company_name,company_ticker,company_lei,company_cik,year,quarter,start_date,end_date,filing_date,basicdilutedeps,basiceps,cashdividendspershare,dilutedeps,incometaxexpense,netincome,netincomecontinuing,netincometocommon,netincometononcontrollinginterest,operatingcostofrevenue,operatingrevenue,othergains,otherincome,rdexpense,sgaexpense,totalcostofrevenue,totalgrossprofit,totalinterestexpense,totaloperatingexpenses,totaloperatingincome,totalotherincome,totalpretaxincome,totalrevenue,weightedavebasicdilutedsharesos,weightedavebasicsharesos,weightedavedilutedsharesos
Deere & Co,DE,PWFTNG3EI0Y73OXWDH08,315189,2007.0,FY,2006-11-01,2007-10-31,2009-12-17 10:42:28+00:00,4.05,4.05,0.91,4.0,883000000.0,1821700000.0,1821700000.0,1821700000.0,,16252800000.0,23543900000.0,29200000.0,538300000.0,816800000.0,3185900000.0,16252800000.0,7291100000.0,1151200000.0,4002700000.0,3288400000.0,-612900000.0,2675500000.0,23543900000.0,449800000.0,449300000.0,455000000.0
Deere & Co,DE,PWFTNG3EI0Y73OXWDH08,315189,2008.0,FY,2007-11-01,2008-10-31,2010-12-17 11:19:30+00:00,4.76,4.76,1.06,4.7,1111200000.0,2053700000.0,2053700000.0,2052800000.0,900000.0,19574800000.0,28437600000.0,40200000.0,,943100000.0,3658000000.0,19574800000.0,8862800000.0,1137000000.0,4601100000.0,4261700000.0,-1137000000.0,3124700000.0,28437600000.0,431300000.0,431100000.0,436300000.0
Deere & Co,DE,PWFTNG3EI0Y73OXWDH08,315189,2008.0,Q3,2008-05-01,2008-07-31,2009-08-28 09:50:57+00:00,1.34,1.34,,1.32,307100000.0,575200000.0,575200000.0,575200000.0,,5421900000.0,7581800000.0,13300000.0,156900000.0,238100000.0,939500000.0,5421900000.0,2159900000.0,270200000.0,1177600000.0,982300000.0,-113300000.0,869000000.0,7581800000.0,429300000.0,429300000.0,434400000.0
Deere & Co,DE,PWFTNG3EI0Y73OXWDH08,315189,2009.0,FY,2008-11-01,2009-10-31,2010-12-17 11:19:30+00:00,2.07,2.07,1.12,2.06,460000000.0,872900000.0,872900000.0,873500000.0,-600000.0,16255200000.0,22598200000.0,-6300000.0,514200000.0,977000000.0,3498600000.0,16255200000.0,6343000000.0,1042400000.0,4475600000.0,1867400000.0,-528200000.0,1339200000.0,22598200000.0,422000000.0,422800000.0,424400000.0
Deere & Co,DE,PWFTNG3EI0Y73OXWDH08,315189,2009.0,Q4,2009-08-01,2009-10-31,,-0.53,-0.53,0.28,-0.53,161500000.0,-222800000.0,-222800000.0,-222700000.0,-100000.0,3898700000.0,5199900000.0,-6100000.0,134200000.0,258600000.0,982800000.0,3898700000.0,1301200000.0,249200000.0,1241400000.0,59800000.0,-115000000.0,-55200000.0,5199900000.0,422000000.0,422800000.0,424400000.0
Deere & Co,DE,PWFTNG3EI0Y73OXWDH08,315189,2009.0,Q3YTD,2008-11-01,2009-07-31,,2.59,2.59,0.84,2.59,298500000.0,1095700000.0,1095700000.0,1096200000.0,-500000.0,12356500000.0,17398300000.0,-200000.0,380000000.0,718400000.0,2515800000.0,12356500000.0,5041800000.0,793200000.0,3234200000.0,1807600000.0,-413200000.0,1394400000.0,17398300000.0,424200000.0,422900000.0,424800000.0
Deere & Co,DE,PWFTNG3EI0Y73OXWDH08,315189,2009.0,Q3,2009-05-01,2009-07-31,2010-08-27 10:01:07+00:00,0.99,0.99,0.0,0.99,87900000.0,419500000.0,419500000.0,420000000.0,-500000.0,4057600000.0,5742400000.0,-1300000.0,142200000.0,243300000.0,825700000.0,4057600000.0,1684800000.0,249300000.0,1069000000.0,615800000.0,-107100000.0,508700000.0,5742400000.0,424200000.0,422900000.0,424800000.0
Deere & Co,DE,PWFTNG3EI0Y73OXWDH08,315189,2009.0,Q2YTD,2008-11-01,2009-04-30,,1.6,1.6,0.84,1.6,210600000.0,676200000.0,676200000.0,676200000.0,,8298900000.0,11655900000.0,1100000.0,237800000.0,475100000.0,1690100000.0,8298900000.0,3357000000.0,543900000.0,2165200000.0,1191800000.0,-306100000.0,885700000.0,11655900000.0,421700000.0,422700000.0,423700000.0
Deere & Co,DE,PWFTNG3EI0Y73OXWDH08,315189,2009.0,Q2,2009-02-01,2009-04-30,2010-05-28 09:29:32+00:00,1.12,1.12,,1.11,137100000.0,472200000.0,472200000.0,472300000.0,-100000.0,4756400000.0,6629100000.0,-2600000.0,118700000.0,255700000.0,854400000.0,4756400000.0,1872700000.0,269400000.0,1110100000.0,762600000.0,-150700000.0,611900000.0,6629100000.0,421700000.0,422700000.0,423700000.0
Deere & Co,DE,PWFTNG3EI0Y73OXWDH08,315189,2009.0,Q1,2008-11-01,2009-01-31,2010-03-01 15:52:15+00:00,0.48,0.48,,0.48,73500000.0,204000000.0,204000000.0,203900000.0,100000.0,3542500000.0,5026800000.0,3700000.0,119100000.0,219400000.0,835700000.0,3542500000.0,1484300000.0,274500000.0,1055100000.0,429200000.0,-155400000.0,273800000.0,5026800000.0,424800000.0,422500000.0,423700000.0
Deere & Co,DE,PWFTNG3EI0Y73OXWDH08,315189,2010.0,FY,2009-11-01,2010-10-31,2011-12-19 10:24:03+00:00,4.4,4.4,1.16,4.35,1161600000.0,1874300000.0,1874300000.0,1865000000.0,9300000.0,17398800000.0,26004600000.0,10700000.0,,1052400000.0,3716800000.0,17398800000.0,8605800000.0,811400000.0,4769200000.0,3836600000.0,-811400000.0,3025200000.0,26004600000.0,423900000.0,424000000.0,428600000.0
Deere & Co,DE,PWFTNG3EI0Y73OXWDH08,315189,2010.0,Q4,2010-08-01,2010-10-31,,1.09,1.09,0.32,1.06,295200000.0,459400000.0,459400000.0,457300000.0,2100000.0,4908500000.0,7644400000.0,4300000.0,-442400000.0,294400000.0,1056300000.0,4908500000.0,2735900000.0,192500000.0,1350700000.0,1385200000.0,-634900000.0,750300000.0,7644400000.0,423900000.0,424000000.0,428600000.0
Deere & Co,DE,PWFTNG3EI0Y73OXWDH08,315189,2010.0,Q3YTD,2009-11-01,2010-07-31,,3.32,3.32,0.84,3.32,866400000.0,1414900000.0,1414900000.0,1407700000.0,7200000.0,12490300000.0,18360200000.0,6400000.0,442400000.0,758000000.0,2660500000.0,12490300000.0,5869900000.0,618900000.0,3418500000.0,2451400000.0,-176500000.0,2274900000.0,18360200000.0,425500000.0,424500000.0,429000000.0
Deere & Co,DE,PWFTNG3EI0Y73OXWDH08,315189,2010.0,Q3TTM,2009-08-01,2010-07-31,,2.79,2.79,1.12,2.79,1027900000.0,1192100000.0,1192100000.0,1185000000.0,7100000.0,16389000000.0,23560100000.0,300000.0,576600000.0,1016600000.0,3643300000.0,16389000000.0,7171100000.0,868100000.0,4659900000.0,2511200000.0,-291500000.0,2219700000.0,23560100000.0,425500000.0,424500000.0,429000000.0
Deere & Co,DE,PWFTNG3EI0Y73OXWDH08,315189,2010.0,Q3,2010-05-01,2010-07-31,2011-09-01 15:51:41+00:00,1.45,1.45,0.28,1.44,308100000.0,619500000.0,619500000.0,617000000.0,2500000.0,4519600000.0,6672400000.0,5900000.0,164500000.0,256300000.0,946200000.0,4519600000.0,2152800000.0,193100000.0,1202500000.0,950300000.0,-28600000.0,921700000.0,6672400000.0,425500000.0,424500000.0,429000000.0
Deere & Co,DE,PWFTNG3EI0Y73OXWDH08,315189,2010.0,Q2YTD,2009-11-01,2010-04-30,,1.86,1.86,0.56,1.86,558300000.0,795400000.0,795400000.0,790700000.0,4700000.0,7970700000.0,11687800000.0,500000.0,277900000.0,501700000.0,1714300000.0,7970700000.0,3717100000.0,425800000.0,2216000000.0,1501100000.0,-147900000.0,1353200000.0,11687800000.0,424400000.0,424400000.0,429000000.0
Deere & Co,DE,PWFTNG3EI0Y73OXWDH08,315189,2010.0,Q2TTM,2009-05-01,2010-04-30,,2.33,2.33,0.84,2.33,807700000.0,992100000.0,992100000.0,988000000.0,4100000.0,15927000000.0,22630100000.0,-6900000.0,554300000.0,1003600000.0,3522800000.0,15927000000.0,6703100000.0,924300000.0,4526400000.0,2176700000.0,-370000000.0,1806700000.0,22630100000.0,424400000.0,424400000.0,429000000.0
Deere & Co,DE,PWFTNG3EI0Y73OXWDH08,315189,2010.0,Q2,2010-02-01,2010-04-30,2011-05-27 10:17:25+00:00,1.29,1.29,0.28,1.28,448400000.0,549800000.0,549800000.0,547500000.0,2300000.0,4765200000.0,6983300000.0,9300000.0,147600000.0,266000000.0,903500000.0,4765200000.0,2218100000.0,207300000.0,1169500000.0,1048600000.0,-59700000.0,988900000.0,6983300000.0,424400000.0,424400000.0,429000000.0
Deere & Co,DE,PWFTNG3EI0Y73OXWDH08,315189,2010.0,Q1TTM,2009-02-01,2010-01-31,,2.15,2.15,1.12,2.15,496400000.0,914500000.0,914500000.0,912800000.0,1700000.0,15918200000.0,22275900000.0,-18800000.0,525400000.0,993300000.0,3473700000.0,15918200000.0,6357700000.0,986400000.0,4467000000.0,1890700000.0,-461000000.0,1429700000.0,22275900000.0,426700000.0,423600000.0,427500000.0
Deere & Co,DE,PWFTNG3EI0Y73OXWDH08,315189,2010.0,Q1,2009-11-01,2010-01-31,2011-02-25 12:38:59+00:00,0.57,0.57,0.28,0.57,109900000.0,245600000.0,245600000.0,243200000.0,2400000.0,3205500000.0,4704500000.0,-8800000.0,130300000.0,235700000.0,810800000.0,3205500000.0,1499000000.0,218500000.0,1046500000.0,452500000.0,-88200000.0,364300000.0,4704500000.0,426700000.0,423600000.0,427500000.0
Deere & Co,DE,PWFTNG3EI0Y73OXWDH08,315189,2011.0,Q4,2011-08-01,2011-10-31,,1.63,1.63,0.52,1.62,383000000.0,672000000.0,672000000.0,669600000.0,2400000.0,5926200000.0,8404900000.0,-2000000.0,206800000.0,346800000.0,1101400000.0,5926200000.0,2478700000.0,180300000.0,1448200000.0,1030500000.0,26500000.0,1057000000.0,8404900000.0,417300000.0,417400000.0,422400000.0
Deere & Co,DE,PWFTNG3EI0Y73OXWDH08,315189,2011.0,FY,2010-11-01,2011-10-31,2013-12-16 12:34:48+00:00,6.71,6.71,1.52,6.63,1423600000.0,2807800000.0,2807800000.0,2799900000.0,7900000.0,21919400000.0,31388700000.0,8600000.0,623800000.0,1226200000.0,3884700000.0,21919400000.0,9469300000.0,759400000.0,5110900000.0,4358400000.0,-135600000.0,4222800000.0,31388700000.0,417300000.0,417400000.0,422400000.0
Deere & Co,DE,PWFTNG3EI0Y73OXWDH08,315189,2011.0,Q3YTD,2010-11-01,2011-07-31,,5.08,5.08,1.0,5.01,1040600000.0,2135800000.0,2135800000.0,2130300000.0,5500000.0,15993200000.0,22983800000.0,10600000.0,417000000.0,879400000.0,2783300000.0,15993200000.0,6990600000.0,579100000.0,3662700000.0,3327900000.0,-162100000.0,3165800000.0,22983800000.0,416500000.0,417400000.0,422000000.0
Deere & Co,DE,PWFTNG3EI0Y73OXWDH08,315189,2011.0,Q3TTM,2010-08-01,2011-07-31,,6.17,6.17,1.32,6.07,1335800000.0,2595200000.0,2595200000.0,2587600000.0,7600000.0,20901700000.0,30628200000.0,14900000.0,-25400000.0,1173800000.0,3839600000.0,20901700000.0,9726500000.0,771600000.0,5013400000.0,4713100000.0,-797000000.0,3916100000.0,30628200000.0,416500000.0,417400000.0,422000000.0
Deere & Co,DE,PWFTNG3EI0Y73OXWDH08,315189,2011.0,Q3,2011-05-01,2011-07-31,2012-08-30 13:57:29+00:00,1.71,1.71,0.35,1.69,369500000.0,714800000.0,714800000.0,712300000.0,2500000.0,5792200000.0,8213800000.0,5200000.0,158100000.0,312000000.0,1004300000.0,5792200000.0,2421600000.0,184300000.0,1316300000.0,1105300000.0,-26200000.0,1079100000.0,8213800000.0,416500000.0,417400000.0,422000000.0
Deere & Co,DE,PWFTNG3EI0Y73OXWDH08,315189,2011.0,Q2YTD,2010-11-01,2011-04-30,,3.37,3.37,0.65,3.32,671100000.0,1421000000.0,1421000000.0,1418000000.0,3000000.0,10201000000.0,14770000000.0,5400000.0,258900000.0,567400000.0,1779000000.0,10201000000.0,4569000000.0,394800000.0,2346400000.0,2222600000.0,-135900000.0,2086700000.0,14770000000.0,420600000.0,420700000.0,426400000.0
Deere & Co,DE,PWFTNG3EI0Y73OXWDH08,315189,2011.0,Q2TTM,2010-05-01,2011-04-30,,5.91,5.91,1.25,5.82,1274400000.0,2499900000.0,2499900000.0,2492300000.0,7600000.0,19629100000.0,29086800000.0,15600000.0,-19000000.0,1118100000.0,3781500000.0,19629100000.0,9457700000.0,780400000.0,4899600000.0,4558100000.0,-799400000.0,3758700000.0,29086800000.0,420600000.0,420700000.0,426400000.0
Deere & Co,DE,PWFTNG3EI0Y73OXWDH08,315189,2011.0,Q2,2011-02-01,2011-04-30,2012-05-31 14:11:07+00:00,2.15,2.15,0.35,2.12,438900000.0,906700000.0,906700000.0,904300000.0,2400000.0,6106900000.0,8796100000.0,4900000.0,113600000.0,298500000.0,971300000.0,6106900000.0,2689200000.0,192300000.0,1269800000.0,1419400000.0,-78700000.0,1340700000.0,8796100000.0,420600000.0,420700000.0,426400000.0
Deere & Co,DE,PWFTNG3EI0Y73OXWDH08,315189,2011.0,Q1TTM,2010-02-01,2011-01-31,,5.05,5.05,1.18,4.98,1283900000.0,2143000000.0,2143000000.0,2135500000.0,7500000.0,18287400000.0,27274000000.0,20000000.0,15000000.0,1085600000.0,3713700000.0,18287400000.0,8986600000.0,795400000.0,4799300000.0,4187300000.0,-780400000.0,3406900000.0,27274000000.0,421100000.0,421800000.0,427500000.0
Deere & Co,DE,PWFTNG3EI0Y73OXWDH08,315189,2011.0,Q1,2010-11-01,2011-01-31,2012-03-01 15:18:09+00:00,1.22,1.22,0.3,1.2,232200000.0,514300000.0,514300000.0,513700000.0,600000.0,4094100000.0,5973900000.0,500000.0,145300000.0,268900000.0,807700000.0,4094100000.0,1879800000.0,202500000.0,1076600000.0,803200000.0,-57200000.0,746000000.0,5973900000.0,421100000.0,421800000.0,427500000.0
Deere & Co,DE,PWFTNG3EI0Y73OXWDH08,315189,2012.0,FY,2011-11-01,2012-10-31,2014-12-19 10:46:48+00:00,7.72,7.72,1.79,7.63,1659400000.0,3071600000.0,3071600000.0,3064700000.0,6900000.0,25007800000.0,36157100000.0,-3400000.0,,1433600000.0,4198500000.0,25007800000.0,11149300000.0,782800000.0,5632100000.0,5517200000.0,-782800000.0,4734400000.0,36157100000.0,397000000.0,397100000.0,401500000.0
Deere & Co,DE,PWFTNG3EI0Y73OXWDH08,315189,2012.0,Q4,2012-08-01,2012-10-31,,1.76,1.76,0.51,1.74,425100000.0,688900000.0,688900000.0,687600000.0,1300000.0,6841300000.0,10251000000.0,-8400000.0,-459400000.0,401300000.0,1226500000.0,6841300000.0,3409700000.0,200100000.0,1627800000.0,1781900000.0,-659500000.0,1122400000.0,10251000000.0,397000000.0,397100000.0,401500000.0
Deere & Co,DE,PWFTNG3EI0Y73OXWDH08,315189,2012.0,Q3YTD,2011-11-01,2012-07-31,,5.96,5.96,1.28,5.89,1234300000.0,2382700000.0,2382700000.0,2377100000.0,5600000.0,18166500000.0,25906100000.0,5000000.0,459400000.0,1032300000.0,2972000000.0,18166500000.0,7739600000.0,582700000.0,4004300000.0,3735300000.0,-123300000.0,3612000000.0,25906100000.0,394000000.0,394700000.0,398800000.0
Deere & Co,DE,PWFTNG3EI0Y73OXWDH08,315189,2012.0,Q3TTM,2011-08-01,2012-07-31,,7.59,7.59,1.8,7.51,1617300000.0,3054700000.0,3054700000.0,3046700000.0,8000000.0,24092700000.0,34311000000.0,3000000.0,666200000.0,1379100000.0,4073400000.0,24092700000.0,10218300000.0,763000000.0,5452500000.0,4765800000.0,-96800000.0,4669000000.0,34311000000.0,394000000.0,394700000.0,398800000.0
Deere & Co,DE,PWFTNG3EI0Y73OXWDH08,315189,2012.0,Q3,2012-05-01,2012-07-31,2013-08-29 12:56:43+00:00,2.0,2.0,0.46,1.98,426800000.0,790200000.0,790200000.0,788000000.0,2200000.0,6756000000.0,9423500000.0,2300000.0,166900000.0,367800000.0,1057000000.0,6756000000.0,2667500000.0,194900000.0,1424800000.0,1242700000.0,-28000000.0,1214700000.0,9423500000.0,394000000.0,394700000.0,398800000.0
Deere & Co,DE,PWFTNG3EI0Y73OXWDH08,315189,2012.0,Q2YTD,2011-11-01,2012-04-30,,3.96,3.96,0.82,3.91,807500000.0,1592500000.0,1592500000.0,1589100000.0,3400000.0,11410500000.0,16482600000.0,2700000.0,292500000.0,664500000.0,1915000000.0,11410500000.0,5072100000.0,387800000.0,2579500000.0,2492600000.0,-95300000.0,2397300000.0,16482600000.0,400100000.0,400200000.0,404700000.0
Deere & Co,DE,PWFTNG3EI0Y73OXWDH08,315189,2012.0,Q2TTM,2011-05-01,2012-04-30,,7.3,7.3,1.69,7.22,1560000000.0,2979300000.0,2979300000.0,2971000000.0,8300000.0,23128900000.0,33101300000.0,5900000.0,657400000.0,1323300000.0,4020700000.0,23128900000.0,9972400000.0,752400000.0,5344000000.0,4628400000.0,-95000000.0,4533400000.0,33101300000.0,400100000.0,400200000.0,404700000.0
Deere & Co,DE,PWFTNG3EI0Y73OXWDH08,315189,2012.0,Q2,2012-02-01,2012-04-30,2013-05-30 12:23:10+00:00,2.64,2.64,0.41,2.61,541300000.0,1058100000.0,1058100000.0,1056200000.0,1900000.0,6834500000.0,9888500000.0,2400000.0,120100000.0,352000000.0,1029400000.0,6834500000.0,3054000000.0,195700000.0,1381400000.0,1672600000.0,-75600000.0,1597000000.0,9888500000.0,400100000.0,400200000.0,404700000.0
Deere & Co,DE,PWFTNG3EI0Y73OXWDH08,315189,2012.0,Q1TTM,2011-02-01,2012-01-31,,6.81,6.81,1.63,6.73,1457600000.0,2827900000.0,2827900000.0,2819100000.0,8800000.0,22401300000.0,32008900000.0,8400000.0,650900000.0,1269800000.0,3962600000.0,22401300000.0,9607600000.0,749000000.0,5232400000.0,4375200000.0,-98100000.0,4277100000.0,32008900000.0,403700000.0,404000000.0,408400000.0
Deere & Co,DE,PWFTNG3EI0Y73OXWDH08,315189,2012.0,Q1,2011-11-01,2012-01-31,2013-02-28 13:53:37+00:00,1.32,1.32,0.41,1.3,266200000.0,534400000.0,534400000.0,532900000.0,1500000.0,4576000000.0,6594100000.0,300000.0,172400000.0,312500000.0,885600000.0,4576000000.0,2018100000.0,192100000.0,1198100000.0,820000000.0,-19700000.0,800300000.0,6594100000.0,403700000.0,404000000.0,408400000.0
Deere & Co,DE,PWFTNG3EI0Y73OXWDH08,315189,2013.0,FY,2012-11-01,2013-10-31,2015-12-18 13:02:26+00:00,9.18,9.18,1.99,9.09,1945900000.0,3537600000.0,3537600000.0,3537300000.0,300000.0,25667300000.0,37795400000.0,100000.0,,1477300000.0,4426100000.0,25667300000.0,12128100000.0,741300000.0,5903400000.0,6224700000.0,-741300000.0,5483400000.0,37795400000.0,385300000.0,385300000.0,389200000.0
Deere & Co,DE,PWFTNG3EI0Y73OXWDH08,315189,2013.0,Q4,2013-08-01,2013-10-31,,2.14,2.14,0.56,2.12,437000000.0,807100000.0,807100000.0,806900000.0,200000.0,6332400000.0,9877900000.0,-100000.0,-427300000.0,405300000.0,1281100000.0,6332400000.0,3545500000.0,187600000.0,1686400000.0,1859100000.0,-614900000.0,1244200000.0,9877900000.0,385300000.0,385300000.0,389200000.0
Deere & Co,DE,PWFTNG3EI0Y73OXWDH08,315189,2013.0,Q3YTD,2012-11-01,2013-07-31,,7.04,7.04,1.43,6.97,1508900000.0,2730500000.0,2730500000.0,2730400000.0,100000.0,19334900000.0,27917500000.0,200000.0,427300000.0,1072000000.0,3145000000.0,19334900000.0,8582600000.0,553700000.0,4217000000.0,4365600000.0,-126400000.0,4239200000.0,27917500000.0,386200000.0,386000000.0,389600000.0
Deere & Co,DE,PWFTNG3EI0Y73OXWDH08,315189,2013.0,Q3TTM,2012-08-01,2013-07-31,,8.8,8.8,1.94,8.71,1934000000.0,3419400000.0,3419400000.0,3418000000.0,1400000.0,26176200000.0,38168500000.0,-8200000.0,-32100000.0,1473300000.0,4371500000.0,26176200000.0,11992300000.0,753800000.0,5844800000.0,6147500000.0,-785900000.0,5361600000.0,38168500000.0,386200000.0,386000000.0,389600000.0
Deere & Co,DE,PWFTNG3EI0Y73OXWDH08,315189,2013.0,Q3,2013-05-01,2013-07-31,2014-08-28 13:10:16+00:00,2.58,2.58,0.51,2.56,553500000.0,996600000.0,996600000.0,996500000.0,100000.0,6837900000.0,9846500000.0,800000.0,163400000.0,338700000.0,1101400000.0,6837900000.0,3008600000.0,182600000.0,1440100000.0,1568500000.0,-19200000.0,1549300000.0,9846500000.0,386200000.0,386000000.0,389600000.0
Deere & Co,DE,PWFTNG3EI0Y73OXWDH08,315189,2013.0,Q2YTD,2012-11-01,2013-04-30,,4.46,4.46,0.92,4.41,955400000.0,1733900000.0,1733900000.0,1733900000.0,,12497000000.0,18071000000.0,-600000.0,263900000.0,733300000.0,2043600000.0,12497000000.0,5574000000.0,371100000.0,2776900000.0,2797100000.0,-107200000.0,2689900000.0,18071000000.0,388600000.0,389200000.0,393100000.0
Deere & Co,DE,PWFTNG3EI0Y73OXWDH08,315189,2013.0,Q2TTM,2012-05-01,2013-04-30,,8.22,8.22,1.89,8.13,1807300000.0,3213000000.0,3213000000.0,3209500000.0,3500000.0,26094300000.0,37745500000.0,-6700000.0,-28600000.0,1502400000.0,4327100000.0,26094300000.0,11651200000.0,766100000.0,5829500000.0,5821700000.0,-794700000.0,5027000000.0,37745500000.0,388600000.0,389200000.0,393100000.0
Deere & Co,DE,PWFTNG3EI0Y73OXWDH08,315189,2013.0,Q2,2013-02-01,2013-04-30,2014-05-29 14:22:20+00:00,2.79,2.79,0.46,2.76,666400000.0,1084300000.0,1084300000.0,1084200000.0,100000.0,7482200000.0,10777200000.0,6900000.0,136300000.0,376800000.0,1119700000.0,7482200000.0,3295000000.0,191000000.0,1496500000.0,1798500000.0,-54700000.0,1743800000.0,10777200000.0,388600000.0,389200000.0,393100000.0
Deere & Co,DE,PWFTNG3EI0Y73OXWDH08,315189,2013.0,Q1TTM,2012-02-01,2013-01-31,,8.07,8.07,1.84,7.98,1682200000.0,3186800000.0,3186800000.0,3181500000.0,5300000.0,25446600000.0,36856800000.0,-11200000.0,-44800000.0,1477600000.0,4236800000.0,25446600000.0,11410200000.0,770800000.0,5714400000.0,5695800000.0,-815600000.0,4880200000.0,36856800000.0,389000000.0,388400000.0,393000000.0
Deere & Co,DE,PWFTNG3EI0Y73OXWDH08,315189,2013.0,Q1,2012-11-01,2013-01-31,2014-02-27 11:25:04+00:00,1.67,1.67,0.46,1.65,289000000.0,649600000.0,649600000.0,649700000.0,-100000.0,5014800000.0,7293800000.0,-7500000.0,127600000.0,356500000.0,923900000.0,5014800000.0,2279000000.0,180100000.0,1280400000.0,998600000.0,-52500000.0,946100000.0,7293800000.0,389000000.0,388400000.0,393000000.0
Deere & Co,DE,PWFTNG3EI0Y73OXWDH08,315189,2014.0,FY,2013-11-01,2014-10-31,2016-02-01 14:46:56+00:00,8.71,8.71,2.22,8.63,1626500000.0,3163300000.0,3163300000.0,3161700000.0,1600000.0,24775800000.0,36066900000.0,-7600000.0,,1452000000.0,4377700000.0,24775800000.0,11291100000.0,664000000.0,5829700000.0,5461400000.0,-664000000.0,4797400000.0,36066900000.0,363000000.0,363000000.0,366100000.0
Deere & Co,DE,PWFTNG3EI0Y73OXWDH08,315189,2014.0,Q4,2014-08-01,2014-10-31,,1.86,1.86,0.69,1.84,416800000.0,649900000.0,649900000.0,649200000.0,700000.0,6097200000.0,8964800000.0,-9800000.0,,412100000.0,1206400000.0,6097200000.0,2867600000.0,172600000.0,1618500000.0,1249100000.0,-172600000.0,1076500000.0,8964800000.0,363000000.0,363000000.0,366100000.0
Deere & Co,DE,PWFTNG3EI0Y73OXWDH08,315189,2014.0,Q3YTD,2013-11-01,2014-07-31,,6.85,6.85,1.53,6.79,1209700000.0,2513400000.0,2513400000.0,2512500000.0,900000.0,18678600000.0,27102100000.0,2200000.0,,1039900000.0,3171300000.0,18678600000.0,8423500000.0,491400000.0,4211200000.0,4212300000.0,-491400000.0,3720900000.0,27102100000.0,362000000.0,361900000.0,365100000.0
Deere & Co,DE,PWFTNG3EI0Y73OXWDH08,315189,2014.0,Q3TTM,2013-08-01,2014-07-31,,8.99,8.99,2.09,8.91,1646700000.0,3320500000.0,3320500000.0,3319400000.0,1100000.0,25011000000.0,36980000000.0,2100000.0,-427300000.0,1445200000.0,4452400000.0,25011000000.0,11969000000.0,679000000.0,5897600000.0,6071400000.0,-1106300000.0,4965100000.0,36980000000.0,362000000.0,361900000.0,365100000.0
Deere & Co,DE,PWFTNG3EI0Y73OXWDH08,315189,2014.0,Q3,2014-05-01,2014-07-31,2015-08-27 09:31:07+00:00,2.35,2.35,0.51,2.33,450200000.0,850900000.0,850900000.0,850700000.0,200000.0,6611300000.0,9500200000.0,8900000.0,,362100000.0,1080700000.0,6611300000.0,2888900000.0,153900000.0,1442800000.0,1446100000.0,-153900000.0,1292200000.0,9500200000.0,362000000.0,361900000.0,365100000.0
Deere & Co,DE,PWFTNG3EI0Y73OXWDH08,315189,2014.0,Q2YTD,2013-11-01,2014-04-30,,4.5,4.5,1.02,4.46,759500000.0,1662500000.0,1662500000.0,1661800000.0,700000.0,12067300000.0,17601900000.0,-6700000.0,,677800000.0,2090600000.0,12067300000.0,5534600000.0,337500000.0,2768400000.0,2766200000.0,-337500000.0,2428700000.0,17601900000.0,367300000.0,366600000.0,369800000.0
Deere & Co,DE,PWFTNG3EI0Y73OXWDH08,315189,2014.0,Q2TTM,2013-05-01,2014-04-30,,9.22,9.22,2.09,9.14,1750000000.0,3466200000.0,3466200000.0,3465200000.0,1000000.0,25237600000.0,37326300000.0,-6000000.0,-263900000.0,1421800000.0,4473100000.0,25237600000.0,12088700000.0,707700000.0,5894900000.0,6193800000.0,-971600000.0,5222200000.0,37326300000.0,367300000.0,366600000.0,369800000.0
Deere & Co,DE,PWFTNG3EI0Y73OXWDH08,315189,2014.0,Q2,2014-02-01,2014-04-30,2015-05-28 09:21:55+00:00,2.67,2.67,0.51,2.65,479000000.0,981200000.0,981200000.0,980700000.0,500000.0,6871800000.0,9947900000.0,-3600000.0,,354100000.0,1092400000.0,6871800000.0,3076100000.0,165800000.0,1446500000.0,1629600000.0,-165800000.0,1463800000.0,9947900000.0,367300000.0,366600000.0,369800000.0
Deere & Co,DE,PWFTNG3EI0Y73OXWDH08,315189,2014.0,Q1TTM,2013-02-01,2014-01-31,,9.34,9.34,2.04,9.25,1937400000.0,3569300000.0,3569300000.0,3568700000.0,600000.0,25848000000.0,38155600000.0,4500000.0,-127600000.0,1444500000.0,4500400000.0,25848000000.0,12307600000.0,732900000.0,5944900000.0,6362700000.0,-860500000.0,5502200000.0,38155600000.0,372200000.0,371900000.0,375400000.0
Deere & Co,DE,PWFTNG3EI0Y73OXWDH08,315189,2014.0,Q1,2013-11-01,2014-01-31,2015-02-26 10:01:51+00:00,1.83,1.83,0.51,1.81,280500000.0,681300000.0,681300000.0,681100000.0,200000.0,5195500000.0,7654000000.0,-3100000.0,,323700000.0,998200000.0,5195500000.0,2458500000.0,171700000.0,1321900000.0,1136600000.0,-171700000.0,964900000.0,7654000000.0,372200000.0,371900000.0,375400000.0
Deere & Co,DE,PWFTNG3EI0Y73OXWDH08,315189,2015.0,FY,2014-11-01,2015-11-01,2017-12-18 11:40:12+00:00,5.81,5.81,2.4,5.77,840100000.0,1940900000.0,1940900000.0,1940000000.0,900000.0,20143200000.0,28862800000.0,900000.0,,1425100000.0,3834400000.0,20143200000.0,8719600000.0,680000000.0,5259500000.0,3460100000.0,-680000000.0,2780100000.0,28862800000.0,333900000.0,333600000.0,336000000.0
Deere & Co,DE,PWFTNG3EI0Y73OXWDH08,315189,2015.0,Q4,2015-08-01,2015-11-01,,1.09,1.09,0.6,1.09,104600000.0,351500000.0,351500000.0,351100000.0,400000.0,4670400000.0,6715300000.0,-900000.0,,404000000.0,1021000000.0,4670400000.0,2044900000.0,162900000.0,1425000000.0,619900000.0,-162900000.0,457000000.0,6715300000.0,333900000.0,333600000.0,336000000.0
Deere & Co,DE,PWFTNG3EI0Y73OXWDH08,315189,2015.0,Q3,2015-05-01,2015-07-31,2016-09-01 14:06:26+00:00,1.54,1.54,0.6,1.53,241000000.0,511700000.0,511700000.0,511600000.0,100000.0,5358000000.0,7593700000.0,14200000.0,,346800000.0,978900000.0,5358000000.0,2235700000.0,171500000.0,1325700000.0,910000000.0,-171500000.0,738500000.0,7593700000.0,332200000.0,331400000.0,334100000.0
Deere & Co,DE,PWFTNG3EI0Y73OXWDH08,315189,2015.0,Q3YTD,2014-11-01,2015-07-31,,4.72,4.72,1.8,4.68,735500000.0,1589400000.0,1589400000.0,1588900000.0,500000.0,15472800000.0,22147500000.0,1800000.0,,1021100000.0,2813400000.0,15472800000.0,6674700000.0,517100000.0,3834500000.0,2840200000.0,-517100000.0,2323100000.0,22147500000.0,332200000.0,331400000.0,334100000.0
Deere & Co,DE,PWFTNG3EI0Y73OXWDH08,315189,2015.0,Q3TTM,2014-08-01,2015-07-31,,6.58,6.58,2.49,6.52,1152300000.0,2239300000.0,2239300000.0,2238100000.0,1200000.0,21570000000.0,31112300000.0,-8000000.0,,1433200000.0,4019800000.0,21570000000.0,9542300000.0,689700000.0,5453000000.0,4089300000.0,-689700000.0,3399600000.0,31112300000.0,332200000.0,331400000.0,334100000.0
Deere & Co,DE,PWFTNG3EI0Y73OXWDH08,315189,2015.0,Q2,2015-02-01,2015-04-30,2016-05-26 14:51:02+00:00,2.05,2.05,0.6,2.03,324000000.0,690800000.0,690800000.0,690500000.0,300000.0,5694200000.0,8170700000.0,-2200000.0,,341100000.0,952900000.0,5694200000.0,2476500000.0,165500000.0,1294000000.0,1182500000.0,-165500000.0,1017000000.0,8170700000.0,336800000.0,337100000.0,339700000.0
Deere & Co,DE,PWFTNG3EI0Y73OXWDH08,315189,2015.0,Q2YTD,2014-11-01,2015-04-30,,3.18,3.18,1.2,3.15,494500000.0,1077700000.0,1077700000.0,1077300000.0,400000.0,10114800000.0,14553800000.0,-12400000.0,,674300000.0,1834500000.0,10114800000.0,4439000000.0,345600000.0,2508800000.0,1930200000.0,-345600000.0,1584600000.0,14553800000.0,336800000.0,337100000.0,339700000.0
Deere & Co,DE,PWFTNG3EI0Y73OXWDH08,315189,2015.0,Q2TTM,2014-05-01,2015-04-30,,7.39,7.39,2.4,7.32,1361500000.0,2578500000.0,2578500000.0,2577200000.0,1300000.0,22823300000.0,33018800000.0,-13300000.0,,1448500000.0,4121600000.0,22823300000.0,10195500000.0,672100000.0,5570100000.0,4625400000.0,-672100000.0,3953300000.0,33018800000.0,336800000.0,337100000.0,339700000.0
Deere & Co,DE,PWFTNG3EI0Y73OXWDH08,315189,2015.0,Q1,2014-11-01,2015-01-31,2016-02-25 15:41:35+00:00,1.13,1.13,0.6,1.12,170500000.0,386900000.0,386900000.0,386800000.0,100000.0,4420600000.0,6383100000.0,-10200000.0,,333200000.0,881600000.0,4420600000.0,1962500000.0,180100000.0,1214800000.0,747700000.0,-180100000.0,567600000.0,6383100000.0,342300000.0,343100000.0,345700000.0
Deere & Co,DE,PWFTNG3EI0Y73OXWDH08,315189,2015.0,Q1TTM,2014-02-01,2015-01-31,,8.01,8.01,2.31,7.94,1516500000.0,2868900000.0,2868900000.0,2867400000.0,1500000.0,24000900000.0,34796000000.0,-14700000.0,,1461500000.0,4261100000.0,24000900000.0,10795100000.0,672400000.0,5722600000.0,5072500000.0,-672400000.0,4400100000.0,34796000000.0,342300000.0,343100000.0,345700000.0
Deere & Co,DE,PWFTNG3EI0Y73OXWDH08,315189,2016.0,FY,2015-11-01,2016-10-30,2018-12-17 12:00:46+00:00,4.83,4.83,2.4,4.81,700100000.0,1521500000.0,1521500000.0,1523900000.0,-2400000.0,19471400000.0,26644000000.0,-2400000.0,,1393700000.0,2791200000.0,19471400000.0,7172600000.0,763700000.0,4184900000.0,2987700000.0,-763700000.0,2224000000.0,26644000000.0,315500000.0,315200000.0,316600000.0
Deere & Co,DE,PWFTNG3EI0Y73OXWDH08,315189,2016.0,Q4,2016-08-01,2016-10-30,,0.91,0.91,0.6,0.9,140300000.0,284400000.0,284400000.0,285300000.0,-900000.0,5606100000.0,6519700000.0,-9700000.0,,390600000.0,-110200000.0,5606100000.0,913600000.0,198800000.0,280400000.0,633200000.0,-198800000.0,434400000.0,6519700000.0,315500000.0,315200000.0,316600000.0
Deere & Co,DE,PWFTNG3EI0Y73OXWDH08,315189,2016.0,Q3,2016-05-01,2016-07-31,2017-08-31 15:04:10+00:00,1.55,1.55,0.6,1.55,226500000.0,488600000.0,488600000.0,488800000.0,-200000.0,4494200000.0,6724400000.0,10000000.0,,338800000.0,985600000.0,4494200000.0,2230200000.0,200700000.0,1324400000.0,905800000.0,-200700000.0,705100000.0,6724400000.0,315400000.0,314300000.0,315700000.0
Deere & Co,DE,PWFTNG3EI0Y73OXWDH08,315189,2016.0,Q3YTD,2015-11-01,2016-07-31,,3.92,3.92,1.8,3.91,559800000.0,1237100000.0,1237100000.0,1238600000.0,-1500000.0,13865300000.0,20124300000.0,7300000.0,,1003100000.0,2901400000.0,13865300000.0,6259000000.0,564900000.0,3904500000.0,2354500000.0,-564900000.0,1789600000.0,20124300000.0,315400000.0,314300000.0,315700000.0
Deere & Co,DE,PWFTNG3EI0Y73OXWDH08,315189,2016.0,Q3TTM,2015-08-01,2016-07-31,,5.01,5.01,2.4,5.0,664400000.0,1588600000.0,1588600000.0,1589700000.0,-1100000.0,18535700000.0,26839600000.0,6400000.0,,1407100000.0,3922400000.0,18535700000.0,8303900000.0,727800000.0,5329500000.0,2974400000.0,-727800000.0,2246600000.0,26839600000.0,315400000.0,314300000.0,315700000.0
Deere & Co,DE,PWFTNG3EI0Y73OXWDH08,315189,2016.0,Q2,2016-02-01,2016-05-01,2017-06-02 08:37:57+00:00,1.57,1.57,0.6,1.56,237800000.0,494700000.0,494700000.0,495400000.0,-700000.0,5531000000.0,7875400000.0,-800000.0,,345000000.0,1075100000.0,5531000000.0,2344400000.0,191000000.0,1420100000.0,924300000.0,-191000000.0,733300000.0,7875400000.0,315500000.0,315100000.0,316500000.0
Deere & Co,DE,PWFTNG3EI0Y73OXWDH08,315189,2016.0,Q2YTD,2015-11-01,2016-05-01,,2.37,2.37,1.2,2.36,333300000.0,748500000.0,748500000.0,749800000.0,-1300000.0,9371100000.0,13399900000.0,-2700000.0,,664300000.0,1915800000.0,9371100000.0,4028800000.0,364200000.0,2580100000.0,1448700000.0,-364200000.0,1084500000.0,13399900000.0,315500000.0,315100000.0,316500000.0
Deere & Co,DE,PWFTNG3EI0Y73OXWDH08,315189,2016.0,Q2TTM,2015-05-01,2016-05-01,,5.0,5.0,2.4,4.98,678900000.0,1611700000.0,1611700000.0,1612500000.0,-800000.0,19399500000.0,27708900000.0,10600000.0,,1415100000.0,3915700000.0,19399500000.0,8309400000.0,698600000.0,5330800000.0,2978600000.0,-698600000.0,2280000000.0,27708900000.0,315500000.0,315100000.0,316500000.0
Deere & Co,DE,PWFTNG3EI0Y73OXWDH08,315189,2016.0,Q1,2015-11-01,2016-01-31,2017-02-24 10:44:56+00:00,0.8,0.8,0.6,0.8,95500000.0,253800000.0,253800000.0,254400000.0,-600000.0,3840100000.0,5524500000.0,-1900000.0,,319300000.0,840700000.0,3840100000.0,1684400000.0,173200000.0,1160000000.0,524400000.0,-173200000.0,351200000.0,5524500000.0,318000000.0,316400000.0,317600000.0
Deere & Co,DE,PWFTNG3EI0Y73OXWDH08,315189,2016.0,Q1TTM,2015-02-01,2016-01-31,,5.48,5.48,2.4,5.45,765100000.0,1807800000.0,1807800000.0,1807600000.0,200000.0,19562700000.0,28004200000.0,9200000.0,,1411200000.0,3793500000.0,19562700000.0,8441500000.0,673100000.0,5204700000.0,3236800000.0,-673100000.0,2563700000.0,28004200000.0,318000000.0,316400000.0,317600000.0
Deere & Co,DE,PWFTNG3EI0Y73OXWDH08,315189,2017.0,FY,2016-10-31,2017-10-29,2019-12-19 15:37:52+00:00,6.76,6.76,2.4,6.68,971000000.0,2159000000.0,2159000000.0,2159000000.0,0.0,21214000000.0,29738000000.0,-24000000.0,,1373000000.0,3098000000.0,21214000000.0,8524000000.0,899000000.0,4471000000.0,4053000000.0,-899000000.0,3154000000.0,29738000000.0,319400000.0,319500000.0,323300000.0
Deere & Co,DE,PWFTNG3EI0Y73OXWDH08,315189,2017.0,Q4,2017-07-31,2017-10-29,,1.6,1.6,0.6,1.59,222800000.0,510000000.0,510000000.0,509700000.0,300000.0,6756200000.0,8018000000.0,-34000000.0,,398700000.0,-151400000.0,6756200000.0,1261800000.0,247700000.0,247300000.0,1014500000.0,-247700000.0,766800000.0,8018000000.0,319400000.0,319500000.0,323300000.0
Deere & Co,DE,PWFTNG3EI0Y73OXWDH08,315189,2017.0,Q3,2017-05-01,2017-07-30,2018-08-30 14:47:13+00:00,2.0,2.0,0.6,1.97,253200000.0,642300000.0,642300000.0,641800000.0,500000.0,5248600000.0,7807800000.0,5600000.0,,336800000.0,1116200000.0,5248600000.0,2559200000.0,216300000.0,1453000000.0,1106200000.0,-216300000.0,889900000.0,7807800000.0,320900000.0,320800000.0,325100000.0
Deere & Co,DE,PWFTNG3EI0Y73OXWDH08,315189,2017.0,Q3YTD,2016-10-31,2017-07-30,,5.16,5.16,1.8,5.09,748200000.0,1649000000.0,1649000000.0,1649300000.0,-300000.0,14457800000.0,21720000000.0,10000000.0,,974300000.0,3249400000.0,14457800000.0,7262200000.0,651300000.0,4223700000.0,3038500000.0,-651300000.0,2387200000.0,21720000000.0,320900000.0,320800000.0,325100000.0
Deere & Co,DE,PWFTNG3EI0Y73OXWDH08,315189,2017.0,Q3TTM,2016-08-01,2017-07-30,,6.07,6.07,2.4,5.99,888500000.0,1933400000.0,1933400000.0,1934600000.0,-1200000.0,20063900000.0,28239700000.0,300000.0,,1364900000.0,3139200000.0,20063900000.0,8175800000.0,850100000.0,4504100000.0,3671700000.0,-850100000.0,2821600000.0,28239700000.0,320900000.0,320800000.0,325100000.0
Deere & Co,DE,PWFTNG3EI0Y73OXWDH08,315189,2017.0,Q2,2017-01-30,2017-04-30,2018-05-31 13:41:42+00:00,2.53,2.53,0.6,2.5,365800000.0,808300000.0,808300000.0,808500000.0,-200000.0,5427700000.0,8287000000.0,4800000.0,,325400000.0,1137700000.0,5427700000.0,2859300000.0,226900000.0,1463100000.0,1396200000.0,-226900000.0,1169300000.0,8287000000.0,319600000.0,319200000.0,323000000.0
Deere & Co,DE,PWFTNG3EI0Y73OXWDH08,315189,2017.0,Q2YTD,2016-10-31,2017-04-30,,3.16,3.16,1.2,3.12,495000000.0,1006700000.0,1006700000.0,1007500000.0,-800000.0,9209200000.0,13912200000.0,4400000.0,,637500000.0,2133200000.0,9209200000.0,4703000000.0,435000000.0,2770700000.0,1932300000.0,-435000000.0,1497300000.0,13912200000.0,319600000.0,319200000.0,323000000.0
Deere & Co,DE,PWFTNG3EI0Y73OXWDH08,315189,2017.0,Q2TTM,2016-05-01,2017-04-30,,5.62,5.62,2.4,5.57,861800000.0,1779700000.0,1779700000.0,1781600000.0,-1900000.0,19309500000.0,27156300000.0,4700000.0,,1366900000.0,3008600000.0,19309500000.0,7846800000.0,834500000.0,4375500000.0,3471300000.0,-834500000.0,2636800000.0,27156300000.0,319600000.0,319200000.0,323000000.0
Deere & Co,DE,PWFTNG3EI0Y73OXWDH08,315189,2017.0,Q1,2016-10-31,2017-01-29,2018-03-01 10:23:21+00:00,0.63,0.63,0.6,0.62,129200000.0,198400000.0,198400000.0,199000000.0,-600000.0,3781500000.0,5625200000.0,-400000.0,,312100000.0,995500000.0,3781500000.0,1843700000.0,208100000.0,1307600000.0,536100000.0,-208100000.0,328000000.0,5625200000.0,315900000.0,316700000.0,319700000.0
Deere & Co,DE,PWFTNG3EI0Y73OXWDH08,315189,2017.0,Q1TTM,2016-02-01,2017-01-29,,4.66,4.66,2.4,4.63,733800000.0,1466100000.0,1466100000.0,1468500000.0,-2400000.0,19412800000.0,26744700000.0,-900000.0,,1386500000.0,2946000000.0,19412800000.0,7331900000.0,798600000.0,4332500000.0,2999400000.0,-798600000.0,2200800000.0,26744700000.0,315900000.0,316700000.0,319700000.0
Deere & Co,DE,PWFTNG3EI0Y73OXWDH08,315189,2018.0,FY,2017-10-30,2018-10-28,2019-12-19 15:37:52+00:00,7.34,7.34,2.58,7.24,1727000000.0,2371000000.0,2371000000.0,2368000000.0,3000000.0,26970000000.0,37358000000.0,27000000.0,,1658000000.0,3455000000.0,26970000000.0,10388000000.0,1204000000.0,5113000000.0,5275000000.0,-1204000000.0,4071000000.0,37358000000.0,322600000.0,322600000.0,327300000.0
Deere & Co,DE,PWFTNG3EI0Y73OXWDH08,315189,2018.0,Q4,2018-07-30,2018-10-28,,2.46,2.46,1.98,2.45,203400000.0,785000000.0,785000000.0,784800000.0,200000.0,13898300000.0,9416500000.0,9000000.0,7734000000.0,470000000.0,897800000.0,13898300000.0,-4481800000.0,905000000.0,1367800000.0,-5849600000.0,6829000000.0,979400000.0,9416500000.0,322600000.0,322600000.0,327300000.0
Deere & Co,DE,PWFTNG3EI0Y73OXWDH08,315189,2018.0,Q3,2018-04-30,2018-07-29,2019-08-29 14:32:49+00:00,2.81,2.81,,2.78,289000000.0,911000000.0,911000000.0,910000000.0,1000000.0,7498000000.0,10308000000.0,10000000.0,-7734000000.0,416000000.0,913000000.0,346000000.0,9962000000.0,-291000000.0,1329000000.0,8633000000.0,-7443000000.0,1190000000.0,10308000000.0,323800000.0,323500000.0,328000000.0
Deere & Co,DE,PWFTNG3EI0Y73OXWDH08,315189,2018.0,Q3YTD,2017-10-30,2018-07-29,,4.88,4.88,0.6,4.79,1523600000.0,1586000000.0,1586000000.0,1583200000.0,2800000.0,13071700000.0,27941500000.0,18000000.0,-7734000000.0,1188000000.0,2557200000.0,13071700000.0,14869800000.0,299000000.0,3745200000.0,11124600000.0,-8033000000.0,3091600000.0,27941500000.0,323800000.0,323500000.0,328000000.0
Deere & Co,DE,PWFTNG3EI0Y73OXWDH08,315189,2018.0,Q3TTM,2017-07-31,2018-07-29,,6.48,6.48,1.2,6.38,1746400000.0,2096000000.0,2096000000.0,2092900000.0,3100000.0,19827900000.0,35959500000.0,-16000000.0,-7734000000.0,1586700000.0,2405800000.0,19827900000.0,16131600000.0,546700000.0,3992500000.0,12139100000.0,-8280700000.0,3858400000.0,35959500000.0,323800000.0,323500000.0,328000000.0
Deere & Co,DE,PWFTNG3EI0Y73OXWDH08,315189,2018.0,Q2,2018-01-29,2018-04-29,2019-05-30 15:54:30+00:00,3.73,3.73,,3.67,177100000.0,1209700000.0,1209700000.0,1208300000.0,1400000.0,7678200000.0,10720000000.0,3100000.0,,415200000.0,939200000.0,7678200000.0,3041800000.0,303700000.0,1354400000.0,1687400000.0,-303700000.0,1383700000.0,10720000000.0,323900000.0,324200000.0,329200000.0
Deere & Co,DE,PWFTNG3EI0Y73OXWDH08,315189,2018.0,Q2YTD,2017-10-30,2018-04-29,,2.07,2.07,0.6,2.01,1234600000.0,675000000.0,675000000.0,673200000.0,1800000.0,12725700000.0,17633500000.0,8000000.0,,772000000.0,1644200000.0,12725700000.0,4907800000.0,590000000.0,2416200000.0,2491600000.0,-590000000.0,1901600000.0,17633500000.0,323900000.0,324200000.0,329200000.0
Deere & Co,DE,PWFTNG3EI0Y73OXWDH08,315189,2018.0,Q2TTM,2017-05-01,2018-04-29,,5.67,5.67,1.8,5.57,1710600000.0,1827300000.0,1827300000.0,1824700000.0,2600000.0,24730500000.0,33459300000.0,-20400000.0,,1507500000.0,2609000000.0,24730500000.0,8728800000.0,1054000000.0,4116500000.0,4612300000.0,-1054000000.0,3558300000.0,33459300000.0,323900000.0,324200000.0,329200000.0
Deere & Co,DE,PWFTNG3EI0Y73OXWDH08,315189,2018.0,Q1,2017-10-30,2018-01-28,2019-02-28 12:57:59+00:00,-1.66,-1.66,0.6,-1.66,1057500000.0,-534700000.0,-534700000.0,-535100000.0,400000.0,5047500000.0,6913500000.0,4900000.0,,356800000.0,705000000.0,5047500000.0,1866000000.0,286300000.0,1061800000.0,804200000.0,-286300000.0,517900000.0,6913500000.0,322300000.0,322800000.0,322800000.0
Deere & Co,DE,PWFTNG3EI0Y73OXWDH08,315189,2018.0,Q1TTM,2017-01-30,2018-01-28,,4.47,4.47,2.4,4.4,1899300000.0,1425900000.0,1425900000.0,1424900000.0,1000000.0,22480000000.0,31026300000.0,-18700000.0,,1417700000.0,2807500000.0,22480000000.0,8546300000.0,977200000.0,4225200000.0,4321100000.0,-977200000.0,3343900000.0,31026300000.0,322300000.0,322800000.0,322800000.0
Deere & Co,DE,PWFTNG3EI0Y73OXWDH08,315189,2019.0,FY,2018-10-29,2019-11-03,2019-12-19 15:37:52+00:00,10.28,10.28,3.04,10.15,852000000.0,3257000000.0,3257000000.0,3253000000.0,4000000.0,28370000000.0,39258000000.0,21000000.0,,1783000000.0,3551000000.0,28370000000.0,10888000000.0,1466000000.0,5334000000.0,5554000000.0,-1466000000.0,4088000000.0,39258000000.0,316400000.0,316500000.0,320600000.0
Deere & Co,DE,PWFTNG3EI0Y73OXWDH08,315189,2019.0,Q3,2019-04-29,2019-07-28,2019-08-29 14:32:49+00:00,2.84,2.84,,2.81,221000000.0,899000000.0,899000000.0,899000000.0,0.0,7222000000.0,10036000000.0,7000000.0,-7618000000.0,431000000.0,896000000.0,352000000.0,9684000000.0,-374000000.0,1327000000.0,8357000000.0,-7244000000.0,1113000000.0,10036000000.0,316500000.0,315900000.0,319800000.0
Deere & Co,DE,PWFTNG3EI0Y73OXWDH08,315189,2019.0,Q2,2019-01-28,2019-04-28,2020-05-28 14:21:34+00:00,3.57,3.57,0.76,3.52,343000000.0,1136000000.0,1136000000.0,1135000000.0,1000000.0,8114000000.0,11342000000.0,6000000.0,,457000000.0,947000000.0,8114000000.0,3228000000.0,351000000.0,1404000000.0,1824000000.0,-351000000.0,1473000000.0,11342000000.0,317900000.0,317900000.0,322200000.0
Deere & Co,DE,PWFTNG3EI0Y73OXWDH08,315189,2019.0,Q2YTD,2018-10-29,2019-04-28,,5.13,5.13,1.45,5.06,527000000.0,1636000000.0,1636000000.0,1633000000.0,3000000.0,13897000000.0,19326000000.0,13000000.0,,864000000.0,1711000000.0,13897000000.0,5429000000.0,704000000.0,2575000000.0,2854000000.0,-704000000.0,2150000000.0,19326000000.0,317900000.0,317900000.0,322200000.0
Deere & Co,DE,PWFTNG3EI0Y73OXWDH08,315189,2019.0,Q2TTM,2018-04-30,2019-04-28,,10.4,10.4,3.43,10.29,1019400000.0,3332000000.0,3332000000.0,3327800000.0,4200000.0,28141300000.0,39050500000.0,32000000.0,,1750000000.0,3521800000.0,28141300000.0,10909200000.0,1318000000.0,5271800000.0,5637400000.0,-1318000000.0,4319400000.0,39050500000.0,317900000.0,317900000.0,322200000.0
Deere & Co,DE,PWFTNG3EI0Y73OXWDH08,315189,2019.0,Q1,2018-10-29,2019-01-27,2020-02-27 14:13:58+00:00,1.56,1.56,0.69,1.54,184000000.0,500000000.0,500000000.0,498000000.0,2000000.0,5783000000.0,7984000000.0,7000000.0,,407000000.0,764000000.0,5783000000.0,2201000000.0,353000000.0,1171000000.0,1030000000.0,-353000000.0,677000000.0,7984000000.0,319200000.0,318500000.0,322700000.0
Deere & Co,DE,PWFTNG3EI0Y73OXWDH08,315189,2019.0,Q1TTM,2018-01-29,2019-01-27,,10.56,10.56,2.67,10.44,853500000.0,3405700000.0,3405700000.0,3401100000.0,4600000.0,27705500000.0,38428500000.0,29100000.0,,1708200000.0,3514000000.0,27705500000.0,10723000000.0,1270700000.0,5222200000.0,5500800000.0,-1270700000.0,4230100000.0,38428500000.0,319200000.0,318500000.0,322700000.0
Deere & Co,DE,PWFTNG3EI0Y73OXWDH08,315189,2020.0,Q2YTD,2019-11-04,2020-05-03,,3.78,3.78,1.52,3.74,295000000.0,1184000000.0,1184000000.0,1183000000.0,1000000.0,12163000000.0,16884000000.0,-18000000.0,,831000000.0,1715000000.0,12163000000.0,4721000000.0,678000000.0,2546000000.0,2175000000.0,-678000000.0,1497000000.0,16884000000.0,312700000.0,313200000.0,316200000.0
Deere & Co,DE,PWFTNG3EI0Y73OXWDH08,315189,2020.0,Q2TTM,2019-04-29,2020-05-03,,8.93,8.93,3.11,8.83,620000000.0,2805000000.0,2805000000.0,2803000000.0,2000000.0,26636000000.0,36816000000.0,-10000000.0,,1750000000.0,3555000000.0,26636000000.0,10180000000.0,1440000000.0,5305000000.0,4875000000.0,-1440000000.0,3435000000.0,36816000000.0,312700000.0,313200000.0,316200000.0
Deere & Co,DE,PWFTNG3EI0Y73OXWDH08,315189,2020.0,Q2,2020-02-03,2020-05-03,2020-05-28 14:21:34+00:00,2.13,2.13,0.76,2.11,245000000.0,666000000.0,666000000.0,666000000.0,0.0,6671000000.0,9253000000.0,-17000000.0,,406000000.0,906000000.0,6671000000.0,2582000000.0,342000000.0,1312000000.0,1270000000.0,-342000000.0,928000000.0,9253000000.0,312700000.0,313200000.0,316200000.0
Deere & Co,DE,PWFTNG3EI0Y73OXWDH08,315189,2020.0,Q1TTM,2019-01-28,2020-02-02,,10.37,10.37,3.11,10.24,718000000.0,3275000000.0,3275000000.0,3272000000.0,3000000.0,28079000000.0,38905000000.0,13000000.0,,1801000000.0,3596000000.0,28079000000.0,10826000000.0,1449000000.0,5397000000.0,5429000000.0,-1449000000.0,3980000000.0,38905000000.0,313300000.0,313500000.0,317200000.0
Deere & Co,DE,PWFTNG3EI0Y73OXWDH08,315189,2020.0,Q1,2019-11-04,2020-02-02,2020-02-27 14:13:58+00:00,1.65,1.65,0.76,1.63,50000000.0,518000000.0,518000000.0,517000000.0,1000000.0,5492000000.0,7631000000.0,-1000000.0,,425000000.0,809000000.0,5492000000.0,2139000000.0,336000000.0,1234000000.0,905000000.0,-336000000.0,569000000.0,7631000000.0,313300000.0,313500000.0,317200000.0
