company_name,company_ticker,company_lei,company_cik,year,quarter,start_date,end_date,filing_date,basicdilutedeps,basiceps,cashdividendspershare,depreciationexpense,dilutedeps,incometaxexpense,netincome,netincomecontinuing,netincomediscontinued,netincometocommon,netincometononcontrollinginterest,operatingcostofrevenue,operatingrevenue,otheradjustmentstoconsolidatednetincome,otherincome,restructuringcharge,sgaexpense,totalcostofrevenue,totalgrossprofit,totalinterestexpense,totalinterestincome,totaloperatingexpenses,totaloperatingincome,totalotherincome,totalpretaxincome,totalrevenue,weightedavebasicdilutedsharesos,weightedavebasicsharesos,weightedavedilutedsharesos
Cablevision Systems Corp ,CVC,,1053112,2007.0,FY,2007-01-01,2007-12-31,2010-02-25 16:58:30+00:00,0.76,0.76,,1118888000.0,0.74,78967000.0,217832000.0,23040000.0,195235000.0,218153000.0,-321000.0,2891581000.0,6484481000.0,-443000.0,324066000.0,4733000.0,1558728000.0,2891581000.0,3592900000.0,962884000.0,-169726000.0,2682349000.0,910551000.0,-808544000.0,102007000.0,6484481000.0,287000000.0,288271000.0,294604000.0
Cablevision Systems Corp ,CVC,,1053112,2008.0,FY,2008-01-01,2008-12-31,2011-03-18 09:46:56+00:00,-0.79,-0.79,0.2,1441532000.0,-0.79,-88944000.0,-236172000.0,-242338000.0,6166000.0,-228064000.0,-8108000.0,2645831000.0,6319852000.0,,-85395000.0,49883000.0,1504862000.0,2645831000.0,3674021000.0,796080000.0,-127551000.0,2996277000.0,677744000.0,-1009026000.0,-331282000.0,6319852000.0,288700000.0,290286000.0,290286000.0
Cablevision Systems Corp ,CVC,,1053112,2008.0,Q3,2008-07-01,2008-09-30,2009-11-03 17:13:16+00:00,0.11,0.11,,555082000.0,0.1,101637000.0,173994000.0,87387000.0,64000.0,173086000.0,908000.0,1474920000.0,3495120000.0,86543000.0,-68214000.0,732000.0,887140000.0,1474920000.0,2020200000.0,362777000.0,42769000.0,1442954000.0,577246000.0,-388222000.0,189024000.0,3495120000.0,1573500000.0,290365000.0,295921000.0
Cablevision Systems Corp ,CVC,,1053112,2008.0,Q2,2008-04-01,2008-06-30,2009-08-31 17:06:13+00:00,0.33,0.33,,,0.32,,,,,,,,,,,,,,,,,,,,,,290132000.0,290132000.0,290132000.0
Cablevision Systems Corp ,CVC,,1053112,2009.0,Q4,2009-10-01,2009-12-31,,0.27,0.27,0.2,143446000.0,0.27,-44259000.0,78623000.0,-72966000.0,151589000.0,78405000.0,218000.0,444497000.0,820360000.0,,-11630000.0,-107000.0,178068000.0,444497000.0,375863000.0,159415000.0,-636000.0,321407000.0,54456000.0,-171681000.0,-117225000.0,820360000.0,291400000.0,291759000.0,298444000.0
Cablevision Systems Corp ,CVC,,1053112,2009.0,FY,2009-01-01,2009-12-31,2012-02-28 16:57:01+00:00,0.98,0.98,0.4,916408000.0,0.96,113177000.0,285299000.0,123832000.0,161467000.0,285572000.0,-273000.0,2532844000.0,5900074000.0,,-74457000.0,5583000.0,1389525000.0,2532844000.0,3367230000.0,746649000.0,2401000.0,2311516000.0,1055714000.0,-818705000.0,237009000.0,5900074000.0,291400000.0,291759000.0,298444000.0
Cablevision Systems Corp ,CVC,,1053112,2009.0,Q3YTD,2009-01-01,2009-09-30,,0.71,0.71,0.2,772962000.0,0.69,157436000.0,206676000.0,196798000.0,9878000.0,207167000.0,-491000.0,2088347000.0,5079714000.0,,-62827000.0,5690000.0,1211457000.0,2088347000.0,2991367000.0,587234000.0,3037000.0,1990109000.0,1001258000.0,-647024000.0,354234000.0,5079714000.0,291000000.0,292346000.0,300079000.0
Cablevision Systems Corp ,CVC,,1053112,2009.0,Q3,2009-07-01,2009-09-30,2010-11-04 16:45:44+00:00,0.34,0.34,0.1,251498000.0,0.33,59942000.0,98599000.0,92256000.0,6343000.0,98942000.0,-343000.0,689465000.0,1711245000.0,,-87284000.0,1834000.0,398071000.0,689465000.0,1021780000.0,183085000.0,52190000.0,651403000.0,370377000.0,-218179000.0,152198000.0,1711245000.0,291000000.0,292346000.0,300079000.0
Cablevision Systems Corp ,CVC,,1053112,2009.0,Q2YTD,2009-01-01,2009-06-30,,0.37,0.37,0.1,521464000.0,0.36,97494000.0,108077000.0,104542000.0,3535000.0,108225000.0,-148000.0,1398882000.0,3368469000.0,,24457000.0,3856000.0,813386000.0,1398882000.0,1969587000.0,404149000.0,-49153000.0,1338706000.0,630881000.0,-428845000.0,202036000.0,3368469000.0,290000000.0,291121000.0,297726000.0
Cablevision Systems Corp ,CVC,,1053112,2009.0,Q2,2009-04-01,2009-06-30,2010-08-05 16:34:46+00:00,0.3,0.3,0.1,258201000.0,0.29,80925000.0,87059000.0,87651000.0,-592000.0,87008000.0,51000.0,695168000.0,1702857000.0,,-1340000.0,4028000.0,406536000.0,695168000.0,1007689000.0,188179000.0,19171000.0,668765000.0,338924000.0,-170348000.0,168576000.0,1702857000.0,290000000.0,291121000.0,297726000.0
Cablevision Systems Corp ,CVC,,1053112,2009.0,Q1,2009-01-01,2009-03-31,2010-05-06 16:35:43+00:00,0.07,0.07,,263263000.0,0.07,16569000.0,21018000.0,16891000.0,4127000.0,21217000.0,-199000.0,703714000.0,1665612000.0,,25797000.0,-172000.0,406850000.0,703714000.0,961898000.0,215970000.0,-68324000.0,669941000.0,291957000.0,-258497000.0,33460000.0,1665612000.0,303100000.0,290769000.0,294430000.0
Cablevision Systems Corp ,CVC,,1053112,2010.0,Q4,2010-10-01,2010-12-31,,0.39,0.39,0.13,208257000.0,0.39,11115000.0,113965000.0,40164000.0,73801000.0,113863000.0,102000.0,610525000.0,1334144000.0,,-63034000.0,-18000.0,321820000.0,610525000.0,723619000.0,162254000.0,83007000.0,530059000.0,193560000.0,-142281000.0,51279000.0,1334144000.0,293500000.0,293165000.0,301880000.0
Cablevision Systems Corp ,CVC,,1053112,2010.0,FY,2010-01-01,2010-12-31,2013-02-28 16:49:11+00:00,1.23,1.23,0.475,887092000.0,1.2,113767000.0,361597000.0,207749000.0,153848000.0,360948000.0,649000.0,2663748000.0,6177575000.0,,-153559000.0,-58000.0,1440731000.0,2663748000.0,3513827000.0,821342000.0,110355000.0,2327765000.0,1186062000.0,-864546000.0,321516000.0,6177575000.0,293500000.0,293165000.0,301880000.0
Cablevision Systems Corp ,CVC,,1053112,2010.0,Q3YTD,2010-01-01,2010-09-30,,0.84,0.84,0.35,678835000.0,0.81,102652000.0,247632000.0,167585000.0,80047000.0,247085000.0,547000.0,2053223000.0,4843431000.0,,-90525000.0,-40000.0,1118911000.0,2053223000.0,2790208000.0,659088000.0,27348000.0,1797706000.0,992502000.0,-722265000.0,270237000.0,4843431000.0,294900000.0,293671000.0,302143000.0
Cablevision Systems Corp ,CVC,,1053112,2010.0,Q3TTM,2009-10-01,2010-09-30,,1.11,1.11,0.55,822281000.0,1.08,58393000.0,326255000.0,94619000.0,231636000.0,325490000.0,765000.0,2497720000.0,5663791000.0,,-102155000.0,-147000.0,1296979000.0,2497720000.0,3166071000.0,818503000.0,26712000.0,2119113000.0,1046958000.0,-893946000.0,153012000.0,5663791000.0,294900000.0,293671000.0,302143000.0
Cablevision Systems Corp ,CVC,,1053112,2010.0,Q3,2010-07-01,2010-09-30,2011-10-28 16:48:44+00:00,0.38,0.38,0.125,218955000.0,0.37,47016000.0,112363000.0,68747000.0,43616000.0,112061000.0,302000.0,668543000.0,1542827000.0,,-31619000.0,11000.0,346877000.0,668543000.0,874284000.0,176629000.0,15570000.0,565843000.0,308441000.0,-192678000.0,115763000.0,1542827000.0,294900000.0,293671000.0,302143000.0
Cablevision Systems Corp ,CVC,,1053112,2010.0,Q2YTD,2010-01-01,2010-06-30,,0.46,0.46,0.23,459880000.0,0.44,55636000.0,135269000.0,98838000.0,36431000.0,135024000.0,245000.0,1384680000.0,3300604000.0,,-58906000.0,-51000.0,772034000.0,1384680000.0,1915924000.0,482459000.0,11778000.0,1231863000.0,684061000.0,-529587000.0,154474000.0,3300604000.0,289800000.0,295762000.0,303914000.0
Cablevision Systems Corp ,CVC,,1053112,2010.0,Q2TTM,2009-07-01,2010-06-30,,1.07,1.07,0.53,854824000.0,1.04,71319000.0,312491000.0,118128000.0,194363000.0,312371000.0,120000.0,2518642000.0,5832209000.0,,-157820000.0,1676000.0,1348173000.0,2518642000.0,3313567000.0,824959000.0,63332000.0,2204673000.0,1108894000.0,-919447000.0,189447000.0,5832209000.0,289800000.0,295762000.0,303914000.0
Cablevision Systems Corp ,CVC,,1053112,2010.0,Q2,2010-04-01,2010-06-30,2011-08-09 17:16:25+00:00,0.21,0.21,0.125,217987000.0,0.2,-11092000.0,61081000.0,20528000.0,40553000.0,60864000.0,217000.0,647084000.0,1548203000.0,,10761000.0,158000.0,353986000.0,647084000.0,901119000.0,299158000.0,-31155000.0,572131000.0,328988000.0,-319552000.0,9436000.0,1548203000.0,289800000.0,295762000.0,303914000.0
Cablevision Systems Corp ,CVC,,1053112,2010.0,Q1TTM,2009-04-01,2010-03-31,,1.16,1.16,0.5,895038000.0,1.13,163336000.0,338469000.0,185251000.0,153218000.0,338515000.0,-46000.0,2566726000.0,5986863000.0,,-169921000.0,5546000.0,1400723000.0,2566726000.0,3420137000.0,713980000.0,113658000.0,2301307000.0,1118830000.0,-770243000.0,348587000.0,5986863000.0,296600000.0,293884000.0,302826000.0
Cablevision Systems Corp ,CVC,,1053112,2010.0,Q1,2010-01-01,2010-03-31,2011-05-05 17:22:55+00:00,0.25,0.25,0.1,241893000.0,0.24,66728000.0,74188000.0,78310000.0,-4122000.0,74160000.0,28000.0,737596000.0,1752401000.0,,-69667000.0,-209000.0,418048000.0,737596000.0,1014805000.0,183301000.0,42933000.0,659732000.0,355073000.0,-210035000.0,145038000.0,1752401000.0,296600000.0,293884000.0,302826000.0
Cablevision Systems Corp ,CVC,,1053112,2011.0,Q4,2011-10-01,2011-12-31,,0.23,0.23,0.15,97200000.0,0.21,72876000.0,60501000.0,113170000.0,-52669000.0,60629000.0,-128000.0,404057000.0,1153013000.0,,-35644000.0,6019000.0,270454000.0,404057000.0,748956000.0,776468000.0,622875000.0,373673000.0,375283000.0,-189237000.0,186046000.0,1153013000.0,275300000.0,276369000.0,284904000.0
Cablevision Systems Corp ,CVC,,1053112,2011.0,FY,2011-01-01,2011-12-31,2014-02-26 16:49:54+00:00,1.06,1.06,0.575,846533000.0,1.02,220552000.0,292281000.0,291327000.0,954000.0,291857000.0,424000.0,2653978000.0,6162608000.0,,-4571000.0,6311000.0,1398061000.0,2653978000.0,3508630000.0,779495000.0,38220000.0,2250905000.0,1257725000.0,-745846000.0,511879000.0,6162608000.0,275300000.0,276369000.0,284904000.0
Cablevision Systems Corp ,CVC,,1053112,2011.0,Q3YTD,2011-01-01,2011-09-30,,0.83,0.83,0.43,749333000.0,0.81,147676000.0,231780000.0,178157000.0,53623000.0,231228000.0,552000.0,2249921000.0,5009595000.0,,31073000.0,292000.0,1127607000.0,2249921000.0,2759674000.0,3027000.0,-584655000.0,1877232000.0,882442000.0,-556609000.0,325833000.0,5009595000.0,280900000.0,275145000.0,284113000.0
Cablevision Systems Corp ,CVC,,1053112,2011.0,Q3TTM,2010-10-01,2011-09-30,,1.22,1.22,0.55,957590000.0,1.2,158791000.0,345745000.0,218321000.0,127424000.0,345091000.0,654000.0,2860446000.0,6343739000.0,,-31961000.0,274000.0,1449427000.0,2860446000.0,3483293000.0,165281000.0,-501648000.0,2407291000.0,1076002000.0,-698890000.0,377112000.0,6343739000.0,280900000.0,275145000.0,284113000.0
Cablevision Systems Corp ,CVC,,1053112,2011.0,Q3,2011-07-01,2011-09-30,2012-11-06 17:00:01+00:00,0.14,0.14,0.15,256545000.0,0.14,35297000.0,39604000.0,39604000.0,0.0,39319000.0,285000.0,766205000.0,1665790000.0,,83185000.0,27000.0,370610000.0,766205000.0,899585000.0,3027000.0,-277660000.0,627182000.0,272403000.0,-197502000.0,74901000.0,1665790000.0,280900000.0,275145000.0,284113000.0
Cablevision Systems Corp ,CVC,,1053112,2011.0,Q2YTD,2011-01-01,2011-06-30,,0.69,0.69,0.28,492788000.0,0.67,112379000.0,192176000.0,138553000.0,53623000.0,191909000.0,267000.0,1483716000.0,3343805000.0,,-52112000.0,265000.0,756997000.0,1483716000.0,1860089000.0,,-306995000.0,1250050000.0,610039000.0,-359107000.0,250932000.0,3343805000.0,274500000.0,278303000.0,286154000.0
Cablevision Systems Corp ,CVC,,1053112,2011.0,Q2TTM,2010-07-01,2011-06-30,,1.46,1.46,0.53,920000000.0,1.43,170510000.0,418504000.0,247464000.0,171040000.0,417833000.0,671000.0,2762784000.0,6220776000.0,,-146765000.0,258000.0,1425694000.0,2762784000.0,3457992000.0,338883000.0,-208418000.0,2345952000.0,1112040000.0,-694066000.0,417974000.0,6220776000.0,274500000.0,278303000.0,286154000.0
Cablevision Systems Corp ,CVC,,1053112,2011.0,Q2,2011-04-01,2011-06-30,2012-08-07 16:53:01+00:00,0.32,0.32,0.15,247605000.0,0.31,59836000.0,88132000.0,69540000.0,18592000.0,87844000.0,288000.0,745728000.0,1688681000.0,,-8082000.0,94000.0,382813000.0,745728000.0,942953000.0,,-174983000.0,630512000.0,312441000.0,-183065000.0,129376000.0,1688681000.0,274500000.0,278303000.0,286154000.0
Cablevision Systems Corp ,CVC,,1053112,2011.0,Q1TTM,2010-04-01,2011-03-31,,1.35,1.35,0.5,890382000.0,1.32,99582000.0,391453000.0,198452000.0,193001000.0,390853000.0,600000.0,2664140000.0,6080298000.0,,-127922000.0,322000.0,1396867000.0,2664140000.0,3416158000.0,638041000.0,-64590000.0,2287571000.0,1128587000.0,-830553000.0,298034000.0,6080298000.0,281300000.0,282123000.0,291221000.0
Cablevision Systems Corp ,CVC,,1053112,2011.0,Q1,2011-01-01,2011-03-31,2012-05-03 16:49:55+00:00,0.37,0.37,0.125,245183000.0,0.36,52543000.0,104044000.0,69013000.0,35031000.0,104065000.0,-21000.0,737988000.0,1655124000.0,,-44030000.0,171000.0,374184000.0,737988000.0,917136000.0,,-132012000.0,619538000.0,297598000.0,-176042000.0,121556000.0,1655124000.0,281300000.0,282123000.0,291221000.0
Cablevision Systems Corp ,CVC,,1053112,2012.0,Q4,2012-10-01,2012-12-31,,0.45,0.45,0.15,251236000.0,0.43,-47582000.0,116584000.0,-70990000.0,187574000.0,116538000.0,46000.0,812302000.0,1500317000.0,,-25714000.0,-709000.0,401724000.0,812302000.0,688015000.0,666213000.0,537591000.0,652251000.0,35764000.0,-154336000.0,-118572000.0,1500317000.0,262400000.0,262258000.0,267330000.0
Cablevision Systems Corp ,CVC,,1053112,2012.0,FY,2012-01-01,2012-12-31,2015-02-25 16:06:59+00:00,0.89,0.89,0.6,907775000.0,0.87,51994000.0,233613000.0,74325000.0,159288000.0,233523000.0,90000.0,3001577000.0,6131675000.0,,-210677000.0,-770000.0,1454045000.0,3001577000.0,3130098000.0,727265000.0,295213000.0,2361050000.0,769048000.0,-642729000.0,126319000.0,6131675000.0,262400000.0,262258000.0,267330000.0
Cablevision Systems Corp ,CVC,,1053112,2012.0,Q3YTD,2012-01-01,2012-09-30,,0.44,0.44,0.45,656539000.0,0.44,99576000.0,117029000.0,145315000.0,-28286000.0,116985000.0,44000.0,2189275000.0,4631358000.0,,-184963000.0,-61000.0,1052321000.0,2189275000.0,2442083000.0,61052000.0,-242378000.0,1708799000.0,733284000.0,-488393000.0,244891000.0,4631358000.0,379100000.0,259905000.0,264636000.0
Cablevision Systems Corp ,CVC,,1053112,2012.0,Q3TTM,2011-10-01,2012-09-30,,0.67,0.67,0.6,753739000.0,0.65,172452000.0,177530000.0,258485000.0,-80955000.0,177614000.0,-84000.0,2593332000.0,5784371000.0,,-220607000.0,5958000.0,1322775000.0,2593332000.0,3191039000.0,837520000.0,380497000.0,2082472000.0,1108567000.0,-677630000.0,430937000.0,5784371000.0,379100000.0,259905000.0,264636000.0
Cablevision Systems Corp ,CVC,,1053112,2012.0,Q3,2012-07-01,2012-09-30,2013-11-08 16:34:59+00:00,-0.01,-0.01,0.15,227814000.0,-0.01,9905000.0,-3864000.0,3712000.0,-7576000.0,-3791000.0,-73000.0,737477000.0,1539515000.0,,-56608000.0,330000.0,356231000.0,737477000.0,802038000.0,61052000.0,-86386000.0,584375000.0,217663000.0,-204046000.0,13617000.0,1539515000.0,379100000.0,259905000.0,264636000.0
Cablevision Systems Corp ,CVC,,1053112,2012.0,Q2YTD,2012-01-01,2012-06-30,,0.45,0.45,0.3,428725000.0,0.45,89671000.0,120893000.0,141603000.0,-20710000.0,120776000.0,117000.0,1451798000.0,3091843000.0,,-128355000.0,-391000.0,696090000.0,1451798000.0,1640045000.0,,-155992000.0,1124424000.0,515621000.0,-284347000.0,231274000.0,3091843000.0,264700000.0,263428000.0,267482000.0
Cablevision Systems Corp ,CVC,,1053112,2012.0,Q2TTM,2011-07-01,2012-06-30,,0.82,0.82,0.6,782470000.0,0.8,197844000.0,220998000.0,294377000.0,-73379000.0,220724000.0,274000.0,2622060000.0,5910646000.0,,-80814000.0,5655000.0,1337154000.0,2622060000.0,3288586000.0,779495000.0,189223000.0,2125279000.0,1163307000.0,-671086000.0,492221000.0,5910646000.0,264700000.0,263428000.0,267482000.0
Cablevision Systems Corp ,CVC,,1053112,2012.0,Q2,2012-04-01,2012-06-30,2013-08-02 16:08:14+00:00,0.24,0.24,0.15,216361000.0,0.24,50534000.0,63789000.0,77239000.0,-13450000.0,63529000.0,260000.0,725841000.0,1556618000.0,,-16060000.0,-93000.0,346321000.0,725841000.0,830777000.0,0.0,-124355000.0,562589000.0,268188000.0,-140415000.0,127773000.0,1556618000.0,264700000.0,263428000.0,267482000.0
Cablevision Systems Corp ,CVC,,1053112,2012.0,Q1TTM,2011-04-01,2012-03-31,,0.9,0.9,0.6,813714000.0,0.87,207146000.0,245341000.0,286678000.0,-41337000.0,245039000.0,302000.0,2641947000.0,6042709000.0,,-72836000.0,5842000.0,1373646000.0,2641947000.0,3400762000.0,779495000.0,138595000.0,2193202000.0,1207560000.0,-713736000.0,493824000.0,6042709000.0,272600000.0,267419000.0,274038000.0
Cablevision Systems Corp ,CVC,,1053112,2012.0,Q1,2012-01-01,2012-03-31,2013-05-09 16:35:11+00:00,0.21,0.21,0.15,212364000.0,0.21,39137000.0,57104000.0,64364000.0,-7260000.0,57247000.0,-143000.0,725957000.0,1535225000.0,,-112295000.0,-298000.0,349769000.0,725957000.0,809268000.0,,-31637000.0,561835000.0,247433000.0,-143932000.0,103501000.0,1535225000.0,272600000.0,267419000.0,274038000.0
Cablevision Systems Corp ,CVC,,1053112,2013.0,FY,2013-01-01,2013-12-31,2016-02-25 08:46:05+00:00,1.79,1.79,0.6,909147000.0,1.75,65635000.0,465641000.0,127325000.0,338316000.0,465661000.0,-20000.0,3079226000.0,6232152000.0,,-196252000.0,23550000.0,1521005000.0,3079226000.0,3152926000.0,623644000.0,313632000.0,2453702000.0,699224000.0,-506264000.0,192960000.0,6232152000.0,260100000.0,260763000.0,265935000.0
Cablevision Systems Corp ,CVC,,1053112,2013.0,Q4,2013-10-01,2013-12-31,,0.2,0.2,0.15,251544000.0,0.2,21599000.0,51288000.0,46488000.0,4800000.0,51842000.0,-554000.0,759465000.0,1583468000.0,,-104665000.0,24132000.0,379680000.0,759465000.0,824003000.0,600498000.0,604603000.0,655356000.0,168647000.0,-100560000.0,68087000.0,1583468000.0,260100000.0,260763000.0,265935000.0
Cablevision Systems Corp ,CVC,,1053112,2013.0,Q3YTD,2013-01-01,2013-09-30,,1.59,1.59,0.45,657603000.0,1.55,44036000.0,414353000.0,80837000.0,333516000.0,413819000.0,534000.0,2319761000.0,4648684000.0,,-91587000.0,-582000.0,1141325000.0,2319761000.0,2328923000.0,23146000.0,-290971000.0,1798346000.0,530577000.0,-405704000.0,124873000.0,4648684000.0,260700000.0,261287000.0,267558000.0
Cablevision Systems Corp ,CVC,,1053112,2013.0,Q3TTM,2012-10-01,2013-09-30,,2.04,2.04,0.6,908839000.0,1.98,-3546000.0,530937000.0,9847000.0,521090000.0,530357000.0,580000.0,3132063000.0,6149001000.0,,-117301000.0,-1291000.0,1543049000.0,3132063000.0,3016938000.0,689359000.0,246620000.0,2450597000.0,566341000.0,-560040000.0,6301000.0,6149001000.0,260700000.0,261287000.0,267558000.0
Cablevision Systems Corp ,CVC,,1053112,2013.0,Q3,2013-07-01,2013-09-30,2014-11-06 16:19:53+00:00,1.13,1.13,0.15,203405000.0,1.1,34172000.0,295034000.0,59748000.0,235286000.0,294601000.0,433000.0,767377000.0,1567837000.0,,-39945000.0,56000.0,371572000.0,767377000.0,800460000.0,16509000.0,-75053000.0,575033000.0,225427000.0,-131507000.0,93920000.0,1567837000.0,260700000.0,261287000.0,267558000.0
Cablevision Systems Corp ,CVC,,1053112,2013.0,Q2YTD,2013-01-01,2013-06-30,,0.46,0.46,0.3,454198000.0,0.45,9864000.0,119319000.0,21089000.0,98230000.0,119218000.0,101000.0,1552384000.0,3080847000.0,,-51642000.0,-638000.0,769753000.0,1552384000.0,1528463000.0,6637000.0,-215918000.0,1223313000.0,305150000.0,-274197000.0,30953000.0,3080847000.0,260300000.0,260614000.0,264828000.0
Cablevision Systems Corp ,CVC,,1053112,2013.0,Q2TTM,2012-07-01,2013-06-30,,0.9,0.9,0.6,933248000.0,0.87,-27813000.0,232039000.0,-46189000.0,278228000.0,231965000.0,74000.0,3102163000.0,6120679000.0,,-133964000.0,-1017000.0,1527708000.0,3102163000.0,3018516000.0,733902000.0,235287000.0,2459939000.0,558577000.0,-632579000.0,-74002000.0,6120679000.0,260300000.0,260614000.0,264828000.0
Cablevision Systems Corp ,CVC,,1053112,2013.0,Q2,2013-04-01,2013-06-30,2014-08-05 16:22:35+00:00,0.52,0.52,0.15,229269000.0,0.51,20507000.0,135717000.0,28222000.0,107495000.0,135359000.0,358000.0,764343000.0,1569619000.0,,19695000.0,-273000.0,378517000.0,764343000.0,805276000.0,6637000.0,-162092000.0,607513000.0,197763000.0,-149034000.0,48729000.0,1569619000.0,260300000.0,260614000.0,264828000.0
Cablevision Systems Corp ,CVC,,1053112,2013.0,Q1TTM,2012-04-01,2013-03-31,,0.62,0.62,0.6,920340000.0,0.6,2214000.0,160111000.0,2828000.0,157283000.0,160135000.0,-24000.0,3063661000.0,6107678000.0,,-169719000.0,-837000.0,1495512000.0,3063661000.0,3044017000.0,727265000.0,273024000.0,2415015000.0,629002000.0,-623960000.0,5042000.0,6107678000.0,269000000.0,259500000.0,259500000.0
Cablevision Systems Corp ,CVC,,1053112,2013.0,Q1,2013-01-01,2013-03-31,2014-05-08 16:43:29+00:00,-0.06,-0.06,0.15,224929000.0,-0.06,-10643000.0,-16398000.0,-7133000.0,-9265000.0,-16141000.0,-257000.0,788041000.0,1511228000.0,,-71337000.0,-365000.0,391236000.0,788041000.0,723187000.0,0.0,-53826000.0,615800000.0,107387000.0,-125163000.0,-17776000.0,1511228000.0,269000000.0,259500000.0,259500000.0
Cablevision Systems Corp ,CVC,,1053112,2014.0,FY,2014-01-01,2014-12-31,2016-02-25 08:46:05+00:00,1.18,1.18,0.6,866502000.0,1.15,115768000.0,312204000.0,309382000.0,2822000.0,311439000.0,765000.0,3136808000.0,6460946000.0,,-40067000.0,2480000.0,1533898000.0,3136808000.0,3324138000.0,586120000.0,130079000.0,2402880000.0,921258000.0,-496108000.0,425150000.0,6460946000.0,263900000.0,264623000.0,270703000.0
Cablevision Systems Corp ,CVC,,1053112,2014.0,Q4,2014-10-01,2014-12-31,,0.21,0.21,0.15,222060000.0,0.21,32046000.0,56144000.0,56319000.0,-175000.0,55975000.0,169000.0,787880000.0,1631036000.0,,-63130000.0,1950000.0,413310000.0,787880000.0,843156000.0,575891000.0,521550000.0,637320000.0,205836000.0,-117471000.0,88365000.0,1631036000.0,263900000.0,264623000.0,270703000.0
Cablevision Systems Corp ,CVC,,1053112,2014.0,Q3,2014-07-01,2014-09-30,2015-11-03 16:31:39+00:00,0.27,0.27,0.15,209069000.0,0.26,48813000.0,71822000.0,71901000.0,-79000.0,71491000.0,331000.0,787628000.0,1626187000.0,,14490000.0,-137000.0,377181000.0,787628000.0,838559000.0,1931000.0,-144291000.0,586113000.0,252446000.0,-131732000.0,120714000.0,1626187000.0,264800000.0,265403000.0,271269000.0
Cablevision Systems Corp ,CVC,,1053112,2014.0,Q3YTD,2014-01-01,2014-09-30,,0.97,0.97,0.45,644442000.0,0.94,83722000.0,256060000.0,253063000.0,2997000.0,255464000.0,596000.0,2348928000.0,4829910000.0,,23063000.0,530000.0,1120588000.0,2348928000.0,2480982000.0,10229000.0,-391471000.0,1765560000.0,715422000.0,-378637000.0,336785000.0,4829910000.0,264800000.0,265403000.0,271269000.0
Cablevision Systems Corp ,CVC,,1053112,2014.0,Q3TTM,2013-10-01,2014-09-30,,1.17,1.17,0.6,895986000.0,1.14,105321000.0,307348000.0,299551000.0,7797000.0,307306000.0,42000.0,3108393000.0,6413378000.0,,-81602000.0,24662000.0,1500268000.0,3108393000.0,3304985000.0,610727000.0,213132000.0,2420916000.0,884069000.0,-479197000.0,404872000.0,6413378000.0,264800000.0,265403000.0,271269000.0
Cablevision Systems Corp ,CVC,,1053112,2014.0,Q2YTD,2014-01-01,2014-06-30,,0.7,0.7,0.3,435373000.0,0.68,34909000.0,184238000.0,181162000.0,3076000.0,183973000.0,265000.0,1561300000.0,3203723000.0,,8573000.0,667000.0,743407000.0,1561300000.0,1642423000.0,8298000.0,-247180000.0,1179447000.0,462976000.0,-246905000.0,216071000.0,3203723000.0,261700000.0,263730000.0,269260000.0
Cablevision Systems Corp ,CVC,,1053112,2014.0,Q2TTM,2013-07-01,2014-06-30,,2.03,2.03,0.6,890322000.0,1.98,90680000.0,530560000.0,287398000.0,243162000.0,530416000.0,144000.0,3088142000.0,6355028000.0,,-136037000.0,24855000.0,1494659000.0,3088142000.0,3266886000.0,625305000.0,282370000.0,2409836000.0,857050000.0,-478972000.0,378078000.0,6355028000.0,261700000.0,263730000.0,269260000.0
Cablevision Systems Corp ,CVC,,1053112,2014.0,Q2,2014-04-01,2014-06-30,2015-08-07 16:38:25+00:00,0.36,0.36,0.15,221088000.0,0.35,61848000.0,94538000.0,91028000.0,3510000.0,94210000.0,328000.0,788317000.0,1628137000.0,,-30807000.0,-348000.0,363187000.0,788317000.0,839820000.0,7687000.0,-64523000.0,583927000.0,255893000.0,-103017000.0,152876000.0,1628137000.0,261700000.0,263730000.0,269260000.0
Cablevision Systems Corp ,CVC,,1053112,2014.0,Q1TTM,2013-04-01,2014-03-31,,2.19,2.19,0.6,898503000.0,2.14,49339000.0,571739000.0,224592000.0,347147000.0,571565000.0,174000.0,3064168000.0,6296510000.0,,-85535000.0,24930000.0,1509989000.0,3064168000.0,3232342000.0,624255000.0,184801000.0,2433422000.0,798920000.0,-524989000.0,273931000.0,6296510000.0,264000000.0,262328000.0,268224000.0
Cablevision Systems Corp ,CVC,,1053112,2014.0,Q1,2014-01-01,2014-03-31,2015-05-04 16:24:51+00:00,0.34,0.34,0.15,214285000.0,0.33,-26939000.0,89700000.0,90134000.0,-434000.0,89763000.0,-63000.0,772983000.0,1575586000.0,,39380000.0,1015000.0,380220000.0,772983000.0,802603000.0,611000.0,-182657000.0,595520000.0,207083000.0,-143888000.0,63195000.0,1575586000.0,264000000.0,262328000.0,268224000.0
Cablevision Systems Corp ,CVC,,1053112,2015.0,Q4,2015-10-01,2015-12-31,,0.11,0.11,,215135000.0,0.12,23782000.0,32148000.0,33781000.0,-1633000.0,32118000.0,30000.0,795831000.0,1628978000.0,,17242000.0,-632000.0,421504000.0,795831000.0,833147000.0,585764000.0,428945000.0,636007000.0,197140000.0,-139577000.0,57563000.0,1628978000.0,269900000.0,269388000.0,276339000.0
Cablevision Systems Corp ,CVC,,1053112,2015.0,FY,2015-01-01,2015-12-31,2016-02-25 08:46:05+00:00,0.65,0.65,0.45,865252000.0,0.63,154872000.0,175248000.0,187789000.0,-12541000.0,175449000.0,-201000.0,3198194000.0,6509743000.0,,110972000.0,-1649000.0,1599475000.0,3198194000.0,3311549000.0,587499000.0,-29283000.0,2463078000.0,848471000.0,-505810000.0,342661000.0,6509743000.0,269900000.0,269388000.0,276339000.0
Cablevision Systems Corp ,CVC,,1053112,2015.0,Q3YTD,2015-01-01,2015-09-30,,0.54,0.54,0.45,650117000.0,0.51,131090000.0,143100000.0,154008000.0,-10908000.0,143331000.0,-231000.0,2402363000.0,4880765000.0,,93730000.0,-1017000.0,1177971000.0,2402363000.0,2478402000.0,1735000.0,-458228000.0,1827071000.0,651331000.0,-366233000.0,285098000.0,4880765000.0,256700000.0,270024000.0,277266000.0
Cablevision Systems Corp ,CVC,,1053112,2015.0,Q3TTM,2014-10-01,2015-09-30,,0.75,0.75,0.6,872177000.0,0.72,163136000.0,199244000.0,210327000.0,-11083000.0,199306000.0,-62000.0,3190243000.0,6511801000.0,,30600000.0,933000.0,1591281000.0,3190243000.0,3321558000.0,577626000.0,63322000.0,2464391000.0,857167000.0,-483704000.0,373463000.0,6511801000.0,256700000.0,270024000.0,277266000.0
Cablevision Systems Corp ,CVC,,1053112,2015.0,Q3,2015-07-01,2015-09-30,2015-11-03 16:31:39+00:00,0.09,0.09,0.15,217288000.0,0.08,14541000.0,23025000.0,23431000.0,-406000.0,23103000.0,-78000.0,800879000.0,1612601000.0,,67943000.0,-481000.0,411799000.0,800879000.0,811722000.0,0.0,-213087000.0,628606000.0,183116000.0,-145144000.0,37972000.0,1612601000.0,256700000.0,270024000.0,277266000.0
Cablevision Systems Corp ,CVC,,1053112,2015.0,Q2YTD,2015-01-01,2015-06-30,,0.45,0.45,0.3,432829000.0,0.43,116549000.0,120075000.0,130577000.0,-10502000.0,120228000.0,-153000.0,1601484000.0,3268164000.0,,25787000.0,-536000.0,766172000.0,1601484000.0,1666680000.0,1735000.0,-245141000.0,1198465000.0,468215000.0,-221089000.0,247126000.0,3268164000.0,270000000.0,269301000.0,275228000.0
Cablevision Systems Corp ,CVC,,1053112,2015.0,Q2TTM,2014-07-01,2015-06-30,,0.93,0.93,0.6,863958000.0,0.9,197408000.0,248041000.0,258797000.0,-10756000.0,247694000.0,347000.0,3176992000.0,6525387000.0,,-22853000.0,1277000.0,1556663000.0,3176992000.0,3348395000.0,579557000.0,132118000.0,2421898000.0,926497000.0,-470292000.0,456205000.0,6525387000.0,270000000.0,269301000.0,275228000.0
Cablevision Systems Corp ,CVC,,1053112,2015.0,Q2,2015-04-01,2015-06-30,2015-08-07 16:38:25+00:00,0.28,0.28,0.15,213929000.0,0.27,78609000.0,75676000.0,75676000.0,0.0,75595000.0,81000.0,805596000.0,1653393000.0,,-21386000.0,-4000.0,389408000.0,805596000.0,847797000.0,1735000.0,-67058000.0,603333000.0,244464000.0,-90179000.0,154285000.0,1653393000.0,270000000.0,269301000.0,275228000.0
Cablevision Systems Corp ,CVC,,1053112,2015.0,Q1,2015-01-01,2015-03-31,2016-05-05 09:09:18+00:00,0.17,0.17,0.15,218900000.0,0.16,37940000.0,44399000.0,54901000.0,-10502000.0,44633000.0,-234000.0,795888000.0,1614771000.0,,47173000.0,-532000.0,376764000.0,795888000.0,818883000.0,,-178083000.0,595132000.0,223751000.0,-130910000.0,92841000.0,1614771000.0,262500000.0,267919000.0,274370000.0
Cablevision Systems Corp ,CVC,,1053112,2015.0,Q1TTM,2014-04-01,2015-03-31,,1.01,1.01,0.6,871117000.0,0.98,180647000.0,266903000.0,274149000.0,-7246000.0,266309000.0,594000.0,3159713000.0,6500131000.0,,-32274000.0,933000.0,1530442000.0,3159713000.0,3340418000.0,585509000.0,134653000.0,2402492000.0,937926000.0,-483130000.0,454796000.0,6500131000.0,262500000.0,267919000.0,274370000.0
Cablevision Systems Corp ,CVC,,1053112,2016.0,Q1TTM,2015-04-01,2016-03-31,,0.83,0.83,0.3,858805000.0,0.81,179718000.0,225160000.0,227199000.0,-2039000.0,225193000.0,-33000.0,3213267000.0,6535729000.0,,17758000.0,-80000.0,1587762000.0,3213267000.0,3322462000.0,587499000.0,100683000.0,2446487000.0,875975000.0,-469058000.0,406917000.0,6535729000.0,269600000.0,271092000.0,279013000.0
Cablevision Systems Corp ,CVC,,1053112,2016.0,Q1,2016-01-01,2016-03-31,2016-05-05 09:09:18+00:00,0.35,0.35,0.0,212453000.0,0.34,62786000.0,94311000.0,94311000.0,0.0,94377000.0,-66000.0,810961000.0,1640757000.0,,-46041000.0,1037000.0,365051000.0,810961000.0,829796000.0,,-48117000.0,578541000.0,251255000.0,-94158000.0,157097000.0,1640757000.0,269600000.0,271092000.0,279013000.0
