company_name,company_ticker,company_lei,company_cik,year,quarter,start_date,end_date,filing_date,basicdilutedeps,basiceps,cashdividendspershare,dilutedeps,incometaxexpense,netincome,netincomecontinuing,netincomediscontinued,netincometocommon,netincometononcontrollinginterest,operatingcostofrevenue,operatingrevenue,otheradjustmentstonetincometocommon,otherspecialcharges,restructuringcharge,sgaexpense,totalcostofrevenue,totalgrossprofit,totalinterestexpense,totalinterestincome,totaloperatingexpenses,totaloperatingincome,totalotherincome,totalpretaxincome,totalrevenue,weightedavebasicdilutedsharesos,weightedavebasicsharesos,weightedavedilutedsharesos
Fluor Corp,FLR,CQ7WZ4NOFWT7FAE6Q943,1124198,2007.0,FY,2007-01-01,2007-12-31,2010-02-25 16:39:17+00:00,2.99,2.99,0.4,2.88,113375000.0,546528000.0,546528000.0,,527961000.0,18567000.0,15869204000.0,16691033000.0,,,,193743000.0,15869204000.0,821829000.0,32707000.0,64524000.0,193743000.0,628086000.0,31817000.0,659903000.0,16691033000.0,176600000.0,174504000.0,181043000.0
Fluor Corp,FLR,CQ7WZ4NOFWT7FAE6Q943,1124198,2008.0,Q4,2008-10-01,2008-12-31,,1.07,1.07,0.16,1.07,61729000.0,197356000.0,197356000.0,,189507000.0,7849000.0,5740262000.0,6071525000.0,,,,83372000.0,5740262000.0,331263000.0,3297000.0,14491000.0,83372000.0,247891000.0,11194000.0,259085000.0,6071525000.0,179500000.0,177658000.0,182612000.0
Fluor Corp,FLR,CQ7WZ4NOFWT7FAE6Q943,1124198,2008.0,FY,2008-01-01,2008-12-31,2011-02-23 09:30:23+00:00,3.99,3.99,0.5,3.89,392791000.0,748903000.0,748903000.0,,716061000.0,32842000.0,21081870000.0,22325894000.0,,,,229692000.0,21081870000.0,1244024000.0,18439000.0,145801000.0,229692000.0,1014332000.0,127362000.0,1141694000.0,22325894000.0,179500000.0,177658000.0,182612000.0
Fluor Corp,FLR,CQ7WZ4NOFWT7FAE6Q943,1124198,2008.0,Q3YTD,2008-01-01,2008-09-30,,2.95,2.95,0.48,2.95,331062000.0,551547000.0,551547000.0,,526554000.0,24993000.0,15341608000.0,16254369000.0,,,,146320000.0,15341608000.0,912761000.0,15142000.0,131310000.0,146320000.0,766441000.0,116168000.0,882609000.0,16254369000.0,180100000.0,178253000.0,181110000.0
Fluor Corp,FLR,CQ7WZ4NOFWT7FAE6Q943,1124198,2008.0,Q3,2008-07-01,2008-09-30,2009-11-09 16:24:04+00:00,1.01,1.01,0.125,1.0,112166000.0,189331000.0,189331000.0,,181891000.0,7440000.0,5341945000.0,5673818000.0,,,,45089000.0,5341945000.0,331873000.0,4457000.0,19170000.0,45089000.0,286784000.0,14713000.0,301497000.0,5673818000.0,180100000.0,178253000.0,181110000.0
Fluor Corp,FLR,CQ7WZ4NOFWT7FAE6Q943,1124198,2008.0,Q2YTD,2008-01-01,2008-06-30,,1.96,1.96,0.3,1.96,218896000.0,362216000.0,362216000.0,,344663000.0,17553000.0,9999663000.0,10580551000.0,,,,101231000.0,9999663000.0,580888000.0,10685000.0,112140000.0,101231000.0,479657000.0,101455000.0,581112000.0,10580551000.0,177700000.0,176268000.0,184341000.0
Fluor Corp,FLR,CQ7WZ4NOFWT7FAE6Q943,1124198,2008.0,Q2,2008-04-01,2008-06-30,2009-08-10 16:14:50+00:00,1.17,1.17,0.125,1.12,135459000.0,217877000.0,217877000.0,,207957000.0,9920000.0,5449963000.0,5773570000.0,,,,61711000.0,5449963000.0,323607000.0,5489000.0,96929000.0,61711000.0,261896000.0,91440000.0,353336000.0,5773570000.0,177700000.0,176268000.0,184341000.0
Fluor Corp,FLR,CQ7WZ4NOFWT7FAE6Q943,1124198,2008.0,Q1,2008-01-01,2008-03-31,2009-05-11 16:17:34+00:00,0.77,0.77,0.125,0.74,83437000.0,144339000.0,144339000.0,,136706000.0,7633000.0,4549700000.0,4806981000.0,,,,39520000.0,4549700000.0,257281000.0,5196000.0,15211000.0,39520000.0,217761000.0,10015000.0,227776000.0,4806981000.0,177500000.0,175698000.0,182722000.0
Fluor Corp,FLR,CQ7WZ4NOFWT7FAE6Q943,1124198,2009.0,Q4,2009-10-01,2009-12-31,,0.83,0.83,0.31,0.83,102931000.0,161245000.0,161245000.0,,148724000.0,12521000.0,5156752000.0,5479366000.0,,,,61480000.0,5156752000.0,322614000.0,2398000.0,5440000.0,61480000.0,261134000.0,3042000.0,264176000.0,5479366000.0,180700000.0,179100000.0,180862000.0
Fluor Corp,FLR,CQ7WZ4NOFWT7FAE6Q943,1124198,2009.0,FY,2009-01-01,2009-12-31,2012-02-22 16:22:32+00:00,3.79,3.79,0.5,3.75,403913000.0,732875000.0,732875000.0,,684889000.0,47986000.0,20689161000.0,21990297000.0,,,,178520000.0,20689161000.0,1301136000.0,10054000.0,24226000.0,178520000.0,1122616000.0,14172000.0,1136788000.0,21990297000.0,180700000.0,179100000.0,180862000.0
Fluor Corp,FLR,CQ7WZ4NOFWT7FAE6Q943,1124198,2009.0,Q3TTM,2008-10-01,2009-09-30,,4.06,4.06,0.77,4.06,362711000.0,768986000.0,768986000.0,,725672000.0,43314000.0,21272671000.0,22582456000.0,,,,200412000.0,21272671000.0,1309785000.0,10953000.0,33277000.0,200412000.0,1109373000.0,22324000.0,1131697000.0,22582456000.0,180100000.0,178859000.0,181124000.0
Fluor Corp,FLR,CQ7WZ4NOFWT7FAE6Q943,1124198,2009.0,Q3YTD,2009-01-01,2009-09-30,,3.0,3.0,0.62,3.0,300982000.0,571630000.0,571630000.0,,536165000.0,35465000.0,15532409000.0,16510931000.0,,,,117040000.0,15532409000.0,978522000.0,7656000.0,18786000.0,117040000.0,861482000.0,11130000.0,872612000.0,16510931000.0,180100000.0,178859000.0,181124000.0
Fluor Corp,FLR,CQ7WZ4NOFWT7FAE6Q943,1124198,2009.0,Q3,2009-07-01,2009-09-30,2010-11-04 16:16:24+00:00,0.9,0.9,0.125,0.89,91858000.0,174004000.0,174004000.0,,162096000.0,11908000.0,5108144000.0,5420488000.0,,,,49622000.0,5108144000.0,312344000.0,2585000.0,5725000.0,49622000.0,262722000.0,3140000.0,265862000.0,5420488000.0,180100000.0,178859000.0,181124000.0
Fluor Corp,FLR,CQ7WZ4NOFWT7FAE6Q943,1124198,2009.0,Q2TTM,2008-07-01,2009-06-30,,4.16,4.16,0.67,4.16,383019000.0,784313000.0,784313000.0,,745467000.0,38846000.0,21506472000.0,22835786000.0,,,,195879000.0,21506472000.0,1329314000.0,12825000.0,46722000.0,195879000.0,1133435000.0,33897000.0,1167332000.0,22835786000.0,180100000.0,179054000.0,181198000.0
Fluor Corp,FLR,CQ7WZ4NOFWT7FAE6Q943,1124198,2009.0,Q2YTD,2009-01-01,2009-06-30,,2.09,2.09,0.33,2.09,209124000.0,397626000.0,397626000.0,,374069000.0,23557000.0,10424265000.0,11090443000.0,,,,67418000.0,10424265000.0,666178000.0,5071000.0,13061000.0,67418000.0,598760000.0,7990000.0,606750000.0,11090443000.0,180100000.0,179054000.0,181198000.0
Fluor Corp,FLR,CQ7WZ4NOFWT7FAE6Q943,1124198,2009.0,Q2,2009-04-01,2009-06-30,2010-07-27 14:20:52+00:00,0.94,0.94,0.125,0.93,101911000.0,176339000.0,176339000.0,,169270000.0,7069000.0,4975649000.0,5292554000.0,,,,42003000.0,4975649000.0,316905000.0,2488000.0,5836000.0,42003000.0,274902000.0,3348000.0,278250000.0,5292554000.0,180100000.0,179054000.0,181198000.0
Fluor Corp,FLR,CQ7WZ4NOFWT7FAE6Q943,1124198,2009.0,Q1TTM,2008-04-01,2009-03-31,,4.35,4.35,0.66,4.35,416567000.0,825851000.0,825851000.0,,784154000.0,41697000.0,21980786000.0,23316802000.0,,,,215587000.0,21980786000.0,1336016000.0,15826000.0,137815000.0,215587000.0,1120429000.0,121989000.0,1242418000.0,23316802000.0,181200000.0,180317000.0,181204000.0
Fluor Corp,FLR,CQ7WZ4NOFWT7FAE6Q943,1124198,2009.0,Q1,2009-01-01,2009-03-31,2010-05-10 16:21:35+00:00,1.13,1.13,0.125,1.12,107213000.0,221287000.0,221287000.0,,204799000.0,16488000.0,5448616000.0,5797889000.0,,,,25415000.0,5448616000.0,349273000.0,2583000.0,7225000.0,25415000.0,323858000.0,4642000.0,328500000.0,5797889000.0,181200000.0,180317000.0,181204000.0
Fluor Corp,FLR,CQ7WZ4NOFWT7FAE6Q943,1124198,2010.0,Q4,2010-10-01,2010-12-31,,0.66,0.66,0.13,0.65,-96593000.0,139081000.0,139081000.0,,117122000.0,21959000.0,5167767000.0,5266885000.0,,,,57970000.0,5167767000.0,99118000.0,2957000.0,4297000.0,57970000.0,41148000.0,1340000.0,42488000.0,5266885000.0,177900000.0,178047000.0,180988000.0
Fluor Corp,FLR,CQ7WZ4NOFWT7FAE6Q943,1124198,2010.0,FY,2010-01-01,2010-12-31,2013-02-20 16:26:17+00:00,2.01,2.01,0.5,1.98,118514000.0,441082000.0,441082000.0,,357496000.0,83586000.0,20144099000.0,20849349000.0,,,,156268000.0,20144099000.0,705250000.0,10616000.0,21230000.0,156268000.0,548982000.0,10614000.0,559596000.0,20849349000.0,177900000.0,178047000.0,180988000.0
Fluor Corp,FLR,CQ7WZ4NOFWT7FAE6Q943,1124198,2010.0,Q3YTD,2010-01-01,2010-09-30,,1.35,1.35,0.69,1.35,215107000.0,302001000.0,302001000.0,,240374000.0,61627000.0,14976332000.0,15582464000.0,,,,98298000.0,14976332000.0,606132000.0,7659000.0,16933000.0,98298000.0,507834000.0,9274000.0,517108000.0,15582464000.0,178800000.0,178248000.0,178248000.0
Fluor Corp,FLR,CQ7WZ4NOFWT7FAE6Q943,1124198,2010.0,Q3TTM,2009-10-01,2010-09-30,,2.18,2.18,1.0,2.18,318038000.0,463246000.0,463246000.0,,389098000.0,74148000.0,20133084000.0,21061830000.0,,,,159778000.0,20133084000.0,928746000.0,10057000.0,22373000.0,159778000.0,768968000.0,12316000.0,781284000.0,21061830000.0,178800000.0,178248000.0,178248000.0
Fluor Corp,FLR,CQ7WZ4NOFWT7FAE6Q943,1124198,2010.0,Q3,2010-07-01,2010-09-30,2011-11-03 16:16:50+00:00,-0.3,-0.3,0.125,-0.3,54967000.0,-30088000.0,-30088000.0,,-53636000.0,23548000.0,5449681000.0,5511488000.0,,,,39563000.0,5449681000.0,61807000.0,2183000.0,4818000.0,39563000.0,22244000.0,2635000.0,24879000.0,5511488000.0,178800000.0,178248000.0,178248000.0
Fluor Corp,FLR,CQ7WZ4NOFWT7FAE6Q943,1124198,2010.0,Q2YTD,2010-01-01,2010-06-30,,1.65,1.65,0.44,1.65,160140000.0,332089000.0,332089000.0,,294010000.0,38079000.0,9526651000.0,10070976000.0,,,,58735000.0,9526651000.0,544325000.0,5476000.0,12115000.0,58735000.0,485590000.0,6639000.0,492229000.0,10070976000.0,178800000.0,178214000.0,180688000.0
Fluor Corp,FLR,CQ7WZ4NOFWT7FAE6Q943,1124198,2010.0,Q2TTM,2009-07-01,2010-06-30,,3.39,3.39,1.04,3.39,354929000.0,667338000.0,667338000.0,,604830000.0,62508000.0,19791547000.0,20970830000.0,,,,169837000.0,19791547000.0,1179283000.0,10459000.0,23280000.0,169837000.0,1009446000.0,12821000.0,1022267000.0,20970830000.0,178800000.0,178214000.0,180688000.0
Fluor Corp,FLR,CQ7WZ4NOFWT7FAE6Q943,1124198,2010.0,Q2,2010-04-01,2010-06-30,2011-08-04 16:18:20+00:00,0.88,0.88,0.125,0.87,80724000.0,178417000.0,178417000.0,,157375000.0,21042000.0,4868354000.0,5152121000.0,,,,27827000.0,4868354000.0,283767000.0,2304000.0,5505000.0,27827000.0,255940000.0,3201000.0,259141000.0,5152121000.0,178800000.0,178214000.0,180688000.0
Fluor Corp,FLR,CQ7WZ4NOFWT7FAE6Q943,1124198,2010.0,Q1TTM,2009-04-01,2010-03-31,,3.46,3.46,0.99,3.46,376116000.0,665260000.0,665260000.0,,616725000.0,48535000.0,19898842000.0,21111263000.0,,,,184013000.0,19898842000.0,1212421000.0,10643000.0,23611000.0,184013000.0,1028408000.0,12968000.0,1041376000.0,21111263000.0,177400000.0,178163000.0,180769000.0
Fluor Corp,FLR,CQ7WZ4NOFWT7FAE6Q943,1124198,2010.0,Q1,2010-01-01,2010-03-31,2011-05-05 16:17:32+00:00,0.77,0.77,0.125,0.76,79416000.0,153672000.0,153672000.0,,136635000.0,17037000.0,4658297000.0,4918855000.0,,,,30908000.0,4658297000.0,260558000.0,3172000.0,6610000.0,30908000.0,229650000.0,3438000.0,233088000.0,4918855000.0,177400000.0,178163000.0,180769000.0
Fluor Corp,FLR,CQ7WZ4NOFWT7FAE6Q943,1124198,2011.0,Q4,2011-10-01,2011-12-31,,0.91,0.91,0.13,0.9,64783000.0,183826000.0,183826000.0,,153156000.0,30670000.0,5942381000.0,6252134000.0,,,,61271000.0,5942381000.0,309753000.0,7467000.0,7594000.0,61271000.0,248482000.0,127000.0,248609000.0,6252134000.0,172600000.0,172501000.0,174564000.0
Fluor Corp,FLR,CQ7WZ4NOFWT7FAE6Q943,1124198,2011.0,FY,2011-01-01,2011-12-31,2014-02-18 16:27:01+00:00,3.44,3.44,0.5,3.4,303729000.0,698087000.0,698087000.0,,593728000.0,104359000.0,22232483000.0,23381399000.0,,,,163460000.0,22232483000.0,1148916000.0,15601000.0,31961000.0,163460000.0,985456000.0,16360000.0,1001816000.0,23381399000.0,172600000.0,172501000.0,174564000.0
Fluor Corp,FLR,CQ7WZ4NOFWT7FAE6Q943,1124198,2011.0,Q3YTD,2011-01-01,2011-09-30,,2.53,2.53,0.38,2.5,238946000.0,514261000.0,514261000.0,,440572000.0,73689000.0,16290102000.0,17129265000.0,,,,102189000.0,16290102000.0,839163000.0,8134000.0,24367000.0,102189000.0,736974000.0,16233000.0,753207000.0,17129265000.0,171300000.0,171576000.0,173178000.0
Fluor Corp,FLR,CQ7WZ4NOFWT7FAE6Q943,1124198,2011.0,Q3TTM,2010-10-01,2011-09-30,,3.19,3.19,0.5,3.15,142353000.0,653342000.0,653342000.0,,557694000.0,95648000.0,21457869000.0,22396150000.0,,,,160159000.0,21457869000.0,938281000.0,11091000.0,28664000.0,160159000.0,778122000.0,17573000.0,795695000.0,22396150000.0,171300000.0,171576000.0,173178000.0
Fluor Corp,FLR,CQ7WZ4NOFWT7FAE6Q943,1124198,2011.0,Q3,2011-07-01,2011-09-30,2012-11-01 16:19:23+00:00,0.79,0.79,0.125,0.78,69348000.0,161589000.0,161589000.0,,135362000.0,26227000.0,5775527000.0,6037613000.0,,,,37258000.0,5775527000.0,262086000.0,2027000.0,8136000.0,37258000.0,224828000.0,6109000.0,230937000.0,6037613000.0,171300000.0,171576000.0,173178000.0
Fluor Corp,FLR,CQ7WZ4NOFWT7FAE6Q943,1124198,2011.0,Q2YTD,2011-01-01,2011-06-30,,1.74,1.74,0.25,1.72,169598000.0,352672000.0,352672000.0,,305210000.0,47462000.0,10514575000.0,11091652000.0,,,,64931000.0,10514575000.0,577077000.0,6107000.0,16231000.0,64931000.0,512146000.0,10124000.0,522270000.0,11091652000.0,174200000.0,173425000.0,175257000.0
Fluor Corp,FLR,CQ7WZ4NOFWT7FAE6Q943,1124198,2011.0,Q2TTM,2010-07-01,2011-06-30,,2.13,2.13,1.04,2.13,127972000.0,461665000.0,461665000.0,,368696000.0,92969000.0,21132023000.0,21870025000.0,,,,162464000.0,21132023000.0,738002000.0,11247000.0,25346000.0,162464000.0,575538000.0,14099000.0,589637000.0,21870025000.0,174200000.0,173425000.0,175257000.0
Fluor Corp,FLR,CQ7WZ4NOFWT7FAE6Q943,1124198,2011.0,Q2,2011-04-01,2011-06-30,2012-08-02 16:23:33+00:00,0.95,0.95,0.125,0.94,89733000.0,191459000.0,191459000.0,,165499000.0,25960000.0,5727032000.0,6033876000.0,,,,31106000.0,5727032000.0,306844000.0,3558000.0,9012000.0,31106000.0,275738000.0,5454000.0,281192000.0,6033876000.0,174200000.0,173425000.0,175257000.0
Fluor Corp,FLR,CQ7WZ4NOFWT7FAE6Q943,1124198,2011.0,Q1TTM,2010-04-01,2011-03-31,,2.05,2.05,1.05,2.05,118963000.0,448623000.0,448623000.0,,360572000.0,88051000.0,20273345000.0,20988270000.0,,,,159185000.0,20273345000.0,714925000.0,9993000.0,21839000.0,159185000.0,555740000.0,11846000.0,567586000.0,20988270000.0,176800000.0,175819000.0,179022000.0
Fluor Corp,FLR,CQ7WZ4NOFWT7FAE6Q943,1124198,2011.0,Q1,2011-01-01,2011-03-31,2012-05-03 16:19:30+00:00,0.79,0.79,0.125,0.78,79865000.0,161213000.0,161213000.0,,139711000.0,21502000.0,4787543000.0,5057776000.0,,,,33825000.0,4787543000.0,270233000.0,2549000.0,7219000.0,33825000.0,236408000.0,4670000.0,241078000.0,5057776000.0,176800000.0,175819000.0,179022000.0
Fluor Corp,FLR,CQ7WZ4NOFWT7FAE6Q943,1124198,2012.0,FY,2012-01-01,2012-12-31,2015-02-18 07:58:00+00:00,2.73,2.73,0.64,2.71,162438000.0,571067000.0,571067000.0,,456330000.0,114737000.0,26692138000.0,27577135000.0,,,,151010000.0,26692138000.0,884997000.0,28238000.0,27756000.0,151010000.0,733987000.0,-482000.0,733505000.0,27577135000.0,167200000.0,167121000.0,168491000.0
Fluor Corp,FLR,CQ7WZ4NOFWT7FAE6Q943,1124198,2012.0,Q4,2012-10-01,2012-12-31,,-0.02,-0.02,0.16,-0.01,-89011000.0,29033000.0,29033000.0,,-4325000.0,33358000.0,7038364000.0,7022722000.0,,,,41078000.0,7038364000.0,-15642000.0,7857000.0,4599000.0,41078000.0,-56720000.0,-3258000.0,-59978000.0,7022722000.0,167200000.0,167121000.0,168491000.0
Fluor Corp,FLR,CQ7WZ4NOFWT7FAE6Q943,1124198,2012.0,Q3YTD,2012-01-01,2012-09-30,,2.75,2.75,0.48,2.72,251449000.0,542034000.0,542034000.0,,460655000.0,81379000.0,19653774000.0,20554413000.0,,,,109932000.0,19653774000.0,900639000.0,20381000.0,23157000.0,109932000.0,790707000.0,2776000.0,793483000.0,20554413000.0,166200000.0,166660000.0,167968000.0
Fluor Corp,FLR,CQ7WZ4NOFWT7FAE6Q943,1124198,2012.0,Q3TTM,2011-10-01,2012-09-30,,3.66,3.66,0.61,3.62,316232000.0,725860000.0,725860000.0,,613811000.0,112049000.0,25596155000.0,26806547000.0,,,,171203000.0,25596155000.0,1210392000.0,27848000.0,30751000.0,171203000.0,1039189000.0,2903000.0,1042092000.0,26806547000.0,166200000.0,166660000.0,167968000.0
Fluor Corp,FLR,CQ7WZ4NOFWT7FAE6Q943,1124198,2012.0,Q3,2012-07-01,2012-09-30,2013-10-31 16:19:29+00:00,0.87,0.87,0.16,0.86,92164000.0,172338000.0,172338000.0,,144583000.0,27755000.0,6829781000.0,7136056000.0,,,,40884000.0,6829781000.0,306275000.0,6890000.0,6001000.0,40884000.0,265391000.0,-889000.0,264502000.0,7136056000.0,166200000.0,166660000.0,167968000.0
Fluor Corp,FLR,CQ7WZ4NOFWT7FAE6Q943,1124198,2012.0,Q2YTD,2012-01-01,2012-06-30,,1.88,1.88,0.32,1.86,159285000.0,369696000.0,369696000.0,,316072000.0,53624000.0,12823993000.0,13418357000.0,,,,69048000.0,12823993000.0,594364000.0,13491000.0,17156000.0,69048000.0,525316000.0,3665000.0,528981000.0,13418357000.0,167900000.0,168264000.0,169440000.0
Fluor Corp,FLR,CQ7WZ4NOFWT7FAE6Q943,1124198,2012.0,Q2TTM,2011-07-01,2012-06-30,,3.58,3.58,0.57,3.54,293416000.0,715111000.0,715111000.0,,604590000.0,110521000.0,24541901000.0,25708104000.0,,,,167577000.0,24541901000.0,1166203000.0,22985000.0,32886000.0,167577000.0,998626000.0,9901000.0,1008527000.0,25708104000.0,167900000.0,168264000.0,169440000.0
Fluor Corp,FLR,CQ7WZ4NOFWT7FAE6Q943,1124198,2012.0,Q2,2012-04-01,2012-06-30,2013-08-01 07:43:24+00:00,0.96,0.96,0.16,0.95,95660000.0,192521000.0,192521000.0,,161190000.0,31331000.0,6809783000.0,7128249000.0,,,,31206000.0,6809783000.0,318466000.0,6610000.0,7531000.0,31206000.0,287260000.0,921000.0,288181000.0,7128249000.0,167900000.0,168264000.0,169440000.0
Fluor Corp,FLR,CQ7WZ4NOFWT7FAE6Q943,1124198,2012.0,Q1TTM,2011-04-01,2012-03-31,,3.57,3.57,0.54,3.53,287489000.0,714049000.0,714049000.0,,608899000.0,105150000.0,23459150000.0,24613731000.0,,,,167477000.0,23459150000.0,1154581000.0,19933000.0,34367000.0,167477000.0,987104000.0,14434000.0,1001538000.0,24613731000.0,168400000.0,168852000.0,170406000.0
Fluor Corp,FLR,CQ7WZ4NOFWT7FAE6Q943,1124198,2012.0,Q1,2012-01-01,2012-03-31,2013-05-02 16:17:51+00:00,0.92,0.92,0.16,0.91,63625000.0,177175000.0,177175000.0,,154882000.0,22293000.0,6014210000.0,6290108000.0,,,,37842000.0,6014210000.0,275898000.0,6881000.0,9625000.0,37842000.0,238056000.0,2744000.0,240800000.0,6290108000.0,168400000.0,168852000.0,170406000.0
Fluor Corp,FLR,CQ7WZ4NOFWT7FAE6Q943,1124198,2013.0,FY,2013-01-01,2013-12-31,2016-02-18 16:33:56+00:00,4.11,4.11,0.64,4.06,354573000.0,823026000.0,823026000.0,,667711000.0,155315000.0,25986382000.0,27351573000.0,,,,175148000.0,25986382000.0,1365191000.0,26887000.0,14443000.0,175148000.0,1190043000.0,-12444000.0,1177599000.0,27351573000.0,162500000.0,162566000.0,164354000.0
Fluor Corp,FLR,CQ7WZ4NOFWT7FAE6Q943,1124198,2013.0,Q4,2013-10-01,2013-12-31,,1.04,1.04,0.16,1.01,82739000.0,185079000.0,185079000.0,,166795000.0,18284000.0,5955475000.0,6291405000.0,,,,64558000.0,5955475000.0,335930000.0,7049000.0,3495000.0,64558000.0,271372000.0,-3554000.0,267818000.0,6291405000.0,162500000.0,162566000.0,164354000.0
Fluor Corp,FLR,CQ7WZ4NOFWT7FAE6Q943,1124198,2013.0,Q3YTD,2013-01-01,2013-09-30,,3.07,3.07,0.48,3.05,271834000.0,637947000.0,637947000.0,,500916000.0,137031000.0,20030907000.0,21060168000.0,,,,110590000.0,20030907000.0,1029261000.0,19838000.0,10948000.0,110590000.0,918671000.0,-8890000.0,909781000.0,21060168000.0,163300000.0,162940000.0,164845000.0
Fluor Corp,FLR,CQ7WZ4NOFWT7FAE6Q943,1124198,2013.0,Q3TTM,2012-10-01,2013-09-30,,3.05,3.05,0.64,3.04,182823000.0,666980000.0,666980000.0,,496591000.0,170389000.0,27069271000.0,28082890000.0,,,,151668000.0,27069271000.0,1013619000.0,27695000.0,15547000.0,151668000.0,861951000.0,-12148000.0,849803000.0,28082890000.0,163300000.0,162940000.0,164845000.0
Fluor Corp,FLR,CQ7WZ4NOFWT7FAE6Q943,1124198,2013.0,Q3,2013-07-01,2013-09-30,2014-10-30 16:18:37+00:00,1.06,1.06,0.16,1.05,87391000.0,217351000.0,217351000.0,,173046000.0,44305000.0,6329685000.0,6684216000.0,,,,46070000.0,6329685000.0,354531000.0,6435000.0,2716000.0,46070000.0,308461000.0,-3719000.0,304742000.0,6684216000.0,163300000.0,162940000.0,164845000.0
Fluor Corp,FLR,CQ7WZ4NOFWT7FAE6Q943,1124198,2013.0,Q2YTD,2013-01-01,2013-06-30,,2.01,2.01,0.32,2.0,184443000.0,420596000.0,420596000.0,,327870000.0,92726000.0,13701222000.0,14375952000.0,,,,64520000.0,13701222000.0,674730000.0,13403000.0,8232000.0,64520000.0,610210000.0,-5171000.0,605039000.0,14375952000.0,163000000.0,162797000.0,164135000.0
Fluor Corp,FLR,CQ7WZ4NOFWT7FAE6Q943,1124198,2013.0,Q2TTM,2012-07-01,2013-06-30,,2.86,2.86,0.64,2.85,187596000.0,621967000.0,621967000.0,,468128000.0,153839000.0,27569367000.0,28534730000.0,,,,146482000.0,27569367000.0,965363000.0,28150000.0,18832000.0,146482000.0,818881000.0,-9318000.0,809563000.0,28534730000.0,163000000.0,162797000.0,164135000.0
Fluor Corp,FLR,CQ7WZ4NOFWT7FAE6Q943,1124198,2013.0,Q2,2013-04-01,2013-06-30,2014-07-31 16:28:03+00:00,0.99,0.99,0.16,0.98,91366000.0,207340000.0,207340000.0,,161412000.0,45928000.0,6857472000.0,7190328000.0,,,,31918000.0,6857472000.0,332856000.0,6448000.0,4216000.0,31918000.0,300938000.0,-2232000.0,298706000.0,7190328000.0,163000000.0,162797000.0,164135000.0
Fluor Corp,FLR,CQ7WZ4NOFWT7FAE6Q943,1124198,2013.0,Q1TTM,2012-04-01,2013-03-31,,2.83,2.83,0.64,2.82,191890000.0,607148000.0,607148000.0,,467906000.0,139242000.0,27521678000.0,28472651000.0,,,,145770000.0,27521678000.0,950973000.0,28312000.0,22147000.0,145770000.0,805203000.0,-6165000.0,799038000.0,28472651000.0,163200000.0,162408000.0,163991000.0
Fluor Corp,FLR,CQ7WZ4NOFWT7FAE6Q943,1124198,2013.0,Q1,2013-01-01,2013-03-31,2014-05-01 16:25:23+00:00,1.02,1.02,0.16,1.02,93077000.0,213256000.0,213256000.0,,166458000.0,46798000.0,6843750000.0,7185624000.0,,,,32602000.0,6843750000.0,341874000.0,6955000.0,4016000.0,32602000.0,309272000.0,-2939000.0,306333000.0,7185624000.0,163200000.0,162408000.0,163991000.0
Fluor Corp,FLR,CQ7WZ4NOFWT7FAE6Q943,1124198,2014.0,FY,2014-01-01,2014-12-31,2017-02-17 07:58:44+00:00,3.24,3.24,0.84,3.2,352815000.0,647543000.0,852094000.0,-204551000.0,510909000.0,136634000.0,20132544000.0,21531577000.0,,,,182711000.0,20132544000.0,1399033000.0,29681000.0,18268000.0,182711000.0,1216322000.0,-11413000.0,1204909000.0,21531577000.0,157700000.0,157487000.0,159616000.0
Fluor Corp,FLR,CQ7WZ4NOFWT7FAE6Q943,1124198,2014.0,Q4,2014-10-01,2014-12-31,,1.38,1.38,0.21,1.36,69896000.0,229363000.0,234872000.0,-5509000.0,214543000.0,14820000.0,5093928000.0,5455196000.0,,,,53096000.0,5093928000.0,361268000.0,9360000.0,5956000.0,53096000.0,308172000.0,-3404000.0,304768000.0,5455196000.0,157700000.0,157487000.0,159616000.0
Fluor Corp,FLR,CQ7WZ4NOFWT7FAE6Q943,1124198,2014.0,Q3,2014-07-01,2014-09-30,2015-10-29 16:24:48+00:00,0.44,0.44,0.21,0.44,114635000.0,114890000.0,228749000.0,-113859000.0,69502000.0,45388000.0,5059960000.0,5440081000.0,,,,35131000.0,5059960000.0,380121000.0,5979000.0,4373000.0,35131000.0,344990000.0,-1606000.0,343384000.0,5440081000.0,158000000.0,157332000.0,159456000.0
Fluor Corp,FLR,CQ7WZ4NOFWT7FAE6Q943,1124198,2014.0,Q3YTD,2014-01-01,2014-09-30,,1.86,1.86,0.63,1.84,282919000.0,418180000.0,617222000.0,-199042000.0,296366000.0,121814000.0,15038616000.0,16076381000.0,,,,129615000.0,15038616000.0,1037765000.0,20321000.0,12312000.0,129615000.0,908150000.0,-8009000.0,900141000.0,16076381000.0,158000000.0,157332000.0,159456000.0
Fluor Corp,FLR,CQ7WZ4NOFWT7FAE6Q943,1124198,2014.0,Q3TTM,2013-10-01,2014-09-30,,2.9,2.9,0.79,2.85,365658000.0,603259000.0,802301000.0,-199042000.0,463161000.0,140098000.0,20994091000.0,22367786000.0,,,,194173000.0,20994091000.0,1373695000.0,27370000.0,15807000.0,194173000.0,1179522000.0,-11563000.0,1167959000.0,22367786000.0,158000000.0,157332000.0,159456000.0
Fluor Corp,FLR,CQ7WZ4NOFWT7FAE6Q943,1124198,2014.0,Q2,2014-04-01,2014-06-30,2015-07-30 16:25:06+00:00,0.49,0.49,0.21,0.48,90126000.0,109980000.0,195163000.0,-85183000.0,77790000.0,32190000.0,4906352000.0,5251664000.0,,,,56711000.0,4906352000.0,345312000.0,7445000.0,4133000.0,56711000.0,288601000.0,-3312000.0,285289000.0,5251664000.0,158800000.0,158465000.0,160454000.0
Fluor Corp,FLR,CQ7WZ4NOFWT7FAE6Q943,1124198,2014.0,Q2YTD,2014-01-01,2014-06-30,,1.42,1.42,0.42,1.4,168284000.0,303290000.0,388473000.0,-85183000.0,226864000.0,76426000.0,9978656000.0,10636300000.0,,,,94484000.0,9978656000.0,657644000.0,14342000.0,7939000.0,94484000.0,563160000.0,-6403000.0,556757000.0,10636300000.0,158800000.0,158465000.0,160454000.0
Fluor Corp,FLR,CQ7WZ4NOFWT7FAE6Q943,1124198,2014.0,Q2TTM,2013-07-01,2014-06-30,,3.52,3.52,0.74,3.46,338414000.0,705720000.0,790903000.0,-85183000.0,566705000.0,139015000.0,22263816000.0,23611921000.0,,,,205112000.0,22263816000.0,1348105000.0,27826000.0,14150000.0,205112000.0,1142993000.0,-13676000.0,1129317000.0,23611921000.0,158800000.0,158465000.0,160454000.0
Fluor Corp,FLR,CQ7WZ4NOFWT7FAE6Q943,1124198,2014.0,Q1,2014-01-01,2014-03-31,2015-04-30 16:21:44+00:00,0.93,0.93,0.21,0.92,78158000.0,193310000.0,193310000.0,,149074000.0,44236000.0,5072304000.0,5384636000.0,,,,37773000.0,5072304000.0,312332000.0,6897000.0,3806000.0,37773000.0,274559000.0,-3091000.0,271468000.0,5384636000.0,160300000.0,160213000.0,162360000.0
Fluor Corp,FLR,CQ7WZ4NOFWT7FAE6Q943,1124198,2014.0,Q1TTM,2013-04-01,2014-03-31,,4.02,4.02,0.69,3.96,339654000.0,803080000.0,803080000.0,,650327000.0,152753000.0,24214936000.0,25550585000.0,,,,180319000.0,24214936000.0,1335649000.0,26829000.0,14233000.0,180319000.0,1155330000.0,-12596000.0,1142734000.0,25550585000.0,160300000.0,160213000.0,162360000.0
Fluor Corp,FLR,CQ7WZ4NOFWT7FAE6Q943,1124198,2015.0,FY,2015-01-01,2015-12-31,2018-02-20 16:37:36+00:00,2.85,2.85,0.84,2.81,245888000.0,475006000.0,480664000.0,-5658000.0,412512000.0,62494000.0,17019352000.0,18114048000.0,,239896000.0,,168329000.0,17019352000.0,1094696000.0,44770000.0,84851000.0,408225000.0,686471000.0,40081000.0,726552000.0,18114048000.0,144700000.0,144805000.0,146722000.0
Fluor Corp,FLR,CQ7WZ4NOFWT7FAE6Q943,1124198,2015.0,Q4,2015-10-01,2015-12-31,,-0.34,-0.34,0.21,-0.32,-6908000.0,-33078000.0,-32477000.0,-601000.0,-51357000.0,18279000.0,4118219000.0,4370681000.0,,239896000.0,,44269000.0,4118219000.0,252462000.0,11031000.0,3349000.0,284165000.0,-31703000.0,-7682000.0,-39385000.0,4370681000.0,144700000.0,144805000.0,146722000.0
Fluor Corp,FLR,CQ7WZ4NOFWT7FAE6Q943,1124198,2015.0,Q3,2015-07-01,2015-09-30,2016-11-03 16:29:23+00:00,1.19,1.19,0.21,1.17,91417000.0,181736000.0,186793000.0,-5057000.0,171283000.0,10453000.0,4133819000.0,4384612000.0,,,,35165000.0,4133819000.0,250793000.0,10170000.0,72752000.0,35165000.0,215628000.0,62582000.0,278210000.0,4384612000.0,143900000.0,144293000.0,146085000.0
Fluor Corp,FLR,CQ7WZ4NOFWT7FAE6Q943,1124198,2015.0,Q3YTD,2015-01-01,2015-09-30,,3.19,3.19,0.63,3.13,252796000.0,508084000.0,513141000.0,-5057000.0,463869000.0,44215000.0,12901133000.0,13743367000.0,,,,124060000.0,12901133000.0,842234000.0,33739000.0,81502000.0,124060000.0,718174000.0,47763000.0,765937000.0,13743367000.0,143900000.0,144293000.0,146085000.0
Fluor Corp,FLR,CQ7WZ4NOFWT7FAE6Q943,1124198,2015.0,Q3TTM,2014-10-01,2015-09-30,,4.57,4.57,0.84,4.49,322692000.0,737447000.0,748013000.0,-10566000.0,678412000.0,59035000.0,17995061000.0,19198563000.0,,,,177156000.0,17995061000.0,1203502000.0,43099000.0,87458000.0,177156000.0,1026346000.0,44359000.0,1070705000.0,19198563000.0,143900000.0,144293000.0,146085000.0
Fluor Corp,FLR,CQ7WZ4NOFWT7FAE6Q943,1124198,2015.0,Q2,2015-04-01,2015-06-30,2016-08-04 16:22:57+00:00,1.02,1.02,0.21,1.0,78105000.0,160744000.0,160744000.0,,148507000.0,12237000.0,4516125000.0,4810106000.0,,,,47785000.0,4516125000.0,293981000.0,11401000.0,4054000.0,47785000.0,246196000.0,-7347000.0,238849000.0,4810106000.0,145600000.0,146261000.0,147921000.0
Fluor Corp,FLR,CQ7WZ4NOFWT7FAE6Q943,1124198,2015.0,Q2YTD,2015-01-01,2015-06-30,,2.0,2.0,0.42,1.96,161379000.0,326348000.0,326348000.0,,292586000.0,33762000.0,8767314000.0,9358755000.0,,,,88895000.0,8767314000.0,591441000.0,23569000.0,8750000.0,88895000.0,502546000.0,-14819000.0,487727000.0,9358755000.0,145600000.0,146261000.0,147921000.0
Fluor Corp,FLR,CQ7WZ4NOFWT7FAE6Q943,1124198,2015.0,Q2TTM,2014-07-01,2015-06-30,,3.82,3.82,0.84,3.76,345910000.0,670601000.0,789969000.0,-119368000.0,576631000.0,93970000.0,18921202000.0,20254032000.0,,,,177122000.0,18921202000.0,1332830000.0,38908000.0,19079000.0,177122000.0,1155708000.0,-19829000.0,1135879000.0,20254032000.0,145600000.0,146261000.0,147921000.0
Fluor Corp,FLR,CQ7WZ4NOFWT7FAE6Q943,1124198,2015.0,Q1,2015-01-01,2015-03-31,2016-05-05 16:27:07+00:00,0.98,0.98,0.21,0.96,83274000.0,165604000.0,165604000.0,,144079000.0,21525000.0,4251189000.0,4548649000.0,,,,41110000.0,4251189000.0,297460000.0,12168000.0,4696000.0,41110000.0,256350000.0,-7472000.0,248878000.0,4548649000.0,147000000.0,147731000.0,149915000.0
Fluor Corp,FLR,CQ7WZ4NOFWT7FAE6Q943,1124198,2015.0,Q1TTM,2014-04-01,2015-03-31,,3.29,3.29,0.84,3.24,357931000.0,619837000.0,824388000.0,-204551000.0,505914000.0,113923000.0,19311429000.0,20695590000.0,,,,186048000.0,19311429000.0,1384161000.0,34952000.0,19158000.0,186048000.0,1198113000.0,-15794000.0,1182319000.0,20695590000.0,147000000.0,147731000.0,149915000.0
Fluor Corp,FLR,CQ7WZ4NOFWT7FAE6Q943,1124198,2016.0,FY,2016-01-01,2016-12-31,2019-02-21 16:35:07+00:00,2.02,2.02,0.84,2.0,219151000.0,327449000.0,327449000.0,,281401000.0,46000000.0,18246209000.0,19036525000.0,,,,191100000.0,18246209000.0,790316000.0,69689000.0,17046000.0,191100000.0,599216000.0,-52643000.0,546600000.0,19036525000.0,139300000.0,139171000.0,140912000.0
Fluor Corp,FLR,CQ7WZ4NOFWT7FAE6Q943,1124198,2016.0,Q4,2016-10-01,2016-12-31,,0.51,0.51,0.21,0.51,107651000.0,70978000.0,70978000.0,,70461000.0,469000.0,4740637000.0,4989655000.0,,,,56203000.0,4740637000.0,249018000.0,18948000.0,4735000.0,56203000.0,192815000.0,-14213000.0,178629000.0,4989655000.0,139300000.0,139171000.0,140912000.0
Fluor Corp,FLR,CQ7WZ4NOFWT7FAE6Q943,1124198,2016.0,Q3,2016-07-01,2016-09-30,2017-11-02 16:31:42+00:00,0.03,0.03,0.21,0.03,-20057000.0,17406000.0,17406000.0,,4804000.0,12602000.0,4729637000.0,4766864000.0,,,,27144000.0,4729637000.0,37227000.0,17377000.0,4643000.0,27144000.0,10083000.0,-12734000.0,-2651000.0,4766864000.0,160100000.0,139250000.0,140924000.0
Fluor Corp,FLR,CQ7WZ4NOFWT7FAE6Q943,1124198,2016.0,Q3YTD,2016-01-01,2016-09-30,,1.51,1.51,0.63,1.49,111500000.0,256471000.0,256471000.0,,210940000.0,45531000.0,13505572000.0,14046870000.0,,,,134897000.0,13505572000.0,541298000.0,50741000.0,12311000.0,134897000.0,406401000.0,-38430000.0,367971000.0,14046870000.0,160100000.0,139250000.0,140924000.0
Fluor Corp,FLR,CQ7WZ4NOFWT7FAE6Q943,1124198,2016.0,Q3TTM,2015-10-01,2016-09-30,,1.17,1.17,0.84,1.17,104592000.0,223393000.0,223994000.0,-601000.0,159583000.0,63810000.0,17623791000.0,18417551000.0,,239896000.0,,179166000.0,17623791000.0,793760000.0,61772000.0,15660000.0,419062000.0,374698000.0,-46112000.0,328586000.0,18417551000.0,160100000.0,139250000.0,140924000.0
Fluor Corp,FLR,CQ7WZ4NOFWT7FAE6Q943,1124198,2016.0,Q2,2016-04-01,2016-06-30,2017-08-03 16:27:45+00:00,0.73,0.73,0.21,0.72,61348000.0,120054000.0,120054000.0,,101813000.0,18241000.0,4607868000.0,4856117000.0,,,,52640000.0,4607868000.0,248249000.0,18719000.0,4512000.0,52640000.0,195609000.0,-14207000.0,181402000.0,4856117000.0,139500000.0,139226000.0,140801000.0
Fluor Corp,FLR,CQ7WZ4NOFWT7FAE6Q943,1124198,2016.0,Q2YTD,2016-01-01,2016-06-30,,1.48,1.48,0.42,1.46,131557000.0,239065000.0,239065000.0,,206136000.0,32929000.0,8775935000.0,9280006000.0,,,,107753000.0,8775935000.0,504071000.0,33364000.0,7668000.0,107753000.0,396318000.0,-25696000.0,370622000.0,9280006000.0,139500000.0,139226000.0,140801000.0
Fluor Corp,FLR,CQ7WZ4NOFWT7FAE6Q943,1124198,2016.0,Q2TTM,2015-07-01,2016-06-30,,2.33,2.33,0.84,2.31,216066000.0,387723000.0,393381000.0,-5658000.0,326062000.0,61661000.0,17027973000.0,18035299000.0,,239896000.0,,187187000.0,17027973000.0,1007326000.0,54565000.0,83769000.0,427083000.0,580243000.0,29204000.0,609447000.0,18035299000.0,139500000.0,139226000.0,140801000.0
Fluor Corp,FLR,CQ7WZ4NOFWT7FAE6Q943,1124198,2016.0,Q1,2016-01-01,2016-03-31,2017-05-04 16:32:58+00:00,0.75,0.75,0.21,0.74,70209000.0,119011000.0,119011000.0,,104323000.0,14688000.0,4168067000.0,4423889000.0,,,,55113000.0,4168067000.0,255822000.0,14645000.0,3156000.0,55113000.0,200709000.0,-11489000.0,189220000.0,4423889000.0,139100000.0,138950000.0,140865000.0
Fluor Corp,FLR,CQ7WZ4NOFWT7FAE6Q943,1124198,2016.0,Q1TTM,2015-04-01,2016-03-31,,2.62,2.62,0.84,2.59,232823000.0,428413000.0,434071000.0,-5658000.0,372756000.0,55657000.0,16936230000.0,17989288000.0,,239896000.0,,182332000.0,16936230000.0,1053058000.0,47247000.0,83311000.0,422228000.0,630830000.0,36064000.0,666894000.0,17989288000.0,139100000.0,138950000.0,140865000.0
Fluor Corp,FLR,CQ7WZ4NOFWT7FAE6Q943,1124198,2017.0,FY,2017-01-01,2017-12-31,2019-02-21 16:35:07+00:00,1.37,1.37,0.84,1.36,121972000.0,264469000.0,264469000.0,,191377000.0,73000000.0,18902480000.0,19520970000.0,,,,192187000.0,18902480000.0,618490000.0,67638000.0,27776000.0,192187000.0,426303000.0,-39862000.0,386441000.0,19520970000.0,139700000.0,139761000.0,140893000.0
Fluor Corp,FLR,CQ7WZ4NOFWT7FAE6Q943,1124198,2017.0,Q4,2017-10-01,2017-12-31,,0.43,0.43,0.21,0.43,70723000.0,80858000.0,80858000.0,,60328000.0,20438000.0,4812389000.0,5027339000.0,,,,53851000.0,4812389000.0,214950000.0,16647000.0,7129000.0,53851000.0,161099000.0,-9518000.0,151581000.0,5027339000.0,139700000.0,139761000.0,140893000.0
Fluor Corp,FLR,CQ7WZ4NOFWT7FAE6Q943,1124198,2017.0,Q3,2017-07-01,2017-09-30,2018-11-01 16:32:09+00:00,0.68,0.68,0.21,0.67,52495000.0,112889000.0,112889000.0,,94463000.0,18426000.0,4720071000.0,4941634000.0,,,,45973000.0,4720071000.0,221563000.0,16955000.0,6749000.0,45973000.0,175590000.0,-10206000.0,165384000.0,4941634000.0,138900000.0,139887000.0,140830000.0
Fluor Corp,FLR,CQ7WZ4NOFWT7FAE6Q943,1124198,2017.0,Q3YTD,2017-01-01,2017-09-30,,0.94,0.94,0.63,0.93,51249000.0,183611000.0,183611000.0,,131049000.0,52562000.0,14090091000.0,14493631000.0,,,,138336000.0,14090091000.0,403540000.0,50991000.0,20647000.0,138336000.0,265204000.0,-30344000.0,234860000.0,14493631000.0,138900000.0,139887000.0,140830000.0
Fluor Corp,FLR,CQ7WZ4NOFWT7FAE6Q943,1124198,2017.0,Q3TTM,2016-10-01,2017-09-30,,1.45,1.45,0.84,1.44,158900000.0,254589000.0,254589000.0,,201510000.0,53031000.0,18830728000.0,19483286000.0,,,,194539000.0,18830728000.0,652558000.0,69939000.0,25382000.0,194539000.0,458019000.0,-44557000.0,413489000.0,19483286000.0,138900000.0,139887000.0,140830000.0
Fluor Corp,FLR,CQ7WZ4NOFWT7FAE6Q943,1124198,2017.0,Q2,2017-04-01,2017-06-30,2018-08-02 16:27:36+00:00,-0.17,-0.17,0.21,-0.17,-17317000.0,-6632000.0,-6632000.0,,-24025000.0,17393000.0,4684116000.0,4716092000.0,,,,47315000.0,4684116000.0,31976000.0,16473000.0,7863000.0,47315000.0,-15339000.0,-8610000.0,-23949000.0,4716092000.0,141300000.0,139818000.0,139818000.0
Fluor Corp,FLR,CQ7WZ4NOFWT7FAE6Q943,1124198,2017.0,Q2YTD,2017-01-01,2017-06-30,,0.26,0.26,0.42,0.26,-1246000.0,70722000.0,70722000.0,,36586000.0,34136000.0,9370020000.0,9551997000.0,,,,92363000.0,9370020000.0,181977000.0,34036000.0,13898000.0,92363000.0,89614000.0,-20138000.0,69476000.0,9551997000.0,141300000.0,139818000.0,139818000.0
Fluor Corp,FLR,CQ7WZ4NOFWT7FAE6Q943,1124198,2017.0,Q2TTM,2016-07-01,2017-06-30,,0.8,0.8,0.84,0.8,86348000.0,159106000.0,159106000.0,,111851000.0,47207000.0,18840294000.0,19308516000.0,,,,175710000.0,18840294000.0,468222000.0,70361000.0,23276000.0,175710000.0,292512000.0,-47085000.0,245454000.0,19308516000.0,141300000.0,139818000.0,139818000.0
Fluor Corp,FLR,CQ7WZ4NOFWT7FAE6Q943,1124198,2017.0,Q1,2017-01-01,2017-03-31,2018-05-03 16:32:25+00:00,0.43,0.43,0.21,0.43,16071000.0,77354000.0,77354000.0,,60611000.0,16743000.0,4685904000.0,4835905000.0,,,,45048000.0,4685904000.0,150001000.0,17563000.0,6035000.0,45048000.0,104953000.0,-11528000.0,93425000.0,4835905000.0,141000000.0,139443000.0,140958000.0
Fluor Corp,FLR,CQ7WZ4NOFWT7FAE6Q943,1124198,2017.0,Q1TTM,2016-04-01,2017-03-31,,1.7,1.7,0.84,1.69,165013000.0,285792000.0,285792000.0,,237689000.0,48055000.0,18764046000.0,19448541000.0,,,,181035000.0,18764046000.0,684495000.0,72607000.0,19925000.0,181035000.0,503460000.0,-52682000.0,450805000.0,19448541000.0,141000000.0,139443000.0,140958000.0
Fluor Corp,FLR,CQ7WZ4NOFWT7FAE6Q943,1124198,2018.0,FY,2018-01-01,2018-12-31,2019-02-21 16:35:07+00:00,1.6,1.6,0.84,1.59,188794000.0,292958000.0,292958000.0,,224833000.0,68125000.0,18496675000.0,19166599000.0,,,,148000000.0,18496675000.0,669924000.0,77179000.0,36965000.0,148000000.0,521924000.0,-40214000.0,481752000.0,19166599000.0,140500000.0,140413000.0,141272000.0
Fluor Corp,FLR,CQ7WZ4NOFWT7FAE6Q943,1124198,2018.0,Q3YTD,2018-01-01,2018-09-30,,1.24,1.24,0.63,1.23,84187000.0,215128000.0,201883000.0,13245000.0,174587000.0,2849000.0,13094572000.0,13549835000.0,37360000.0,,,136105000.0,13094572000.0,455263000.0,58134000.0,25080000.0,136105000.0,319158000.0,-33054000.0,286070000.0,13549835000.0,140600000.0,140713000.0,141549000.0
Fluor Corp,FLR,CQ7WZ4NOFWT7FAE6Q943,1124198,2018.0,Q3TTM,2017-10-01,2018-09-30,,1.67,1.67,0.84,1.66,154910000.0,295986000.0,282741000.0,13245000.0,234915000.0,23287000.0,17906961000.0,18577174000.0,37360000.0,,,189956000.0,17906961000.0,670213000.0,74781000.0,32209000.0,189956000.0,480257000.0,-42572000.0,437651000.0,18577174000.0,140600000.0,140713000.0,141549000.0
Fluor Corp,FLR,CQ7WZ4NOFWT7FAE6Q943,1124198,2018.0,Q2,2018-04-01,2018-06-30,2019-08-01 16:29:06+00:00,0.82,0.82,0.21,0.81,52471000.0,131164000.0,131164000.0,,114832000.0,16000000.0,4673644000.0,4883800000.0,,,0.0,17776000.0,4673644000.0,210156000.0,16784000.0,8043000.0,17776000.0,192380000.0,-8741000.0,183635000.0,4883800000.0,140000000.0,140654000.0,141306000.0
Fluor Corp,FLR,CQ7WZ4NOFWT7FAE6Q943,1124198,2018.0,Q2YTD,2018-01-01,2018-06-30,,0.69,0.69,0.42,0.68,55477000.0,119103000.0,119103000.0,,97242000.0,21529000.0,9439619000.0,9707600000.0,,,,75047000.0,9439619000.0,267981000.0,33896000.0,15576000.0,75047000.0,192934000.0,-18320000.0,174580000.0,9707600000.0,140000000.0,140654000.0,141306000.0
Fluor Corp,FLR,CQ7WZ4NOFWT7FAE6Q943,1124198,2018.0,Q2TTM,2017-07-01,2018-06-30,,1.8,1.8,0.84,1.78,178695000.0,312850000.0,312850000.0,,252033000.0,60393000.0,18972079000.0,19676573000.0,,,,174871000.0,18972079000.0,704494000.0,67498000.0,29454000.0,174871000.0,529623000.0,-38044000.0,491545000.0,19676573000.0,140000000.0,140654000.0,141306000.0
Fluor Corp,FLR,CQ7WZ4NOFWT7FAE6Q943,1124198,2018.0,Q1,2018-01-01,2018-03-31,2019-05-02 07:26:02+00:00,-0.13,-0.13,0.21,-0.13,3006000.0,-12061000.0,-12061000.0,,-17590000.0,5529000.0,4765975000.0,4823800000.0,,,0.0,57271000.0,4765975000.0,57825000.0,17112000.0,7533000.0,57271000.0,554000.0,-9579000.0,-9055000.0,4823800000.0,135300000.0,140099000.0,140099000.0
Fluor Corp,FLR,CQ7WZ4NOFWT7FAE6Q943,1124198,2018.0,Q1TTM,2017-04-01,2018-03-31,,0.81,0.81,0.84,0.8,108907000.0,175054000.0,175054000.0,,113176000.0,61786000.0,18982551000.0,19508865000.0,,,,204410000.0,18982551000.0,526314000.0,67187000.0,29274000.0,204410000.0,321904000.0,-37913000.0,283961000.0,19508865000.0,135300000.0,140099000.0,140099000.0
Fluor Corp,FLR,CQ7WZ4NOFWT7FAE6Q943,1124198,2019.0,Q2YTD,2019-01-01,2019-06-30,,-4.38,-4.38,0.42,-4.38,-110577000.0,-636794000.0,-636794000.0,,-613234000.0,-23882000.0,8837362000.0,8287147000.0,,,73100000.0,114407000.0,8837362000.0,-550215000.0,37514000.0,27889000.0,187507000.0,-737722000.0,-9625000.0,-747371000.0,8287147000.0,140100000.0,140141000.0,140141000.0
Fluor Corp,FLR,CQ7WZ4NOFWT7FAE6Q943,1124198,2019.0,Q2TTM,2018-07-01,2019-06-30,,-3.47,-3.47,0.84,-3.47,22740000.0,-462939000.0,-462939000.0,,-485643000.0,22714000.0,17894418000.0,17746146000.0,,,73100000.0,187360000.0,17894418000.0,-148272000.0,80797000.0,49278000.0,260460000.0,-408732000.0,-31519000.0,-440199000.0,17746146000.0,140100000.0,140141000.0,140141000.0
Fluor Corp,FLR,CQ7WZ4NOFWT7FAE6Q943,1124198,2019.0,Q2,2019-04-01,2019-06-30,2019-08-01 16:29:06+00:00,-3.96,-3.96,0.21,-3.96,-121492000.0,-593486000.0,-593486000.0,,-554808000.0,-39000000.0,4706302000.0,4094400000.0,,,45732000.0,53356000.0,4706302000.0,-611902000.0,18877000.0,14913000.0,99088000.0,-710990000.0,-3964000.0,-714978000.0,4094400000.0,140100000.0,140141000.0,140141000.0
Fluor Corp,FLR,CQ7WZ4NOFWT7FAE6Q943,1124198,2019.0,Q1TTM,2018-04-01,2019-03-31,,1.31,1.31,0.84,1.3,196703000.0,261711000.0,261711000.0,,183997000.0,77714000.0,17861760000.0,18535546000.0,,,27368000.0,151780000.0,17861760000.0,673786000.0,78704000.0,42408000.0,179148000.0,494638000.0,-36296000.0,458414000.0,18535546000.0,139100000.0,139776000.0,139776000.0
Fluor Corp,FLR,CQ7WZ4NOFWT7FAE6Q943,1124198,2019.0,Q1,2019-01-01,2019-03-31,2019-05-02 07:26:02+00:00,-0.42,-0.42,0.21,-0.42,10915000.0,-43308000.0,-43308000.0,,-58426000.0,15118000.0,4131060000.0,4192747000.0,,,27368000.0,61051000.0,4131060000.0,61687000.0,18637000.0,12976000.0,88419000.0,-26732000.0,-5661000.0,-32393000.0,4192747000.0,139100000.0,139776000.0,139776000.0
