company_name,company_ticker,company_lei,company_cik,year,quarter,start_date,end_date,filing_date,basicdilutedeps,basiceps,cashdividendspershare,depreciationexpense,dilutedeps,incometaxexpense,netincome,netincomecontinuing,netincomediscontinued,netincometocommon,operatingcostofrevenue,operatingrevenue,otherincome,otheroperatingexpenses,otherspecialcharges,restructuringcharge,sgaexpense,totalcostofrevenue,totalgrossprofit,totalinterestexpense,totaloperatingexpenses,totaloperatingincome,totalotherincome,totalpretaxincome,totalrevenue,weightedavebasicdilutedsharesos,weightedavebasicsharesos,weightedavedilutedsharesos
Ryder System Inc,R,ZXJ6Y2OSPZXIVGRILD15,85961,2008.0,FY,2008-01-01,2008-12-31,2011-02-14 20:00:01+00:00,3.52,3.52,0.92,836149000.0,3.5,151709000.0,199881000.0,257579000.0,-57698000.0,199881000.0,4616132000.0,5999041000.0,-2564000.0,,-39020000.0,21480000.0,,4616132000.0,1382909000.0,152448000.0,818609000.0,564300000.0,-155012000.0,409288000.0,5999041000.0,56800000.0,56800000.0,57100000.0
Ryder System Inc,R,ZXJ6Y2OSPZXIVGRILD15,85961,2009.0,FY,2009-01-01,2009-12-31,2012-03-19 16:04:27+00:00,1.11,1.11,0.96,,1.11,53652000.0,61945000.0,90117000.0,-28172000.0,61945000.0,3819628000.0,4887254000.0,3657000.0,163534000.0,-12292000.0,6406000.0,625524000.0,3819628000.0,1067626000.0,144342000.0,783172000.0,284454000.0,-140685000.0,143769000.0,4887254000.0,55035000.0,55035000.0,55035000.0
Ryder System Inc,R,ZXJ6Y2OSPZXIVGRILD15,85961,2009.0,Q3,2009-07-01,2009-09-30,2010-10-21 17:16:55+00:00,0.43,0.43,0.25,220258000.0,0.43,15768000.0,23971000.0,28439000.0,-4468000.0,23971000.0,955639000.0,1253854000.0,2394000.0,,-3326000.0,3740000.0,,955639000.0,298215000.0,35730000.0,220672000.0,77543000.0,-33336000.0,44207000.0,1253854000.0,55700000.0,55700000.0,55700000.0
Ryder System Inc,R,ZXJ6Y2OSPZXIVGRILD15,85961,2009.0,Q2,2009-04-01,2009-06-30,2010-07-23 15:00:12+00:00,0.41,0.41,0.23,223549000.0,0.41,18264000.0,22888000.0,27068000.0,-4180000.0,22888000.0,910458000.0,1212036000.0,1366000.0,,-2363000.0,-154000.0,,910458000.0,301578000.0,36580000.0,221032000.0,80546000.0,-35214000.0,45332000.0,1212036000.0,55800000.0,55800000.0,55800000.0
Ryder System Inc,R,ZXJ6Y2OSPZXIVGRILD15,85961,2010.0,Q4,2010-10-01,2010-12-31,,0.71,0.71,0.27,-627695000.0,0.72,8146000.0,37121000.0,41462000.0,-4341000.0,37121000.0,1081612000.0,1313426000.0,2589000.0,134224000.0,-10718000.0,,655375000.0,1081612000.0,231814000.0,33609000.0,151186000.0,80628000.0,-31020000.0,49608000.0,1313426000.0,51717000.0,51717000.0,51717000.0
Ryder System Inc,R,ZXJ6Y2OSPZXIVGRILD15,85961,2010.0,FY,2010-01-01,2010-12-31,2013-02-14 16:42:56+00:00,2.25,2.25,1.04,,2.25,61697000.0,118170000.0,124608000.0,-6438000.0,118170000.0,4066378000.0,5136435000.0,7114000.0,134224000.0,-28727000.0,0.0,655375000.0,4066378000.0,1070057000.0,129994000.0,760872000.0,309185000.0,-122880000.0,186305000.0,5136435000.0,51717000.0,51717000.0,51717000.0
Ryder System Inc,R,ZXJ6Y2OSPZXIVGRILD15,85961,2010.0,Q3YTD,2010-01-01,2010-09-30,,1.54,1.54,0.77,627695000.0,1.53,53551000.0,81049000.0,83146000.0,-2097000.0,81049000.0,2984766000.0,3823009000.0,4525000.0,,-18009000.0,,,2984766000.0,838243000.0,96385000.0,609686000.0,228557000.0,-91860000.0,136697000.0,3823009000.0,51409000.0,51409000.0,51409000.0
Ryder System Inc,R,ZXJ6Y2OSPZXIVGRILD15,85961,2010.0,Q3,2010-07-01,2010-09-30,2011-10-25 18:05:53+00:00,0.74,0.74,0.27,209929000.0,0.74,22324000.0,38835000.0,39674000.0,-839000.0,38835000.0,1022713000.0,1316948000.0,2685000.0,,-6904000.0,,,1022713000.0,294235000.0,31897000.0,203025000.0,91210000.0,-29212000.0,61998000.0,1316948000.0,51409000.0,51409000.0,51409000.0
Ryder System Inc,R,ZXJ6Y2OSPZXIVGRILD15,85961,2010.0,Q2YTD,2010-01-01,2010-06-30,,0.8,0.8,0.5,417766000.0,0.79,31227000.0,42214000.0,43472000.0,-1258000.0,42214000.0,1962053000.0,2506061000.0,1840000.0,,-11105000.0,,,1962053000.0,544008000.0,64488000.0,406661000.0,137347000.0,-62648000.0,74699000.0,2506061000.0,52044000.0,52044000.0,52044000.0
Ryder System Inc,R,ZXJ6Y2OSPZXIVGRILD15,85961,2010.0,Q2,2010-04-01,2010-06-30,2011-07-27 15:13:19+00:00,0.57,0.57,0.25,206761000.0,0.56,21607000.0,29841000.0,30600000.0,-759000.0,29841000.0,1002935000.0,1286123000.0,345000.0,,-6587000.0,,,1002935000.0,283188000.0,31152000.0,200174000.0,83014000.0,-30807000.0,52207000.0,1286123000.0,52044000.0,52044000.0,52044000.0
Ryder System Inc,R,ZXJ6Y2OSPZXIVGRILD15,85961,2010.0,Q1,2010-01-01,2010-03-31,2011-04-26 17:21:46+00:00,0.23,0.23,0.25,211005000.0,0.23,9620000.0,12373000.0,12872000.0,-499000.0,12373000.0,959118000.0,1219938000.0,1495000.0,,-4518000.0,,,959118000.0,260820000.0,33336000.0,206487000.0,54333000.0,-31841000.0,22492000.0,1219938000.0,53800000.0,53800000.0,53800000.0
Ryder System Inc,R,ZXJ6Y2OSPZXIVGRILD15,85961,2011.0,Q4,2011-10-01,2011-12-31,,0.94,0.94,0.29,,0.93,25448000.0,48095000.0,47664000.0,431000.0,48095000.0,1214325000.0,1541094000.0,2634000.0,34109000.0,-16602000.0,2887000.0,202871000.0,1214325000.0,326769000.0,33026000.0,223265000.0,103504000.0,-30392000.0,73112000.0,1541094000.0,50500000.0,50500000.0,50500000.0
Ryder System Inc,R,ZXJ6Y2OSPZXIVGRILD15,85961,2011.0,FY,2011-01-01,2011-12-31,2014-02-13 17:39:24+00:00,3.31,3.31,1.12,,3.28,108019000.0,169777000.0,171368000.0,-1591000.0,169777000.0,4805876000.0,6050534000.0,9093000.0,129180000.0,-62879000.0,3655000.0,771244000.0,4805876000.0,1244658000.0,133164000.0,841200000.0,403458000.0,-124071000.0,279387000.0,6050534000.0,50500000.0,50500000.0,50500000.0
Ryder System Inc,R,ZXJ6Y2OSPZXIVGRILD15,85961,2011.0,Q3YTD,2011-01-01,2011-09-30,,2.37,2.37,0.83,,2.35,82571000.0,121682000.0,123704000.0,-2022000.0,121682000.0,3591551000.0,4509440000.0,6459000.0,95071000.0,-46277000.0,768000.0,568373000.0,3591551000.0,917889000.0,100138000.0,617935000.0,299954000.0,-93679000.0,206275000.0,4509440000.0,50426000.0,50426000.0,50426000.0
Ryder System Inc,R,ZXJ6Y2OSPZXIVGRILD15,85961,2011.0,Q3TTM,2010-10-01,2011-09-30,,3.08,3.08,1.1,-627695000.0,3.07,90717000.0,158803000.0,165166000.0,-6363000.0,158803000.0,4673163000.0,5822866000.0,9048000.0,229295000.0,-56995000.0,768000.0,1223748000.0,4673163000.0,1149703000.0,133747000.0,769121000.0,380582000.0,-124699000.0,255883000.0,5822866000.0,50426000.0,50426000.0,50426000.0
Ryder System Inc,R,ZXJ6Y2OSPZXIVGRILD15,85961,2011.0,Q3,2011-07-01,2011-09-30,2012-10-23 17:13:30+00:00,1.1,1.1,0.29,,1.1,30722000.0,56524000.0,56933000.0,-409000.0,56524000.0,1239948000.0,1570720000.0,1722000.0,30268000.0,-18270000.0,0.0,200096000.0,1239948000.0,330772000.0,32745000.0,212094000.0,118678000.0,-31023000.0,87655000.0,1570720000.0,50426000.0,50426000.0,50426000.0
Ryder System Inc,R,ZXJ6Y2OSPZXIVGRILD15,85961,2011.0,Q2YTD,2011-01-01,2011-06-30,,1.27,1.27,0.54,,1.25,51849000.0,65158000.0,66771000.0,-1613000.0,65158000.0,2351603000.0,2938720000.0,4737000.0,64803000.0,-28007000.0,768000.0,368277000.0,2351603000.0,587117000.0,67393000.0,405841000.0,181276000.0,-62656000.0,118620000.0,2938720000.0,50546000.0,50546000.0,50546000.0
Ryder System Inc,R,ZXJ6Y2OSPZXIVGRILD15,85961,2011.0,Q2TTM,2010-07-01,2011-06-30,,2.72,2.72,1.08,-417766000.0,2.71,82319000.0,141114000.0,147907000.0,-6793000.0,141114000.0,4455928000.0,5569094000.0,10011000.0,199027000.0,-45629000.0,768000.0,1023652000.0,4455928000.0,1113166000.0,132899000.0,760052000.0,353114000.0,-122888000.0,230226000.0,5569094000.0,50546000.0,50546000.0,50546000.0
Ryder System Inc,R,ZXJ6Y2OSPZXIVGRILD15,85961,2011.0,Q2,2011-04-01,2011-06-30,2012-07-24 15:08:12+00:00,0.78,0.78,0.27,,0.77,34096000.0,40033000.0,40914000.0,-881000.0,40033000.0,1196271000.0,1513344000.0,595000.0,30174000.0,-15658000.0,0.0,195168000.0,1196271000.0,317073000.0,32974000.0,209684000.0,107389000.0,-32379000.0,75010000.0,1513344000.0,50546000.0,50546000.0,50546000.0
Ryder System Inc,R,ZXJ6Y2OSPZXIVGRILD15,85961,2011.0,Q1TTM,2010-04-01,2011-03-31,,2.51,2.51,1.06,-211005000.0,2.5,69830000.0,130922000.0,137593000.0,-6671000.0,130922000.0,4262592000.0,5341873000.0,9761000.0,168853000.0,-36558000.0,768000.0,828484000.0,4262592000.0,1079281000.0,131077000.0,750542000.0,328739000.0,-121316000.0,207423000.0,5341873000.0,50626000.0,50626000.0,50626000.0
Ryder System Inc,R,ZXJ6Y2OSPZXIVGRILD15,85961,2011.0,Q1,2011-01-01,2011-03-31,2012-04-24 17:08:47+00:00,0.49,0.49,0.27,,0.48,17753000.0,25125000.0,25857000.0,-732000.0,25125000.0,1155332000.0,1425376000.0,4142000.0,34629000.0,-12349000.0,768000.0,173109000.0,1155332000.0,270044000.0,34419000.0,196157000.0,73887000.0,-30277000.0,43610000.0,1425376000.0,50626000.0,50626000.0,50626000.0
Ryder System Inc,R,ZXJ6Y2OSPZXIVGRILD15,85961,2012.0,Q4,2012-10-01,2012-12-31,,1.05,1.05,0.31,,1.04,26895000.0,53844000.0,54945000.0,-1101000.0,53844000.0,1263552000.0,1583536000.0,4482000.0,33139000.0,-21424000.0,-11000.0,195631000.0,1263552000.0,319984000.0,35291000.0,207335000.0,112649000.0,-30809000.0,81840000.0,1583536000.0,50449000.0,50449000.0,50449000.0
Ryder System Inc,R,ZXJ6Y2OSPZXIVGRILD15,85961,2012.0,FY,2012-01-01,2012-12-31,2015-02-13 16:26:42+00:00,4.11,4.11,1.2,,4.09,102218000.0,209979000.0,200899000.0,9080000.0,209979000.0,5008380000.0,6256967000.0,11727000.0,134018000.0,-89108000.0,8070000.0,763660000.0,5008380000.0,1248587000.0,140557000.0,816640000.0,431947000.0,-128830000.0,303117000.0,6256967000.0,50449000.0,50449000.0,50449000.0
Ryder System Inc,R,ZXJ6Y2OSPZXIVGRILD15,85961,2012.0,Q3YTD,2012-01-01,2012-09-30,,3.06,3.06,0.89,,3.05,75323000.0,156135000.0,145954000.0,10181000.0,156135000.0,3744828000.0,4673431000.0,7245000.0,100879000.0,-67684000.0,8081000.0,568029000.0,3744828000.0,928603000.0,105266000.0,609305000.0,319298000.0,-98021000.0,221277000.0,4673431000.0,50381000.0,50381000.0,50381000.0
Ryder System Inc,R,ZXJ6Y2OSPZXIVGRILD15,85961,2012.0,Q3TTM,2011-10-01,2012-09-30,,4.0,4.0,1.18,,3.98,100771000.0,204230000.0,193618000.0,10612000.0,204230000.0,4959153000.0,6214525000.0,9879000.0,134988000.0,-84286000.0,10968000.0,770900000.0,4959153000.0,1255372000.0,138292000.0,832570000.0,422802000.0,-128413000.0,294389000.0,6214525000.0,50381000.0,50381000.0,50381000.0
Ryder System Inc,R,ZXJ6Y2OSPZXIVGRILD15,85961,2012.0,Q3,2012-07-01,2012-09-30,2013-10-22 17:14:35+00:00,1.47,1.47,0.31,,1.47,35499000.0,75091000.0,64311000.0,10780000.0,75091000.0,1246424000.0,1573295000.0,1424000.0,32966000.0,-23147000.0,74000.0,183713000.0,1246424000.0,326871000.0,34879000.0,193606000.0,133265000.0,-33455000.0,99810000.0,1573295000.0,50381000.0,50381000.0,50381000.0
Ryder System Inc,R,ZXJ6Y2OSPZXIVGRILD15,85961,2012.0,Q2YTD,2012-01-01,2012-06-30,,1.59,1.59,0.58,,1.58,39824000.0,81044000.0,81643000.0,-599000.0,81044000.0,2498404000.0,3100136000.0,5821000.0,67913000.0,-44537000.0,8007000.0,384316000.0,2498404000.0,601732000.0,70387000.0,415699000.0,186033000.0,-64566000.0,121467000.0,3100136000.0,50433000.0,50433000.0,50433000.0
Ryder System Inc,R,ZXJ6Y2OSPZXIVGRILD15,85961,2012.0,Q2TTM,2011-07-01,2012-06-30,,3.63,3.63,1.16,,3.61,95994000.0,185663000.0,186240000.0,-577000.0,185663000.0,4952677000.0,6211950000.0,10177000.0,132290000.0,-79409000.0,10894000.0,787283000.0,4952677000.0,1259273000.0,136158000.0,851058000.0,408215000.0,-125981000.0,282234000.0,6211950000.0,50433000.0,50433000.0,50433000.0
Ryder System Inc,R,ZXJ6Y2OSPZXIVGRILD15,85961,2012.0,Q2,2012-04-01,2012-06-30,2013-07-23 16:29:16+00:00,0.92,0.92,0.29,,0.91,27002000.0,46723000.0,46767000.0,-44000.0,46723000.0,1248218000.0,1563860000.0,1341000.0,33664000.0,-22546000.0,7142000.0,189332000.0,1248218000.0,315642000.0,35622000.0,207592000.0,108050000.0,-34281000.0,73769000.0,1563860000.0,50433000.0,50433000.0,50433000.0
Ryder System Inc,R,ZXJ6Y2OSPZXIVGRILD15,85961,2012.0,Q1TTM,2011-04-01,2012-03-31,,3.49,3.49,1.14,,3.47,103088000.0,178973000.0,180387000.0,-1414000.0,178973000.0,4900730000.0,6161434000.0,9431000.0,128800000.0,-72521000.0,3752000.0,793119000.0,4900730000.0,1260704000.0,133510000.0,853150000.0,407554000.0,-124079000.0,283475000.0,6161434000.0,50485000.0,50485000.0,50485000.0
Ryder System Inc,R,ZXJ6Y2OSPZXIVGRILD15,85961,2012.0,Q1,2012-01-01,2012-03-31,2013-04-23 17:11:48+00:00,0.67,0.67,0.29,,0.67,12822000.0,34321000.0,34876000.0,-555000.0,34321000.0,1250186000.0,1536276000.0,4480000.0,34249000.0,-21991000.0,865000.0,194984000.0,1250186000.0,286090000.0,34765000.0,208107000.0,77983000.0,-30285000.0,47698000.0,1536276000.0,50485000.0,50485000.0,50485000.0
Ryder System Inc,R,ZXJ6Y2OSPZXIVGRILD15,85961,2013.0,Q4,2013-10-01,2013-12-31,,1.24,1.24,0.34,,1.22,31683000.0,64607000.0,65944000.0,-1337000.0,64607000.0,1275454000.0,1617729000.0,3780000.0,31402000.0,-27484000.0,-172000.0,209808000.0,1275454000.0,342275000.0,34874000.0,213554000.0,128721000.0,-31094000.0,97627000.0,1617729000.0,51617000.0,51617000.0,51617000.0
Ryder System Inc,R,ZXJ6Y2OSPZXIVGRILD15,85961,2013.0,FY,2013-01-01,2013-12-31,2015-02-13 16:26:42+00:00,4.57,4.57,1.3,,4.53,125699000.0,237792000.0,243196000.0,-5404000.0,237792000.0,5102871000.0,6419285000.0,15372000.0,131659000.0,-96175000.0,-470000.0,790681000.0,5102871000.0,1316414000.0,137196000.0,825695000.0,490719000.0,-121824000.0,368895000.0,6419285000.0,51617000.0,51617000.0,51617000.0
Ryder System Inc,R,ZXJ6Y2OSPZXIVGRILD15,85961,2013.0,Q3YTD,2013-01-01,2013-09-30,,3.33,3.33,0.96,,3.31,94016000.0,173185000.0,177252000.0,-4067000.0,173185000.0,3827417000.0,4801556000.0,11592000.0,100257000.0,-68691000.0,-298000.0,580873000.0,3827417000.0,974139000.0,102322000.0,612141000.0,361998000.0,-90730000.0,271268000.0,4801556000.0,51788000.0,51788000.0,51788000.0
Ryder System Inc,R,ZXJ6Y2OSPZXIVGRILD15,85961,2013.0,Q3TTM,2012-10-01,2013-09-30,,4.38,4.38,1.27,,4.35,120911000.0,227029000.0,232197000.0,-5168000.0,227029000.0,5090969000.0,6385092000.0,16074000.0,133396000.0,-90115000.0,-309000.0,776504000.0,5090969000.0,1294123000.0,137613000.0,819476000.0,474647000.0,-121539000.0,353108000.0,6385092000.0,51788000.0,51788000.0,51788000.0
Ryder System Inc,R,ZXJ6Y2OSPZXIVGRILD15,85961,2013.0,Q3,2013-07-01,2013-09-30,2014-10-22 16:04:36+00:00,1.36,1.36,0.34,,1.35,37523000.0,71067000.0,73875000.0,-2808000.0,71067000.0,1288859000.0,1634540000.0,3447000.0,29782000.0,-22488000.0,-298000.0,196767000.0,1288859000.0,345681000.0,33967000.0,203763000.0,141918000.0,-30520000.0,111398000.0,1634540000.0,51788000.0,51788000.0,51788000.0
Ryder System Inc,R,ZXJ6Y2OSPZXIVGRILD15,85961,2013.0,Q2YTD,2013-01-01,2013-06-30,,1.97,1.97,0.62,,1.96,56493000.0,102118000.0,103377000.0,-1259000.0,102118000.0,2538558000.0,3167016000.0,8145000.0,70475000.0,-46203000.0,,384106000.0,2538558000.0,628458000.0,68355000.0,408378000.0,220080000.0,-60210000.0,159870000.0,3167016000.0,51445000.0,51445000.0,51445000.0
Ryder System Inc,R,ZXJ6Y2OSPZXIVGRILD15,85961,2013.0,Q2TTM,2012-07-01,2013-06-30,,4.49,4.49,1.24,,4.47,118887000.0,231053000.0,222633000.0,8420000.0,231053000.0,5048534000.0,6323847000.0,14051000.0,136580000.0,-90774000.0,63000.0,763450000.0,5048534000.0,1275313000.0,138525000.0,809319000.0,465994000.0,-124474000.0,341520000.0,6323847000.0,51445000.0,51445000.0,51445000.0
Ryder System Inc,R,ZXJ6Y2OSPZXIVGRILD15,85961,2013.0,Q2,2013-04-01,2013-06-30,2014-07-23 15:47:36+00:00,1.2,1.2,0.31,,1.19,34787000.0,62194000.0,62575000.0,-381000.0,62194000.0,1271599000.0,1603999000.0,3575000.0,32876000.0,-23197000.0,,195033000.0,1271599000.0,332400000.0,33901000.0,204712000.0,127688000.0,-30326000.0,97362000.0,1603999000.0,51445000.0,51445000.0,51445000.0
Ryder System Inc,R,ZXJ6Y2OSPZXIVGRILD15,85961,2013.0,Q1TTM,2012-04-01,2013-03-31,,4.21,4.21,1.22,,4.19,111102000.0,215582000.0,206825000.0,8757000.0,215582000.0,5025153000.0,6283708000.0,11817000.0,137368000.0,-90123000.0,7205000.0,757749000.0,5025153000.0,1258555000.0,140246000.0,812199000.0,446356000.0,-128429000.0,317927000.0,6283708000.0,50958000.0,50958000.0,50958000.0
Ryder System Inc,R,ZXJ6Y2OSPZXIVGRILD15,85961,2013.0,Q1,2013-01-01,2013-03-31,2014-04-23 15:00:29+00:00,0.77,0.77,0.31,,0.77,21706000.0,39924000.0,40802000.0,-878000.0,39924000.0,1266959000.0,1563017000.0,4570000.0,37599000.0,-23006000.0,,189073000.0,1266959000.0,296058000.0,34454000.0,203666000.0,92392000.0,-29884000.0,62508000.0,1563017000.0,50958000.0,50958000.0,50958000.0
Ryder System Inc,R,ZXJ6Y2OSPZXIVGRILD15,85961,2014.0,FY,2014-01-01,2014-12-31,2017-02-14 16:45:03+00:00,4.14,4.14,1.42,,4.11,118042000.0,218341000.0,220225000.0,-1884000.0,218341000.0,5253040000.0,6638774000.0,13613000.0,115808000.0,-19060000.0,2387000.0,816975000.0,5253040000.0,1385734000.0,144739000.0,916110000.0,469624000.0,-131126000.0,338267000.0,6638774000.0,52536000.0,52536000.0,52536000.0
Ryder System Inc,R,ZXJ6Y2OSPZXIVGRILD15,85961,2014.0,Q4,2014-10-01,2014-12-31,,0.21,0.21,0.37,,0.23,2055000.0,11107000.0,11511000.0,-404000.0,11107000.0,1285396000.0,1656316000.0,2176000.0,19267000.0,77814000.0,2387000.0,222842000.0,1285396000.0,370920000.0,37220000.0,322310000.0,48610000.0,-34813000.0,13566000.0,1656316000.0,52536000.0,52536000.0,52536000.0
Ryder System Inc,R,ZXJ6Y2OSPZXIVGRILD15,85961,2014.0,Q3,2014-07-01,2014-09-30,2015-10-22 14:45:30+00:00,1.59,1.59,0.37,,1.57,45713000.0,83617000.0,83895000.0,-278000.0,83617000.0,1324658000.0,1687150000.0,996000.0,28889000.0,-33691000.0,,202001000.0,1324658000.0,362492000.0,36681000.0,197199000.0,165293000.0,-35685000.0,129608000.0,1687150000.0,52459000.0,52459000.0,52459000.0
Ryder System Inc,R,ZXJ6Y2OSPZXIVGRILD15,85961,2014.0,Q3YTD,2014-01-01,2014-09-30,,3.93,3.93,1.05,,3.88,115987000.0,207234000.0,208714000.0,-1480000.0,207234000.0,3967644000.0,4982458000.0,11206000.0,96541000.0,-96874000.0,,594133000.0,3967644000.0,1014814000.0,107519000.0,593800000.0,421014000.0,-96313000.0,324701000.0,4982458000.0,52459000.0,52459000.0,52459000.0
Ryder System Inc,R,ZXJ6Y2OSPZXIVGRILD15,85961,2014.0,Q3TTM,2013-10-01,2014-09-30,,5.17,5.17,1.39,,5.1,147670000.0,271841000.0,274658000.0,-2817000.0,271841000.0,5243098000.0,6600187000.0,14986000.0,127943000.0,-124358000.0,-172000.0,803941000.0,5243098000.0,1357089000.0,142393000.0,807354000.0,549735000.0,-127407000.0,422328000.0,6600187000.0,52459000.0,52459000.0,52459000.0
Ryder System Inc,R,ZXJ6Y2OSPZXIVGRILD15,85961,2014.0,Q2YTD,2014-01-01,2014-06-30,,2.34,2.34,0.68,,2.31,70274000.0,123617000.0,124819000.0,-1202000.0,123617000.0,2642986000.0,3295308000.0,10210000.0,67652000.0,-63183000.0,,392132000.0,2642986000.0,652322000.0,70838000.0,396601000.0,255721000.0,-60628000.0,195093000.0,3295308000.0,52564000.0,52564000.0,52564000.0
Ryder System Inc,R,ZXJ6Y2OSPZXIVGRILD15,85961,2014.0,Q2TTM,2013-07-01,2014-06-30,,4.94,4.94,1.36,,4.88,139480000.0,259291000.0,264638000.0,-5347000.0,259291000.0,5207299000.0,6547577000.0,17437000.0,128836000.0,-113155000.0,-470000.0,798707000.0,5207299000.0,1340278000.0,139679000.0,813918000.0,526360000.0,-122242000.0,404118000.0,6547577000.0,52564000.0,52564000.0,52564000.0
Ryder System Inc,R,ZXJ6Y2OSPZXIVGRILD15,85961,2014.0,Q2,2014-04-01,2014-06-30,2015-08-07 11:05:13+00:00,1.43,1.43,0.34,,1.41,44368000.0,75385000.0,75721000.0,-336000.0,75385000.0,1336509000.0,1684571000.0,4828000.0,31007000.0,-34365000.0,,200430000.0,1336509000.0,348062000.0,35729000.0,197072000.0,150990000.0,-30901000.0,120089000.0,1684571000.0,52564000.0,52564000.0,52564000.0
Ryder System Inc,R,ZXJ6Y2OSPZXIVGRILD15,85961,2014.0,Q1TTM,2013-04-01,2014-03-31,,4.71,4.71,1.33,,4.66,129899000.0,246100000.0,251492000.0,-5392000.0,246100000.0,5142389000.0,6467005000.0,16184000.0,130705000.0,-101987000.0,-470000.0,793310000.0,5142389000.0,1324616000.0,137851000.0,821558000.0,503058000.0,-121667000.0,381391000.0,6467005000.0,52660000.0,52660000.0,52660000.0
Ryder System Inc,R,ZXJ6Y2OSPZXIVGRILD15,85961,2014.0,Q1,2014-01-01,2014-03-31,2015-04-22 16:39:28+00:00,0.91,0.91,0.34,,0.9,25906000.0,48232000.0,49098000.0,-866000.0,48232000.0,1306477000.0,1610737000.0,5382000.0,36645000.0,-28818000.0,,191702000.0,1306477000.0,304260000.0,35109000.0,199529000.0,104731000.0,-29727000.0,75004000.0,1610737000.0,52660000.0,52660000.0,52660000.0
Ryder System Inc,R,ZXJ6Y2OSPZXIVGRILD15,85961,2015.0,FY,2015-01-01,2015-12-31,2018-02-16 21:38:20+00:00,5.75,5.75,1.56,,5.71,163226000.0,304768000.0,305989000.0,-1221000.0,304768000.0,4986596000.0,6571893000.0,10156000.0,134879000.0,,18068000.0,822857000.0,4986596000.0,1585297000.0,150434000.0,975804000.0,609493000.0,-140278000.0,469215000.0,6571893000.0,52814000.0,52814000.0,52814000.0
Ryder System Inc,R,ZXJ6Y2OSPZXIVGRILD15,85961,2015.0,Q4,2015-10-01,2015-12-31,,1.43,1.43,0.41,,1.44,35756000.0,76201000.0,75935000.0,266000.0,76201000.0,1186116000.0,1672743000.0,5119000.0,45967000.0,82158000.0,18068000.0,198291000.0,1186116000.0,486627000.0,35571000.0,344484000.0,142143000.0,-30452000.0,111691000.0,1672743000.0,52814000.0,52814000.0,52814000.0
Ryder System Inc,R,ZXJ6Y2OSPZXIVGRILD15,85961,2015.0,Q3,2015-07-01,2015-09-30,2016-10-25 15:14:57+00:00,1.71,1.71,0.41,,1.69,49089000.0,90619000.0,90811000.0,-192000.0,90619000.0,1286467000.0,1669066000.0,1372000.0,26957000.0,-24965000.0,,203093000.0,1286467000.0,382599000.0,38986000.0,205085000.0,177514000.0,-37614000.0,139900000.0,1669066000.0,52888000.0,52888000.0,52888000.0
Ryder System Inc,R,ZXJ6Y2OSPZXIVGRILD15,85961,2015.0,Q3YTD,2015-01-01,2015-09-30,,4.32,4.32,1.15,,4.27,127470000.0,228567000.0,230054000.0,-1487000.0,228567000.0,3800480000.0,4899150000.0,5037000.0,88912000.0,-82158000.0,,624566000.0,3800480000.0,1098670000.0,114863000.0,631320000.0,467350000.0,-109826000.0,357524000.0,4899150000.0,52888000.0,52888000.0,52888000.0
Ryder System Inc,R,ZXJ6Y2OSPZXIVGRILD15,85961,2015.0,Q3TTM,2014-10-01,2015-09-30,,4.53,4.53,1.52,,4.5,129525000.0,239674000.0,241565000.0,-1891000.0,239674000.0,5085876000.0,6555466000.0,7444000.0,108179000.0,-4344000.0,2387000.0,847408000.0,5085876000.0,1469590000.0,152083000.0,953630000.0,515960000.0,-144639000.0,371090000.0,6555466000.0,52888000.0,52888000.0,52888000.0
Ryder System Inc,R,ZXJ6Y2OSPZXIVGRILD15,85961,2015.0,Q2,2015-04-01,2015-06-30,2016-07-27 12:12:56+00:00,1.61,1.61,0.37,,1.59,47530000.0,85159000.0,85917000.0,-758000.0,85159000.0,1276972000.0,1662931000.0,1028000.0,29582000.0,-29985000.0,,214868000.0,1276972000.0,385959000.0,39075000.0,214465000.0,171494000.0,-38047000.0,133447000.0,1662931000.0,52827000.0,52827000.0,52827000.0
Ryder System Inc,R,ZXJ6Y2OSPZXIVGRILD15,85961,2015.0,Q2YTD,2015-01-01,2015-06-30,,2.61,2.61,0.74,,2.58,78381000.0,137948000.0,139243000.0,-1295000.0,137948000.0,2514013000.0,3230084000.0,3665000.0,61955000.0,-57193000.0,,421473000.0,2514013000.0,716071000.0,75877000.0,426235000.0,289836000.0,-72212000.0,217624000.0,3230084000.0,52827000.0,52827000.0,52827000.0
Ryder System Inc,R,ZXJ6Y2OSPZXIVGRILD15,85961,2015.0,Q2TTM,2014-07-01,2015-06-30,,4.41,4.41,1.48,,4.38,126149000.0,232672000.0,234649000.0,-1977000.0,232672000.0,5124067000.0,6573550000.0,7068000.0,110111000.0,-13070000.0,2387000.0,846316000.0,5124067000.0,1449483000.0,149778000.0,945744000.0,503739000.0,-142710000.0,360798000.0,6573550000.0,52827000.0,52827000.0,52827000.0
Ryder System Inc,R,ZXJ6Y2OSPZXIVGRILD15,85961,2015.0,Q1,2015-01-01,2015-03-31,2016-04-26 12:15:11+00:00,1.0,1.0,0.37,,0.99,30851000.0,52789000.0,53326000.0,-537000.0,52789000.0,1237041000.0,1567153000.0,2637000.0,32373000.0,-27208000.0,,206605000.0,1237041000.0,330112000.0,36802000.0,211770000.0,118342000.0,-34165000.0,84177000.0,1567153000.0,52596000.0,52596000.0,52596000.0
Ryder System Inc,R,ZXJ6Y2OSPZXIVGRILD15,85961,2015.0,Q1TTM,2014-04-01,2015-03-31,,4.23,4.23,1.45,,4.2,122987000.0,222898000.0,224453000.0,-1555000.0,222898000.0,5183604000.0,6595190000.0,10868000.0,111536000.0,-17450000.0,2387000.0,831878000.0,5183604000.0,1411586000.0,146432000.0,928351000.0,483235000.0,-135564000.0,347440000.0,6595190000.0,52596000.0,52596000.0,52596000.0
Ryder System Inc,R,ZXJ6Y2OSPZXIVGRILD15,85961,2016.0,Q3,2016-07-01,2016-09-30,2017-10-24 22:00:00+00:00,1.6,1.6,0.44,,1.59,46560000.0,84752000.0,85138000.0,-386000.0,84752000.0,1339193000.0,1724418000.0,3247000.0,27997000.0,,,191337000.0,1339193000.0,385225000.0,37440000.0,219334000.0,165891000.0,-34193000.0,131698000.0,1724418000.0,52953000.0,52953000.0,52953000.0
Ryder System Inc,R,ZXJ6Y2OSPZXIVGRILD15,85961,2016.0,Q3YTD,2016-01-01,2016-09-30,,4.04,4.04,1.26,,4.01,121820000.0,214296000.0,215365000.0,-1069000.0,214296000.0,3930308000.0,5057834000.0,10968000.0,85944000.0,,,602768000.0,3930308000.0,1127526000.0,112597000.0,688712000.0,438814000.0,-101629000.0,337185000.0,5057834000.0,52953000.0,52953000.0,52953000.0
Ryder System Inc,R,ZXJ6Y2OSPZXIVGRILD15,85961,2016.0,Q3TTM,2015-10-01,2016-09-30,,5.47,5.47,1.67,,5.45,157576000.0,290497000.0,291300000.0,-803000.0,290497000.0,5116424000.0,6730577000.0,16087000.0,131911000.0,82158000.0,18068000.0,801059000.0,5116424000.0,1614153000.0,148168000.0,1033196000.0,580957000.0,-132081000.0,448876000.0,6730577000.0,52953000.0,52953000.0,52953000.0
Ryder System Inc,R,ZXJ6Y2OSPZXIVGRILD15,85961,2016.0,Q2,2016-04-01,2016-06-30,2017-07-26 16:42:31+00:00,1.39,1.39,0.41,,1.38,42737000.0,73750000.0,74042000.0,-292000.0,73750000.0,1320329000.0,1703744000.0,5456000.0,27796000.0,,,207028000.0,1320329000.0,383415000.0,37268000.0,234824000.0,148591000.0,-31812000.0,116779000.0,1703744000.0,53057000.0,53057000.0,53057000.0
Ryder System Inc,R,ZXJ6Y2OSPZXIVGRILD15,85961,2016.0,Q2YTD,2016-01-01,2016-06-30,,2.44,2.44,0.82,,2.42,75260000.0,129544000.0,130227000.0,-683000.0,129544000.0,2591115000.0,3333416000.0,7721000.0,57947000.0,,,411431000.0,2591115000.0,742301000.0,75157000.0,469378000.0,272923000.0,-67436000.0,205487000.0,3333416000.0,53057000.0,53057000.0,53057000.0
Ryder System Inc,R,ZXJ6Y2OSPZXIVGRILD15,85961,2016.0,Q2TTM,2015-07-01,2016-06-30,,5.58,5.58,1.64,,5.55,160105000.0,296364000.0,296973000.0,-609000.0,296364000.0,5063698000.0,6675225000.0,14212000.0,130871000.0,57193000.0,18068000.0,812815000.0,5063698000.0,1611527000.0,149714000.0,1018947000.0,592580000.0,-135502000.0,457078000.0,6675225000.0,53057000.0,53057000.0,53057000.0
Ryder System Inc,R,ZXJ6Y2OSPZXIVGRILD15,85961,2016.0,Q1,2016-01-01,2016-03-31,2017-04-25 15:18:14+00:00,1.05,1.05,0.41,,1.04,32523000.0,55794000.0,56185000.0,-391000.0,55794000.0,1270786000.0,1629672000.0,2265000.0,30151000.0,,,204403000.0,1270786000.0,358886000.0,37889000.0,234554000.0,124332000.0,-35624000.0,88708000.0,1629672000.0,53076000.0,53076000.0,53076000.0
Ryder System Inc,R,ZXJ6Y2OSPZXIVGRILD15,85961,2016.0,Q1TTM,2015-04-01,2016-03-31,,5.8,5.8,1.6,,5.76,164898000.0,307773000.0,308848000.0,-1075000.0,307773000.0,5020341000.0,6634412000.0,9784000.0,132657000.0,27208000.0,18068000.0,820655000.0,5020341000.0,1614071000.0,151521000.0,998588000.0,615483000.0,-141737000.0,473746000.0,6634412000.0,53076000.0,53076000.0,53076000.0
Ryder System Inc,R,ZXJ6Y2OSPZXIVGRILD15,85961,2017.0,Q1,2017-01-01,2017-03-31,2018-05-02 16:18:41+00:00,0.72,0.72,0.44,,0.72,22086000.0,38406000.0,38536000.0,-130000.0,38406000.0,1406732000.0,1736983000.0,4953000.0,38601000.0,,0.0,201095000.0,1406732000.0,330251000.0,34886000.0,239696000.0,90555000.0,-29933000.0,60622000.0,1736983000.0,52945000.0,52945000.0,52945000.0
Ryder System Inc,R,ZXJ6Y2OSPZXIVGRILD15,85961,2019.0,Q3,2019-07-01,2019-09-30,2019-10-29 20:39:37+00:00,-1.75,-1.75,,,-1.75,278000.0,-91455000.0,-91538000.0,83000.0,-91455000.0,1966101000.0,2201198000.0,-7561000.0,28924000.0,,11360000.0,216037000.0,1966101000.0,235097000.0,62475000.0,256321000.0,-21224000.0,-70036000.0,-91260000.0,2201198000.0,52300000.0,52300000.0,52300000.0
Ryder System Inc,R,ZXJ6Y2OSPZXIVGRILD15,85961,2019.0,Q1,2019-01-01,2019-03-31,2020-05-01 11:50:37+00:00,0.86,0.86,0.54,,0.86,22261000.0,45316000.0,45890000.0,-574000.0,45316000.0,1779254000.0,2172110000.0,1760000.0,33626000.0,,6178000.0,231325000.0,1779254000.0,392856000.0,55336000.0,271129000.0,121727000.0,-53576000.0,68151000.0,2172110000.0,52700000.0,52700000.0,52700000.0
Ryder System Inc,R,ZXJ6Y2OSPZXIVGRILD15,85961,2020.0,Q1,2020-01-01,2020-03-31,2020-05-01 11:50:37+00:00,-2.1,-2.1,0.56,,-2.1,-4505000.0,-109613000.0,-109129000.0,-484000.0,-109613000.0,1893170000.0,2140622000.0,-9889000.0,33565000.0,,30947000.0,224119000.0,1893170000.0,247452000.0,62566000.0,288631000.0,-41179000.0,-72455000.0,-113634000.0,2140622000.0,52200000.0,52200000.0,52200000.0
