company_name,company_ticker,company_lei,company_cik,year,quarter,start_date,end_date,filing_date,amortizationexpense,basicdilutedeps,basiceps,cashdividendspershare,depreciationexpense,dilutedeps,impairmentexpense,incometaxexpense,marketingexpense,netincome,netincomecontinuing,netincomediscontinued,netincometocommon,operatingcostofrevenue,operatingrevenue,otherincome,rdexpense,sgaexpense,totalcostofrevenue,totalgrossprofit,totalinterestexpense,totaloperatingexpenses,totaloperatingincome,totalotherincome,totalpretaxincome,totalrevenue,weightedavebasicdilutedsharesos,weightedavebasicsharesos,weightedavedilutedsharesos
Intuit Inc,INTU,VI90HBPH7XSFMB9E4M29,896878,2008.0,FY,2007-08-01,2008-07-31,2010-09-16 14:33:26+00:00,90000000.0,1.45,1.45,,,1.41,,243000000.0,841000000.0,477000000.0,447000000.0,30000000.0,477000000.0,535000000.0,2993000000.0,98000000.0,593000000.0,290000000.0,535000000.0,2458000000.0,52000000.0,1814000000.0,644000000.0,46000000.0,690000000.0,2993000000.0,329000000.0,329000000.0,339000000.0
Intuit Inc,INTU,VI90HBPH7XSFMB9E4M29,896878,2009.0,FY,2008-08-01,2009-07-31,2010-09-16 14:33:26+00:00,101000000.0,1.39,1.39,,,1.35,,206000000.0,907000000.0,447000000.0,447000000.0,,447000000.0,578000000.0,3109000000.0,21000000.0,556000000.0,284000000.0,578000000.0,2531000000.0,51000000.0,1848000000.0,683000000.0,-30000000.0,653000000.0,3109000000.0,321600000.0,322000000.0,330000000.0
Intuit Inc,INTU,VI90HBPH7XSFMB9E4M29,896878,2009.0,Q4,2009-05-01,2009-07-31,,24000000.0,-0.23,-0.23,,,-0.22,,-50000000.0,176000000.0,-71000000.0,-72000000.0,1000000.0,-71000000.0,130000000.0,438000000.0,10000000.0,150000000.0,75000000.0,130000000.0,308000000.0,15000000.0,425000000.0,-117000000.0,-5000000.0,-122000000.0,438000000.0,321600000.0,322000000.0,330000000.0
Intuit Inc,INTU,VI90HBPH7XSFMB9E4M29,896878,2009.0,Q3YTD,2008-08-01,2009-04-30,,77000000.0,1.62,1.62,,,1.57,,256000000.0,731000000.0,518000000.0,519000000.0,-1000000.0,518000000.0,448000000.0,2671000000.0,11000000.0,406000000.0,209000000.0,448000000.0,2223000000.0,36000000.0,1423000000.0,800000000.0,-25000000.0,775000000.0,2671000000.0,321200000.0,322000000.0,329000000.0
Intuit Inc,INTU,VI90HBPH7XSFMB9E4M29,896878,2009.0,Q3,2009-02-01,2009-04-30,2010-05-28 15:56:39+00:00,25000000.0,1.51,1.51,,,1.47,,274000000.0,274000000.0,485000000.0,485000000.0,,485000000.0,149000000.0,1417000000.0,6000000.0,130000000.0,74000000.0,149000000.0,1268000000.0,12000000.0,503000000.0,765000000.0,-6000000.0,759000000.0,1417000000.0,321200000.0,322000000.0,329000000.0
Intuit Inc,INTU,VI90HBPH7XSFMB9E4M29,896878,2009.0,Q2YTD,2008-08-01,2009-01-31,,52000000.0,0.11,0.11,,,0.1,,-18000000.0,457000000.0,33000000.0,34000000.0,-1000000.0,33000000.0,299000000.0,1254000000.0,5000000.0,276000000.0,135000000.0,299000000.0,955000000.0,24000000.0,920000000.0,35000000.0,-19000000.0,16000000.0,1254000000.0,314800000.0,321000000.0,326000000.0
Intuit Inc,INTU,VI90HBPH7XSFMB9E4M29,896878,2009.0,Q2,2008-11-01,2009-01-31,2010-03-01 13:21:12+00:00,27000000.0,0.27,0.27,,,0.26,,19000000.0,271000000.0,85000000.0,86000000.0,-1000000.0,85000000.0,154000000.0,773000000.0,6000000.0,140000000.0,70000000.0,154000000.0,619000000.0,12000000.0,508000000.0,111000000.0,-6000000.0,105000000.0,773000000.0,314800000.0,321000000.0,326000000.0
Intuit Inc,INTU,VI90HBPH7XSFMB9E4M29,896878,2009.0,Q1,2008-08-01,2008-10-31,2009-12-04 13:01:57+00:00,25000000.0,-0.16,-0.16,,,-0.16,,-37000000.0,186000000.0,-52000000.0,-52000000.0,,-52000000.0,145000000.0,481000000.0,-1000000.0,136000000.0,65000000.0,145000000.0,336000000.0,12000000.0,412000000.0,-76000000.0,-13000000.0,-89000000.0,481000000.0,325000000.0,323000000.0,323000000.0
Intuit Inc,INTU,VI90HBPH7XSFMB9E4M29,896878,2010.0,Q4,2010-05-01,2010-07-31,,11000000.0,-0.16,-0.16,,,-0.15,,-14000000.0,142000000.0,-48000000.0,-24000000.0,-24000000.0,-48000000.0,123000000.0,466000000.0,1000000.0,136000000.0,78000000.0,123000000.0,343000000.0,15000000.0,367000000.0,-24000000.0,-14000000.0,-38000000.0,466000000.0,315400000.0,316000000.0,325000000.0
Intuit Inc,INTU,VI90HBPH7XSFMB9E4M29,896878,2010.0,FY,2009-08-01,2010-07-31,2012-09-13 15:49:12+00:00,85000000.0,1.82,1.82,0.0,,1.77,0.0,292000000.0,913000000.0,574000000.0,564000000.0,10000000.0,574000000.0,591000000.0,3403000000.0,13000000.0,564000000.0,346000000.0,591000000.0,2812000000.0,61000000.0,1908000000.0,904000000.0,-48000000.0,856000000.0,3403000000.0,315400000.0,316000000.0,325000000.0
Intuit Inc,INTU,VI90HBPH7XSFMB9E4M29,896878,2010.0,Q3,2010-02-01,2010-04-30,2010-05-28 15:56:39+00:00,15000000.0,1.83,1.83,,,1.78,,302000000.0,309000000.0,576000000.0,576000000.0,,576000000.0,152000000.0,1607000000.0,5000000.0,141000000.0,102000000.0,152000000.0,1455000000.0,15000000.0,567000000.0,888000000.0,-10000000.0,878000000.0,1607000000.0,314800000.0,314000000.0,323000000.0
Intuit Inc,INTU,VI90HBPH7XSFMB9E4M29,896878,2010.0,Q3YTD,2009-08-01,2010-04-30,,74000000.0,1.98,1.98,,,1.92,,306000000.0,771000000.0,622000000.0,588000000.0,34000000.0,622000000.0,468000000.0,2937000000.0,12000000.0,428000000.0,268000000.0,468000000.0,2469000000.0,46000000.0,1541000000.0,928000000.0,-34000000.0,894000000.0,2937000000.0,314800000.0,314000000.0,323000000.0
Intuit Inc,INTU,VI90HBPH7XSFMB9E4M29,896878,2010.0,Q3TTM,2009-05-01,2010-04-30,,98000000.0,1.75,1.75,,,1.7,,256000000.0,947000000.0,551000000.0,516000000.0,35000000.0,551000000.0,598000000.0,3375000000.0,22000000.0,578000000.0,343000000.0,598000000.0,2777000000.0,61000000.0,1966000000.0,811000000.0,-39000000.0,772000000.0,3375000000.0,314800000.0,314000000.0,323000000.0
Intuit Inc,INTU,VI90HBPH7XSFMB9E4M29,896878,2010.0,Q2,2009-11-01,2010-01-31,2010-03-01 13:21:12+00:00,27000000.0,0.36,0.36,,,0.35,,46000000.0,277000000.0,114000000.0,80000000.0,34000000.0,114000000.0,162000000.0,837000000.0,2000000.0,144000000.0,88000000.0,162000000.0,675000000.0,15000000.0,536000000.0,139000000.0,-13000000.0,126000000.0,837000000.0,316700000.0,314000000.0,323000000.0
Intuit Inc,INTU,VI90HBPH7XSFMB9E4M29,896878,2010.0,Q2YTD,2009-08-01,2010-01-31,,59000000.0,0.15,0.15,,,0.14,,4000000.0,462000000.0,46000000.0,12000000.0,34000000.0,46000000.0,316000000.0,1330000000.0,7000000.0,287000000.0,166000000.0,316000000.0,1014000000.0,31000000.0,974000000.0,40000000.0,-24000000.0,16000000.0,1330000000.0,316700000.0,314000000.0,323000000.0
Intuit Inc,INTU,VI90HBPH7XSFMB9E4M29,896878,2010.0,Q2TTM,2009-02-01,2010-01-31,,108000000.0,1.43,1.43,,,1.39,,228000000.0,912000000.0,460000000.0,425000000.0,35000000.0,460000000.0,595000000.0,3185000000.0,23000000.0,567000000.0,315000000.0,595000000.0,2590000000.0,58000000.0,1902000000.0,688000000.0,-35000000.0,653000000.0,3185000000.0,316700000.0,314000000.0,323000000.0
Intuit Inc,INTU,VI90HBPH7XSFMB9E4M29,896878,2010.0,Q1,2009-08-01,2009-10-31,2009-12-04 13:01:57+00:00,32000000.0,-0.21,-0.21,,,-0.21,,-42000000.0,185000000.0,-68000000.0,-68000000.0,,-68000000.0,154000000.0,493000000.0,5000000.0,143000000.0,78000000.0,154000000.0,339000000.0,16000000.0,438000000.0,-99000000.0,-11000000.0,-110000000.0,493000000.0,323800000.0,320000000.0,320000000.0
Intuit Inc,INTU,VI90HBPH7XSFMB9E4M29,896878,2010.0,Q1TTM,2008-11-01,2009-10-31,,108000000.0,1.34,1.34,,,1.3,,201000000.0,906000000.0,431000000.0,431000000.0,,431000000.0,587000000.0,3121000000.0,27000000.0,563000000.0,297000000.0,587000000.0,2534000000.0,55000000.0,1874000000.0,660000000.0,-28000000.0,632000000.0,3121000000.0,323800000.0,320000000.0,320000000.0
Intuit Inc,INTU,VI90HBPH7XSFMB9E4M29,896878,2011.0,Q4,2011-05-01,2011-07-31,,-26000000.0,-0.23,-0.23,,,-0.21,,2000000.0,58000000.0,-57000000.0,-3000000.0,-54000000.0,-57000000.0,-13000000.0,191000000.0,,88000000.0,70000000.0,-13000000.0,204000000.0,15000000.0,190000000.0,14000000.0,-15000000.0,-1000000.0,191000000.0,307800000.0,307000000.0,317000000.0
Intuit Inc,INTU,VI90HBPH7XSFMB9E4M29,896878,2011.0,FY,2010-08-01,2011-07-31,2013-09-13 16:00:38+00:00,20000000.0,2.06,2.06,0.0,,2.0,,354000000.0,959000000.0,634000000.0,688000000.0,-54000000.0,634000000.0,481000000.0,3449000000.0,20000000.0,566000000.0,341000000.0,481000000.0,2968000000.0,60000000.0,1886000000.0,1082000000.0,-40000000.0,1042000000.0,3449000000.0,307800000.0,307000000.0,317000000.0
Intuit Inc,INTU,VI90HBPH7XSFMB9E4M29,896878,2011.0,Q3,2011-02-01,2011-04-30,2011-06-01 13:49:31+00:00,15000000.0,2.27,2.27,,,2.2,,364000000.0,351000000.0,688000000.0,688000000.0,,688000000.0,164000000.0,1848000000.0,6000000.0,164000000.0,93000000.0,164000000.0,1684000000.0,15000000.0,623000000.0,1061000000.0,-9000000.0,1052000000.0,1848000000.0,303100000.0,303000000.0,313000000.0
Intuit Inc,INTU,VI90HBPH7XSFMB9E4M29,896878,2011.0,Q3YTD,2010-08-01,2011-04-30,,46000000.0,2.29,2.29,,,2.21,,352000000.0,901000000.0,691000000.0,691000000.0,,691000000.0,494000000.0,3258000000.0,20000000.0,478000000.0,271000000.0,494000000.0,2764000000.0,45000000.0,1696000000.0,1068000000.0,-25000000.0,1043000000.0,3258000000.0,303100000.0,303000000.0,313000000.0
Intuit Inc,INTU,VI90HBPH7XSFMB9E4M29,896878,2011.0,Q3TTM,2010-05-01,2011-04-30,,57000000.0,2.13,2.13,,,2.06,,338000000.0,1043000000.0,643000000.0,667000000.0,-24000000.0,643000000.0,617000000.0,3724000000.0,21000000.0,614000000.0,349000000.0,617000000.0,3107000000.0,60000000.0,2063000000.0,1044000000.0,-39000000.0,1005000000.0,3724000000.0,303100000.0,303000000.0,313000000.0
Intuit Inc,INTU,VI90HBPH7XSFMB9E4M29,896878,2011.0,Q2,2010-11-01,2011-01-31,2011-03-01 13:39:21+00:00,16000000.0,0.24,0.24,,,0.23,,29000000.0,330000000.0,73000000.0,73000000.0,,73000000.0,175000000.0,878000000.0,6000000.0,158000000.0,88000000.0,175000000.0,703000000.0,15000000.0,592000000.0,111000000.0,-9000000.0,102000000.0,878000000.0,304200000.0,308000000.0,318000000.0
Intuit Inc,INTU,VI90HBPH7XSFMB9E4M29,896878,2011.0,Q2YTD,2010-08-01,2011-01-31,,31000000.0,0.02,0.02,,,0.01,,-12000000.0,550000000.0,3000000.0,3000000.0,,3000000.0,330000000.0,1410000000.0,14000000.0,314000000.0,178000000.0,330000000.0,1080000000.0,30000000.0,1073000000.0,7000000.0,-16000000.0,-9000000.0,1410000000.0,304200000.0,308000000.0,318000000.0
Intuit Inc,INTU,VI90HBPH7XSFMB9E4M29,896878,2011.0,Q2TTM,2010-02-01,2011-01-31,,57000000.0,1.69,1.69,,,1.64,,276000000.0,1001000000.0,531000000.0,555000000.0,-24000000.0,531000000.0,605000000.0,3483000000.0,20000000.0,591000000.0,358000000.0,605000000.0,2878000000.0,60000000.0,2007000000.0,871000000.0,-40000000.0,831000000.0,3483000000.0,304200000.0,308000000.0,318000000.0
Intuit Inc,INTU,VI90HBPH7XSFMB9E4M29,896878,2011.0,Q1,2010-08-01,2010-10-31,2010-12-06 15:25:01+00:00,15000000.0,-0.22,-0.22,,,-0.22,,-41000000.0,220000000.0,-70000000.0,-70000000.0,0.0,-70000000.0,155000000.0,532000000.0,8000000.0,156000000.0,90000000.0,155000000.0,377000000.0,15000000.0,481000000.0,-104000000.0,-7000000.0,-111000000.0,532000000.0,316000000.0,318200000.0,318200000.0
Intuit Inc,INTU,VI90HBPH7XSFMB9E4M29,896878,2011.0,Q1TTM,2009-11-01,2010-10-31,,68000000.0,1.81,1.81,,,1.76,,293000000.0,948000000.0,572000000.0,562000000.0,10000000.0,572000000.0,592000000.0,3442000000.0,16000000.0,577000000.0,358000000.0,592000000.0,2850000000.0,60000000.0,1951000000.0,899000000.0,-44000000.0,855000000.0,3442000000.0,316000000.0,318200000.0,318200000.0
Intuit Inc,INTU,VI90HBPH7XSFMB9E4M29,896878,2012.0,Q4,2012-05-01,2012-07-31,,-12000000.0,-0.01,-0.01,0.15,,-0.01,,-23000000.0,88000000.0,4000000.0,-24000000.0,28000000.0,4000000.0,3000000.0,250000000.0,-3000000.0,116000000.0,92000000.0,3000000.0,247000000.0,7000000.0,284000000.0,-37000000.0,-10000000.0,-47000000.0,250000000.0,296600000.0,296000000.0,305000000.0
Intuit Inc,INTU,VI90HBPH7XSFMB9E4M29,896878,2012.0,FY,2011-08-01,2012-07-31,2014-09-12 15:19:09+00:00,33000000.0,2.67,2.67,0.6,,2.6,,374000000.0,1033000000.0,792000000.0,764000000.0,28000000.0,792000000.0,575000000.0,3808000000.0,20000000.0,618000000.0,381000000.0,575000000.0,3233000000.0,50000000.0,2065000000.0,1168000000.0,-30000000.0,1138000000.0,3808000000.0,296600000.0,296000000.0,305000000.0
Intuit Inc,INTU,VI90HBPH7XSFMB9E4M29,896878,2012.0,Q3,2012-02-01,2012-04-30,2012-05-25 15:52:42+00:00,6000000.0,2.49,2.49,0.15,,2.42,,370000000.0,365000000.0,734000000.0,734000000.0,,734000000.0,198000000.0,1945000000.0,9000000.0,167000000.0,102000000.0,198000000.0,1747000000.0,12000000.0,640000000.0,1107000000.0,-3000000.0,1104000000.0,1945000000.0,294800000.0,295000000.0,303000000.0
Intuit Inc,INTU,VI90HBPH7XSFMB9E4M29,896878,2012.0,Q3YTD,2011-08-01,2012-04-30,,45000000.0,2.68,2.68,0.45,,2.6,,397000000.0,945000000.0,788000000.0,788000000.0,,788000000.0,572000000.0,3558000000.0,23000000.0,502000000.0,289000000.0,572000000.0,2986000000.0,43000000.0,1781000000.0,1205000000.0,-20000000.0,1185000000.0,3558000000.0,294800000.0,295000000.0,303000000.0
Intuit Inc,INTU,VI90HBPH7XSFMB9E4M29,896878,2012.0,Q3TTM,2011-05-01,2012-04-30,,19000000.0,2.45,2.45,0.45,,2.39,,399000000.0,1003000000.0,731000000.0,785000000.0,-54000000.0,731000000.0,559000000.0,3749000000.0,23000000.0,590000000.0,359000000.0,559000000.0,3190000000.0,58000000.0,1971000000.0,1219000000.0,-35000000.0,1184000000.0,3749000000.0,294800000.0,295000000.0,303000000.0
Intuit Inc,INTU,VI90HBPH7XSFMB9E4M29,896878,2012.0,Q2,2011-11-01,2012-01-31,2012-02-29 14:36:22+00:00,14000000.0,0.4,0.4,0.15,,0.39,,61000000.0,344000000.0,118000000.0,118000000.0,,118000000.0,206000000.0,1019000000.0,3000000.0,168000000.0,95000000.0,206000000.0,813000000.0,16000000.0,621000000.0,192000000.0,-13000000.0,179000000.0,1019000000.0,295000000.0,297000000.0,306000000.0
Intuit Inc,INTU,VI90HBPH7XSFMB9E4M29,896878,2012.0,Q2YTD,2011-08-01,2012-01-31,,39000000.0,0.19,0.19,0.3,,0.18,,27000000.0,580000000.0,54000000.0,54000000.0,,54000000.0,374000000.0,1613000000.0,14000000.0,335000000.0,187000000.0,374000000.0,1239000000.0,31000000.0,1141000000.0,98000000.0,-17000000.0,81000000.0,1613000000.0,295000000.0,297000000.0,306000000.0
Intuit Inc,INTU,VI90HBPH7XSFMB9E4M29,896878,2012.0,Q2TTM,2011-02-01,2012-01-31,,28000000.0,2.23,2.23,0.3,,2.17,,393000000.0,989000000.0,685000000.0,739000000.0,-54000000.0,685000000.0,525000000.0,3652000000.0,20000000.0,587000000.0,350000000.0,525000000.0,3127000000.0,61000000.0,1954000000.0,1173000000.0,-41000000.0,1132000000.0,3652000000.0,295000000.0,297000000.0,306000000.0
Intuit Inc,INTU,VI90HBPH7XSFMB9E4M29,896878,2012.0,Q1,2011-08-01,2011-10-31,2011-12-01 15:06:54+00:00,25000000.0,-0.21,-0.21,0.15,,-0.21,,-34000000.0,236000000.0,-64000000.0,-64000000.0,,-64000000.0,168000000.0,594000000.0,11000000.0,167000000.0,92000000.0,168000000.0,426000000.0,15000000.0,520000000.0,-94000000.0,-4000000.0,-98000000.0,594000000.0,304800000.0,300000000.0,300000000.0
Intuit Inc,INTU,VI90HBPH7XSFMB9E4M29,896878,2012.0,Q1TTM,2010-11-01,2011-10-31,,30000000.0,2.07,2.07,0.15,,2.01,,361000000.0,975000000.0,640000000.0,694000000.0,-54000000.0,640000000.0,494000000.0,3511000000.0,23000000.0,577000000.0,343000000.0,494000000.0,3017000000.0,60000000.0,1925000000.0,1092000000.0,-37000000.0,1055000000.0,3511000000.0,304800000.0,300000000.0,300000000.0
Intuit Inc,INTU,VI90HBPH7XSFMB9E4M29,896878,2013.0,Q4,2013-05-01,2013-07-31,,16000000.0,-0.06,-0.06,0.17,,-0.05,-46000000.0,-25000000.0,190000000.0,-16000000.0,-19000000.0,3000000.0,-16000000.0,-2000000.0,378000000.0,1000000.0,151000000.0,107000000.0,-2000000.0,380000000.0,7000000.0,418000000.0,-38000000.0,-6000000.0,-44000000.0,378000000.0,296900000.0,297000000.0,303000000.0
Intuit Inc,INTU,VI90HBPH7XSFMB9E4M29,896878,2013.0,FY,2012-08-01,2013-07-31,2014-09-12 15:19:09+00:00,53000000.0,2.89,2.89,0.68,,2.83,,387000000.0,1219000000.0,858000000.0,823000000.0,35000000.0,858000000.0,559000000.0,4171000000.0,7000000.0,685000000.0,422000000.0,559000000.0,3612000000.0,30000000.0,2379000000.0,1233000000.0,-23000000.0,1210000000.0,4171000000.0,296900000.0,297000000.0,303000000.0
Intuit Inc,INTU,VI90HBPH7XSFMB9E4M29,896878,2013.0,Q3,2013-02-01,2013-04-30,2013-05-30 14:09:24+00:00,12000000.0,2.77,2.77,0.17,,2.71,46000000.0,420000000.0,406000000.0,822000000.0,822000000.0,0.0,822000000.0,182000000.0,2178000000.0,3000000.0,177000000.0,108000000.0,182000000.0,1996000000.0,8000000.0,749000000.0,1247000000.0,-5000000.0,1242000000.0,2178000000.0,296800000.0,297000000.0,304000000.0
Intuit Inc,INTU,VI90HBPH7XSFMB9E4M29,896878,2013.0,Q3YTD,2012-08-01,2013-04-30,,37000000.0,2.95,2.95,0.51,,2.88,46000000.0,412000000.0,1029000000.0,874000000.0,842000000.0,32000000.0,874000000.0,561000000.0,3793000000.0,6000000.0,534000000.0,315000000.0,561000000.0,3232000000.0,23000000.0,1961000000.0,1271000000.0,-17000000.0,1254000000.0,3793000000.0,296800000.0,297000000.0,304000000.0
Intuit Inc,INTU,VI90HBPH7XSFMB9E4M29,896878,2013.0,Q3TTM,2012-05-01,2013-04-30,,25000000.0,2.94,2.94,0.66,,2.88,46000000.0,389000000.0,1117000000.0,878000000.0,818000000.0,60000000.0,878000000.0,564000000.0,4043000000.0,3000000.0,650000000.0,407000000.0,564000000.0,3479000000.0,30000000.0,2245000000.0,1234000000.0,-27000000.0,1207000000.0,4043000000.0,296800000.0,297000000.0,304000000.0
Intuit Inc,INTU,VI90HBPH7XSFMB9E4M29,896878,2013.0,Q2,2012-11-01,2013-01-31,2013-03-01 14:40:26+00:00,13000000.0,0.24,0.24,0.17,,0.23,,16000000.0,372000000.0,71000000.0,71000000.0,0.0,71000000.0,202000000.0,968000000.0,1000000.0,179000000.0,109000000.0,202000000.0,766000000.0,7000000.0,673000000.0,93000000.0,-6000000.0,87000000.0,968000000.0,295800000.0,296000000.0,303000000.0
Intuit Inc,INTU,VI90HBPH7XSFMB9E4M29,896878,2013.0,Q2YTD,2012-08-01,2013-01-31,,25000000.0,0.18,0.18,0.34,,0.17,,-8000000.0,623000000.0,52000000.0,20000000.0,32000000.0,52000000.0,379000000.0,1615000000.0,3000000.0,357000000.0,207000000.0,379000000.0,1236000000.0,15000000.0,1212000000.0,24000000.0,-12000000.0,12000000.0,1615000000.0,295800000.0,296000000.0,303000000.0
Intuit Inc,INTU,VI90HBPH7XSFMB9E4M29,896878,2013.0,Q2TTM,2012-02-01,2013-01-31,,19000000.0,2.66,2.66,0.64,,2.59,,339000000.0,1076000000.0,790000000.0,730000000.0,60000000.0,790000000.0,580000000.0,3810000000.0,9000000.0,640000000.0,401000000.0,580000000.0,3230000000.0,34000000.0,2136000000.0,1094000000.0,-25000000.0,1069000000.0,3810000000.0,295800000.0,296000000.0,303000000.0
Intuit Inc,INTU,VI90HBPH7XSFMB9E4M29,896878,2013.0,Q1,2012-08-01,2012-10-31,2012-11-29 14:02:37+00:00,12000000.0,-0.06,-0.06,0.17,,-0.06,,-24000000.0,251000000.0,-19000000.0,-51000000.0,32000000.0,-19000000.0,177000000.0,647000000.0,2000000.0,178000000.0,98000000.0,177000000.0,470000000.0,8000000.0,539000000.0,-69000000.0,-6000000.0,-75000000.0,647000000.0,316700000.0,296000000.0,296000000.0
Intuit Inc,INTU,VI90HBPH7XSFMB9E4M29,896878,2013.0,Q1TTM,2011-11-01,2012-10-31,,20000000.0,2.82,2.82,0.62,,2.75,,384000000.0,1048000000.0,837000000.0,777000000.0,60000000.0,837000000.0,584000000.0,3861000000.0,11000000.0,629000000.0,387000000.0,584000000.0,3277000000.0,43000000.0,2084000000.0,1193000000.0,-32000000.0,1161000000.0,3861000000.0,316700000.0,296000000.0,296000000.0
Intuit Inc,INTU,VI90HBPH7XSFMB9E4M29,896878,2014.0,FY,2013-08-01,2014-07-31,2016-09-01 16:23:59+00:00,25000000.0,3.18,3.18,0.76,,3.12,,447000000.0,1157000000.0,907000000.0,853000000.0,54000000.0,907000000.0,603000000.0,4243000000.0,31000000.0,714000000.0,444000000.0,603000000.0,3640000000.0,31000000.0,2340000000.0,1300000000.0,,1300000000.0,4243000000.0,285200000.0,285000000.0,291000000.0
Intuit Inc,INTU,VI90HBPH7XSFMB9E4M29,896878,2014.0,Q4,2014-05-01,2014-07-31,,-3000000.0,-0.12,-0.12,0.19,-4000000.0,-0.1,,-18000000.0,135000000.0,-29000000.0,-37000000.0,8000000.0,-29000000.0,132000000.0,451000000.0,23000000.0,166000000.0,96000000.0,132000000.0,319000000.0,7000000.0,390000000.0,-71000000.0,16000000.0,-55000000.0,451000000.0,285200000.0,285000000.0,291000000.0
Intuit Inc,INTU,VI90HBPH7XSFMB9E4M29,896878,2014.0,Q3,2014-02-01,2014-04-30,2014-05-21 13:35:27+00:00,11000000.0,3.47,3.47,0.19,,3.39,,505000000.0,412000000.0,984000000.0,984000000.0,0.0,984000000.0,164000000.0,2388000000.0,3000000.0,186000000.0,121000000.0,164000000.0,2224000000.0,8000000.0,730000000.0,1494000000.0,-5000000.0,1489000000.0,2388000000.0,283600000.0,284000000.0,290000000.0
Intuit Inc,INTU,VI90HBPH7XSFMB9E4M29,896878,2014.0,Q3YTD,2013-08-01,2014-04-30,,28000000.0,3.3,3.3,0.57,4000000.0,3.22,,465000000.0,1022000000.0,936000000.0,890000000.0,46000000.0,936000000.0,471000000.0,3792000000.0,8000000.0,548000000.0,348000000.0,471000000.0,3321000000.0,24000000.0,1950000000.0,1371000000.0,-16000000.0,1355000000.0,3792000000.0,283600000.0,284000000.0,290000000.0
Intuit Inc,INTU,VI90HBPH7XSFMB9E4M29,896878,2014.0,Q3TTM,2013-05-01,2014-04-30,,44000000.0,3.24,3.24,0.74,4000000.0,3.17,-46000000.0,440000000.0,1212000000.0,920000000.0,871000000.0,49000000.0,920000000.0,469000000.0,4170000000.0,9000000.0,699000000.0,455000000.0,469000000.0,3701000000.0,31000000.0,2368000000.0,1333000000.0,-22000000.0,1311000000.0,4170000000.0,283600000.0,284000000.0,290000000.0
Intuit Inc,INTU,VI90HBPH7XSFMB9E4M29,896878,2014.0,Q2,2013-11-01,2014-01-31,2014-02-21 14:15:19+00:00,11000000.0,-0.13,-0.13,0.19,,-0.13,,-17000000.0,352000000.0,-37000000.0,-37000000.0,0.0,-37000000.0,170000000.0,782000000.0,0.0,186000000.0,109000000.0,170000000.0,612000000.0,8000000.0,658000000.0,-46000000.0,-8000000.0,-54000000.0,782000000.0,284600000.0,284000000.0,284000000.0
Intuit Inc,INTU,VI90HBPH7XSFMB9E4M29,896878,2014.0,Q2YTD,2013-08-01,2014-01-31,,17000000.0,-0.17,-0.17,0.38,4000000.0,-0.17,,-40000000.0,610000000.0,-48000000.0,-94000000.0,46000000.0,-48000000.0,307000000.0,1404000000.0,5000000.0,362000000.0,227000000.0,307000000.0,1097000000.0,16000000.0,1220000000.0,-123000000.0,-11000000.0,-134000000.0,1404000000.0,284600000.0,284000000.0,284000000.0
Intuit Inc,INTU,VI90HBPH7XSFMB9E4M29,896878,2014.0,Q2TTM,2013-02-01,2014-01-31,,45000000.0,2.54,2.54,0.72,4000000.0,2.49,,355000000.0,1206000000.0,758000000.0,709000000.0,49000000.0,758000000.0,487000000.0,3960000000.0,9000000.0,690000000.0,442000000.0,487000000.0,3473000000.0,31000000.0,2387000000.0,1086000000.0,-22000000.0,1064000000.0,3960000000.0,284600000.0,284000000.0,284000000.0
Intuit Inc,INTU,VI90HBPH7XSFMB9E4M29,896878,2014.0,Q1,2013-08-01,2013-10-31,2013-11-22 14:26:08+00:00,6000000.0,-0.04,-0.04,0.19,4000000.0,-0.04,,-23000000.0,258000000.0,-11000000.0,-57000000.0,46000000.0,-11000000.0,137000000.0,622000000.0,5000000.0,176000000.0,118000000.0,137000000.0,485000000.0,8000000.0,562000000.0,-77000000.0,-3000000.0,-80000000.0,622000000.0,275000000.0,288000000.0,288000000.0
Intuit Inc,INTU,VI90HBPH7XSFMB9E4M29,896878,2014.0,Q1TTM,2012-11-01,2013-10-31,,47000000.0,2.91,2.91,0.7,4000000.0,2.85,,388000000.0,1226000000.0,866000000.0,817000000.0,49000000.0,866000000.0,519000000.0,4146000000.0,10000000.0,683000000.0,442000000.0,519000000.0,3627000000.0,30000000.0,2402000000.0,1225000000.0,-20000000.0,1205000000.0,4146000000.0,275000000.0,288000000.0,288000000.0
Intuit Inc,INTU,VI90HBPH7XSFMB9E4M29,896878,2015.0,FY,2014-08-01,2015-07-31,2017-09-01 16:13:14+00:00,190000000.0,1.3,1.3,1.0,,1.28,,299000000.0,1288000000.0,365000000.0,413000000.0,-48000000.0,365000000.0,695000000.0,4192000000.0,1000000.0,798000000.0,483000000.0,695000000.0,3497000000.0,27000000.0,2759000000.0,738000000.0,-26000000.0,712000000.0,4192000000.0,280800000.0,281000000.0,286000000.0
Intuit Inc,INTU,VI90HBPH7XSFMB9E4M29,896878,2015.0,Q4,2015-05-01,2015-07-31,,159000000.0,0.01,0.01,0.25,,0.02,-114000000.0,-36000000.0,280000000.0,14000000.0,-102000000.0,116000000.0,14000000.0,168000000.0,696000000.0,-2000000.0,215000000.0,118000000.0,168000000.0,528000000.0,6000000.0,658000000.0,-130000000.0,-8000000.0,-138000000.0,696000000.0,280800000.0,281000000.0,286000000.0
Intuit Inc,INTU,VI90HBPH7XSFMB9E4M29,896878,2015.0,Q3,2015-02-01,2015-04-30,2016-05-24 16:12:42+00:00,11000000.0,1.81,1.81,0.25,,1.78,114000000.0,404000000.0,413000000.0,501000000.0,656000000.0,-155000000.0,501000000.0,194000000.0,2135000000.0,1000000.0,206000000.0,131000000.0,194000000.0,1941000000.0,7000000.0,875000000.0,1066000000.0,-6000000.0,1060000000.0,2135000000.0,276800000.0,277000000.0,282000000.0
Intuit Inc,INTU,VI90HBPH7XSFMB9E4M29,896878,2015.0,Q3YTD,2014-08-01,2015-04-30,,31000000.0,1.29,1.29,0.75,,1.26,114000000.0,335000000.0,1008000000.0,351000000.0,515000000.0,-164000000.0,351000000.0,527000000.0,3496000000.0,3000000.0,583000000.0,365000000.0,527000000.0,2969000000.0,21000000.0,2101000000.0,868000000.0,-18000000.0,850000000.0,3496000000.0,276800000.0,277000000.0,282000000.0
Intuit Inc,INTU,VI90HBPH7XSFMB9E4M29,896878,2015.0,Q3TTM,2014-05-01,2015-04-30,,28000000.0,1.17,1.17,0.94,-4000000.0,1.16,114000000.0,317000000.0,1143000000.0,322000000.0,478000000.0,-156000000.0,322000000.0,659000000.0,3947000000.0,26000000.0,749000000.0,461000000.0,659000000.0,3288000000.0,28000000.0,2491000000.0,797000000.0,-2000000.0,795000000.0,3947000000.0,276800000.0,277000000.0,282000000.0
Intuit Inc,INTU,VI90HBPH7XSFMB9E4M29,896878,2015.0,Q2,2014-11-01,2015-01-31,2016-02-25 16:35:26+00:00,10000000.0,-0.23,-0.23,0.25,,-0.23,,-34000000.0,344000000.0,-66000000.0,-60000000.0,-6000000.0,-66000000.0,181000000.0,749000000.0,2000000.0,188000000.0,115000000.0,181000000.0,568000000.0,7000000.0,657000000.0,-89000000.0,-5000000.0,-94000000.0,749000000.0,287000000.0,285000000.0,285000000.0
Intuit Inc,INTU,VI90HBPH7XSFMB9E4M29,896878,2015.0,Q2YTD,2014-08-01,2015-01-31,,20000000.0,-0.52,-0.52,0.5,,-0.52,,-69000000.0,595000000.0,-150000000.0,-141000000.0,-9000000.0,-150000000.0,333000000.0,1361000000.0,2000000.0,377000000.0,234000000.0,333000000.0,1028000000.0,14000000.0,1226000000.0,-198000000.0,-12000000.0,-210000000.0,1361000000.0,287000000.0,285000000.0,285000000.0
Intuit Inc,INTU,VI90HBPH7XSFMB9E4M29,896878,2015.0,Q2TTM,2014-02-01,2015-01-31,,28000000.0,2.83,2.83,0.88,-4000000.0,2.77,,418000000.0,1142000000.0,805000000.0,806000000.0,-1000000.0,805000000.0,629000000.0,4200000000.0,28000000.0,729000000.0,451000000.0,629000000.0,3571000000.0,29000000.0,2346000000.0,1225000000.0,-1000000.0,1224000000.0,4200000000.0,287000000.0,285000000.0,285000000.0
Intuit Inc,INTU,VI90HBPH7XSFMB9E4M29,896878,2015.0,Q1,2014-08-01,2014-10-31,2015-11-20 14:50:05+00:00,10000000.0,-0.29,-0.29,0.25,,-0.29,,-35000000.0,251000000.0,-84000000.0,-81000000.0,-3000000.0,-84000000.0,152000000.0,612000000.0,0.0,189000000.0,119000000.0,152000000.0,460000000.0,7000000.0,569000000.0,-109000000.0,-7000000.0,-116000000.0,612000000.0,289700000.0,286000000.0,286000000.0
Intuit Inc,INTU,VI90HBPH7XSFMB9E4M29,896878,2015.0,Q1TTM,2013-11-01,2014-10-31,,29000000.0,2.93,2.93,0.82,-4000000.0,2.87,,435000000.0,1150000000.0,834000000.0,829000000.0,5000000.0,834000000.0,618000000.0,4233000000.0,26000000.0,727000000.0,445000000.0,618000000.0,3615000000.0,30000000.0,2347000000.0,1268000000.0,-4000000.0,1264000000.0,4233000000.0,289700000.0,286000000.0,286000000.0
Intuit Inc,INTU,VI90HBPH7XSFMB9E4M29,896878,2016.0,FY,2015-08-01,2016-07-31,2018-08-31 17:05:17+00:00,34000000.0,3.73,3.73,1.2,,3.69,,397000000.0,1289000000.0,979000000.0,806000000.0,173000000.0,979000000.0,730000000.0,4694000000.0,-4000000.0,881000000.0,518000000.0,730000000.0,3964000000.0,35000000.0,2722000000.0,1242000000.0,-39000000.0,1203000000.0,4694000000.0,262500000.0,262000000.0,265000000.0
Intuit Inc,INTU,VI90HBPH7XSFMB9E4M29,896878,2016.0,Q4,2016-05-01,2016-07-31,,11000000.0,-0.25,-0.25,0.3,,-0.23,,-22000000.0,266000000.0,-40000000.0,-40000000.0,,-40000000.0,166000000.0,754000000.0,3000000.0,235000000.0,132000000.0,166000000.0,588000000.0,9000000.0,644000000.0,-56000000.0,-6000000.0,-62000000.0,754000000.0,262500000.0,262000000.0,265000000.0
Intuit Inc,INTU,VI90HBPH7XSFMB9E4M29,896878,2016.0,Q3,2016-02-01,2016-04-30,2017-05-23 16:07:30+00:00,8000000.0,4.0,4.0,0.3,,3.94,,429000000.0,423000000.0,1026000000.0,848000000.0,178000000.0,1026000000.0,211000000.0,2304000000.0,2000000.0,228000000.0,149000000.0,211000000.0,2093000000.0,10000000.0,808000000.0,1285000000.0,-8000000.0,1277000000.0,2304000000.0,256500000.0,257000000.0,260000000.0
Intuit Inc,INTU,VI90HBPH7XSFMB9E4M29,896878,2016.0,Q3YTD,2015-08-01,2016-04-30,,23000000.0,3.98,3.98,0.9,,3.92,,419000000.0,1023000000.0,1019000000.0,846000000.0,173000000.0,1019000000.0,564000000.0,3940000000.0,-7000000.0,646000000.0,386000000.0,564000000.0,3376000000.0,26000000.0,2078000000.0,1298000000.0,-33000000.0,1265000000.0,3940000000.0,256500000.0,257000000.0,260000000.0
Intuit Inc,INTU,VI90HBPH7XSFMB9E4M29,896878,2016.0,Q3TTM,2015-05-01,2016-04-30,,182000000.0,3.99,3.99,1.15,,3.94,-114000000.0,383000000.0,1303000000.0,1033000000.0,744000000.0,289000000.0,1033000000.0,732000000.0,4636000000.0,-9000000.0,861000000.0,504000000.0,732000000.0,3904000000.0,32000000.0,2736000000.0,1168000000.0,-41000000.0,1127000000.0,4636000000.0,256500000.0,257000000.0,260000000.0
Intuit Inc,INTU,VI90HBPH7XSFMB9E4M29,896878,2016.0,Q2,2015-11-01,2016-01-31,2017-02-23 16:22:43+00:00,7000000.0,0.09,0.09,0.3,,0.09,,-1000000.0,356000000.0,24000000.0,29000000.0,-5000000.0,24000000.0,193000000.0,923000000.0,-5000000.0,205000000.0,120000000.0,193000000.0,730000000.0,9000000.0,688000000.0,42000000.0,-14000000.0,28000000.0,923000000.0,266700000.0,263000000.0,266000000.0
Intuit Inc,INTU,VI90HBPH7XSFMB9E4M29,896878,2016.0,Q2YTD,2015-08-01,2016-01-31,,15000000.0,-0.02,-0.02,0.6,,-0.02,,-10000000.0,600000000.0,-7000000.0,-2000000.0,-5000000.0,-7000000.0,353000000.0,1636000000.0,-9000000.0,418000000.0,237000000.0,353000000.0,1283000000.0,16000000.0,1270000000.0,13000000.0,-25000000.0,-12000000.0,1636000000.0,266700000.0,263000000.0,266000000.0
Intuit Inc,INTU,VI90HBPH7XSFMB9E4M29,896878,2016.0,Q2TTM,2015-02-01,2016-01-31,,185000000.0,1.8,1.8,1.1,,1.78,,358000000.0,1293000000.0,508000000.0,552000000.0,-44000000.0,508000000.0,715000000.0,4467000000.0,-10000000.0,839000000.0,486000000.0,715000000.0,3752000000.0,29000000.0,2803000000.0,949000000.0,-39000000.0,910000000.0,4467000000.0,266700000.0,263000000.0,266000000.0
Intuit Inc,INTU,VI90HBPH7XSFMB9E4M29,896878,2016.0,Q1,2015-08-01,2015-10-31,2016-11-18 14:38:16+00:00,8000000.0,-0.11,-0.11,0.3,,-0.11,,-9000000.0,244000000.0,-31000000.0,-31000000.0,0.0,-31000000.0,160000000.0,713000000.0,-4000000.0,213000000.0,117000000.0,160000000.0,553000000.0,7000000.0,582000000.0,-29000000.0,-11000000.0,-40000000.0,713000000.0,281800000.0,272000000.0,272000000.0
Intuit Inc,INTU,VI90HBPH7XSFMB9E4M29,896878,2016.0,Q1TTM,2014-11-01,2015-10-31,,188000000.0,1.48,1.48,1.05,,1.46,,325000000.0,1281000000.0,418000000.0,463000000.0,-45000000.0,418000000.0,703000000.0,4293000000.0,-3000000.0,822000000.0,481000000.0,703000000.0,3590000000.0,27000000.0,2772000000.0,818000000.0,-30000000.0,788000000.0,4293000000.0,281800000.0,272000000.0,272000000.0
Intuit Inc,INTU,VI90HBPH7XSFMB9E4M29,896878,2017.0,FY,2016-08-01,2017-07-31,2019-08-30 16:30:04+00:00,14000000.0,3.83,3.83,1.36,,3.78,,405000000.0,1415000000.0,985000000.0,985000000.0,,985000000.0,798000000.0,5196000000.0,3000000.0,998000000.0,553000000.0,798000000.0,4398000000.0,31000000.0,2980000000.0,1418000000.0,-28000000.0,1390000000.0,5196000000.0,257200000.0,257000000.0,261000000.0
Intuit Inc,INTU,VI90HBPH7XSFMB9E4M29,896878,2017.0,Q4,2017-05-01,2017-07-31,,3000000.0,0.14,0.14,0.34,,0.15,,-25000000.0,260000000.0,38000000.0,38000000.0,,38000000.0,181000000.0,861000000.0,3000000.0,263000000.0,141000000.0,181000000.0,680000000.0,3000000.0,667000000.0,13000000.0,,13000000.0,861000000.0,257200000.0,257000000.0,261000000.0
Intuit Inc,INTU,VI90HBPH7XSFMB9E4M29,896878,2017.0,Q3,2017-02-01,2017-04-30,2018-05-22 16:16:15+00:00,4000000.0,3.76,3.76,0.34,,3.7,,475000000.0,467000000.0,964000000.0,964000000.0,,964000000.0,234000000.0,2541000000.0,3000000.0,246000000.0,146000000.0,234000000.0,2307000000.0,8000000.0,863000000.0,1444000000.0,-5000000.0,1439000000.0,2541000000.0,256400000.0,256000000.0,260000000.0
Intuit Inc,INTU,VI90HBPH7XSFMB9E4M29,896878,2017.0,Q3YTD,2016-08-01,2017-04-30,,11000000.0,3.69,3.69,1.02,,3.63,,430000000.0,1155000000.0,947000000.0,947000000.0,,947000000.0,617000000.0,4335000000.0,,735000000.0,412000000.0,617000000.0,3718000000.0,28000000.0,2313000000.0,1405000000.0,-28000000.0,1377000000.0,4335000000.0,256400000.0,256000000.0,260000000.0
Intuit Inc,INTU,VI90HBPH7XSFMB9E4M29,896878,2017.0,Q3TTM,2016-05-01,2017-04-30,,22000000.0,3.44,3.44,1.32,,3.4,,408000000.0,1421000000.0,907000000.0,907000000.0,,907000000.0,783000000.0,5089000000.0,3000000.0,970000000.0,544000000.0,783000000.0,4306000000.0,37000000.0,2957000000.0,1349000000.0,-34000000.0,1315000000.0,5089000000.0,256400000.0,256000000.0,260000000.0
Intuit Inc,INTU,VI90HBPH7XSFMB9E4M29,896878,2017.0,Q2,2016-11-01,2017-01-31,2018-02-22 16:18:32+00:00,3000000.0,0.05,0.05,0.34,,0.05,,-3000000.0,405000000.0,13000000.0,13000000.0,,13000000.0,203000000.0,1016000000.0,-1000000.0,243000000.0,140000000.0,203000000.0,813000000.0,11000000.0,791000000.0,22000000.0,-12000000.0,10000000.0,1016000000.0,260000000.0,257000000.0,260000000.0
Intuit Inc,INTU,VI90HBPH7XSFMB9E4M29,896878,2017.0,Q2YTD,2016-08-01,2017-01-31,,7000000.0,-0.07,-0.07,0.68,,-0.07,,-45000000.0,688000000.0,-17000000.0,-17000000.0,,-17000000.0,383000000.0,1794000000.0,-3000000.0,489000000.0,266000000.0,383000000.0,1411000000.0,20000000.0,1450000000.0,-39000000.0,-23000000.0,-62000000.0,1794000000.0,260000000.0,257000000.0,260000000.0
Intuit Inc,INTU,VI90HBPH7XSFMB9E4M29,896878,2017.0,Q2TTM,2016-02-01,2017-01-31,,26000000.0,3.68,3.68,1.28,,3.64,,362000000.0,1377000000.0,969000000.0,791000000.0,178000000.0,969000000.0,760000000.0,4852000000.0,2000000.0,952000000.0,547000000.0,760000000.0,4092000000.0,39000000.0,2902000000.0,1190000000.0,-37000000.0,1153000000.0,4852000000.0,260000000.0,257000000.0,260000000.0
Intuit Inc,INTU,VI90HBPH7XSFMB9E4M29,896878,2017.0,Q1,2016-08-01,2016-10-31,2017-11-20 16:11:50+00:00,4000000.0,-0.12,-0.12,0.34,,-0.12,,-42000000.0,283000000.0,-30000000.0,-30000000.0,,-30000000.0,180000000.0,778000000.0,-2000000.0,246000000.0,126000000.0,180000000.0,598000000.0,9000000.0,659000000.0,-61000000.0,-11000000.0,-72000000.0,778000000.0,250000000.0,258000000.0,258000000.0
Intuit Inc,INTU,VI90HBPH7XSFMB9E4M29,896878,2017.0,Q1TTM,2015-11-01,2016-10-31,,30000000.0,3.72,3.72,1.24,,3.68,,364000000.0,1328000000.0,980000000.0,807000000.0,173000000.0,980000000.0,750000000.0,4759000000.0,-2000000.0,914000000.0,527000000.0,750000000.0,4009000000.0,37000000.0,2799000000.0,1210000000.0,-39000000.0,1171000000.0,4759000000.0,250000000.0,258000000.0,258000000.0
Intuit Inc,INTU,VI90HBPH7XSFMB9E4M29,896878,2018.0,FY,2017-08-01,2018-07-31,2019-08-30 16:30:04+00:00,21000000.0,5.18,5.18,1.56,,5.09,,237000000.0,1631000000.0,1329000000.0,1329000000.0,,1329000000.0,963000000.0,6025000000.0,26000000.0,1186000000.0,664000000.0,963000000.0,5062000000.0,20000000.0,3502000000.0,1560000000.0,6000000.0,1566000000.0,6025000000.0,256600000.0,256000000.0,261000000.0
Intuit Inc,INTU,VI90HBPH7XSFMB9E4M29,896878,2018.0,Q4,2018-05-01,2018-07-31,,7000000.0,-0.15,-0.15,0.39,,-0.13,,-155000000.0,305000000.0,-38000000.0,-38000000.0,,-38000000.0,224000000.0,864000000.0,11000000.0,311000000.0,217000000.0,224000000.0,640000000.0,4000000.0,840000000.0,-200000000.0,7000000.0,-193000000.0,864000000.0,256600000.0,256000000.0,261000000.0
Intuit Inc,INTU,VI90HBPH7XSFMB9E4M29,896878,2018.0,Q3,2018-02-01,2018-04-30,2019-05-23 16:08:01+00:00,7000000.0,4.62,4.62,0.39,,4.53,,417000000.0,549000000.0,1186000000.0,1186000000.0,,1186000000.0,300000000.0,2912000000.0,7000000.0,296000000.0,159000000.0,300000000.0,2612000000.0,5000000.0,1011000000.0,1601000000.0,2000000.0,1603000000.0,2912000000.0,256700000.0,257000000.0,262000000.0
Intuit Inc,INTU,VI90HBPH7XSFMB9E4M29,896878,2018.0,Q3YTD,2017-08-01,2018-04-30,,14000000.0,5.33,5.33,1.17,,5.22,,392000000.0,1326000000.0,1367000000.0,1367000000.0,,1367000000.0,739000000.0,5161000000.0,15000000.0,875000000.0,447000000.0,739000000.0,4422000000.0,16000000.0,2662000000.0,1760000000.0,-1000000.0,1759000000.0,5161000000.0,256700000.0,257000000.0,262000000.0
Intuit Inc,INTU,VI90HBPH7XSFMB9E4M29,896878,2018.0,Q3TTM,2017-05-01,2018-04-30,,17000000.0,5.47,5.47,1.51,,5.37,,367000000.0,1586000000.0,1405000000.0,1405000000.0,,1405000000.0,920000000.0,6022000000.0,18000000.0,1138000000.0,588000000.0,920000000.0,5102000000.0,19000000.0,3329000000.0,1773000000.0,-1000000.0,1772000000.0,6022000000.0,256700000.0,257000000.0,262000000.0
Intuit Inc,INTU,VI90HBPH7XSFMB9E4M29,896878,2018.0,Q2,2017-11-01,2018-01-31,2019-02-22 13:47:45+00:00,4000000.0,0.72,0.72,0.39,,0.7,,10000000.0,469000000.0,183000000.0,183000000.0,,183000000.0,243000000.0,1339000000.0,5000000.0,286000000.0,143000000.0,243000000.0,1096000000.0,6000000.0,902000000.0,194000000.0,-1000000.0,193000000.0,1339000000.0,254200000.0,256000000.0,260000000.0
Intuit Inc,INTU,VI90HBPH7XSFMB9E4M29,896878,2018.0,Q2YTD,2017-08-01,2018-01-31,,7000000.0,0.71,0.71,0.78,,0.69,,-25000000.0,777000000.0,181000000.0,181000000.0,,181000000.0,439000000.0,2249000000.0,8000000.0,579000000.0,288000000.0,439000000.0,1810000000.0,11000000.0,1651000000.0,159000000.0,-3000000.0,156000000.0,2249000000.0,254200000.0,256000000.0,260000000.0
Intuit Inc,INTU,VI90HBPH7XSFMB9E4M29,896878,2018.0,Q2TTM,2017-02-01,2018-01-31,,14000000.0,4.61,4.61,1.46,,4.54,,425000000.0,1504000000.0,1183000000.0,1183000000.0,,1183000000.0,854000000.0,5651000000.0,14000000.0,1088000000.0,575000000.0,854000000.0,4797000000.0,22000000.0,3181000000.0,1616000000.0,-8000000.0,1608000000.0,5651000000.0,254200000.0,256000000.0,260000000.0
Intuit Inc,INTU,VI90HBPH7XSFMB9E4M29,896878,2018.0,Q1,2017-08-01,2017-10-31,2018-11-20 15:15:13+00:00,3000000.0,-0.01,-0.01,0.39,,-0.01,,-35000000.0,308000000.0,-2000000.0,-2000000.0,,-2000000.0,196000000.0,910000000.0,3000000.0,293000000.0,145000000.0,196000000.0,714000000.0,5000000.0,749000000.0,-35000000.0,-2000000.0,-37000000.0,910000000.0,200000000.0,256000000.0,256000000.0
Intuit Inc,INTU,VI90HBPH7XSFMB9E4M29,896878,2018.0,Q1TTM,2016-11-01,2017-10-31,,13000000.0,3.94,3.94,1.41,,3.89,,412000000.0,1440000000.0,1013000000.0,1013000000.0,,1013000000.0,814000000.0,5328000000.0,8000000.0,1045000000.0,572000000.0,814000000.0,4514000000.0,27000000.0,3070000000.0,1444000000.0,-19000000.0,1425000000.0,5328000000.0,200000000.0,256000000.0,256000000.0
Intuit Inc,INTU,VI90HBPH7XSFMB9E4M29,896878,2019.0,FY,2018-08-01,2019-07-31,2019-08-30 16:30:04+00:00,26000000.0,5.99,5.99,1.88,,5.89,,324000000.0,1927000000.0,1557000000.0,1557000000.0,,1557000000.0,1147000000.0,6784000000.0,42000000.0,1233000000.0,597000000.0,1147000000.0,5637000000.0,15000000.0,3783000000.0,1854000000.0,27000000.0,1881000000.0,6784000000.0,259900000.0,260000000.0,264000000.0
Intuit Inc,INTU,VI90HBPH7XSFMB9E4M29,896878,2019.0,Q4,2019-05-01,2019-07-31,,7000000.0,-0.17,-0.17,0.47,,-0.18,,-93000000.0,381000000.0,-44000000.0,-44000000.0,,-44000000.0,276000000.0,994000000.0,19000000.0,333000000.0,150000000.0,276000000.0,718000000.0,3000000.0,871000000.0,-153000000.0,16000000.0,-137000000.0,994000000.0,259900000.0,260000000.0,264000000.0
Intuit Inc,INTU,VI90HBPH7XSFMB9E4M29,896878,2019.0,Q3,2019-02-01,2019-04-30,2020-05-21 16:22:09+00:00,6000000.0,5.3,5.3,0.47,,5.22,,419000000.0,652000000.0,1378000000.0,1378000000.0,,1378000000.0,349000000.0,3272000000.0,17000000.0,311000000.0,170000000.0,349000000.0,2923000000.0,4000000.0,1139000000.0,1784000000.0,13000000.0,1797000000.0,3272000000.0,260000000.0,260000000.0,264000000.0
Intuit Inc,INTU,VI90HBPH7XSFMB9E4M29,896878,2019.0,Q3YTD,2018-08-01,2019-04-30,,19000000.0,6.16,6.16,1.41,,6.07,,417000000.0,1546000000.0,1601000000.0,1601000000.0,,1601000000.0,871000000.0,5790000000.0,23000000.0,900000000.0,447000000.0,871000000.0,4919000000.0,12000000.0,2912000000.0,2007000000.0,11000000.0,2018000000.0,5790000000.0,260000000.0,260000000.0,264000000.0
Intuit Inc,INTU,VI90HBPH7XSFMB9E4M29,896878,2019.0,Q3TTM,2018-05-01,2019-04-30,,26000000.0,6.01,6.01,1.8,,5.94,,262000000.0,1851000000.0,1563000000.0,1563000000.0,,1563000000.0,1095000000.0,6654000000.0,34000000.0,1211000000.0,664000000.0,1095000000.0,5559000000.0,16000000.0,3752000000.0,1807000000.0,18000000.0,1825000000.0,6654000000.0,260000000.0,260000000.0,264000000.0
Intuit Inc,INTU,VI90HBPH7XSFMB9E4M29,896878,2019.0,Q2,2018-11-01,2019-01-31,2020-02-24 16:43:37+00:00,6000000.0,0.73,0.73,0.47,,0.72,,46000000.0,548000000.0,189000000.0,189000000.0,,189000000.0,280000000.0,1502000000.0,6000000.0,295000000.0,140000000.0,280000000.0,1222000000.0,4000000.0,989000000.0,233000000.0,2000000.0,235000000.0,1502000000.0,258900000.0,260000000.0,264000000.0
Intuit Inc,INTU,VI90HBPH7XSFMB9E4M29,896878,2019.0,Q2YTD,2018-08-01,2019-01-31,,13000000.0,0.86,0.86,0.94,,0.85,,-2000000.0,894000000.0,223000000.0,223000000.0,,223000000.0,522000000.0,2518000000.0,6000000.0,589000000.0,277000000.0,522000000.0,1996000000.0,8000000.0,1773000000.0,223000000.0,-2000000.0,221000000.0,2518000000.0,258900000.0,260000000.0,264000000.0
Intuit Inc,INTU,VI90HBPH7XSFMB9E4M29,896878,2019.0,Q2TTM,2018-02-01,2019-01-31,,27000000.0,5.33,5.33,1.72,,5.25,,260000000.0,1748000000.0,1371000000.0,1371000000.0,,1371000000.0,1046000000.0,6294000000.0,24000000.0,1196000000.0,653000000.0,1046000000.0,5248000000.0,17000000.0,3624000000.0,1624000000.0,7000000.0,1631000000.0,6294000000.0,258900000.0,260000000.0,264000000.0
Intuit Inc,INTU,VI90HBPH7XSFMB9E4M29,896878,2019.0,Q1,2018-08-01,2018-10-31,2019-11-21 16:50:58+00:00,7000000.0,0.13,0.13,0.47,,0.13,,-48000000.0,346000000.0,34000000.0,34000000.0,,34000000.0,242000000.0,1016000000.0,0.0,294000000.0,137000000.0,242000000.0,774000000.0,4000000.0,784000000.0,-10000000.0,-4000000.0,-14000000.0,1016000000.0,261500000.0,260000000.0,264000000.0
Intuit Inc,INTU,VI90HBPH7XSFMB9E4M29,896878,2019.0,Q1TTM,2017-11-01,2018-10-31,,25000000.0,5.32,5.32,1.64,,5.23,,224000000.0,1669000000.0,1365000000.0,1365000000.0,,1365000000.0,1009000000.0,6131000000.0,23000000.0,1187000000.0,656000000.0,1009000000.0,5122000000.0,19000000.0,3537000000.0,1585000000.0,4000000.0,1589000000.0,6131000000.0,261500000.0,260000000.0,264000000.0
Intuit Inc,INTU,VI90HBPH7XSFMB9E4M29,896878,2020.0,Q3YTD,2019-08-01,2020-04-30,,22000000.0,5.29,5.29,1.59,,5.24,,331000000.0,1624000000.0,1381000000.0,1381000000.0,,1381000000.0,1039000000.0,5863000000.0,26000000.0,999000000.0,486000000.0,1039000000.0,4824000000.0,7000000.0,3131000000.0,1693000000.0,19000000.0,1712000000.0,5863000000.0,261200000.0,261000000.0,264000000.0
Intuit Inc,INTU,VI90HBPH7XSFMB9E4M29,896878,2020.0,Q3TTM,2019-05-01,2020-04-30,,29000000.0,5.12,5.12,2.06,,5.06,,238000000.0,2005000000.0,1337000000.0,1337000000.0,,1337000000.0,1315000000.0,6857000000.0,45000000.0,1332000000.0,636000000.0,1315000000.0,5542000000.0,10000000.0,4002000000.0,1540000000.0,35000000.0,1575000000.0,6857000000.0,261200000.0,261000000.0,264000000.0
Intuit Inc,INTU,VI90HBPH7XSFMB9E4M29,896878,2020.0,Q3,2020-02-01,2020-04-30,2020-05-21 16:22:09+00:00,7000000.0,4.15,4.15,0.53,,4.11,,324000000.0,648000000.0,1084000000.0,1084000000.0,,1084000000.0,421000000.0,3002000000.0,-3000000.0,332000000.0,181000000.0,421000000.0,2581000000.0,2000000.0,1168000000.0,1413000000.0,-5000000.0,1408000000.0,3002000000.0,261200000.0,261000000.0,264000000.0
Intuit Inc,INTU,VI90HBPH7XSFMB9E4M29,896878,2020.0,Q2YTD,2019-08-01,2020-01-31,,15000000.0,1.14,1.14,1.06,,1.13,,7000000.0,976000000.0,297000000.0,297000000.0,,297000000.0,618000000.0,2861000000.0,29000000.0,667000000.0,305000000.0,618000000.0,2243000000.0,5000000.0,1963000000.0,280000000.0,24000000.0,304000000.0,2861000000.0,260900000.0,261000000.0,264000000.0
Intuit Inc,INTU,VI90HBPH7XSFMB9E4M29,896878,2020.0,Q2TTM,2019-02-01,2020-01-31,,28000000.0,6.27,6.27,2.0,,6.17,,333000000.0,2009000000.0,1631000000.0,1631000000.0,,1631000000.0,1243000000.0,7127000000.0,65000000.0,1311000000.0,625000000.0,1243000000.0,5884000000.0,12000000.0,3973000000.0,1911000000.0,53000000.0,1964000000.0,7127000000.0,260900000.0,261000000.0,264000000.0
Intuit Inc,INTU,VI90HBPH7XSFMB9E4M29,896878,2020.0,Q2,2019-11-01,2020-01-31,2020-02-24 16:43:37+00:00,7000000.0,0.92,0.92,0.53,,0.91,,42000000.0,593000000.0,240000000.0,240000000.0,,240000000.0,334000000.0,1696000000.0,15000000.0,333000000.0,159000000.0,334000000.0,1362000000.0,3000000.0,1092000000.0,270000000.0,12000000.0,282000000.0,1696000000.0,260900000.0,261000000.0,264000000.0
Intuit Inc,INTU,VI90HBPH7XSFMB9E4M29,896878,2020.0,Q1TTM,2018-11-01,2019-10-31,,27000000.0,6.08,6.08,1.94,,5.98,,337000000.0,1964000000.0,1580000000.0,1580000000.0,,1580000000.0,1189000000.0,6933000000.0,56000000.0,1273000000.0,606000000.0,1189000000.0,5744000000.0,13000000.0,3870000000.0,1874000000.0,43000000.0,1917000000.0,6933000000.0,259100000.0,261000000.0,264000000.0
Intuit Inc,INTU,VI90HBPH7XSFMB9E4M29,896878,2020.0,Q1,2019-08-01,2019-10-31,2019-11-21 16:50:58+00:00,8000000.0,0.22,0.22,0.53,,0.22,,-35000000.0,383000000.0,57000000.0,57000000.0,,57000000.0,284000000.0,1165000000.0,14000000.0,334000000.0,146000000.0,284000000.0,881000000.0,2000000.0,871000000.0,10000000.0,12000000.0,22000000.0,1165000000.0,259100000.0,261000000.0,264000000.0
