company_name,company_ticker,company_lei,company_cik,year,quarter,start_date,end_date,filing_date,amortizationexpense,basicdilutedeps,basiceps,cashdividendspershare,dilutedeps,impairmentexpense,incometaxexpense,netincome,netincomecontinuing,netincomediscontinued,netincometocommon,netincometononcontrollinginterest,operatingcostofrevenue,operatingrevenue,otherincome,restructuringcharge,sgaexpense,totalcostofrevenue,totalgrossprofit,totalinterestexpense,totaloperatingexpenses,totaloperatingincome,totalotherincome,totalpretaxincome,totalrevenue,weightedavebasicdilutedsharesos,weightedavebasicsharesos,weightedavedilutedsharesos
Fortune Brands Home & Security Inc,FBHS,54930032LHW54PQUJD44,1519751,2009.0,FY,2009-01-01,2009-12-31,2012-02-22 16:45:53+00:00,16100000.0,-0.25,-0.25,,-0.25,,8100000.0,-38200000.0,-38200000.0,,-39000000.0,800000.0,2101700000.0,3006800000.0,1000000.0,21800000.0,813100000.0,2101700000.0,905100000.0,85200000.0,851000000.0,54100000.0,-84200000.0,-30100000.0,3006800000.0,155100000.0,156000000.0,156000000.0
Fortune Brands Home & Security Inc,FBHS,54930032LHW54PQUJD44,1519751,2010.0,FY,2010-01-01,2010-12-31,2013-02-27 16:10:18+00:00,15700000.0,0.41,0.41,,0.41,,18100000.0,65000000.0,65000000.0,,63800000.0,1200000.0,2177100000.0,3233500000.0,1000000.0,8000000.0,834300000.0,2177100000.0,1056400000.0,116300000.0,858000000.0,198400000.0,-115300000.0,83100000.0,3233500000.0,155600000.0,155100000.0,155100000.0
Fortune Brands Home & Security Inc,FBHS,54930032LHW54PQUJD44,1519751,2010.0,Q3,2010-07-01,2010-09-30,2011-11-10 16:22:46+00:00,3700000.0,0.18,0.18,,0.18,,9100000.0,27700000.0,27700000.0,,27400000.0,300000.0,541200000.0,813100000.0,800000.0,100000.0,202800000.0,541200000.0,271900000.0,29300000.0,206600000.0,65300000.0,-28500000.0,36800000.0,813100000.0,155100000.0,152200000.0,152200000.0
Fortune Brands Home & Security Inc,FBHS,54930032LHW54PQUJD44,1519751,2011.0,Q4,2011-10-01,2011-12-31,,3400000.0,-0.45,-0.45,,-0.45,90000000.0,-41200000.0,-70900000.0,-70900000.0,,-71000000.0,100000.0,637000000.0,876100000.0,300000.0,2900000.0,252200000.0,637000000.0,239100000.0,3000000.0,348500000.0,-109400000.0,-2700000.0,-112100000.0,876100000.0,154800000.0,155200000.0,155200000.0
Fortune Brands Home & Security Inc,FBHS,54930032LHW54PQUJD44,1519751,2011.0,FY,2011-01-01,2011-12-31,2014-02-26 16:06:14+00:00,14400000.0,-0.23,-0.23,,-0.23,90000000.0,-9000000.0,-34600000.0,-34600000.0,,-35600000.0,1000000.0,2332100000.0,3328600000.0,-1600000.0,7100000.0,900600000.0,2332100000.0,996500000.0,26400000.0,1012100000.0,-15600000.0,-28000000.0,-43600000.0,3328600000.0,154800000.0,155200000.0,155200000.0
Fortune Brands Home & Security Inc,FBHS,54930032LHW54PQUJD44,1519751,2011.0,Q3YTD,2011-01-01,2011-09-30,,11000000.0,0.22,0.22,,0.22,,32200000.0,36300000.0,36300000.0,,35400000.0,900000.0,1695100000.0,2452500000.0,-1900000.0,4200000.0,648400000.0,1695100000.0,757400000.0,23400000.0,663600000.0,93800000.0,-25300000.0,68500000.0,2452500000.0,220000000.0,220000000.0,220000000.0
Fortune Brands Home & Security Inc,FBHS,54930032LHW54PQUJD44,1519751,2011.0,Q3,2011-07-01,2011-09-30,2012-11-05 16:17:06+00:00,3500000.0,0.01,0.01,,0.01,,16400000.0,2500000.0,2500000.0,,2200000.0,300000.0,592200000.0,848000000.0,-1800000.0,3500000.0,228000000.0,592200000.0,255800000.0,100000.0,235000000.0,20800000.0,-1900000.0,18900000.0,848000000.0,220000000.0,220000000.0,220000000.0
Fortune Brands Home & Security Inc,FBHS,54930032LHW54PQUJD44,1519751,2011.0,Q2YTD,2011-01-01,2011-06-30,,7500000.0,0.21,0.21,,0.21,,15800000.0,33800000.0,33800000.0,,33200000.0,600000.0,1102900000.0,1604500000.0,-100000.0,700000.0,420400000.0,1102900000.0,501600000.0,23300000.0,428600000.0,73000000.0,-23400000.0,49600000.0,1604500000.0,155100000.0,155100000.0,155100000.0
Fortune Brands Home & Security Inc,FBHS,54930032LHW54PQUJD44,1519751,2011.0,Q2,2011-04-01,2011-06-30,2012-08-07 08:46:05+00:00,3800000.0,0.28,0.28,,0.28,,20500000.0,44100000.0,44100000.0,,43700000.0,400000.0,598400000.0,889700000.0,-100000.0,400000.0,221900000.0,598400000.0,291300000.0,500000.0,226100000.0,65200000.0,-600000.0,64600000.0,889700000.0,155100000.0,155100000.0,155100000.0
Fortune Brands Home & Security Inc,FBHS,54930032LHW54PQUJD44,1519751,2011.0,Q1,2011-01-01,2011-03-31,2012-05-04 16:06:02+00:00,3700000.0,-0.07,-0.07,,-0.07,,-4700000.0,-10300000.0,-10300000.0,,-10500000.0,200000.0,504500000.0,714800000.0,,300000.0,198500000.0,504500000.0,210300000.0,22800000.0,202500000.0,7800000.0,-22800000.0,-15000000.0,714800000.0,150000000.0,150000000.0,150000000.0
Fortune Brands Home & Security Inc,FBHS,54930032LHW54PQUJD44,1519751,2012.0,Q4,2012-10-01,2012-12-31,,-1200000.0,0.11,0.11,,0.1,13200000.0,-20200000.0,18600000.0,7200000.0,11400000.0,18400000.0,200000.0,316500000.0,491600000.0,-100000.0,600000.0,173500000.0,316500000.0,175100000.0,1900000.0,186100000.0,-11000000.0,-2000000.0,-13000000.0,491600000.0,160400000.0,160600000.0,166100000.0
Fortune Brands Home & Security Inc,FBHS,54930032LHW54PQUJD44,1519751,2012.0,FY,2012-01-01,2012-12-31,2015-02-25 16:06:20+00:00,7400000.0,0.74,0.74,,0.71,13200000.0,26900000.0,119700000.0,108300000.0,11400000.0,118700000.0,1000000.0,2093200000.0,3134800000.0,500000.0,4700000.0,873100000.0,2093200000.0,1041600000.0,8500000.0,898400000.0,143200000.0,-8000000.0,135200000.0,3134800000.0,160400000.0,160600000.0,166100000.0
Fortune Brands Home & Security Inc,FBHS,54930032LHW54PQUJD44,1519751,2012.0,Q3TTM,2011-10-01,2012-09-30,,12000000.0,0.18,0.18,,0.16,90000000.0,5900000.0,30200000.0,30200000.0,,29300000.0,900000.0,2413700000.0,3519300000.0,900000.0,7000000.0,951800000.0,2413700000.0,1105600000.0,9600000.0,1060800000.0,44800000.0,-8700000.0,36100000.0,3519300000.0,161200000.0,161200000.0,161200000.0
Fortune Brands Home & Security Inc,FBHS,54930032LHW54PQUJD44,1519751,2012.0,Q3YTD,2012-01-01,2012-09-30,,8600000.0,0.63,0.63,,0.61,,47100000.0,101100000.0,101100000.0,,100300000.0,800000.0,1776700000.0,2643200000.0,600000.0,4100000.0,699600000.0,1776700000.0,866500000.0,6600000.0,712300000.0,154200000.0,-6000000.0,148200000.0,2643200000.0,161200000.0,161200000.0,161200000.0
Fortune Brands Home & Security Inc,FBHS,54930032LHW54PQUJD44,1519751,2012.0,Q3,2012-07-01,2012-09-30,2013-11-01 16:41:24+00:00,2400000.0,0.25,0.25,,0.24,,19200000.0,40200000.0,40200000.0,,40000000.0,200000.0,606800000.0,909100000.0,800000.0,3100000.0,236200000.0,606800000.0,302300000.0,2000000.0,241700000.0,60600000.0,-1200000.0,59400000.0,909100000.0,161200000.0,161200000.0,161200000.0
Fortune Brands Home & Security Inc,FBHS,54930032LHW54PQUJD44,1519751,2012.0,Q2TTM,2011-07-01,2012-06-30,,13100000.0,-0.06,-0.06,,-0.07,90000000.0,3100000.0,-7500000.0,-7500000.0,,-8500000.0,1000000.0,2399100000.0,3458200000.0,-1700000.0,7400000.0,943600000.0,2399100000.0,1059100000.0,7700000.0,1054100000.0,5000000.0,-9400000.0,-4400000.0,3458200000.0,160100000.0,160100000.0,160100000.0
Fortune Brands Home & Security Inc,FBHS,54930032LHW54PQUJD44,1519751,2012.0,Q2YTD,2012-01-01,2012-06-30,,6200000.0,0.38,0.38,,0.37,,27900000.0,60900000.0,60900000.0,,60300000.0,600000.0,1169900000.0,1734100000.0,-200000.0,1000000.0,463400000.0,1169900000.0,564200000.0,4600000.0,470600000.0,93600000.0,-4800000.0,88800000.0,1734100000.0,160100000.0,160100000.0,160100000.0
Fortune Brands Home & Security Inc,FBHS,54930032LHW54PQUJD44,1519751,2012.0,Q2,2012-04-01,2012-06-30,2013-07-31 16:18:57+00:00,2800000.0,0.3,0.3,,0.29,,21600000.0,47900000.0,47900000.0,,47800000.0,100000.0,617900000.0,935300000.0,-700000.0,,242300000.0,617900000.0,317400000.0,2100000.0,245100000.0,72300000.0,-2800000.0,69500000.0,935300000.0,160100000.0,160100000.0,160100000.0
Fortune Brands Home & Security Inc,FBHS,54930032LHW54PQUJD44,1519751,2012.0,Q1TTM,2011-04-01,2012-03-31,,14100000.0,-0.08,-0.08,,-0.08,90000000.0,2000000.0,-11300000.0,-11300000.0,,-12600000.0,1300000.0,2379600000.0,3412600000.0,-1100000.0,7800000.0,923200000.0,2379600000.0,1033000000.0,6100000.0,1035100000.0,-2100000.0,-7200000.0,-9300000.0,3412600000.0,158200000.0,158200000.0,158200000.0
Fortune Brands Home & Security Inc,FBHS,54930032LHW54PQUJD44,1519751,2012.0,Q1,2012-01-01,2012-03-31,2013-05-03 16:04:50+00:00,3400000.0,0.08,0.08,,0.08,,6300000.0,13000000.0,13000000.0,,12500000.0,500000.0,552000000.0,798800000.0,500000.0,1000000.0,221100000.0,552000000.0,246800000.0,2500000.0,225500000.0,21300000.0,-2000000.0,19300000.0,798800000.0,158200000.0,158200000.0,158200000.0
Fortune Brands Home & Security Inc,FBHS,54930032LHW54PQUJD44,1519751,2013.0,FY,2013-01-01,2013-12-31,2016-02-25 16:15:16+00:00,9400000.0,1.39,1.39,0.42,1.34,21200000.0,101500000.0,230900000.0,209000000.0,21900000.0,229700000.0,1200000.0,2408500000.0,3703600000.0,-5300000.0,2800000.0,938700000.0,2408500000.0,1295100000.0,7200000.0,972100000.0,323000000.0,-12500000.0,310500000.0,3703600000.0,165300000.0,165500000.0,171300000.0
Fortune Brands Home & Security Inc,FBHS,54930032LHW54PQUJD44,1519751,2013.0,Q4,2013-10-01,2013-12-31,,1300000.0,0.38,0.38,0.42,0.38,,17500000.0,64600000.0,43200000.0,21400000.0,64200000.0,400000.0,469200000.0,728200000.0,100000.0,200000.0,195200000.0,469200000.0,259000000.0,1700000.0,196700000.0,62300000.0,-1600000.0,60700000.0,728200000.0,165300000.0,165500000.0,171300000.0
Fortune Brands Home & Security Inc,FBHS,54930032LHW54PQUJD44,1519751,2013.0,Q3TTM,2012-10-01,2013-09-30,,6900000.0,1.12,1.12,,1.06,34400000.0,63800000.0,184900000.0,173000000.0,11900000.0,183900000.0,1000000.0,2255800000.0,3467000000.0,-5500000.0,3200000.0,917000000.0,2255800000.0,1211200000.0,7400000.0,961500000.0,249700000.0,-12900000.0,236800000.0,3467000000.0,166000000.0,166000000.0,166000000.0
Fortune Brands Home & Security Inc,FBHS,54930032LHW54PQUJD44,1519751,2013.0,Q3YTD,2013-01-01,2013-09-30,,8100000.0,1.01,1.01,,0.96,21200000.0,84000000.0,166300000.0,165800000.0,500000.0,165500000.0,800000.0,1939300000.0,2975400000.0,-5400000.0,2600000.0,743500000.0,1939300000.0,1036100000.0,5500000.0,775400000.0,260700000.0,-10900000.0,249800000.0,2975400000.0,166000000.0,166000000.0,166000000.0
Fortune Brands Home & Security Inc,FBHS,54930032LHW54PQUJD44,1519751,2013.0,Q3,2013-07-01,2013-09-30,2014-10-31 16:06:05+00:00,3000000.0,0.39,0.39,,0.37,21200000.0,31900000.0,64600000.0,64100000.0,500000.0,64200000.0,400000.0,686100000.0,1045000000.0,500000.0,1400000.0,235700000.0,686100000.0,358900000.0,2100000.0,261300000.0,97600000.0,-1600000.0,96000000.0,1045000000.0,166000000.0,166000000.0,166000000.0
Fortune Brands Home & Security Inc,FBHS,54930032LHW54PQUJD44,1519751,2013.0,Q2TTM,2012-07-01,2013-06-30,,6300000.0,0.98,0.98,,0.93,13200000.0,51100000.0,160500000.0,149100000.0,11400000.0,159700000.0,800000.0,2176500000.0,3331100000.0,-5200000.0,4900000.0,917500000.0,2176500000.0,1154600000.0,7300000.0,941900000.0,212700000.0,-12500000.0,200200000.0,3331100000.0,165400000.0,165400000.0,165400000.0
Fortune Brands Home & Security Inc,FBHS,54930032LHW54PQUJD44,1519751,2013.0,Q2YTD,2013-01-01,2013-06-30,,5100000.0,0.62,0.62,,0.59,,52100000.0,101700000.0,101700000.0,,101300000.0,400000.0,1253200000.0,1930400000.0,-5900000.0,1200000.0,507800000.0,1253200000.0,677200000.0,3400000.0,514100000.0,163100000.0,-9300000.0,153800000.0,1930400000.0,165400000.0,165400000.0,165400000.0
Fortune Brands Home & Security Inc,FBHS,54930032LHW54PQUJD44,1519751,2013.0,Q2,2013-04-01,2013-06-30,2014-07-31 16:05:28+00:00,2500000.0,0.39,0.39,,0.37,,34500000.0,64200000.0,64200000.0,,64000000.0,200000.0,663400000.0,1040400000.0,-6100000.0,300000.0,267700000.0,663400000.0,377000000.0,1700000.0,270500000.0,106500000.0,-7800000.0,98700000.0,1040400000.0,165400000.0,165400000.0,165400000.0
Fortune Brands Home & Security Inc,FBHS,54930032LHW54PQUJD44,1519751,2013.0,Q1TTM,2012-04-01,2013-03-31,,6600000.0,0.89,0.89,,0.85,13200000.0,38200000.0,144200000.0,132800000.0,11400000.0,143500000.0,700000.0,2131000000.0,3226000000.0,200000.0,4600000.0,892100000.0,2131000000.0,1095000000.0,7700000.0,916500000.0,178500000.0,-7500000.0,171000000.0,3226000000.0,164300000.0,164300000.0,164300000.0
Fortune Brands Home & Security Inc,FBHS,54930032LHW54PQUJD44,1519751,2013.0,Q1,2013-01-01,2013-03-31,2014-05-01 16:05:54+00:00,2600000.0,0.23,0.23,,0.22,,17600000.0,37500000.0,37500000.0,,37300000.0,200000.0,589800000.0,890000000.0,200000.0,900000.0,240100000.0,589800000.0,300200000.0,1700000.0,243600000.0,56600000.0,-1500000.0,55100000.0,890000000.0,164300000.0,164300000.0,164300000.0
Fortune Brands Home & Security Inc,FBHS,54930032LHW54PQUJD44,1519751,2014.0,FY,2014-01-01,2014-12-31,2017-02-28 16:23:45+00:00,13100000.0,0.98,0.98,0.5,0.95,,118300000.0,159300000.0,273600000.0,-114300000.0,158100000.0,1200000.0,2646700000.0,4013600000.0,-1200000.0,7000000.0,943300000.0,2646700000.0,1366900000.0,10400000.0,963400000.0,403500000.0,-11600000.0,391900000.0,4013600000.0,161300000.0,161800000.0,166300000.0
Fortune Brands Home & Security Inc,FBHS,54930032LHW54PQUJD44,1519751,2014.0,Q4,2014-10-01,2014-12-31,,3600000.0,0.29,0.29,0.5,0.29,,18300000.0,45400000.0,56500000.0,-11100000.0,45100000.0,300000.0,697800000.0,1039600000.0,-1200000.0,5900000.0,253100000.0,697800000.0,341800000.0,3200000.0,262600000.0,79200000.0,-4400000.0,74800000.0,1039600000.0,161300000.0,161800000.0,166300000.0
Fortune Brands Home & Security Inc,FBHS,54930032LHW54PQUJD44,1519751,2014.0,Q3TTM,2013-10-01,2014-09-30,,10800000.0,1.07,1.07,0.42,1.04,,117500000.0,178500000.0,260300000.0,-81800000.0,177200000.0,1300000.0,2418100000.0,3702200000.0,100000.0,1300000.0,885400000.0,2418100000.0,1284100000.0,8900000.0,897500000.0,386600000.0,-8800000.0,377800000.0,3702200000.0,158700000.0,158700000.0,158700000.0
Fortune Brands Home & Security Inc,FBHS,54930032LHW54PQUJD44,1519751,2014.0,Q3,2014-07-01,2014-09-30,2015-10-30 16:31:48+00:00,3400000.0,-0.13,-0.13,,-0.13,,42300000.0,-20900000.0,84500000.0,-105400000.0,-21100000.0,200000.0,689700000.0,1057700000.0,500000.0,200000.0,234900000.0,689700000.0,368000000.0,3200000.0,238500000.0,129500000.0,-2700000.0,126800000.0,1057700000.0,158700000.0,158700000.0,158700000.0
Fortune Brands Home & Security Inc,FBHS,54930032LHW54PQUJD44,1519751,2014.0,Q3YTD,2014-01-01,2014-09-30,,9500000.0,0.69,0.69,,0.66,,100000000.0,113900000.0,217100000.0,-103200000.0,113000000.0,900000.0,1948900000.0,2974000000.0,,1100000.0,690200000.0,1948900000.0,1025100000.0,7200000.0,700800000.0,324300000.0,-7200000.0,317100000.0,2974000000.0,158700000.0,158700000.0,158700000.0
Fortune Brands Home & Security Inc,FBHS,54930032LHW54PQUJD44,1519751,2014.0,Q2TTM,2013-07-01,2014-06-30,,10400000.0,1.59,1.59,0.42,1.54,21200000.0,107100000.0,264000000.0,239900000.0,24100000.0,262500000.0,1500000.0,2414500000.0,3689500000.0,100000.0,2500000.0,886200000.0,2414500000.0,1275000000.0,7800000.0,920300000.0,354700000.0,-7700000.0,347000000.0,3689500000.0,164200000.0,164200000.0,164200000.0
Fortune Brands Home & Security Inc,FBHS,54930032LHW54PQUJD44,1519751,2014.0,Q2,2014-04-01,2014-06-30,2015-07-29 16:11:13+00:00,3000000.0,0.57,0.57,,0.55,,36100000.0,93600000.0,86300000.0,7300000.0,93300000.0,300000.0,665400000.0,1027200000.0,-1000000.0,700000.0,232600000.0,665400000.0,361800000.0,2100000.0,236300000.0,125500000.0,-3100000.0,122400000.0,1027200000.0,164200000.0,164200000.0,164200000.0
Fortune Brands Home & Security Inc,FBHS,54930032LHW54PQUJD44,1519751,2014.0,Q2YTD,2014-01-01,2014-06-30,,6100000.0,0.82,0.82,,0.79,,57700000.0,134800000.0,132600000.0,2200000.0,134100000.0,700000.0,1259200000.0,1916300000.0,-500000.0,900000.0,455300000.0,1259200000.0,657100000.0,4000000.0,462300000.0,194800000.0,-4500000.0,190300000.0,1916300000.0,164200000.0,164200000.0,164200000.0
Fortune Brands Home & Security Inc,FBHS,54930032LHW54PQUJD44,1519751,2014.0,Q1TTM,2013-04-01,2014-03-31,,9900000.0,1.41,1.41,0.42,1.36,21200000.0,105500000.0,234600000.0,217800000.0,16800000.0,233200000.0,1400000.0,2412500000.0,3702700000.0,-5000000.0,2100000.0,921300000.0,2412500000.0,1290200000.0,7400000.0,954500000.0,335700000.0,-12400000.0,323300000.0,3702700000.0,166200000.0,166200000.0,166200000.0
Fortune Brands Home & Security Inc,FBHS,54930032LHW54PQUJD44,1519751,2015.0,FY,2015-01-01,2015-12-31,2018-02-28 16:18:12+00:00,21600000.0,1.97,1.97,0.58,1.93,,153400000.0,315500000.0,306500000.0,9000000.0,315000000.0,500000.0,2997500000.0,4579400000.0,-4300000.0,16600000.0,1047600000.0,2997500000.0,1581900000.0,31900000.0,1085800000.0,496100000.0,-36200000.0,459900000.0,4579400000.0,159900000.0,159500000.0,163000000.0
Fortune Brands Home & Security Inc,FBHS,54930032LHW54PQUJD44,1519751,2015.0,Q4,2015-10-01,2015-12-31,,6300000.0,0.55,0.55,0.58,0.53,,40700000.0,88000000.0,87600000.0,400000.0,87800000.0,200000.0,804600000.0,1224700000.0,-600000.0,4000000.0,269500000.0,804600000.0,420100000.0,11400000.0,279800000.0,140300000.0,-12000000.0,128300000.0,1224700000.0,159900000.0,159500000.0,163000000.0
Fortune Brands Home & Security Inc,FBHS,54930032LHW54PQUJD44,1519751,2015.0,Q3,2015-07-01,2015-09-30,2016-11-02 16:32:07+00:00,6700000.0,0.67,0.67,,0.66,,48700000.0,107800000.0,100000000.0,7800000.0,107500000.0,300000.0,804300000.0,1238800000.0,-500000.0,1800000.0,265700000.0,804300000.0,434500000.0,11100000.0,274200000.0,160300000.0,-11600000.0,148700000.0,1238800000.0,160000000.0,160000000.0,160000000.0
Fortune Brands Home & Security Inc,FBHS,54930032LHW54PQUJD44,1519751,2015.0,Q3YTD,2015-01-01,2015-09-30,,15300000.0,1.42,1.42,,1.4,,112700000.0,227500000.0,218900000.0,8600000.0,227200000.0,300000.0,2192900000.0,3354700000.0,-3700000.0,12600000.0,778100000.0,2192900000.0,1161800000.0,20500000.0,806000000.0,355800000.0,-24200000.0,331600000.0,3354700000.0,160000000.0,160000000.0,160000000.0
Fortune Brands Home & Security Inc,FBHS,54930032LHW54PQUJD44,1519751,2015.0,Q3TTM,2014-10-01,2015-09-30,,18900000.0,1.71,1.71,0.5,1.69,,131000000.0,272900000.0,275400000.0,-2500000.0,272300000.0,600000.0,2890700000.0,4394300000.0,-4900000.0,18500000.0,1031200000.0,2890700000.0,1503600000.0,23700000.0,1068600000.0,435000000.0,-28600000.0,406400000.0,4394300000.0,160000000.0,160000000.0,160000000.0
Fortune Brands Home & Security Inc,FBHS,54930032LHW54PQUJD44,1519751,2015.0,Q2,2015-04-01,2015-06-30,2016-08-04 17:02:11+00:00,5100000.0,0.5,0.5,,0.49,,42700000.0,79400000.0,78000000.0,1400000.0,79700000.0,-300000.0,754700000.0,1165100000.0,-1500000.0,6100000.0,271000000.0,754700000.0,410400000.0,6000000.0,282200000.0,128200000.0,-7500000.0,120700000.0,1165100000.0,159500000.0,159500000.0,159500000.0
Fortune Brands Home & Security Inc,FBHS,54930032LHW54PQUJD44,1519751,2015.0,Q2YTD,2015-01-01,2015-06-30,,8600000.0,0.75,0.75,,0.74,,64000000.0,119700000.0,118900000.0,800000.0,119700000.0,,1388600000.0,2115900000.0,-3200000.0,10800000.0,512400000.0,1388600000.0,727300000.0,9400000.0,531800000.0,195500000.0,-12600000.0,182900000.0,2115900000.0,159500000.0,159500000.0,159500000.0
Fortune Brands Home & Security Inc,FBHS,54930032LHW54PQUJD44,1519751,2015.0,Q2TTM,2014-07-01,2015-06-30,,15600000.0,0.91,0.91,0.5,0.9,,124600000.0,144200000.0,259900000.0,-115700000.0,143700000.0,500000.0,2776100000.0,4213200000.0,-3900000.0,16900000.0,1000400000.0,2776100000.0,1437100000.0,15800000.0,1032900000.0,404200000.0,-19700000.0,384500000.0,4213200000.0,159500000.0,159500000.0,159500000.0
Fortune Brands Home & Security Inc,FBHS,54930032LHW54PQUJD44,1519751,2015.0,Q1,2015-01-01,2015-03-31,2016-04-28 16:07:14+00:00,3500000.0,0.25,0.25,,0.25,,21300000.0,40300000.0,40900000.0,-600000.0,40000000.0,300000.0,633900000.0,950800000.0,-1700000.0,4700000.0,241400000.0,633900000.0,316900000.0,3400000.0,249600000.0,67300000.0,-5100000.0,62200000.0,950800000.0,158800000.0,158800000.0,158800000.0
Fortune Brands Home & Security Inc,FBHS,54930032LHW54PQUJD44,1519751,2015.0,Q1TTM,2014-04-01,2015-03-31,,13500000.0,0.98,0.98,0.5,0.96,,118000000.0,158400000.0,268200000.0,-109800000.0,157300000.0,1100000.0,2686800000.0,4075300000.0,-3400000.0,11500000.0,962000000.0,2686800000.0,1388500000.0,11900000.0,987000000.0,401500000.0,-15300000.0,386200000.0,4075300000.0,158800000.0,158800000.0,158800000.0
Fortune Brands Home & Security Inc,FBHS,54930032LHW54PQUJD44,1519751,2016.0,FY,2016-01-01,2016-12-31,2019-02-25 16:32:26+00:00,28100000.0,2.68,2.68,0.66,2.62,,169700000.0,413200000.0,412400000.0,800000.0,413200000.0,,3188800000.0,4984900000.0,12600000.0,13900000.0,1135500000.0,3188800000.0,1796100000.0,49100000.0,1177500000.0,618600000.0,-36500000.0,582100000.0,4984900000.0,154200000.0,154300000.0,157800000.0
Fortune Brands Home & Security Inc,FBHS,54930032LHW54PQUJD44,1519751,2016.0,Q4,2016-10-01,2016-12-31,,7700000.0,0.67,0.67,0.66,0.66,,48800000.0,103700000.0,104400000.0,-700000.0,103600000.0,100000.0,836000000.0,1301600000.0,12500000.0,1500000.0,304100000.0,836000000.0,465600000.0,11600000.0,313300000.0,152300000.0,900000.0,153200000.0,1301600000.0,154200000.0,154300000.0,157800000.0
Fortune Brands Home & Security Inc,FBHS,54930032LHW54PQUJD44,1519751,2016.0,Q3,2016-07-01,2016-09-30,2017-10-31 16:07:04+00:00,7300000.0,0.8,0.8,,0.78,,48800000.0,123400000.0,121900000.0,1500000.0,123400000.0,,801000000.0,1279000000.0,-600000.0,3100000.0,284500000.0,801000000.0,478000000.0,11800000.0,294900000.0,183100000.0,-12400000.0,170700000.0,1279000000.0,154200000.0,154200000.0,154200000.0
Fortune Brands Home & Security Inc,FBHS,54930032LHW54PQUJD44,1519751,2016.0,Q3YTD,2016-01-01,2016-09-30,,20400000.0,2.01,2.01,,1.96,,120900000.0,309500000.0,308000000.0,1500000.0,309600000.0,-100000.0,2352800000.0,3683300000.0,100000.0,12400000.0,831400000.0,2352800000.0,1330500000.0,37500000.0,864200000.0,466300000.0,-37400000.0,428900000.0,3683300000.0,154200000.0,154200000.0,154200000.0
Fortune Brands Home & Security Inc,FBHS,54930032LHW54PQUJD44,1519751,2016.0,Q3TTM,2015-10-01,2016-09-30,,26700000.0,2.56,2.56,0.58,2.49,,161600000.0,397500000.0,395600000.0,1900000.0,397400000.0,100000.0,3157400000.0,4908000000.0,-500000.0,16400000.0,1100900000.0,3157400000.0,1750600000.0,48900000.0,1144000000.0,606600000.0,-49400000.0,557200000.0,4908000000.0,154200000.0,154200000.0,154200000.0
Fortune Brands Home & Security Inc,FBHS,54930032LHW54PQUJD44,1519751,2016.0,Q2,2016-04-01,2016-06-30,2017-08-04 16:12:08+00:00,6600000.0,0.82,0.82,,0.8,,49100000.0,125100000.0,125100000.0,,125200000.0,-100000.0,823100000.0,1297800000.0,400000.0,3700000.0,276700000.0,823100000.0,474700000.0,13900000.0,287000000.0,187700000.0,-13500000.0,174200000.0,1297800000.0,153400000.0,153400000.0,153400000.0
Fortune Brands Home & Security Inc,FBHS,54930032LHW54PQUJD44,1519751,2016.0,Q2YTD,2016-01-01,2016-06-30,,13100000.0,1.21,1.21,,1.18,,72100000.0,186100000.0,186100000.0,,186200000.0,-100000.0,1551800000.0,2404300000.0,700000.0,9300000.0,546900000.0,1551800000.0,852500000.0,25700000.0,569300000.0,283200000.0,-25000000.0,258200000.0,2404300000.0,153400000.0,153400000.0,153400000.0
Fortune Brands Home & Security Inc,FBHS,54930032LHW54PQUJD44,1519751,2016.0,Q2TTM,2015-07-01,2016-06-30,,26100000.0,2.43,2.43,0.58,2.37,,161500000.0,381900000.0,373700000.0,8200000.0,381500000.0,400000.0,3160700000.0,4867800000.0,-400000.0,15100000.0,1082100000.0,3160700000.0,1707100000.0,48200000.0,1123300000.0,583800000.0,-48600000.0,535200000.0,4867800000.0,153400000.0,153400000.0,153400000.0
Fortune Brands Home & Security Inc,FBHS,54930032LHW54PQUJD44,1519751,2016.0,Q1,2016-01-01,2016-03-31,2017-05-02 16:07:07+00:00,6500000.0,0.39,0.39,,0.38,,23000000.0,61000000.0,61000000.0,,61000000.0,0.0,728700000.0,1106500000.0,300000.0,5600000.0,270200000.0,728700000.0,377800000.0,11800000.0,282300000.0,95500000.0,-11500000.0,84000000.0,1106500000.0,155700000.0,155700000.0,155700000.0
Fortune Brands Home & Security Inc,FBHS,54930032LHW54PQUJD44,1519751,2016.0,Q1TTM,2015-04-01,2016-03-31,,24600000.0,2.11,2.11,0.58,2.06,,155100000.0,336200000.0,326600000.0,9600000.0,336000000.0,200000.0,3092300000.0,4735100000.0,-2300000.0,17500000.0,1076400000.0,3092300000.0,1642800000.0,40300000.0,1118500000.0,524300000.0,-42600000.0,481700000.0,4735100000.0,155700000.0,155700000.0,155700000.0
Fortune Brands Home & Security Inc,FBHS,54930032LHW54PQUJD44,1519751,2017.0,FY,2017-01-01,2017-12-31,2020-02-26 16:32:47+00:00,31700000.0,3.08,3.08,0.74,3.03,3200000.0,159500000.0,472700000.0,475300000.0,-2600000.0,472600000.0,100000.0,3358300000.0,5283300000.0,-700000.0,8300000.0,1196900000.0,3358300000.0,1925000000.0,49400000.0,1240100000.0,684900000.0,-50100000.0,634800000.0,5283300000.0,153400000.0,153200000.0,155800000.0
Fortune Brands Home & Security Inc,FBHS,54930032LHW54PQUJD44,1519751,2017.0,Q4,2017-10-01,2017-12-31,,8100000.0,0.85,0.85,0.74,0.82,,14400000.0,128000000.0,128000000.0,,128000000.0,,890200000.0,1382500000.0,-7500000.0,4800000.0,316600000.0,890200000.0,492300000.0,12900000.0,329500000.0,162800000.0,-20400000.0,142400000.0,1382500000.0,153400000.0,153200000.0,155800000.0
Fortune Brands Home & Security Inc,FBHS,54930032LHW54PQUJD44,1519751,2017.0,Q3,2017-07-01,2017-09-30,2018-11-08 16:35:07+00:00,7500000.0,0.84,0.84,,0.83,,59800000.0,129600000.0,129600000.0,,129500000.0,100000.0,843300000.0,1348600000.0,2200000.0,400000.0,297900000.0,843300000.0,505300000.0,12300000.0,305800000.0,199500000.0,-10100000.0,189400000.0,1348600000.0,153500000.0,153500000.0,153500000.0
Fortune Brands Home & Security Inc,FBHS,54930032LHW54PQUJD44,1519751,2017.0,Q3YTD,2017-01-01,2017-09-30,,23600000.0,2.23,2.23,,2.21,3200000.0,145100000.0,344700000.0,347300000.0,-2600000.0,344600000.0,100000.0,2468100000.0,3900800000.0,6800000.0,3500000.0,880300000.0,2468100000.0,1432700000.0,36500000.0,910600000.0,522100000.0,-29700000.0,492400000.0,3900800000.0,153500000.0,153500000.0,153500000.0
Fortune Brands Home & Security Inc,FBHS,54930032LHW54PQUJD44,1519751,2017.0,Q3TTM,2016-10-01,2017-09-30,,31300000.0,2.9,2.9,0.66,2.87,3200000.0,193900000.0,448400000.0,451700000.0,-3300000.0,448200000.0,200000.0,3304100000.0,5202400000.0,19300000.0,5000000.0,1184400000.0,3304100000.0,1898300000.0,48100000.0,1223900000.0,674400000.0,-28800000.0,645600000.0,5202400000.0,153500000.0,153500000.0,153500000.0
Fortune Brands Home & Security Inc,FBHS,54930032LHW54PQUJD44,1519751,2017.0,Q2,2017-04-01,2017-06-30,2018-07-31 16:07:14+00:00,8000000.0,0.89,0.89,,0.88,,58900000.0,137700000.0,140300000.0,-2600000.0,137700000.0,,852100000.0,1365400000.0,-100000.0,900000.0,292800000.0,852100000.0,513300000.0,12300000.0,301700000.0,211600000.0,-12400000.0,199200000.0,1365400000.0,154200000.0,154200000.0,154200000.0
Fortune Brands Home & Security Inc,FBHS,54930032LHW54PQUJD44,1519751,2017.0,Q2YTD,2017-01-01,2017-06-30,,16100000.0,1.39,1.39,,1.38,3200000.0,85300000.0,215100000.0,217700000.0,-2600000.0,215100000.0,,1624800000.0,2552200000.0,4600000.0,3100000.0,582400000.0,1624800000.0,927400000.0,24200000.0,604800000.0,322600000.0,-19600000.0,303000000.0,2552200000.0,154200000.0,154200000.0,154200000.0
Fortune Brands Home & Security Inc,FBHS,54930032LHW54PQUJD44,1519751,2017.0,Q2TTM,2016-07-01,2017-06-30,,31100000.0,2.86,2.86,0.66,2.82,3200000.0,182900000.0,442200000.0,444000000.0,-1800000.0,442100000.0,100000.0,3261800000.0,5132800000.0,16500000.0,7700000.0,1171000000.0,3261800000.0,1871000000.0,47600000.0,1213000000.0,658000000.0,-31100000.0,626900000.0,5132800000.0,154200000.0,154200000.0,154200000.0
Fortune Brands Home & Security Inc,FBHS,54930032LHW54PQUJD44,1519751,2017.0,Q1,2017-01-01,2017-03-31,2018-05-02 16:07:03+00:00,8100000.0,0.5,0.5,,0.5,3200000.0,26400000.0,77400000.0,77400000.0,,77400000.0,,772700000.0,1186800000.0,4700000.0,2200000.0,289600000.0,772700000.0,414100000.0,11900000.0,303100000.0,111000000.0,-7200000.0,103800000.0,1186800000.0,153300000.0,153300000.0,153300000.0
Fortune Brands Home & Security Inc,FBHS,54930032LHW54PQUJD44,1519751,2017.0,Q1TTM,2016-04-01,2017-03-31,,29700000.0,2.79,2.79,0.66,2.74,3200000.0,173100000.0,429600000.0,428800000.0,800000.0,429600000.0,,3232800000.0,5065200000.0,17000000.0,10500000.0,1154900000.0,3232800000.0,1832400000.0,49200000.0,1198300000.0,634100000.0,-32200000.0,601900000.0,5065200000.0,153300000.0,153300000.0,153300000.0
Fortune Brands Home & Security Inc,FBHS,54930032LHW54PQUJD44,1519751,2018.0,FY,2018-01-01,2018-12-31,2020-02-26 16:32:47+00:00,36100000.0,2.69,2.69,0.82,2.66,62600000.0,147000000.0,389800000.0,390000000.0,-200000.0,389600000.0,200000.0,3525700000.0,5485100000.0,16300000.0,24100000.0,1241400000.0,3525700000.0,1959400000.0,74500000.0,1364200000.0,595200000.0,-58200000.0,537000000.0,5485100000.0,144800000.0,144600000.0,146400000.0
Fortune Brands Home & Security Inc,FBHS,54930032LHW54PQUJD44,1519751,2018.0,Q4,2018-10-01,2018-12-31,,10800000.0,0.6,0.6,0.22,0.6,35500000.0,31900000.0,85300000.0,85300000.0,,85200000.0,100000.0,918900000.0,1420700000.0,500000.0,6800000.0,308600000.0,918900000.0,501800000.0,23400000.0,361700000.0,140100000.0,-22900000.0,117200000.0,1420700000.0,144800000.0,144600000.0,146400000.0
Fortune Brands Home & Security Inc,FBHS,54930032LHW54PQUJD44,1519751,2018.0,Q3,2018-07-01,2018-09-30,2019-10-31 16:11:56+00:00,8900000.0,0.7,0.7,0.4,0.69,27100000.0,37800000.0,99900000.0,99900000.0,,99800000.0,100000.0,886900000.0,1380800000.0,9600000.0,5700000.0,305100000.0,886900000.0,493900000.0,19000000.0,346800000.0,147100000.0,-9400000.0,137700000.0,1380800000.0,142400000.0,142400000.0,142400000.0
Fortune Brands Home & Security Inc,FBHS,54930032LHW54PQUJD44,1519751,2018.0,Q3YTD,2018-01-01,2018-09-30,,25300000.0,2.09,2.09,0.6,2.06,27100000.0,115100000.0,304500000.0,304700000.0,-200000.0,304400000.0,100000.0,2606800000.0,4064400000.0,15800000.0,17300000.0,932800000.0,2606800000.0,1457600000.0,51100000.0,1002500000.0,455100000.0,-35300000.0,419800000.0,4064400000.0,142400000.0,142400000.0,142400000.0
Fortune Brands Home & Security Inc,FBHS,54930032LHW54PQUJD44,1519751,2018.0,Q3TTM,2017-10-01,2018-09-30,,33400000.0,2.94,2.94,1.34,2.88,27100000.0,129500000.0,432500000.0,432700000.0,-200000.0,432400000.0,100000.0,3497000000.0,5446900000.0,8300000.0,22100000.0,1249400000.0,3497000000.0,1949900000.0,64000000.0,1332000000.0,617900000.0,-55700000.0,562200000.0,5446900000.0,142400000.0,142400000.0,142400000.0
Fortune Brands Home & Security Inc,FBHS,54930032LHW54PQUJD44,1519751,2018.0,Q2,2018-04-01,2018-06-30,2019-08-02 16:06:53+00:00,8200000.0,0.89,0.89,0.2,0.88,,44900000.0,129700000.0,129700000.0,,129600000.0,100000.0,904900000.0,1429000000.0,3400000.0,10800000.0,316500000.0,904900000.0,524100000.0,17400000.0,335500000.0,188600000.0,-14000000.0,174600000.0,1429000000.0,144900000.0,144900000.0,144900000.0
Fortune Brands Home & Security Inc,FBHS,54930032LHW54PQUJD44,1519751,2018.0,Q2YTD,2018-01-01,2018-06-30,,16400000.0,1.39,1.39,0.2,1.37,,77300000.0,204600000.0,204800000.0,-200000.0,204600000.0,,1719900000.0,2683600000.0,6200000.0,11600000.0,627700000.0,1719900000.0,963700000.0,32100000.0,655700000.0,308000000.0,-25900000.0,282100000.0,2683600000.0,144900000.0,144900000.0,144900000.0
Fortune Brands Home & Security Inc,FBHS,54930032LHW54PQUJD44,1519751,2018.0,Q2TTM,2017-07-01,2018-06-30,,32000000.0,3.08,3.08,0.94,3.02,,151500000.0,462200000.0,462400000.0,-200000.0,462100000.0,100000.0,3453400000.0,5414700000.0,900000.0,16800000.0,1242200000.0,3453400000.0,1961300000.0,57300000.0,1291000000.0,670300000.0,-56400000.0,613900000.0,5414700000.0,144900000.0,144900000.0,144900000.0
Fortune Brands Home & Security Inc,FBHS,54930032LHW54PQUJD44,1519751,2018.0,Q1,2018-01-01,2018-03-31,2019-05-07 16:08:08+00:00,8200000.0,0.5,0.5,,0.49,,32400000.0,74900000.0,75100000.0,-200000.0,75000000.0,-100000.0,815000000.0,1254600000.0,2800000.0,800000.0,311200000.0,815000000.0,439600000.0,14700000.0,320200000.0,119400000.0,-11900000.0,107500000.0,1254600000.0,149900000.0,149900000.0,149900000.0
Fortune Brands Home & Security Inc,FBHS,54930032LHW54PQUJD44,1519751,2018.0,Q1TTM,2017-04-01,2018-03-31,,31800000.0,3.08,3.08,0.74,3.02,,165500000.0,470200000.0,473000000.0,-2800000.0,470200000.0,,3400600000.0,5351100000.0,-2600000.0,6900000.0,1218500000.0,3400600000.0,1950500000.0,52200000.0,1257200000.0,693300000.0,-54800000.0,638500000.0,5351100000.0,149900000.0,149900000.0,149900000.0
Fortune Brands Home & Security Inc,FBHS,54930032LHW54PQUJD44,1519751,2019.0,Q4,2019-10-01,2019-12-31,,11400000.0,0.75,0.75,0.24,0.74,12000000.0,34900000.0,104000000.0,104000000.0,,104100000.0,-100000.0,938700000.0,1470500000.0,-31200000.0,3500000.0,312400000.0,938700000.0,531800000.0,22400000.0,339300000.0,192500000.0,-53600000.0,138900000.0,1470500000.0,139800000.0,139900000.0,141300000.0
Fortune Brands Home & Security Inc,FBHS,54930032LHW54PQUJD44,1519751,2019.0,FY,2019-01-01,2019-12-31,2020-02-26 16:32:47+00:00,41400000.0,3.09,3.09,0.9,3.06,41500000.0,144000000.0,431300000.0,431300000.0,,431900000.0,-600000.0,3712200000.0,5764600000.0,-29000000.0,14700000.0,1256300000.0,3712200000.0,2052400000.0,94200000.0,1353900000.0,698500000.0,-123200000.0,575300000.0,5764600000.0,139800000.0,139900000.0,141300000.0
Fortune Brands Home & Security Inc,FBHS,54930032LHW54PQUJD44,1519751,2019.0,Q3YTD,2019-01-01,2019-09-30,,30000000.0,2.34,2.34,0.66,2.32,29500000.0,109100000.0,327300000.0,327300000.0,,327800000.0,-500000.0,2773500000.0,4294100000.0,2200000.0,11200000.0,943900000.0,2773500000.0,1520600000.0,71800000.0,1014600000.0,506000000.0,-69600000.0,436400000.0,4294100000.0,139500000.0,139500000.0,139500000.0
Fortune Brands Home & Security Inc,FBHS,54930032LHW54PQUJD44,1519751,2019.0,Q3TTM,2018-10-01,2019-09-30,,40800000.0,2.94,2.94,0.88,2.92,65000000.0,141000000.0,412600000.0,412600000.0,,413000000.0,-400000.0,3692400000.0,5714800000.0,2700000.0,18000000.0,1252500000.0,3692400000.0,2022400000.0,95200000.0,1376300000.0,646100000.0,-92500000.0,553600000.0,5714800000.0,139500000.0,139500000.0,139500000.0
Fortune Brands Home & Security Inc,FBHS,54930032LHW54PQUJD44,1519751,2019.0,Q3,2019-07-01,2019-09-30,2019-10-31 16:11:56+00:00,9900000.0,0.76,0.76,0.44,0.75,29500000.0,39000000.0,105700000.0,105700000.0,,105600000.0,100000.0,934800000.0,1459000000.0,300000.0,5500000.0,311300000.0,934800000.0,524200000.0,23600000.0,356200000.0,168000000.0,-23300000.0,144700000.0,1459000000.0,139500000.0,139500000.0,139500000.0
Fortune Brands Home & Security Inc,FBHS,54930032LHW54PQUJD44,1519751,2019.0,Q2YTD,2019-01-01,2019-06-30,,20100000.0,1.58,1.58,0.22,1.57,,70100000.0,221600000.0,221600000.0,,222200000.0,-600000.0,1838700000.0,2835100000.0,1900000.0,5700000.0,632600000.0,1838700000.0,996400000.0,48200000.0,658400000.0,338000000.0,-46300000.0,291700000.0,2835100000.0,139900000.0,139900000.0,139900000.0
Fortune Brands Home & Security Inc,FBHS,54930032LHW54PQUJD44,1519751,2019.0,Q2TTM,2018-07-01,2019-06-30,,39800000.0,2.88,2.88,0.84,2.86,62600000.0,139800000.0,406800000.0,406800000.0,,407200000.0,-400000.0,3644500000.0,5636600000.0,12000000.0,18200000.0,1246300000.0,3644500000.0,1992100000.0,90600000.0,1366900000.0,625200000.0,-78600000.0,546600000.0,5636600000.0,139900000.0,139900000.0,139900000.0
Fortune Brands Home & Security Inc,FBHS,54930032LHW54PQUJD44,1519751,2019.0,Q2,2019-04-01,2019-06-30,2019-08-02 16:06:53+00:00,10100000.0,0.98,0.98,0.22,0.97,,41500000.0,137100000.0,137100000.0,,137500000.0,-400000.0,969600000.0,1507200000.0,700000.0,4500000.0,320600000.0,969600000.0,537600000.0,24500000.0,335200000.0,202400000.0,-23800000.0,178600000.0,1507200000.0,139900000.0,139900000.0,139900000.0
Fortune Brands Home & Security Inc,FBHS,54930032LHW54PQUJD44,1519751,2019.0,Q1,2019-01-01,2019-03-31,2020-05-01 16:08:54+00:00,10000000.0,0.6,0.6,,0.6,,28600000.0,84500000.0,84500000.0,,84700000.0,-200000.0,869100000.0,1327900000.0,1200000.0,1200000.0,312000000.0,869100000.0,458800000.0,23700000.0,323200000.0,135600000.0,-22500000.0,113100000.0,1327900000.0,140700000.0,140700000.0,140700000.0
Fortune Brands Home & Security Inc,FBHS,54930032LHW54PQUJD44,1519751,2019.0,Q1TTM,2018-04-01,2019-03-31,,37900000.0,2.79,2.79,0.82,2.77,62600000.0,143200000.0,399400000.0,399400000.0,,399300000.0,100000.0,3579800000.0,5558400000.0,14700000.0,24500000.0,1242200000.0,3579800000.0,1978600000.0,83500000.0,1367200000.0,611400000.0,-68800000.0,542600000.0,5558400000.0,140700000.0,140700000.0,140700000.0
Fortune Brands Home & Security Inc,FBHS,54930032LHW54PQUJD44,1519751,2020.0,Q1TTM,2019-04-01,2020-03-31,,41700000.0,3.27,3.27,0.9,3.23,51000000.0,145300000.0,455600000.0,455900000.0,,456300000.0,-700000.0,3752600000.0,5839400000.0,-24100000.0,18000000.0,1258200000.0,3752600000.0,2086800000.0,92600000.0,1368900000.0,717900000.0,-116700000.0,601200000.0,5839400000.0,139300000.0,139300000.0,139300000.0
Fortune Brands Home & Security Inc,FBHS,54930032LHW54PQUJD44,1519751,2020.0,Q1,2020-01-01,2020-03-31,2020-05-01 16:08:54+00:00,10300000.0,0.78,0.78,,0.77,9500000.0,29900000.0,108800000.0,109100000.0,,109100000.0,-300000.0,909500000.0,1402700000.0,6100000.0,4500000.0,313900000.0,909500000.0,493200000.0,22100000.0,338200000.0,155000000.0,-16000000.0,139000000.0,1402700000.0,139300000.0,139300000.0,139300000.0
