company_name,company_ticker,company_lei,company_cik,year,quarter,start_date,end_date,filing_date,amortizationexpense,basicdilutedeps,basiceps,cashdividendspershare,dilutedeps,incometaxexpense,netincome,netincomecontinuing,netincometocommon,operatingcostofrevenue,operatingrevenue,otherincome,otherrevenue,rdexpense,sgaexpense,totalcostofrevenue,totalgrossprofit,totalinterestexpense,totaloperatingexpenses,totaloperatingincome,totalotherincome,totalpretaxincome,totalrevenue,weightedavebasicdilutedsharesos,weightedavebasicsharesos,weightedavedilutedsharesos
Amgen Inc,AMGN,62QBXGPJ34PQ72Z12S66,318154,2007.0,FY,2007-01-01,2007-12-31,2010-03-01 13:04:44+00:00,298000000.0,2.76,2.76,,2.74,715000000.0,3078000000.0,3078000000.0,3078000000.0,2548000000.0,14311000000.0,309000000.0,460000000.0,3856000000.0,4089000000.0,2548000000.0,12223000000.0,496000000.0,8243000000.0,3980000000.0,-187000000.0,3793000000.0,14771000000.0,1115200000.0,1117000000.0,1123000000.0
Amgen Inc,AMGN,62QBXGPJ34PQ72Z12S66,318154,2008.0,FY,2008-01-01,2008-12-31,2011-02-25 16:38:48+00:00,294000000.0,3.79,3.79,,3.77,963000000.0,4052000000.0,4052000000.0,4052000000.0,2296000000.0,14687000000.0,352000000.0,316000000.0,3030000000.0,4169000000.0,2296000000.0,12707000000.0,551000000.0,7493000000.0,5214000000.0,-199000000.0,5015000000.0,15003000000.0,1069100000.0,1070000000.0,1075000000.0
Amgen Inc,AMGN,62QBXGPJ34PQ72Z12S66,318154,2008.0,Q3,2008-07-01,2008-09-30,2009-11-06 17:10:11+00:00,74000000.0,1.06,1.06,,1.05,291000000.0,1121000000.0,1121000000.0,1121000000.0,677000000.0,3784000000.0,62000000.0,91000000.0,729000000.0,912000000.0,677000000.0,3198000000.0,133000000.0,1715000000.0,1483000000.0,-71000000.0,1412000000.0,3875000000.0,1057500000.0,1058000000.0,1064000000.0
Amgen Inc,AMGN,62QBXGPJ34PQ72Z12S66,318154,2008.0,Q2,2008-04-01,2008-06-30,2009-08-07 19:09:42+00:00,73000000.0,0.84,0.84,,0.84,224000000.0,906000000.0,906000000.0,906000000.0,515000000.0,3692000000.0,88000000.0,72000000.0,809000000.0,1188000000.0,515000000.0,3249000000.0,137000000.0,2070000000.0,1179000000.0,-49000000.0,1130000000.0,3764000000.0,1078600000.0,1078000000.0,1081000000.0
Amgen Inc,AMGN,62QBXGPJ34PQ72Z12S66,318154,2009.0,Q4,2009-10-01,2009-12-31,,73000000.0,1.92,0.93,,0.92,144000000.0,931000000.0,931000000.0,931000000.0,538000000.0,3743000000.0,94000000.0,66000000.0,891000000.0,1184000000.0,538000000.0,3271000000.0,142000000.0,2148000000.0,1123000000.0,-48000000.0,1075000000.0,3809000000.0,1016600000.0,1016000000.0,1021000000.0
Amgen Inc,AMGN,62QBXGPJ34PQ72Z12S66,318154,2009.0,FY,2009-01-01,2009-12-31,2012-02-29 06:02:52+00:00,294000000.0,4.53,4.53,,4.51,599000000.0,4605000000.0,4605000000.0,4605000000.0,2091000000.0,14351000000.0,276000000.0,291000000.0,2864000000.0,3887000000.0,2091000000.0,12551000000.0,578000000.0,7045000000.0,5506000000.0,-302000000.0,5204000000.0,14642000000.0,1016600000.0,1016000000.0,1021000000.0
Amgen Inc,AMGN,62QBXGPJ34PQ72Z12S66,318154,2009.0,Q3YTD,2009-01-01,2009-09-30,,221000000.0,2.61,3.6,,3.59,455000000.0,3674000000.0,3674000000.0,3674000000.0,1553000000.0,10608000000.0,182000000.0,225000000.0,1973000000.0,2703000000.0,1553000000.0,9280000000.0,436000000.0,4897000000.0,4383000000.0,-254000000.0,4129000000.0,10833000000.0,1019100000.0,1016000000.0,1022000000.0
Amgen Inc,AMGN,62QBXGPJ34PQ72Z12S66,318154,2009.0,Q3,2009-07-01,2009-09-30,2010-11-08 15:23:00+00:00,74000000.0,1.36,1.36,,1.36,154000000.0,1386000000.0,1386000000.0,1386000000.0,545000000.0,3736000000.0,74000000.0,76000000.0,647000000.0,941000000.0,545000000.0,3267000000.0,139000000.0,1662000000.0,1605000000.0,-65000000.0,1540000000.0,3812000000.0,1019100000.0,1016000000.0,1022000000.0
Amgen Inc,AMGN,62QBXGPJ34PQ72Z12S66,318154,2009.0,Q2YTD,2009-01-01,2009-06-30,,147000000.0,1.25,2.24,,2.23,301000000.0,2288000000.0,2288000000.0,2288000000.0,1008000000.0,6872000000.0,108000000.0,149000000.0,1326000000.0,1762000000.0,1008000000.0,6013000000.0,297000000.0,3235000000.0,2778000000.0,-189000000.0,2589000000.0,7021000000.0,1015200000.0,1013000000.0,1017000000.0
Amgen Inc,AMGN,62QBXGPJ34PQ72Z12S66,318154,2009.0,Q2,2009-04-01,2009-06-30,2010-08-09 13:57:15+00:00,73000000.0,1.25,1.25,,1.25,88000000.0,1269000000.0,1269000000.0,1269000000.0,531000000.0,3634000000.0,50000000.0,79000000.0,693000000.0,959000000.0,531000000.0,3182000000.0,150000000.0,1725000000.0,1457000000.0,-100000000.0,1357000000.0,3713000000.0,1015200000.0,1013000000.0,1017000000.0
Amgen Inc,AMGN,62QBXGPJ34PQ72Z12S66,318154,2009.0,Q1,2009-01-01,2009-03-31,2010-05-07 16:31:22+00:00,74000000.0,,0.99,,0.98,213000000.0,1019000000.0,1019000000.0,1019000000.0,477000000.0,3238000000.0,58000000.0,70000000.0,633000000.0,803000000.0,477000000.0,2831000000.0,147000000.0,1510000000.0,1321000000.0,-89000000.0,1232000000.0,3308000000.0,,1032000000.0,1037000000.0
Amgen Inc,AMGN,62QBXGPJ34PQ72Z12S66,318154,2010.0,Q4,2010-10-01,2010-12-31,,73000000.0,1.09,1.09,,1.08,-23000000.0,1022000000.0,1022000000.0,1022000000.0,572000000.0,3760000000.0,93000000.0,81000000.0,854000000.0,1274000000.0,572000000.0,3269000000.0,162000000.0,2201000000.0,1068000000.0,-69000000.0,999000000.0,3841000000.0,960000000.0,960000000.0,965000000.0
Amgen Inc,AMGN,62QBXGPJ34PQ72Z12S66,318154,2010.0,FY,2010-01-01,2010-12-31,2013-02-27 16:18:11+00:00,294000000.0,4.82,4.82,,4.79,690000000.0,4627000000.0,4627000000.0,4627000000.0,2220000000.0,14660000000.0,376000000.0,393000000.0,2894000000.0,4100000000.0,2220000000.0,12833000000.0,604000000.0,7288000000.0,5545000000.0,-228000000.0,5317000000.0,15053000000.0,960000000.0,960000000.0,965000000.0
Amgen Inc,AMGN,62QBXGPJ34PQ72Z12S66,318154,2010.0,Q3YTD,2010-01-01,2010-09-30,,221000000.0,3.73,3.73,,3.71,713000000.0,3605000000.0,3605000000.0,3605000000.0,1648000000.0,10900000000.0,283000000.0,312000000.0,2040000000.0,2826000000.0,1648000000.0,9564000000.0,442000000.0,5087000000.0,4477000000.0,-159000000.0,4318000000.0,11212000000.0,958100000.0,958000000.0,962000000.0
Amgen Inc,AMGN,62QBXGPJ34PQ72Z12S66,318154,2010.0,Q3TTM,2009-10-01,2010-09-30,,294000000.0,5.65,4.66,,4.63,857000000.0,4536000000.0,4536000000.0,4536000000.0,2186000000.0,14643000000.0,377000000.0,378000000.0,2931000000.0,4010000000.0,2186000000.0,12835000000.0,584000000.0,7235000000.0,5600000000.0,-207000000.0,5393000000.0,15021000000.0,958100000.0,958000000.0,962000000.0
Amgen Inc,AMGN,62QBXGPJ34PQ72Z12S66,318154,2010.0,Q3,2010-07-01,2010-09-30,2011-11-04 06:10:39+00:00,74000000.0,1.29,1.29,0.0,1.28,198000000.0,1236000000.0,1236000000.0,1236000000.0,587000000.0,3759000000.0,105000000.0,57000000.0,719000000.0,957000000.0,587000000.0,3229000000.0,150000000.0,1750000000.0,1479000000.0,-45000000.0,1434000000.0,3816000000.0,958100000.0,958000000.0,962000000.0
Amgen Inc,AMGN,62QBXGPJ34PQ72Z12S66,318154,2010.0,Q2YTD,2010-01-01,2010-06-30,,147000000.0,2.44,2.44,,2.43,515000000.0,2369000000.0,2369000000.0,2369000000.0,1061000000.0,7141000000.0,178000000.0,255000000.0,1321000000.0,1869000000.0,1061000000.0,6335000000.0,292000000.0,3337000000.0,2998000000.0,-114000000.0,2884000000.0,7396000000.0,961600000.0,959000000.0,964000000.0
Amgen Inc,AMGN,62QBXGPJ34PQ72Z12S66,318154,2010.0,Q2TTM,2009-07-01,2010-06-30,,294000000.0,5.72,4.73,,4.71,813000000.0,4686000000.0,4686000000.0,4686000000.0,2144000000.0,14620000000.0,346000000.0,397000000.0,2859000000.0,3994000000.0,2144000000.0,12873000000.0,573000000.0,7147000000.0,5726000000.0,-227000000.0,5499000000.0,15017000000.0,961600000.0,959000000.0,964000000.0
Amgen Inc,AMGN,62QBXGPJ34PQ72Z12S66,318154,2010.0,Q2,2010-04-01,2010-06-30,2011-08-08 14:54:26+00:00,73000000.0,1.25,1.25,,1.25,262000000.0,1202000000.0,1202000000.0,1202000000.0,553000000.0,3613000000.0,94000000.0,191000000.0,675000000.0,986000000.0,553000000.0,3251000000.0,147000000.0,1734000000.0,1517000000.0,-53000000.0,1464000000.0,3804000000.0,961600000.0,959000000.0,964000000.0
Amgen Inc,AMGN,62QBXGPJ34PQ72Z12S66,318154,2010.0,Q1TTM,2009-04-01,2010-03-31,,294000000.0,5.72,4.73,,4.71,639000000.0,4753000000.0,4753000000.0,4753000000.0,2122000000.0,14641000000.0,302000000.0,285000000.0,2877000000.0,3967000000.0,2122000000.0,12804000000.0,576000000.0,7138000000.0,5666000000.0,-274000000.0,5392000000.0,14926000000.0,980700000.0,982000000.0,988000000.0
Amgen Inc,AMGN,62QBXGPJ34PQ72Z12S66,318154,2010.0,Q1,2010-01-01,2010-03-31,2011-05-10 13:12:16+00:00,74000000.0,1.19,1.19,,1.18,253000000.0,1167000000.0,1167000000.0,1167000000.0,508000000.0,3528000000.0,84000000.0,64000000.0,646000000.0,883000000.0,508000000.0,3084000000.0,145000000.0,1603000000.0,1481000000.0,-61000000.0,1420000000.0,3592000000.0,980700000.0,982000000.0,988000000.0
Amgen Inc,AMGN,62QBXGPJ34PQ72Z12S66,318154,2011.0,Q4,2011-10-01,2011-12-31,,-221000000.0,1.1,1.1,-0.28,1.09,117000000.0,934000000.0,934000000.0,934000000.0,937000000.0,3907000000.0,84000000.0,66000000.0,851000000.0,1244000000.0,937000000.0,3036000000.0,195000000.0,1874000000.0,1162000000.0,-111000000.0,1051000000.0,3973000000.0,904900000.0,905000000.0,912000000.0
Amgen Inc,AMGN,62QBXGPJ34PQ72Z12S66,318154,2011.0,FY,2011-01-01,2011-12-31,2014-02-24 16:07:20+00:00,,4.07,4.07,,4.04,467000000.0,3683000000.0,3683000000.0,3683000000.0,2708000000.0,15295000000.0,448000000.0,287000000.0,3167000000.0,5395000000.0,2708000000.0,12874000000.0,610000000.0,8562000000.0,4312000000.0,-162000000.0,4150000000.0,15582000000.0,904900000.0,905000000.0,912000000.0
Amgen Inc,AMGN,62QBXGPJ34PQ72Z12S66,318154,2011.0,Q3YTD,2011-01-01,2011-09-30,,221000000.0,2.97,2.97,0.28,2.95,350000000.0,2749000000.0,2749000000.0,2749000000.0,1771000000.0,11388000000.0,364000000.0,221000000.0,2316000000.0,4151000000.0,1771000000.0,9838000000.0,415000000.0,6688000000.0,3150000000.0,-51000000.0,3099000000.0,11609000000.0,908000000.0,907000000.0,914000000.0
Amgen Inc,AMGN,62QBXGPJ34PQ72Z12S66,318154,2011.0,Q3TTM,2010-10-01,2011-09-30,,294000000.0,4.06,4.06,0.28,4.03,327000000.0,3771000000.0,3771000000.0,3771000000.0,2343000000.0,15148000000.0,457000000.0,302000000.0,3170000000.0,5425000000.0,2343000000.0,13107000000.0,577000000.0,8889000000.0,4218000000.0,-120000000.0,4098000000.0,15450000000.0,908000000.0,907000000.0,914000000.0
Amgen Inc,AMGN,62QBXGPJ34PQ72Z12S66,318154,2011.0,Q3,2011-07-01,2011-09-30,2012-11-06 16:47:49+00:00,74000000.0,0.5,0.5,0.28,0.5,0.0,454000000.0,454000000.0,454000000.0,605000000.0,3877000000.0,87000000.0,67000000.0,761000000.0,1979000000.0,605000000.0,3339000000.0,158000000.0,2814000000.0,525000000.0,-71000000.0,454000000.0,3944000000.0,908000000.0,907000000.0,914000000.0
Amgen Inc,AMGN,62QBXGPJ34PQ72Z12S66,318154,2011.0,Q2YTD,2011-01-01,2011-06-30,,147000000.0,2.47,2.47,,2.45,350000000.0,2295000000.0,2295000000.0,2295000000.0,1166000000.0,7511000000.0,277000000.0,154000000.0,1555000000.0,2172000000.0,1166000000.0,6499000000.0,257000000.0,3874000000.0,2625000000.0,20000000.0,2645000000.0,7665000000.0,928600000.0,927000000.0,935000000.0
Amgen Inc,AMGN,62QBXGPJ34PQ72Z12S66,318154,2011.0,Q2TTM,2010-07-01,2011-06-30,,294000000.0,4.85,4.85,,4.81,525000000.0,4553000000.0,4553000000.0,4553000000.0,2325000000.0,15030000000.0,475000000.0,292000000.0,3128000000.0,4403000000.0,2325000000.0,12997000000.0,569000000.0,7825000000.0,5172000000.0,-94000000.0,5078000000.0,15322000000.0,928600000.0,927000000.0,935000000.0
Amgen Inc,AMGN,62QBXGPJ34PQ72Z12S66,318154,2011.0,Q2,2011-04-01,2011-06-30,2012-08-08 17:03:20+00:00,73000000.0,1.26,1.26,0.0,1.25,169000000.0,1170000000.0,1170000000.0,1170000000.0,602000000.0,3893000000.0,129000000.0,66000000.0,819000000.0,1133000000.0,602000000.0,3357000000.0,122000000.0,2025000000.0,1332000000.0,7000000.0,1339000000.0,3959000000.0,928600000.0,927000000.0,935000000.0
Amgen Inc,AMGN,62QBXGPJ34PQ72Z12S66,318154,2011.0,Q1TTM,2010-04-01,2011-03-31,,294000000.0,4.84,4.84,,4.81,618000000.0,4585000000.0,4585000000.0,4585000000.0,2276000000.0,14750000000.0,440000000.0,417000000.0,2984000000.0,4256000000.0,2276000000.0,12891000000.0,594000000.0,7534000000.0,5357000000.0,-154000000.0,5203000000.0,15167000000.0,929800000.0,933000000.0,941000000.0
Amgen Inc,AMGN,62QBXGPJ34PQ72Z12S66,318154,2011.0,Q1,2011-01-01,2011-03-31,2012-05-08 06:03:22+00:00,74000000.0,1.21,1.21,0.0,1.2,181000000.0,1125000000.0,1125000000.0,1125000000.0,564000000.0,3618000000.0,148000000.0,88000000.0,736000000.0,1039000000.0,564000000.0,3142000000.0,135000000.0,1849000000.0,1293000000.0,13000000.0,1306000000.0,3706000000.0,929800000.0,933000000.0,941000000.0
Amgen Inc,AMGN,62QBXGPJ34PQ72Z12S66,318154,2012.0,Q4,2012-10-01,2012-12-31,,,1.04,1.04,-1.08,1.02,135000000.0,788000000.0,788000000.0,788000000.0,922000000.0,4337000000.0,126000000.0,84000000.0,938000000.0,1473000000.0,922000000.0,3499000000.0,291000000.0,2411000000.0,1088000000.0,-165000000.0,923000000.0,4421000000.0,774500000.0,775000000.0,787000000.0
Amgen Inc,AMGN,62QBXGPJ34PQ72Z12S66,318154,2012.0,FY,2012-01-01,2012-12-31,2015-02-19 17:06:08+00:00,,5.61,5.61,,5.52,664000000.0,4345000000.0,4345000000.0,4345000000.0,3199000000.0,16639000000.0,485000000.0,626000000.0,3380000000.0,5109000000.0,3199000000.0,14066000000.0,1053000000.0,8489000000.0,5577000000.0,-568000000.0,5009000000.0,17265000000.0,774500000.0,775000000.0,787000000.0
Amgen Inc,AMGN,62QBXGPJ34PQ72Z12S66,318154,2012.0,Q3YTD,2012-01-01,2012-09-30,,,4.57,4.57,1.08,4.5,529000000.0,3557000000.0,3557000000.0,3557000000.0,2277000000.0,12302000000.0,359000000.0,542000000.0,2442000000.0,3636000000.0,2277000000.0,10567000000.0,762000000.0,6078000000.0,4489000000.0,-403000000.0,4086000000.0,12844000000.0,768800000.0,771000000.0,783000000.0
Amgen Inc,AMGN,62QBXGPJ34PQ72Z12S66,318154,2012.0,Q3TTM,2011-10-01,2012-09-30,,-221000000.0,5.67,5.67,0.8,5.59,646000000.0,4491000000.0,4491000000.0,4491000000.0,3214000000.0,16209000000.0,443000000.0,608000000.0,3293000000.0,4880000000.0,3214000000.0,13603000000.0,957000000.0,7952000000.0,5651000000.0,-514000000.0,5137000000.0,16817000000.0,768800000.0,771000000.0,783000000.0
Amgen Inc,AMGN,62QBXGPJ34PQ72Z12S66,318154,2012.0,Q3,2012-07-01,2012-09-30,2013-10-29 17:22:48+00:00,,1.44,1.44,0.36,1.41,156000000.0,1107000000.0,1107000000.0,1107000000.0,775000000.0,4201000000.0,111000000.0,118000000.0,880000000.0,1241000000.0,775000000.0,3544000000.0,271000000.0,2121000000.0,1423000000.0,-160000000.0,1263000000.0,4319000000.0,768800000.0,771000000.0,783000000.0
Amgen Inc,AMGN,62QBXGPJ34PQ72Z12S66,318154,2012.0,Q2YTD,2012-01-01,2012-06-30,,,3.13,3.13,0.72,3.09,373000000.0,2450000000.0,2450000000.0,2450000000.0,1502000000.0,8101000000.0,248000000.0,424000000.0,1562000000.0,2395000000.0,1502000000.0,7023000000.0,491000000.0,3957000000.0,3066000000.0,-243000000.0,2823000000.0,8525000000.0,776700000.0,776000000.0,785000000.0
Amgen Inc,AMGN,62QBXGPJ34PQ72Z12S66,318154,2012.0,Q2TTM,2011-07-01,2012-06-30,,-147000000.0,4.73,4.73,0.72,4.68,490000000.0,3838000000.0,3838000000.0,3838000000.0,3044000000.0,15885000000.0,419000000.0,557000000.0,3174000000.0,5618000000.0,3044000000.0,13398000000.0,844000000.0,8645000000.0,4753000000.0,-425000000.0,4328000000.0,16442000000.0,776700000.0,776000000.0,785000000.0
Amgen Inc,AMGN,62QBXGPJ34PQ72Z12S66,318154,2012.0,Q2,2012-04-01,2012-06-30,2013-08-06 17:10:01+00:00,,1.63,1.63,0.36,1.61,191000000.0,1266000000.0,1266000000.0,1266000000.0,752000000.0,4200000000.0,124000000.0,277000000.0,826000000.0,1310000000.0,752000000.0,3725000000.0,256000000.0,2136000000.0,1589000000.0,-132000000.0,1457000000.0,4477000000.0,776700000.0,776000000.0,785000000.0
Amgen Inc,AMGN,62QBXGPJ34PQ72Z12S66,318154,2012.0,Q1TTM,2011-04-01,2012-03-31,,-74000000.0,4.36,4.36,0.36,4.32,468000000.0,3742000000.0,3742000000.0,3742000000.0,2894000000.0,15578000000.0,424000000.0,346000000.0,3167000000.0,5441000000.0,2894000000.0,13030000000.0,710000000.0,8534000000.0,4496000000.0,-286000000.0,4210000000.0,15924000000.0,789300000.0,791000000.0,800000000.0
Amgen Inc,AMGN,62QBXGPJ34PQ72Z12S66,318154,2012.0,Q1,2012-01-01,2012-03-31,2013-05-03 16:23:52+00:00,,1.5,1.5,0.36,1.48,182000000.0,1184000000.0,1184000000.0,1184000000.0,750000000.0,3901000000.0,124000000.0,147000000.0,736000000.0,1085000000.0,750000000.0,3298000000.0,235000000.0,1821000000.0,1477000000.0,-111000000.0,1366000000.0,4048000000.0,789300000.0,791000000.0,800000000.0
Amgen Inc,AMGN,62QBXGPJ34PQ72Z12S66,318154,2013.0,FY,2013-01-01,2013-12-31,2016-02-16 07:00:35+00:00,,6.75,6.75,,6.64,184000000.0,5081000000.0,5081000000.0,5081000000.0,3346000000.0,18192000000.0,420000000.0,484000000.0,4083000000.0,5380000000.0,3346000000.0,15330000000.0,1022000000.0,9463000000.0,5867000000.0,-602000000.0,5265000000.0,18676000000.0,752700000.0,753000000.0,765000000.0
Amgen Inc,AMGN,62QBXGPJ34PQ72Z12S66,318154,2013.0,Q4,2013-10-01,2013-12-31,,,1.36,1.36,-1.41,1.32,-7000000.0,1021000000.0,1021000000.0,1021000000.0,1029000000.0,4799000000.0,88000000.0,212000000.0,1249000000.0,1546000000.0,1029000000.0,3982000000.0,261000000.0,2795000000.0,1187000000.0,-173000000.0,1014000000.0,5011000000.0,752700000.0,753000000.0,765000000.0
Amgen Inc,AMGN,62QBXGPJ34PQ72Z12S66,318154,2013.0,Q3YTD,2013-01-01,2013-09-30,,,5.39,5.39,1.41,5.32,191000000.0,4060000000.0,4060000000.0,4060000000.0,2317000000.0,13393000000.0,332000000.0,272000000.0,2834000000.0,3834000000.0,2317000000.0,11348000000.0,761000000.0,6668000000.0,4680000000.0,-429000000.0,4251000000.0,13665000000.0,755800000.0,754000000.0,766000000.0
Amgen Inc,AMGN,62QBXGPJ34PQ72Z12S66,318154,2013.0,Q3TTM,2012-10-01,2013-09-30,,,6.43,6.43,0.33,6.34,326000000.0,4848000000.0,4848000000.0,4848000000.0,3239000000.0,17730000000.0,458000000.0,356000000.0,3772000000.0,5307000000.0,3239000000.0,14847000000.0,1052000000.0,9079000000.0,5768000000.0,-594000000.0,5174000000.0,18086000000.0,755800000.0,754000000.0,766000000.0
Amgen Inc,AMGN,62QBXGPJ34PQ72Z12S66,318154,2013.0,Q3,2013-07-01,2013-09-30,2014-10-29 16:46:52+00:00,,1.81,1.81,0.47,1.79,135000000.0,1368000000.0,1368000000.0,1368000000.0,788000000.0,4647000000.0,72000000.0,101000000.0,989000000.0,1283000000.0,788000000.0,3960000000.0,257000000.0,2272000000.0,1688000000.0,-185000000.0,1503000000.0,4748000000.0,755800000.0,754000000.0,766000000.0
Amgen Inc,AMGN,62QBXGPJ34PQ72Z12S66,318154,2013.0,Q2YTD,2013-01-01,2013-06-30,,,3.58,3.58,0.94,3.53,56000000.0,2692000000.0,2692000000.0,2692000000.0,1529000000.0,8746000000.0,260000000.0,171000000.0,1845000000.0,2551000000.0,1529000000.0,7388000000.0,504000000.0,4396000000.0,2992000000.0,-244000000.0,2748000000.0,8917000000.0,753300000.0,752000000.0,764000000.0
Amgen Inc,AMGN,62QBXGPJ34PQ72Z12S66,318154,2013.0,Q2TTM,2012-07-01,2013-06-30,,,6.06,6.06,0.22,5.96,347000000.0,4587000000.0,4587000000.0,4587000000.0,3226000000.0,17284000000.0,497000000.0,373000000.0,3663000000.0,5265000000.0,3226000000.0,14431000000.0,1066000000.0,8928000000.0,5503000000.0,-569000000.0,4934000000.0,17657000000.0,753300000.0,752000000.0,764000000.0
Amgen Inc,AMGN,62QBXGPJ34PQ72Z12S66,318154,2013.0,Q2,2013-04-01,2013-06-30,2014-08-05 16:06:09+00:00,,1.67,1.67,0.47,1.65,147000000.0,1258000000.0,1258000000.0,1258000000.0,785000000.0,4595000000.0,96000000.0,84000000.0,967000000.0,1377000000.0,785000000.0,3894000000.0,241000000.0,2344000000.0,1550000000.0,-145000000.0,1405000000.0,4679000000.0,753300000.0,752000000.0,764000000.0
Amgen Inc,AMGN,62QBXGPJ34PQ72Z12S66,318154,2013.0,Q1TTM,2012-04-01,2013-03-31,,,6.02,6.02,0.11,5.92,391000000.0,4595000000.0,4595000000.0,4595000000.0,3193000000.0,16889000000.0,525000000.0,566000000.0,3522000000.0,5198000000.0,3193000000.0,14262000000.0,1081000000.0,8720000000.0,5542000000.0,-556000000.0,4986000000.0,17455000000.0,750800000.0,751000000.0,764000000.0
Amgen Inc,AMGN,62QBXGPJ34PQ72Z12S66,318154,2013.0,Q1,2013-01-01,2013-03-31,2014-04-30 16:18:43+00:00,,1.91,1.91,0.47,1.88,-91000000.0,1434000000.0,1434000000.0,1434000000.0,744000000.0,4151000000.0,164000000.0,87000000.0,878000000.0,1174000000.0,744000000.0,3494000000.0,263000000.0,2052000000.0,1442000000.0,-99000000.0,1343000000.0,4238000000.0,750800000.0,751000000.0,764000000.0
Amgen Inc,AMGN,62QBXGPJ34PQ72Z12S66,318154,2014.0,FY,2014-01-01,2014-12-31,2017-02-14 16:21:05+00:00,,6.8,6.8,,6.7,427000000.0,5158000000.0,5158000000.0,5158000000.0,4422000000.0,19327000000.0,465000000.0,736000000.0,4297000000.0,5153000000.0,4422000000.0,15641000000.0,1071000000.0,9450000000.0,6191000000.0,-606000000.0,5585000000.0,20063000000.0,758500000.0,759000000.0,770000000.0
Amgen Inc,AMGN,62QBXGPJ34PQ72Z12S66,318154,2014.0,Q4,2014-10-01,2014-12-31,,,1.71,1.71,-1.83,1.68,-8000000.0,1294000000.0,1294000000.0,1294000000.0,1183000000.0,5174000000.0,88000000.0,157000000.0,1234000000.0,1455000000.0,1183000000.0,4148000000.0,261000000.0,2689000000.0,1459000000.0,-173000000.0,1286000000.0,5331000000.0,758500000.0,759000000.0,770000000.0
Amgen Inc,AMGN,62QBXGPJ34PQ72Z12S66,318154,2014.0,Q3,2014-07-01,2014-09-30,2015-11-02 06:09:19+00:00,,1.63,1.63,0.61,1.61,93000000.0,1244000000.0,1244000000.0,1244000000.0,1068000000.0,4848000000.0,140000000.0,183000000.0,1018000000.0,1479000000.0,1068000000.0,3963000000.0,269000000.0,2497000000.0,1466000000.0,-129000000.0,1337000000.0,5031000000.0,763200000.0,761000000.0,771000000.0
Amgen Inc,AMGN,62QBXGPJ34PQ72Z12S66,318154,2014.0,Q3YTD,2014-01-01,2014-09-30,,,5.09,5.09,1.83,5.02,435000000.0,3864000000.0,3864000000.0,3864000000.0,3239000000.0,14153000000.0,377000000.0,579000000.0,3063000000.0,3698000000.0,3239000000.0,11493000000.0,810000000.0,6761000000.0,4732000000.0,-433000000.0,4299000000.0,14732000000.0,763200000.0,761000000.0,771000000.0
Amgen Inc,AMGN,62QBXGPJ34PQ72Z12S66,318154,2014.0,Q3TTM,2013-10-01,2014-09-30,,,6.45,6.45,0.42,6.34,428000000.0,4885000000.0,4885000000.0,4885000000.0,4268000000.0,18952000000.0,465000000.0,791000000.0,4312000000.0,5244000000.0,4268000000.0,15475000000.0,1071000000.0,9556000000.0,5919000000.0,-606000000.0,5313000000.0,19743000000.0,763200000.0,761000000.0,771000000.0
Amgen Inc,AMGN,62QBXGPJ34PQ72Z12S66,318154,2014.0,Q2YTD,2014-01-01,2014-06-30,,,3.46,3.46,1.22,3.41,342000000.0,2620000000.0,2620000000.0,2620000000.0,2171000000.0,9305000000.0,237000000.0,396000000.0,2045000000.0,2219000000.0,2171000000.0,7530000000.0,541000000.0,4264000000.0,3266000000.0,-304000000.0,2962000000.0,9701000000.0,758300000.0,759000000.0,768000000.0
Amgen Inc,AMGN,62QBXGPJ34PQ72Z12S66,318154,2014.0,Q2TTM,2013-07-01,2014-06-30,,,6.63,6.63,0.28,6.52,470000000.0,5009000000.0,5009000000.0,5009000000.0,3988000000.0,18751000000.0,397000000.0,709000000.0,4283000000.0,5048000000.0,3988000000.0,15472000000.0,1059000000.0,9331000000.0,6141000000.0,-662000000.0,5479000000.0,19460000000.0,758300000.0,759000000.0,768000000.0
Amgen Inc,AMGN,62QBXGPJ34PQ72Z12S66,318154,2014.0,Q2,2014-04-01,2014-06-30,2015-08-05 06:04:03+00:00,,2.04,2.04,0.61,2.01,211000000.0,1547000000.0,1547000000.0,1547000000.0,1081000000.0,4949000000.0,138000000.0,231000000.0,1018000000.0,1179000000.0,1081000000.0,4099000000.0,282000000.0,2197000000.0,1902000000.0,-144000000.0,1758000000.0,5180000000.0,758300000.0,759000000.0,768000000.0
Amgen Inc,AMGN,62QBXGPJ34PQ72Z12S66,318154,2014.0,Q1TTM,2013-04-01,2014-03-31,,,6.26,6.26,0.14,6.16,406000000.0,4720000000.0,4720000000.0,4720000000.0,3692000000.0,18397000000.0,355000000.0,562000000.0,4232000000.0,5246000000.0,3692000000.0,15267000000.0,1018000000.0,9478000000.0,5789000000.0,-663000000.0,5126000000.0,18959000000.0,755600000.0,757000000.0,768000000.0
Amgen Inc,AMGN,62QBXGPJ34PQ72Z12S66,318154,2014.0,Q1,2014-01-01,2014-03-31,2015-04-27 06:14:16+00:00,,1.42,1.42,0.61,1.4,131000000.0,1073000000.0,1073000000.0,1073000000.0,1090000000.0,4356000000.0,99000000.0,165000000.0,1027000000.0,1040000000.0,1090000000.0,3431000000.0,259000000.0,2067000000.0,1364000000.0,-160000000.0,1204000000.0,4521000000.0,755600000.0,757000000.0,768000000.0
Amgen Inc,AMGN,62QBXGPJ34PQ72Z12S66,318154,2015.0,FY,2015-01-01,2015-12-31,2018-02-13 16:48:04+00:00,,9.15,9.15,,9.06,1039000000.0,6939000000.0,6939000000.0,6939000000.0,4227000000.0,20944000000.0,603000000.0,718000000.0,4070000000.0,4895000000.0,4227000000.0,17435000000.0,1095000000.0,8965000000.0,8470000000.0,-492000000.0,7978000000.0,21662000000.0,758400000.0,758000000.0,766000000.0
Amgen Inc,AMGN,62QBXGPJ34PQ72Z12S66,318154,2015.0,Q4,2015-10-01,2015-12-31,,,2.38,2.38,-2.37,2.36,113000000.0,1800000000.0,1800000000.0,1800000000.0,1071000000.0,5329000000.0,164000000.0,207000000.0,1093000000.0,1339000000.0,1071000000.0,4465000000.0,284000000.0,2432000000.0,2033000000.0,-120000000.0,1913000000.0,5536000000.0,758400000.0,758000000.0,766000000.0
Amgen Inc,AMGN,62QBXGPJ34PQ72Z12S66,318154,2015.0,Q3,2015-07-01,2015-09-30,2016-10-28 16:47:10+00:00,,2.46,2.46,0.79,2.44,329000000.0,1863000000.0,1863000000.0,1863000000.0,1034000000.0,5516000000.0,135000000.0,207000000.0,1119000000.0,1231000000.0,1034000000.0,4689000000.0,282000000.0,2350000000.0,2339000000.0,-147000000.0,2192000000.0,5723000000.0,757300000.0,757000000.0,764000000.0
Amgen Inc,AMGN,62QBXGPJ34PQ72Z12S66,318154,2015.0,Q3YTD,2015-01-01,2015-09-30,,,6.77,6.77,2.37,6.7,926000000.0,5139000000.0,5139000000.0,5139000000.0,3156000000.0,15615000000.0,439000000.0,511000000.0,2977000000.0,3556000000.0,3156000000.0,12970000000.0,811000000.0,6533000000.0,6437000000.0,-372000000.0,6065000000.0,16126000000.0,757300000.0,757000000.0,764000000.0
Amgen Inc,AMGN,62QBXGPJ34PQ72Z12S66,318154,2015.0,Q3TTM,2014-10-01,2015-09-30,,,8.48,8.48,0.54,8.38,918000000.0,6433000000.0,6433000000.0,6433000000.0,4339000000.0,20789000000.0,527000000.0,668000000.0,4211000000.0,5011000000.0,4339000000.0,17118000000.0,1072000000.0,9222000000.0,7896000000.0,-545000000.0,7351000000.0,21457000000.0,757300000.0,757000000.0,764000000.0
Amgen Inc,AMGN,62QBXGPJ34PQ72Z12S66,318154,2015.0,Q2,2015-04-01,2015-06-30,2016-07-29 16:47:26+00:00,,2.18,2.18,0.79,2.15,344000000.0,1653000000.0,1653000000.0,1653000000.0,1089000000.0,5225000000.0,198000000.0,145000000.0,964000000.0,1241000000.0,1089000000.0,4281000000.0,277000000.0,2205000000.0,2076000000.0,-79000000.0,1997000000.0,5370000000.0,758300000.0,760000000.0,768000000.0
Amgen Inc,AMGN,62QBXGPJ34PQ72Z12S66,318154,2015.0,Q2YTD,2015-01-01,2015-06-30,,,4.31,4.31,1.58,4.26,597000000.0,3276000000.0,3276000000.0,3276000000.0,2122000000.0,10099000000.0,304000000.0,304000000.0,1858000000.0,2325000000.0,2122000000.0,8281000000.0,529000000.0,4183000000.0,4098000000.0,-225000000.0,3873000000.0,10403000000.0,758300000.0,760000000.0,768000000.0
Amgen Inc,AMGN,62QBXGPJ34PQ72Z12S66,318154,2015.0,Q2TTM,2014-07-01,2015-06-30,,,7.65,7.65,0.36,7.55,682000000.0,5814000000.0,5814000000.0,5814000000.0,4373000000.0,20121000000.0,532000000.0,644000000.0,4110000000.0,5259000000.0,4373000000.0,16392000000.0,1059000000.0,9369000000.0,7023000000.0,-527000000.0,6496000000.0,20765000000.0,758300000.0,760000000.0,768000000.0
Amgen Inc,AMGN,62QBXGPJ34PQ72Z12S66,318154,2015.0,Q1,2015-01-01,2015-03-31,2016-05-02 16:49:29+00:00,,2.13,2.13,0.79,2.11,253000000.0,1623000000.0,1623000000.0,1623000000.0,1033000000.0,4874000000.0,106000000.0,159000000.0,894000000.0,1084000000.0,1033000000.0,4000000000.0,252000000.0,1978000000.0,2022000000.0,-146000000.0,1876000000.0,5033000000.0,762000000.0,761000000.0,770000000.0
Amgen Inc,AMGN,62QBXGPJ34PQ72Z12S66,318154,2015.0,Q1TTM,2014-04-01,2015-03-31,,,7.51,7.51,0.18,7.41,549000000.0,5708000000.0,5708000000.0,5708000000.0,4365000000.0,19845000000.0,472000000.0,730000000.0,4164000000.0,5197000000.0,4365000000.0,16210000000.0,1064000000.0,9361000000.0,6849000000.0,-592000000.0,6257000000.0,20575000000.0,762000000.0,761000000.0,770000000.0
Amgen Inc,AMGN,62QBXGPJ34PQ72Z12S66,318154,2016.0,FY,2016-01-01,2016-12-31,2019-02-13 17:20:20+00:00,,10.32,10.32,4.15,10.24,1441000000.0,7722000000.0,7722000000.0,7722000000.0,4162000000.0,22991000000.0,629000000.0,,3840000000.0,5195000000.0,4162000000.0,18829000000.0,1260000000.0,9035000000.0,9794000000.0,-631000000.0,9163000000.0,22991000000.0,748300000.0,748000000.0,754000000.0
Amgen Inc,AMGN,62QBXGPJ34PQ72Z12S66,318154,2016.0,Q4,2016-10-01,2016-12-31,,,2.61,2.61,1.15,2.59,348000000.0,1935000000.0,1935000000.0,1935000000.0,1067000000.0,6762000000.0,126000000.0,-797000000.0,1078000000.0,1335000000.0,1067000000.0,4898000000.0,328000000.0,2413000000.0,2485000000.0,-202000000.0,2283000000.0,5965000000.0,748300000.0,748000000.0,754000000.0
Amgen Inc,AMGN,62QBXGPJ34PQ72Z12S66,318154,2016.0,Q3,2016-07-01,2016-09-30,2017-10-25 20:00:14+00:00,,2.7,2.7,1.0,2.68,401000000.0,2017000000.0,2017000000.0,2017000000.0,1027000000.0,5516000000.0,216000000.0,295000000.0,990000000.0,1267000000.0,1027000000.0,4784000000.0,325000000.0,2257000000.0,2527000000.0,-109000000.0,2418000000.0,5811000000.0,747000000.0,747000000.0,753000000.0
Amgen Inc,AMGN,62QBXGPJ34PQ72Z12S66,318154,2016.0,Q3YTD,2016-01-01,2016-09-30,,,7.71,7.71,3.0,7.65,1093000000.0,5787000000.0,5787000000.0,5787000000.0,3095000000.0,16229000000.0,503000000.0,797000000.0,2762000000.0,3860000000.0,3095000000.0,13931000000.0,932000000.0,6622000000.0,7309000000.0,-429000000.0,6880000000.0,17026000000.0,747000000.0,747000000.0,753000000.0
Amgen Inc,AMGN,62QBXGPJ34PQ72Z12S66,318154,2016.0,Q3TTM,2015-10-01,2016-09-30,,,10.09,10.09,0.63,10.01,1206000000.0,7587000000.0,7587000000.0,7587000000.0,4166000000.0,21558000000.0,667000000.0,1004000000.0,3855000000.0,5199000000.0,4166000000.0,18396000000.0,1216000000.0,9054000000.0,9342000000.0,-549000000.0,8793000000.0,22562000000.0,747000000.0,747000000.0,753000000.0
Amgen Inc,AMGN,62QBXGPJ34PQ72Z12S66,318154,2016.0,Q2,2016-04-01,2016-06-30,2017-07-26 16:37:28+00:00,,2.49,2.49,1.0,2.47,334000000.0,1870000000.0,1870000000.0,1870000000.0,1050000000.0,5474000000.0,137000000.0,214000000.0,900000000.0,1358000000.0,1050000000.0,4638000000.0,313000000.0,2258000000.0,2380000000.0,-176000000.0,2204000000.0,5688000000.0,751000000.0,751000000.0,756000000.0
Amgen Inc,AMGN,62QBXGPJ34PQ72Z12S66,318154,2016.0,Q2YTD,2016-01-01,2016-06-30,,,5.01,5.01,2.0,4.97,692000000.0,3770000000.0,3770000000.0,3770000000.0,2068000000.0,10713000000.0,287000000.0,502000000.0,1772000000.0,2593000000.0,2068000000.0,9147000000.0,607000000.0,4365000000.0,4782000000.0,-320000000.0,4462000000.0,11215000000.0,751000000.0,751000000.0,756000000.0
Amgen Inc,AMGN,62QBXGPJ34PQ72Z12S66,318154,2016.0,Q2TTM,2015-07-01,2016-06-30,,,9.85,9.85,0.42,9.77,1134000000.0,7433000000.0,7433000000.0,7433000000.0,4173000000.0,21558000000.0,586000000.0,916000000.0,3984000000.0,5163000000.0,4173000000.0,18301000000.0,1173000000.0,9147000000.0,9154000000.0,-587000000.0,8567000000.0,22474000000.0,751000000.0,751000000.0,756000000.0
Amgen Inc,AMGN,62QBXGPJ34PQ72Z12S66,318154,2016.0,Q1,2016-01-01,2016-03-31,2017-04-26 20:16:03+00:00,,2.52,2.52,1.0,2.5,358000000.0,1900000000.0,1900000000.0,1900000000.0,1018000000.0,5239000000.0,150000000.0,288000000.0,872000000.0,1235000000.0,1018000000.0,4509000000.0,294000000.0,2107000000.0,2402000000.0,-144000000.0,2258000000.0,5527000000.0,754000000.0,753000000.0,760000000.0
Amgen Inc,AMGN,62QBXGPJ34PQ72Z12S66,318154,2016.0,Q1TTM,2015-04-01,2016-03-31,,,9.54,9.54,0.21,9.45,1144000000.0,7216000000.0,7216000000.0,7216000000.0,4212000000.0,21309000000.0,647000000.0,847000000.0,4048000000.0,5046000000.0,4212000000.0,17944000000.0,1137000000.0,9094000000.0,8850000000.0,-490000000.0,8360000000.0,22156000000.0,754000000.0,753000000.0,760000000.0
Amgen Inc,AMGN,62QBXGPJ34PQ72Z12S66,318154,2017.0,FY,2017-01-01,2017-12-31,2020-02-12 17:15:19+00:00,,2.71,2.71,4.77,2.69,7618000000.0,1979000000.0,1979000000.0,1979000000.0,4069000000.0,22849000000.0,928000000.0,,3562000000.0,5245000000.0,4069000000.0,18780000000.0,1304000000.0,8807000000.0,9973000000.0,-376000000.0,9597000000.0,22849000000.0,730300000.0,731000000.0,735000000.0
Amgen Inc,AMGN,62QBXGPJ34PQ72Z12S66,318154,2017.0,Q4,2017-10-01,2017-12-31,,,-5.81,-5.81,1.32,-5.77,6478000000.0,-4264000000.0,-4264000000.0,-4264000000.0,1059000000.0,6067000000.0,301000000.0,-265000000.0,1043000000.0,1455000000.0,1059000000.0,4743000000.0,332000000.0,2498000000.0,2245000000.0,-31000000.0,2214000000.0,5802000000.0,730300000.0,731000000.0,735000000.0
Amgen Inc,AMGN,62QBXGPJ34PQ72Z12S66,318154,2017.0,Q3,2017-07-01,2017-09-30,2018-10-30 18:53:11+00:00,,2.78,2.78,1.15,2.76,360000000.0,2021000000.0,2021000000.0,2021000000.0,990000000.0,5773000000.0,267000000.0,,877000000.0,1467000000.0,990000000.0,4783000000.0,325000000.0,2344000000.0,2439000000.0,-58000000.0,2381000000.0,5773000000.0,727000000.0,728000000.0,733000000.0
Amgen Inc,AMGN,62QBXGPJ34PQ72Z12S66,318154,2017.0,Q3YTD,2017-01-01,2017-09-30,,,8.52,8.52,3.45,8.46,1140000000.0,6243000000.0,6243000000.0,6243000000.0,3010000000.0,16782000000.0,627000000.0,265000000.0,2519000000.0,3790000000.0,3010000000.0,14037000000.0,972000000.0,6309000000.0,7728000000.0,-345000000.0,7383000000.0,17047000000.0,727000000.0,728000000.0,733000000.0
Amgen Inc,AMGN,62QBXGPJ34PQ72Z12S66,318154,2017.0,Q3TTM,2016-10-01,2017-09-30,,,11.13,11.13,4.6,11.05,1488000000.0,8178000000.0,8178000000.0,8178000000.0,4077000000.0,23544000000.0,753000000.0,-532000000.0,3597000000.0,5125000000.0,4077000000.0,18935000000.0,1300000000.0,8722000000.0,10213000000.0,-547000000.0,9666000000.0,23012000000.0,727000000.0,728000000.0,733000000.0
Amgen Inc,AMGN,62QBXGPJ34PQ72Z12S66,318154,2017.0,Q2,2017-04-01,2017-06-30,2018-07-26 18:58:06+00:00,,2.93,2.93,1.15,2.91,391000000.0,2151000000.0,2151000000.0,2151000000.0,1024000000.0,5810000000.0,165000000.0,,873000000.0,1215000000.0,1024000000.0,4786000000.0,321000000.0,2088000000.0,2698000000.0,-156000000.0,2542000000.0,5810000000.0,734100000.0,734000000.0,738000000.0
Amgen Inc,AMGN,62QBXGPJ34PQ72Z12S66,318154,2017.0,Q2YTD,2017-01-01,2017-06-30,,,5.74,5.74,2.3,5.7,780000000.0,4222000000.0,4222000000.0,4222000000.0,2020000000.0,11009000000.0,360000000.0,265000000.0,1642000000.0,2323000000.0,2020000000.0,9254000000.0,647000000.0,3965000000.0,5289000000.0,-287000000.0,5002000000.0,11274000000.0,734100000.0,734000000.0,738000000.0
Amgen Inc,AMGN,62QBXGPJ34PQ72Z12S66,318154,2017.0,Q2TTM,2016-07-01,2017-06-30,,,11.05,11.05,4.45,10.97,1529000000.0,8174000000.0,8174000000.0,8174000000.0,4114000000.0,23287000000.0,702000000.0,-237000000.0,3710000000.0,4925000000.0,4114000000.0,18936000000.0,1300000000.0,8635000000.0,10301000000.0,-598000000.0,9703000000.0,23050000000.0,734100000.0,734000000.0,738000000.0
Amgen Inc,AMGN,62QBXGPJ34PQ72Z12S66,318154,2017.0,Q1,2017-01-01,2017-03-31,2018-04-24 19:28:44+00:00,,2.81,2.81,1.15,2.79,389000000.0,2071000000.0,2071000000.0,2071000000.0,996000000.0,5199000000.0,195000000.0,265000000.0,769000000.0,1108000000.0,996000000.0,4468000000.0,326000000.0,1877000000.0,2591000000.0,-131000000.0,2460000000.0,5464000000.0,737000000.0,737000000.0,741000000.0
Amgen Inc,AMGN,62QBXGPJ34PQ72Z12S66,318154,2017.0,Q1TTM,2016-04-01,2017-03-31,,,10.61,10.61,4.3,10.53,1472000000.0,7893000000.0,7893000000.0,7893000000.0,4140000000.0,22951000000.0,674000000.0,-23000000.0,3737000000.0,5068000000.0,4140000000.0,18788000000.0,1292000000.0,8805000000.0,9983000000.0,-618000000.0,9365000000.0,22928000000.0,737000000.0,737000000.0,741000000.0
Amgen Inc,AMGN,62QBXGPJ34PQ72Z12S66,318154,2018.0,FY,2018-01-01,2018-12-31,2020-02-12 17:15:19+00:00,,12.7,12.7,5.41,12.62,1151000000.0,8394000000.0,8394000000.0,8394000000.0,4101000000.0,23747000000.0,674000000.0,,3737000000.0,5646000000.0,4101000000.0,19646000000.0,1392000000.0,9383000000.0,10263000000.0,-718000000.0,9545000000.0,23747000000.0,660900000.0,661000000.0,665000000.0
Amgen Inc,AMGN,62QBXGPJ34PQ72Z12S66,318154,2018.0,Q4,2018-10-01,2018-12-31,,,3.05,3.05,2.77,3.03,257000000.0,1928000000.0,1928000000.0,1928000000.0,1096000000.0,6230000000.0,155000000.0,,1182000000.0,1570000000.0,1096000000.0,5134000000.0,352000000.0,2752000000.0,2382000000.0,-197000000.0,2185000000.0,6230000000.0,660900000.0,661000000.0,665000000.0
Amgen Inc,AMGN,62QBXGPJ34PQ72Z12S66,318154,2018.0,Q3,2018-07-01,2018-09-30,2019-10-29 19:31:34+00:00,,2.88,2.88,1.32,2.86,235000000.0,1859000000.0,1859000000.0,1859000000.0,1037000000.0,5904000000.0,126000000.0,,926000000.0,1618000000.0,1037000000.0,4867000000.0,355000000.0,2544000000.0,2323000000.0,-229000000.0,2094000000.0,5904000000.0,645500000.0,645000000.0,649000000.0
Amgen Inc,AMGN,62QBXGPJ34PQ72Z12S66,318154,2018.0,Q3YTD,2018-01-01,2018-09-30,,,9.65,9.65,2.64,9.59,894000000.0,6466000000.0,6466000000.0,6466000000.0,3005000000.0,17517000000.0,519000000.0,,2555000000.0,4076000000.0,3005000000.0,14512000000.0,1040000000.0,6631000000.0,7881000000.0,-521000000.0,7360000000.0,17517000000.0,645500000.0,645000000.0,649000000.0
Amgen Inc,AMGN,62QBXGPJ34PQ72Z12S66,318154,2018.0,Q3TTM,2017-10-01,2018-09-30,,,3.84,3.84,3.96,3.82,7372000000.0,2202000000.0,2202000000.0,2202000000.0,4064000000.0,23584000000.0,820000000.0,-265000000.0,3598000000.0,5531000000.0,4064000000.0,19255000000.0,1372000000.0,9129000000.0,10126000000.0,-552000000.0,9574000000.0,23319000000.0,645500000.0,645000000.0,649000000.0
Amgen Inc,AMGN,62QBXGPJ34PQ72Z12S66,318154,2018.0,Q2,2018-04-01,2018-06-30,2019-07-30 19:13:12+00:00,,3.5,3.5,,3.48,351000000.0,2296000000.0,2296000000.0,2296000000.0,1024000000.0,6059000000.0,162000000.0,,869000000.0,1334000000.0,1024000000.0,5035000000.0,347000000.0,2203000000.0,2832000000.0,-185000000.0,2647000000.0,6059000000.0,656000000.0,656000000.0,660000000.0
Amgen Inc,AMGN,62QBXGPJ34PQ72Z12S66,318154,2018.0,Q2YTD,2018-01-01,2018-06-30,,,6.77,6.77,1.32,6.73,659000000.0,4607000000.0,4607000000.0,4607000000.0,1968000000.0,11613000000.0,393000000.0,,1629000000.0,2458000000.0,1968000000.0,9645000000.0,685000000.0,4087000000.0,5558000000.0,-292000000.0,5266000000.0,11613000000.0,656000000.0,656000000.0,660000000.0
Amgen Inc,AMGN,62QBXGPJ34PQ72Z12S66,318154,2018.0,Q2TTM,2017-07-01,2018-06-30,,,3.74,3.74,3.79,3.72,7497000000.0,2364000000.0,2364000000.0,2364000000.0,4017000000.0,23453000000.0,961000000.0,-265000000.0,3549000000.0,5380000000.0,4017000000.0,19171000000.0,1342000000.0,8929000000.0,10242000000.0,-381000000.0,9861000000.0,23188000000.0,656000000.0,656000000.0,660000000.0
Amgen Inc,AMGN,62QBXGPJ34PQ72Z12S66,318154,2018.0,Q1,2018-01-01,2018-03-31,2019-04-30 18:37:54+00:00,,3.27,3.27,1.32,3.25,308000000.0,2311000000.0,2311000000.0,2311000000.0,944000000.0,5554000000.0,231000000.0,,760000000.0,1124000000.0,944000000.0,4610000000.0,338000000.0,1884000000.0,2726000000.0,-107000000.0,2619000000.0,5554000000.0,706700000.0,707000000.0,711000000.0
Amgen Inc,AMGN,62QBXGPJ34PQ72Z12S66,318154,2018.0,Q1TTM,2017-04-01,2018-03-31,,,3.17,3.17,4.94,3.15,7537000000.0,2219000000.0,2219000000.0,2219000000.0,4017000000.0,23204000000.0,964000000.0,-265000000.0,3553000000.0,5261000000.0,4017000000.0,18922000000.0,1316000000.0,8814000000.0,10108000000.0,-352000000.0,9756000000.0,22939000000.0,706700000.0,707000000.0,711000000.0
Amgen Inc,AMGN,62QBXGPJ34PQ72Z12S66,318154,2019.0,Q4,2019-10-01,2019-12-31,,,2.88,2.88,3.05,2.86,280000000.0,1703000000.0,1703000000.0,1703000000.0,1253000000.0,6197000000.0,236000000.0,,1312000000.0,1584000000.0,1253000000.0,4944000000.0,301000000.0,2896000000.0,2048000000.0,-65000000.0,1983000000.0,6197000000.0,605100000.0,605000000.0,609000000.0
Amgen Inc,AMGN,62QBXGPJ34PQ72Z12S66,318154,2019.0,FY,2019-01-01,2019-12-31,2020-02-12 17:15:19+00:00,,12.96,12.96,5.95,12.88,1296000000.0,7842000000.0,7842000000.0,7842000000.0,4356000000.0,23362000000.0,753000000.0,,4116000000.0,5216000000.0,4356000000.0,19006000000.0,1289000000.0,9332000000.0,9674000000.0,-536000000.0,9138000000.0,23362000000.0,605100000.0,605000000.0,609000000.0
Amgen Inc,AMGN,62QBXGPJ34PQ72Z12S66,318154,2019.0,Q3YTD,2019-01-01,2019-09-30,,,10.08,10.08,2.9,10.02,1016000000.0,6139000000.0,6139000000.0,6139000000.0,3103000000.0,17165000000.0,517000000.0,,2804000000.0,3632000000.0,3103000000.0,14062000000.0,988000000.0,6436000000.0,7626000000.0,-471000000.0,7155000000.0,17165000000.0,598200000.0,599000000.0,602000000.0
Amgen Inc,AMGN,62QBXGPJ34PQ72Z12S66,318154,2019.0,Q3TTM,2018-10-01,2019-09-30,,,13.13,13.13,5.67,13.05,1273000000.0,8067000000.0,8067000000.0,8067000000.0,4199000000.0,23395000000.0,672000000.0,,3986000000.0,5202000000.0,4199000000.0,19196000000.0,1340000000.0,9188000000.0,10008000000.0,-668000000.0,9340000000.0,23395000000.0,598200000.0,599000000.0,602000000.0
Amgen Inc,AMGN,62QBXGPJ34PQ72Z12S66,318154,2019.0,Q3,2019-07-01,2019-09-30,2019-10-29 19:31:34+00:00,,3.29,3.29,1.45,3.27,309000000.0,1968000000.0,1968000000.0,1968000000.0,1036000000.0,5737000000.0,114000000.0,,1001000000.0,1224000000.0,1036000000.0,4701000000.0,313000000.0,2225000000.0,2476000000.0,-199000000.0,2277000000.0,5737000000.0,598200000.0,599000000.0,602000000.0
Amgen Inc,AMGN,62QBXGPJ34PQ72Z12S66,318154,2019.0,Q2YTD,2019-01-01,2019-06-30,,,6.79,6.79,1.45,6.75,707000000.0,4171000000.0,4171000000.0,4171000000.0,2067000000.0,11428000000.0,403000000.0,,1803000000.0,2408000000.0,2067000000.0,9361000000.0,675000000.0,4211000000.0,5150000000.0,-272000000.0,4878000000.0,11428000000.0,607000000.0,607000000.0,610000000.0
Amgen Inc,AMGN,62QBXGPJ34PQ72Z12S66,318154,2019.0,Q2TTM,2018-07-01,2019-06-30,,,12.72,12.72,5.54,12.64,1199000000.0,7958000000.0,7958000000.0,7958000000.0,4200000000.0,23562000000.0,684000000.0,,3911000000.0,5596000000.0,4200000000.0,19362000000.0,1382000000.0,9507000000.0,9855000000.0,-698000000.0,9157000000.0,23562000000.0,607000000.0,607000000.0,610000000.0
Amgen Inc,AMGN,62QBXGPJ34PQ72Z12S66,318154,2019.0,Q2,2019-04-01,2019-06-30,2019-07-30 19:13:12+00:00,,3.59,3.59,,3.57,385000000.0,2179000000.0,2179000000.0,2179000000.0,1012000000.0,5871000000.0,218000000.0,,924000000.0,1257000000.0,1012000000.0,4859000000.0,332000000.0,2181000000.0,2678000000.0,-114000000.0,2564000000.0,5871000000.0,607000000.0,607000000.0,610000000.0
Amgen Inc,AMGN,62QBXGPJ34PQ72Z12S66,318154,2019.0,Q1,2019-01-01,2019-03-31,2020-04-30 20:48:21+00:00,,3.2,3.2,1.45,3.18,322000000.0,1992000000.0,1992000000.0,1992000000.0,1055000000.0,5557000000.0,185000000.0,,879000000.0,1151000000.0,1055000000.0,4502000000.0,343000000.0,2030000000.0,2472000000.0,-158000000.0,2314000000.0,5557000000.0,622500000.0,622000000.0,626000000.0
Amgen Inc,AMGN,62QBXGPJ34PQ72Z12S66,318154,2019.0,Q1TTM,2018-04-01,2019-03-31,,,12.63,12.63,5.54,12.55,1165000000.0,8075000000.0,8075000000.0,8075000000.0,4212000000.0,23750000000.0,628000000.0,,3856000000.0,5673000000.0,4212000000.0,19538000000.0,1397000000.0,9529000000.0,10009000000.0,-769000000.0,9240000000.0,23750000000.0,622500000.0,622000000.0,626000000.0
Amgen Inc,AMGN,62QBXGPJ34PQ72Z12S66,318154,2020.0,Q1TTM,2019-04-01,2020-03-31,,,12.85,12.85,6.1,12.77,1169000000.0,7675000000.0,7675000000.0,7675000000.0,4814000000.0,23966000000.0,579000000.0,,4189000000.0,5406000000.0,4814000000.0,19152000000.0,1292000000.0,9595000000.0,9557000000.0,-713000000.0,8844000000.0,23966000000.0,590600000.0,590000000.0,594000000.0
Amgen Inc,AMGN,62QBXGPJ34PQ72Z12S66,318154,2020.0,Q1,2020-01-01,2020-03-31,2020-04-30 20:48:21+00:00,,3.09,3.09,1.6,3.07,195000000.0,1825000000.0,1825000000.0,1825000000.0,1513000000.0,6161000000.0,11000000.0,,952000000.0,1341000000.0,1513000000.0,4648000000.0,346000000.0,2293000000.0,2355000000.0,-335000000.0,2020000000.0,6161000000.0,590600000.0,590000000.0,594000000.0
