company_name,company_ticker,company_lei,company_cik,year,quarter,start_date,end_date,filing_date,basicdilutedeps,basiceps,dilutedeps,impairmentexpense,incometaxexpense,netincome,netincomecontinuing,netincomediscontinued,netincometocommon,netincometononcontrollinginterest,operatingcostofrevenue,operatingrevenue,otherincome,sgaexpense,totalcostofrevenue,totalgrossprofit,totalinterestexpense,totaloperatingexpenses,totaloperatingincome,totalotherincome,totalpretaxincome,totalrevenue,weightedavebasicdilutedsharesos,weightedavebasicsharesos,weightedavedilutedsharesos
Mohawk Industries Inc,MHK,,851968,2008.0,FY,2008-01-01,2008-12-31,2011-03-01 08:09:09+00:00,-21.32,-21.32,-21.32,1543397000.0,180062000.0,-1452534000.0,-1452534000.0,,-1458228000.0,5694000.0,5088584000.0,6826348000.0,-21288000.0,1318501000.0,5088584000.0,1737764000.0,127050000.0,2861898000.0,-1124134000.0,-148338000.0,-1272472000.0,6826348000.0,68400000.0,68400000.0,68400000.0
Mohawk Industries Inc,MHK,,851968,2009.0,FY,2009-01-01,2009-12-31,2012-02-29 07:02:10+00:00,-0.08,-0.08,-0.08,,-76694000.0,-1019000.0,-1019000.0,,-5499000.0,4480000.0,4111794000.0,5344024000.0,5588000.0,1188500000.0,4111794000.0,1232230000.0,127031000.0,1188500000.0,43730000.0,-121443000.0,-77713000.0,5344024000.0,68452000.0,68452000.0,68452000.0
Mohawk Industries Inc,MHK,,851968,2009.0,Q3,2009-06-28,2009-09-26,2010-11-05 17:25:44+00:00,0.5,0.5,0.5,,2015000.0,35395000.0,35395000.0,,34348000.0,1047000.0,1013106000.0,1382565000.0,1657000.0,301388000.0,1013106000.0,369459000.0,32318000.0,301388000.0,68071000.0,-30661000.0,37410000.0,1382565000.0,68700000.0,68456000.0,68653000.0
Mohawk Industries Inc,MHK,,851968,2009.0,Q2,2009-03-29,2009-06-27,2010-08-06 16:15:54+00:00,0.68,0.68,0.67,,3037000.0,47207000.0,47207000.0,,46261000.0,946000.0,1038624000.0,1406012000.0,5568000.0,292710000.0,1038624000.0,367388000.0,30002000.0,292710000.0,74678000.0,-24434000.0,50244000.0,1406012000.0,68000000.0,68449000.0,68613000.0
Mohawk Industries Inc,MHK,,851968,2010.0,FY,2010-01-01,2010-12-31,2013-02-27 16:47:24+00:00,2.66,2.66,2.65,,2713000.0,189935000.0,189935000.0,,185471000.0,4464000.0,3916472000.0,5319072000.0,11630000.0,1088431000.0,3916472000.0,1402600000.0,133151000.0,1088431000.0,314169000.0,-121521000.0,192648000.0,5319072000.0,68578000.0,68578000.0,68578000.0
Mohawk Industries Inc,MHK,,851968,2010.0,Q4,2010-10-03,2010-12-31,,0.63,0.67,0.66,,11040000.0,47436000.0,47436000.0,,45758000.0,1678000.0,920532000.0,1262198000.0,3002000.0,256026000.0,920532000.0,341666000.0,30166000.0,256026000.0,85640000.0,-27164000.0,58476000.0,1262198000.0,68578000.0,68578000.0,68578000.0
Mohawk Industries Inc,MHK,,851968,2010.0,Q3,2010-07-04,2010-10-02,2011-11-04 17:22:49+00:00,0.74,0.74,0.74,,7513000.0,52264000.0,52264000.0,,51094000.0,1170000.0,964620000.0,1309552000.0,4641000.0,259750000.0,964620000.0,344932000.0,30046000.0,259750000.0,85182000.0,-25405000.0,59777000.0,1309552000.0,68593000.0,68593000.0,68593000.0
Mohawk Industries Inc,MHK,,851968,2010.0,Q3YTD,2010-01-01,2010-10-02,,2.03,1.99,1.99,,-8327000.0,142499000.0,142499000.0,,139713000.0,2786000.0,2995940000.0,4056874000.0,8628000.0,832405000.0,2995940000.0,1060934000.0,102985000.0,832405000.0,228529000.0,-94357000.0,134172000.0,4056874000.0,68593000.0,68593000.0,68593000.0
Mohawk Industries Inc,MHK,,851968,2010.0,Q2,2010-04-04,2010-07-03,2011-08-05 16:46:56+00:00,0.99,0.95,0.95,,-18814000.0,68965000.0,68965000.0,,68081000.0,884000.0,1025330000.0,1400086000.0,-544000.0,285030000.0,1025330000.0,374756000.0,39031000.0,285030000.0,89726000.0,-39575000.0,50151000.0,1400086000.0,68585000.0,68585000.0,68585000.0
Mohawk Industries Inc,MHK,,851968,2010.0,Q2YTD,2010-01-01,2010-07-03,,1.29,1.25,1.25,,-15840000.0,90235000.0,90235000.0,,88619000.0,1616000.0,2031320000.0,2747322000.0,3987000.0,572655000.0,2031320000.0,716002000.0,72939000.0,572655000.0,143347000.0,-68952000.0,74395000.0,2747322000.0,68585000.0,68585000.0,68585000.0
Mohawk Industries Inc,MHK,,851968,2010.0,Q1,2010-01-01,2010-04-03,2011-05-06 16:47:56+00:00,0.3,0.3,0.3,,2974000.0,21270000.0,21270000.0,,20538000.0,732000.0,1005990000.0,1347236000.0,4531000.0,287625000.0,1005990000.0,341246000.0,33908000.0,287625000.0,53621000.0,-29377000.0,24244000.0,1347236000.0,68500000.0,68523000.0,68730000.0
Mohawk Industries Inc,MHK,,851968,2011.0,Q4,2011-10-02,2011-12-31,,0.62,0.62,0.62,,-1990000.0,43897000.0,43897000.0,,42931000.0,966000.0,1042880000.0,1378297000.0,-257000.0,269123000.0,1042880000.0,335417000.0,24130000.0,269123000.0,66294000.0,-24387000.0,41907000.0,1378297000.0,68700000.0,68736000.0,68964000.0
Mohawk Industries Inc,MHK,,851968,2011.0,FY,2011-01-01,2011-12-31,2014-02-28 16:17:54+00:00,2.53,2.53,2.52,,21649000.0,178225000.0,178225000.0,0.0,173922000.0,4303000.0,4225379000.0,5642258000.0,-14051000.0,1101337000.0,4225379000.0,1416879000.0,101617000.0,1101337000.0,315542000.0,-115668000.0,199874000.0,5642258000.0,68700000.0,68736000.0,68964000.0
Mohawk Industries Inc,MHK,,851968,2011.0,Q3YTD,2011-01-01,2011-10-01,,1.91,1.91,1.9,,23639000.0,134328000.0,134328000.0,,130991000.0,3337000.0,3182499000.0,4263961000.0,-13794000.0,832214000.0,3182499000.0,1081462000.0,77487000.0,832214000.0,249248000.0,-91281000.0,157967000.0,4263961000.0,68600000.0,68759000.0,68954000.0
Mohawk Industries Inc,MHK,,851968,2011.0,Q3TTM,2010-10-03,2011-10-01,,2.54,2.58,2.56,,34679000.0,181764000.0,181764000.0,,176749000.0,5015000.0,4103031000.0,5526159000.0,-10792000.0,1088240000.0,4103031000.0,1423128000.0,107653000.0,1088240000.0,334888000.0,-118445000.0,216443000.0,5526159000.0,68600000.0,68759000.0,68954000.0
Mohawk Industries Inc,MHK,,851968,2011.0,Q3,2011-07-03,2011-10-01,2012-11-02 16:07:23+00:00,0.68,0.68,0.68,,5223000.0,47696000.0,47696000.0,,46646000.0,1050000.0,1084889000.0,1442512000.0,-13413000.0,266159000.0,1084889000.0,357623000.0,25132000.0,266159000.0,91464000.0,-38545000.0,52919000.0,1442512000.0,68600000.0,68759000.0,68954000.0
Mohawk Industries Inc,MHK,,851968,2011.0,Q2YTD,2011-01-01,2011-07-02,,1.23,1.23,1.22,,18416000.0,86632000.0,86632000.0,,84345000.0,2287000.0,2097610000.0,2821449000.0,-381000.0,566055000.0,2097610000.0,723839000.0,52355000.0,566055000.0,157784000.0,-52736000.0,105048000.0,2821449000.0,68400000.0,68744000.0,68981000.0
Mohawk Industries Inc,MHK,,851968,2011.0,Q2TTM,2010-07-04,2011-07-02,,2.6,2.64,2.62,,36969000.0,186332000.0,186332000.0,,181197000.0,5135000.0,3982762000.0,5393199000.0,7262000.0,1081831000.0,3982762000.0,1410437000.0,112567000.0,1081831000.0,328606000.0,-105305000.0,223301000.0,5393199000.0,68400000.0,68744000.0,68981000.0
Mohawk Industries Inc,MHK,,851968,2011.0,Q2,2011-04-03,2011-07-02,2012-08-03 17:03:11+00:00,0.89,0.89,0.88,,13450000.0,62094000.0,62094000.0,,60903000.0,1191000.0,1095607000.0,1477854000.0,-396000.0,280547000.0,1095607000.0,382247000.0,25760000.0,280547000.0,101700000.0,-26156000.0,75544000.0,1477854000.0,68400000.0,68744000.0,68981000.0
Mohawk Industries Inc,MHK,,851968,2011.0,Q1,2011-01-01,2011-04-02,2012-05-04 16:55:50+00:00,0.34,0.34,0.34,,4966000.0,24538000.0,24538000.0,,23442000.0,1096000.0,1002003000.0,1343595000.0,15000.0,285508000.0,1002003000.0,341592000.0,26595000.0,285508000.0,56084000.0,-26580000.0,29504000.0,1343595000.0,68900000.0,68674000.0,68904000.0
Mohawk Industries Inc,MHK,,851968,2011.0,Q1TTM,2010-04-04,2011-04-02,,2.7,2.7,2.69,,4705000.0,193203000.0,193203000.0,,188375000.0,4828000.0,3912485000.0,5315431000.0,7114000.0,1086314000.0,3912485000.0,1402946000.0,125838000.0,1086314000.0,316632000.0,-118724000.0,197908000.0,5315431000.0,68900000.0,68674000.0,68904000.0
Mohawk Industries Inc,MHK,,851968,2012.0,FY,2012-01-01,2012-12-31,2015-02-27 15:12:28+00:00,3.63,3.63,3.61,,53599000.0,250893000.0,250893000.0,0.0,250258000.0,635000.0,4297922000.0,5787980000.0,-303000.0,1110550000.0,4297922000.0,1490058000.0,74713000.0,1110550000.0,379508000.0,-75016000.0,304492000.0,5787980000.0,68900000.0,68988000.0,69306000.0
Mohawk Industries Inc,MHK,,851968,2012.0,Q4,2012-09-30,2012-12-31,,0.96,0.96,0.96,,12703000.0,66389000.0,66389000.0,,66389000.0,,1066328000.0,1435659000.0,-1366000.0,273471000.0,1066328000.0,369331000.0,15402000.0,273471000.0,95860000.0,-16768000.0,79092000.0,1435659000.0,68900000.0,68988000.0,69306000.0
Mohawk Industries Inc,MHK,,851968,2012.0,Q3YTD,2012-01-01,2012-09-29,,2.67,2.67,2.65,,40896000.0,184504000.0,184504000.0,,183869000.0,635000.0,3231594000.0,4352321000.0,1063000.0,837079000.0,3231594000.0,1120727000.0,59311000.0,837079000.0,283648000.0,-58248000.0,225400000.0,4352321000.0,68900000.0,69010000.0,69337000.0
Mohawk Industries Inc,MHK,,851968,2012.0,Q3TTM,2011-10-02,2012-09-29,,3.29,3.29,3.27,,38906000.0,228401000.0,228401000.0,,226800000.0,1601000.0,4274474000.0,5730618000.0,806000.0,1106202000.0,4274474000.0,1456144000.0,83441000.0,1106202000.0,349942000.0,-82635000.0,267307000.0,5730618000.0,68900000.0,69010000.0,69337000.0
Mohawk Industries Inc,MHK,,851968,2012.0,Q3,2012-07-01,2012-09-29,2013-11-04 16:31:02+00:00,1.02,1.02,1.01,,15359000.0,70304000.0,70304000.0,0.0,70304000.0,0.0,1100656000.0,1473493000.0,-322000.0,268883000.0,1100656000.0,372837000.0,17969000.0,268883000.0,103954000.0,-18291000.0,85663000.0,1473493000.0,68900000.0,69010000.0,69337000.0
Mohawk Industries Inc,MHK,,851968,2012.0,Q2YTD,2012-01-01,2012-06-30,,1.65,1.65,1.64,,25537000.0,114200000.0,114200000.0,,113565000.0,635000.0,2130938000.0,2878828000.0,1385000.0,568196000.0,2130938000.0,747890000.0,41342000.0,568196000.0,179694000.0,-39957000.0,139737000.0,2878828000.0,69000000.0,68984000.0,69259000.0
Mohawk Industries Inc,MHK,,851968,2012.0,Q2TTM,2011-07-03,2012-06-30,,2.95,2.95,2.94,,28770000.0,205793000.0,205793000.0,,203142000.0,2651000.0,4258707000.0,5699637000.0,-12285000.0,1103478000.0,4258707000.0,1440930000.0,90604000.0,1103478000.0,337452000.0,-102889000.0,234563000.0,5699637000.0,69000000.0,68984000.0,69259000.0
Mohawk Industries Inc,MHK,,851968,2012.0,Q2,2012-04-01,2012-06-30,2013-08-07 08:53:26+00:00,1.06,1.06,1.06,,15246000.0,73188000.0,73188000.0,0.0,73188000.0,0.0,1081329000.0,1469793000.0,-440000.0,280746000.0,1081329000.0,388464000.0,18844000.0,280746000.0,107718000.0,-19284000.0,88434000.0,1469793000.0,69000000.0,68984000.0,69259000.0
Mohawk Industries Inc,MHK,,851968,2012.0,Q1TTM,2011-04-03,2012-03-31,,2.78,2.78,2.76,,26974000.0,194699000.0,194699000.0,,190857000.0,3842000.0,4272985000.0,5707698000.0,-12241000.0,1103279000.0,4272985000.0,1434713000.0,97520000.0,1103279000.0,331434000.0,-109761000.0,221673000.0,5707698000.0,68400000.0,68862000.0,69141000.0
Mohawk Industries Inc,MHK,,851968,2012.0,Q1,2012-01-01,2012-03-31,2013-05-06 16:30:56+00:00,0.59,0.59,0.58,,10291000.0,41012000.0,41012000.0,,40377000.0,635000.0,1049609000.0,1409035000.0,1825000.0,287450000.0,1049609000.0,359426000.0,22498000.0,287450000.0,71976000.0,-20673000.0,51303000.0,1409035000.0,68400000.0,68862000.0,69141000.0
Mohawk Industries Inc,MHK,,851968,2013.0,FY,2013-01-01,2013-12-31,2016-11-23 16:16:28+00:00,4.86,4.86,4.82,,78385000.0,349291000.0,367186000.0,-17895000.0,348786000.0,505000.0,5427945000.0,7348754000.0,-9114000.0,1373878000.0,5427945000.0,1920809000.0,92246000.0,1373878000.0,546931000.0,-101360000.0,445571000.0,7348754000.0,71800000.0,71773000.0,72301000.0
Mohawk Industries Inc,MHK,,851968,2013.0,Q4,2013-09-29,2013-12-31,,1.32,1.32,1.31,,15420000.0,94783000.0,110764000.0,-15981000.0,94651000.0,132000.0,1411307000.0,1924104000.0,-2656000.0,361809000.0,1411307000.0,512797000.0,22148000.0,361809000.0,150988000.0,-24804000.0,126184000.0,1924104000.0,71800000.0,71773000.0,72301000.0
Mohawk Industries Inc,MHK,,851968,2013.0,Q3YTD,2013-01-01,2013-09-28,,3.54,3.54,3.51,,62965000.0,254508000.0,256422000.0,-1914000.0,254135000.0,373000.0,4016638000.0,5424650000.0,-6458000.0,1012069000.0,4016638000.0,1408012000.0,70098000.0,1012069000.0,395943000.0,-76556000.0,319387000.0,5424650000.0,72600000.0,72575000.0,73087000.0
Mohawk Industries Inc,MHK,,851968,2013.0,Q3TTM,2012-09-30,2013-09-28,,4.5,4.5,4.47,,75668000.0,320897000.0,322811000.0,-1914000.0,320524000.0,373000.0,5082966000.0,6860309000.0,-7824000.0,1285540000.0,5082966000.0,1777343000.0,85500000.0,1285540000.0,491803000.0,-93324000.0,398479000.0,6860309000.0,72600000.0,72575000.0,73087000.0
Mohawk Industries Inc,MHK,,851968,2013.0,Q3,2013-06-30,2013-09-28,2014-11-03 16:15:26+00:00,1.64,1.64,1.63,,28993000.0,119559000.0,120112000.0,-553000.0,119068000.0,491000.0,1444646000.0,1961536000.0,-1168000.0,340987000.0,1444646000.0,516890000.0,25630000.0,340987000.0,175903000.0,-26798000.0,149105000.0,1961536000.0,72600000.0,72575000.0,73087000.0
Mohawk Industries Inc,MHK,,851968,2013.0,Q2YTD,2013-01-01,2013-06-29,,1.9,1.9,1.88,,33972000.0,134949000.0,136310000.0,-1361000.0,135067000.0,-118000.0,2571992000.0,3463114000.0,-5290000.0,671082000.0,2571992000.0,891122000.0,44468000.0,671082000.0,220040000.0,-49758000.0,170282000.0,3463114000.0,72300000.0,72406000.0,72867000.0
Mohawk Industries Inc,MHK,,851968,2013.0,Q2TTM,2012-07-01,2013-06-29,,3.88,3.88,3.85,,62034000.0,271642000.0,273003000.0,-1361000.0,271760000.0,-118000.0,4738976000.0,6372266000.0,-6978000.0,1213436000.0,4738976000.0,1633290000.0,77839000.0,1213436000.0,419854000.0,-84817000.0,335037000.0,6372266000.0,72300000.0,72406000.0,72867000.0
Mohawk Industries Inc,MHK,,851968,2013.0,Q2,2013-03-31,2013-06-29,2014-08-04 16:12:49+00:00,1.17,1.17,1.16,,23240000.0,84382000.0,85743000.0,-1361000.0,84572000.0,-190000.0,1462243000.0,1976299000.0,1097000.0,380858000.0,1462243000.0,514056000.0,25312000.0,380858000.0,133198000.0,-24215000.0,108983000.0,1976299000.0,72300000.0,72406000.0,72867000.0
Mohawk Industries Inc,MHK,,851968,2013.0,Q1TTM,2012-04-01,2013-03-30,,3.77,3.77,3.75,,54040000.0,260448000.0,260448000.0,,260376000.0,72000.0,4358062000.0,5865760000.0,-8515000.0,1113324000.0,4358062000.0,1507698000.0,71371000.0,1113324000.0,394374000.0,-79886000.0,314488000.0,5865760000.0,69200000.0,69375000.0,69897000.0
Mohawk Industries Inc,MHK,,851968,2013.0,Q1,2013-01-01,2013-03-30,2014-05-05 16:13:01+00:00,0.73,0.73,0.72,,10732000.0,50567000.0,50567000.0,,50495000.0,72000.0,1109749000.0,1486815000.0,-6387000.0,290224000.0,1109749000.0,377066000.0,19156000.0,290224000.0,86842000.0,-25543000.0,61299000.0,1486815000.0,69200000.0,69375000.0,69897000.0
Mohawk Industries Inc,MHK,,851968,2014.0,FY,2014-01-01,2014-12-31,2017-02-27 16:20:57+00:00,7.3,7.3,7.25,,131637000.0,532254000.0,532254000.0,,531965000.0,-289000.0,5649254000.0,7803446000.0,-10698000.0,1381396000.0,5649254000.0,2154192000.0,98207000.0,1381396000.0,772796000.0,-108905000.0,663891000.0,7803446000.0,72900000.0,72837000.0,73363000.0
Mohawk Industries Inc,MHK,,851968,2014.0,Q4,2014-09-28,2014-12-31,,2.01,2.01,2.0,,28680000.0,147080000.0,147080000.0,,146868000.0,-366000.0,1409843000.0,1951446000.0,-9737000.0,335483000.0,1409843000.0,541603000.0,20623000.0,335483000.0,206120000.0,-30360000.0,175760000.0,1951446000.0,72900000.0,72837000.0,73363000.0
Mohawk Industries Inc,MHK,,851968,2014.0,Q3,2014-06-29,2014-09-27,2015-11-09 16:22:54+00:00,2.08,2.08,2.06,,30021000.0,151260000.0,151260000.0,,151266000.0,-6000.0,1434236000.0,1990658000.0,2374000.0,342729000.0,1434236000.0,556422000.0,34786000.0,342729000.0,213693000.0,-32412000.0,181281000.0,1990658000.0,72700000.0,72864000.0,73376000.0
Mohawk Industries Inc,MHK,,851968,2014.0,Q3YTD,2014-01-01,2014-09-27,,5.29,5.29,5.25,,102957000.0,385174000.0,385174000.0,,385097000.0,77000.0,4239411000.0,5852000000.0,-961000.0,1045913000.0,4239411000.0,1612589000.0,77584000.0,1045913000.0,566676000.0,-78545000.0,488131000.0,5852000000.0,72700000.0,72864000.0,73376000.0
Mohawk Industries Inc,MHK,,851968,2014.0,Q3TTM,2013-09-29,2014-09-27,,6.61,6.61,6.56,,118377000.0,479957000.0,495938000.0,-15981000.0,479748000.0,209000.0,5650718000.0,7776104000.0,-3617000.0,1407722000.0,5650718000.0,2125386000.0,99732000.0,1407722000.0,717664000.0,-103349000.0,614315000.0,7776104000.0,72700000.0,72864000.0,73376000.0
Mohawk Industries Inc,MHK,,851968,2014.0,Q2,2014-03-30,2014-06-28,2015-08-07 16:04:40+00:00,2.1,2.1,2.08,,50240000.0,152861000.0,152861000.0,,152750000.0,111000.0,1473435000.0,2048247000.0,1555000.0,352564000.0,1473435000.0,574812000.0,20702000.0,352564000.0,222248000.0,-19147000.0,203101000.0,2048247000.0,72700000.0,72832000.0,73297000.0
Mohawk Industries Inc,MHK,,851968,2014.0,Q2YTD,2014-01-01,2014-06-28,,3.21,3.21,3.19,,72936000.0,233914000.0,233914000.0,,233831000.0,83000.0,2805175000.0,3861342000.0,-3335000.0,703184000.0,2805175000.0,1056167000.0,42798000.0,703184000.0,352983000.0,-46133000.0,306850000.0,3861342000.0,72700000.0,72832000.0,73297000.0
Mohawk Industries Inc,MHK,,851968,2014.0,Q2TTM,2013-06-30,2014-06-28,,6.17,6.17,6.13,,117349000.0,448256000.0,464790000.0,-16534000.0,447550000.0,706000.0,5661128000.0,7746982000.0,-7159000.0,1405980000.0,5661128000.0,2085854000.0,90576000.0,1405980000.0,679874000.0,-97735000.0,582139000.0,7746982000.0,72700000.0,72832000.0,73297000.0
Mohawk Industries Inc,MHK,,851968,2014.0,Q1,2014-01-01,2014-03-29,2015-05-08 16:32:36+00:00,1.11,1.11,1.11,,22696000.0,81053000.0,81053000.0,,81081000.0,-28000.0,1331740000.0,1813095000.0,-4890000.0,350620000.0,1331740000.0,481355000.0,22096000.0,350620000.0,130735000.0,-26986000.0,103749000.0,1813095000.0,73000000.0,72742000.0,73282000.0
Mohawk Industries Inc,MHK,,851968,2014.0,Q1TTM,2013-03-31,2014-03-29,,5.24,5.24,5.21,,90349000.0,379777000.0,397672000.0,-17895000.0,379372000.0,405000.0,5649936000.0,7675034000.0,-7617000.0,1434274000.0,5649936000.0,2025098000.0,95186000.0,1434274000.0,590824000.0,-102803000.0,488021000.0,7675034000.0,73000000.0,72742000.0,73282000.0
Mohawk Industries Inc,MHK,,851968,2015.0,FY,2015-01-01,2015-12-31,2018-02-28 16:19:31+00:00,8.37,8.37,8.31,,131875000.0,616986000.0,616986000.0,,615302000.0,1684000.0,5660877000.0,8071563000.0,-17619000.0,1573120000.0,5660877000.0,2410686000.0,71086000.0,1573120000.0,837566000.0,-88705000.0,748861000.0,8071563000.0,73500000.0,73516000.0,74043000.0
Mohawk Industries Inc,MHK,,851968,2015.0,Q4,2015-10-04,2015-12-31,,2.61,2.61,2.59,,27232000.0,192005000.0,192005000.0,,191559000.0,446000.0,1375787000.0,1997997000.0,-11525000.0,372968000.0,1375787000.0,622210000.0,18480000.0,372968000.0,249242000.0,-30005000.0,219237000.0,1997997000.0,73500000.0,73516000.0,74043000.0
Mohawk Industries Inc,MHK,,851968,2015.0,Q3,2015-07-05,2015-10-03,2016-11-10 16:16:33+00:00,2.91,2.91,2.89,,49463000.0,215703000.0,215703000.0,,214905000.0,798000.0,1489252000.0,2150656000.0,-4249000.0,372670000.0,1489252000.0,661404000.0,19319000.0,372670000.0,288734000.0,-23568000.0,265166000.0,2150656000.0,73900000.0,73915000.0,74438000.0
Mohawk Industries Inc,MHK,,851968,2015.0,Q3YTD,2015-01-01,2015-10-03,,5.76,5.76,5.72,,104643000.0,424981000.0,424981000.0,,423743000.0,1238000.0,4285090000.0,6073566000.0,-6094000.0,1200152000.0,4285090000.0,1788476000.0,52606000.0,1200152000.0,588324000.0,-58700000.0,529624000.0,6073566000.0,73900000.0,73915000.0,74438000.0
Mohawk Industries Inc,MHK,,851968,2015.0,Q3TTM,2014-09-28,2015-10-03,,7.77,7.77,7.72,,133323000.0,572061000.0,572061000.0,,570611000.0,872000.0,5694933000.0,8025012000.0,-15831000.0,1535635000.0,5694933000.0,2330079000.0,73229000.0,1535635000.0,794444000.0,-89060000.0,705384000.0,8025012000.0,73900000.0,73915000.0,74438000.0
Mohawk Industries Inc,MHK,,851968,2015.0,Q2,2015-04-05,2015-07-04,2016-08-05 16:16:50+00:00,2.54,2.54,2.53,,49276000.0,186774000.0,186774000.0,,186492000.0,282000.0,1426604000.0,2041733000.0,-2928000.0,359313000.0,1426604000.0,615129000.0,16838000.0,359313000.0,255816000.0,-19766000.0,236050000.0,2041733000.0,73400000.0,73264000.0,73756000.0
Mohawk Industries Inc,MHK,,851968,2015.0,Q2YTD,2015-01-01,2015-07-04,,2.85,2.85,2.83,,55180000.0,209278000.0,209278000.0,,208838000.0,440000.0,2795838000.0,3922910000.0,-1845000.0,827482000.0,2795838000.0,1127072000.0,33287000.0,827482000.0,299590000.0,-35132000.0,264458000.0,3922910000.0,73400000.0,73264000.0,73756000.0
Mohawk Industries Inc,MHK,,851968,2015.0,Q2TTM,2014-06-29,2015-07-04,,6.94,6.94,6.89,,113881000.0,507618000.0,507618000.0,,506972000.0,68000.0,5639917000.0,7865014000.0,-9208000.0,1505694000.0,5639917000.0,2225097000.0,88696000.0,1505694000.0,719403000.0,-97904000.0,621499000.0,7865014000.0,73400000.0,73264000.0,73756000.0
Mohawk Industries Inc,MHK,,851968,2015.0,Q1,2015-01-01,2015-04-04,2016-05-06 16:16:51+00:00,0.31,0.31,0.3,,5904000.0,22504000.0,22504000.0,,22346000.0,158000.0,1369234000.0,1881177000.0,1083000.0,468169000.0,1369234000.0,511943000.0,16449000.0,468169000.0,43774000.0,-15366000.0,28408000.0,1881177000.0,72100000.0,72988000.0,73530000.0
Mohawk Industries Inc,MHK,,851968,2015.0,Q1TTM,2014-03-30,2015-04-04,,6.5,6.5,6.44,,114845000.0,473705000.0,473705000.0,,473230000.0,-103000.0,5686748000.0,7871528000.0,-4725000.0,1498945000.0,5686748000.0,2184780000.0,92560000.0,1498945000.0,685835000.0,-97285000.0,588550000.0,7871528000.0,72100000.0,72988000.0,73530000.0
Mohawk Industries Inc,MHK,,851968,2016.0,FY,2016-01-01,2016-12-31,2019-02-28 16:45:15+00:00,12.55,12.55,12.48,,307559000.0,933566000.0,933566000.0,,930362000.0,3204000.0,6146262000.0,8959087000.0,1729000.0,1532882000.0,6146262000.0,2812825000.0,40547000.0,1532882000.0,1279943000.0,-38818000.0,1241125000.0,8959087000.0,74100000.0,74104000.0,74568000.0
Mohawk Industries Inc,MHK,,851968,2016.0,Q4,2016-10-02,2016-12-31,,3.15,3.15,3.14,,65469000.0,234508000.0,234508000.0,,233748000.0,760000.0,1491567000.0,2182566000.0,3190000.0,385727000.0,1491567000.0,690999000.0,8485000.0,385727000.0,305272000.0,-5295000.0,299977000.0,2182566000.0,74100000.0,74104000.0,74568000.0
Mohawk Industries Inc,MHK,,851968,2016.0,Q3,2016-07-03,2016-10-01,2017-11-03 16:16:27+00:00,3.64,3.64,3.62,,94231000.0,270827000.0,270827000.0,,269878000.0,949000.0,1567580000.0,2294139000.0,-3839000.0,348252000.0,1567580000.0,726559000.0,9410000.0,348252000.0,378307000.0,-13249000.0,365058000.0,2294139000.0,74100000.0,74154000.0,74613000.0
Mohawk Industries Inc,MHK,,851968,2016.0,Q3YTD,2016-01-01,2016-10-01,,9.4,9.4,9.34,,242090000.0,699058000.0,699058000.0,,696614000.0,2444000.0,4654695000.0,6776521000.0,-1461000.0,1147155000.0,4654695000.0,2121826000.0,32062000.0,1147155000.0,974671000.0,-33523000.0,941148000.0,6776521000.0,74100000.0,74154000.0,74613000.0
Mohawk Industries Inc,MHK,,851968,2016.0,Q3TTM,2015-10-04,2016-10-01,,12.01,12.01,11.93,,269322000.0,891063000.0,891063000.0,,888173000.0,2890000.0,6030482000.0,8774518000.0,-12986000.0,1520123000.0,6030482000.0,2744036000.0,50542000.0,1520123000.0,1223913000.0,-63528000.0,1160385000.0,8774518000.0,74100000.0,74154000.0,74613000.0
Mohawk Industries Inc,MHK,,851968,2016.0,Q2,2016-04-03,2016-07-02,2017-08-04 16:18:01+00:00,3.44,3.44,3.42,,90034000.0,256114000.0,256114000.0,,255188000.0,926000.0,1554748000.0,2310336000.0,5807000.0,404896000.0,1554748000.0,755588000.0,10351000.0,404896000.0,350692000.0,-4544000.0,346148000.0,2310336000.0,74200000.0,74123000.0,74574000.0
Mohawk Industries Inc,MHK,,851968,2016.0,Q2YTD,2016-01-01,2016-07-02,,5.76,5.76,5.72,,147859000.0,428231000.0,428231000.0,,426736000.0,1495000.0,3087115000.0,4482382000.0,2378000.0,798903000.0,3087115000.0,1395267000.0,22652000.0,798903000.0,596364000.0,-20274000.0,576090000.0,4482382000.0,74200000.0,74123000.0,74574000.0
Mohawk Industries Inc,MHK,,851968,2016.0,Q2TTM,2015-07-05,2016-07-02,,11.28,11.28,11.2,,224554000.0,835939000.0,835939000.0,,833200000.0,2739000.0,5952154000.0,8631035000.0,-13396000.0,1544541000.0,5952154000.0,2678881000.0,60451000.0,1544541000.0,1134340000.0,-73847000.0,1060493000.0,8631035000.0,74200000.0,74123000.0,74574000.0
Mohawk Industries Inc,MHK,,851968,2016.0,Q1,2016-01-01,2016-04-02,2017-05-05 16:28:59+00:00,2.32,2.32,2.3,,57825000.0,172117000.0,172117000.0,,171548000.0,569000.0,1532367000.0,2172046000.0,-3429000.0,394007000.0,1532367000.0,639679000.0,12301000.0,394007000.0,245672000.0,-15730000.0,229942000.0,2172046000.0,73900000.0,73976000.0,74490000.0
Mohawk Industries Inc,MHK,,851968,2016.0,Q1TTM,2015-04-05,2016-04-02,,10.38,10.38,10.31,,183796000.0,766599000.0,766599000.0,,764504000.0,2095000.0,5824010000.0,8362432000.0,-22131000.0,1498958000.0,5824010000.0,2538422000.0,66938000.0,1498958000.0,1039464000.0,-89069000.0,950395000.0,8362432000.0,73900000.0,73976000.0,74490000.0
Mohawk Industries Inc,MHK,,851968,2017.0,FY,2017-01-01,2017-12-31,2020-02-28 16:47:26+00:00,13.07,13.07,12.98,,343165000.0,974692000.0,974692000.0,,971638000.0,3054000.0,6494876000.0,9491290000.0,-5205000.0,1642241000.0,6494876000.0,2996414000.0,31111000.0,1642241000.0,1354173000.0,-36316000.0,1317857000.0,9491290000.0,74300000.0,74357000.0,74839000.0
Mohawk Industries Inc,MHK,,851968,2017.0,Q4,2017-10-01,2017-12-31,,3.23,3.23,3.21,,91593000.0,240866000.0,240866000.0,,240378000.0,488000.0,1615473000.0,2369097000.0,-3750000.0,410158000.0,1615473000.0,753624000.0,7257000.0,410158000.0,343466000.0,-11007000.0,332459000.0,2369097000.0,74300000.0,74357000.0,74839000.0
Mohawk Industries Inc,MHK,,851968,2017.0,Q3,2017-07-02,2017-09-30,2018-11-02 16:19:46+00:00,3.63,3.63,3.61,,100532000.0,271022000.0,271022000.0,,270025000.0,997000.0,1665209000.0,2448510000.0,-1285000.0,403203000.0,1665209000.0,783301000.0,7259000.0,403203000.0,380098000.0,-8544000.0,371554000.0,2448510000.0,74400000.0,74338000.0,74841000.0
Mohawk Industries Inc,MHK,,851968,2017.0,Q3YTD,2017-01-01,2017-09-30,,9.84,9.84,9.77,,251572000.0,733826000.0,733826000.0,,731260000.0,2566000.0,4879403000.0,7122193000.0,-1455000.0,1232083000.0,4879403000.0,2242790000.0,23854000.0,1232083000.0,1010707000.0,-25309000.0,985398000.0,7122193000.0,74400000.0,74338000.0,74841000.0
Mohawk Industries Inc,MHK,,851968,2017.0,Q3TTM,2016-10-02,2017-09-30,,12.99,12.99,12.91,,317041000.0,968334000.0,968334000.0,,965008000.0,3326000.0,6370970000.0,9304759000.0,1735000.0,1617810000.0,6370970000.0,2933789000.0,32339000.0,1617810000.0,1315979000.0,-30604000.0,1285375000.0,9304759000.0,74400000.0,74338000.0,74841000.0
Mohawk Industries Inc,MHK,,851968,2017.0,Q2,2017-04-02,2017-07-01,2018-08-03 16:21:49+00:00,3.51,3.51,3.48,,82682000.0,261748000.0,261748000.0,,260681000.0,1067000.0,1673902000.0,2453038000.0,-3002000.0,423311000.0,1673902000.0,779136000.0,8393000.0,423311000.0,355825000.0,-11395000.0,344430000.0,2453038000.0,74300000.0,74327000.0,74801000.0
Mohawk Industries Inc,MHK,,851968,2017.0,Q2YTD,2017-01-01,2017-07-01,,6.21,6.21,6.16,,151040000.0,462804000.0,462804000.0,,461235000.0,1569000.0,3214194000.0,4673683000.0,-170000.0,828880000.0,3214194000.0,1459489000.0,16595000.0,828880000.0,630609000.0,-16765000.0,613844000.0,4673683000.0,74300000.0,74327000.0,74801000.0
Mohawk Industries Inc,MHK,,851968,2017.0,Q2TTM,2016-07-03,2017-07-01,,13.0,13.0,12.92,,310740000.0,968139000.0,968139000.0,,964861000.0,3278000.0,6273341000.0,9150388000.0,-819000.0,1562859000.0,6273341000.0,2877047000.0,34490000.0,1562859000.0,1314188000.0,-35309000.0,1278879000.0,9150388000.0,74300000.0,74327000.0,74801000.0
Mohawk Industries Inc,MHK,,851968,2017.0,Q1,2017-01-01,2017-04-01,2018-05-04 16:16:29+00:00,2.7,2.7,2.68,,68358000.0,201056000.0,201056000.0,,200554000.0,502000.0,1540292000.0,2220645000.0,2832000.0,405569000.0,1540292000.0,680353000.0,8202000.0,405569000.0,274784000.0,-5370000.0,269414000.0,2220645000.0,74300000.0,74212000.0,74754000.0
Mohawk Industries Inc,MHK,,851968,2017.0,Q1TTM,2016-04-03,2017-04-01,,12.93,12.93,12.86,,318092000.0,962505000.0,962505000.0,,959368000.0,3137000.0,6154187000.0,9007686000.0,7990000.0,1544444000.0,6154187000.0,2853499000.0,36448000.0,1544444000.0,1309055000.0,-28458000.0,1280597000.0,9007686000.0,74300000.0,74212000.0,74754000.0
Mohawk Industries Inc,MHK,,851968,2018.0,FY,2018-01-01,2018-12-31,2020-02-28 16:47:26+00:00,11.53,11.53,11.47,,184346000.0,864855000.0,864855000.0,,861704000.0,3151000.0,7145564000.0,9983634000.0,-7298000.0,1742744000.0,7145564000.0,2838070000.0,38827000.0,1742744000.0,1095326000.0,-46125000.0,1049201000.0,9983634000.0,74700000.0,74413000.0,74773000.0
Mohawk Industries Inc,MHK,,851968,2018.0,Q4,2018-09-30,2018-12-31,,3.06,3.06,3.05,,-31582000.0,230043000.0,230043000.0,,229339000.0,704000.0,1802228000.0,2448618000.0,-504000.0,433014000.0,1802228000.0,646390000.0,14411000.0,433014000.0,213376000.0,-14915000.0,198461000.0,2448618000.0,74700000.0,74413000.0,74773000.0
Mohawk Industries Inc,MHK,,851968,2018.0,Q3,2018-07-01,2018-09-29,2019-11-01 16:31:25+00:00,3.03,3.03,3.02,,49487000.0,228026000.0,228026000.0,,227013000.0,1013000.0,1825367000.0,2545800000.0,-706000.0,433189000.0,1825367000.0,720433000.0,9025000.0,433189000.0,287244000.0,-9731000.0,277513000.0,2545800000.0,74900000.0,74603000.0,74945000.0
Mohawk Industries Inc,MHK,,851968,2018.0,Q3YTD,2018-01-01,2018-09-29,,8.47,8.47,8.42,,215928000.0,634812000.0,634812000.0,,632365000.0,2447000.0,5343336000.0,7535016000.0,-6794000.0,1309730000.0,5343336000.0,2191680000.0,24416000.0,1309730000.0,881950000.0,-31210000.0,850740000.0,7535016000.0,74900000.0,74603000.0,74945000.0
Mohawk Industries Inc,MHK,,851968,2018.0,Q3TTM,2017-10-01,2018-09-29,,11.7,11.7,11.63,,307521000.0,875678000.0,875678000.0,,872743000.0,2935000.0,6958809000.0,9904113000.0,-10544000.0,1719888000.0,6958809000.0,2945304000.0,31673000.0,1719888000.0,1225416000.0,-42217000.0,1183199000.0,9904113000.0,74900000.0,74603000.0,74945000.0
Mohawk Industries Inc,MHK,,851968,2018.0,Q2,2018-04-01,2018-06-30,2019-08-02 16:23:48+00:00,2.64,2.64,2.62,,118809000.0,197545000.0,197545000.0,,196586000.0,959000.0,1810459000.0,2577014000.0,-2090000.0,440248000.0,1810459000.0,766555000.0,7863000.0,440248000.0,326307000.0,-9953000.0,316354000.0,2577014000.0,74500000.0,74597000.0,74937000.0
Mohawk Industries Inc,MHK,,851968,2018.0,Q2YTD,2018-01-01,2018-06-30,,5.44,5.44,5.4,,166441000.0,406786000.0,406786000.0,,405352000.0,1434000.0,3517969000.0,4989216000.0,-6088000.0,876541000.0,3517969000.0,1471247000.0,15391000.0,876541000.0,594706000.0,-21479000.0,573227000.0,4989216000.0,74500000.0,74597000.0,74937000.0
Mohawk Industries Inc,MHK,,851968,2018.0,Q2TTM,2017-07-02,2018-06-30,,12.3,12.3,12.22,,358566000.0,918674000.0,918674000.0,,915755000.0,2919000.0,6798651000.0,9806823000.0,-11123000.0,1689902000.0,6798651000.0,3008172000.0,29907000.0,1689902000.0,1318270000.0,-41030000.0,1277240000.0,9806823000.0,74500000.0,74597000.0,74937000.0
Mohawk Industries Inc,MHK,,851968,2018.0,Q1,2018-01-01,2018-03-31,2019-05-03 16:35:38+00:00,2.8,2.8,2.78,,47632000.0,209241000.0,209241000.0,,208766000.0,475000.0,1707510000.0,2412202000.0,-3998000.0,436293000.0,1707510000.0,704692000.0,7528000.0,436293000.0,268399000.0,-11526000.0,256873000.0,2412202000.0,74600000.0,74453000.0,74929000.0
Mohawk Industries Inc,MHK,,851968,2018.0,Q1TTM,2017-04-02,2018-03-31,,13.17,13.17,13.08,,322439000.0,982877000.0,982877000.0,,979850000.0,3027000.0,6662094000.0,9682847000.0,-12035000.0,1672965000.0,6662094000.0,3020753000.0,30437000.0,1672965000.0,1347788000.0,-42472000.0,1305316000.0,9682847000.0,74600000.0,74453000.0,74929000.0
Mohawk Industries Inc,MHK,,851968,2019.0,Q4,2019-09-29,2019-12-31,,3.7,3.7,3.69,,-111299000.0,264673000.0,264673000.0,,264667000.0,6000.0,1801705000.0,2424512000.0,9522000.0,467993000.0,1801705000.0,622807000.0,10962000.0,467993000.0,154814000.0,-1440000.0,153374000.0,2424512000.0,72000000.0,71986000.0,72264000.0
Mohawk Industries Inc,MHK,,851968,2019.0,FY,2019-01-01,2019-12-31,2020-02-28 16:47:26+00:00,10.34,10.34,10.3,,4974000.0,744571000.0,744571000.0,,744211000.0,360000.0,7294629000.0,9970672000.0,-36407000.0,1848819000.0,7294629000.0,2676043000.0,41272000.0,1848819000.0,827224000.0,-77679000.0,749545000.0,9970672000.0,72000000.0,71986000.0,72264000.0
Mohawk Industries Inc,MHK,,851968,2019.0,Q3YTD,2019-01-01,2019-09-28,,6.64,6.64,6.61,,116273000.0,479898000.0,479898000.0,,479544000.0,354000.0,5492924000.0,7546160000.0,-45929000.0,1380826000.0,5492924000.0,2053236000.0,30310000.0,1380826000.0,672410000.0,-76239000.0,596171000.0,7546160000.0,72000000.0,72106000.0,72392000.0
Mohawk Industries Inc,MHK,,851968,2019.0,Q3TTM,2018-09-30,2019-09-28,,9.7,9.7,9.66,,84691000.0,709941000.0,709941000.0,,708883000.0,1058000.0,7295152000.0,9994778000.0,-46433000.0,1813840000.0,7295152000.0,2699626000.0,44721000.0,1813840000.0,885786000.0,-91154000.0,794632000.0,9994778000.0,72000000.0,72106000.0,72392000.0
Mohawk Industries Inc,MHK,,851968,2019.0,Q3,2019-06-30,2019-09-28,2019-11-01 16:31:25+00:00,2.16,2.16,2.15,,22522000.0,155669000.0,155669000.0,,155518000.0,151000.0,1827494000.0,2519185000.0,-52713000.0,451471000.0,1827494000.0,691691000.0,9316000.0,451471000.0,240220000.0,-62029000.0,178191000.0,2519185000.0,72000000.0,72106000.0,72392000.0
Mohawk Industries Inc,MHK,,851968,2019.0,Q2YTD,2019-01-01,2019-06-29,,4.48,4.48,4.46,,93751000.0,324229000.0,324229000.0,,324026000.0,203000.0,3665430000.0,5026975000.0,6784000.0,929355000.0,3665430000.0,1361545000.0,20994000.0,929355000.0,432190000.0,-14210000.0,417980000.0,5026975000.0,72300000.0,72402000.0,72680000.0
Mohawk Industries Inc,MHK,,851968,2019.0,Q2TTM,2018-07-01,2019-06-29,,10.57,10.57,10.53,,111656000.0,782298000.0,782298000.0,,780378000.0,1920000.0,7293025000.0,10021393000.0,5574000.0,1795558000.0,7293025000.0,2728368000.0,44430000.0,1795558000.0,932810000.0,-38856000.0,893954000.0,10021393000.0,72300000.0,72402000.0,72680000.0
Mohawk Industries Inc,MHK,,851968,2019.0,Q2,2019-03-31,2019-06-29,2019-08-02 16:23:48+00:00,2.8,2.8,2.79,,56733000.0,202654000.0,202654000.0,,202441000.0,213000.0,1847867000.0,2584485000.0,3048000.0,469758000.0,1847867000.0,736618000.0,10521000.0,469758000.0,266860000.0,-7473000.0,259387000.0,2584485000.0,72300000.0,72402000.0,72680000.0
Mohawk Industries Inc,MHK,,851968,2019.0,Q1,2019-01-01,2019-03-30,2020-05-05 16:44:35+00:00,1.68,1.68,1.67,,37018000.0,121575000.0,121575000.0,,121585000.0,-10000.0,1817563000.0,2442490000.0,3736000.0,459597000.0,1817563000.0,624927000.0,10473000.0,459597000.0,165330000.0,-6737000.0,158593000.0,2442490000.0,72400000.0,72342000.0,72646000.0
Mohawk Industries Inc,MHK,,851968,2019.0,Q1TTM,2018-04-01,2019-03-30,,10.41,10.41,10.36,,173732000.0,777189000.0,777189000.0,,774523000.0,2666000.0,7255617000.0,10013922000.0,436000.0,1766048000.0,7255617000.0,2758305000.0,41772000.0,1766048000.0,992257000.0,-41336000.0,950921000.0,10013922000.0,72400000.0,72342000.0,72646000.0
Mohawk Industries Inc,MHK,,851968,2020.0,Q1TTM,2019-03-31,2020-03-28,,10.2,10.2,10.17,,-5376000.0,733461000.0,733461000.0,,733140000.0,321000.0,7146389000.0,9813945000.0,-45822000.0,1854179000.0,7146389000.0,2667556000.0,39470000.0,1854179000.0,813377000.0,-85292000.0,728085000.0,9813945000.0,71800000.0,71547000.0,71777000.0
Mohawk Industries Inc,MHK,,851968,2020.0,Q1,2020-01-01,2020-03-28,2020-05-05 16:44:35+00:00,1.54,1.54,1.54,,26668000.0,110465000.0,110465000.0,,110514000.0,-49000.0,1669323000.0,2285763000.0,-5679000.0,464957000.0,1669323000.0,616440000.0,8671000.0,464957000.0,151483000.0,-14350000.0,137133000.0,2285763000.0,71800000.0,71547000.0,71777000.0
