company_name,company_ticker,company_lei,company_cik,year,quarter,start_date,end_date,filing_date,basicdilutedeps,basiceps,depreciationexpense,dilutedeps,impairmentexpense,incometaxexpense,netincome,netincomecontinuing,netincometocommon,netincometononcontrollinginterest,operatingcostofrevenue,operatingrevenue,othercostofrevenue,otherincome,sgaexpense,totalcostofrevenue,totalgrossprofit,totalinterestexpense,totalinterestincome,totaloperatingexpenses,totaloperatingincome,totalotherincome,totalpretaxincome,totalrevenue,weightedavebasicdilutedsharesos,weightedavebasicsharesos,weightedavedilutedsharesos
Norwegian Cruise Line Holdings Ltd,NCLH,UNZWILHE4KMRP9K2L524,1513761,2011.0,FY,2011-01-01,2011-12-31,2014-02-21 16:39:56+00:00,0.71,0.71,183985000.0,0.71,,1700000.0,126859000.0,126859000.0,126859000.0,0.0,1239296000.0,2219324000.0,228580000.0,2634000.0,251351000.0,1467876000.0,751448000.0,190187000.0,,435336000.0,316112000.0,-187553000.0,128559000.0,2219324000.0,178700000.0,177869461.0,178859720.0
Norwegian Cruise Line Holdings Ltd,NCLH,UNZWILHE4KMRP9K2L524,1513761,2012.0,Q4,2012-10-01,2012-12-31,,0.01,0.01,48637000.0,0.01,,237000.0,1053000.0,1053000.0,1053000.0,,305911000.0,503171000.0,38683000.0,-556000.0,60435000.0,344594000.0,158577000.0,47659000.0,,109072000.0,49505000.0,-48215000.0,1290000.0,503171000.0,177400000.0,178232850.0,179023683.0
Norwegian Cruise Line Holdings Ltd,NCLH,UNZWILHE4KMRP9K2L524,1513761,2012.0,FY,2012-01-01,2012-12-31,2015-02-27 17:21:08+00:00,0.95,0.95,189537000.0,0.94,,706000.0,168556000.0,168556000.0,168556000.0,,1286991000.0,2276246000.0,191442000.0,2099000.0,251183000.0,1478433000.0,797813000.0,189930000.0,,440720000.0,357093000.0,-187831000.0,169262000.0,2276246000.0,177400000.0,178232850.0,179023683.0
Norwegian Cruise Line Holdings Ltd,NCLH,UNZWILHE4KMRP9K2L524,1513761,2012.0,Q3,2012-07-01,2012-09-30,2013-10-31 06:23:07+00:00,0.72,0.72,48423000.0,0.72,,398000.0,128188000.0,128188000.0,128188000.0,0.0,350987000.0,674411000.0,43084000.0,1644000.0,57779000.0,394071000.0,280340000.0,47196000.0,,106202000.0,174138000.0,-45552000.0,128586000.0,674411000.0,178000000.0,178252763.0,179050050.0
Norwegian Cruise Line Holdings Ltd,NCLH,UNZWILHE4KMRP9K2L524,1513761,2012.0,Q3YTD,2012-01-01,2012-09-30,,0.94,0.94,140900000.0,0.94,,469000.0,167503000.0,167503000.0,167503000.0,,981080000.0,1773075000.0,152759000.0,2655000.0,190748000.0,1133839000.0,639236000.0,142271000.0,,331648000.0,307588000.0,-139616000.0,167972000.0,1773075000.0,178000000.0,178252763.0,179050050.0
Norwegian Cruise Line Holdings Ltd,NCLH,UNZWILHE4KMRP9K2L524,1513761,2012.0,Q2,2012-04-01,2012-06-30,2013-07-30 17:08:15+00:00,0.2,0.2,46680000.0,0.2,,71000.0,36031000.0,36031000.0,36031000.0,0.0,330023000.0,583234000.0,57718000.0,-1999000.0,61807000.0,387741000.0,195493000.0,48905000.0,,108487000.0,87006000.0,-50904000.0,36102000.0,583234000.0,180200000.0,178199155.0,178949924.0
Norwegian Cruise Line Holdings Ltd,NCLH,UNZWILHE4KMRP9K2L524,1513761,2012.0,Q2YTD,2012-01-01,2012-06-30,,0.22,0.22,92477000.0,0.22,,71000.0,39315000.0,39315000.0,39315000.0,,630093000.0,1098664000.0,109675000.0,1011000.0,132969000.0,739768000.0,358896000.0,95075000.0,,225446000.0,133450000.0,-94064000.0,39386000.0,1098664000.0,180200000.0,178199155.0,178949924.0
Norwegian Cruise Line Holdings Ltd,NCLH,UNZWILHE4KMRP9K2L524,1513761,2012.0,Q1,2012-01-01,2012-03-31,2013-05-08 17:17:08+00:00,0.02,0.02,45797000.0,0.02,,,3284000.0,3284000.0,3284000.0,0.0,300070000.0,515430000.0,51957000.0,3010000.0,71162000.0,352027000.0,163403000.0,46170000.0,,116959000.0,46444000.0,-43160000.0,3284000.0,515430000.0,164200000.0,178140455.0,178954960.0
Norwegian Cruise Line Holdings Ltd,NCLH,UNZWILHE4KMRP9K2L524,1513761,2013.0,Q4,2013-10-01,2013-12-31,,-0.31,0.19,56894000.0,0.2,,626000.0,36407000.0,36407000.0,36092000.0,315000.0,357025000.0,600345000.0,60764000.0,236000.0,64232000.0,417789000.0,182556000.0,24633000.0,,121126000.0,61430000.0,-24397000.0,37033000.0,600345000.0,,202993839.0,209239484.0
Norwegian Cruise Line Holdings Ltd,NCLH,UNZWILHE4KMRP9K2L524,1513761,2013.0,Q3YTD,2013-01-01,2013-09-30,,0.31,0.31,158699000.0,0.29,,11176000.0,66479000.0,66479000.0,65622000.0,857000.0,1074971000.0,1969949000.0,164899000.0,1167000.0,236923000.0,1239870000.0,730079000.0,257969000.0,,395622000.0,334457000.0,-256802000.0,77655000.0,1969949000.0,203400000.0,204425308.0,210703244.0
Norwegian Cruise Line Holdings Ltd,NCLH,UNZWILHE4KMRP9K2L524,1513761,2013.0,Q3TTM,2012-10-01,2013-09-30,,0.32,0.32,207336000.0,0.29,,11413000.0,67532000.0,67532000.0,66675000.0,857000.0,1380882000.0,2473120000.0,203582000.0,611000.0,297358000.0,1584464000.0,888656000.0,305628000.0,,504694000.0,383962000.0,-305017000.0,78945000.0,2473120000.0,203400000.0,204425308.0,210703244.0
Norwegian Cruise Line Holdings Ltd,NCLH,UNZWILHE4KMRP9K2L524,1513761,2013.0,Q3,2013-07-01,2013-09-30,2014-10-31 10:20:35+00:00,0.84,0.84,56097000.0,0.82,,7933000.0,172894000.0,172894000.0,170858000.0,2036000.0,407156000.0,797885000.0,48946000.0,-626000.0,77606000.0,456102000.0,341783000.0,26627000.0,,133703000.0,208080000.0,-27253000.0,180827000.0,797885000.0,203400000.0,204425308.0,210703244.0
Norwegian Cruise Line Holdings Ltd,NCLH,UNZWILHE4KMRP9K2L524,1513761,2013.0,Q2YTD,2013-01-01,2013-06-30,,-0.53,-0.53,102602000.0,-0.53,,3243000.0,-106415000.0,-106415000.0,-105236000.0,-1179000.0,667815000.0,1172064000.0,115953000.0,1793000.0,159317000.0,783768000.0,388296000.0,231342000.0,,261919000.0,126377000.0,-229549000.0,-103172000.0,1172064000.0,221000000.0,203997492.0,203997492.0
Norwegian Cruise Line Holdings Ltd,NCLH,UNZWILHE4KMRP9K2L524,1513761,2013.0,Q2TTM,2012-07-01,2013-06-30,,0.2,0.2,199662000.0,0.19,,3878000.0,22826000.0,22826000.0,24005000.0,-1179000.0,1324713000.0,2349646000.0,197720000.0,2881000.0,277531000.0,1522433000.0,827213000.0,326197000.0,,477193000.0,350020000.0,-323316000.0,26704000.0,2349646000.0,221000000.0,203997492.0,203997492.0
Norwegian Cruise Line Holdings Ltd,NCLH,UNZWILHE4KMRP9K2L524,1513761,2013.0,Q2,2013-04-01,2013-06-30,2014-07-31 16:00:57+00:00,-0.04,-0.04,53854000.0,-0.04,,1047000.0,-8915000.0,-8915000.0,-8841000.0,-74000.0,354366000.0,644433000.0,66713000.0,429000.0,74111000.0,421079000.0,223354000.0,103686000.0,,127965000.0,95389000.0,-103257000.0,-7868000.0,644433000.0,221000000.0,203997492.0,203997492.0
Norwegian Cruise Line Holdings Ltd,NCLH,UNZWILHE4KMRP9K2L524,1513761,2013.0,Q1,2013-01-01,2013-03-31,2014-05-01 14:24:27+00:00,-0.49,-0.49,48748000.0,-0.49,,2196000.0,-97500000.0,-97500000.0,-96395000.0,-1105000.0,313449000.0,527631000.0,49240000.0,1364000.0,85206000.0,362689000.0,164942000.0,127656000.0,,133954000.0,30988000.0,-126292000.0,-95304000.0,527631000.0,196700000.0,198350433.0,198350433.0
Norwegian Cruise Line Holdings Ltd,NCLH,UNZWILHE4KMRP9K2L524,1513761,2013.0,Q1TTM,2012-04-01,2013-03-31,,0.44,0.44,192488000.0,0.43,,2902000.0,67772000.0,67772000.0,68877000.0,-1105000.0,1300370000.0,2288447000.0,188725000.0,453000.0,265227000.0,1489095000.0,799352000.0,271416000.0,,457715000.0,341637000.0,-270963000.0,70674000.0,2288447000.0,196700000.0,198350433.0,198350433.0
Norwegian Cruise Line Holdings Ltd,NCLH,UNZWILHE4KMRP9K2L524,1513761,2014.0,FY,2014-01-01,2014-12-31,2017-02-27 16:05:32+00:00,1.64,1.64,273147000.0,1.62,,-2267000.0,342601000.0,342601000.0,338352000.0,4249000.0,1674840000.0,3125881000.0,271784000.0,-10853000.0,403169000.0,1946624000.0,1179257000.0,151754000.0,,676316000.0,502941000.0,-162607000.0,340334000.0,3125881000.0,206300000.0,206524968.0,212017784.0
Norwegian Cruise Line Holdings Ltd,NCLH,UNZWILHE4KMRP9K2L524,1513761,2014.0,Q4,2014-10-01,2014-12-31,,-0.14,-0.14,84262000.0,-0.13,,1494000.0,-25648000.0,-25648000.0,-25609000.0,-39000.0,443969000.0,788909000.0,74651000.0,-14158000.0,139585000.0,518620000.0,270289000.0,56438000.0,,223847000.0,46442000.0,-70596000.0,-24154000.0,788909000.0,206300000.0,206524968.0,212017784.0
Norwegian Cruise Line Holdings Ltd,NCLH,UNZWILHE4KMRP9K2L524,1513761,2014.0,Q3,2014-07-01,2014-09-30,2015-11-04 17:03:15+00:00,0.99,0.99,63786000.0,0.97,,2502000.0,203278000.0,203278000.0,201078000.0,2200000.0,453251000.0,907017000.0,58047000.0,3242000.0,97111000.0,511298000.0,395719000.0,32284000.0,,160897000.0,234822000.0,-29042000.0,205780000.0,907017000.0,203100000.0,203220218.0,208507181.0
Norwegian Cruise Line Holdings Ltd,NCLH,UNZWILHE4KMRP9K2L524,1513761,2014.0,Q3YTD,2014-01-01,2014-09-30,,1.78,1.78,188885000.0,1.75,,-3761000.0,368249000.0,368249000.0,363961000.0,4288000.0,1230871000.0,2336972000.0,197133000.0,3305000.0,263584000.0,1428004000.0,908968000.0,95316000.0,,452469000.0,456499000.0,-92011000.0,364488000.0,2336972000.0,203100000.0,203220218.0,208507181.0
Norwegian Cruise Line Holdings Ltd,NCLH,UNZWILHE4KMRP9K2L524,1513761,2014.0,Q3TTM,2013-10-01,2014-09-30,,1.47,1.97,245779000.0,1.95,,-3135000.0,404656000.0,404656000.0,400053000.0,4603000.0,1587896000.0,2937317000.0,257897000.0,3541000.0,327816000.0,1845793000.0,1091524000.0,119949000.0,,573595000.0,517929000.0,-116408000.0,401521000.0,2937317000.0,203100000.0,203220218.0,208507181.0
Norwegian Cruise Line Holdings Ltd,NCLH,UNZWILHE4KMRP9K2L524,1513761,2014.0,Q2YTD,2014-01-01,2014-06-30,,0.79,0.79,125099000.0,0.78,,-6263000.0,164971000.0,164971000.0,162883000.0,2088000.0,777620000.0,1429955000.0,139086000.0,63000.0,166473000.0,916706000.0,513249000.0,63032000.0,,291572000.0,221677000.0,-62969000.0,158708000.0,1429955000.0,206700000.0,204965718.0,210472991.0
Norwegian Cruise Line Holdings Ltd,NCLH,UNZWILHE4KMRP9K2L524,1513761,2014.0,Q2TTM,2013-07-01,2014-06-30,,1.32,1.82,238090000.0,1.8,,2296000.0,374272000.0,374272000.0,369833000.0,4439000.0,1541801000.0,2828185000.0,248796000.0,-327000.0,308311000.0,1790597000.0,1037588000.0,114292000.0,,546401000.0,491187000.0,-114619000.0,376568000.0,2828185000.0,206700000.0,204965718.0,210472991.0
Norwegian Cruise Line Holdings Ltd,NCLH,UNZWILHE4KMRP9K2L524,1513761,2014.0,Q2,2014-04-01,2014-06-30,2015-08-07 14:53:10+00:00,0.54,0.54,63459000.0,0.54,,3124000.0,113279000.0,113279000.0,111616000.0,1663000.0,397097000.0,765927000.0,73699000.0,-325000.0,83084000.0,470796000.0,295131000.0,31860000.0,,146543000.0,148588000.0,-32185000.0,116403000.0,765927000.0,206700000.0,204965718.0,210472991.0
Norwegian Cruise Line Holdings Ltd,NCLH,UNZWILHE4KMRP9K2L524,1513761,2014.0,Q1TTM,2013-04-01,2014-03-31,,0.74,1.24,228485000.0,1.22,,219000.0,252078000.0,252078000.0,249376000.0,2702000.0,1499070000.0,2706691000.0,241810000.0,427000.0,299338000.0,1740880000.0,965811000.0,186118000.0,,527823000.0,437988000.0,-185691000.0,252297000.0,2706691000.0,205100000.0,205163256.0,211013814.0
Norwegian Cruise Line Holdings Ltd,NCLH,UNZWILHE4KMRP9K2L524,1513761,2014.0,Q1,2014-01-01,2014-03-31,2015-05-08 11:05:01+00:00,0.25,0.25,61640000.0,0.24,,-9387000.0,51692000.0,51692000.0,51267000.0,425000.0,380523000.0,664028000.0,65387000.0,388000.0,83389000.0,445910000.0,218118000.0,31172000.0,,145029000.0,73089000.0,-30784000.0,42305000.0,664028000.0,205100000.0,205163256.0,211013814.0
Norwegian Cruise Line Holdings Ltd,NCLH,UNZWILHE4KMRP9K2L524,1513761,2015.0,FY,2015-01-01,2015-12-31,2018-02-27 11:54:39+00:00,1.89,1.89,432114000.0,1.86,,6772000.0,427137000.0,427137000.0,427137000.0,,2242501000.0,4345048000.0,412948000.0,-46668000.0,554999000.0,2655449000.0,1689599000.0,,-221909000.0,987113000.0,702486000.0,-268577000.0,433909000.0,4345048000.0,226000000.0,226591437.0,230040132.0
Norwegian Cruise Line Holdings Ltd,NCLH,UNZWILHE4KMRP9K2L524,1513761,2015.0,Q4,2015-10-01,2015-12-31,,0.18,0.18,117733000.0,0.18,,-159000.0,38312000.0,38312000.0,38312000.0,,551943000.0,1036523000.0,105805000.0,-11079000.0,143120000.0,657748000.0,378775000.0,-153219000.0,-221909000.0,260853000.0,117922000.0,-79769000.0,38153000.0,1036523000.0,226000000.0,226591437.0,230040132.0
Norwegian Cruise Line Holdings Ltd,NCLH,UNZWILHE4KMRP9K2L524,1513761,2015.0,Q3,2015-07-01,2015-09-30,2016-11-09 16:13:24+00:00,1.11,1.11,109798000.0,1.09,,3528000.0,251787000.0,251787000.0,251787000.0,,615699000.0,1284910000.0,102023000.0,-1733000.0,150558000.0,717722000.0,567188000.0,49784000.0,,260356000.0,306832000.0,-51517000.0,255315000.0,1284910000.0,226800000.0,227384616.0,230274756.0
Norwegian Cruise Line Holdings Ltd,NCLH,UNZWILHE4KMRP9K2L524,1513761,2015.0,Q3YTD,2015-01-01,2015-09-30,,1.71,1.71,314381000.0,1.68,,6931000.0,388825000.0,388825000.0,388825000.0,,1690558000.0,3308525000.0,307143000.0,-35589000.0,411879000.0,1997701000.0,1310824000.0,153219000.0,,726260000.0,584564000.0,-188808000.0,395756000.0,3308525000.0,226800000.0,227384616.0,230274756.0
Norwegian Cruise Line Holdings Ltd,NCLH,UNZWILHE4KMRP9K2L524,1513761,2015.0,Q3TTM,2014-10-01,2015-09-30,,1.57,1.57,398643000.0,1.55,,8425000.0,363177000.0,363177000.0,363216000.0,-39000.0,2134527000.0,4097434000.0,381794000.0,-49747000.0,551464000.0,2516321000.0,1581113000.0,209657000.0,,950107000.0,631006000.0,-259404000.0,371602000.0,4097434000.0,226800000.0,227384616.0,230274756.0
Norwegian Cruise Line Holdings Ltd,NCLH,UNZWILHE4KMRP9K2L524,1513761,2015.0,Q2,2015-04-01,2015-06-30,2016-08-09 16:05:04+00:00,0.7,0.7,104607000.0,0.69,,2726000.0,158494000.0,158494000.0,158494000.0,,557533000.0,1085433000.0,98746000.0,-3717000.0,107164000.0,656279000.0,429154000.0,52446000.0,,211771000.0,217383000.0,-56163000.0,161220000.0,1085433000.0,226400000.0,225698078.0,230228144.0
Norwegian Cruise Line Holdings Ltd,NCLH,UNZWILHE4KMRP9K2L524,1513761,2015.0,Q2YTD,2015-01-01,2015-06-30,,0.6,0.6,204583000.0,0.59,,3403000.0,137038000.0,137038000.0,137038000.0,,1074859000.0,2023615000.0,205120000.0,-33856000.0,261321000.0,1279979000.0,743636000.0,103435000.0,,465904000.0,277732000.0,-137291000.0,140441000.0,2023615000.0,226400000.0,225698078.0,230228144.0
Norwegian Cruise Line Holdings Ltd,NCLH,UNZWILHE4KMRP9K2L524,1513761,2015.0,Q2TTM,2014-07-01,2015-06-30,,1.45,1.45,352631000.0,1.43,,7399000.0,314668000.0,314668000.0,312507000.0,2161000.0,1972079000.0,3719541000.0,337818000.0,-44772000.0,498017000.0,2309897000.0,1409644000.0,192157000.0,,850648000.0,558996000.0,-236929000.0,322067000.0,3719541000.0,226400000.0,225698078.0,230228144.0
Norwegian Cruise Line Holdings Ltd,NCLH,UNZWILHE4KMRP9K2L524,1513761,2015.0,Q1,2015-01-01,2015-03-31,2016-05-10 16:08:21+00:00,-0.1,-0.1,99976000.0,-0.1,,677000.0,-21456000.0,-21456000.0,-21456000.0,,517326000.0,938182000.0,106374000.0,-30139000.0,154157000.0,623700000.0,314482000.0,50989000.0,,254133000.0,60349000.0,-81128000.0,-20779000.0,938182000.0,214600000.0,224301117.0,224301117.0
Norwegian Cruise Line Holdings Ltd,NCLH,UNZWILHE4KMRP9K2L524,1513761,2015.0,Q1TTM,2014-04-01,2015-03-31,,1.29,1.29,311483000.0,1.28,,7797000.0,269453000.0,269453000.0,265629000.0,3824000.0,1811643000.0,3400035000.0,312771000.0,-41380000.0,473937000.0,2124414000.0,1275621000.0,171571000.0,,785420000.0,490201000.0,-212951000.0,277250000.0,3400035000.0,214600000.0,224301117.0,224301117.0
Norwegian Cruise Line Holdings Ltd,NCLH,UNZWILHE4KMRP9K2L524,1513761,2016.0,FY,2016-01-01,2016-12-31,2019-02-27 15:37:01+00:00,2.79,2.79,432495000.0,2.78,,7218000.0,633085000.0,633085000.0,633085000.0,,2850225000.0,4874340000.0,,-8302000.0,666156000.0,2850225000.0,2024115000.0,,-276859000.0,1098651000.0,925464000.0,-285161000.0,640303000.0,4874340000.0,226900000.0,227121875.0,227850286.0
Norwegian Cruise Line Holdings Ltd,NCLH,UNZWILHE4KMRP9K2L524,1513761,2016.0,Q4,2016-10-01,2016-12-31,,0.32,0.32,115015000.0,0.32,,-1726000.0,72232000.0,72232000.0,72232000.0,,1046373000.0,1125137000.0,-351263000.0,4979000.0,161462000.0,695110000.0,430027000.0,-188836000.0,-276859000.0,276477000.0,153550000.0,-83044000.0,70506000.0,1125137000.0,226900000.0,227121875.0,227850286.0
Norwegian Cruise Line Holdings Ltd,NCLH,UNZWILHE4KMRP9K2L524,1513761,2016.0,Q3,2016-07-01,2016-09-30,2017-11-09 16:01:43+00:00,1.51,1.51,111575000.0,1.5,,5241000.0,342378000.0,342378000.0,342378000.0,,670454000.0,1484736000.0,114280000.0,-5333000.0,174813000.0,784734000.0,700002000.0,60662000.0,,286388000.0,413614000.0,-65995000.0,347619000.0,1484736000.0,226700000.0,227096142.0,227598607.0
Norwegian Cruise Line Holdings Ltd,NCLH,UNZWILHE4KMRP9K2L524,1513761,2016.0,Q3YTD,2016-01-01,2016-09-30,,2.47,2.47,317480000.0,2.46,,8944000.0,560853000.0,560853000.0,560853000.0,,1803852000.0,3749203000.0,351263000.0,-13281000.0,504694000.0,2155115000.0,1594088000.0,188836000.0,,822174000.0,771914000.0,-202117000.0,569797000.0,3749203000.0,226700000.0,227096142.0,227598607.0
Norwegian Cruise Line Holdings Ltd,NCLH,UNZWILHE4KMRP9K2L524,1513761,2016.0,Q3TTM,2015-10-01,2016-09-30,,2.65,2.65,435213000.0,2.64,,8785000.0,599165000.0,599165000.0,599165000.0,,2355795000.0,4785726000.0,457068000.0,-24360000.0,647814000.0,2812863000.0,1972863000.0,35617000.0,-221909000.0,1083027000.0,889836000.0,-281886000.0,607950000.0,4785726000.0,226700000.0,227096142.0,227598607.0
Norwegian Cruise Line Holdings Ltd,NCLH,UNZWILHE4KMRP9K2L524,1513761,2016.0,Q2,2016-04-01,2016-06-30,2017-08-09 16:33:16+00:00,0.64,0.64,104610000.0,0.64,,2599000.0,145246000.0,145246000.0,145246000.0,,584178000.0,1186835000.0,121722000.0,-10753000.0,149307000.0,705900000.0,480935000.0,68420000.0,,253917000.0,227018000.0,-79173000.0,147845000.0,1186835000.0,226900000.0,226972076.0,227884704.0
Norwegian Cruise Line Holdings Ltd,NCLH,UNZWILHE4KMRP9K2L524,1513761,2016.0,Q2YTD,2016-01-01,2016-06-30,,0.96,0.96,205905000.0,0.96,,3703000.0,218475000.0,218475000.0,218475000.0,,1133398000.0,2264467000.0,236983000.0,-7948000.0,329881000.0,1370381000.0,894086000.0,128174000.0,,535786000.0,358300000.0,-136122000.0,222178000.0,2264467000.0,226900000.0,226972076.0,227884704.0
Norwegian Cruise Line Holdings Ltd,NCLH,UNZWILHE4KMRP9K2L524,1513761,2016.0,Q2TTM,2015-07-01,2016-06-30,,2.25,2.25,433436000.0,2.23,,7072000.0,508574000.0,508574000.0,508574000.0,,2301040000.0,4585900000.0,444811000.0,-20760000.0,623559000.0,2745851000.0,1840049000.0,24739000.0,-221909000.0,1056995000.0,783054000.0,-267408000.0,515646000.0,4585900000.0,226900000.0,226972076.0,227884704.0
Norwegian Cruise Line Holdings Ltd,NCLH,UNZWILHE4KMRP9K2L524,1513761,2016.0,Q1,2016-01-01,2016-03-31,2017-05-10 15:14:35+00:00,0.32,0.32,101295000.0,0.32,,1104000.0,73229000.0,73229000.0,73229000.0,,549220000.0,1077632000.0,115261000.0,2805000.0,180574000.0,664481000.0,413151000.0,59754000.0,,281869000.0,131282000.0,-56949000.0,74333000.0,1077632000.0,228800000.0,227239533.0,228112035.0
Norwegian Cruise Line Holdings Ltd,NCLH,UNZWILHE4KMRP9K2L524,1513761,2016.0,Q1TTM,2015-04-01,2016-03-31,,2.31,2.31,433433000.0,2.28,,7199000.0,521822000.0,521822000.0,521822000.0,,2274395000.0,4484498000.0,421835000.0,-13724000.0,581416000.0,2696230000.0,1788268000.0,8765000.0,-221909000.0,1014849000.0,773419000.0,-244398000.0,529021000.0,4484498000.0,228800000.0,227239533.0,228112035.0
Norwegian Cruise Line Holdings Ltd,NCLH,UNZWILHE4KMRP9K2L524,1513761,2017.0,FY,2017-01-01,2017-12-31,2020-02-27 17:05:58+00:00,3.33,3.33,509957000.0,3.31,,10742000.0,759872000.0,759872000.0,759872000.0,,3063644000.0,5396175000.0,,-10401000.0,773755000.0,3063644000.0,2332531000.0,,-267804000.0,1283712000.0,1048819000.0,-278205000.0,770614000.0,5396175000.0,228200000.0,228040825.0,229418326.0
Norwegian Cruise Line Holdings Ltd,NCLH,UNZWILHE4KMRP9K2L524,1513761,2017.0,Q4,2017-10-01,2017-12-31,,0.43,0.43,133079000.0,0.43,,-4627000.0,98797000.0,98797000.0,98797000.0,,882986000.0,1249553000.0,-129547000.0,1285000.0,185841000.0,753439000.0,496114000.0,-52960000.0,-137269000.0,318920000.0,177194000.0,-83024000.0,94170000.0,1249553000.0,228200000.0,228040825.0,229418326.0
Norwegian Cruise Line Holdings Ltd,NCLH,UNZWILHE4KMRP9K2L524,1513761,2017.0,Q3,2017-07-01,2017-09-30,2018-11-09 15:47:05+00:00,1.76,1.76,134532000.0,1.74,,6527000.0,400692000.0,400692000.0,400692000.0,,838165000.0,1651738000.0,,-3262000.0,202221000.0,838165000.0,813573000.0,,-66339000.0,336753000.0,476820000.0,-69601000.0,407219000.0,1651738000.0,227700000.0,228267307.0,229816956.0
Norwegian Cruise Line Holdings Ltd,NCLH,UNZWILHE4KMRP9K2L524,1513761,2017.0,Q3YTD,2017-01-01,2017-09-30,,2.9,2.9,376878000.0,2.88,,15369000.0,661075000.0,661075000.0,661075000.0,,2180658000.0,4146622000.0,129547000.0,-11686000.0,587914000.0,2310205000.0,1836417000.0,52960000.0,-130535000.0,964792000.0,871625000.0,-195181000.0,676444000.0,4146622000.0,227700000.0,228267307.0,229816956.0
Norwegian Cruise Line Holdings Ltd,NCLH,UNZWILHE4KMRP9K2L524,1513761,2017.0,Q3TTM,2016-10-01,2017-09-30,,3.22,3.22,491893000.0,3.2,,13643000.0,733307000.0,733307000.0,733307000.0,,3227031000.0,5271759000.0,-221716000.0,-6707000.0,749376000.0,3005315000.0,2266444000.0,-135876000.0,-407394000.0,1241269000.0,1025175000.0,-278225000.0,746950000.0,5271759000.0,227700000.0,228267307.0,229816956.0
Norwegian Cruise Line Holdings Ltd,NCLH,UNZWILHE4KMRP9K2L524,1513761,2017.0,Q2,2017-04-01,2017-06-30,2018-08-09 16:38:03+00:00,0.87,0.87,123141000.0,0.87,,6793000.0,198473000.0,198473000.0,198473000.0,,752242000.0,1344103000.0,,-5609000.0,193649000.0,752242000.0,591861000.0,,-64196000.0,316790000.0,275071000.0,-69805000.0,205266000.0,1344103000.0,228100000.0,227931135.0,229090085.0
Norwegian Cruise Line Holdings Ltd,NCLH,UNZWILHE4KMRP9K2L524,1513761,2017.0,Q2YTD,2017-01-01,2017-06-30,,1.14,1.14,242346000.0,1.14,,8842000.0,260383000.0,260383000.0,260383000.0,,1342493000.0,2494884000.0,129547000.0,-8424000.0,385693000.0,1472040000.0,1022844000.0,52960000.0,-64196000.0,628039000.0,394805000.0,-125580000.0,269225000.0,2494884000.0,228100000.0,227931135.0,229090085.0
Norwegian Cruise Line Holdings Ltd,NCLH,UNZWILHE4KMRP9K2L524,1513761,2017.0,Q2TTM,2016-07-01,2017-06-30,,2.97,2.97,468936000.0,2.96,,12357000.0,674993000.0,674993000.0,674993000.0,,3059320000.0,5104757000.0,-107436000.0,-8778000.0,721968000.0,2951884000.0,2152873000.0,-75214000.0,-341055000.0,1190904000.0,961969000.0,-274619000.0,687350000.0,5104757000.0,228100000.0,227931135.0,229090085.0
Norwegian Cruise Line Holdings Ltd,NCLH,UNZWILHE4KMRP9K2L524,1513761,2017.0,Q1,2017-01-01,2017-03-31,2018-05-07 17:11:24+00:00,0.27,0.27,119205000.0,0.27,,2049000.0,61910000.0,61910000.0,61910000.0,,590251000.0,1150781000.0,129547000.0,-2815000.0,192044000.0,719798000.0,430983000.0,52960000.0,,311249000.0,119734000.0,-55775000.0,63959000.0,1150781000.0,229300000.0,227468526.0,228555952.0
Norwegian Cruise Line Holdings Ltd,NCLH,UNZWILHE4KMRP9K2L524,1513761,2017.0,Q1TTM,2016-04-01,2017-03-31,,2.74,2.74,450405000.0,2.73,,8163000.0,621766000.0,621766000.0,621766000.0,,2891256000.0,4947489000.0,14286000.0,-13922000.0,677626000.0,2905542000.0,2041947000.0,-6794000.0,-276859000.0,1128031000.0,913916000.0,-283987000.0,629929000.0,4947489000.0,229300000.0,227468526.0,228555952.0
Norwegian Cruise Line Holdings Ltd,NCLH,UNZWILHE4KMRP9K2L524,1513761,2018.0,FY,2018-01-01,2018-12-31,2020-02-27 17:05:58+00:00,4.28,4.28,561060000.0,4.25,,14467000.0,954843000.0,954843000.0,954843000.0,,3377076000.0,6055126000.0,,20653000.0,897929000.0,3377076000.0,2678050000.0,,-270404000.0,1458989000.0,1219061000.0,-249751000.0,969310000.0,6055126000.0,223100000.0,223001739.0,224419205.0
Norwegian Cruise Line Holdings Ltd,NCLH,UNZWILHE4KMRP9K2L524,1513761,2018.0,Q4,2018-10-01,2018-12-31,,0.69,0.69,145412000.0,0.68,,-3933000.0,154634000.0,154634000.0,154634000.0,,817258000.0,1381193000.0,,9299000.0,208943000.0,817258000.0,563935000.0,,-68178000.0,354355000.0,209580000.0,-58881000.0,150701000.0,1381193000.0,223100000.0,223001739.0,224419205.0
Norwegian Cruise Line Holdings Ltd,NCLH,UNZWILHE4KMRP9K2L524,1513761,2018.0,Q3,2018-07-01,2018-09-30,2019-11-08 14:59:36+00:00,2.12,2.12,143700000.0,2.11,,10456000.0,470378000.0,470378000.0,470378000.0,,928944000.0,1858356000.0,,98000.0,235436000.0,928944000.0,929412000.0,,-69540000.0,379136000.0,550276000.0,-69440000.0,480834000.0,1858356000.0,221900000.0,221511630.0,222752738.0
Norwegian Cruise Line Holdings Ltd,NCLH,UNZWILHE4KMRP9K2L524,1513761,2018.0,Q3YTD,2018-01-01,2018-09-30,,3.59,3.59,415648000.0,3.57,,18400000.0,800209000.0,800209000.0,800209000.0,,2559818000.0,4673933000.0,,11354000.0,688986000.0,2559818000.0,2114115000.0,,-202226000.0,1104634000.0,1009481000.0,-190870000.0,818609000.0,4673933000.0,221900000.0,221511630.0,222752738.0
Norwegian Cruise Line Holdings Ltd,NCLH,UNZWILHE4KMRP9K2L524,1513761,2018.0,Q3TTM,2017-10-01,2018-09-30,,4.02,4.02,548727000.0,4.0,,13773000.0,899006000.0,899006000.0,899006000.0,,3442804000.0,5923486000.0,-129547000.0,12639000.0,874827000.0,3313257000.0,2610229000.0,-52960000.0,-339495000.0,1423554000.0,1186675000.0,-273894000.0,912779000.0,5923486000.0,221900000.0,221511630.0,222752738.0
Norwegian Cruise Line Holdings Ltd,NCLH,UNZWILHE4KMRP9K2L524,1513761,2018.0,Q2,2018-04-01,2018-06-30,2019-08-08 16:50:15+00:00,1.02,1.02,140704000.0,1.01,,5410000.0,226676000.0,226676000.0,226676000.0,,862783000.0,1522174000.0,,12922000.0,226535000.0,862783000.0,659391000.0,,-72988000.0,367239000.0,292152000.0,-60066000.0,232086000.0,1522174000.0,222200000.0,223308350.0,224390879.0
Norwegian Cruise Line Holdings Ltd,NCLH,UNZWILHE4KMRP9K2L524,1513761,2018.0,Q2YTD,2018-01-01,2018-06-30,,1.47,1.47,271948000.0,1.46,,7944000.0,329831000.0,329831000.0,329831000.0,,1630874000.0,2815577000.0,,11256000.0,453550000.0,1630874000.0,1184703000.0,,-132686000.0,725498000.0,459205000.0,-121430000.0,337775000.0,2815577000.0,222200000.0,223308350.0,224390879.0
Norwegian Cruise Line Holdings Ltd,NCLH,UNZWILHE4KMRP9K2L524,1513761,2018.0,Q2TTM,2017-07-01,2018-06-30,,3.66,3.66,539559000.0,3.63,,9844000.0,829320000.0,829320000.0,829320000.0,,3352025000.0,5716868000.0,-129547000.0,9279000.0,841612000.0,3222478000.0,2494390000.0,-52960000.0,-336294000.0,1381171000.0,1113219000.0,-274055000.0,839164000.0,5716868000.0,222200000.0,223308350.0,224390879.0
Norwegian Cruise Line Holdings Ltd,NCLH,UNZWILHE4KMRP9K2L524,1513761,2018.0,Q1,2018-01-01,2018-03-31,2019-05-10 14:39:06+00:00,0.45,0.45,131244000.0,0.45,,2534000.0,103155000.0,103155000.0,103155000.0,,768091000.0,1293403000.0,,-1666000.0,227015000.0,768091000.0,525312000.0,,-59698000.0,358259000.0,167053000.0,-61364000.0,105689000.0,1293403000.0,229200000.0,227343577.0,229187628.0
Norwegian Cruise Line Holdings Ltd,NCLH,UNZWILHE4KMRP9K2L524,1513761,2018.0,Q1TTM,2017-04-01,2018-03-31,,3.51,3.51,521996000.0,3.49,,11227000.0,801117000.0,801117000.0,801117000.0,,3241484000.0,5538797000.0,-129547000.0,-9252000.0,808726000.0,3111937000.0,2426860000.0,-52960000.0,-327502000.0,1330722000.0,1096138000.0,-283794000.0,812344000.0,5538797000.0,229200000.0,227343577.0,229187628.0
Norwegian Cruise Line Holdings Ltd,NCLH,UNZWILHE4KMRP9K2L524,1513761,2019.0,Q4,2019-10-01,2019-12-31,,0.58,0.58,163961000.0,0.56,,-2406000.0,121297000.0,121297000.0,121297000.0,,887422000.0,1480618000.0,,-7278000.0,229859000.0,887422000.0,593196000.0,,-73207000.0,393820000.0,199376000.0,-80485000.0,118891000.0,1480618000.0,214800000.0,214929977.0,216475076.0
Norwegian Cruise Line Holdings Ltd,NCLH,UNZWILHE4KMRP9K2L524,1513761,2019.0,FY,2019-01-01,2019-12-31,2020-02-27 17:05:58+00:00,4.33,4.33,646188000.0,4.3,,-18863000.0,930228000.0,930228000.0,930228000.0,,3663261000.0,6462376000.0,,6155000.0,974850000.0,3663261000.0,2799115000.0,,-272867000.0,1621038000.0,1178077000.0,-266712000.0,911365000.0,6462376000.0,214800000.0,214929977.0,216475076.0
Norwegian Cruise Line Holdings Ltd,NCLH,UNZWILHE4KMRP9K2L524,1513761,2019.0,Q3,2019-07-01,2019-09-30,2019-11-08 14:59:36+00:00,2.1,2.1,156215000.0,2.09,,11203000.0,450584000.0,450584000.0,450584000.0,,990764000.0,1913851000.0,,10251000.0,255148000.0,990764000.0,923087000.0,,-60188000.0,411363000.0,511724000.0,-49937000.0,461787000.0,1913851000.0,214600000.0,214207716.0,215499462.0
Norwegian Cruise Line Holdings Ltd,NCLH,UNZWILHE4KMRP9K2L524,1513761,2019.0,Q3YTD,2019-01-01,2019-09-30,,3.75,3.75,482227000.0,3.74,,-16457000.0,808931000.0,808931000.0,808931000.0,,2775839000.0,4981758000.0,,13433000.0,744991000.0,2775839000.0,2205919000.0,,-199660000.0,1227218000.0,978701000.0,-186227000.0,792474000.0,4981758000.0,214600000.0,214207716.0,215499462.0
Norwegian Cruise Line Holdings Ltd,NCLH,UNZWILHE4KMRP9K2L524,1513761,2019.0,Q3TTM,2018-10-01,2019-09-30,,4.44,4.44,627639000.0,4.42,,-20390000.0,963565000.0,963565000.0,963565000.0,,3593097000.0,6362951000.0,,22732000.0,953934000.0,3593097000.0,2769854000.0,,-267838000.0,1581573000.0,1188281000.0,-245108000.0,943175000.0,6362951000.0,214600000.0,214207716.0,215499462.0
Norwegian Cruise Line Holdings Ltd,NCLH,UNZWILHE4KMRP9K2L524,1513761,2019.0,Q2,2019-04-01,2019-06-30,2019-08-08 16:50:15+00:00,1.11,1.11,156271000.0,1.11,,6138000.0,240190000.0,240190000.0,240190000.0,,958424000.0,1664277000.0,,3616000.0,240901000.0,958424000.0,705853000.0,,-65969000.0,397172000.0,308681000.0,-62353000.0,246328000.0,1664277000.0,216400000.0,215426441.0,216810766.0
Norwegian Cruise Line Holdings Ltd,NCLH,UNZWILHE4KMRP9K2L524,1513761,2019.0,Q2YTD,2019-01-01,2019-06-30,,1.65,1.65,326012000.0,1.65,,-27660000.0,358347000.0,358347000.0,358347000.0,,1785075000.0,3067907000.0,,3182000.0,489843000.0,1785075000.0,1282832000.0,,-139472000.0,815855000.0,466977000.0,-136290000.0,330687000.0,3067907000.0,216400000.0,215426441.0,216810766.0
Norwegian Cruise Line Holdings Ltd,NCLH,UNZWILHE4KMRP9K2L524,1513761,2019.0,Q2TTM,2018-07-01,2019-06-30,,4.46,4.46,615124000.0,4.44,,-21137000.0,983359000.0,983359000.0,983359000.0,,3531277000.0,6307456000.0,,12579000.0,934222000.0,3531277000.0,2776179000.0,,-277190000.0,1549346000.0,1226833000.0,-264611000.0,962222000.0,6307456000.0,216400000.0,215426441.0,216810766.0
Norwegian Cruise Line Holdings Ltd,NCLH,UNZWILHE4KMRP9K2L524,1513761,2019.0,Q1,2019-01-01,2019-03-31,2020-05-15 16:48:01+00:00,0.54,0.54,169741000.0,0.54,,-33798000.0,118157000.0,118157000.0,118157000.0,,826651000.0,1403630000.0,,-434000.0,248942000.0,826651000.0,576979000.0,,-73503000.0,418683000.0,158296000.0,-73937000.0,84359000.0,1403630000.0,218800000.0,217241473.0,218873272.0
Norwegian Cruise Line Holdings Ltd,NCLH,UNZWILHE4KMRP9K2L524,1513761,2019.0,Q1TTM,2018-04-01,2019-03-31,,4.37,4.37,599557000.0,4.34,,-21865000.0,969845000.0,969845000.0,969845000.0,,3435636000.0,6165353000.0,,21885000.0,919856000.0,3435636000.0,2729717000.0,,-284209000.0,1519413000.0,1210304000.0,-262324000.0,947980000.0,6165353000.0,218800000.0,217241473.0,218873272.0
Norwegian Cruise Line Holdings Ltd,NCLH,UNZWILHE4KMRP9K2L524,1513761,2020.0,Q1TTM,2019-04-01,2020-03-31,,-5.01,-5.01,674644000.0,-5.04,1607797000.0,8762000.0,-1068901000.0,-1068901000.0,-1068901000.0,,3830870000.0,6305628000.0,,12412000.0,996597000.0,3830870000.0,2474758000.0,,-268271000.0,3279038000.0,-804280000.0,-255859000.0,-1060139000.0,6305628000.0,213700000.0,213630798.0,213630798.0
Norwegian Cruise Line Holdings Ltd,NCLH,UNZWILHE4KMRP9K2L524,1513761,2020.0,Q1,2020-01-01,2020-03-31,2020-05-15 16:48:01+00:00,-8.8,-8.8,198197000.0,-8.8,1607797000.0,-6173000.0,-1880972000.0,-1880972000.0,-1880972000.0,,994260000.0,1246882000.0,,5823000.0,270689000.0,994260000.0,252622000.0,,-68907000.0,2076683000.0,-1824061000.0,-63084000.0,-1887145000.0,1246882000.0,213700000.0,213630798.0,213630798.0
