company_name,company_ticker,company_lei,company_cik,year,quarter,start_date,end_date,filing_date,amortizationexpense,basicdilutedeps,basiceps,cashdividendspershare,dilutedeps,impairmentexpense,incometaxexpense,netincome,netincomecontinuing,netincometocommon,netincometononcontrollinginterest,operatingcostofrevenue,operatingrevenue,otherincome,otheroperatingexpenses,rdexpense,restructuringcharge,sgaexpense,totalcostofrevenue,totalgrossprofit,totalinterestexpense,totalinterestincome,totaloperatingexpenses,totaloperatingincome,totalotherincome,totalpretaxincome,totalrevenue,weightedavebasicdilutedsharesos,weightedavebasicsharesos,weightedavedilutedsharesos
Seagate Technology PLC,STX,396PBGKP6TE3O062MS44,1137789,2009.0,FY,2008-06-28,2009-07-03,2011-08-17 16:58:12+00:00,55000000.0,-6.4,-6.4,0.27,-6.4,2320000000.0,311000000.0,-3125000000.0,-3125000000.0,-3125000000.0,,8395000000.0,9805000000.0,-23000000.0,,953000000.0,210000000.0,537000000.0,8395000000.0,1410000000.0,143000000.0,17000000.0,4075000000.0,-2665000000.0,-149000000.0,-2814000000.0,9805000000.0,488300000.0,488000000.0,488000000.0
Seagate Technology PLC,STX,396PBGKP6TE3O062MS44,1137789,2010.0,Q4,2010-04-03,2010-07-02,,3000000.0,1.16,0.8,,0.76,-7000000.0,-39000000.0,379000000.0,379000000.0,379000000.0,,1929000000.0,2656000000.0,4000000.0,,218000000.0,16000000.0,116000000.0,1929000000.0,727000000.0,47000000.0,2000000.0,346000000.0,381000000.0,-41000000.0,340000000.0,2656000000.0,490500000.0,491000000.0,514000000.0
Seagate Technology PLC,STX,396PBGKP6TE3O062MS44,1137789,2010.0,FY,2009-07-04,2010-07-02,2012-08-08 19:42:05+00:00,27000000.0,3.28,3.28,0.0,3.14,57000000.0,-40000000.0,1609000000.0,1609000000.0,1609000000.0,,8191000000.0,11395000000.0,-3000000.0,,877000000.0,66000000.0,437000000.0,8191000000.0,3204000000.0,174000000.0,6000000.0,1464000000.0,1740000000.0,-171000000.0,1569000000.0,11395000000.0,490500000.0,491000000.0,514000000.0
Seagate Technology PLC,STX,396PBGKP6TE3O062MS44,1137789,2010.0,Q3YTD,2009-07-04,2010-04-02,,24000000.0,2.12,2.48,,2.38,64000000.0,-1000000.0,1230000000.0,1230000000.0,1230000000.0,,6262000000.0,8739000000.0,-7000000.0,,659000000.0,50000000.0,321000000.0,6262000000.0,2477000000.0,127000000.0,4000000.0,1118000000.0,1359000000.0,-130000000.0,1229000000.0,8739000000.0,493300000.0,493000000.0,520000000.0
Seagate Technology PLC,STX,396PBGKP6TE3O062MS44,1137789,2010.0,Q3,2010-01-02,2010-04-02,2011-05-03 16:55:34+00:00,8000000.0,1.05,1.05,,1.0,,4000000.0,518000000.0,518000000.0,518000000.0,,2148000000.0,3049000000.0,1000000.0,,224000000.0,4000000.0,105000000.0,2148000000.0,901000000.0,41000000.0,2000000.0,341000000.0,560000000.0,-38000000.0,522000000.0,3049000000.0,493300000.0,493000000.0,520000000.0
Seagate Technology PLC,STX,396PBGKP6TE3O062MS44,1137789,2010.0,Q2YTD,2009-07-04,2010-01-01,,16000000.0,1.07,1.43,,1.38,64000000.0,-5000000.0,712000000.0,712000000.0,712000000.0,,4114000000.0,5690000000.0,-8000000.0,,435000000.0,46000000.0,216000000.0,4114000000.0,1576000000.0,86000000.0,2000000.0,777000000.0,799000000.0,-92000000.0,707000000.0,5690000000.0,498100000.0,498000000.0,520000000.0
Seagate Technology PLC,STX,396PBGKP6TE3O062MS44,1137789,2010.0,Q2,2009-10-03,2010-01-01,2011-02-03 17:22:31+00:00,8000000.0,1.07,1.07,,1.03,,-6000000.0,533000000.0,533000000.0,533000000.0,,2104000000.0,3027000000.0,-11000000.0,,227000000.0,,110000000.0,2104000000.0,923000000.0,41000000.0,1000000.0,345000000.0,578000000.0,-51000000.0,527000000.0,3027000000.0,498100000.0,498000000.0,520000000.0
Seagate Technology PLC,STX,396PBGKP6TE3O062MS44,1137789,2010.0,Q1,2009-07-04,2009-10-02,2010-11-03 16:28:47+00:00,8000000.0,,0.36,,0.35,64000000.0,1000000.0,179000000.0,179000000.0,179000000.0,,2010000000.0,2663000000.0,3000000.0,,208000000.0,46000000.0,106000000.0,2010000000.0,653000000.0,45000000.0,1000000.0,432000000.0,221000000.0,-41000000.0,180000000.0,2663000000.0,,494000000.0,512000000.0
Seagate Technology PLC,STX,396PBGKP6TE3O062MS44,1137789,2011.0,Q4,2011-04-02,2011-07-01,,,0.28,0.28,0.18,0.26,,10000000.0,119000000.0,119000000.0,119000000.0,,2309000000.0,2860000000.0,1000000.0,,229000000.0,4000000.0,128000000.0,2309000000.0,551000000.0,63000000.0,1000000.0,361000000.0,190000000.0,-61000000.0,129000000.0,2860000000.0,452200000.0,451000000.0,467000000.0
Seagate Technology PLC,STX,396PBGKP6TE3O062MS44,1137789,2011.0,FY,2010-07-03,2011-07-01,2013-08-07 21:35:25+00:00,2000000.0,1.13,1.13,0.18,1.09,,68000000.0,511000000.0,511000000.0,511000000.0,0.0,8825000000.0,10971000000.0,-20000000.0,,875000000.0,18000000.0,445000000.0,8825000000.0,2146000000.0,214000000.0,7000000.0,1340000000.0,806000000.0,-227000000.0,579000000.0,10971000000.0,452200000.0,451000000.0,467000000.0
Seagate Technology PLC,STX,396PBGKP6TE3O062MS44,1137789,2011.0,Q3YTD,2010-07-03,2011-04-01,,2000000.0,0.85,0.85,,0.83,,58000000.0,392000000.0,392000000.0,392000000.0,,6516000000.0,8111000000.0,-21000000.0,,646000000.0,14000000.0,317000000.0,6516000000.0,1595000000.0,151000000.0,6000000.0,979000000.0,616000000.0,-166000000.0,450000000.0,8111000000.0,442900000.0,437000000.0,453000000.0
Seagate Technology PLC,STX,396PBGKP6TE3O062MS44,1137789,2011.0,Q3TTM,2010-04-03,2011-04-01,,5000000.0,2.01,1.65,,1.59,-7000000.0,19000000.0,771000000.0,771000000.0,771000000.0,,8445000000.0,10767000000.0,-17000000.0,,864000000.0,30000000.0,433000000.0,8445000000.0,2322000000.0,198000000.0,8000000.0,1325000000.0,997000000.0,-207000000.0,790000000.0,10767000000.0,442900000.0,437000000.0,453000000.0
Seagate Technology PLC,STX,396PBGKP6TE3O062MS44,1137789,2011.0,Q3,2011-01-01,2011-04-01,2012-04-30 17:28:04+00:00,,0.21,0.21,,0.21,,29000000.0,93000000.0,93000000.0,93000000.0,,2179000000.0,2695000000.0,,,224000000.0,3000000.0,110000000.0,2179000000.0,516000000.0,59000000.0,2000000.0,337000000.0,179000000.0,-57000000.0,122000000.0,2695000000.0,442900000.0,437000000.0,453000000.0
Seagate Technology PLC,STX,396PBGKP6TE3O062MS44,1137789,2011.0,Q2YTD,2010-07-03,2010-12-31,,2000000.0,0.64,0.64,,0.62,,29000000.0,299000000.0,299000000.0,299000000.0,,4337000000.0,5416000000.0,-21000000.0,,422000000.0,11000000.0,207000000.0,4337000000.0,1079000000.0,92000000.0,4000000.0,642000000.0,437000000.0,-109000000.0,328000000.0,5416000000.0,468800000.0,469000000.0,486000000.0
Seagate Technology PLC,STX,396PBGKP6TE3O062MS44,1137789,2011.0,Q2TTM,2010-01-02,2010-12-31,,13000000.0,2.85,2.49,,2.38,-7000000.0,-6000000.0,1196000000.0,1196000000.0,1196000000.0,,8414000000.0,11121000000.0,-16000000.0,,864000000.0,31000000.0,428000000.0,8414000000.0,2707000000.0,180000000.0,8000000.0,1329000000.0,1378000000.0,-188000000.0,1190000000.0,11121000000.0,468800000.0,469000000.0,486000000.0
Seagate Technology PLC,STX,396PBGKP6TE3O062MS44,1137789,2011.0,Q2,2010-10-02,2010-12-31,2012-02-01 16:07:40+00:00,1000000.0,0.32,0.32,,0.31,,25000000.0,150000000.0,150000000.0,150000000.0,,2190000000.0,2719000000.0,13000000.0,,213000000.0,7000000.0,102000000.0,2190000000.0,529000000.0,46000000.0,2000000.0,323000000.0,206000000.0,-31000000.0,175000000.0,2719000000.0,468800000.0,469000000.0,486000000.0
Seagate Technology PLC,STX,396PBGKP6TE3O062MS44,1137789,2011.0,Q1TTM,2009-10-03,2010-10-01,,20000000.0,3.6,3.24,,3.1,-7000000.0,-37000000.0,1579000000.0,1579000000.0,1579000000.0,,8328000000.0,11429000000.0,-40000000.0,,878000000.0,24000000.0,436000000.0,8328000000.0,3101000000.0,175000000.0,7000000.0,1351000000.0,1750000000.0,-208000000.0,1542000000.0,11429000000.0,465600000.0,471000000.0,487000000.0
Seagate Technology PLC,STX,396PBGKP6TE3O062MS44,1137789,2011.0,Q1,2010-07-03,2010-10-01,2011-10-27 16:43:42+00:00,1000000.0,0.32,0.32,,0.31,,4000000.0,149000000.0,149000000.0,149000000.0,,2147000000.0,2697000000.0,-34000000.0,,209000000.0,4000000.0,105000000.0,2147000000.0,550000000.0,46000000.0,2000000.0,319000000.0,231000000.0,-78000000.0,153000000.0,2697000000.0,465600000.0,471000000.0,487000000.0
Seagate Technology PLC,STX,396PBGKP6TE3O062MS44,1137789,2012.0,Q4,2012-03-31,2012-06-29,,18000000.0,2.5,2.5,0.25,2.41,,,1013000000.0,1013000000.0,1013000000.0,,2999000000.0,4483000000.0,8000000.0,,269000000.0,,140000000.0,2999000000.0,1484000000.0,55000000.0,3000000.0,427000000.0,1057000000.0,-44000000.0,1013000000.0,4483000000.0,425900000.0,426000000.0,441000000.0
Seagate Technology PLC,STX,396PBGKP6TE3O062MS44,1137789,2012.0,FY,2011-07-02,2012-06-29,2014-08-07 17:48:28+00:00,38000000.0,6.72,6.72,0.86,6.49,,20000000.0,2862000000.0,2862000000.0,2862000000.0,0.0,10255000000.0,14939000000.0,7000000.0,,1006000000.0,4000000.0,528000000.0,10255000000.0,4684000000.0,241000000.0,8000000.0,1576000000.0,3108000000.0,-226000000.0,2882000000.0,14939000000.0,425900000.0,426000000.0,441000000.0
Seagate Technology PLC,STX,396PBGKP6TE3O062MS44,1137789,2012.0,Q3YTD,2011-07-02,2012-03-30,,20000000.0,4.22,4.22,0.61,4.08,,20000000.0,1849000000.0,1849000000.0,1849000000.0,,7256000000.0,10456000000.0,-1000000.0,,737000000.0,4000000.0,388000000.0,7256000000.0,3200000000.0,186000000.0,5000000.0,1149000000.0,2051000000.0,-182000000.0,1869000000.0,10456000000.0,445900000.0,446000000.0,463000000.0
Seagate Technology PLC,STX,396PBGKP6TE3O062MS44,1137789,2012.0,Q3TTM,2011-04-02,2012-03-30,,20000000.0,4.5,4.5,0.79,4.34,,30000000.0,1968000000.0,1968000000.0,1968000000.0,,9565000000.0,13316000000.0,,,966000000.0,8000000.0,516000000.0,9565000000.0,3751000000.0,249000000.0,6000000.0,1510000000.0,2241000000.0,-243000000.0,1998000000.0,13316000000.0,445900000.0,446000000.0,463000000.0
Seagate Technology PLC,STX,396PBGKP6TE3O062MS44,1137789,2012.0,Q3,2011-12-31,2012-03-30,2013-05-01 18:16:16+00:00,18000000.0,2.57,2.57,0.25,2.48,,13000000.0,1146000000.0,1146000000.0,1146000000.0,0.0,2809000000.0,4450000000.0,6000000.0,,270000000.0,1000000.0,142000000.0,2809000000.0,1641000000.0,59000000.0,2000000.0,431000000.0,1210000000.0,-51000000.0,1159000000.0,4450000000.0,445900000.0,446000000.0,463000000.0
Seagate Technology PLC,STX,396PBGKP6TE3O062MS44,1137789,2012.0,Q2YTD,2011-07-02,2011-12-30,,2000000.0,1.65,1.65,0.36,1.6,,7000000.0,703000000.0,703000000.0,703000000.0,,4447000000.0,6006000000.0,-7000000.0,,467000000.0,3000000.0,246000000.0,4447000000.0,1559000000.0,127000000.0,3000000.0,718000000.0,841000000.0,-131000000.0,710000000.0,6006000000.0,426500000.0,427000000.0,439000000.0
Seagate Technology PLC,STX,396PBGKP6TE3O062MS44,1137789,2012.0,Q2TTM,2011-01-01,2011-12-30,,2000000.0,2.14,2.14,0.54,2.07,,46000000.0,915000000.0,915000000.0,915000000.0,,8935000000.0,11561000000.0,-6000000.0,,920000000.0,10000000.0,484000000.0,8935000000.0,2626000000.0,249000000.0,6000000.0,1416000000.0,1210000000.0,-249000000.0,961000000.0,11561000000.0,426500000.0,427000000.0,439000000.0
Seagate Technology PLC,STX,396PBGKP6TE3O062MS44,1137789,2012.0,Q2,2011-10-01,2011-12-30,2013-01-31 17:16:00+00:00,2000000.0,1.32,1.32,0.18,1.28,,-5000000.0,563000000.0,563000000.0,563000000.0,0.0,2185000000.0,3195000000.0,9000000.0,,259000000.0,3000000.0,141000000.0,2185000000.0,1010000000.0,58000000.0,2000000.0,405000000.0,605000000.0,-47000000.0,558000000.0,3195000000.0,426500000.0,427000000.0,439000000.0
Seagate Technology PLC,STX,396PBGKP6TE3O062MS44,1137789,2012.0,Q1TTM,2010-10-02,2011-09-30,,1000000.0,1.14,1.14,0.36,1.1,,76000000.0,502000000.0,502000000.0,502000000.0,,8940000000.0,11085000000.0,-2000000.0,,874000000.0,14000000.0,445000000.0,8940000000.0,2145000000.0,237000000.0,6000000.0,1334000000.0,811000000.0,-233000000.0,578000000.0,11085000000.0,424200000.0,421000000.0,433000000.0
Seagate Technology PLC,STX,396PBGKP6TE3O062MS44,1137789,2012.0,Q1,2011-07-02,2011-09-30,2012-10-31 17:01:07+00:00,0.0,0.33,0.33,0.18,0.32,,12000000.0,140000000.0,140000000.0,140000000.0,0.0,2262000000.0,2811000000.0,-16000000.0,,208000000.0,0.0,105000000.0,2262000000.0,549000000.0,69000000.0,1000000.0,313000000.0,236000000.0,-84000000.0,152000000.0,2811000000.0,424200000.0,421000000.0,433000000.0
Seagate Technology PLC,STX,396PBGKP6TE3O062MS44,1137789,2013.0,FY,2012-06-30,2013-06-28,2015-08-11 19:34:36+00:00,79000000.0,4.97,4.97,1.4,4.81,,-7000000.0,1838000000.0,1838000000.0,1838000000.0,0.0,10411000000.0,14351000000.0,-54000000.0,0.0,1133000000.0,2000000.0,635000000.0,10411000000.0,3940000000.0,214000000.0,8000000.0,1849000000.0,2091000000.0,-260000000.0,1831000000.0,14351000000.0,369800000.0,370000000.0,382000000.0
Seagate Technology PLC,STX,396PBGKP6TE3O062MS44,1137789,2013.0,Q4,2013-03-30,2013-06-28,,20000000.0,1.0,1.0,0.38,0.96,,-46000000.0,348000000.0,348000000.0,348000000.0,,2486000000.0,3425000000.0,-96000000.0,,294000000.0,,178000000.0,2486000000.0,939000000.0,51000000.0,2000000.0,492000000.0,447000000.0,-145000000.0,302000000.0,3425000000.0,369800000.0,370000000.0,382000000.0
Seagate Technology PLC,STX,396PBGKP6TE3O062MS44,1137789,2013.0,Q3YTD,2012-06-30,2013-03-29,,59000000.0,3.97,3.97,1.02,3.85,,39000000.0,1490000000.0,1490000000.0,1490000000.0,,7925000000.0,10926000000.0,42000000.0,,839000000.0,2000000.0,457000000.0,7925000000.0,3001000000.0,163000000.0,6000000.0,1357000000.0,1644000000.0,-115000000.0,1529000000.0,10926000000.0,358600000.0,358000000.0,369000000.0
Seagate Technology PLC,STX,396PBGKP6TE3O062MS44,1137789,2013.0,Q3TTM,2012-03-31,2013-03-29,,77000000.0,6.47,6.47,1.27,6.26,,39000000.0,2503000000.0,2503000000.0,2503000000.0,,10924000000.0,15409000000.0,50000000.0,,1108000000.0,2000000.0,597000000.0,10924000000.0,4485000000.0,218000000.0,9000000.0,1784000000.0,2701000000.0,-159000000.0,2542000000.0,15409000000.0,358600000.0,358000000.0,369000000.0
Seagate Technology PLC,STX,396PBGKP6TE3O062MS44,1137789,2013.0,Q3,2012-12-29,2013-03-29,2014-04-30 16:25:13+00:00,20000000.0,1.16,1.16,0.0,1.13,,14000000.0,416000000.0,416000000.0,416000000.0,0.0,2578000000.0,3526000000.0,16000000.0,,294000000.0,1000000.0,168000000.0,2578000000.0,948000000.0,53000000.0,2000000.0,483000000.0,465000000.0,-35000000.0,430000000.0,3526000000.0,358600000.0,358000000.0,369000000.0
Seagate Technology PLC,STX,396PBGKP6TE3O062MS44,1137789,2013.0,Q2YTD,2012-06-30,2012-12-28,,39000000.0,2.81,2.81,1.02,2.72,,25000000.0,1074000000.0,1074000000.0,1074000000.0,,5347000000.0,7400000000.0,26000000.0,,545000000.0,1000000.0,289000000.0,5347000000.0,2053000000.0,110000000.0,4000000.0,874000000.0,1179000000.0,-80000000.0,1099000000.0,7400000000.0,369900000.0,369000000.0,379000000.0
Seagate Technology PLC,STX,396PBGKP6TE3O062MS44,1137789,2013.0,Q2TTM,2011-12-31,2012-12-28,,75000000.0,7.88,7.88,1.52,7.61,,38000000.0,3233000000.0,3233000000.0,3233000000.0,,11155000000.0,16333000000.0,40000000.0,,1084000000.0,2000000.0,571000000.0,11155000000.0,5178000000.0,224000000.0,9000000.0,1732000000.0,3446000000.0,-175000000.0,3271000000.0,16333000000.0,369900000.0,369000000.0,379000000.0
Seagate Technology PLC,STX,396PBGKP6TE3O062MS44,1137789,2013.0,Q2,2012-09-29,2012-12-28,2014-01-28 17:16:27+00:00,20000000.0,1.33,1.33,0.7,1.3,,7000000.0,492000000.0,492000000.0,492000000.0,0.0,2676000000.0,3668000000.0,-3000000.0,,277000000.0,1000000.0,139000000.0,2676000000.0,992000000.0,55000000.0,2000000.0,437000000.0,555000000.0,-56000000.0,499000000.0,3668000000.0,369900000.0,369000000.0,379000000.0
Seagate Technology PLC,STX,396PBGKP6TE3O062MS44,1137789,2013.0,Q1TTM,2011-10-01,2012-09-28,,57000000.0,7.87,7.87,1.0,7.59,,26000000.0,3304000000.0,3304000000.0,3304000000.0,,10664000000.0,15860000000.0,52000000.0,,1066000000.0,4000000.0,573000000.0,10664000000.0,5196000000.0,227000000.0,9000000.0,1700000000.0,3496000000.0,-166000000.0,3330000000.0,15860000000.0,393200000.0,394000000.0,409000000.0
Seagate Technology PLC,STX,396PBGKP6TE3O062MS44,1137789,2013.0,Q1,2012-06-30,2012-09-28,2013-10-29 17:28:59+00:00,19000000.0,1.48,1.48,0.32,1.42,,18000000.0,582000000.0,582000000.0,582000000.0,0.0,2671000000.0,3732000000.0,29000000.0,,268000000.0,0.0,150000000.0,2671000000.0,1061000000.0,55000000.0,2000000.0,437000000.0,624000000.0,-24000000.0,600000000.0,3732000000.0,393200000.0,394000000.0,409000000.0
Seagate Technology PLC,STX,396PBGKP6TE3O062MS44,1137789,2014.0,FY,2013-06-29,2014-06-27,2016-08-05 16:37:53+00:00,98000000.0,4.66,4.66,1.67,4.52,,-14000000.0,1570000000.0,1570000000.0,1570000000.0,0.0,9878000000.0,13724000000.0,-33000000.0,0.0,1226000000.0,24000000.0,722000000.0,9878000000.0,3846000000.0,195000000.0,8000000.0,2070000000.0,1776000000.0,-220000000.0,1556000000.0,13724000000.0,336900000.0,337000000.0,347000000.0
Seagate Technology PLC,STX,396PBGKP6TE3O062MS44,1137789,2014.0,Q4,2014-03-29,2014-06-27,,27000000.0,0.98,0.98,0.43,0.95,,-36000000.0,320000000.0,320000000.0,320000000.0,,2376000000.0,3301000000.0,-77000000.0,,323000000.0,4000000.0,161000000.0,2376000000.0,925000000.0,50000000.0,1000000.0,515000000.0,410000000.0,-126000000.0,284000000.0,3301000000.0,336900000.0,337000000.0,347000000.0
Seagate Technology PLC,STX,396PBGKP6TE3O062MS44,1137789,2014.0,Q3YTD,2013-06-29,2014-03-28,,71000000.0,3.68,3.68,1.24,3.57,,22000000.0,1250000000.0,1250000000.0,1250000000.0,,7502000000.0,10423000000.0,44000000.0,,903000000.0,20000000.0,561000000.0,7502000000.0,2921000000.0,145000000.0,7000000.0,1555000000.0,1366000000.0,-94000000.0,1272000000.0,10423000000.0,326400000.0,327000000.0,338000000.0
Seagate Technology PLC,STX,396PBGKP6TE3O062MS44,1137789,2014.0,Q3TTM,2013-03-30,2014-03-28,,91000000.0,4.68,4.68,1.62,4.53,,-24000000.0,1598000000.0,1598000000.0,1598000000.0,,9988000000.0,13848000000.0,-52000000.0,,1197000000.0,20000000.0,739000000.0,9988000000.0,3860000000.0,196000000.0,9000000.0,2047000000.0,1813000000.0,-239000000.0,1574000000.0,13848000000.0,326400000.0,327000000.0,338000000.0
Seagate Technology PLC,STX,396PBGKP6TE3O062MS44,1137789,2014.0,Q3,2013-12-28,2014-03-28,2015-04-30 16:57:17+00:00,26000000.0,1.21,1.21,0.43,1.17,,-5000000.0,395000000.0,395000000.0,395000000.0,0.0,2447000000.0,3406000000.0,-3000000.0,0.0,297000000.0,2000000.0,190000000.0,2447000000.0,959000000.0,52000000.0,1000000.0,515000000.0,444000000.0,-54000000.0,390000000.0,3406000000.0,326400000.0,327000000.0,338000000.0
Seagate Technology PLC,STX,396PBGKP6TE3O062MS44,1137789,2014.0,Q2YTD,2013-06-29,2013-12-27,,45000000.0,2.47,2.47,0.81,2.4,,27000000.0,855000000.0,855000000.0,855000000.0,,5055000000.0,7017000000.0,47000000.0,,606000000.0,18000000.0,371000000.0,5055000000.0,1962000000.0,93000000.0,6000000.0,1040000000.0,922000000.0,-40000000.0,882000000.0,7017000000.0,337000000.0,336000000.0,346000000.0
Seagate Technology PLC,STX,396PBGKP6TE3O062MS44,1137789,2014.0,Q2TTM,2012-12-29,2013-12-27,,85000000.0,4.63,4.63,1.19,4.49,,-5000000.0,1619000000.0,1619000000.0,1619000000.0,,10119000000.0,13968000000.0,-33000000.0,,1194000000.0,19000000.0,717000000.0,10119000000.0,3849000000.0,197000000.0,10000000.0,2015000000.0,1834000000.0,-220000000.0,1614000000.0,13968000000.0,337000000.0,336000000.0,346000000.0
Seagate Technology PLC,STX,396PBGKP6TE3O062MS44,1137789,2014.0,Q2,2013-09-28,2013-12-27,2015-01-30 16:40:39+00:00,25000000.0,1.27,1.27,0.43,1.24,,14000000.0,428000000.0,428000000.0,428000000.0,0.0,2541000000.0,3528000000.0,46000000.0,0.0,312000000.0,16000000.0,190000000.0,2541000000.0,987000000.0,49000000.0,1000000.0,543000000.0,444000000.0,-2000000.0,442000000.0,3528000000.0,337000000.0,336000000.0,346000000.0
Seagate Technology PLC,STX,396PBGKP6TE3O062MS44,1137789,2014.0,Q1TTM,2012-09-29,2013-09-27,,80000000.0,4.69,4.69,1.46,4.55,,-12000000.0,1683000000.0,1683000000.0,1683000000.0,,10254000000.0,14108000000.0,-82000000.0,,1159000000.0,4000000.0,666000000.0,10254000000.0,3854000000.0,203000000.0,11000000.0,1909000000.0,1945000000.0,-274000000.0,1671000000.0,14108000000.0,355800000.0,357000000.0,368000000.0
Seagate Technology PLC,STX,396PBGKP6TE3O062MS44,1137789,2014.0,Q1,2013-06-29,2013-09-27,2014-10-31 19:31:39+00:00,20000000.0,1.2,1.2,0.38,1.16,,13000000.0,427000000.0,427000000.0,427000000.0,0.0,2514000000.0,3489000000.0,1000000.0,,294000000.0,2000000.0,181000000.0,2514000000.0,975000000.0,44000000.0,5000000.0,497000000.0,478000000.0,-38000000.0,440000000.0,3489000000.0,355800000.0,357000000.0,368000000.0
Seagate Technology PLC,STX,396PBGKP6TE3O062MS44,1137789,2015.0,FY,2014-06-28,2015-07-03,2017-08-04 16:37:26+00:00,129000000.0,5.38,5.38,2.05,5.26,,228000000.0,1742000000.0,1742000000.0,1742000000.0,,9930000000.0,13739000000.0,113000000.0,-620000000.0,1353000000.0,32000000.0,857000000.0,9930000000.0,3809000000.0,207000000.0,6000000.0,1751000000.0,2058000000.0,-88000000.0,1970000000.0,13739000000.0,323800000.0,324000000.0,331000000.0
Seagate Technology PLC,STX,396PBGKP6TE3O062MS44,1137789,2015.0,Q4,2015-04-04,2015-07-03,,33000000.0,0.47,0.47,0.54,0.47,,11000000.0,137000000.0,137000000.0,137000000.0,,2152000000.0,2928000000.0,-6000000.0,,324000000.0,9000000.0,204000000.0,2152000000.0,776000000.0,55000000.0,3000000.0,570000000.0,206000000.0,-58000000.0,148000000.0,2928000000.0,323800000.0,324000000.0,331000000.0
Seagate Technology PLC,STX,396PBGKP6TE3O062MS44,1137789,2015.0,Q3,2015-01-03,2015-04-03,2016-04-29 16:17:51+00:00,33000000.0,0.9,0.9,0.54,0.88,,13000000.0,291000000.0,291000000.0,291000000.0,,2375000000.0,3330000000.0,8000000.0,0.0,346000000.0,14000000.0,219000000.0,2375000000.0,955000000.0,48000000.0,1000000.0,612000000.0,343000000.0,-39000000.0,304000000.0,3330000000.0,323300000.0,323000000.0,330000000.0
Seagate Technology PLC,STX,396PBGKP6TE3O062MS44,1137789,2015.0,Q3YTD,2014-06-28,2015-04-03,,96000000.0,4.91,4.91,1.51,4.79,,217000000.0,1605000000.0,1605000000.0,1605000000.0,,7778000000.0,10811000000.0,119000000.0,-620000000.0,1029000000.0,23000000.0,653000000.0,7778000000.0,3033000000.0,152000000.0,3000000.0,1181000000.0,1852000000.0,-30000000.0,1822000000.0,10811000000.0,323300000.0,323000000.0,330000000.0
Seagate Technology PLC,STX,396PBGKP6TE3O062MS44,1137789,2015.0,Q3TTM,2014-03-29,2015-04-03,,123000000.0,5.89,5.89,1.94,5.74,,181000000.0,1925000000.0,1925000000.0,1925000000.0,,10154000000.0,14112000000.0,42000000.0,-620000000.0,1352000000.0,27000000.0,814000000.0,10154000000.0,3958000000.0,202000000.0,4000000.0,1696000000.0,2262000000.0,-156000000.0,2106000000.0,14112000000.0,323300000.0,323000000.0,330000000.0
Seagate Technology PLC,STX,396PBGKP6TE3O062MS44,1137789,2015.0,Q2,2014-10-04,2015-01-02,2016-01-29 16:10:34+00:00,32000000.0,2.84,2.84,0.54,2.78,,193000000.0,933000000.0,933000000.0,933000000.0,,2669000000.0,3696000000.0,122000000.0,-620000000.0,341000000.0,3000000.0,218000000.0,2669000000.0,1027000000.0,50000000.0,1000000.0,-26000000.0,1053000000.0,73000000.0,1126000000.0,3696000000.0,328500000.0,328000000.0,336000000.0
Seagate Technology PLC,STX,396PBGKP6TE3O062MS44,1137789,2015.0,Q2YTD,2014-06-28,2015-01-02,,63000000.0,4.01,4.01,0.97,3.91,,204000000.0,1314000000.0,1314000000.0,1314000000.0,,5403000000.0,7481000000.0,111000000.0,-620000000.0,683000000.0,9000000.0,434000000.0,5403000000.0,2078000000.0,104000000.0,2000000.0,569000000.0,1509000000.0,9000000.0,1518000000.0,7481000000.0,328500000.0,328000000.0,336000000.0
Seagate Technology PLC,STX,396PBGKP6TE3O062MS44,1137789,2015.0,Q2TTM,2013-12-28,2015-01-02,,116000000.0,6.2,6.2,1.83,6.03,,163000000.0,2029000000.0,2029000000.0,2029000000.0,,10226000000.0,14188000000.0,31000000.0,-620000000.0,1303000000.0,15000000.0,785000000.0,10226000000.0,3962000000.0,206000000.0,4000000.0,1599000000.0,2363000000.0,-171000000.0,2192000000.0,14188000000.0,328500000.0,328000000.0,336000000.0
Seagate Technology PLC,STX,396PBGKP6TE3O062MS44,1137789,2015.0,Q1,2014-06-28,2014-10-03,2015-10-30 16:17:44+00:00,31000000.0,1.17,1.17,0.43,1.13,,11000000.0,381000000.0,381000000.0,381000000.0,,2734000000.0,3785000000.0,-11000000.0,,342000000.0,6000000.0,216000000.0,2734000000.0,1051000000.0,54000000.0,1000000.0,595000000.0,456000000.0,-64000000.0,392000000.0,3785000000.0,325600000.0,327000000.0,337000000.0
Seagate Technology PLC,STX,396PBGKP6TE3O062MS44,1137789,2015.0,Q1TTM,2013-09-28,2014-10-03,,109000000.0,4.63,4.63,1.72,4.49,,-16000000.0,1524000000.0,1524000000.0,1524000000.0,,10098000000.0,14020000000.0,-45000000.0,,1274000000.0,28000000.0,757000000.0,10098000000.0,3922000000.0,205000000.0,4000000.0,2168000000.0,1754000000.0,-246000000.0,1508000000.0,14020000000.0,325600000.0,327000000.0,337000000.0
Seagate Technology PLC,STX,396PBGKP6TE3O062MS44,1137789,2016.0,FY,2015-07-04,2016-07-01,2018-08-03 16:13:27+00:00,123000000.0,0.83,0.83,2.43,0.82,,26000000.0,248000000.0,248000000.0,248000000.0,,8545000000.0,11160000000.0,19000000.0,,1237000000.0,175000000.0,635000000.0,8545000000.0,2615000000.0,193000000.0,3000000.0,2170000000.0,445000000.0,-171000000.0,274000000.0,11160000000.0,298800000.0,299000000.0,302000000.0
Seagate Technology PLC,STX,396PBGKP6TE3O062MS44,1137789,2016.0,Q4,2016-04-02,2016-07-01,,29000000.0,0.24,0.24,0.63,0.23,,-16000000.0,70000000.0,70000000.0,70000000.0,,1993000000.0,2654000000.0,2000000.0,,307000000.0,79000000.0,143000000.0,1993000000.0,661000000.0,51000000.0,,558000000.0,103000000.0,-49000000.0,54000000.0,2654000000.0,298800000.0,299000000.0,302000000.0
Seagate Technology PLC,STX,396PBGKP6TE3O062MS44,1137789,2016.0,Q3,2016-01-02,2016-04-01,2017-04-28 17:19:10+00:00,29000000.0,-0.07,-0.07,0.63,-0.07,,30000000.0,-21000000.0,-21000000.0,-21000000.0,,2071000000.0,2595000000.0,28000000.0,,298000000.0,20000000.0,150000000.0,2071000000.0,524000000.0,47000000.0,1000000.0,497000000.0,27000000.0,-18000000.0,9000000.0,2595000000.0,300000000.0,298000000.0,298000000.0
Seagate Technology PLC,STX,396PBGKP6TE3O062MS44,1137789,2016.0,Q3YTD,2015-07-04,2016-04-01,,94000000.0,0.59,0.59,1.8,0.59,,42000000.0,178000000.0,178000000.0,178000000.0,,6552000000.0,8506000000.0,17000000.0,,930000000.0,96000000.0,492000000.0,6552000000.0,1954000000.0,142000000.0,3000000.0,1612000000.0,342000000.0,-122000000.0,220000000.0,8506000000.0,300000000.0,298000000.0,298000000.0
Seagate Technology PLC,STX,396PBGKP6TE3O062MS44,1137789,2016.0,Q3TTM,2015-04-04,2016-04-01,,127000000.0,1.06,1.06,2.34,1.06,,53000000.0,315000000.0,315000000.0,315000000.0,,8704000000.0,11434000000.0,11000000.0,,1254000000.0,105000000.0,696000000.0,8704000000.0,2730000000.0,197000000.0,6000000.0,2182000000.0,548000000.0,-180000000.0,368000000.0,11434000000.0,300000000.0,298000000.0,298000000.0
Seagate Technology PLC,STX,396PBGKP6TE3O062MS44,1137789,2016.0,Q2,2015-10-03,2016-01-01,2017-01-26 16:10:10+00:00,31000000.0,0.55,0.55,0.63,0.55,,15000000.0,165000000.0,165000000.0,165000000.0,,2245000000.0,2986000000.0,-2000000.0,,304000000.0,17000000.0,160000000.0,2245000000.0,741000000.0,48000000.0,1000000.0,512000000.0,229000000.0,-49000000.0,180000000.0,2986000000.0,300000000.0,299000000.0,301000000.0
Seagate Technology PLC,STX,396PBGKP6TE3O062MS44,1137789,2016.0,Q2YTD,2015-07-04,2016-01-01,,65000000.0,0.66,0.66,1.17,0.66,,12000000.0,199000000.0,199000000.0,199000000.0,,4481000000.0,5911000000.0,-11000000.0,,632000000.0,76000000.0,342000000.0,4481000000.0,1430000000.0,95000000.0,2000000.0,1115000000.0,315000000.0,-104000000.0,211000000.0,5911000000.0,300000000.0,299000000.0,301000000.0
Seagate Technology PLC,STX,396PBGKP6TE3O062MS44,1137789,2016.0,Q2TTM,2015-01-03,2016-01-01,,131000000.0,2.03,2.03,2.25,2.01,,36000000.0,627000000.0,627000000.0,627000000.0,,9008000000.0,12169000000.0,-9000000.0,,1302000000.0,99000000.0,765000000.0,9008000000.0,3161000000.0,198000000.0,6000000.0,2297000000.0,864000000.0,-201000000.0,663000000.0,12169000000.0,300000000.0,299000000.0,301000000.0
Seagate Technology PLC,STX,396PBGKP6TE3O062MS44,1137789,2016.0,Q1,2015-07-04,2015-10-02,2016-10-28 16:11:01+00:00,34000000.0,0.11,0.11,0.54,0.11,,-3000000.0,34000000.0,34000000.0,34000000.0,,2236000000.0,2925000000.0,-9000000.0,,328000000.0,59000000.0,182000000.0,2236000000.0,689000000.0,47000000.0,1000000.0,603000000.0,86000000.0,-55000000.0,31000000.0,2925000000.0,309100000.0,302000000.0,308000000.0
Seagate Technology PLC,STX,396PBGKP6TE3O062MS44,1137789,2016.0,Q1TTM,2014-10-04,2015-10-02,,132000000.0,4.32,4.32,2.16,4.24,,214000000.0,1395000000.0,1395000000.0,1395000000.0,,9432000000.0,12879000000.0,115000000.0,-620000000.0,1339000000.0,85000000.0,823000000.0,9432000000.0,3447000000.0,200000000.0,6000000.0,1759000000.0,1688000000.0,-79000000.0,1609000000.0,12879000000.0,309100000.0,302000000.0,308000000.0
Seagate Technology PLC,STX,396PBGKP6TE3O062MS44,1137789,2017.0,FY,2016-07-02,2017-06-30,2019-08-02 16:11:06+00:00,104000000.0,2.61,2.61,2.52,2.58,,43000000.0,772000000.0,772000000.0,772000000.0,,7597000000.0,10771000000.0,-29000000.0,,1232000000.0,178000000.0,606000000.0,7597000000.0,3174000000.0,222000000.0,12000000.0,2120000000.0,1054000000.0,-239000000.0,815000000.0,10771000000.0,295800000.0,296000000.0,299000000.0
Seagate Technology PLC,STX,396PBGKP6TE3O062MS44,1137789,2017.0,Q4,2017-04-01,2017-06-30,,20000000.0,0.39,0.39,0.63,0.38,,6000000.0,114000000.0,114000000.0,114000000.0,,1740000000.0,2406000000.0,-20000000.0,,288000000.0,15000000.0,146000000.0,1740000000.0,666000000.0,62000000.0,5000000.0,469000000.0,197000000.0,-77000000.0,120000000.0,2406000000.0,295800000.0,296000000.0,299000000.0
Seagate Technology PLC,STX,396PBGKP6TE3O062MS44,1137789,2017.0,Q3,2016-12-31,2017-03-31,2018-05-01 16:16:09+00:00,28000000.0,0.66,0.66,0.63,0.65,,18000000.0,194000000.0,194000000.0,194000000.0,,1858000000.0,2674000000.0,1000000.0,,324000000.0,48000000.0,150000000.0,1858000000.0,816000000.0,60000000.0,5000000.0,550000000.0,266000000.0,-54000000.0,212000000.0,2674000000.0,293900000.0,296000000.0,300000000.0
Seagate Technology PLC,STX,396PBGKP6TE3O062MS44,1137789,2017.0,Q3YTD,2016-07-02,2017-03-31,,84000000.0,2.22,2.22,1.89,2.2,,37000000.0,658000000.0,658000000.0,658000000.0,,5857000000.0,8365000000.0,-9000000.0,,944000000.0,163000000.0,460000000.0,5857000000.0,2508000000.0,160000000.0,7000000.0,1651000000.0,857000000.0,-162000000.0,695000000.0,8365000000.0,293900000.0,296000000.0,300000000.0
Seagate Technology PLC,STX,396PBGKP6TE3O062MS44,1137789,2017.0,Q3TTM,2016-04-02,2017-03-31,,113000000.0,2.46,2.46,2.52,2.43,,21000000.0,728000000.0,728000000.0,728000000.0,,7850000000.0,11019000000.0,-7000000.0,,1251000000.0,242000000.0,603000000.0,7850000000.0,3169000000.0,211000000.0,7000000.0,2209000000.0,960000000.0,-211000000.0,749000000.0,11019000000.0,293900000.0,296000000.0,300000000.0
Seagate Technology PLC,STX,396PBGKP6TE3O062MS44,1137789,2017.0,Q2,2016-10-01,2016-12-30,2018-01-29 16:07:05+00:00,28000000.0,1.0,1.0,0.63,1.0,,13000000.0,297000000.0,297000000.0,297000000.0,,2003000000.0,2894000000.0,-11000000.0,,305000000.0,33000000.0,155000000.0,2003000000.0,891000000.0,50000000.0,1000000.0,521000000.0,370000000.0,-60000000.0,310000000.0,2894000000.0,297000000.0,296000000.0,298000000.0
Seagate Technology PLC,STX,396PBGKP6TE3O062MS44,1137789,2017.0,Q2YTD,2016-07-02,2016-12-30,,56000000.0,1.56,1.56,1.26,1.55,,19000000.0,464000000.0,464000000.0,464000000.0,,3999000000.0,5691000000.0,-10000000.0,,620000000.0,115000000.0,310000000.0,3999000000.0,1692000000.0,100000000.0,2000000.0,1101000000.0,591000000.0,-108000000.0,483000000.0,5691000000.0,297000000.0,296000000.0,298000000.0
Seagate Technology PLC,STX,396PBGKP6TE3O062MS44,1137789,2017.0,Q2TTM,2016-01-02,2016-12-30,,114000000.0,1.73,1.73,2.52,1.71,,33000000.0,513000000.0,513000000.0,513000000.0,,8063000000.0,10940000000.0,20000000.0,,1225000000.0,214000000.0,603000000.0,8063000000.0,2877000000.0,198000000.0,3000000.0,2156000000.0,721000000.0,-175000000.0,546000000.0,10940000000.0,297000000.0,296000000.0,298000000.0
Seagate Technology PLC,STX,396PBGKP6TE3O062MS44,1137789,2017.0,Q1,2016-07-02,2016-09-30,2017-10-27 16:07:08+00:00,28000000.0,0.56,0.56,0.63,0.55,,6000000.0,167000000.0,167000000.0,167000000.0,,1996000000.0,2797000000.0,1000000.0,,315000000.0,82000000.0,155000000.0,1996000000.0,801000000.0,50000000.0,1000000.0,580000000.0,221000000.0,-48000000.0,173000000.0,2797000000.0,298200000.0,299000000.0,301000000.0
Seagate Technology PLC,STX,396PBGKP6TE3O062MS44,1137789,2017.0,Q1TTM,2015-10-03,2016-09-30,,117000000.0,1.28,1.28,2.52,1.26,,35000000.0,381000000.0,381000000.0,381000000.0,,8305000000.0,11032000000.0,29000000.0,,1224000000.0,198000000.0,608000000.0,8305000000.0,2727000000.0,196000000.0,3000000.0,2147000000.0,580000000.0,-164000000.0,416000000.0,11032000000.0,298200000.0,299000000.0,301000000.0
Seagate Technology PLC,STX,396PBGKP6TE3O062MS44,1137789,2018.0,FY,2017-07-01,2018-06-29,2019-08-02 16:11:06+00:00,53000000.0,4.1,4.1,2.52,4.05,,236000000.0,1182000000.0,1182000000.0,1182000000.0,,7820000000.0,11184000000.0,-18000000.0,,1026000000.0,89000000.0,562000000.0,7820000000.0,3364000000.0,236000000.0,38000000.0,1730000000.0,1634000000.0,-216000000.0,1418000000.0,11184000000.0,288300000.0,288000000.0,292000000.0
Seagate Technology PLC,STX,396PBGKP6TE3O062MS44,1137789,2018.0,Q4,2018-03-31,2018-06-29,,6000000.0,1.6,1.6,0.63,1.57,,5000000.0,461000000.0,461000000.0,461000000.0,,1931000000.0,2835000000.0,,,259000000.0,-6000000.0,140000000.0,1931000000.0,904000000.0,54000000.0,15000000.0,399000000.0,505000000.0,-39000000.0,466000000.0,2835000000.0,288300000.0,288000000.0,292000000.0
Seagate Technology PLC,STX,396PBGKP6TE3O062MS44,1137789,2018.0,Q3,2017-12-30,2018-03-30,2019-04-30 16:07:28+00:00,6000000.0,1.33,1.33,0.63,1.31,,12000000.0,381000000.0,381000000.0,381000000.0,,1956000000.0,2803000000.0,2000000.0,,254000000.0,11000000.0,135000000.0,1956000000.0,847000000.0,60000000.0,10000000.0,406000000.0,441000000.0,-48000000.0,393000000.0,2803000000.0,286500000.0,286000000.0,291000000.0
Seagate Technology PLC,STX,396PBGKP6TE3O062MS44,1137789,2018.0,Q3YTD,2017-07-01,2018-03-30,,47000000.0,2.5,2.5,1.89,2.48,,231000000.0,721000000.0,721000000.0,721000000.0,,5889000000.0,8349000000.0,-18000000.0,,767000000.0,95000000.0,422000000.0,5889000000.0,2460000000.0,182000000.0,23000000.0,1331000000.0,1129000000.0,-177000000.0,952000000.0,8349000000.0,286500000.0,286000000.0,291000000.0
Seagate Technology PLC,STX,396PBGKP6TE3O062MS44,1137789,2018.0,Q3TTM,2017-04-01,2018-03-30,,67000000.0,2.89,2.89,2.52,2.86,,237000000.0,835000000.0,835000000.0,835000000.0,,7629000000.0,10755000000.0,-38000000.0,,1055000000.0,110000000.0,568000000.0,7629000000.0,3126000000.0,244000000.0,28000000.0,1800000000.0,1326000000.0,-254000000.0,1072000000.0,10755000000.0,286500000.0,286000000.0,291000000.0
Seagate Technology PLC,STX,396PBGKP6TE3O062MS44,1137789,2018.0,Q2,2017-09-30,2017-12-29,2019-02-04 16:10:47+00:00,19000000.0,0.55,0.55,0.63,0.55,,212000000.0,159000000.0,159000000.0,159000000.0,,2037000000.0,2914000000.0,-7000000.0,,250000000.0,33000000.0,142000000.0,2037000000.0,877000000.0,61000000.0,6000000.0,444000000.0,433000000.0,-62000000.0,371000000.0,2914000000.0,289100000.0,288000000.0,291000000.0
Seagate Technology PLC,STX,396PBGKP6TE3O062MS44,1137789,2018.0,Q2YTD,2017-07-01,2017-12-29,,41000000.0,1.17,1.17,1.26,1.17,,219000000.0,340000000.0,340000000.0,340000000.0,,3933000000.0,5546000000.0,-20000000.0,,513000000.0,84000000.0,287000000.0,3933000000.0,1613000000.0,122000000.0,13000000.0,925000000.0,688000000.0,-129000000.0,559000000.0,5546000000.0,289100000.0,288000000.0,291000000.0
Seagate Technology PLC,STX,396PBGKP6TE3O062MS44,1137789,2018.0,Q2TTM,2016-12-31,2017-12-29,,89000000.0,2.22,2.22,2.52,2.2,,243000000.0,648000000.0,648000000.0,648000000.0,,7531000000.0,10626000000.0,-39000000.0,,1125000000.0,147000000.0,583000000.0,7531000000.0,3095000000.0,244000000.0,23000000.0,1944000000.0,1151000000.0,-260000000.0,891000000.0,10626000000.0,289100000.0,288000000.0,291000000.0
Seagate Technology PLC,STX,396PBGKP6TE3O062MS44,1137789,2018.0,Q1,2017-07-01,2017-09-29,2018-11-02 16:12:20+00:00,22000000.0,0.62,0.62,0.63,0.62,,7000000.0,181000000.0,181000000.0,181000000.0,,1896000000.0,2632000000.0,-13000000.0,,263000000.0,51000000.0,145000000.0,1896000000.0,736000000.0,61000000.0,7000000.0,481000000.0,255000000.0,-67000000.0,188000000.0,2632000000.0,291900000.0,290000000.0,292000000.0
Seagate Technology PLC,STX,396PBGKP6TE3O062MS44,1137789,2018.0,Q1TTM,2016-10-01,2017-09-29,,98000000.0,2.67,2.67,2.52,2.65,,44000000.0,786000000.0,786000000.0,786000000.0,,7497000000.0,10606000000.0,-43000000.0,,1180000000.0,147000000.0,596000000.0,7497000000.0,3109000000.0,233000000.0,18000000.0,2021000000.0,1088000000.0,-258000000.0,830000000.0,10606000000.0,291900000.0,290000000.0,292000000.0
Seagate Technology PLC,STX,396PBGKP6TE3O062MS44,1137789,2019.0,Q4,2019-03-30,2019-06-28,,6000000.0,3.52,3.52,0.63,3.49,,-692000000.0,983000000.0,983000000.0,983000000.0,,1747000000.0,2371000000.0,-3000000.0,,241000000.0,-63000000.0,108000000.0,1747000000.0,624000000.0,55000000.0,17000000.0,292000000.0,332000000.0,-41000000.0,291000000.0,2371000000.0,282200000.0,282000000.0,285000000.0
Seagate Technology PLC,STX,396PBGKP6TE3O062MS44,1137789,2019.0,FY,2018-06-30,2019-06-28,2019-08-02 16:11:06+00:00,23000000.0,7.13,7.13,2.52,7.06,,-640000000.0,2012000000.0,2012000000.0,2012000000.0,,7458000000.0,10390000000.0,25000000.0,,991000000.0,-22000000.0,453000000.0,7458000000.0,2932000000.0,224000000.0,84000000.0,1445000000.0,1487000000.0,-115000000.0,1372000000.0,10390000000.0,282200000.0,282000000.0,285000000.0
Seagate Technology PLC,STX,396PBGKP6TE3O062MS44,1137789,2019.0,Q3,2018-12-29,2019-03-29,2020-04-30 16:02:02+00:00,6000000.0,0.69,0.69,0.63,0.69,,20000000.0,195000000.0,195000000.0,195000000.0,,1712000000.0,2313000000.0,13000000.0,,238000000.0,11000000.0,110000000.0,1712000000.0,601000000.0,55000000.0,21000000.0,365000000.0,236000000.0,-21000000.0,215000000.0,2313000000.0,282600000.0,281000000.0,284000000.0
Seagate Technology PLC,STX,396PBGKP6TE3O062MS44,1137789,2019.0,Q3YTD,2018-06-30,2019-03-29,,17000000.0,3.61,3.61,1.89,3.57,,52000000.0,1029000000.0,1029000000.0,1029000000.0,,5711000000.0,8019000000.0,28000000.0,,750000000.0,41000000.0,345000000.0,5711000000.0,2308000000.0,169000000.0,67000000.0,1153000000.0,1155000000.0,-74000000.0,1081000000.0,8019000000.0,282600000.0,281000000.0,284000000.0
Seagate Technology PLC,STX,396PBGKP6TE3O062MS44,1137789,2019.0,Q3TTM,2018-03-31,2019-03-29,,23000000.0,5.21,5.21,2.52,5.14,,57000000.0,1490000000.0,1490000000.0,1490000000.0,,7642000000.0,10854000000.0,28000000.0,,1009000000.0,35000000.0,485000000.0,7642000000.0,3212000000.0,223000000.0,82000000.0,1552000000.0,1660000000.0,-113000000.0,1547000000.0,10854000000.0,282600000.0,281000000.0,284000000.0
Seagate Technology PLC,STX,396PBGKP6TE3O062MS44,1137789,2019.0,Q2,2018-09-29,2018-12-28,2020-02-04 18:26:58+00:00,5000000.0,1.35,1.35,0.63,1.34,,14000000.0,384000000.0,384000000.0,384000000.0,,1921000000.0,2715000000.0,16000000.0,,246000000.0,7000000.0,120000000.0,1921000000.0,794000000.0,56000000.0,22000000.0,378000000.0,416000000.0,-18000000.0,398000000.0,2715000000.0,284400000.0,285000000.0,287000000.0
Seagate Technology PLC,STX,396PBGKP6TE3O062MS44,1137789,2019.0,Q2YTD,2018-06-30,2018-12-28,,11000000.0,2.92,2.92,1.26,2.88,,32000000.0,834000000.0,834000000.0,834000000.0,,3999000000.0,5706000000.0,15000000.0,,512000000.0,30000000.0,235000000.0,3999000000.0,1707000000.0,114000000.0,46000000.0,788000000.0,919000000.0,-53000000.0,866000000.0,5706000000.0,284400000.0,285000000.0,287000000.0
Seagate Technology PLC,STX,396PBGKP6TE3O062MS44,1137789,2019.0,Q2TTM,2017-12-30,2018-12-28,,23000000.0,5.85,5.85,2.52,5.76,,49000000.0,1676000000.0,1676000000.0,1676000000.0,,7886000000.0,11344000000.0,17000000.0,,1025000000.0,35000000.0,510000000.0,7886000000.0,3458000000.0,228000000.0,71000000.0,1593000000.0,1865000000.0,-140000000.0,1725000000.0,11344000000.0,284400000.0,285000000.0,287000000.0
Seagate Technology PLC,STX,396PBGKP6TE3O062MS44,1137789,2019.0,Q1,2018-06-30,2018-09-28,2019-11-01 17:23:59+00:00,6000000.0,1.57,1.57,0.63,1.54,,18000000.0,450000000.0,450000000.0,450000000.0,,2078000000.0,2991000000.0,-1000000.0,,266000000.0,23000000.0,115000000.0,2078000000.0,913000000.0,58000000.0,24000000.0,410000000.0,503000000.0,-35000000.0,468000000.0,2991000000.0,286600000.0,287000000.0,292000000.0
Seagate Technology PLC,STX,396PBGKP6TE3O062MS44,1137789,2019.0,Q1TTM,2017-09-30,2018-09-28,,37000000.0,5.05,5.05,2.52,4.97,,247000000.0,1451000000.0,1451000000.0,1451000000.0,,8002000000.0,11543000000.0,-6000000.0,,1029000000.0,61000000.0,532000000.0,8002000000.0,3541000000.0,233000000.0,55000000.0,1659000000.0,1882000000.0,-184000000.0,1698000000.0,11543000000.0,286600000.0,287000000.0,292000000.0
Seagate Technology PLC,STX,396PBGKP6TE3O062MS44,1137789,2020.0,Q3YTD,2019-06-29,2020-04-03,,11000000.0,3.19,3.19,1.93,3.16,,34000000.0,838000000.0,838000000.0,838000000.0,,5817000000.0,7992000000.0,-28000000.0,,751000000.0,19000000.0,361000000.0,5817000000.0,2175000000.0,152000000.0,19000000.0,1142000000.0,1033000000.0,-161000000.0,872000000.0,7992000000.0,260200000.0,261000000.0,263000000.0
Seagate Technology PLC,STX,396PBGKP6TE3O062MS44,1137789,2020.0,Q3TTM,2019-03-30,2020-04-03,,17000000.0,6.71,6.71,2.56,6.65,,-658000000.0,1821000000.0,1821000000.0,1821000000.0,,7564000000.0,10363000000.0,-31000000.0,,992000000.0,-44000000.0,469000000.0,7564000000.0,2799000000.0,207000000.0,36000000.0,1434000000.0,1365000000.0,-202000000.0,1163000000.0,10363000000.0,260200000.0,261000000.0,263000000.0
Seagate Technology PLC,STX,396PBGKP6TE3O062MS44,1137789,2020.0,Q3,2020-01-04,2020-04-03,2020-04-30 16:02:02+00:00,3000000.0,1.23,1.23,0.65,1.22,,18000000.0,320000000.0,320000000.0,320000000.0,,1972000000.0,2718000000.0,7000000.0,,246000000.0,2000000.0,119000000.0,1972000000.0,746000000.0,49000000.0,4000000.0,370000000.0,376000000.0,-38000000.0,338000000.0,2718000000.0,260200000.0,261000000.0,263000000.0
Seagate Technology PLC,STX,396PBGKP6TE3O062MS44,1137789,2020.0,Q2YTD,2019-06-29,2020-01-03,,8000000.0,1.96,1.96,1.28,1.94,,16000000.0,518000000.0,518000000.0,518000000.0,,3845000000.0,5274000000.0,-35000000.0,,505000000.0,17000000.0,242000000.0,3845000000.0,1429000000.0,103000000.0,15000000.0,772000000.0,657000000.0,-123000000.0,534000000.0,5274000000.0,262800000.0,262000000.0,265000000.0
Seagate Technology PLC,STX,396PBGKP6TE3O062MS44,1137789,2020.0,Q2TTM,2018-12-29,2020-01-03,,20000000.0,6.17,6.17,2.54,6.12,,-656000000.0,1696000000.0,1696000000.0,1696000000.0,,7304000000.0,9958000000.0,-25000000.0,,984000000.0,-35000000.0,460000000.0,7304000000.0,2654000000.0,213000000.0,53000000.0,1429000000.0,1225000000.0,-185000000.0,1040000000.0,9958000000.0,262800000.0,262000000.0,265000000.0
Seagate Technology PLC,STX,396PBGKP6TE3O062MS44,1137789,2020.0,Q2,2019-10-05,2020-01-03,2020-02-04 18:26:58+00:00,4000000.0,1.21,1.21,0.65,1.2,,18000000.0,318000000.0,318000000.0,318000000.0,,1938000000.0,2696000000.0,-4000000.0,,250000000.0,0.0,120000000.0,1938000000.0,758000000.0,48000000.0,4000000.0,374000000.0,384000000.0,-48000000.0,336000000.0,2696000000.0,262800000.0,262000000.0,265000000.0
Seagate Technology PLC,STX,396PBGKP6TE3O062MS44,1137789,2020.0,Q1TTM,2018-09-29,2019-10-04,,21000000.0,6.31,6.31,2.52,6.26,,-660000000.0,1762000000.0,1762000000.0,1762000000.0,,7287000000.0,9977000000.0,-5000000.0,,980000000.0,-28000000.0,460000000.0,7287000000.0,2690000000.0,221000000.0,71000000.0,1433000000.0,1257000000.0,-155000000.0,1102000000.0,9977000000.0,266700000.0,266000000.0,270000000.0
Seagate Technology PLC,STX,396PBGKP6TE3O062MS44,1137789,2020.0,Q1,2019-06-29,2019-10-04,2019-11-01 17:23:59+00:00,4000000.0,0.75,0.75,0.63,0.74,,-2000000.0,200000000.0,200000000.0,200000000.0,,1907000000.0,2578000000.0,-31000000.0,,255000000.0,17000000.0,122000000.0,1907000000.0,671000000.0,55000000.0,11000000.0,398000000.0,273000000.0,-75000000.0,198000000.0,2578000000.0,266700000.0,266000000.0,270000000.0
