company_name,company_ticker,company_lei,company_cik,year,quarter,start_date,end_date,filing_date,basicdilutedeps,basiceps,cashdividendspershare,dilutedeps,impairmentexpense,incometaxexpense,netincome,netincomecontinuing,netincometocommon,operatingcostofrevenue,operatingrevenue,otherincome,otherspecialcharges,restructuringcharge,sgaexpense,totalcostofrevenue,totalgrossprofit,totalinterestexpense,totaloperatingexpenses,totaloperatingincome,totalotherincome,totalpretaxincome,totalrevenue,weightedavebasicdilutedsharesos,weightedavebasicsharesos,weightedavedilutedsharesos
IDEX Corp,IEX,549300U5Y5EL6PHYLF13,832101,2008.0,FY,2008-01-01,2008-12-31,2011-02-25 15:10:15+00:00,1.55,1.55,0.48,1.53,30090000.0,65201000.0,127026000.0,127026000.0,127026000.0,892038000.0,1489471000.0,5123000.0,,17995000.0,343392000.0,892038000.0,597433000.0,18852000.0,391477000.0,205956000.0,-13729000.0,192227000.0,1489471000.0,82000000.0,81123000.0,82320000.0
IDEX Corp,IEX,549300U5Y5EL6PHYLF13,832101,2009.0,FY,2009-01-01,2009-12-31,2012-02-24 16:35:05+00:00,1.41,1.41,0.48,1.4,,55436000.0,113391000.0,113391000.0,113391000.0,807275000.0,1329661000.0,1151000.0,,12079000.0,325453000.0,807275000.0,522386000.0,17178000.0,337532000.0,184854000.0,-16027000.0,168827000.0,1329661000.0,80400000.0,79716000.0,80727000.0
IDEX Corp,IEX,549300U5Y5EL6PHYLF13,832101,2009.0,Q3,2009-07-01,2009-09-30,2010-11-03 18:35:29+00:00,0.37,0.37,,0.37,,14171000.0,29777000.0,29777000.0,29777000.0,194191000.0,323249000.0,1382000.0,,2752000.0,79789000.0,194191000.0,129058000.0,3951000.0,82541000.0,46517000.0,-2569000.0,43948000.0,323249000.0,80500000.0,79740000.0,80879000.0
IDEX Corp,IEX,549300U5Y5EL6PHYLF13,832101,2009.0,Q2,2009-04-01,2009-06-30,2010-08-06 16:02:46+00:00,0.35,0.35,,0.34,,13988000.0,27922000.0,27922000.0,27922000.0,205354000.0,336455000.0,-385000.0,,3250000.0,81116000.0,205354000.0,131101000.0,4440000.0,84366000.0,46735000.0,-4825000.0,41910000.0,336455000.0,79800000.0,79675000.0,80507000.0
IDEX Corp,IEX,549300U5Y5EL6PHYLF13,832101,2010.0,Q4,2010-10-01,2010-12-31,,0.51,0.51,0.6,0.49,,19052000.0,41513000.0,41513000.0,41513000.0,243230000.0,405218000.0,-484000.0,,4673000.0,91311000.0,243230000.0,161988000.0,4955000.0,95984000.0,66004000.0,-5439000.0,60565000.0,405218000.0,81400000.0,80466000.0,81983000.0
IDEX Corp,IEX,549300U5Y5EL6PHYLF13,832101,2010.0,FY,2010-01-01,2010-12-31,2013-02-21 16:47:17+00:00,1.93,1.93,0.6,1.9,,74774000.0,157100000.0,157100000.0,157100000.0,894590000.0,1513073000.0,-1092000.0,,11095000.0,358272000.0,894590000.0,618483000.0,16150000.0,369367000.0,249116000.0,-17242000.0,231874000.0,1513073000.0,81400000.0,80466000.0,81983000.0
IDEX Corp,IEX,549300U5Y5EL6PHYLF13,832101,2010.0,Q3YTD,2010-01-01,2010-09-30,,1.42,1.42,,1.41,,55722000.0,115587000.0,115587000.0,115587000.0,651360000.0,1107855000.0,-608000.0,,6422000.0,266961000.0,651360000.0,456495000.0,11195000.0,273383000.0,183112000.0,-11803000.0,171309000.0,1107855000.0,82100000.0,80517000.0,81938000.0
IDEX Corp,IEX,549300U5Y5EL6PHYLF13,832101,2010.0,Q3,2010-07-01,2010-09-30,2011-10-31 16:42:47+00:00,0.47,0.47,,0.47,,18612000.0,38564000.0,38564000.0,38564000.0,219598000.0,373731000.0,-1101000.0,,3524000.0,88170000.0,219598000.0,154133000.0,4162000.0,91694000.0,62439000.0,-5263000.0,57176000.0,373731000.0,82100000.0,80517000.0,81938000.0
IDEX Corp,IEX,549300U5Y5EL6PHYLF13,832101,2010.0,Q2YTD,2010-01-01,2010-06-30,,0.95,0.95,,0.94,,37110000.0,77023000.0,77023000.0,77023000.0,431762000.0,734124000.0,493000.0,,2898000.0,178791000.0,431762000.0,302362000.0,7033000.0,181689000.0,120673000.0,-6540000.0,114133000.0,734124000.0,80800000.0,80369000.0,81800000.0
IDEX Corp,IEX,549300U5Y5EL6PHYLF13,832101,2010.0,Q2,2010-04-01,2010-06-30,2011-08-08 17:16:36+00:00,0.5,0.5,,0.49,,19022000.0,40398000.0,40398000.0,40398000.0,223705000.0,378526000.0,239000.0,,1031000.0,91010000.0,223705000.0,154821000.0,3599000.0,92041000.0,62780000.0,-3360000.0,59420000.0,378526000.0,80800000.0,80369000.0,81800000.0
IDEX Corp,IEX,549300U5Y5EL6PHYLF13,832101,2010.0,Q1,2010-01-01,2010-03-31,2011-05-03 14:29:34+00:00,0.45,0.45,,0.45,,18088000.0,36625000.0,36625000.0,36625000.0,208057000.0,355598000.0,254000.0,,1867000.0,87781000.0,208057000.0,147541000.0,3434000.0,89648000.0,57893000.0,-3180000.0,54713000.0,355598000.0,81400000.0,80080000.0,81509000.0
IDEX Corp,IEX,549300U5Y5EL6PHYLF13,832101,2011.0,Q4,2011-10-01,2011-12-31,,0.57,0.57,0.68,0.57,,19776000.0,47388000.0,47388000.0,47388000.0,287081000.0,480683000.0,-442000.0,,9383000.0,108218000.0,287081000.0,193602000.0,8395000.0,117601000.0,76001000.0,-8837000.0,67164000.0,480683000.0,82800000.0,82145000.0,83543000.0
IDEX Corp,IEX,549300U5Y5EL6PHYLF13,832101,2011.0,FY,2011-01-01,2011-12-31,2014-02-13 14:56:29+00:00,2.34,2.34,0.68,2.32,0.0,80024000.0,193857000.0,193857000.0,193857000.0,1099778000.0,1838451000.0,-1443000.0,,12314000.0,421703000.0,1099778000.0,738673000.0,29332000.0,434017000.0,304656000.0,-30775000.0,273881000.0,1838451000.0,82800000.0,82145000.0,83543000.0
IDEX Corp,IEX,549300U5Y5EL6PHYLF13,832101,2011.0,Q3YTD,2011-01-01,2011-09-30,,1.77,1.77,,1.75,,60248000.0,146469000.0,146469000.0,146469000.0,812697000.0,1357768000.0,-1001000.0,,2931000.0,313485000.0,812697000.0,545071000.0,20937000.0,316416000.0,228655000.0,-21938000.0,206717000.0,1357768000.0,83300000.0,82402000.0,83586000.0
IDEX Corp,IEX,549300U5Y5EL6PHYLF13,832101,2011.0,Q3TTM,2010-10-01,2011-09-30,,2.28,2.28,0.6,2.24,,79300000.0,187982000.0,187982000.0,187982000.0,1055927000.0,1762986000.0,-1485000.0,,7604000.0,404796000.0,1055927000.0,707059000.0,25892000.0,412400000.0,294659000.0,-27377000.0,267282000.0,1762986000.0,83300000.0,82402000.0,83586000.0
IDEX Corp,IEX,549300U5Y5EL6PHYLF13,832101,2011.0,Q3,2011-07-01,2011-09-30,2012-11-02 16:27:46+00:00,0.58,0.58,,0.58,,14765000.0,48336000.0,48336000.0,48336000.0,295349000.0,476881000.0,-441000.0,,2931000.0,107296000.0,295349000.0,181532000.0,7763000.0,110227000.0,71305000.0,-8204000.0,63101000.0,476881000.0,83300000.0,82402000.0,83586000.0
IDEX Corp,IEX,549300U5Y5EL6PHYLF13,832101,2011.0,Q2YTD,2011-01-01,2011-06-30,,1.19,1.19,,1.17,,45483000.0,98133000.0,98133000.0,98133000.0,517348000.0,880887000.0,-560000.0,,,206189000.0,517348000.0,363539000.0,13174000.0,206189000.0,157350000.0,-13734000.0,143616000.0,880887000.0,82300000.0,82151000.0,83778000.0
IDEX Corp,IEX,549300U5Y5EL6PHYLF13,832101,2011.0,Q2TTM,2010-07-01,2011-06-30,,2.17,2.17,0.6,2.13,,83147000.0,178210000.0,178210000.0,178210000.0,980176000.0,1659836000.0,-2145000.0,,8197000.0,385670000.0,980176000.0,679660000.0,22291000.0,393867000.0,285793000.0,-24436000.0,261357000.0,1659836000.0,82300000.0,82151000.0,83778000.0
IDEX Corp,IEX,549300U5Y5EL6PHYLF13,832101,2011.0,Q2,2011-04-01,2011-06-30,2012-08-01 16:44:48+00:00,0.61,0.61,,0.6,,23074000.0,50182000.0,50182000.0,50182000.0,268959000.0,453798000.0,347000.0,,,105210000.0,268959000.0,184839000.0,6720000.0,105210000.0,79629000.0,-6373000.0,73256000.0,453798000.0,82300000.0,82151000.0,83778000.0
IDEX Corp,IEX,549300U5Y5EL6PHYLF13,832101,2011.0,Q1TTM,2010-04-01,2011-03-31,,2.06,2.06,0.6,2.02,,79095000.0,168426000.0,168426000.0,168426000.0,934922000.0,1584564000.0,-2253000.0,,9228000.0,371470000.0,934922000.0,649642000.0,19170000.0,380698000.0,268944000.0,-21423000.0,247521000.0,1584564000.0,82700000.0,81430000.0,83248000.0
IDEX Corp,IEX,549300U5Y5EL6PHYLF13,832101,2011.0,Q1,2011-01-01,2011-03-31,2012-05-08 14:51:14+00:00,0.58,0.58,,0.57,,22409000.0,47951000.0,47951000.0,47951000.0,248389000.0,427089000.0,-907000.0,,,100979000.0,248389000.0,178700000.0,6454000.0,100979000.0,77721000.0,-7361000.0,70360000.0,427089000.0,82700000.0,81430000.0,83248000.0
IDEX Corp,IEX,549300U5Y5EL6PHYLF13,832101,2012.0,Q4,2012-10-01,2012-12-31,,-1.43,-1.43,0.8,-1.42,198519000.0,-16869000.0,-119019000.0,-119019000.0,-119019000.0,287980000.0,490838000.0,217000.0,,17869000.0,112059000.0,287980000.0,202858000.0,10516000.0,328447000.0,-125589000.0,-10299000.0,-135888000.0,490838000.0,83600000.0,82689000.0,83641000.0
IDEX Corp,IEX,549300U5Y5EL6PHYLF13,832101,2012.0,FY,2012-01-01,2012-12-31,2015-02-23 14:32:59+00:00,0.45,0.45,0.8,0.45,198519000.0,48574000.0,37630000.0,37630000.0,37630000.0,1150558000.0,1954258000.0,236000.0,,32473000.0,444490000.0,1150558000.0,803700000.0,42250000.0,675482000.0,128218000.0,-42014000.0,86204000.0,1954258000.0,83600000.0,82689000.0,83641000.0
IDEX Corp,IEX,549300U5Y5EL6PHYLF13,832101,2012.0,Q3YTD,2012-01-01,2012-09-30,,1.88,1.88,,1.87,,65443000.0,156649000.0,156649000.0,156649000.0,862578000.0,1463420000.0,19000.0,,14604000.0,332431000.0,862578000.0,600842000.0,31734000.0,347035000.0,253807000.0,-31715000.0,222092000.0,1463420000.0,83500000.0,82482000.0,83370000.0
IDEX Corp,IEX,549300U5Y5EL6PHYLF13,832101,2012.0,Q3TTM,2011-10-01,2012-09-30,,2.45,2.45,0.68,2.44,,85219000.0,204037000.0,204037000.0,204037000.0,1149659000.0,1944103000.0,-423000.0,,23987000.0,440649000.0,1149659000.0,794444000.0,40129000.0,464636000.0,329808000.0,-40552000.0,289256000.0,1944103000.0,83500000.0,82482000.0,83370000.0
IDEX Corp,IEX,549300U5Y5EL6PHYLF13,832101,2012.0,Q3,2012-07-01,2012-09-30,2013-10-31 15:29:14+00:00,0.6,0.6,,0.6,,20057000.0,50127000.0,50127000.0,50127000.0,285019000.0,479859000.0,132000.0,,7085000.0,107167000.0,285019000.0,194840000.0,10536000.0,114252000.0,80588000.0,-10404000.0,70184000.0,479859000.0,83500000.0,82482000.0,83370000.0
IDEX Corp,IEX,549300U5Y5EL6PHYLF13,832101,2012.0,Q2YTD,2012-01-01,2012-06-30,,1.28,1.28,,1.27,,45386000.0,106522000.0,106522000.0,106522000.0,577559000.0,983561000.0,-113000.0,,7519000.0,225264000.0,577559000.0,406002000.0,21198000.0,232783000.0,173219000.0,-21311000.0,151908000.0,983561000.0,83600000.0,83180000.0,84090000.0
IDEX Corp,IEX,549300U5Y5EL6PHYLF13,832101,2012.0,Q2TTM,2011-07-01,2012-06-30,,2.43,2.43,0.68,2.42,,79927000.0,202246000.0,202246000.0,202246000.0,1159989000.0,1941125000.0,-996000.0,,19833000.0,440778000.0,1159989000.0,781136000.0,37356000.0,460611000.0,320525000.0,-38352000.0,282173000.0,1941125000.0,83600000.0,83180000.0,84090000.0
IDEX Corp,IEX,549300U5Y5EL6PHYLF13,832101,2012.0,Q2,2012-04-01,2012-06-30,2013-08-05 15:50:01+00:00,0.65,0.65,,0.65,,23533000.0,54351000.0,54351000.0,54351000.0,291031000.0,494144000.0,-230000.0,,2581000.0,111882000.0,291031000.0,203113000.0,10536000.0,114463000.0,88650000.0,-10766000.0,77884000.0,494144000.0,83600000.0,83180000.0,84090000.0
IDEX Corp,IEX,549300U5Y5EL6PHYLF13,832101,2012.0,Q1TTM,2011-04-01,2012-03-31,,2.39,2.39,0.68,2.37,,79468000.0,198077000.0,198077000.0,198077000.0,1137917000.0,1900779000.0,-419000.0,,17252000.0,434106000.0,1137917000.0,762862000.0,33540000.0,451358000.0,311504000.0,-33959000.0,277545000.0,1900779000.0,82800000.0,82804000.0,83902000.0
IDEX Corp,IEX,549300U5Y5EL6PHYLF13,832101,2012.0,Q1,2012-01-01,2012-03-31,2013-05-03 17:42:55+00:00,0.63,0.63,,0.62,,21853000.0,52171000.0,52171000.0,52171000.0,286528000.0,489417000.0,117000.0,,4938000.0,113382000.0,286528000.0,202889000.0,10662000.0,118320000.0,84569000.0,-10545000.0,74024000.0,489417000.0,82800000.0,82804000.0,83902000.0
IDEX Corp,IEX,549300U5Y5EL6PHYLF13,832101,2013.0,FY,2013-01-01,2013-12-31,2016-02-19 15:42:11+00:00,3.11,3.11,0.89,3.09,,97914000.0,255215000.0,255215000.0,255215000.0,1150766000.0,2024130000.0,-178000.0,,0.0,477851000.0,1150766000.0,873364000.0,42206000.0,477851000.0,395513000.0,-42384000.0,353129000.0,2024130000.0,82100000.0,81517000.0,82489000.0
IDEX Corp,IEX,549300U5Y5EL6PHYLF13,832101,2013.0,Q4,2013-10-01,2013-12-31,,0.83,0.83,0.89,0.81,,25140000.0,67555000.0,67555000.0,67555000.0,293611000.0,520620000.0,-696000.0,,,123136000.0,293611000.0,227009000.0,10482000.0,123136000.0,103873000.0,-11178000.0,92695000.0,520620000.0,82100000.0,81517000.0,82489000.0
IDEX Corp,IEX,549300U5Y5EL6PHYLF13,832101,2013.0,Q3YTD,2013-01-01,2013-09-30,,2.28,2.28,,2.28,,72774000.0,187660000.0,187660000.0,187660000.0,857155000.0,1503510000.0,518000.0,,,354715000.0,857155000.0,646355000.0,31724000.0,354715000.0,291640000.0,-31206000.0,260434000.0,1503510000.0,81800000.0,81259000.0,82218000.0
IDEX Corp,IEX,549300U5Y5EL6PHYLF13,832101,2013.0,Q3TTM,2012-10-01,2013-09-30,,0.85,0.85,0.8,0.86,198519000.0,55905000.0,68641000.0,68641000.0,68641000.0,1145135000.0,1994348000.0,735000.0,,17869000.0,466774000.0,1145135000.0,849213000.0,42240000.0,683162000.0,166051000.0,-41505000.0,124546000.0,1994348000.0,81800000.0,81259000.0,82218000.0
IDEX Corp,IEX,549300U5Y5EL6PHYLF13,832101,2013.0,Q3,2013-07-01,2013-09-30,2014-10-27 15:15:45+00:00,0.78,0.78,,0.78,,22812000.0,63799000.0,63799000.0,63799000.0,279108000.0,490617000.0,-188000.0,,,114140000.0,279108000.0,211509000.0,10570000.0,114140000.0,97369000.0,-10758000.0,86611000.0,490617000.0,81800000.0,81259000.0,82218000.0
IDEX Corp,IEX,549300U5Y5EL6PHYLF13,832101,2013.0,Q2YTD,2013-01-01,2013-06-30,,1.5,1.5,,1.5,,49962000.0,123861000.0,123861000.0,123861000.0,578047000.0,1012893000.0,706000.0,,,240575000.0,578047000.0,434846000.0,21154000.0,240575000.0,194271000.0,-20448000.0,173823000.0,1012893000.0,82300000.0,81829000.0,82734000.0
IDEX Corp,IEX,549300U5Y5EL6PHYLF13,832101,2013.0,Q2TTM,2012-07-01,2013-06-30,,0.67,0.67,0.8,0.68,198519000.0,53150000.0,54969000.0,54969000.0,54969000.0,1151046000.0,1983590000.0,1055000.0,,24954000.0,459801000.0,1151046000.0,832544000.0,42206000.0,683274000.0,149270000.0,-41151000.0,108119000.0,1983590000.0,82300000.0,81829000.0,82734000.0
IDEX Corp,IEX,549300U5Y5EL6PHYLF13,832101,2013.0,Q2,2013-04-01,2013-06-30,2014-07-29 16:31:09+00:00,0.76,0.76,,0.76,,25828000.0,62561000.0,62561000.0,62561000.0,295596000.0,518445000.0,-573000.0,,,123290000.0,295596000.0,222849000.0,10597000.0,123290000.0,99559000.0,-11170000.0,88389000.0,518445000.0,82300000.0,81829000.0,82734000.0
IDEX Corp,IEX,549300U5Y5EL6PHYLF13,832101,2013.0,Q1TTM,2012-04-01,2013-03-31,,0.56,0.56,0.8,0.57,198519000.0,50855000.0,46759000.0,46759000.0,46759000.0,1146481000.0,1959289000.0,1398000.0,,27535000.0,448393000.0,1146481000.0,812808000.0,42145000.0,674447000.0,138361000.0,-40747000.0,97614000.0,1959289000.0,82800000.0,82197000.0,83152000.0
IDEX Corp,IEX,549300U5Y5EL6PHYLF13,832101,2013.0,Q1,2013-01-01,2013-03-31,2014-04-29 12:30:46+00:00,0.74,0.74,,0.74,,24134000.0,61300000.0,61300000.0,61300000.0,282451000.0,494448000.0,1279000.0,,,117285000.0,282451000.0,211997000.0,10557000.0,117285000.0,94712000.0,-9278000.0,85434000.0,494448000.0,82800000.0,82197000.0,83152000.0
IDEX Corp,IEX,549300U5Y5EL6PHYLF13,832101,2014.0,FY,2014-01-01,2014-12-31,2017-02-23 12:49:53+00:00,3.48,3.48,1.12,3.45,,113054000.0,279386000.0,279386000.0,279386000.0,1198452000.0,2147767000.0,3111000.0,,13672000.0,504419000.0,1198452000.0,949315000.0,41895000.0,518091000.0,431224000.0,-38784000.0,392440000.0,2147767000.0,80300000.0,79715000.0,80728000.0
IDEX Corp,IEX,549300U5Y5EL6PHYLF13,832101,2014.0,Q4,2014-10-01,2014-12-31,,0.78,0.78,1.12,0.78,,23722000.0,61620000.0,61620000.0,61620000.0,294782000.0,523899000.0,1460000.0,,13672000.0,120991000.0,294782000.0,229117000.0,10572000.0,134663000.0,94454000.0,-9112000.0,85342000.0,523899000.0,80300000.0,79715000.0,80728000.0
IDEX Corp,IEX,549300U5Y5EL6PHYLF13,832101,2014.0,Q3,2014-07-01,2014-09-30,2015-10-26 18:12:17+00:00,0.89,0.89,,0.88,,29889000.0,71441000.0,71441000.0,71441000.0,298533000.0,533179000.0,944000.0,,0.0,123799000.0,298533000.0,234646000.0,10461000.0,123799000.0,110847000.0,-9517000.0,101330000.0,533179000.0,80300000.0,79558000.0,80561000.0
IDEX Corp,IEX,549300U5Y5EL6PHYLF13,832101,2014.0,Q3YTD,2014-01-01,2014-09-30,,2.7,2.7,,2.67,,89332000.0,217766000.0,217766000.0,217766000.0,903670000.0,1623868000.0,1651000.0,,,383428000.0,903670000.0,720198000.0,31323000.0,383428000.0,336770000.0,-29672000.0,307098000.0,1623868000.0,80300000.0,79558000.0,80561000.0
IDEX Corp,IEX,549300U5Y5EL6PHYLF13,832101,2014.0,Q3TTM,2013-10-01,2014-09-30,,3.53,3.53,0.89,3.48,,114472000.0,285321000.0,285321000.0,285321000.0,1197281000.0,2144488000.0,955000.0,,,506564000.0,1197281000.0,947207000.0,41805000.0,506564000.0,440643000.0,-40850000.0,399793000.0,2144488000.0,80300000.0,79558000.0,80561000.0
IDEX Corp,IEX,549300U5Y5EL6PHYLF13,832101,2014.0,Q2YTD,2014-01-01,2014-06-30,,1.81,1.81,,1.79,,59443000.0,146325000.0,146325000.0,146325000.0,605137000.0,1090689000.0,707000.0,,,259629000.0,605137000.0,485552000.0,20862000.0,259629000.0,225923000.0,-20155000.0,205768000.0,1090689000.0,80600000.0,80106000.0,81149000.0
IDEX Corp,IEX,549300U5Y5EL6PHYLF13,832101,2014.0,Q2TTM,2013-07-01,2014-06-30,,3.42,3.42,0.89,3.38,,107395000.0,277679000.0,277679000.0,277679000.0,1177856000.0,2101926000.0,-177000.0,,,496905000.0,1177856000.0,924070000.0,41914000.0,496905000.0,427165000.0,-42091000.0,385074000.0,2101926000.0,80600000.0,80106000.0,81149000.0
IDEX Corp,IEX,549300U5Y5EL6PHYLF13,832101,2014.0,Q2,2014-04-01,2014-06-30,2015-07-27 16:47:43+00:00,0.89,0.89,,0.88,,29769000.0,71777000.0,71777000.0,71777000.0,305561000.0,546693000.0,-137000.0,,,129044000.0,305561000.0,241132000.0,10405000.0,129044000.0,112088000.0,-10542000.0,101546000.0,546693000.0,80600000.0,80106000.0,81149000.0
IDEX Corp,IEX,549300U5Y5EL6PHYLF13,832101,2014.0,Q1TTM,2013-04-01,2014-03-31,,3.29,3.29,0.89,3.26,,103454000.0,268463000.0,268463000.0,268463000.0,1167891000.0,2073678000.0,-613000.0,,,491151000.0,1167891000.0,905787000.0,42106000.0,491151000.0,414636000.0,-42719000.0,371917000.0,2073678000.0,81000000.0,80527000.0,81575000.0
IDEX Corp,IEX,549300U5Y5EL6PHYLF13,832101,2014.0,Q1,2014-01-01,2014-03-31,2015-04-28 12:55:44+00:00,0.92,0.92,,0.91,,29674000.0,74548000.0,74548000.0,74548000.0,299576000.0,543996000.0,844000.0,,,130585000.0,299576000.0,244420000.0,10457000.0,130585000.0,113835000.0,-9613000.0,104222000.0,543996000.0,81000000.0,80527000.0,81575000.0
IDEX Corp,IEX,549300U5Y5EL6PHYLF13,832101,2015.0,FY,2015-01-01,2015-12-31,2018-02-22 16:15:56+00:00,3.65,3.65,1.28,3.62,,109538000.0,282807000.0,282807000.0,282807000.0,1116353000.0,2020668000.0,15061000.0,,11239000.0,474156000.0,1116353000.0,904315000.0,41636000.0,485395000.0,418920000.0,-26575000.0,392345000.0,2020668000.0,77500000.0,77126000.0,77972000.0
IDEX Corp,IEX,549300U5Y5EL6PHYLF13,832101,2015.0,Q4,2015-10-01,2015-12-31,,0.89,0.89,1.28,0.87,,20924000.0,67763000.0,67763000.0,67763000.0,276399000.0,499798000.0,13472000.0,18070000.0,6516000.0,113372000.0,276399000.0,223399000.0,10226000.0,137958000.0,85441000.0,3246000.0,88687000.0,499798000.0,77500000.0,77126000.0,77972000.0
IDEX Corp,IEX,549300U5Y5EL6PHYLF13,832101,2015.0,Q3,2015-07-01,2015-09-30,2016-10-25 17:10:29+00:00,1.03,1.03,,1.02,,32772000.0,79505000.0,79505000.0,79505000.0,280531000.0,503791000.0,693000.0,-18070000.0,4723000.0,114794000.0,280531000.0,223260000.0,10229000.0,101447000.0,121813000.0,-9536000.0,112277000.0,503791000.0,77200000.0,76831000.0,77646000.0
IDEX Corp,IEX,549300U5Y5EL6PHYLF13,832101,2015.0,Q3YTD,2015-01-01,2015-09-30,,2.76,2.76,,2.75,,88614000.0,215044000.0,215044000.0,215044000.0,839954000.0,1520870000.0,1589000.0,-18070000.0,4723000.0,360784000.0,839954000.0,680916000.0,31410000.0,347437000.0,333479000.0,-29821000.0,303658000.0,1520870000.0,77200000.0,76831000.0,77646000.0
IDEX Corp,IEX,549300U5Y5EL6PHYLF13,832101,2015.0,Q3TTM,2014-10-01,2015-09-30,,3.54,3.54,1.12,3.53,,112336000.0,276664000.0,276664000.0,276664000.0,1134736000.0,2044769000.0,3049000.0,-18070000.0,18395000.0,481775000.0,1134736000.0,910033000.0,41982000.0,482100000.0,427933000.0,-38933000.0,389000000.0,2044769000.0,77200000.0,76831000.0,77646000.0
IDEX Corp,IEX,549300U5Y5EL6PHYLF13,832101,2015.0,Q2,2015-04-01,2015-06-30,2016-08-01 13:21:52+00:00,0.89,0.89,,0.89,,28913000.0,69585000.0,69585000.0,69585000.0,283266000.0,514881000.0,-827000.0,,,121706000.0,283266000.0,231615000.0,10584000.0,121706000.0,109909000.0,-11411000.0,98498000.0,514881000.0,78200000.0,77466000.0,78297000.0
IDEX Corp,IEX,549300U5Y5EL6PHYLF13,832101,2015.0,Q2YTD,2015-01-01,2015-06-30,,1.73,1.73,,1.73,,55842000.0,135539000.0,135539000.0,135539000.0,559423000.0,1017079000.0,896000.0,,,245990000.0,559423000.0,457656000.0,21181000.0,245990000.0,211666000.0,-20285000.0,191381000.0,1017079000.0,78200000.0,77466000.0,78297000.0
IDEX Corp,IEX,549300U5Y5EL6PHYLF13,832101,2015.0,Q2TTM,2014-07-01,2015-06-30,,3.4,3.4,1.12,3.39,,109453000.0,268600000.0,268600000.0,268600000.0,1152738000.0,2074157000.0,3300000.0,,13672000.0,490780000.0,1152738000.0,921419000.0,42214000.0,504452000.0,416967000.0,-38914000.0,378053000.0,2074157000.0,78200000.0,77466000.0,78297000.0
IDEX Corp,IEX,549300U5Y5EL6PHYLF13,832101,2015.0,Q1,2015-01-01,2015-03-31,2016-04-25 15:41:21+00:00,0.84,0.84,,0.84,,26929000.0,65954000.0,65954000.0,65954000.0,276157000.0,502198000.0,1723000.0,,,124284000.0,276157000.0,226041000.0,10597000.0,124284000.0,101757000.0,-8874000.0,92883000.0,502198000.0,78500000.0,77996000.0,78856000.0
IDEX Corp,IEX,549300U5Y5EL6PHYLF13,832101,2015.0,Q1TTM,2014-04-01,2015-03-31,,3.4,3.4,1.12,3.38,,110309000.0,270792000.0,270792000.0,270792000.0,1175033000.0,2105969000.0,3990000.0,,13672000.0,498118000.0,1175033000.0,930936000.0,42035000.0,511790000.0,419146000.0,-38045000.0,381101000.0,2105969000.0,78500000.0,77996000.0,78856000.0
IDEX Corp,IEX,549300U5Y5EL6PHYLF13,832101,2016.0,FY,2016-01-01,2016-12-31,2019-02-28 17:22:58+00:00,3.57,3.57,1.36,3.53,,97403000.0,271109000.0,271109000.0,271109000.0,1182276000.0,2113043000.0,-20567000.0,,3674000.0,492398000.0,1182276000.0,930767000.0,45616000.0,496072000.0,434695000.0,-66183000.0,368512000.0,2113043000.0,75900000.0,75803000.0,76758000.0
IDEX Corp,IEX,549300U5Y5EL6PHYLF13,832101,2016.0,Q4,2016-10-01,2016-12-31,,0.75,0.75,1.36,0.74,,15400000.0,57347000.0,57347000.0,57347000.0,297934000.0,530419000.0,-23063000.0,-2067000.0,3674000.0,123059000.0,297934000.0,232485000.0,12009000.0,124666000.0,107819000.0,-35072000.0,72747000.0,530419000.0,75900000.0,75803000.0,76758000.0
IDEX Corp,IEX,549300U5Y5EL6PHYLF13,832101,2016.0,Q3,2016-07-01,2016-09-30,2017-10-23 15:58:35+00:00,0.92,0.92,,0.91,,29435000.0,69873000.0,69873000.0,69873000.0,299467000.0,530356000.0,1513000.0,2067000.0,0.0,119114000.0,299467000.0,230889000.0,11913000.0,121181000.0,109708000.0,-10400000.0,99308000.0,530356000.0,75900000.0,75819000.0,76880000.0
IDEX Corp,IEX,549300U5Y5EL6PHYLF13,832101,2016.0,Q3YTD,2016-01-01,2016-09-30,,2.82,2.82,,2.79,,82003000.0,213762000.0,213762000.0,213762000.0,884342000.0,1582624000.0,2496000.0,2067000.0,,369339000.0,884342000.0,698282000.0,33607000.0,371406000.0,326876000.0,-31111000.0,295765000.0,1582624000.0,75900000.0,75819000.0,76880000.0
IDEX Corp,IEX,549300U5Y5EL6PHYLF13,832101,2016.0,Q3TTM,2015-10-01,2016-09-30,,3.71,3.71,1.28,3.66,,102927000.0,281525000.0,281525000.0,281525000.0,1160741000.0,2082422000.0,15968000.0,20137000.0,6516000.0,482711000.0,1160741000.0,921681000.0,43833000.0,509364000.0,412317000.0,-27865000.0,384452000.0,2082422000.0,75900000.0,75819000.0,76880000.0
IDEX Corp,IEX,549300U5Y5EL6PHYLF13,832101,2016.0,Q2,2016-04-01,2016-06-30,2017-07-26 12:09:28+00:00,1.0,1.0,,0.99,,27886000.0,75759000.0,75759000.0,75759000.0,305638000.0,549696000.0,1027000.0,,0.0,130235000.0,305638000.0,244058000.0,11205000.0,130235000.0,113823000.0,-10178000.0,103645000.0,549696000.0,75800000.0,75690000.0,76674000.0
IDEX Corp,IEX,549300U5Y5EL6PHYLF13,832101,2016.0,Q2YTD,2016-01-01,2016-06-30,,1.9,1.9,,1.88,,52568000.0,143889000.0,143889000.0,143889000.0,584875000.0,1052268000.0,983000.0,,,250225000.0,584875000.0,467393000.0,21694000.0,250225000.0,217168000.0,-20711000.0,196457000.0,1052268000.0,75800000.0,75690000.0,76674000.0
IDEX Corp,IEX,549300U5Y5EL6PHYLF13,832101,2016.0,Q2TTM,2015-07-01,2016-06-30,,3.82,3.82,1.28,3.77,,106264000.0,291157000.0,291157000.0,291157000.0,1141805000.0,2055857000.0,15148000.0,,11239000.0,478391000.0,1141805000.0,914052000.0,42149000.0,489630000.0,424422000.0,-27001000.0,397421000.0,2055857000.0,75800000.0,75690000.0,76674000.0
IDEX Corp,IEX,549300U5Y5EL6PHYLF13,832101,2016.0,Q1,2016-01-01,2016-03-31,2017-04-26 12:49:41+00:00,0.9,0.9,,0.89,,24682000.0,68130000.0,68130000.0,68130000.0,279237000.0,502572000.0,-44000.0,,0.0,119990000.0,279237000.0,223335000.0,10489000.0,119990000.0,103345000.0,-10533000.0,92812000.0,502572000.0,75700000.0,75749000.0,76699000.0
IDEX Corp,IEX,549300U5Y5EL6PHYLF13,832101,2016.0,Q1TTM,2015-04-01,2016-03-31,,3.71,3.71,1.28,3.67,,107291000.0,284983000.0,284983000.0,284983000.0,1119433000.0,2021042000.0,13294000.0,,11239000.0,469862000.0,1119433000.0,901609000.0,41528000.0,481101000.0,420508000.0,-28234000.0,392274000.0,2021042000.0,75700000.0,75749000.0,76699000.0
IDEX Corp,IEX,549300U5Y5EL6PHYLF13,832101,2017.0,FY,2017-01-01,2017-12-31,2020-02-21 14:33:15+00:00,4.41,4.41,1.48,4.36,,118016000.0,337257000.0,337257000.0,337257000.0,1260634000.0,2287312000.0,6879000.0,,8455000.0,524940000.0,1260634000.0,1026678000.0,44889000.0,533395000.0,493283000.0,-38010000.0,455273000.0,2287312000.0,76500000.0,76232000.0,77333000.0
IDEX Corp,IEX,549300U5Y5EL6PHYLF13,832101,2017.0,Q4,2017-10-01,2017-12-31,,1.23,1.23,1.48,1.21,,29869000.0,93746000.0,93733000.0,93746000.0,325022000.0,585904000.0,8596000.0,,3658000.0,131249000.0,325022000.0,260882000.0,10969000.0,134907000.0,125975000.0,-2373000.0,123602000.0,585904000.0,76500000.0,76232000.0,77333000.0
IDEX Corp,IEX,549300U5Y5EL6PHYLF13,832101,2017.0,Q3,2017-07-01,2017-09-30,2018-10-24 14:10:02+00:00,1.09,1.09,,1.08,,30019000.0,83768000.0,83768000.0,83768000.0,316560000.0,574490000.0,-1653000.0,,0.0,131426000.0,316560000.0,257930000.0,11064000.0,131426000.0,126504000.0,-12717000.0,113787000.0,574490000.0,76900000.0,76309000.0,77523000.0
IDEX Corp,IEX,549300U5Y5EL6PHYLF13,832101,2017.0,Q3YTD,2017-01-01,2017-09-30,,3.18,3.18,,3.15,,88147000.0,243511000.0,243524000.0,243511000.0,935612000.0,1701408000.0,-1717000.0,,4797000.0,393691000.0,935612000.0,765796000.0,33920000.0,398488000.0,367308000.0,-35637000.0,331671000.0,1701408000.0,76900000.0,76309000.0,77523000.0
IDEX Corp,IEX,549300U5Y5EL6PHYLF13,832101,2017.0,Q3TTM,2016-10-01,2017-09-30,,3.93,3.93,1.36,3.89,,103547000.0,300858000.0,300871000.0,300858000.0,1233546000.0,2231827000.0,-24780000.0,-2067000.0,8471000.0,516750000.0,1233546000.0,998281000.0,45929000.0,523154000.0,475127000.0,-70709000.0,404418000.0,2231827000.0,76900000.0,76309000.0,77523000.0
IDEX Corp,IEX,549300U5Y5EL6PHYLF13,832101,2017.0,Q2,2017-04-01,2017-06-30,2018-07-25 12:19:44+00:00,1.1,1.1,,1.08,,29600000.0,83844000.0,83857000.0,83844000.0,316441000.0,573366000.0,-372000.0,,0.0,131792000.0,316441000.0,256925000.0,11304000.0,131792000.0,125133000.0,-11676000.0,113457000.0,573366000.0,76200000.0,76220000.0,77320000.0
IDEX Corp,IEX,549300U5Y5EL6PHYLF13,832101,2017.0,Q2YTD,2017-01-01,2017-06-30,,2.09,2.09,,2.07,,58128000.0,159743000.0,159756000.0,159743000.0,619052000.0,1126918000.0,-64000.0,,4797000.0,262265000.0,619052000.0,507866000.0,22856000.0,267062000.0,240804000.0,-22920000.0,217884000.0,1126918000.0,76200000.0,76220000.0,77320000.0
IDEX Corp,IEX,549300U5Y5EL6PHYLF13,832101,2017.0,Q2TTM,2016-07-01,2017-06-30,,3.76,3.76,1.36,3.72,,102963000.0,286963000.0,286976000.0,286963000.0,1216453000.0,2187693000.0,-21614000.0,,8471000.0,504438000.0,1216453000.0,971240000.0,46778000.0,512909000.0,458331000.0,-68392000.0,389939000.0,2187693000.0,76200000.0,76220000.0,77320000.0
IDEX Corp,IEX,549300U5Y5EL6PHYLF13,832101,2017.0,Q1,2017-01-01,2017-03-31,2018-04-30 13:34:18+00:00,0.99,0.99,,0.99,,28528000.0,75899000.0,75899000.0,75899000.0,302611000.0,553552000.0,308000.0,,4797000.0,130473000.0,302611000.0,250941000.0,11552000.0,135270000.0,115671000.0,-11244000.0,104427000.0,553552000.0,76700000.0,76115000.0,76894000.0
IDEX Corp,IEX,549300U5Y5EL6PHYLF13,832101,2017.0,Q1TTM,2016-04-01,2017-03-31,,3.66,3.66,1.36,3.63,,101249000.0,278878000.0,278878000.0,278878000.0,1205650000.0,2164023000.0,-20215000.0,,8471000.0,502881000.0,1205650000.0,958373000.0,46679000.0,511352000.0,447021000.0,-66894000.0,380127000.0,2164023000.0,76700000.0,76115000.0,76894000.0
IDEX Corp,IEX,549300U5Y5EL6PHYLF13,832101,2018.0,FY,2018-01-01,2018-12-31,2020-02-21 14:33:15+00:00,5.36,5.36,1.72,5.29,,118366000.0,410573000.0,410573000.0,410573000.0,1365771000.0,2483666000.0,3985000.0,,12083000.0,536724000.0,1365771000.0,1117895000.0,44134000.0,548807000.0,569088000.0,-40149000.0,528939000.0,2483666000.0,76600000.0,76412000.0,77563000.0
IDEX Corp,IEX,549300U5Y5EL6PHYLF13,832101,2018.0,Q4,2018-10-01,2018-12-31,,1.28,1.28,0.43,1.27,,30692000.0,98137000.0,98133000.0,98137000.0,340451000.0,614094000.0,420000.0,,3832000.0,130370000.0,340451000.0,273643000.0,11036000.0,134202000.0,139441000.0,-10616000.0,128825000.0,614094000.0,76600000.0,76412000.0,77563000.0
IDEX Corp,IEX,549300U5Y5EL6PHYLF13,832101,2018.0,Q3,2018-07-01,2018-09-30,2019-10-30 11:49:38+00:00,1.39,1.39,0.43,1.37,,26900000.0,106352000.0,106341000.0,106352000.0,342655000.0,622888000.0,-934000.0,,4621000.0,130479000.0,342655000.0,280233000.0,10958000.0,135100000.0,145133000.0,-11892000.0,133241000.0,622888000.0,76500000.0,76562000.0,77709000.0
IDEX Corp,IEX,549300U5Y5EL6PHYLF13,832101,2018.0,Q3YTD,2018-01-01,2018-09-30,,4.08,4.08,1.29,4.02,,87674000.0,312436000.0,312440000.0,312436000.0,1025320000.0,1869572000.0,3565000.0,,8251000.0,406354000.0,1025320000.0,844252000.0,33098000.0,414605000.0,429647000.0,-29533000.0,400114000.0,1869572000.0,76500000.0,76562000.0,77709000.0
IDEX Corp,IEX,549300U5Y5EL6PHYLF13,832101,2018.0,Q3TTM,2017-10-01,2018-09-30,,5.31,5.31,2.77,5.23,,117543000.0,406182000.0,406173000.0,406182000.0,1350342000.0,2455476000.0,12161000.0,,11909000.0,537603000.0,1350342000.0,1105134000.0,44067000.0,549512000.0,555622000.0,-31906000.0,523716000.0,2455476000.0,76500000.0,76562000.0,77709000.0
IDEX Corp,IEX,549300U5Y5EL6PHYLF13,832101,2018.0,Q2,2018-04-01,2018-06-30,2019-07-26 12:01:17+00:00,1.4,1.4,0.86,1.38,,29600000.0,107126000.0,107141000.0,107126000.0,346993000.0,634360000.0,50000.0,,1988000.0,137548000.0,346993000.0,287367000.0,11140000.0,139536000.0,147831000.0,-11090000.0,136741000.0,634360000.0,76500000.0,76539000.0,77704000.0
IDEX Corp,IEX,549300U5Y5EL6PHYLF13,832101,2018.0,Q2YTD,2018-01-01,2018-06-30,,2.69,2.69,0.86,2.65,,60774000.0,206084000.0,206099000.0,206084000.0,682665000.0,1246684000.0,4499000.0,,3630000.0,275875000.0,682665000.0,564019000.0,22140000.0,279505000.0,284514000.0,-17641000.0,266873000.0,1246684000.0,76500000.0,76539000.0,77704000.0
IDEX Corp,IEX,549300U5Y5EL6PHYLF13,832101,2018.0,Q2TTM,2017-07-01,2018-06-30,,5.01,5.01,2.34,4.94,,120662000.0,383598000.0,383600000.0,383598000.0,1324247000.0,2407078000.0,11442000.0,,7288000.0,538550000.0,1324247000.0,1082831000.0,44173000.0,545838000.0,536993000.0,-32731000.0,504262000.0,2407078000.0,76500000.0,76539000.0,77704000.0
IDEX Corp,IEX,549300U5Y5EL6PHYLF13,832101,2018.0,Q1,2018-01-01,2018-03-31,2019-04-26 12:29:03+00:00,1.29,1.29,,1.27,,31174000.0,98958000.0,98958000.0,98958000.0,335672000.0,612324000.0,4449000.0,,1642000.0,138327000.0,335672000.0,276652000.0,11000000.0,139969000.0,136683000.0,-6551000.0,130132000.0,612324000.0,76700000.0,76419000.0,77739000.0
IDEX Corp,IEX,549300U5Y5EL6PHYLF13,832101,2018.0,Q1TTM,2017-04-01,2018-03-31,,4.71,4.71,1.48,4.64,,120662000.0,360316000.0,360316000.0,360316000.0,1293695000.0,2346084000.0,11020000.0,,5300000.0,532794000.0,1293695000.0,1052389000.0,44337000.0,538094000.0,514295000.0,-33317000.0,480978000.0,2346084000.0,76700000.0,76419000.0,77739000.0
IDEX Corp,IEX,549300U5Y5EL6PHYLF13,832101,2019.0,Q4,2019-10-01,2019-12-31,,1.27,1.27,0.5,1.27,,25249000.0,96850000.0,96787000.0,96850000.0,339112000.0,605997000.0,-1058000.0,,6962000.0,125750000.0,339112000.0,266885000.0,11079000.0,132712000.0,134173000.0,-12137000.0,122036000.0,605997000.0,75700000.0,75594000.0,76454000.0
IDEX Corp,IEX,549300U5Y5EL6PHYLF13,832101,2019.0,FY,2019-01-01,2019-12-31,2020-02-21 14:33:15+00:00,5.62,5.62,2.0,5.56,,107382000.0,425521000.0,425521000.0,425521000.0,1369539000.0,2494573000.0,-1759000.0,,21044000.0,524987000.0,1369539000.0,1125034000.0,44341000.0,546031000.0,579003000.0,-46100000.0,532903000.0,2494573000.0,75700000.0,75594000.0,76454000.0
IDEX Corp,IEX,549300U5Y5EL6PHYLF13,832101,2019.0,Q3YTD,2019-01-01,2019-09-30,,4.35,4.35,1.5,4.29,,82133000.0,328671000.0,328734000.0,328671000.0,1030427000.0,1888576000.0,-701000.0,,14082000.0,399237000.0,1030427000.0,858149000.0,33262000.0,413319000.0,444830000.0,-33963000.0,410867000.0,1888576000.0,75700000.0,75698000.0,76577000.0
IDEX Corp,IEX,549300U5Y5EL6PHYLF13,832101,2019.0,Q3TTM,2018-10-01,2019-09-30,,5.63,5.63,1.93,5.56,,112825000.0,426808000.0,426867000.0,426808000.0,1370878000.0,2502670000.0,-281000.0,,17914000.0,529607000.0,1370878000.0,1131792000.0,44298000.0,547521000.0,584271000.0,-44579000.0,539692000.0,2502670000.0,75700000.0,75698000.0,76577000.0
IDEX Corp,IEX,549300U5Y5EL6PHYLF13,832101,2019.0,Q3,2019-07-01,2019-09-30,2019-10-30 11:49:38+00:00,1.39,1.39,0.5,1.37,,24000000.0,105194000.0,105216000.0,105194000.0,342268000.0,624246000.0,-1219000.0,,11956000.0,128257000.0,342268000.0,281978000.0,11330000.0,140213000.0,141765000.0,-12549000.0,129216000.0,624246000.0,75700000.0,75698000.0,76577000.0
IDEX Corp,IEX,549300U5Y5EL6PHYLF13,832101,2019.0,Q2YTD,2019-01-01,2019-06-30,,2.96,2.96,1.0,2.92,,58133000.0,223477000.0,223518000.0,223477000.0,688159000.0,1264330000.0,518000.0,,2126000.0,270980000.0,688159000.0,576171000.0,21932000.0,273106000.0,303065000.0,-21414000.0,281651000.0,1264330000.0,75500000.0,75460000.0,76387000.0
IDEX Corp,IEX,549300U5Y5EL6PHYLF13,832101,2019.0,Q2TTM,2018-07-01,2019-06-30,,5.63,5.63,1.86,5.56,,115725000.0,427966000.0,427992000.0,427966000.0,1371265000.0,2501312000.0,4000.0,,10579000.0,531829000.0,1371265000.0,1130047000.0,43926000.0,542408000.0,587639000.0,-43922000.0,543717000.0,2501312000.0,75500000.0,75460000.0,76387000.0
IDEX Corp,IEX,549300U5Y5EL6PHYLF13,832101,2019.0,Q2,2019-04-01,2019-06-30,2019-07-26 12:01:17+00:00,1.5,1.5,1.0,1.48,,31400000.0,113209000.0,113250000.0,113209000.0,349762000.0,642099000.0,378000.0,,2126000.0,134928000.0,349762000.0,292337000.0,11011000.0,137054000.0,155283000.0,-10633000.0,144650000.0,642099000.0,75500000.0,75460000.0,76387000.0
IDEX Corp,IEX,549300U5Y5EL6PHYLF13,832101,2019.0,Q1,2019-01-01,2019-03-31,2020-04-24 11:16:18+00:00,1.46,1.46,,1.44,,26733000.0,110268000.0,110268000.0,110268000.0,338397000.0,622231000.0,140000.0,,,136052000.0,338397000.0,283834000.0,10921000.0,136052000.0,147782000.0,-10781000.0,137001000.0,622231000.0,75500000.0,75442000.0,76284000.0
IDEX Corp,IEX,549300U5Y5EL6PHYLF13,832101,2019.0,Q1TTM,2018-04-01,2019-03-31,,5.53,5.53,1.72,5.46,,113925000.0,421883000.0,421883000.0,421883000.0,1368496000.0,2493573000.0,-324000.0,,10441000.0,534449000.0,1368496000.0,1125077000.0,44055000.0,544890000.0,580187000.0,-44379000.0,535808000.0,2493573000.0,75500000.0,75442000.0,76284000.0
IDEX Corp,IEX,549300U5Y5EL6PHYLF13,832101,2020.0,Q1TTM,2019-04-01,2020-03-31,,5.51,5.51,2.0,5.45,,106150000.0,417251000.0,417251000.0,417251000.0,1353648000.0,2466804000.0,-3464000.0,,21044000.0,520950000.0,1353648000.0,1113156000.0,44297000.0,541994000.0,571162000.0,-47761000.0,523401000.0,2466804000.0,75600000.0,75740000.0,76452000.0
IDEX Corp,IEX,549300U5Y5EL6PHYLF13,832101,2020.0,Q1,2020-01-01,2020-03-31,2020-04-24 11:16:18+00:00,1.35,1.35,,1.33,,25501000.0,101998000.0,101998000.0,101998000.0,322506000.0,594462000.0,-1565000.0,,,132015000.0,322506000.0,271956000.0,10877000.0,132015000.0,139941000.0,-12442000.0,127499000.0,594462000.0,75600000.0,75740000.0,76452000.0
