company_name,company_ticker,company_lei,company_cik,year,quarter,start_date,end_date,filing_date,basicdilutedeps,basiceps,cashdividendspershare,depreciationexpense,dilutedeps,impairmentexpense,incometaxexpense,marketingexpense,netincome,netincomecontinuing,netincomediscontinued,netincometocommon,netincometononcontrollinginterest,operatingcostofrevenue,operatingrevenue,otheradjustmentstoconsolidatednetincome,othergains,otherincome,otheroperatingexpenses,sgaexpense,totalcostofrevenue,totalgrossprofit,totalinterestexpense,totalinterestincome,totaloperatingexpenses,totaloperatingincome,totalotherincome,totalpretaxincome,totalrevenue,weightedavebasicdilutedsharesos,weightedavebasicsharesos,weightedavedilutedsharesos
HollyFrontier Corp,HFC,,48039,2008.0,FY,2008-01-01,2008-12-31,2011-02-25 14:23:53+00:00,2.4,2.4,,62995000.0,2.38,,64028000.0,,126636000.0,123718000.0,2918000.0,120558000.0,6078000.0,5280699000.0,5860357000.0,,,,,320983000.0,5280699000.0,579658000.0,23955000.0,16021000.0,383978000.0,195680000.0,-7934000.0,187746000.0,5860357000.0,50200000.0,50202000.0,50549000.0
HollyFrontier Corp,HFC,,48039,2009.0,FY,2009-01-01,2009-12-31,2011-02-25 14:23:53+00:00,0.39,0.39,,98751000.0,0.39,,7460000.0,,53269000.0,51552000.0,25675000.0,19533000.0,33736000.0,4238008000.0,4834268000.0,-23958000.0,14002000.0,,,417198000.0,4238008000.0,596260000.0,40346000.0,5045000.0,515949000.0,80311000.0,-35301000.0,45010000.0,4834268000.0,50100000.0,50418000.0,50603000.0
HollyFrontier Corp,HFC,,48039,2009.0,Q3,2009-07-01,2009-09-30,2010-11-05 12:10:33+00:00,0.47,0.47,0.15,24026000.0,0.47,,13497000.0,,31078000.0,30177000.0,901000.0,23484000.0,7594000.0,1295438000.0,1488491000.0,,,-378000.0,,113445000.0,1295438000.0,193053000.0,12407000.0,877000.0,137471000.0,55582000.0,-11908000.0,43674000.0,1488491000.0,50000000.0,50244000.0,50327000.0
HollyFrontier Corp,HFC,,48039,2009.0,Q2,2009-04-01,2009-06-30,2010-08-06 13:05:18+00:00,0.29,0.29,0.15,25260000.0,0.29,,9322000.0,,21144000.0,19938000.0,1206000.0,14605000.0,6539000.0,879926000.0,1035778000.0,,,-1610000.0,,93141000.0,879926000.0,155852000.0,7203000.0,622000.0,118401000.0,37451000.0,-8191000.0,29260000.0,1035778000.0,50400000.0,50170000.0,50226000.0
HollyFrontier Corp,HFC,,48039,2010.0,Q4,2010-10-01,2010-12-31,,0.14,0.14,0.54,31810000.0,0.14,,4836000.0,,24249000.0,24249000.0,,14719000.0,9530000.0,1988029000.0,2211791000.0,,,,-251094000.0,397086000.0,1988029000.0,223762000.0,18083000.0,1208000.0,177802000.0,45960000.0,-16875000.0,29085000.0,2211791000.0,106100000.0,106436000.0,107218000.0
HollyFrontier Corp,HFC,,48039,2010.0,FY,2010-01-01,2010-12-31,2013-02-27 21:48:14+00:00,0.98,0.98,,117529000.0,0.97,,59312000.0,,133051000.0,133051000.0,,103964000.0,29087000.0,7367149000.0,8322929000.0,,,0.0,,575253000.0,7367149000.0,955780000.0,74196000.0,3561000.0,692782000.0,262998000.0,-70635000.0,192363000.0,8322929000.0,106100000.0,106436000.0,107218000.0
HollyFrontier Corp,HFC,,48039,2010.0,Q3,2010-07-01,2010-09-30,2011-11-08 15:31:54+00:00,0.48,0.48,0.08,29138000.0,0.48,,31494000.0,,59390000.0,59390000.0,,51177000.0,8213000.0,1807044000.0,2090988000.0,,,,130263000.0,16925000.0,1807044000.0,283944000.0,17368000.0,634000.0,176326000.0,107618000.0,-16734000.0,90884000.0,2090988000.0,106600000.0,106420000.0,107134000.0
HollyFrontier Corp,HFC,,48039,2010.0,Q3YTD,2010-01-01,2010-09-30,,0.84,0.84,0.22,85719000.0,0.84,,54476000.0,,108802000.0,108802000.0,,89245000.0,19557000.0,5379120000.0,6111138000.0,,,,251094000.0,178167000.0,5379120000.0,732018000.0,56113000.0,2353000.0,514980000.0,217038000.0,-53760000.0,163278000.0,6111138000.0,106600000.0,106420000.0,107134000.0
HollyFrontier Corp,HFC,,48039,2010.0,Q2,2010-04-01,2010-06-30,2011-08-08 14:24:53+00:00,1.24,1.24,0.15,28824000.0,1.24,,39654000.0,,72666000.0,72666000.0,,66162000.0,6504000.0,1848212000.0,2145860000.0,,,,120831000.0,15829000.0,1848212000.0,297648000.0,21023000.0,1179000.0,165484000.0,132164000.0,-19844000.0,112320000.0,2145860000.0,53400000.0,53206000.0,53408000.0
HollyFrontier Corp,HFC,,48039,2010.0,Q2YTD,2010-01-01,2010-06-30,,0.72,0.72,0.75,56581000.0,0.72,,22982000.0,,49412000.0,49412000.0,,38068000.0,11344000.0,3572076000.0,4020150000.0,,,,120831000.0,161242000.0,3572076000.0,448074000.0,38745000.0,1719000.0,338654000.0,109420000.0,-37026000.0,72394000.0,4020150000.0,53400000.0,53206000.0,53408000.0
HollyFrontier Corp,HFC,,48039,2010.0,Q1,2010-01-01,2010-03-31,2011-05-06 18:16:37+00:00,-0.53,-0.53,0.15,27757000.0,-0.53,,-16672000.0,,-23254000.0,-23254000.0,,-28094000.0,4840000.0,1723864000.0,1874290000.0,,,,,145413000.0,1723864000.0,150426000.0,17722000.0,540000.0,173170000.0,-22744000.0,-17182000.0,-39926000.0,1874290000.0,53000000.0,53094000.0,53094000.0
HollyFrontier Corp,HFC,,48039,2011.0,Q4,2011-10-01,2011-12-31,,1.41,1.41,0.76,53327000.0,1.41,,116261000.0,,235849000.0,232151000.0,,223380000.0,12469000.0,4258439000.0,4972412000.0,3698000.0,,-3698000.0,,287583000.0,4258439000.0,713973000.0,21852000.0,899000.0,340910000.0,373063000.0,-24651000.0,348412000.0,4972412000.0,158400000.0,157948000.0,158756000.0
HollyFrontier Corp,HFC,,48039,2011.0,FY,2011-01-01,2011-12-31,2014-02-25 17:38:12+00:00,6.46,6.46,,159707000.0,6.42,,581991000.0,,1059704000.0,1059704000.0,,1023397000.0,36307000.0,12680078000.0,15439528000.0,,,-15114000.0,,868195000.0,12680078000.0,2759450000.0,78323000.0,3584000.0,1027902000.0,1731548000.0,-89853000.0,1641695000.0,15439528000.0,158400000.0,157948000.0,158756000.0
HollyFrontier Corp,HFC,,48039,2011.0,Q3,2011-07-01,2011-09-30,2011-11-08 15:31:54+00:00,2.5,2.5,1.09,43240000.0,2.48,,304758000.0,,531011000.0,531011000.0,,523088000.0,7923000.0,3989927000.0,5173398000.0,,,-9100000.0,,271024000.0,3989927000.0,1183471000.0,25074000.0,736000.0,314264000.0,869207000.0,-33438000.0,835769000.0,5173398000.0,209200000.0,209583000.0,210579000.0
HollyFrontier Corp,HFC,,48039,2011.0,Q3YTD,2011-01-01,2011-09-30,,3.82,3.82,0.8,106380000.0,3.82,,465730000.0,,823855000.0,827553000.0,,800017000.0,23838000.0,8421639000.0,10467116000.0,-3698000.0,,-11416000.0,,580612000.0,8421639000.0,2045477000.0,56471000.0,2685000.0,686992000.0,1358485000.0,-65202000.0,1293283000.0,10467116000.0,209200000.0,209583000.0,210579000.0
HollyFrontier Corp,HFC,,48039,2011.0,Q3TTM,2010-10-01,2011-09-30,,3.89,3.89,1.07,138190000.0,3.89,,470566000.0,,848104000.0,851802000.0,,814736000.0,33368000.0,10409668000.0,12678907000.0,-3698000.0,,-11416000.0,-251094000.0,977698000.0,10409668000.0,2269239000.0,74554000.0,3893000.0,864794000.0,1404445000.0,-82077000.0,1322368000.0,12678907000.0,209200000.0,209583000.0,210579000.0
HollyFrontier Corp,HFC,,48039,2011.0,Q2,2011-04-01,2011-06-30,2011-08-08 14:24:53+00:00,3.6,3.6,0.15,31832000.0,3.58,,111961000.0,,201833000.0,201833000.0,,192235000.0,9598000.0,2447095000.0,2967133000.0,,,-2316000.0,,158027000.0,2447095000.0,520038000.0,15193000.0,1124000.0,189859000.0,330179000.0,-16385000.0,313794000.0,2967133000.0,53400000.0,53365000.0,53670000.0
HollyFrontier Corp,HFC,,48039,2011.0,Q2YTD,2011-01-01,2011-06-30,,5.19,5.19,0.3,63140000.0,5.19,,160972000.0,,292844000.0,296542000.0,,276929000.0,15915000.0,4431712000.0,5293718000.0,-3698000.0,,-2316000.0,,309588000.0,4431712000.0,862006000.0,31397000.0,1949000.0,372728000.0,489278000.0,-31764000.0,457514000.0,5293718000.0,53400000.0,53365000.0,53670000.0
HollyFrontier Corp,HFC,,48039,2011.0,Q2TTM,2010-07-01,2011-06-30,,6.42,6.42,1.09,124088000.0,6.42,,197302000.0,,376483000.0,380181000.0,,342825000.0,33658000.0,8226785000.0,9596497000.0,-3698000.0,,-2316000.0,-120831000.0,723599000.0,8226785000.0,1369712000.0,66848000.0,3791000.0,726856000.0,642856000.0,-65373000.0,577483000.0,9596497000.0,53400000.0,53365000.0,53670000.0
HollyFrontier Corp,HFC,,48039,2011.0,Q1,2011-01-01,2011-03-31,2011-05-06 18:16:37+00:00,1.59,1.59,0.15,31308000.0,1.58,,49011000.0,,91011000.0,94709000.0,,84694000.0,6317000.0,1984617000.0,2326585000.0,-3698000.0,,,,151561000.0,1984617000.0,341968000.0,16204000.0,825000.0,182869000.0,159099000.0,-15379000.0,143720000.0,2326585000.0,53300000.0,53307000.0,53633000.0
HollyFrontier Corp,HFC,,48039,2011.0,Q1TTM,2010-04-01,2011-03-31,,4.07,4.07,1.55,121080000.0,4.07,,124995000.0,,247316000.0,251014000.0,,216752000.0,30564000.0,7627902000.0,8775224000.0,-3698000.0,,,,581401000.0,7627902000.0,1147322000.0,72678000.0,3846000.0,702481000.0,444841000.0,-68832000.0,376009000.0,8775224000.0,53300000.0,53307000.0,53633000.0
HollyFrontier Corp,HFC,,48039,2012.0,Q4,2012-10-01,2012-12-31,,1.92,1.92,1.95,64706000.0,1.92,,252216000.0,,399993000.0,399993000.0,,391604000.0,8389000.0,4073226000.0,5147507000.0,,,,,336434000.0,4073226000.0,1074281000.0,22826000.0,1894000.0,401140000.0,673141000.0,-20932000.0,652209000.0,5147507000.0,205400000.0,204379000.0,205274000.0
HollyFrontier Corp,HFC,,48039,2012.0,FY,2012-01-01,2012-12-31,2015-02-25 12:56:17+00:00,8.41,8.41,,242868000.0,8.38,,1027962000.0,,1760033000.0,1760033000.0,,1727172000.0,32861000.0,15840643000.0,20090724000.0,,,326000.0,0.0,1123067000.0,15840643000.0,4250081000.0,104186000.0,7709000.0,1365935000.0,2884146000.0,-96151000.0,2787995000.0,20090724000.0,205400000.0,204379000.0,205274000.0
HollyFrontier Corp,HFC,,48039,2012.0,Q3,2012-07-01,2012-09-30,2012-11-07 18:49:45+00:00,2.95,2.95,1.15,65112000.0,2.94,,349622000.0,,610650000.0,610650000.0,,600373000.0,10277000.0,3898736000.0,5204798000.0,,,0.0,,262646000.0,3898736000.0,1306062000.0,21103000.0,3071000.0,327758000.0,978304000.0,-18032000.0,960272000.0,5204798000.0,203500000.0,203557000.0,204434000.0
HollyFrontier Corp,HFC,,48039,2012.0,Q3YTD,2012-01-01,2012-09-30,,6.56,6.56,1.85,178162000.0,6.56,,775746000.0,,1360040000.0,1360040000.0,,1335568000.0,24472000.0,11767417000.0,14943217000.0,,,326000.0,,786633000.0,11767417000.0,3175800000.0,81360000.0,5815000.0,964795000.0,2211005000.0,-75219000.0,2135786000.0,14943217000.0,203500000.0,203557000.0,204434000.0
HollyFrontier Corp,HFC,,48039,2012.0,Q3TTM,2011-10-01,2012-09-30,,7.66,7.66,2.44,231489000.0,7.66,,892007000.0,,1595889000.0,1592191000.0,,1558948000.0,36941000.0,16025856000.0,19915629000.0,3698000.0,,-3372000.0,,1074216000.0,16025856000.0,3889773000.0,103212000.0,6714000.0,1305705000.0,2584068000.0,-99870000.0,2484198000.0,19915629000.0,203500000.0,203557000.0,204434000.0
HollyFrontier Corp,HFC,,48039,2012.0,Q2,2012-04-01,2012-06-30,2012-08-08 18:49:27+00:00,2.4,2.4,0.65,56948000.0,2.39,,285718000.0,,502370000.0,502370000.0,,493499000.0,8871000.0,3681764000.0,4806681000.0,,,326000.0,,254832000.0,3681764000.0,1124917000.0,26942000.0,1567000.0,311780000.0,813137000.0,-25049000.0,788088000.0,4806681000.0,205600000.0,205727000.0,206481000.0
HollyFrontier Corp,HFC,,48039,2012.0,Q2YTD,2012-01-01,2012-06-30,,3.57,3.57,1.19,113050000.0,3.57,,426124000.0,,749390000.0,749390000.0,,735195000.0,14195000.0,7868681000.0,9738419000.0,,,326000.0,,523987000.0,7868681000.0,1869738000.0,60257000.0,2744000.0,637037000.0,1232701000.0,-57187000.0,1175514000.0,9738419000.0,205600000.0,205727000.0,206481000.0
HollyFrontier Corp,HFC,,48039,2012.0,Q2TTM,2011-07-01,2012-06-30,,7.2,7.2,2.5,209617000.0,7.2,,847143000.0,,1516250000.0,1512552000.0,,1481663000.0,34587000.0,16117047000.0,19884229000.0,3698000.0,,-12472000.0,,1082594000.0,16117047000.0,3767182000.0,107183000.0,4379000.0,1292211000.0,2474971000.0,-115276000.0,2359695000.0,19884229000.0,205600000.0,205727000.0,206481000.0
HollyFrontier Corp,HFC,,48039,2012.0,Q1,2012-01-01,2012-03-31,2012-05-07 18:05:56+00:00,1.16,1.16,0.6,56102000.0,1.16,,140406000.0,,247020000.0,247020000.0,,241696000.0,5324000.0,4186917000.0,4931738000.0,,,0.0,,269155000.0,4186917000.0,744821000.0,33315000.0,1177000.0,325257000.0,419564000.0,-32138000.0,387426000.0,4931738000.0,208400000.0,208531000.0,209138000.0
HollyFrontier Corp,HFC,,48039,2012.0,Q1TTM,2011-04-01,2012-03-31,,5.66,5.66,1.86,184501000.0,5.66,,673386000.0,,1215713000.0,1212015000.0,,1180399000.0,35314000.0,14882378000.0,18044681000.0,3698000.0,,-15114000.0,,985789000.0,14882378000.0,3162303000.0,95434000.0,3936000.0,1170290000.0,1992013000.0,-106612000.0,1885401000.0,18044681000.0,208400000.0,208531000.0,209138000.0
HollyFrontier Corp,HFC,,48039,2013.0,Q4,2013-10-01,2013-12-31,,0.34,0.34,0.8,79065000.0,0.33,,4911000.0,,69794000.0,69794000.0,,62902000.0,6892000.0,4332894000.0,4826801000.0,,,,,327719000.0,4332894000.0,493907000.0,12982000.0,564000.0,406784000.0,87123000.0,-12418000.0,74705000.0,4826801000.0,201000000.0,200419000.0,201234000.0
HollyFrontier Corp,HFC,,48039,2013.0,FY,2013-01-01,2013-12-31,2015-02-25 12:56:17+00:00,3.66,3.66,3.2,303446000.0,3.64,,391576000.0,,767823000.0,767823000.0,,735842000.0,31981000.0,17392227000.0,20160560000.0,,,0.0,0.0,1218813000.0,17392227000.0,2768333000.0,90159000.0,3484000.0,1522259000.0,1246074000.0,-86675000.0,1159399000.0,20160560000.0,201000000.0,200419000.0,201234000.0
HollyFrontier Corp,HFC,,48039,2013.0,Q3,2013-07-01,2013-09-30,2013-11-07 12:35:06+00:00,0.41,0.41,0.8,82127000.0,0.41,,48528000.0,,88909000.0,88909000.0,,82290000.0,6619000.0,4809990000.0,5327122000.0,,,0.0,,285255000.0,4809990000.0,517132000.0,13954000.0,1641000.0,367382000.0,149750000.0,-12313000.0,137437000.0,5327122000.0,200700000.0,199098000.0,199509000.0
HollyFrontier Corp,HFC,,48039,2013.0,Q3YTD,2013-01-01,2013-09-30,,3.38,3.38,2.44,224381000.0,3.38,,386665000.0,,698029000.0,698029000.0,,672940000.0,25089000.0,13059333000.0,15333759000.0,,,,,891094000.0,13059333000.0,2274426000.0,77177000.0,2920000.0,1115475000.0,1158951000.0,-74257000.0,1084694000.0,15333759000.0,200700000.0,199098000.0,199509000.0
HollyFrontier Corp,HFC,,48039,2013.0,Q3TTM,2012-10-01,2013-09-30,,5.35,5.35,4.44,289087000.0,5.35,,638881000.0,,1098022000.0,1098022000.0,,1064544000.0,33478000.0,17132559000.0,20481266000.0,,,,,1227528000.0,17132559000.0,3348707000.0,100003000.0,4814000.0,1516615000.0,1832092000.0,-95189000.0,1736903000.0,20481266000.0,200700000.0,199098000.0,199509000.0
HollyFrontier Corp,HFC,,48039,2013.0,Q2,2013-04-01,2013-06-30,2013-08-08 10:40:16+00:00,1.27,1.27,0.8,70492000.0,1.27,,152043000.0,,265749000.0,265749000.0,,256981000.0,8768000.0,4456808000.0,5298848000.0,,,0.0,,311542000.0,4456808000.0,842040000.0,41903000.0,-311000.0,382034000.0,460006000.0,-42214000.0,417792000.0,5298848000.0,202300000.0,201543000.0,201905000.0
HollyFrontier Corp,HFC,,48039,2013.0,Q2YTD,2013-01-01,2013-06-30,,2.93,2.93,1.49,142254000.0,2.93,,338137000.0,,609120000.0,609120000.0,,590650000.0,18470000.0,8249343000.0,10006637000.0,,,,,605839000.0,8249343000.0,1757294000.0,63223000.0,1279000.0,748093000.0,1009201000.0,-61944000.0,947257000.0,10006637000.0,202300000.0,201543000.0,201905000.0
HollyFrontier Corp,HFC,,48039,2013.0,Q2TTM,2012-07-01,2013-06-30,,7.85,7.85,4.12,272072000.0,7.85,,939975000.0,,1619763000.0,1619763000.0,,1582627000.0,37136000.0,16221305000.0,20358942000.0,,,,,1204919000.0,16221305000.0,4137637000.0,107152000.0,6244000.0,1476991000.0,2660646000.0,-100908000.0,2559738000.0,20358942000.0,202300000.0,201543000.0,201905000.0
HollyFrontier Corp,HFC,,48039,2013.0,Q1,2013-01-01,2013-03-31,2013-05-08 13:57:00+00:00,1.64,1.64,0.8,71762000.0,1.63,,186094000.0,,343371000.0,343371000.0,,333669000.0,9702000.0,3792535000.0,4707789000.0,,,,,294297000.0,3792535000.0,915254000.0,21320000.0,1590000.0,366059000.0,549195000.0,-19730000.0,529465000.0,4707789000.0,203500000.0,203515000.0,204217000.0
HollyFrontier Corp,HFC,,48039,2013.0,Q1TTM,2012-04-01,2013-03-31,,8.94,8.94,3.72,258528000.0,8.94,,1073650000.0,,1856384000.0,1856384000.0,,1819145000.0,37239000.0,15446261000.0,19866775000.0,,,326000.0,,1148209000.0,15446261000.0,4420514000.0,92191000.0,8122000.0,1406737000.0,3013777000.0,-83743000.0,2930034000.0,19866775000.0,203500000.0,203515000.0,204217000.0
HollyFrontier Corp,HFC,,48039,2014.0,FY,2014-01-01,2014-12-31,2017-02-22 16:44:11+00:00,1.42,1.42,,363381000.0,1.42,0.0,141172000.0,,326328000.0,326328000.0,,281292000.0,45036000.0,17228385000.0,19764327000.0,,,866000.0,397478000.0,1259549000.0,17228385000.0,2535942000.0,51323000.0,2423000.0,2020408000.0,515534000.0,-48034000.0,467500000.0,19764327000.0,198100000.0,197243000.0,197428000.0
HollyFrontier Corp,HFC,,48039,2014.0,Q4,2014-10-01,2014-12-31,,-1.11,-1.11,-2.44,100498000.0,-1.11,,-150990000.0,,-210345000.0,-210345000.0,,-222204000.0,11859000.0,3789026000.0,4283119000.0,,,1422000.0,-155133000.0,903146000.0,3789026000.0,494093000.0,10125000.0,1786000.0,848511000.0,-354418000.0,-6917000.0,-361335000.0,4283119000.0,198100000.0,197243000.0,197428000.0
HollyFrontier Corp,HFC,,48039,2014.0,Q3YTD,2014-01-01,2014-09-30,,2.53,2.53,2.44,262883000.0,2.53,,292162000.0,,536673000.0,536673000.0,,503496000.0,33177000.0,13439359000.0,15481208000.0,,,-556000.0,552611000.0,356403000.0,13439359000.0,2041849000.0,41198000.0,637000.0,1171897000.0,869952000.0,-41117000.0,828835000.0,15481208000.0,198900000.0,197261000.0,197535000.0
HollyFrontier Corp,HFC,,48039,2014.0,Q3TTM,2013-10-01,2014-09-30,,2.87,2.87,3.24,341948000.0,2.86,,297073000.0,,606467000.0,606467000.0,,566398000.0,40069000.0,17772253000.0,20308009000.0,,,-556000.0,552611000.0,684122000.0,17772253000.0,2535756000.0,54180000.0,1201000.0,1578681000.0,957075000.0,-53535000.0,903540000.0,20308009000.0,198900000.0,197261000.0,197535000.0
HollyFrontier Corp,HFC,,48039,2014.0,Q3,2014-07-01,2014-09-30,2015-11-05 12:50:47+00:00,0.88,0.88,0.82,80945000.0,0.88,,103216000.0,0.0,187558000.0,187558000.0,,175006000.0,12552000.0,4625893000.0,5317555000.0,,,-556000.0,280957000.0,27149000.0,4625893000.0,691662000.0,11038000.0,-243000.0,389051000.0,302611000.0,-11837000.0,290774000.0,5317555000.0,198900000.0,197261000.0,197535000.0
HollyFrontier Corp,HFC,,48039,2014.0,Q2YTD,2014-01-01,2014-06-30,,1.65,1.65,1.62,181938000.0,1.65,,188946000.0,,349115000.0,349115000.0,,328490000.0,20625000.0,8813466000.0,10163653000.0,,,,271654000.0,329254000.0,8813466000.0,1350187000.0,30160000.0,880000.0,782846000.0,567341000.0,-29280000.0,538061000.0,10163653000.0,198200000.0,198139000.0,198380000.0
HollyFrontier Corp,HFC,,48039,2014.0,Q2TTM,2013-07-01,2014-06-30,,2.39,2.39,4.29,343130000.0,2.39,,242385000.0,,507818000.0,507818000.0,,473682000.0,34136000.0,17956350000.0,20317576000.0,,,,271654000.0,942228000.0,17956350000.0,2361226000.0,57096000.0,3085000.0,1557012000.0,804214000.0,-54011000.0,750203000.0,20317576000.0,198200000.0,198139000.0,198380000.0
HollyFrontier Corp,HFC,,48039,2014.0,Q2,2014-04-01,2014-06-30,2015-08-05 11:29:36+00:00,0.89,0.89,0.82,101390000.0,0.89,,101332000.0,0.0,185153000.0,185153000.0,,176429000.0,8724000.0,4674846000.0,5372600000.0,,,0.0,271654000.0,28365000.0,4674846000.0,697754000.0,10136000.0,276000.0,401409000.0,296345000.0,-9860000.0,286485000.0,5372600000.0,198200000.0,198139000.0,198380000.0
HollyFrontier Corp,HFC,,48039,2014.0,Q1,2014-01-01,2014-03-31,2014-05-06 11:18:00+00:00,0.76,0.76,0.8,80548000.0,0.76,,87614000.0,,163962000.0,163962000.0,,152061000.0,11901000.0,4138620000.0,4791053000.0,,,,,300889000.0,4138620000.0,652433000.0,20024000.0,604000.0,381437000.0,270996000.0,-19420000.0,251576000.0,4791053000.0,200100000.0,198297000.0,198924000.0
HollyFrontier Corp,HFC,,48039,2014.0,Q1TTM,2013-04-01,2014-03-31,,2.79,2.79,4.26,312232000.0,2.79,,293096000.0,,588414000.0,588414000.0,,554234000.0,34180000.0,17738312000.0,20243824000.0,,,,,1225405000.0,17738312000.0,2505512000.0,88863000.0,2498000.0,1537637000.0,967875000.0,-86365000.0,881510000.0,20243824000.0,200100000.0,198297000.0,198924000.0
HollyFrontier Corp,HFC,,48039,2015.0,FY,2015-01-01,2015-12-31,2018-02-21 17:30:39+00:00,3.91,3.91,,346151000.0,3.9,0.0,406060000.0,,802508000.0,802508000.0,,740101000.0,62407000.0,10239218000.0,13237920000.0,,,9402000.0,226979000.0,1181219000.0,10239218000.0,2998702000.0,44840000.0,-347000.0,1754349000.0,1244353000.0,-35785000.0,1208568000.0,13237920000.0,189300000.0,188731000.0,188940000.0
HollyFrontier Corp,HFC,,48039,2015.0,Q3,2015-07-01,2015-09-30,2016-11-03 17:13:38+00:00,1.05,1.05,0.33,87764000.0,1.04,0.0,110066000.0,225451000.0,210607000.0,210607000.0,,196322000.0,14285000.0,2653859000.0,3585823000.0,,,7228000.0,,296144000.0,2653859000.0,931964000.0,11102000.0,1942000.0,609359000.0,322605000.0,-1932000.0,320673000.0,3585823000.0,187000000.0,187208000.0,187344000.0
HollyFrontier Corp,HFC,,48039,2015.0,Q3YTD,2015-01-01,2015-09-30,,4.09,4.09,0.98,255579000.0,4.08,,446784000.0,83425000.0,826455000.0,826455000.0,,784022000.0,42433000.0,7792707000.0,10294361000.0,,,8867000.0,509761000.0,351830000.0,7792707000.0,2501654000.0,30447000.0,-3504000.0,1200595000.0,1301059000.0,-25084000.0,1273239000.0,10294361000.0,187000000.0,187208000.0,187344000.0
HollyFrontier Corp,HFC,,48039,2015.0,Q3TTM,2014-10-01,2015-09-30,,2.98,2.98,-1.46,356077000.0,2.97,,295794000.0,83425000.0,616110000.0,616110000.0,,561818000.0,54292000.0,11581733000.0,14577480000.0,,,10289000.0,354628000.0,1254976000.0,11581733000.0,2995747000.0,40572000.0,-1718000.0,2049106000.0,946641000.0,-32001000.0,911904000.0,14577480000.0,187000000.0,187208000.0,187344000.0
HollyFrontier Corp,HFC,,48039,2015.0,Q2,2015-04-01,2015-06-30,2016-08-03 16:48:47+00:00,1.88,1.88,0.33,87803000.0,1.88,0.0,206990000.0,-135480000.0,373187000.0,373187000.0,,360824000.0,12363000.0,2887475000.0,3701912000.0,,,873000.0,246165000.0,26117000.0,2887475000.0,814437000.0,9191000.0,1399000.0,224605000.0,589832000.0,-6919000.0,580177000.0,3701912000.0,191900000.0,191355000.0,191454000.0
HollyFrontier Corp,HFC,,48039,2015.0,Q2YTD,2015-01-01,2015-06-30,,3.04,3.04,0.65,167815000.0,3.04,,336718000.0,-142026000.0,615848000.0,615848000.0,,587700000.0,28148000.0,5138848000.0,6708538000.0,,,1639000.0,509761000.0,55686000.0,5138848000.0,1569690000.0,19345000.0,-5446000.0,591236000.0,978454000.0,-23152000.0,952566000.0,6708538000.0,191900000.0,191355000.0,191454000.0
HollyFrontier Corp,HFC,,48039,2015.0,Q2TTM,2014-07-01,2015-06-30,,2.81,2.81,-0.97,349258000.0,2.81,,288944000.0,-142026000.0,593061000.0,593061000.0,,540502000.0,52559000.0,13553767000.0,16309212000.0,,,2505000.0,635585000.0,985981000.0,13553767000.0,2755445000.0,40508000.0,-3903000.0,1828798000.0,926647000.0,-41906000.0,882005000.0,16309212000.0,191900000.0,191355000.0,191454000.0
HollyFrontier Corp,HFC,,48039,2015.0,Q1,2015-01-01,2015-03-31,2016-05-04 14:23:40+00:00,1.16,1.16,0.32,80012000.0,1.16,,129728000.0,-6546000.0,242661000.0,242661000.0,,226876000.0,15785000.0,2251373000.0,3006626000.0,,,766000.0,263596000.0,29569000.0,2251373000.0,755253000.0,10154000.0,-6845000.0,366631000.0,388622000.0,-16233000.0,372389000.0,3006626000.0,195600000.0,195069000.0,195121000.0
HollyFrontier Corp,HFC,,48039,2015.0,Q1TTM,2014-04-01,2015-03-31,,1.82,1.82,-0.48,362845000.0,1.82,,183286000.0,-6546000.0,405027000.0,405027000.0,,356107000.0,48920000.0,15341138000.0,17979900000.0,,,1632000.0,661074000.0,988229000.0,15341138000.0,2638762000.0,41453000.0,-5026000.0,2005602000.0,633160000.0,-44847000.0,588313000.0,17979900000.0,195600000.0,195069000.0,195121000.0
HollyFrontier Corp,HFC,,48039,2016.0,FY,2016-01-01,2016-12-31,2019-02-20 17:16:00+00:00,-1.48,-1.48,,363027000.0,-1.48,654084000.0,19411000.0,,-190945000.0,-190945000.0,,-260453000.0,69508000.0,8766027000.0,10535700000.0,,,-4746000.0,-291938000.0,1147082000.0,8766027000.0,1769673000.0,80910000.0,16704000.0,1872255000.0,-102582000.0,-68952000.0,-171534000.0,10535700000.0,176000000.0,176101000.0,176101000.0
HollyFrontier Corp,HFC,,48039,2016.0,Q3,2016-07-01,2016-09-30,2017-11-02 12:51:32+00:00,0.42,0.42,0.33,91130000.0,0.42,0.0,22196000.0,312000.0,87671000.0,87671000.0,,74497000.0,13174000.0,2341837000.0,2847270000.0,,,107000.0,,289226000.0,2341837000.0,505433000.0,19550000.0,4545000.0,380668000.0,124765000.0,-14898000.0,109867000.0,2847270000.0,177400000.0,175871000.0,175993000.0
HollyFrontier Corp,HFC,,48039,2016.0,Q2,2016-04-01,2016-06-30,2017-08-02 15:18:45+00:00,-2.33,-2.33,0.33,90423000.0,-2.33,654084000.0,-38045000.0,-138473000.0,-392470000.0,-392470000.0,,-409368000.0,16898000.0,2248155000.0,2714638000.0,,,128000.0,,280991000.0,2248155000.0,466483000.0,14251000.0,4150000.0,887025000.0,-420542000.0,-9973000.0,-430515000.0,2714638000.0,175700000.0,175865000.0,175865000.0
HollyFrontier Corp,HFC,,48039,2017.0,FY,2017-01-01,2017-12-31,2020-02-20 17:31:29+00:00,4.54,4.54,1.32,409937000.0,4.52,19247000.0,-12379000.0,,881242000.0,881242000.0,,805395000.0,75847000.0,11467873000.0,14251299000.0,,,45648000.0,-108685000.0,1562390000.0,11467873000.0,2783426000.0,129822000.0,52500000.0,1882889000.0,900537000.0,-31674000.0,868863000.0,14251299000.0,177400000.0,176174000.0,177196000.0
HollyFrontier Corp,HFC,,48039,2017.0,Q4,2017-10-01,2017-12-31,,2.94,2.94,-0.99,105731000.0,2.92,,-185972000.0,15323000.0,557234000.0,557234000.0,,521082000.0,36152000.0,3184689000.0,3992705000.0,,,-971000.0,-108685000.0,430817000.0,3184689000.0,808016000.0,32063000.0,39466000.0,443186000.0,364830000.0,6432000.0,371262000.0,3992705000.0,177400000.0,176174000.0,177196000.0
HollyFrontier Corp,HFC,,48039,2017.0,Q3,2017-07-01,2017-09-30,2018-10-31 16:29:12+00:00,1.53,1.53,0.33,102884000.0,1.53,0.0,158386000.0,-111128000.0,287717000.0,287717000.0,,272014000.0,15703000.0,2888549000.0,3719247000.0,,,20275000.0,,390529000.0,2888549000.0,830698000.0,28731000.0,6146000.0,382285000.0,448413000.0,-2310000.0,446103000.0,3719247000.0,177800000.0,176149000.0,176530000.0
HollyFrontier Corp,HFC,,48039,2017.0,Q3YTD,2017-01-01,2017-09-30,,1.6,1.6,0.99,304206000.0,1.6,19247000.0,173593000.0,-15323000.0,324008000.0,324008000.0,,284313000.0,39695000.0,8283184000.0,10258594000.0,,,46619000.0,,1131573000.0,8283184000.0,1975410000.0,97759000.0,13034000.0,1439703000.0,535707000.0,-38106000.0,497601000.0,10258594000.0,177800000.0,176149000.0,176530000.0
HollyFrontier Corp,HFC,,48039,2017.0,Q2,2017-04-01,2017-06-30,2018-08-02 15:27:45+00:00,0.33,0.33,0.33,105282000.0,0.33,19247000.0,31996000.0,83982000.0,74073000.0,74073000.0,,57767000.0,16306000.0,2753459000.0,3458864000.0,,,10655000.0,,376064000.0,2753459000.0,705405000.0,29645000.0,4229000.0,584575000.0,120830000.0,-14761000.0,106069000.0,3458864000.0,175100000.0,176147000.0,176302000.0
HollyFrontier Corp,HFC,,48039,2017.0,Q2YTD,2017-01-01,2017-06-30,,0.07,0.07,0.66,201322000.0,0.07,19247000.0,15207000.0,95805000.0,36291000.0,36291000.0,,12299000.0,23992000.0,5394635000.0,6539347000.0,,,26344000.0,,741044000.0,5394635000.0,1144712000.0,69028000.0,6888000.0,1057418000.0,87294000.0,-35796000.0,51498000.0,6539347000.0,175100000.0,176147000.0,176302000.0
HollyFrontier Corp,HFC,,48039,2017.0,Q1,2017-01-01,2017-03-31,2018-05-02 16:05:21+00:00,-0.26,-0.26,0.33,96040000.0,-0.26,,-16789000.0,11823000.0,-37782000.0,-37782000.0,,-45468000.0,7686000.0,2641176000.0,3080483000.0,,,15689000.0,,364980000.0,2641176000.0,439307000.0,39383000.0,2659000.0,472843000.0,-33536000.0,-21035000.0,-54571000.0,3080483000.0,174900000.0,176210000.0,176210000.0
HollyFrontier Corp,HFC,,48039,2018.0,FY,2018-01-01,2018-12-31,2020-02-20 17:31:29+00:00,6.25,6.25,1.32,437324000.0,6.19,0.0,347243000.0,,1177224000.0,1177224000.0,,1097960000.0,79264000.0,13940782000.0,17714666000.0,,,9120000.0,136305000.0,1576262000.0,13940782000.0,3773884000.0,131363000.0,22717000.0,2149891000.0,1623993000.0,-99526000.0,1524467000.0,17714666000.0,175700000.0,175009000.0,176661000.0
HollyFrontier Corp,HFC,,48039,2018.0,Q4,2018-10-01,2018-12-31,,0.83,0.83,1.32,113719000.0,0.82,,28501000.0,192927000.0,163317000.0,163317000.0,,141896000.0,21421000.0,3245507000.0,4344204000.0,,,153000.0,136305000.0,438094000.0,3245507000.0,1098697000.0,33917000.0,7930000.0,881045000.0,217652000.0,-25834000.0,191818000.0,4344204000.0,175700000.0,175009000.0,176661000.0
HollyFrontier Corp,HFC,,48039,2018.0,Q3,2018-07-01,2018-09-30,2019-10-31 15:53:58+00:00,1.95,1.95,,108885000.0,1.93,0.0,116258000.0,17837000.0,362132000.0,362132000.0,,342466000.0,19666000.0,3752234000.0,4770799000.0,,,1022000.0,,388326000.0,3752234000.0,1018565000.0,32399000.0,6250000.0,515048000.0,503517000.0,-25127000.0,478390000.0,4770799000.0,175600000.0,175097000.0,176927000.0
HollyFrontier Corp,HFC,,48039,2018.0,Q3YTD,2018-01-01,2018-09-30,,5.42,5.42,,323605000.0,5.37,,318742000.0,-192927000.0,1013907000.0,1013907000.0,,956064000.0,57843000.0,10695275000.0,13370462000.0,,,8967000.0,,1138168000.0,10695275000.0,2675187000.0,97446000.0,14787000.0,1268846000.0,1406341000.0,-73692000.0,1332649000.0,13370462000.0,175600000.0,175097000.0,176927000.0
HollyFrontier Corp,HFC,,48039,2018.0,Q3TTM,2017-10-01,2018-09-30,,8.36,8.36,-0.99,429336000.0,8.29,,132770000.0,-177604000.0,1571141000.0,1571141000.0,,1477146000.0,93995000.0,13879964000.0,17363167000.0,,,7996000.0,-108685000.0,1568985000.0,13879964000.0,3483203000.0,129509000.0,54253000.0,1712032000.0,1771171000.0,-67260000.0,1703911000.0,17363167000.0,175600000.0,175097000.0,176927000.0
HollyFrontier Corp,HFC,,48039,2018.0,Q2,2018-04-01,2018-06-30,2019-08-01 13:13:57+00:00,1.96,1.96,,110379000.0,1.94,0.0,117447000.0,-106926000.0,362913000.0,362913000.0,,345507000.0,17406000.0,3595916000.0,4471236000.0,,,1039000.0,,364890000.0,3595916000.0,875320000.0,32324000.0,4668000.0,368343000.0,506977000.0,-26617000.0,480360000.0,4471236000.0,176300000.0,175899000.0,177586000.0
HollyFrontier Corp,HFC,,48039,2018.0,Q2YTD,2018-01-01,2018-06-30,,3.47,3.47,,214720000.0,3.44,,202484000.0,-210764000.0,651775000.0,651775000.0,,613598000.0,38177000.0,6943041000.0,8599663000.0,,,7945000.0,,749842000.0,6943041000.0,1656622000.0,65047000.0,8537000.0,753798000.0,902824000.0,-48565000.0,854259000.0,8599663000.0,176300000.0,175899000.0,177586000.0
HollyFrontier Corp,HFC,,48039,2018.0,Q2TTM,2017-07-01,2018-06-30,,7.94,7.94,-0.66,423335000.0,7.89,,174898000.0,-306569000.0,1496726000.0,1496726000.0,,1406694000.0,90032000.0,13016279000.0,16311615000.0,,,27249000.0,-108685000.0,1571188000.0,13016279000.0,3295336000.0,125841000.0,54149000.0,1579269000.0,1716067000.0,-44443000.0,1671624000.0,16311615000.0,176300000.0,175899000.0,177586000.0
HollyFrontier Corp,HFC,,48039,2018.0,Q1,2018-01-01,2018-03-31,2019-05-02 17:05:16+00:00,1.51,1.51,0.33,104341000.0,1.5,,85037000.0,-103838000.0,288862000.0,288862000.0,,268091000.0,20771000.0,3347125000.0,4128427000.0,,,6906000.0,,384952000.0,3347125000.0,781302000.0,32723000.0,3869000.0,385455000.0,395847000.0,-21948000.0,373899000.0,4128427000.0,177500000.0,176617000.0,177954000.0
HollyFrontier Corp,HFC,,48039,2018.0,Q1TTM,2017-04-01,2018-03-31,,6.31,6.31,-0.33,418238000.0,6.28,19247000.0,89447000.0,-115661000.0,1207886000.0,1207886000.0,,1118954000.0,88932000.0,12173822000.0,15299243000.0,,,36865000.0,-108685000.0,1582362000.0,12173822000.0,3125421000.0,123162000.0,53710000.0,1795501000.0,1329920000.0,-32587000.0,1297333000.0,15299243000.0,177500000.0,176617000.0,177954000.0
HollyFrontier Corp,HFC,,48039,2019.0,Q4,2019-10-01,2019-12-31,,0.4,0.4,1.01,134580000.0,0.41,,19290000.0,150483000.0,81069000.0,81069000.0,,60605000.0,20464000.0,3610528000.0,4381888000.0,,,2584000.0,-119775000.0,476889000.0,3610528000.0,771360000.0,36383000.0,4975000.0,642177000.0,129183000.0,-28824000.0,100359000.0,4381888000.0,166500000.0,166287000.0,167385000.0
HollyFrontier Corp,HFC,,48039,2019.0,FY,2019-01-01,2019-12-31,2020-02-20 17:31:29+00:00,4.64,4.64,1.34,509925000.0,4.61,152712000.0,299152000.0,,872352000.0,872352000.0,,772388000.0,99964000.0,13918384000.0,17486578000.0,,,10462000.0,-119775000.0,1748288000.0,13918384000.0,3568194000.0,143321000.0,27319000.0,2291150000.0,1277044000.0,-105540000.0,1171504000.0,17486578000.0,166500000.0,166287000.0,167385000.0
HollyFrontier Corp,HFC,,48039,2019.0,Q3,2019-07-01,2019-09-30,2019-10-31 15:53:58+00:00,1.6,1.6,,127016000.0,1.58,0.0,103021000.0,34062000.0,297980000.0,297980000.0,,261813000.0,36167000.0,3403767000.0,4424828000.0,,,2751000.0,,433204000.0,3403767000.0,1021061000.0,36027000.0,7498000.0,594282000.0,426779000.0,-25778000.0,401001000.0,4424828000.0,163600000.0,163676000.0,165011000.0
HollyFrontier Corp,HFC,,48039,2019.0,Q3YTD,2019-01-01,2019-09-30,,4.24,4.24,0.33,375345000.0,4.2,152712000.0,279862000.0,-150483000.0,791283000.0,791283000.0,,711783000.0,79500000.0,10307856000.0,13104690000.0,,,7878000.0,,1271399000.0,10307856000.0,2796834000.0,106938000.0,22344000.0,1648973000.0,1147861000.0,-76716000.0,1071145000.0,13104690000.0,163600000.0,163676000.0,165011000.0
HollyFrontier Corp,HFC,,48039,2019.0,Q3TTM,2018-10-01,2019-09-30,,5.07,5.07,1.65,489064000.0,5.02,152712000.0,308363000.0,42444000.0,954600000.0,954600000.0,,853679000.0,100921000.0,13553363000.0,17448894000.0,,,8031000.0,136305000.0,1709493000.0,13553363000.0,3895531000.0,140855000.0,30274000.0,2530018000.0,1365513000.0,-102550000.0,1262963000.0,17448894000.0,163600000.0,163676000.0,165011000.0
HollyFrontier Corp,HFC,,48039,2019.0,Q2,2019-04-01,2019-06-30,2019-08-01 13:13:57+00:00,1.16,1.16,,126908000.0,1.15,152712000.0,89336000.0,47801000.0,216817000.0,216817000.0,,196915000.0,19902000.0,3704884000.0,4782615000.0,,,2305000.0,,418569000.0,3704884000.0,1077731000.0,34264000.0,6371000.0,745990000.0,331741000.0,-25588000.0,306153000.0,4782615000.0,169800000.0,169356000.0,170547000.0
HollyFrontier Corp,HFC,,48039,2019.0,Q2YTD,2019-01-01,2019-06-30,,2.64,2.64,0.33,248329000.0,2.62,152712000.0,176841000.0,-184545000.0,493303000.0,493303000.0,,449970000.0,43333000.0,6904089000.0,8679862000.0,,,5127000.0,,838195000.0,6904089000.0,1775773000.0,70911000.0,14846000.0,1054691000.0,721082000.0,-50938000.0,670144000.0,8679862000.0,169800000.0,169356000.0,170547000.0
HollyFrontier Corp,HFC,,48039,2019.0,Q2TTM,2018-07-01,2019-06-30,,5.42,5.42,1.65,470933000.0,5.37,152712000.0,321600000.0,26219000.0,1018752000.0,1018752000.0,,934332000.0,84420000.0,13901830000.0,17794865000.0,,,6302000.0,136305000.0,1664615000.0,13901830000.0,3893035000.0,137227000.0,29026000.0,2450784000.0,1442251000.0,-101899000.0,1340352000.0,17794865000.0,169800000.0,169356000.0,170547000.0
HollyFrontier Corp,HFC,,48039,2019.0,Q1,2019-01-01,2019-03-31,2020-05-07 15:50:57+00:00,1.48,1.48,0.33,121421000.0,1.47,,87505000.0,-232346000.0,276486000.0,276486000.0,,253055000.0,23431000.0,3199205000.0,3897247000.0,,,2822000.0,,419626000.0,3199205000.0,698042000.0,36647000.0,8475000.0,308701000.0,389341000.0,-25350000.0,363991000.0,3897247000.0,171000000.0,170851000.0,172239000.0
HollyFrontier Corp,HFC,,48039,2019.0,Q1TTM,2018-04-01,2019-03-31,,6.22,6.22,1.65,454404000.0,6.16,,349711000.0,-128508000.0,1164848000.0,1164848000.0,,1082924000.0,81924000.0,13792862000.0,17483486000.0,,,5036000.0,136305000.0,1610936000.0,13792862000.0,3690624000.0,135287000.0,27323000.0,2073137000.0,1617487000.0,-102928000.0,1514559000.0,17483486000.0,171000000.0,170851000.0,172239000.0
HollyFrontier Corp,HFC,,48039,2020.0,Q1TTM,2019-04-01,2020-03-31,,1.28,1.28,1.36,529079000.0,1.26,152712000.0,49481000.0,792810000.0,302580000.0,302580000.0,,214710000.0,87870000.0,13412905000.0,16989876000.0,,,5257000.0,-119775000.0,1744744000.0,13412905000.0,3576971000.0,155228000.0,24631000.0,3099570000.0,477401000.0,-125340000.0,352061000.0,16989876000.0,162000000.0,161873000.0,161873000.0
HollyFrontier Corp,HFC,,48039,2020.0,Q1,2020-01-01,2020-03-31,2020-05-07 15:50:57+00:00,-1.88,-1.88,0.35,140575000.0,-1.88,,-162166000.0,560464000.0,-293286000.0,-293286000.0,,-304623000.0,11337000.0,2693726000.0,3400545000.0,,,-2383000.0,,416082000.0,2693726000.0,706819000.0,48554000.0,5787000.0,1117121000.0,-410302000.0,-45150000.0,-455452000.0,3400545000.0,162000000.0,161873000.0,161873000.0
