company_name,company_ticker,company_lei,company_cik,year,quarter,start_date,end_date,filing_date,amortizationexpense,basicdilutedeps,basiceps,dilutedeps,incometaxexpense,netincome,netincomecontinuing,netincometocommon,operatingcostofrevenue,operatingrevenue,othercostofrevenue,otherincome,rdexpense,sgaexpense,totalcostofrevenue,totalgrossprofit,totalinterestincome,totaloperatingexpenses,totaloperatingincome,totalotherincome,totalpretaxincome,totalrevenue,weightedavebasicdilutedsharesos,weightedavebasicsharesos,weightedavedilutedsharesos
Tyler Technologies Inc,TYL,,860731,2009.0,FY,2009-01-01,2009-12-31,2012-02-23 15:18:33+00:00,2705000.0,0.77,0.77,0.74,17628000.0,27010000.0,27010000.0,27010000.0,150005000.0,290286000.0,11518000.0,,11159000.0,70115000.0,161523000.0,128763000.0,-146000.0,83979000.0,44784000.0,-146000.0,44638000.0,290286000.0,35100000.0,35240000.0,36624000.0
Tyler Technologies Inc,TYL,,860731,2010.0,FY,2010-01-01,2010-12-31,2013-02-20 16:21:03+00:00,3225000.0,0.74,0.74,0.71,14845000.0,25054000.0,25054000.0,25054000.0,147401000.0,288628000.0,12910000.0,,13971000.0,69480000.0,160311000.0,128317000.0,-1742000.0,86676000.0,41641000.0,-1742000.0,39899000.0,288628000.0,34075000.0,34075000.0,34075000.0
Tyler Technologies Inc,TYL,,860731,2010.0,Q3,2010-07-01,2010-09-30,2011-10-26 17:43:03+00:00,806000.0,0.2,0.2,0.19,4540000.0,6723000.0,6723000.0,6723000.0,37128000.0,73769000.0,3434000.0,,3233000.0,17337000.0,40562000.0,33207000.0,-568000.0,21376000.0,11831000.0,-568000.0,11263000.0,73769000.0,33600000.0,34103000.0,35410000.0
Tyler Technologies Inc,TYL,,860731,2010.0,Q2,2010-04-01,2010-06-30,2011-07-27 19:03:50+00:00,807000.0,0.18,0.18,0.17,4134000.0,6249000.0,6249000.0,6249000.0,36994000.0,72600000.0,3131000.0,,3744000.0,17439000.0,40125000.0,32475000.0,-102000.0,21990000.0,10485000.0,-102000.0,10383000.0,72600000.0,34700000.0,34862000.0,36203000.0
Tyler Technologies Inc,TYL,,860731,2011.0,Q4,2011-10-01,2011-12-31,,923000.0,0.28,0.28,0.26,4805000.0,8699000.0,8699000.0,8699000.0,39811000.0,82079000.0,3248000.0,,2634000.0,21141000.0,43059000.0,39020000.0,-818000.0,24698000.0,14322000.0,-818000.0,13504000.0,82079000.0,31267000.0,31267000.0,33200000.0
Tyler Technologies Inc,TYL,,860731,2011.0,FY,2011-01-01,2011-12-31,2014-02-19 12:27:53+00:00,3331000.0,0.88,0.88,0.83,16556000.0,27557000.0,27557000.0,27557000.0,152929000.0,309391000.0,14550000.0,,16414000.0,75650000.0,167479000.0,141912000.0,-2404000.0,95395000.0,46517000.0,-2404000.0,44113000.0,309391000.0,31267000.0,31267000.0,33200000.0
Tyler Technologies Inc,TYL,,860731,2011.0,Q3YTD,2011-01-01,2011-09-30,,2408000.0,0.6,0.6,0.57,11751000.0,18858000.0,18858000.0,18858000.0,113118000.0,227312000.0,11302000.0,,13780000.0,54509000.0,124420000.0,102892000.0,-1586000.0,70697000.0,32195000.0,-1586000.0,30609000.0,227312000.0,31097000.0,31097000.0,31097000.0
Tyler Technologies Inc,TYL,,860731,2011.0,Q3,2011-07-01,2011-09-30,2012-10-24 17:36:02+00:00,801000.0,0.24,0.24,0.23,4312000.0,7506000.0,7506000.0,7506000.0,37276000.0,77184000.0,3776000.0,,4196000.0,18755000.0,41052000.0,36132000.0,-562000.0,23752000.0,12380000.0,-562000.0,11818000.0,77184000.0,31097000.0,31097000.0,31097000.0
Tyler Technologies Inc,TYL,,860731,2011.0,Q2YTD,2011-01-01,2011-06-30,,1607000.0,0.36,0.36,0.34,7439000.0,11352000.0,11352000.0,11352000.0,75842000.0,150128000.0,7526000.0,,9584000.0,35754000.0,83368000.0,66760000.0,-1024000.0,46945000.0,19815000.0,-1024000.0,18791000.0,150128000.0,32005000.0,32005000.0,32005000.0
Tyler Technologies Inc,TYL,,860731,2011.0,Q2,2011-04-01,2011-06-30,2012-07-25 17:50:25+00:00,803000.0,0.18,0.18,0.17,3685000.0,5624000.0,5624000.0,5624000.0,38896000.0,76735000.0,3702000.0,,5035000.0,18466000.0,42598000.0,34137000.0,-524000.0,24304000.0,9833000.0,-524000.0,9309000.0,76735000.0,32005000.0,32005000.0,32005000.0
Tyler Technologies Inc,TYL,,860731,2011.0,Q1,2011-01-01,2011-03-31,2012-04-25 17:50:48+00:00,804000.0,0.18,0.18,0.17,3754000.0,5728000.0,5728000.0,5728000.0,36946000.0,73393000.0,3824000.0,,4549000.0,17288000.0,40770000.0,32623000.0,-500000.0,22641000.0,9982000.0,-500000.0,9482000.0,73393000.0,32086000.0,32086000.0,32086000.0
Tyler Technologies Inc,TYL,,860731,2012.0,Q4,2012-10-01,2012-12-31,,1093000.0,0.3,0.3,0.28,5659000.0,9376000.0,9376000.0,9376000.0,61998000.0,95368000.0,-11270000.0,,5365000.0,22763000.0,50728000.0,44640000.0,-384000.0,29221000.0,15419000.0,-384000.0,15035000.0,95368000.0,30327000.0,30327000.0,33000000.0
Tyler Technologies Inc,TYL,,860731,2012.0,FY,2012-01-01,2012-12-31,2015-02-18 11:58:43+00:00,4279000.0,1.09,1.09,1.0,20874000.0,32994000.0,32994000.0,32994000.0,195602000.0,363304000.0,,,20140000.0,86706000.0,195602000.0,167702000.0,-2709000.0,111125000.0,56577000.0,-2709000.0,53868000.0,363304000.0,30327000.0,30327000.0,33000000.0
Tyler Technologies Inc,TYL,,860731,2012.0,Q3YTD,2012-01-01,2012-09-30,,3186000.0,0.79,0.79,0.72,15215000.0,23618000.0,23618000.0,23618000.0,133604000.0,267936000.0,11270000.0,,14775000.0,63943000.0,144874000.0,123062000.0,-2325000.0,81904000.0,41158000.0,-2325000.0,38833000.0,267936000.0,30387000.0,30387000.0,32800000.0
Tyler Technologies Inc,TYL,,860731,2012.0,Q3TTM,2011-10-01,2012-09-30,,4109000.0,1.07,1.07,0.98,20020000.0,32317000.0,32317000.0,32317000.0,173415000.0,350015000.0,14518000.0,,17409000.0,85084000.0,187933000.0,162082000.0,-3143000.0,106602000.0,55480000.0,-3143000.0,52337000.0,350015000.0,30387000.0,30387000.0,32800000.0
Tyler Technologies Inc,TYL,,860731,2012.0,Q3,2012-07-01,2012-09-30,2013-10-23 21:15:48+00:00,1103000.0,0.36,0.36,0.33,6978000.0,10832000.0,10832000.0,10832000.0,45303000.0,93845000.0,3598000.0,,4273000.0,20909000.0,48901000.0,44944000.0,-849000.0,26285000.0,18659000.0,-849000.0,17810000.0,93845000.0,30387000.0,30387000.0,32800000.0
Tyler Technologies Inc,TYL,,860731,2012.0,Q2YTD,2012-01-01,2012-06-30,,2083000.0,0.43,0.43,0.39,8237000.0,12786000.0,12786000.0,12786000.0,88301000.0,174091000.0,7672000.0,,10502000.0,43034000.0,95973000.0,78118000.0,-1476000.0,55619000.0,22499000.0,-1476000.0,21023000.0,174091000.0,30171000.0,30171000.0,32300000.0
Tyler Technologies Inc,TYL,,860731,2012.0,Q2TTM,2011-07-01,2012-06-30,,3807000.0,0.95,0.95,0.88,17354000.0,28991000.0,28991000.0,28991000.0,165388000.0,333354000.0,14696000.0,,17332000.0,82930000.0,180084000.0,153270000.0,-2856000.0,104069000.0,49201000.0,-2856000.0,46345000.0,333354000.0,30171000.0,30171000.0,32300000.0
Tyler Technologies Inc,TYL,,860731,2012.0,Q2,2012-04-01,2012-06-30,2013-07-24 17:42:53+00:00,1137000.0,0.24,0.24,0.22,4577000.0,7105000.0,7105000.0,7105000.0,46793000.0,91368000.0,3876000.0,,5408000.0,21699000.0,50669000.0,40699000.0,-773000.0,28244000.0,12455000.0,-773000.0,11682000.0,91368000.0,30171000.0,30171000.0,32300000.0
Tyler Technologies Inc,TYL,,860731,2012.0,Q1TTM,2011-04-01,2012-03-31,,3473000.0,0.89,0.89,0.83,16462000.0,27510000.0,27510000.0,27510000.0,157491000.0,318721000.0,14522000.0,,16959000.0,79697000.0,172013000.0,146708000.0,-2607000.0,100129000.0,46579000.0,-2607000.0,43972000.0,318721000.0,30015000.0,30015000.0,33400000.0
Tyler Technologies Inc,TYL,,860731,2012.0,Q1,2012-01-01,2012-03-31,2013-04-24 17:44:18+00:00,946000.0,0.19,0.19,0.17,3660000.0,5681000.0,5681000.0,5681000.0,41508000.0,82723000.0,3796000.0,,5094000.0,21335000.0,45304000.0,37419000.0,-703000.0,27375000.0,10044000.0,-703000.0,9341000.0,82723000.0,30015000.0,30015000.0,33400000.0
Tyler Technologies Inc,TYL,,860731,2013.0,FY,2013-01-01,2013-12-31,2016-02-24 12:20:57+00:00,4517000.0,1.23,1.23,1.13,26718000.0,39101000.0,39101000.0,39101000.0,223440000.0,416643000.0,,-1309000.0,23269000.0,98289000.0,223440000.0,193203000.0,,126075000.0,67128000.0,-1309000.0,65819000.0,416643000.0,31891000.0,31891000.0,34600000.0
Tyler Technologies Inc,TYL,,860731,2013.0,Q4,2013-10-01,2013-12-31,,1129000.0,0.6,0.33,0.3,8550000.0,10512000.0,10512000.0,10512000.0,68545000.0,110735000.0,-10577000.0,-1309000.0,6095000.0,26091000.0,57968000.0,52767000.0,919000.0,33315000.0,19452000.0,-390000.0,19062000.0,110735000.0,31891000.0,31891000.0,34600000.0
Tyler Technologies Inc,TYL,,860731,2013.0,Q3YTD,2013-01-01,2013-09-30,,3388000.0,0.63,0.9,0.83,18168000.0,28589000.0,28589000.0,28589000.0,154895000.0,305908000.0,10577000.0,,17174000.0,72198000.0,165472000.0,140436000.0,-919000.0,92760000.0,47676000.0,-919000.0,46757000.0,305908000.0,32037000.0,32037000.0,34500000.0
Tyler Technologies Inc,TYL,,860731,2013.0,Q3TTM,2012-10-01,2013-09-30,,4481000.0,0.93,1.2,1.11,23827000.0,37965000.0,37965000.0,37965000.0,216893000.0,401276000.0,-693000.0,,22539000.0,94961000.0,216200000.0,185076000.0,-1303000.0,121981000.0,63095000.0,-1303000.0,61792000.0,401276000.0,32037000.0,32037000.0,34500000.0
Tyler Technologies Inc,TYL,,860731,2013.0,Q3,2013-07-01,2013-09-30,2014-10-22 16:26:16+00:00,1129000.0,0.34,0.34,0.32,6523000.0,11049000.0,11049000.0,11049000.0,54112000.0,107021000.0,3360000.0,,5982000.0,24581000.0,57472000.0,49549000.0,-285000.0,31692000.0,17857000.0,-285000.0,17572000.0,107021000.0,32037000.0,32037000.0,34500000.0
Tyler Technologies Inc,TYL,,860731,2013.0,Q2YTD,2013-01-01,2013-06-30,,2259000.0,0.29,0.56,0.51,11645000.0,17540000.0,17540000.0,17540000.0,100783000.0,198887000.0,7217000.0,,11192000.0,47617000.0,108000000.0,90887000.0,-634000.0,61068000.0,29819000.0,-634000.0,29185000.0,198887000.0,31617000.0,31617000.0,34800000.0
Tyler Technologies Inc,TYL,,860731,2013.0,Q2TTM,2012-07-01,2013-06-30,,4455000.0,0.95,1.22,1.12,24282000.0,37748000.0,37748000.0,37748000.0,208084000.0,388100000.0,-455000.0,,20830000.0,91289000.0,207629000.0,180471000.0,-1867000.0,116574000.0,63897000.0,-1867000.0,62030000.0,388100000.0,31617000.0,31617000.0,34800000.0
Tyler Technologies Inc,TYL,,860731,2013.0,Q2,2013-04-01,2013-06-30,2014-07-23 17:21:55+00:00,1128000.0,0.29,0.29,0.26,6006000.0,9047000.0,9047000.0,9047000.0,52628000.0,103088000.0,3418000.0,,5594000.0,24971000.0,56046000.0,47042000.0,-296000.0,31693000.0,15349000.0,-296000.0,15053000.0,103088000.0,31617000.0,31617000.0,34800000.0
Tyler Technologies Inc,TYL,,860731,2013.0,Q1TTM,2012-04-01,2013-03-31,,4464000.0,0.9,1.17,1.08,22853000.0,35806000.0,35806000.0,35806000.0,202249000.0,376380000.0,3000.0,,20644000.0,88017000.0,202252000.0,174128000.0,-2344000.0,113125000.0,61003000.0,-2344000.0,58659000.0,376380000.0,,31500000.0,34000000.0
Tyler Technologies Inc,TYL,,860731,2013.0,Q1,2013-01-01,2013-03-31,2014-04-23 16:41:45+00:00,1131000.0,,0.27,0.25,5639000.0,8493000.0,8493000.0,8493000.0,48155000.0,95799000.0,3799000.0,,5598000.0,22646000.0,51954000.0,43845000.0,-338000.0,29375000.0,14470000.0,-338000.0,14132000.0,95799000.0,,31500000.0,34000000.0
Tyler Technologies Inc,TYL,,860731,2014.0,Q3,2014-07-01,2014-09-30,2015-10-21 16:38:43+00:00,1136000.0,0.52,0.52,0.48,9698000.0,17000000.0,17000000.0,17000000.0,66872000.0,128664000.0,,-47000.0,6567000.0,27344000.0,66872000.0,61792000.0,,35047000.0,26745000.0,-47000.0,26698000.0,128664000.0,32935000.0,32935000.0,35400000.0
Tyler Technologies Inc,TYL,,860731,2014.0,Q3YTD,2014-01-01,2014-09-30,,3393000.0,1.33,1.33,1.23,26084000.0,43623000.0,43623000.0,43623000.0,192781000.0,365661000.0,,-263000.0,19128000.0,80130000.0,192781000.0,172880000.0,-259000.0,102651000.0,70229000.0,-522000.0,69707000.0,365661000.0,32935000.0,32935000.0,35400000.0
Tyler Technologies Inc,TYL,,860731,2014.0,Q3TTM,2013-10-01,2014-09-30,,4522000.0,1.93,1.66,1.53,34634000.0,54135000.0,54135000.0,54135000.0,261326000.0,476396000.0,-10577000.0,-1572000.0,25223000.0,106221000.0,250749000.0,225647000.0,660000.0,135966000.0,89681000.0,-912000.0,88769000.0,476396000.0,32935000.0,32935000.0,35400000.0
Tyler Technologies Inc,TYL,,860731,2014.0,Q2YTD,2014-01-01,2014-06-30,,2257000.0,0.81,0.81,0.75,16386000.0,26623000.0,26623000.0,26623000.0,125909000.0,236997000.0,,-216000.0,12561000.0,52786000.0,125909000.0,111088000.0,-259000.0,67604000.0,43484000.0,-475000.0,43009000.0,236997000.0,32918000.0,32918000.0,35100000.0
Tyler Technologies Inc,TYL,,860731,2014.0,Q2TTM,2013-07-01,2014-06-30,,4515000.0,1.75,1.48,1.37,31459000.0,48184000.0,48184000.0,48184000.0,248566000.0,454753000.0,-7217000.0,-1525000.0,24638000.0,103458000.0,241349000.0,213404000.0,375000.0,132611000.0,80793000.0,-1150000.0,79643000.0,454753000.0,32918000.0,32918000.0,35100000.0
Tyler Technologies Inc,TYL,,860731,2014.0,Q2,2014-04-01,2014-06-30,2015-07-22 16:33:19+00:00,1128000.0,0.45,0.45,0.42,8666000.0,14740000.0,14740000.0,14740000.0,65813000.0,124371000.0,,-216000.0,6389000.0,27419000.0,65813000.0,58558000.0,,34936000.0,23622000.0,-216000.0,23406000.0,124371000.0,32918000.0,32918000.0,35100000.0
Tyler Technologies Inc,TYL,,860731,2014.0,Q1TTM,2013-04-01,2014-03-31,,4515000.0,1.59,1.32,1.21,28799000.0,42491000.0,42491000.0,42491000.0,235381000.0,433470000.0,-3799000.0,-1309000.0,23843000.0,101010000.0,231582000.0,201888000.0,79000.0,129368000.0,72520000.0,-1230000.0,71290000.0,433470000.0,32916000.0,32916000.0,36000000.0
Tyler Technologies Inc,TYL,,860731,2014.0,Q1,2014-01-01,2014-03-31,2015-04-22 16:50:36+00:00,1129000.0,0.36,0.36,0.33,7720000.0,11883000.0,11883000.0,11883000.0,60096000.0,112626000.0,,,6172000.0,25367000.0,60096000.0,52530000.0,-259000.0,32668000.0,19862000.0,-259000.0,19603000.0,112626000.0,32916000.0,32916000.0,36000000.0
Tyler Technologies Inc,TYL,,860731,2015.0,FY,2015-01-01,2015-12-31,2018-02-21 16:45:40+00:00,5905000.0,1.9,1.9,1.77,43555000.0,64869000.0,64869000.0,64869000.0,313835000.0,591022000.0,,381000.0,29922000.0,133317000.0,313835000.0,277187000.0,,169144000.0,108043000.0,381000.0,108424000.0,591022000.0,34137000.0,34137000.0,36600000.0
Tyler Technologies Inc,TYL,,860731,2015.0,Q4,2015-10-01,2015-12-31,,2320000.0,0.24,0.24,0.22,10922000.0,8618000.0,8618000.0,8618000.0,85694000.0,158916000.0,,-59000.0,8615000.0,42507000.0,85694000.0,73222000.0,-181000.0,53442000.0,19780000.0,-240000.0,19540000.0,158916000.0,34137000.0,34137000.0,36600000.0
Tyler Technologies Inc,TYL,,860731,2015.0,Q3,2015-07-01,2015-09-30,2016-10-26 16:49:07+00:00,1282000.0,0.59,0.59,0.55,11602000.0,20142000.0,20142000.0,20142000.0,79012000.0,150845000.0,,255000.0,7193000.0,31869000.0,79012000.0,71833000.0,,40344000.0,31489000.0,255000.0,31744000.0,150845000.0,33900000.0,33900000.0,36600000.0
Tyler Technologies Inc,TYL,,860731,2015.0,Q3YTD,2015-01-01,2015-09-30,,3585000.0,1.66,1.66,1.55,32633000.0,56251000.0,56251000.0,56251000.0,228141000.0,432106000.0,,440000.0,21307000.0,90810000.0,228141000.0,203965000.0,181000.0,115702000.0,88263000.0,621000.0,88884000.0,432106000.0,33900000.0,33900000.0,36600000.0
Tyler Technologies Inc,TYL,,860731,2015.0,Q2,2015-04-01,2015-06-30,2016-07-27 17:48:01+00:00,1151000.0,0.56,0.56,0.52,10945000.0,18836000.0,18836000.0,18836000.0,78042000.0,146295000.0,,185000.0,7110000.0,30396000.0,78042000.0,68253000.0,,38657000.0,29596000.0,185000.0,29781000.0,146295000.0,33751000.0,33751000.0,36200000.0
Tyler Technologies Inc,TYL,,860731,2015.0,Q2YTD,2015-01-01,2015-06-30,,2303000.0,1.07,1.07,1.0,21031000.0,36109000.0,36109000.0,36109000.0,149129000.0,281261000.0,,185000.0,14114000.0,58941000.0,149129000.0,132132000.0,181000.0,75358000.0,56774000.0,366000.0,57140000.0,281261000.0,33751000.0,33751000.0,36200000.0
Tyler Technologies Inc,TYL,,860731,2015.0,Q1,2015-01-01,2015-03-31,2015-04-22 16:50:36+00:00,1152000.0,0.51,0.51,0.48,10086000.0,17273000.0,17273000.0,17273000.0,71087000.0,134966000.0,,,7004000.0,28545000.0,71087000.0,63879000.0,181000.0,36701000.0,27178000.0,181000.0,27359000.0,134966000.0,33562000.0,33562000.0,36000000.0
Tyler Technologies Inc,TYL,,860731,2016.0,FY,2016-01-01,2016-12-31,2019-02-20 16:43:24+00:00,13202000.0,3.01,3.12,2.92,21957000.0,113701000.0,113701000.0,113701000.0,400692000.0,759880000.0,,-1998000.0,43200000.0,165176000.0,400692000.0,359188000.0,,221578000.0,137656000.0,-1998000.0,135658000.0,759880000.0,36448000.0,36448000.0,38900000.0
Tyler Technologies Inc,TYL,,860731,2016.0,Q4,2016-10-01,2016-12-31,,2929000.0,0.85,0.96,0.89,6430000.0,35040000.0,35040000.0,35040000.0,100464000.0,197118000.0,,-285000.0,11838000.0,40178000.0,100464000.0,96654000.0,,54945000.0,41755000.0,-285000.0,41470000.0,197118000.0,36448000.0,36448000.0,38900000.0
Tyler Technologies Inc,TYL,,860731,2016.0,Q3,2016-07-01,2016-09-30,2017-10-25 16:28:45+00:00,3458000.0,0.97,0.97,0.91,989000.0,35430000.0,35430000.0,35430000.0,101017000.0,194497000.0,,-526000.0,11070000.0,42007000.0,101017000.0,93480000.0,,56535000.0,36945000.0,-526000.0,36419000.0,194497000.0,36433000.0,36433000.0,38900000.0
Tyler Technologies Inc,TYL,,860731,2016.0,Q3YTD,2016-01-01,2016-09-30,,10273000.0,2.16,2.16,2.03,15527000.0,78661000.0,78661000.0,78661000.0,300228000.0,562762000.0,,-1713000.0,31362000.0,124998000.0,300228000.0,262534000.0,,166633000.0,95901000.0,-1713000.0,94188000.0,562762000.0,36433000.0,36433000.0,38900000.0
Tyler Technologies Inc,TYL,,860731,2016.0,Q3TTM,2015-10-01,2016-09-30,,12593000.0,2.4,2.4,2.25,26449000.0,87279000.0,87279000.0,87279000.0,385922000.0,721678000.0,,-1772000.0,39977000.0,167505000.0,385922000.0,335756000.0,-181000.0,220075000.0,115681000.0,-1953000.0,113728000.0,721678000.0,36433000.0,36433000.0,38900000.0
Tyler Technologies Inc,TYL,,860731,2016.0,Q2,2016-04-01,2016-06-30,2017-07-26 16:31:33+00:00,3453000.0,0.69,0.69,0.65,5188000.0,25007000.0,25007000.0,25007000.0,102036000.0,188972000.0,,-720000.0,10336000.0,42232000.0,102036000.0,86936000.0,,56021000.0,30915000.0,-720000.0,30195000.0,188972000.0,36160000.0,36160000.0,38500000.0
Tyler Technologies Inc,TYL,,860731,2016.0,Q2YTD,2016-01-01,2016-06-30,,6815000.0,1.19,1.19,1.12,14538000.0,43231000.0,43231000.0,43231000.0,199211000.0,368265000.0,,-1187000.0,20292000.0,82991000.0,199211000.0,169054000.0,,110098000.0,58956000.0,-1187000.0,57769000.0,368265000.0,36160000.0,36160000.0,38500000.0
Tyler Technologies Inc,TYL,,860731,2016.0,Q2TTM,2015-07-01,2016-06-30,,10417000.0,2.02,2.02,1.89,37062000.0,71991000.0,71991000.0,71991000.0,363917000.0,678026000.0,,-991000.0,36100000.0,157367000.0,363917000.0,314109000.0,-181000.0,203884000.0,110225000.0,-1172000.0,109053000.0,678026000.0,36160000.0,36160000.0,38500000.0
Tyler Technologies Inc,TYL,,860731,2016.0,Q1,2016-01-01,2016-03-31,2017-04-26 16:49:39+00:00,3362000.0,0.5,0.5,0.47,9350000.0,18224000.0,18224000.0,18224000.0,97175000.0,179293000.0,,-467000.0,9956000.0,40759000.0,97175000.0,82118000.0,,54077000.0,28041000.0,-467000.0,27574000.0,179293000.0,36549000.0,36549000.0,38800000.0
Tyler Technologies Inc,TYL,,860731,2016.0,Q1TTM,2015-04-01,2016-03-31,,8115000.0,1.89,1.89,1.76,42819000.0,65820000.0,65820000.0,65820000.0,339923000.0,635349000.0,,-86000.0,32874000.0,145531000.0,339923000.0,295426000.0,-181000.0,186520000.0,108906000.0,-267000.0,108639000.0,635349000.0,36549000.0,36549000.0,38800000.0
Tyler Technologies Inc,TYL,,860731,2017.0,FY,2017-01-01,2017-12-31,2020-02-19 16:54:07+00:00,13381000.0,4.55,4.55,4.32,-6115000.0,169571000.0,169571000.0,169571000.0,441522000.0,840899000.0,,698000.0,47324000.0,175914000.0,441522000.0,399377000.0,,236619000.0,162758000.0,698000.0,163456000.0,840899000.0,37273000.0,37273000.0,39300000.0
Tyler Technologies Inc,TYL,,860731,2017.0,Q4,2017-10-01,2017-12-31,,3365000.0,1.8,1.76,1.68,-20935000.0,66196000.0,66196000.0,66196000.0,112351000.0,217701000.0,,914000.0,12017000.0,45621000.0,112351000.0,105350000.0,,61003000.0,44347000.0,914000.0,45261000.0,217701000.0,37273000.0,37273000.0,39300000.0
Tyler Technologies Inc,TYL,,860731,2017.0,Q3,2017-07-01,2017-09-30,2018-10-31 16:34:30+00:00,3360000.0,1.02,1.04,0.99,5521000.0,38836000.0,38836000.0,38836000.0,110717000.0,214706000.0,,75000.0,11834000.0,44513000.0,110717000.0,103989000.0,,59707000.0,44282000.0,75000.0,44357000.0,214706000.0,37391000.0,37391000.0,37391000.0
Tyler Technologies Inc,TYL,,860731,2017.0,Q3YTD,2017-01-01,2017-09-30,,10016000.0,2.75,2.79,2.64,14820000.0,103375000.0,103375000.0,103375000.0,329171000.0,623198000.0,,-216000.0,35307000.0,130293000.0,329171000.0,294027000.0,,175616000.0,118411000.0,-216000.0,118195000.0,623198000.0,37391000.0,37391000.0,37391000.0
Tyler Technologies Inc,TYL,,860731,2017.0,Q3TTM,2016-10-01,2017-09-30,,12945000.0,3.6,3.75,3.53,21250000.0,138415000.0,138415000.0,138415000.0,429635000.0,820316000.0,,-501000.0,47145000.0,170471000.0,429635000.0,390681000.0,,230561000.0,160166000.0,-501000.0,159665000.0,820316000.0,37391000.0,37391000.0,37391000.0
Tyler Technologies Inc,TYL,,860731,2017.0,Q2,2017-04-01,2017-06-30,2018-08-01 16:38:21+00:00,3331000.0,0.85,0.86,0.81,5427000.0,31770000.0,31770000.0,31770000.0,113260000.0,208763000.0,,-101000.0,11874000.0,43000000.0,113260000.0,95503000.0,,58205000.0,37298000.0,-101000.0,37197000.0,208763000.0,37154000.0,37154000.0,39200000.0
Tyler Technologies Inc,TYL,,860731,2017.0,Q2YTD,2017-01-01,2017-06-30,,6656000.0,1.73,1.75,1.65,9299000.0,64539000.0,64539000.0,64539000.0,218454000.0,408492000.0,,-291000.0,23473000.0,85780000.0,218454000.0,190038000.0,,115909000.0,74129000.0,-291000.0,73838000.0,408492000.0,37154000.0,37154000.0,39200000.0
Tyler Technologies Inc,TYL,,860731,2017.0,Q2TTM,2016-07-01,2017-06-30,,13043000.0,3.55,3.68,3.45,16718000.0,135009000.0,135009000.0,135009000.0,419935000.0,800107000.0,,-1102000.0,46381000.0,167965000.0,419935000.0,380172000.0,,227389000.0,152829000.0,-1102000.0,151727000.0,800107000.0,37154000.0,37154000.0,39200000.0
Tyler Technologies Inc,TYL,,860731,2017.0,Q1,2017-01-01,2017-03-31,2018-05-10 16:13:37+00:00,3325000.0,0.88,0.89,0.84,3872000.0,32769000.0,32769000.0,32769000.0,105194000.0,199729000.0,,-190000.0,11599000.0,42780000.0,105194000.0,94535000.0,,57704000.0,36831000.0,-190000.0,36641000.0,199729000.0,36845000.0,36845000.0,39000000.0
Tyler Technologies Inc,TYL,,860731,2017.0,Q1TTM,2016-04-01,2017-03-31,,13165000.0,3.39,3.51,3.29,16479000.0,128246000.0,128246000.0,128246000.0,408711000.0,780316000.0,,-1721000.0,44843000.0,167197000.0,408711000.0,371605000.0,,225205000.0,146446000.0,-1721000.0,144725000.0,780316000.0,36845000.0,36845000.0,39000000.0
Tyler Technologies Inc,TYL,,860731,2018.0,FY,2018-01-01,2018-12-31,2020-02-19 16:54:07+00:00,16217000.0,3.84,3.84,3.68,8408000.0,147462000.0,147462000.0,147462000.0,495704000.0,935282000.0,,3378000.0,63264000.0,207605000.0,495704000.0,439578000.0,,287086000.0,152492000.0,3378000.0,155870000.0,935282000.0,38445000.0,38445000.0,38445000.0
Tyler Technologies Inc,TYL,,860731,2018.0,Q4,2018-10-01,2018-12-31,,4475000.0,0.82,0.82,0.8,8555000.0,31552000.0,31552000.0,31552000.0,126110000.0,241981000.0,,1180000.0,17335000.0,55134000.0,126110000.0,115871000.0,,76944000.0,38927000.0,1180000.0,40107000.0,241981000.0,38445000.0,38445000.0,38445000.0
Tyler Technologies Inc,TYL,,860731,2018.0,Q3,2018-07-01,2018-09-30,2019-10-30 16:41:08+00:00,4386000.0,1.0,1.0,0.96,-298000.0,38924000.0,38924000.0,38924000.0,124441000.0,236067000.0,,1041000.0,17050000.0,52605000.0,124441000.0,111626000.0,,74041000.0,37585000.0,1041000.0,38626000.0,236067000.0,38761000.0,38761000.0,38761000.0
Tyler Technologies Inc,TYL,,860731,2018.0,Q3YTD,2018-01-01,2018-09-30,,11742000.0,3.02,3.02,2.88,-147000.0,115910000.0,115910000.0,115910000.0,369594000.0,693301000.0,,2198000.0,45929000.0,152471000.0,369594000.0,323707000.0,,210142000.0,113565000.0,2198000.0,115763000.0,693301000.0,38761000.0,38761000.0,38761000.0
Tyler Technologies Inc,TYL,,860731,2018.0,Q3TTM,2017-10-01,2018-09-30,,15107000.0,4.82,4.78,4.56,-21082000.0,182106000.0,182106000.0,182106000.0,481945000.0,911002000.0,,3112000.0,57946000.0,198092000.0,481945000.0,429057000.0,,271145000.0,157912000.0,3112000.0,161024000.0,911002000.0,38761000.0,38761000.0,38761000.0
Tyler Technologies Inc,TYL,,860731,2018.0,Q2,2018-04-01,2018-06-30,2019-08-02 16:21:41+00:00,4041000.0,1.02,1.02,0.97,-1461000.0,39161000.0,39161000.0,39161000.0,126784000.0,236060000.0,,558000.0,15831000.0,52262000.0,126784000.0,109276000.0,,72134000.0,37142000.0,558000.0,37700000.0,236060000.0,38390000.0,38390000.0,38390000.0
Tyler Technologies Inc,TYL,,860731,2018.0,Q2YTD,2018-01-01,2018-06-30,,7356000.0,2.02,2.02,1.92,151000.0,76986000.0,76986000.0,76986000.0,245153000.0,457234000.0,,1157000.0,28879000.0,99866000.0,245153000.0,212081000.0,,136101000.0,75980000.0,1157000.0,77137000.0,457234000.0,38390000.0,38390000.0,38390000.0
Tyler Technologies Inc,TYL,,860731,2018.0,Q2TTM,2017-07-01,2018-06-30,,14081000.0,4.84,4.82,4.59,-15263000.0,182018000.0,182018000.0,182018000.0,468221000.0,889641000.0,,2146000.0,52730000.0,190000000.0,468221000.0,421420000.0,,256811000.0,164609000.0,2146000.0,166755000.0,889641000.0,38390000.0,38390000.0,38390000.0
Tyler Technologies Inc,TYL,,860731,2018.0,Q1,2018-01-01,2018-03-31,2019-05-08 16:45:02+00:00,3315000.0,1.0,1.0,0.95,1612000.0,37825000.0,37825000.0,37825000.0,118369000.0,221174000.0,,599000.0,13048000.0,47604000.0,118369000.0,102805000.0,,63967000.0,38838000.0,599000.0,39437000.0,221174000.0,38002000.0,38002000.0,38002000.0
Tyler Technologies Inc,TYL,,860731,2018.0,Q1TTM,2017-04-01,2018-03-31,,13371000.0,4.67,4.66,4.43,-8375000.0,174627000.0,174627000.0,174627000.0,454697000.0,862344000.0,,1487000.0,48773000.0,180738000.0,454697000.0,407647000.0,,242882000.0,164765000.0,1487000.0,166252000.0,862344000.0,38002000.0,38002000.0,38002000.0
Tyler Technologies Inc,TYL,,860731,2019.0,Q4,2019-10-01,2019-12-31,,5683000.0,1.21,1.21,1.16,1000000.0,46790000.0,46790000.0,46790000.0,146562000.0,288837000.0,,2633000.0,21170000.0,70265000.0,146562000.0,142275000.0,,97118000.0,45157000.0,2633000.0,47790000.0,288837000.0,38640000.0,38640000.0,38640000.0
Tyler Technologies Inc,TYL,,860731,2019.0,FY,2019-01-01,2019-12-31,2020-02-19 16:54:07+00:00,21445000.0,3.79,3.79,3.65,13311000.0,146527000.0,146527000.0,146527000.0,569527000.0,1086427000.0,,3471000.0,81342000.0,257746000.0,569527000.0,516900000.0,,360533000.0,156367000.0,3471000.0,159838000.0,1086427000.0,38640000.0,38640000.0,38640000.0
Tyler Technologies Inc,TYL,,860731,2019.0,Q3YTD,2019-01-01,2019-09-30,,15762000.0,2.58,2.58,2.49,12311000.0,99737000.0,99737000.0,99737000.0,422965000.0,797590000.0,,838000.0,60172000.0,187481000.0,422965000.0,374625000.0,,263415000.0,111210000.0,838000.0,112048000.0,797590000.0,38765000.0,38765000.0,38765000.0
Tyler Technologies Inc,TYL,,860731,2019.0,Q3TTM,2018-10-01,2019-09-30,,20237000.0,3.4,3.4,3.29,20866000.0,131289000.0,131289000.0,131289000.0,549075000.0,1039571000.0,,2018000.0,77507000.0,242615000.0,549075000.0,490496000.0,,340359000.0,150137000.0,2018000.0,152155000.0,1039571000.0,38765000.0,38765000.0,38765000.0
Tyler Technologies Inc,TYL,,860731,2019.0,Q3,2019-07-01,2019-09-30,2019-10-30 16:41:08+00:00,5646000.0,1.04,1.04,1.0,162000.0,40390000.0,40390000.0,40390000.0,144683000.0,275400000.0,,499000.0,21130000.0,63888000.0,144683000.0,130717000.0,,90664000.0,40053000.0,499000.0,40552000.0,275400000.0,38765000.0,38765000.0,38765000.0
Tyler Technologies Inc,TYL,,860731,2019.0,Q2YTD,2019-01-01,2019-06-30,,10116000.0,1.54,1.54,1.49,12149000.0,59347000.0,59347000.0,59347000.0,278282000.0,522190000.0,,339000.0,39042000.0,123593000.0,278282000.0,243908000.0,,172751000.0,71157000.0,339000.0,71496000.0,522190000.0,38402000.0,38402000.0,38402000.0
Tyler Technologies Inc,TYL,,860731,2019.0,Q2TTM,2018-07-01,2019-06-30,,18977000.0,3.36,3.36,3.25,20406000.0,129823000.0,129823000.0,129823000.0,528833000.0,1000238000.0,,2560000.0,73427000.0,231332000.0,528833000.0,471405000.0,,323736000.0,147669000.0,2560000.0,150229000.0,1000238000.0,38402000.0,38402000.0,38402000.0
Tyler Technologies Inc,TYL,,860731,2019.0,Q2,2019-04-01,2019-06-30,2019-08-02 16:21:41+00:00,5266000.0,0.83,0.83,0.8,4420000.0,31999000.0,31999000.0,31999000.0,147264000.0,275124000.0,,-247000.0,20101000.0,65827000.0,147264000.0,127860000.0,,91194000.0,36666000.0,-247000.0,36419000.0,275124000.0,38402000.0,38402000.0,38402000.0
Tyler Technologies Inc,TYL,,860731,2019.0,Q1,2019-01-01,2019-03-31,2020-04-29 16:53:24+00:00,4850000.0,0.71,0.71,0.69,7729000.0,27348000.0,27348000.0,27348000.0,131018000.0,247066000.0,,586000.0,18941000.0,57766000.0,131018000.0,116048000.0,,81557000.0,34491000.0,586000.0,35077000.0,247066000.0,38500000.0,38500000.0,39600000.0
Tyler Technologies Inc,TYL,,860731,2019.0,Q1TTM,2018-04-01,2019-03-31,,17752000.0,3.55,3.55,3.42,14525000.0,136985000.0,136985000.0,136985000.0,508353000.0,961174000.0,,3365000.0,69157000.0,217767000.0,508353000.0,452821000.0,,304676000.0,148145000.0,3365000.0,151510000.0,961174000.0,38500000.0,38500000.0,39600000.0
Tyler Technologies Inc,TYL,,860731,2020.0,Q1TTM,2019-04-01,2020-03-31,,21987000.0,4.28,4.28,4.12,-7085000.0,166729000.0,166729000.0,166729000.0,585919000.0,1115902000.0,,3875000.0,84762000.0,267465000.0,585919000.0,529983000.0,,374214000.0,155769000.0,3875000.0,159644000.0,1115902000.0,39600000.0,39600000.0,41000000.0
Tyler Technologies Inc,TYL,,860731,2020.0,Q1,2020-01-01,2020-03-31,2020-04-29 16:53:24+00:00,5392000.0,1.2,1.2,1.16,-12667000.0,47550000.0,47550000.0,47550000.0,147410000.0,276541000.0,,990000.0,22361000.0,67485000.0,147410000.0,129131000.0,,95238000.0,33893000.0,990000.0,34883000.0,276541000.0,39600000.0,39600000.0,41000000.0
