company_name,company_ticker,company_lei,company_cik,year,quarter,start_date,end_date,filing_date,basicdilutedeps,basiceps,dilutedeps,incometaxexpense,netincome,netincomecontinuing,netincometocommon,netincometononcontrollinginterest,operatingcostofrevenue,operatingrevenue,otheradjustmentstonetincometocommon,otherincome,rdexpense,sgaexpense,totalcostofrevenue,totalgrossprofit,totaloperatingexpenses,totaloperatingincome,totalotherincome,totalpretaxincome,totalrevenue,weightedavebasicdilutedsharesos,weightedavebasicsharesos,weightedavedilutedsharesos
Intuitive Surgical Inc,ISRG,54930052SRG011710797,1035267,2007.0,FY,2007-01-01,2007-12-31,2010-01-29 15:05:27+00:00,3.82,3.82,3.7,92697000.0,144537000.0,144537000.0,144537000.0,,186542000.0,600828000.0,,30492000.0,48859000.0,158685000.0,186542000.0,414286000.0,207544000.0,206742000.0,30492000.0,237234000.0,600828000.0,37800000.0,37831000.0,39021000.0
Intuitive Surgical Inc,ISRG,54930052SRG011710797,1035267,2008.0,FY,2008-01-01,2008-12-31,2011-02-01 15:32:22+00:00,5.26,5.26,5.12,130900000.0,204300000.0,204300000.0,204300000.0,,254100000.0,874900000.0,,24400000.0,79400000.0,230600000.0,254100000.0,620800000.0,310000000.0,310800000.0,24400000.0,335200000.0,874900000.0,38800000.0,38900000.0,39900000.0
Intuitive Surgical Inc,ISRG,54930052SRG011710797,1035267,2008.0,Q3,2008-07-01,2008-09-30,2009-10-21 16:16:34+00:00,1.48,1.48,1.44,32032000.0,57594000.0,57594000.0,57594000.0,,66417000.0,235992000.0,,4594000.0,21851000.0,62692000.0,66417000.0,169575000.0,84543000.0,85032000.0,4594000.0,89626000.0,235992000.0,38900000.0,39015000.0,40108000.0
Intuitive Surgical Inc,ISRG,54930052SRG011710797,1035267,2008.0,Q2,2008-04-01,2008-06-30,2009-07-23 16:07:31+00:00,1.32,1.32,1.28,32720000.0,51182000.0,51182000.0,51182000.0,,63133000.0,219189000.0,,5707000.0,20357000.0,57504000.0,63133000.0,156056000.0,77861000.0,78195000.0,5707000.0,83902000.0,219189000.0,38800000.0,38773000.0,39980000.0
Intuitive Surgical Inc,ISRG,54930052SRG011710797,1035267,2009.0,Q4,2009-10-01,2009-12-31,,2.01,2.01,1.95,55000000.0,77600000.0,77600000.0,77600000.0,,89900000.0,323100000.0,,4200000.0,25800000.0,79000000.0,89900000.0,233200000.0,104800000.0,128400000.0,4200000.0,132600000.0,323100000.0,38300000.0,38300000.0,39200000.0
Intuitive Surgical Inc,ISRG,54930052SRG011710797,1035267,2009.0,FY,2009-01-01,2009-12-31,2012-02-03 19:13:36+00:00,6.07,6.07,5.93,163500000.0,232600000.0,232600000.0,232600000.0,,301100000.0,1052200000.0,,18700000.0,95100000.0,278600000.0,301100000.0,751100000.0,373700000.0,377400000.0,18700000.0,396100000.0,1052200000.0,38300000.0,38300000.0,39200000.0
Intuitive Surgical Inc,ISRG,54930052SRG011710797,1035267,2009.0,Q3YTD,2009-01-01,2009-09-30,,4.06,4.06,3.98,108500000.0,155000000.0,155000000.0,155000000.0,,211200000.0,729100000.0,,14500000.0,69300000.0,199600000.0,211200000.0,517900000.0,268900000.0,249000000.0,14500000.0,263500000.0,729100000.0,38200000.0,38100000.0,39200000.0
Intuitive Surgical Inc,ISRG,54930052SRG011710797,1035267,2009.0,Q3,2009-07-01,2009-09-30,2010-10-20 17:27:05+00:00,1.69,1.69,1.64,44300000.0,64500000.0,64500000.0,64500000.0,,81100000.0,280100000.0,,4300000.0,24600000.0,69900000.0,81100000.0,199000000.0,94500000.0,104500000.0,4300000.0,108800000.0,280100000.0,38200000.0,38100000.0,39200000.0
Intuitive Surgical Inc,ISRG,54930052SRG011710797,1035267,2009.0,Q2YTD,2009-01-01,2009-06-30,,2.37,2.37,2.34,64200000.0,90500000.0,90500000.0,90500000.0,,130100000.0,449000000.0,,10200000.0,44700000.0,129700000.0,130100000.0,318900000.0,174400000.0,144500000.0,10200000.0,154700000.0,449000000.0,37800000.0,37900000.0,38600000.0
Intuitive Surgical Inc,ISRG,54930052SRG011710797,1035267,2009.0,Q2,2009-04-01,2009-06-30,2010-07-22 20:49:59+00:00,1.65,1.65,1.62,42300000.0,62400000.0,62400000.0,62400000.0,,70400000.0,260600000.0,,5200000.0,23400000.0,67300000.0,70400000.0,190200000.0,90700000.0,99500000.0,5200000.0,104700000.0,260600000.0,37800000.0,37900000.0,38600000.0
Intuitive Surgical Inc,ISRG,54930052SRG011710797,1035267,2009.0,Q1,2009-01-01,2009-03-31,2010-04-20 16:52:35+00:00,0.72,0.72,0.72,21900000.0,28100000.0,28100000.0,28100000.0,,59700000.0,188400000.0,,5000000.0,21300000.0,62400000.0,59700000.0,128700000.0,83700000.0,45000000.0,5000000.0,50000000.0,188400000.0,39000000.0,38900000.0,39300000.0
Intuitive Surgical Inc,ISRG,54930052SRG011710797,1035267,2010.0,Q4,2010-10-01,2010-12-31,,3.08,3.08,3.02,36000000.0,121200000.0,121200000.0,121200000.0,,107200000.0,389300000.0,,3500000.0,32600000.0,95800000.0,107200000.0,282100000.0,128400000.0,153700000.0,3500000.0,157200000.0,389300000.0,39200000.0,39200000.0,40300000.0
Intuitive Surgical Inc,ISRG,54930052SRG011710797,1035267,2010.0,FY,2010-01-01,2010-12-31,2013-02-04 16:09:03+00:00,9.74,9.74,9.47,190500000.0,381800000.0,381800000.0,381800000.0,,383000000.0,1413000000.0,,17100000.0,116000000.0,358800000.0,383000000.0,1030000000.0,474800000.0,555200000.0,17100000.0,572300000.0,1413000000.0,39200000.0,39200000.0,40300000.0
Intuitive Surgical Inc,ISRG,54930052SRG011710797,1035267,2010.0,Q3YTD,2010-01-01,2010-09-30,,6.66,6.66,6.45,154500000.0,260600000.0,260600000.0,260600000.0,,275800000.0,1023700000.0,,13600000.0,83400000.0,263000000.0,275800000.0,747900000.0,346400000.0,401500000.0,13600000.0,415100000.0,1023700000.0,39400000.0,39400000.0,40500000.0
Intuitive Surgical Inc,ISRG,54930052SRG011710797,1035267,2010.0,Q3TTM,2009-10-01,2010-09-30,,8.67,8.67,8.4,209500000.0,338200000.0,338200000.0,338200000.0,,365700000.0,1346800000.0,,17800000.0,109200000.0,342000000.0,365700000.0,981100000.0,451200000.0,529900000.0,17800000.0,547700000.0,1346800000.0,39400000.0,39400000.0,40500000.0
Intuitive Surgical Inc,ISRG,54930052SRG011710797,1035267,2010.0,Q3,2010-07-01,2010-09-30,2011-10-19 17:09:13+00:00,2.2,2.2,2.14,50500000.0,86600000.0,86600000.0,86600000.0,,93800000.0,344400000.0,,5000000.0,26900000.0,91600000.0,93800000.0,250600000.0,118500000.0,132100000.0,5000000.0,137100000.0,344400000.0,39400000.0,39400000.0,40500000.0
Intuitive Surgical Inc,ISRG,54930052SRG011710797,1035267,2010.0,Q2YTD,2010-01-01,2010-06-30,,4.46,4.46,4.31,104000000.0,174000000.0,174000000.0,174000000.0,,182000000.0,679300000.0,,8600000.0,56500000.0,171400000.0,182000000.0,497300000.0,227900000.0,269400000.0,8600000.0,278000000.0,679300000.0,39200000.0,39300000.0,40500000.0
Intuitive Surgical Inc,ISRG,54930052SRG011710797,1035267,2010.0,Q2TTM,2009-07-01,2010-06-30,,8.16,8.16,7.9,203300000.0,316100000.0,316100000.0,316100000.0,,353000000.0,1282500000.0,,17100000.0,106900000.0,320300000.0,353000000.0,929500000.0,427200000.0,502300000.0,17100000.0,519400000.0,1282500000.0,39200000.0,39300000.0,40500000.0
Intuitive Surgical Inc,ISRG,54930052SRG011710797,1035267,2010.0,Q2,2010-04-01,2010-06-30,2011-07-20 16:53:08+00:00,2.26,2.26,2.19,55500000.0,88700000.0,88700000.0,88700000.0,,93900000.0,350700000.0,,4500000.0,28500000.0,88600000.0,93900000.0,256800000.0,117100000.0,139700000.0,4500000.0,144200000.0,350700000.0,39200000.0,39300000.0,40500000.0
Intuitive Surgical Inc,ISRG,54930052SRG011710797,1035267,2010.0,Q1TTM,2009-04-01,2010-03-31,,7.55,7.55,7.33,190100000.0,289800000.0,289800000.0,289800000.0,,329500000.0,1192400000.0,,17800000.0,101800000.0,299000000.0,329500000.0,862900000.0,400800000.0,462100000.0,17800000.0,479900000.0,1192400000.0,38800000.0,38800000.0,40200000.0
Intuitive Surgical Inc,ISRG,54930052SRG011710797,1035267,2010.0,Q1,2010-01-01,2010-03-31,2011-04-20 16:29:08+00:00,2.2,2.2,2.12,48500000.0,85300000.0,85300000.0,85300000.0,,88100000.0,328600000.0,,4100000.0,28000000.0,82800000.0,88100000.0,240500000.0,110800000.0,129700000.0,4100000.0,133800000.0,328600000.0,38800000.0,38800000.0,40200000.0
Intuitive Surgical Inc,ISRG,54930052SRG011710797,1035267,2011.0,Q4,2011-10-01,2011-12-31,,3.85,3.85,3.77,51900000.0,151200000.0,151200000.0,151200000.0,,133900000.0,496800000.0,,3600000.0,41400000.0,122000000.0,133900000.0,362900000.0,163400000.0,199500000.0,3600000.0,203100000.0,496800000.0,39200000.0,39200000.0,40200000.0
Intuitive Surgical Inc,ISRG,54930052SRG011710797,1035267,2011.0,FY,2011-01-01,2011-12-31,2014-02-03 17:13:14+00:00,12.63,12.63,12.32,214600000.0,495100000.0,495100000.0,495100000.0,,483500000.0,1757300000.0,,14900000.0,140200000.0,438800000.0,483500000.0,1273800000.0,579000000.0,694800000.0,14900000.0,709700000.0,1757300000.0,39200000.0,39200000.0,40200000.0
Intuitive Surgical Inc,ISRG,54930052SRG011710797,1035267,2011.0,Q3YTD,2011-01-01,2011-09-30,,8.78,8.78,8.55,162700000.0,343900000.0,343900000.0,343900000.0,,349600000.0,1260500000.0,,11300000.0,98800000.0,316800000.0,349600000.0,910900000.0,415600000.0,495300000.0,11300000.0,506600000.0,1260500000.0,39100000.0,39100000.0,40100000.0
Intuitive Surgical Inc,ISRG,54930052SRG011710797,1035267,2011.0,Q3TTM,2010-10-01,2011-09-30,,11.86,11.86,11.57,198700000.0,465100000.0,465100000.0,465100000.0,,456800000.0,1649800000.0,,14800000.0,131400000.0,412600000.0,456800000.0,1193000000.0,544000000.0,649000000.0,14800000.0,663800000.0,1649800000.0,39100000.0,39100000.0,40100000.0
Intuitive Surgical Inc,ISRG,54930052SRG011710797,1035267,2011.0,Q3,2011-07-01,2011-09-30,2012-10-18 16:10:11+00:00,3.13,3.13,3.05,58400000.0,122400000.0,122400000.0,122400000.0,,121200000.0,446700000.0,,1900000.0,35400000.0,111200000.0,121200000.0,325500000.0,146600000.0,178900000.0,1900000.0,180800000.0,446700000.0,39100000.0,39100000.0,40100000.0
Intuitive Surgical Inc,ISRG,54930052SRG011710797,1035267,2011.0,Q2YTD,2011-01-01,2011-06-30,,5.65,5.65,5.5,104300000.0,221500000.0,221500000.0,221500000.0,,228400000.0,813800000.0,,9400000.0,63400000.0,205600000.0,228400000.0,585400000.0,269000000.0,316400000.0,9400000.0,325800000.0,813800000.0,39300000.0,39200000.0,40300000.0
Intuitive Surgical Inc,ISRG,54930052SRG011710797,1035267,2011.0,Q2TTM,2010-07-01,2011-06-30,,10.93,10.93,10.66,190800000.0,429300000.0,429300000.0,429300000.0,,429400000.0,1547500000.0,,17900000.0,122900000.0,393000000.0,429400000.0,1118100000.0,515900000.0,602200000.0,17900000.0,620100000.0,1547500000.0,39300000.0,39200000.0,40300000.0
Intuitive Surgical Inc,ISRG,54930052SRG011710797,1035267,2011.0,Q2,2011-04-01,2011-06-30,2012-07-20 19:51:13+00:00,2.99,2.99,2.91,54800000.0,117400000.0,117400000.0,117400000.0,,119100000.0,425700000.0,,4100000.0,32000000.0,106500000.0,119100000.0,306600000.0,138500000.0,168100000.0,4100000.0,172200000.0,425700000.0,39300000.0,39200000.0,40300000.0
Intuitive Surgical Inc,ISRG,54930052SRG011710797,1035267,2011.0,Q1TTM,2010-04-01,2011-03-31,,10.2,10.2,9.94,191500000.0,400600000.0,400600000.0,400600000.0,,404200000.0,1472500000.0,,18300000.0,119400000.0,375100000.0,404200000.0,1068300000.0,494500000.0,573800000.0,18300000.0,592100000.0,1472500000.0,39100000.0,39100000.0,40200000.0
Intuitive Surgical Inc,ISRG,54930052SRG011710797,1035267,2011.0,Q1,2011-01-01,2011-03-31,2012-04-18 18:49:11+00:00,2.66,2.66,2.59,49500000.0,104100000.0,104100000.0,104100000.0,,109300000.0,388100000.0,,5300000.0,31400000.0,99100000.0,109300000.0,278800000.0,130500000.0,148300000.0,5300000.0,153600000.0,388100000.0,39100000.0,39100000.0,40200000.0
Intuitive Surgical Inc,ISRG,54930052SRG011710797,1035267,2012.0,Q4,2012-10-01,2012-12-31,,4.4,4.4,4.27,76900000.0,174900000.0,174900000.0,174900000.0,,171400000.0,609300000.0,,3700000.0,41700000.0,148100000.0,171400000.0,437900000.0,189800000.0,248100000.0,3700000.0,251800000.0,609300000.0,39800000.0,39800000.0,41100000.0
Intuitive Surgical Inc,ISRG,54930052SRG011710797,1035267,2012.0,FY,2012-01-01,2012-12-31,2015-02-05 19:35:06+00:00,16.5,16.5,15.98,237300000.0,656600000.0,656600000.0,656600000.0,,608500000.0,2178800000.0,,15800000.0,170000000.0,522200000.0,608500000.0,1570300000.0,692200000.0,878100000.0,15800000.0,893900000.0,2178800000.0,39800000.0,39800000.0,41100000.0
Intuitive Surgical Inc,ISRG,54930052SRG011710797,1035267,2012.0,Q3YTD,2012-01-01,2012-09-30,,12.1,12.1,11.71,160400000.0,481700000.0,481700000.0,481700000.0,,437100000.0,1569500000.0,,12100000.0,128300000.0,374100000.0,437100000.0,1132400000.0,502400000.0,630000000.0,12100000.0,642100000.0,1569500000.0,39900000.0,39900000.0,41100000.0
Intuitive Surgical Inc,ISRG,54930052SRG011710797,1035267,2012.0,Q3TTM,2011-10-01,2012-09-30,,15.95,15.95,15.48,212300000.0,632900000.0,632900000.0,632900000.0,,571000000.0,2066300000.0,,15700000.0,169700000.0,496100000.0,571000000.0,1495300000.0,665800000.0,829500000.0,15700000.0,845200000.0,2066300000.0,39900000.0,39900000.0,41100000.0
Intuitive Surgical Inc,ISRG,54930052SRG011710797,1035267,2012.0,Q3,2012-07-01,2012-09-30,2013-10-18 13:43:10+00:00,4.59,4.59,4.46,32400000.0,183300000.0,183300000.0,183300000.0,,147700000.0,537800000.0,,4300000.0,49700000.0,129000000.0,147700000.0,390100000.0,178700000.0,211400000.0,4300000.0,215700000.0,537800000.0,39900000.0,39900000.0,41100000.0
Intuitive Surgical Inc,ISRG,54930052SRG011710797,1035267,2012.0,Q2YTD,2012-01-01,2012-06-30,,7.51,7.51,7.25,128000000.0,298400000.0,298400000.0,298400000.0,,289400000.0,1031700000.0,,7800000.0,78600000.0,245100000.0,289400000.0,742300000.0,323700000.0,418600000.0,7800000.0,426400000.0,1031700000.0,39900000.0,39900000.0,41300000.0
Intuitive Surgical Inc,ISRG,54930052SRG011710797,1035267,2012.0,Q2TTM,2011-07-01,2012-06-30,,14.49,14.49,14.07,238300000.0,572000000.0,572000000.0,572000000.0,,544500000.0,1975200000.0,,13300000.0,155400000.0,478300000.0,544500000.0,1430700000.0,633700000.0,797000000.0,13300000.0,810300000.0,1975200000.0,39900000.0,39900000.0,41300000.0
Intuitive Surgical Inc,ISRG,54930052SRG011710797,1035267,2012.0,Q2,2012-04-01,2012-06-30,2013-07-22 17:16:15+00:00,3.88,3.88,3.75,74400000.0,154900000.0,154900000.0,154900000.0,,150100000.0,536500000.0,,4000000.0,40200000.0,120900000.0,150100000.0,386400000.0,161100000.0,225300000.0,4000000.0,229300000.0,536500000.0,39900000.0,39900000.0,41300000.0
Intuitive Surgical Inc,ISRG,54930052SRG011710797,1035267,2012.0,Q1TTM,2011-04-01,2012-03-31,,13.6,13.6,13.23,218700000.0,534500000.0,534500000.0,534500000.0,,513500000.0,1864400000.0,,13400000.0,147200000.0,463900000.0,513500000.0,1350900000.0,611100000.0,739800000.0,13400000.0,753200000.0,1864400000.0,39500000.0,39500000.0,41000000.0
Intuitive Surgical Inc,ISRG,54930052SRG011710797,1035267,2012.0,Q1,2012-01-01,2012-03-31,2013-04-19 12:48:18+00:00,3.63,3.63,3.5,53600000.0,143500000.0,143500000.0,143500000.0,,139300000.0,495200000.0,,3800000.0,38400000.0,124200000.0,139300000.0,355900000.0,162600000.0,193300000.0,3800000.0,197100000.0,495200000.0,39500000.0,39500000.0,41000000.0
Intuitive Surgical Inc,ISRG,54930052SRG011710797,1035267,2013.0,FY,2013-01-01,2013-12-31,2016-02-02 17:22:41+00:00,17.12,17.12,16.73,199900000.0,671000000.0,671000000.0,671000000.0,,670900000.0,2265100000.0,,18400000.0,167700000.0,574000000.0,670900000.0,1594200000.0,741700000.0,852500000.0,18400000.0,870900000.0,2265100000.0,39200000.0,39200000.0,40100000.0
Intuitive Surgical Inc,ISRG,54930052SRG011710797,1035267,2013.0,Q4,2013-10-01,2013-12-31,,4.38,4.38,4.28,48300000.0,166200000.0,166200000.0,166200000.0,,178200000.0,576200000.0,,5900000.0,41700000.0,147700000.0,178200000.0,398000000.0,189400000.0,208600000.0,5900000.0,214500000.0,576200000.0,39200000.0,39200000.0,40100000.0
Intuitive Surgical Inc,ISRG,54930052SRG011710797,1035267,2013.0,Q3YTD,2013-01-01,2013-09-30,,12.74,12.74,12.45,151600000.0,504800000.0,504800000.0,504800000.0,,492700000.0,1688900000.0,,12500000.0,126000000.0,426300000.0,492700000.0,1196200000.0,552300000.0,643900000.0,12500000.0,656400000.0,1688900000.0,38600000.0,38600000.0,39300000.0
Intuitive Surgical Inc,ISRG,54930052SRG011710797,1035267,2013.0,Q3TTM,2012-10-01,2013-09-30,,17.14,17.14,16.72,228500000.0,679700000.0,679700000.0,679700000.0,,664100000.0,2298200000.0,,16200000.0,167700000.0,574400000.0,664100000.0,1634100000.0,742100000.0,892000000.0,16200000.0,908200000.0,2298200000.0,38600000.0,38600000.0,39300000.0
Intuitive Surgical Inc,ISRG,54930052SRG011710797,1035267,2013.0,Q3,2013-07-01,2013-09-30,2014-10-23 15:42:30+00:00,4.06,4.06,3.99,21300000.0,156800000.0,156800000.0,156800000.0,,142300000.0,499000000.0,,3900000.0,43200000.0,139300000.0,142300000.0,356700000.0,182500000.0,174200000.0,3900000.0,178100000.0,499000000.0,38600000.0,38600000.0,39300000.0
Intuitive Surgical Inc,ISRG,54930052SRG011710797,1035267,2013.0,Q2YTD,2013-01-01,2013-06-30,,8.68,8.68,8.46,130300000.0,348000000.0,348000000.0,348000000.0,,350400000.0,1189900000.0,,8600000.0,82800000.0,287000000.0,350400000.0,839500000.0,369800000.0,469700000.0,8600000.0,478300000.0,1189900000.0,39900000.0,39900000.0,40800000.0
Intuitive Surgical Inc,ISRG,54930052SRG011710797,1035267,2013.0,Q2TTM,2012-07-01,2013-06-30,,17.67,17.67,17.19,239600000.0,706200000.0,706200000.0,706200000.0,,669500000.0,2337000000.0,,16600000.0,174200000.0,564100000.0,669500000.0,1667500000.0,738300000.0,929200000.0,16600000.0,945800000.0,2337000000.0,39900000.0,39900000.0,40800000.0
Intuitive Surgical Inc,ISRG,54930052SRG011710797,1035267,2013.0,Q2,2013-04-01,2013-06-30,2014-07-23 20:19:14+00:00,3.99,3.99,3.9,63700000.0,159100000.0,159100000.0,159100000.0,,173300000.0,578500000.0,,4300000.0,41200000.0,145500000.0,173300000.0,405200000.0,186700000.0,218500000.0,4300000.0,222800000.0,578500000.0,39900000.0,39900000.0,40800000.0
Intuitive Surgical Inc,ISRG,54930052SRG011710797,1035267,2013.0,Q1TTM,2012-04-01,2013-03-31,,17.56,17.56,17.04,250300000.0,702000000.0,702000000.0,702000000.0,,646300000.0,2295000000.0,,16300000.0,173200000.0,539500000.0,646300000.0,1648700000.0,712700000.0,936000000.0,16300000.0,952300000.0,2295000000.0,40300000.0,40300000.0,41400000.0
Intuitive Surgical Inc,ISRG,54930052SRG011710797,1035267,2013.0,Q1,2013-01-01,2013-03-31,2014-04-25 15:24:07+00:00,4.69,4.69,4.56,66600000.0,188900000.0,188900000.0,188900000.0,,177100000.0,611400000.0,,4300000.0,41600000.0,141500000.0,177100000.0,434300000.0,183100000.0,251200000.0,4300000.0,255500000.0,611400000.0,40300000.0,40300000.0,41400000.0
Intuitive Surgical Inc,ISRG,54930052SRG011710797,1035267,2014.0,FY,2014-01-01,2014-12-31,2017-02-03 18:05:19+00:00,11.35,11.35,11.11,130200000.0,418800000.0,418800000.0,418800000.0,,717900000.0,2131700000.0,,4200000.0,178000000.0,691000000.0,717900000.0,1413800000.0,869000000.0,544800000.0,4200000.0,549000000.0,2131700000.0,36900000.0,36900000.0,37700000.0
Intuitive Surgical Inc,ISRG,54930052SRG011710797,1035267,2014.0,Q4,2014-10-01,2014-12-31,,3.98,3.98,3.98,38000000.0,146800000.0,146800000.0,146800000.0,,211300000.0,604700000.0,,-1300000.0,47300000.0,160000000.0,211300000.0,393400000.0,207300000.0,186100000.0,-1300000.0,184800000.0,604700000.0,36900000.0,36900000.0,37700000.0
Intuitive Surgical Inc,ISRG,54930052SRG011710797,1035267,2014.0,Q3,2014-07-01,2014-09-30,2015-10-21 15:09:04+00:00,3.43,3.43,3.35,37400000.0,123700000.0,123700000.0,123700000.0,,189500000.0,550100000.0,,2000000.0,47500000.0,154000000.0,189500000.0,360600000.0,201500000.0,159100000.0,2000000.0,161100000.0,550100000.0,36100000.0,36100000.0,36900000.0
Intuitive Surgical Inc,ISRG,54930052SRG011710797,1035267,2014.0,Q3YTD,2014-01-01,2014-09-30,,7.41,7.41,7.25,92200000.0,272000000.0,272000000.0,272000000.0,,506600000.0,1527000000.0,,5500000.0,130700000.0,531000000.0,506600000.0,1020400000.0,661700000.0,358700000.0,5500000.0,364200000.0,1527000000.0,36100000.0,36100000.0,36900000.0
Intuitive Surgical Inc,ISRG,54930052SRG011710797,1035267,2014.0,Q3TTM,2013-10-01,2014-09-30,,11.79,11.79,11.53,140500000.0,438200000.0,438200000.0,438200000.0,,684800000.0,2103200000.0,,11400000.0,172400000.0,678700000.0,684800000.0,1418400000.0,851100000.0,567300000.0,11400000.0,578700000.0,2103200000.0,36100000.0,36100000.0,36900000.0
Intuitive Surgical Inc,ISRG,54930052SRG011710797,1035267,2014.0,Q2YTD,2014-01-01,2014-06-30,,3.98,3.98,3.9,54800000.0,148300000.0,148300000.0,148300000.0,,317100000.0,976900000.0,,3500000.0,83200000.0,377000000.0,317100000.0,659800000.0,460200000.0,199600000.0,3500000.0,203100000.0,976900000.0,36900000.0,36900000.0,37600000.0
Intuitive Surgical Inc,ISRG,54930052SRG011710797,1035267,2014.0,Q2TTM,2013-07-01,2014-06-30,,12.42,12.42,12.17,124400000.0,471300000.0,471300000.0,471300000.0,,637600000.0,2052100000.0,,13300000.0,168100000.0,664000000.0,637600000.0,1414500000.0,832100000.0,582400000.0,13300000.0,595700000.0,2052100000.0,36900000.0,36900000.0,37600000.0
Intuitive Surgical Inc,ISRG,54930052SRG011710797,1035267,2014.0,Q2,2014-04-01,2014-06-30,2015-07-22 16:21:31+00:00,2.82,2.82,2.77,38600000.0,104000000.0,104000000.0,104000000.0,,167800000.0,512200000.0,,-400000.0,40200000.0,161200000.0,167800000.0,344400000.0,201400000.0,143000000.0,-400000.0,142600000.0,512200000.0,36900000.0,36900000.0,37600000.0
Intuitive Surgical Inc,ISRG,54930052SRG011710797,1035267,2014.0,Q1TTM,2013-04-01,2014-03-31,,13.59,13.59,13.3,149500000.0,526400000.0,526400000.0,526400000.0,,643100000.0,2118400000.0,,18000000.0,169100000.0,648300000.0,643100000.0,1475300000.0,817400000.0,657900000.0,18000000.0,675900000.0,2118400000.0,38200000.0,38300000.0,39100000.0
Intuitive Surgical Inc,ISRG,54930052SRG011710797,1035267,2014.0,Q1,2014-01-01,2014-03-31,2015-04-22 16:07:42+00:00,1.16,1.16,1.13,16200000.0,44300000.0,44300000.0,44300000.0,,149300000.0,464700000.0,,3900000.0,43000000.0,215800000.0,149300000.0,315400000.0,258800000.0,56600000.0,3900000.0,60500000.0,464700000.0,38200000.0,38300000.0,39100000.0
Intuitive Surgical Inc,ISRG,54930052SRG011710797,1035267,2015.0,FY,2015-01-01,2015-12-31,2018-02-02 17:18:02+00:00,5.29,5.29,5.18,169700000.0,588800000.0,588800000.0,588800000.0,,806500000.0,2384400000.0,,18500000.0,197400000.0,640500000.0,806500000.0,1577900000.0,837900000.0,740000000.0,18500000.0,758500000.0,2384400000.0,111300000.0,111300000.0,113700000.0
Intuitive Surgical Inc,ISRG,54930052SRG011710797,1035267,2015.0,Q4,2015-10-01,2015-12-31,,1.71,1.71,1.71,61800000.0,190000000.0,190000000.0,190000000.0,,217700000.0,676500000.0,,5900000.0,52600000.0,160300000.0,217700000.0,458800000.0,212900000.0,245900000.0,5900000.0,251800000.0,676500000.0,111300000.0,111300000.0,113700000.0
Intuitive Surgical Inc,ISRG,54930052SRG011710797,1035267,2015.0,Q3,2015-07-01,2015-09-30,2016-10-19 16:15:36+00:00,4.49,4.49,4.4,26300000.0,167300000.0,167300000.0,167300000.0,,193900000.0,589700000.0,,3700000.0,51000000.0,154900000.0,193900000.0,395800000.0,205900000.0,189900000.0,3700000.0,193600000.0,589700000.0,37300000.0,37300000.0,38000000.0
Intuitive Surgical Inc,ISRG,54930052SRG011710797,1035267,2015.0,Q3YTD,2015-01-01,2015-09-30,,10.69,10.69,10.69,107900000.0,398800000.0,398800000.0,398800000.0,,588800000.0,1707900000.0,,12600000.0,144800000.0,480200000.0,588800000.0,1119100000.0,625000000.0,494100000.0,12600000.0,506700000.0,1707900000.0,37300000.0,37300000.0,38000000.0
Intuitive Surgical Inc,ISRG,54930052SRG011710797,1035267,2015.0,Q3TTM,2014-10-01,2015-09-30,,14.63,14.63,14.63,145900000.0,545600000.0,545600000.0,545600000.0,,800100000.0,2312600000.0,,11300000.0,192100000.0,640200000.0,800100000.0,1512500000.0,832300000.0,680200000.0,11300000.0,691500000.0,2312600000.0,37300000.0,37300000.0,38000000.0
Intuitive Surgical Inc,ISRG,54930052SRG011710797,1035267,2015.0,Q2,2015-04-01,2015-06-30,2016-07-20 16:50:02+00:00,3.64,3.64,3.56,43900000.0,134500000.0,134500000.0,134500000.0,,199600000.0,586100000.0,,4600000.0,49400000.0,163300000.0,199600000.0,386500000.0,212700000.0,173800000.0,4600000.0,178400000.0,586100000.0,37000000.0,36900000.0,37800000.0
Intuitive Surgical Inc,ISRG,54930052SRG011710797,1035267,2015.0,Q2YTD,2015-01-01,2015-06-30,,6.27,6.27,6.27,81600000.0,231500000.0,231500000.0,231500000.0,,394900000.0,1118200000.0,,8900000.0,93800000.0,325300000.0,394900000.0,723300000.0,419100000.0,304200000.0,8900000.0,313100000.0,1118200000.0,37000000.0,36900000.0,37800000.0
Intuitive Surgical Inc,ISRG,54930052SRG011710797,1035267,2015.0,Q2TTM,2014-07-01,2015-06-30,,13.6,13.6,13.6,157000000.0,502000000.0,502000000.0,502000000.0,,795700000.0,2273000000.0,,9600000.0,188600000.0,639300000.0,795700000.0,1477300000.0,827900000.0,649400000.0,9600000.0,659000000.0,2273000000.0,37000000.0,36900000.0,37800000.0
Intuitive Surgical Inc,ISRG,54930052SRG011710797,1035267,2015.0,Q1,2015-01-01,2015-03-31,2016-04-19 16:08:30+00:00,2.64,2.64,2.57,37700000.0,97000000.0,97000000.0,97000000.0,,195300000.0,532100000.0,,4300000.0,44400000.0,162000000.0,195300000.0,336800000.0,206400000.0,130400000.0,4300000.0,134700000.0,532100000.0,36700000.0,36700000.0,37700000.0
Intuitive Surgical Inc,ISRG,54930052SRG011710797,1035267,2015.0,Q1TTM,2014-04-01,2015-03-31,,12.85,12.85,12.85,151700000.0,471500000.0,471500000.0,471500000.0,,763900000.0,2199100000.0,,4600000.0,179400000.0,637200000.0,763900000.0,1435200000.0,816600000.0,618600000.0,4600000.0,623200000.0,2199100000.0,36700000.0,36700000.0,37700000.0
Intuitive Surgical Inc,ISRG,54930052SRG011710797,1035267,2016.0,FY,2016-01-01,2016-12-31,2019-02-04 17:27:54+00:00,6.4,6.43,6.26,247000000.0,738300000.0,738300000.0,738300000.0,,813600000.0,2706500000.0,,35600000.0,239600000.0,703600000.0,813600000.0,1892900000.0,943200000.0,949700000.0,35600000.0,985300000.0,2706500000.0,115400000.0,114900000.0,117900000.0
Intuitive Surgical Inc,ISRG,54930052SRG011710797,1035267,2016.0,Q4,2016-10-01,2016-12-31,,1.8,1.8,1.8,74200000.0,206400000.0,206400000.0,206400000.0,,229000000.0,759000000.0,,11700000.0,69100000.0,192000000.0,229000000.0,530000000.0,261100000.0,268900000.0,11700000.0,280600000.0,759000000.0,115400000.0,114900000.0,117900000.0
Intuitive Surgical Inc,ISRG,54930052SRG011710797,1035267,2016.0,Q3,2016-07-01,2016-09-30,2017-10-20 16:49:57+00:00,1.82,1.82,1.77,55800000.0,211000000.0,211000000.0,211000000.0,,195900000.0,682900000.0,,10400000.0,62600000.0,168000000.0,195900000.0,487000000.0,230600000.0,256400000.0,10400000.0,266800000.0,682900000.0,115900000.0,116100000.0,119100000.0
Intuitive Surgical Inc,ISRG,54930052SRG011710797,1035267,2016.0,Q3YTD,2016-01-01,2016-09-30,,4.58,4.58,4.58,172800000.0,531900000.0,531900000.0,531900000.0,,584600000.0,1947500000.0,,23900000.0,170500000.0,511600000.0,584600000.0,1362900000.0,682100000.0,680800000.0,23900000.0,704700000.0,1947500000.0,115900000.0,116100000.0,119100000.0
Intuitive Surgical Inc,ISRG,54930052SRG011710797,1035267,2016.0,Q3TTM,2015-10-01,2016-09-30,,6.22,6.22,6.22,234600000.0,721900000.0,721900000.0,721900000.0,,802300000.0,2624000000.0,,29800000.0,223100000.0,671900000.0,802300000.0,1821700000.0,895000000.0,926700000.0,29800000.0,956500000.0,2624000000.0,115900000.0,116100000.0,119100000.0
Intuitive Surgical Inc,ISRG,54930052SRG011710797,1035267,2016.0,Q2,2016-04-01,2016-06-30,2017-07-21 16:39:38+00:00,4.82,4.82,4.71,68900000.0,184500000.0,184500000.0,184500000.0,,199200000.0,670100000.0,,8000000.0,54700000.0,170800000.0,199200000.0,470900000.0,225500000.0,245400000.0,8000000.0,253400000.0,670100000.0,38300000.0,38300000.0,39200000.0
Intuitive Surgical Inc,ISRG,54930052SRG011710797,1035267,2016.0,Q2YTD,2016-01-01,2016-06-30,,8.38,8.38,8.38,117000000.0,320900000.0,320900000.0,320900000.0,,388700000.0,1264600000.0,,13500000.0,107900000.0,343600000.0,388700000.0,875900000.0,451500000.0,424400000.0,13500000.0,437900000.0,1264600000.0,38300000.0,38300000.0,39200000.0
Intuitive Surgical Inc,ISRG,54930052SRG011710797,1035267,2016.0,Q2TTM,2015-07-01,2016-06-30,,17.71,17.71,17.71,205100000.0,678200000.0,678200000.0,678200000.0,,800300000.0,2530800000.0,,23100000.0,211500000.0,658800000.0,800300000.0,1730500000.0,870300000.0,860200000.0,23100000.0,883300000.0,2530800000.0,38300000.0,38300000.0,39200000.0
Intuitive Surgical Inc,ISRG,54930052SRG011710797,1035267,2016.0,Q1,2016-01-01,2016-03-31,2017-04-19 17:29:20+00:00,3.62,3.62,3.54,48100000.0,136400000.0,136400000.0,136400000.0,,189500000.0,594500000.0,,5500000.0,53200000.0,172800000.0,189500000.0,405000000.0,226000000.0,179000000.0,5500000.0,184500000.0,594500000.0,37700000.0,37700000.0,38500000.0
Intuitive Surgical Inc,ISRG,54930052SRG011710797,1035267,2016.0,Q1TTM,2015-04-01,2016-03-31,,16.66,16.66,16.66,180100000.0,628200000.0,628200000.0,628200000.0,,800700000.0,2446800000.0,,19700000.0,206200000.0,651300000.0,800700000.0,1646100000.0,857500000.0,788600000.0,19700000.0,808300000.0,2446800000.0,37700000.0,37700000.0,38500000.0
Intuitive Surgical Inc,ISRG,54930052SRG011710797,1035267,2017.0,FY,2017-01-01,2017-12-31,2020-02-07 17:18:28+00:00,6.01,6.01,5.77,433900000.0,670900000.0,670900000.0,670900000.0,-400000.0,936200000.0,3138200000.0,,41900000.0,328600000.0,810500000.0,936200000.0,2202000000.0,1139100000.0,1062900000.0,41900000.0,1104800000.0,3138200000.0,111600000.0,111700000.0,116300000.0
Intuitive Surgical Inc,ISRG,54930052SRG011710797,1035267,2017.0,Q3,2017-07-01,2017-09-30,2018-10-19 19:30:07+00:00,2.66,2.67,2.56,-7200000.0,298600000.0,298600000.0,298600000.0,0.0,239700000.0,807800000.0,,10800000.0,83400000.0,204100000.0,239700000.0,568100000.0,287500000.0,280600000.0,10800000.0,291400000.0,807800000.0,112300000.0,111800000.0,116800000.0
Intuitive Surgical Inc,ISRG,54930052SRG011710797,1035267,2017.0,Q3YTD,2017-01-01,2017-09-30,,6.28,6.28,6.28,61100000.0,702400000.0,702400000.0,702400000.0,,678200000.0,2246200000.0,,29600000.0,241500000.0,592600000.0,678200000.0,1568000000.0,834100000.0,733900000.0,29600000.0,763500000.0,2246200000.0,112300000.0,111800000.0,116800000.0
Intuitive Surgical Inc,ISRG,54930052SRG011710797,1035267,2017.0,Q3TTM,2016-10-01,2017-09-30,,8.13,8.13,8.13,135300000.0,908800000.0,908800000.0,908800000.0,,907200000.0,3005200000.0,,41300000.0,310600000.0,784600000.0,907200000.0,2098000000.0,1095200000.0,1002800000.0,41300000.0,1044100000.0,3005200000.0,112300000.0,111800000.0,116800000.0
Intuitive Surgical Inc,ISRG,54930052SRG011710797,1035267,2017.0,Q2,2017-04-01,2017-06-30,2018-07-20 16:34:50+00:00,2.0,2.01,1.94,47000000.0,223000000.0,223000000.0,223000000.0,0.0,228700000.0,758800000.0,,10100000.0,84600000.0,185600000.0,228700000.0,530100000.0,270200000.0,259900000.0,10100000.0,270000000.0,758800000.0,111500000.0,111000000.0,115200000.0
Intuitive Surgical Inc,ISRG,54930052SRG011710797,1035267,2017.0,Q2YTD,2017-01-01,2017-06-30,,3.64,3.64,3.64,68300000.0,403800000.0,403800000.0,403800000.0,,438500000.0,1438400000.0,,18800000.0,158100000.0,388500000.0,438500000.0,999900000.0,546600000.0,453300000.0,18800000.0,472100000.0,1438400000.0,111500000.0,111000000.0,115200000.0
Intuitive Surgical Inc,ISRG,54930052SRG011710797,1035267,2017.0,Q2TTM,2016-07-01,2017-06-30,,7.4,7.4,7.4,198300000.0,821200000.0,821200000.0,821200000.0,,863400000.0,2880300000.0,,40900000.0,289800000.0,748500000.0,863400000.0,2016900000.0,1038300000.0,978600000.0,40900000.0,1019500000.0,2880300000.0,111500000.0,111000000.0,115200000.0
Intuitive Surgical Inc,ISRG,54930052SRG011710797,1035267,2017.0,Q1,2017-01-01,2017-03-31,2018-04-18 17:23:18+00:00,1.61,1.62,1.57,21300000.0,180800000.0,180800000.0,180800000.0,0.0,209800000.0,679600000.0,,8700000.0,73500000.0,202900000.0,209800000.0,469800000.0,276400000.0,193400000.0,8700000.0,202100000.0,679600000.0,112300000.0,111900000.0,115500000.0
Intuitive Surgical Inc,ISRG,54930052SRG011710797,1035267,2017.0,Q1TTM,2016-04-01,2017-03-31,,6.99,6.99,6.99,220200000.0,782700000.0,782700000.0,782700000.0,,833900000.0,2791600000.0,,38800000.0,259900000.0,733700000.0,833900000.0,1957700000.0,993600000.0,964100000.0,38800000.0,1002900000.0,2791600000.0,112300000.0,111900000.0,115500000.0
Intuitive Surgical Inc,ISRG,54930052SRG011710797,1035267,2018.0,FY,2018-01-01,2018-12-31,2020-02-07 17:18:28+00:00,9.92,9.92,9.49,154500000.0,1125000000.0,1125000000.0,1127900000.0,-2900000.0,1120100000.0,3724200000.0,,80100000.0,418100000.0,986600000.0,1120100000.0,2604100000.0,1404700000.0,1199400000.0,80100000.0,1279500000.0,3724200000.0,113700000.0,113700000.0,118800000.0
Intuitive Surgical Inc,ISRG,54930052SRG011710797,1035267,2018.0,Q4,2018-10-01,2018-12-31,,2.57,2.57,2.57,67500000.0,291300000.0,291300000.0,292500000.0,-1200000.0,310800000.0,1046500000.0,,26800000.0,119900000.0,283800000.0,310800000.0,735700000.0,403700000.0,332000000.0,26800000.0,358800000.0,1046500000.0,113700000.0,113700000.0,118800000.0
Intuitive Surgical Inc,ISRG,54930052SRG011710797,1035267,2018.0,Q3,2018-07-01,2018-09-30,2019-10-18 17:18:46+00:00,2.57,2.57,2.45,43400000.0,291800000.0,291800000.0,292500000.0,-700000.0,278600000.0,920900000.0,,21900000.0,107600000.0,221400000.0,278600000.0,642300000.0,329000000.0,313300000.0,21900000.0,335200000.0,920900000.0,113800000.0,114000000.0,119200000.0
Intuitive Surgical Inc,ISRG,54930052SRG011710797,1035267,2018.0,Q3YTD,2018-01-01,2018-09-30,,7.33,7.33,7.33,87000000.0,833700000.0,833700000.0,835400000.0,-1700000.0,809300000.0,2677700000.0,,53300000.0,298200000.0,702800000.0,809300000.0,1868400000.0,1001000000.0,867400000.0,53300000.0,920700000.0,2677700000.0,113800000.0,114000000.0,119200000.0
Intuitive Surgical Inc,ISRG,54930052SRG011710797,1035267,2018.0,Q3TTM,2017-10-01,2018-09-30,,7.05,7.05,7.05,459800000.0,802200000.0,802200000.0,803900000.0,-2100000.0,1067300000.0,3569700000.0,,65600000.0,385300000.0,920700000.0,1067300000.0,2502400000.0,1306000000.0,1196400000.0,65600000.0,1262000000.0,3569700000.0,113800000.0,114000000.0,119200000.0
Intuitive Surgical Inc,ISRG,54930052SRG011710797,1035267,2018.0,Q2,2018-04-01,2018-06-30,2019-07-19 17:35:46+00:00,2.25,2.25,2.15,41000000.0,254600000.0,254600000.0,255300000.0,-700000.0,277000000.0,909300000.0,,18200000.0,95100000.0,259800000.0,277000000.0,632300000.0,354900000.0,277400000.0,18200000.0,295600000.0,909300000.0,113500000.0,113500000.0,118500000.0
Intuitive Surgical Inc,ISRG,54930052SRG011710797,1035267,2018.0,Q2YTD,2018-01-01,2018-06-30,,4.78,4.78,4.78,43600000.0,541900000.0,541900000.0,542900000.0,-1000000.0,530700000.0,1756800000.0,,31400000.0,190600000.0,481400000.0,530700000.0,1226100000.0,672000000.0,554100000.0,31400000.0,585500000.0,1756800000.0,113500000.0,113500000.0,118500000.0
Intuitive Surgical Inc,ISRG,54930052SRG011710797,1035267,2018.0,Q2TTM,2017-07-01,2018-06-30,,7.14,7.14,7.14,409200000.0,809000000.0,809000000.0,810000000.0,-1400000.0,1028400000.0,3456600000.0,,54500000.0,361100000.0,903400000.0,1028400000.0,2428200000.0,1264500000.0,1163700000.0,54500000.0,1218200000.0,3456600000.0,113500000.0,113500000.0,118500000.0
Intuitive Surgical Inc,ISRG,54930052SRG011710797,1035267,2018.0,Q1,2018-01-01,2018-03-31,2019-04-19 16:57:32+00:00,2.55,2.55,2.44,2600000.0,287300000.0,287300000.0,287600000.0,-300000.0,253700000.0,847500000.0,,13200000.0,95500000.0,221600000.0,253700000.0,593800000.0,317100000.0,276700000.0,13200000.0,289900000.0,847500000.0,112800000.0,112800000.0,118000000.0
Intuitive Surgical Inc,ISRG,54930052SRG011710797,1035267,2018.0,Q1TTM,2017-04-01,2018-03-31,,6.89,6.89,6.89,415200000.0,777400000.0,777400000.0,777700000.0,-700000.0,980100000.0,3306100000.0,,46400000.0,350600000.0,829200000.0,980100000.0,2326000000.0,1179800000.0,1146200000.0,46400000.0,1192600000.0,3306100000.0,112800000.0,112800000.0,118000000.0
Intuitive Surgical Inc,ISRG,54930052SRG011710797,1035267,2019.0,Q4,2019-10-01,2019-12-31,,3.1,3.1,3.1,69000000.0,362700000.0,362700000.0,357700000.0,,381700000.0,1277700000.0,5000000.0,34100000.0,156600000.0,341800000.0,381700000.0,896000000.0,498400000.0,397600000.0,34100000.0,431700000.0,1277700000.0,115400000.0,115400000.0,119500000.0
Intuitive Surgical Inc,ISRG,54930052SRG011710797,1035267,2019.0,FY,2019-01-01,2019-12-31,2020-02-07 17:18:28+00:00,11.95,11.95,11.54,120400000.0,1381800000.0,1381800000.0,1379300000.0,-2500000.0,1368300000.0,4478500000.0,,127700000.0,557300000.0,1178400000.0,1368300000.0,3110200000.0,1735700000.0,1374500000.0,127700000.0,1502200000.0,4478500000.0,115400000.0,115400000.0,119500000.0
Intuitive Surgical Inc,ISRG,54930052SRG011710797,1035267,2019.0,Q3YTD,2019-01-01,2019-09-30,,8.85,8.85,8.85,51400000.0,1019100000.0,1019100000.0,1021600000.0,-2500000.0,986600000.0,3200800000.0,,93600000.0,400700000.0,836600000.0,986600000.0,2214200000.0,1237300000.0,976900000.0,93600000.0,1070500000.0,3200800000.0,115300000.0,115400000.0,119300000.0
Intuitive Surgical Inc,ISRG,54930052SRG011710797,1035267,2019.0,Q3TTM,2018-10-01,2019-09-30,,11.39,11.39,11.39,118900000.0,1310400000.0,1310400000.0,1314100000.0,-3700000.0,1297400000.0,4247300000.0,,120400000.0,520600000.0,1120400000.0,1297400000.0,2949900000.0,1641000000.0,1308900000.0,120400000.0,1429300000.0,4247300000.0,115300000.0,115400000.0,119300000.0
Intuitive Surgical Inc,ISRG,54930052SRG011710797,1035267,2019.0,Q3,2019-07-01,2019-09-30,2019-10-18 17:18:46+00:00,3.44,3.44,3.33,300000.0,398700000.0,398700000.0,396800000.0,1900000.0,342600000.0,1128200000.0,,33300000.0,135900000.0,284000000.0,342600000.0,785600000.0,419900000.0,365700000.0,33300000.0,399000000.0,1128200000.0,115300000.0,115400000.0,119300000.0
Intuitive Surgical Inc,ISRG,54930052SRG011710797,1035267,2019.0,Q2YTD,2019-01-01,2019-06-30,,5.41,5.41,5.41,51100000.0,620400000.0,620400000.0,624800000.0,-4400000.0,644000000.0,2072600000.0,,60300000.0,264800000.0,552600000.0,644000000.0,1428600000.0,817400000.0,611200000.0,60300000.0,671500000.0,2072600000.0,115300000.0,115400000.0,119300000.0
Intuitive Surgical Inc,ISRG,54930052SRG011710797,1035267,2019.0,Q2TTM,2018-07-01,2019-06-30,,10.48,10.48,10.48,162000000.0,1203500000.0,1203500000.0,1209800000.0,-6300000.0,1233400000.0,4040000000.0,,109000000.0,492300000.0,1057800000.0,1233400000.0,2806600000.0,1550100000.0,1256500000.0,109000000.0,1365500000.0,4040000000.0,115300000.0,115400000.0,119300000.0
Intuitive Surgical Inc,ISRG,54930052SRG011710797,1035267,2019.0,Q2,2019-04-01,2019-06-30,2019-07-19 17:35:46+00:00,2.76,2.76,2.67,75400000.0,316400000.0,316400000.0,318300000.0,-1900000.0,339900000.0,1098900000.0,,32800000.0,120800000.0,279200000.0,339900000.0,759000000.0,400000000.0,359000000.0,32800000.0,391800000.0,1098900000.0,115300000.0,115400000.0,119300000.0
Intuitive Surgical Inc,ISRG,54930052SRG011710797,1035267,2019.0,Q1,2019-01-01,2019-03-31,2020-04-17 17:22:31+00:00,2.67,2.67,2.56,-24300000.0,304000000.0,304000000.0,306500000.0,-2500000.0,304100000.0,973700000.0,,27500000.0,144000000.0,273400000.0,304100000.0,669600000.0,417400000.0,252200000.0,27500000.0,279700000.0,973700000.0,114800000.0,115000000.0,119600000.0
Intuitive Surgical Inc,ISRG,54930052SRG011710797,1035267,2019.0,Q1TTM,2018-04-01,2019-03-31,,9.97,9.97,9.97,127600000.0,1141700000.0,1141700000.0,1146800000.0,-5100000.0,1170500000.0,3850400000.0,,94400000.0,466600000.0,1038400000.0,1170500000.0,2679900000.0,1505000000.0,1174900000.0,94400000.0,1269300000.0,3850400000.0,114800000.0,115000000.0,119600000.0
Intuitive Surgical Inc,ISRG,54930052SRG011710797,1035267,2020.0,Q1TTM,2019-04-01,2020-03-31,,11.91,11.91,11.91,136600000.0,1394000000.0,1394000000.0,1386300000.0,2700000.0,1425500000.0,4604300000.0,,125300000.0,560400000.0,1213100000.0,1425500000.0,3178800000.0,1773500000.0,1405300000.0,125300000.0,1530600000.0,4604300000.0,116500000.0,116400000.0,119800000.0
Intuitive Surgical Inc,ISRG,54930052SRG011710797,1035267,2020.0,Q1,2020-01-01,2020-03-31,2020-04-17 17:22:31+00:00,2.69,2.69,2.62,-8100000.0,316200000.0,316200000.0,313500000.0,2700000.0,361300000.0,1099500000.0,,25100000.0,147100000.0,308100000.0,361300000.0,738200000.0,455200000.0,283000000.0,25100000.0,308100000.0,1099500000.0,116500000.0,116400000.0,119800000.0
