company_name,company_ticker,company_lei,company_cik,year,quarter,start_date,end_date,filing_date,amortizationexpense,basicdilutedeps,basiceps,cashdividendspershare,dilutedeps,incometaxexpense,netincome,netincomecontinuing,netincomediscontinued,netincometocommon,netincometononcontrollinginterest,operatingcostofrevenue,operatingrevenue,otheradjustmentstoconsolidatednetincome,othergains,otherincome,otheroperatingexpenses,otherspecialcharges,sgaexpense,totalcostofrevenue,totalgrossprofit,totalinterestexpense,totalinterestincome,totaloperatingexpenses,totaloperatingincome,totalotherincome,totalpretaxincome,totalrevenue,weightedavebasicdilutedsharesos,weightedavebasicsharesos,weightedavedilutedsharesos
Quest Diagnostics Inc,DGX,8MCWUBXQ0WE04KMXBX50,1022079,2007.0,FY,2007-01-01,2007-12-31,2010-02-17 16:21:03+00:00,27904000.0,1.76,1.76,0.4,1.74,358574000.0,366449000.0,580338000.0,-213889000.0,339939000.0,26510000.0,3969848000.0,6704907000.0,,,-1079000.0,2961000.0,,1612858000.0,3969848000.0,2735059000.0,178314000.0,26969000.0,1643723000.0,1091336000.0,-152424000.0,938912000.0,6704907000.0,193100000.0,193100000.0,195400000.0
Quest Diagnostics Inc,DGX,8MCWUBXQ0WE04KMXBX50,1022079,2008.0,FY,2008-01-01,2008-12-31,2011-02-16 16:10:16+00:00,37293000.0,2.99,2.99,0.4,2.96,386768000.0,613195000.0,663889000.0,-50694000.0,581490000.0,31705000.0,4256156000.0,7249447000.0,,,-21691000.0,-3312000.0,,1736934000.0,4256156000.0,2993291000.0,179764000.0,29736000.0,1770915000.0,1222376000.0,-171719000.0,1050657000.0,7249447000.0,194283000.0,194283000.0,194283000.0
Quest Diagnostics Inc,DGX,8MCWUBXQ0WE04KMXBX50,1022079,2008.0,Q3,2008-07-01,2008-09-30,2009-10-27 07:33:19+00:00,8790000.0,0.57,0.57,0.1,0.56,100642000.0,119346000.0,168280000.0,-48934000.0,110742000.0,8604000.0,1073123000.0,1826603000.0,,,-12409000.0,-424000.0,,428179000.0,1073123000.0,753480000.0,43134000.0,7530000.0,436545000.0,316935000.0,-48013000.0,268922000.0,1826603000.0,194300000.0,194971000.0,197190000.0
Quest Diagnostics Inc,DGX,8MCWUBXQ0WE04KMXBX50,1022079,2008.0,Q2,2008-04-01,2008-06-30,2009-07-28 17:08:24+00:00,9916000.0,0.83,0.83,0.1,0.82,100787000.0,169154000.0,170044000.0,-890000.0,161328000.0,7826000.0,1083481000.0,1837901000.0,,,548000.0,-1656000.0,,438037000.0,1083481000.0,754420000.0,45432000.0,7592000.0,446297000.0,308123000.0,-37292000.0,270831000.0,1837901000.0,194400000.0,194527000.0,196119000.0
Quest Diagnostics Inc,DGX,8MCWUBXQ0WE04KMXBX50,1022079,2009.0,Q4,2009-10-01,2009-12-31,,9526000.0,0.99,0.99,0.1,0.97,101605000.0,190562000.0,190758000.0,-196000.0,181590000.0,8972000.0,1070239000.0,1848273000.0,,,-10964000.0,5123000.0,,432992000.0,1070239000.0,778034000.0,34749000.0,7683000.0,447641000.0,330393000.0,-38030000.0,292363000.0,1848273000.0,185948000.0,185948000.0,185948000.0
Quest Diagnostics Inc,DGX,8MCWUBXQ0WE04KMXBX50,1022079,2009.0,FY,2009-01-01,2009-12-31,2012-02-16 16:39:21+00:00,37062000.0,3.91,3.91,0.4,3.87,460474000.0,766222000.0,767458000.0,-1236000.0,729111000.0,37111000.0,4321475000.0,7455243000.0,,,-20318000.0,-10023000.0,,1747618000.0,4321475000.0,3133768000.0,144068000.0,33207000.0,1774657000.0,1359111000.0,-131179000.0,1227932000.0,7455243000.0,185948000.0,185948000.0,185948000.0
Quest Diagnostics Inc,DGX,8MCWUBXQ0WE04KMXBX50,1022079,2009.0,Q3YTD,2009-01-01,2009-09-30,,27536000.0,2.92,2.92,0.3,2.9,358869000.0,575660000.0,576700000.0,-1040000.0,547521000.0,28139000.0,3251236000.0,5606970000.0,,,-9354000.0,-15146000.0,,1314626000.0,3251236000.0,2355734000.0,109319000.0,25524000.0,1327016000.0,1028718000.0,-93149000.0,935569000.0,5606970000.0,186600000.0,185124000.0,187164000.0
Quest Diagnostics Inc,DGX,8MCWUBXQ0WE04KMXBX50,1022079,2009.0,Q3,2009-07-01,2009-09-30,2010-10-26 16:30:16+00:00,9154000.0,1.03,1.03,0.1,1.02,125145000.0,201635000.0,201092000.0,543000.0,192219000.0,9416000.0,1097535000.0,1897146000.0,,,2450000.0,608000.0,,441569000.0,1097535000.0,799611000.0,33065000.0,8572000.0,451331000.0,348280000.0,-22043000.0,326237000.0,1897146000.0,186600000.0,185124000.0,187164000.0
Quest Diagnostics Inc,DGX,8MCWUBXQ0WE04KMXBX50,1022079,2009.0,Q2YTD,2009-01-01,2009-06-30,,18382000.0,1.89,1.89,0.2,1.88,233724000.0,374025000.0,375608000.0,-1583000.0,355302000.0,18723000.0,2153701000.0,3709824000.0,,,-11804000.0,-15754000.0,,873057000.0,2153701000.0,1556123000.0,76254000.0,16952000.0,875685000.0,680438000.0,-71106000.0,609332000.0,3709824000.0,186300000.0,185266000.0,187003000.0
Quest Diagnostics Inc,DGX,8MCWUBXQ0WE04KMXBX50,1022079,2009.0,Q2,2009-04-01,2009-06-30,2010-07-27 17:24:10+00:00,9377000.0,1.01,1.01,0.1,1.0,123535000.0,198369000.0,198281000.0,88000.0,188200000.0,10169000.0,1100212000.0,1901818000.0,,,-9095000.0,-15902000.0,,448756000.0,1100212000.0,801606000.0,36846000.0,8382000.0,442231000.0,359375000.0,-37559000.0,321816000.0,1901818000.0,186300000.0,185266000.0,187003000.0
Quest Diagnostics Inc,DGX,8MCWUBXQ0WE04KMXBX50,1022079,2009.0,Q1,2009-01-01,2009-03-31,2010-04-26 16:18:02+00:00,9005000.0,0.88,0.88,0.1,0.88,110189000.0,175656000.0,177327000.0,-1671000.0,167102000.0,8554000.0,1053489000.0,1808006000.0,,,-2709000.0,148000.0,,424301000.0,1053489000.0,754517000.0,39408000.0,8570000.0,433454000.0,321063000.0,-33547000.0,287516000.0,1808006000.0,189900000.0,189370000.0,190698000.0
Quest Diagnostics Inc,DGX,8MCWUBXQ0WE04KMXBX50,1022079,2010.0,Q4,2010-10-01,2010-12-31,,4569000.0,0.96,0.96,0.1,0.96,96196000.0,174232000.0,161394000.0,12838000.0,165756000.0,8476000.0,1038726000.0,1715235000.0,,,3268000.0,7545000.0,,382135000.0,1038726000.0,676509000.0,34945000.0,7007000.0,394249000.0,282260000.0,-24670000.0,257590000.0,1715235000.0,175684000.0,175684000.0,175684000.0
Quest Diagnostics Inc,DGX,8MCWUBXQ0WE04KMXBX50,1022079,2010.0,FY,2010-01-01,2010-12-31,2013-02-27 16:38:49+00:00,33113000.0,4.08,4.08,0.4,4.05,430127000.0,757017000.0,744857000.0,12160000.0,720894000.0,36123000.0,4275535000.0,7260120000.0,,,5311000.0,9047000.0,,1658842000.0,4275535000.0,2984585000.0,143467000.0,29557000.0,1701002000.0,1283583000.0,-108599000.0,1174984000.0,7260120000.0,175684000.0,175684000.0,175684000.0
Quest Diagnostics Inc,DGX,8MCWUBXQ0WE04KMXBX50,1022079,2010.0,Q3YTD,2010-01-01,2010-09-30,,28544000.0,3.12,3.12,0.3,3.09,333931000.0,582785000.0,583463000.0,-678000.0,555138000.0,27647000.0,3236809000.0,5544885000.0,,,2043000.0,1502000.0,,1276707000.0,3236809000.0,2308076000.0,108522000.0,22550000.0,1306753000.0,1001323000.0,-83929000.0,917394000.0,5544885000.0,173800000.0,173229000.0,174315000.0
Quest Diagnostics Inc,DGX,8MCWUBXQ0WE04KMXBX50,1022079,2010.0,Q3TTM,2009-10-01,2010-09-30,,38070000.0,4.11,4.11,0.4,4.06,435536000.0,773347000.0,774221000.0,-874000.0,736728000.0,36619000.0,4307048000.0,7393158000.0,,,-8921000.0,6625000.0,,1709699000.0,4307048000.0,3086110000.0,143271000.0,30233000.0,1754394000.0,1331716000.0,-121959000.0,1209757000.0,7393158000.0,173800000.0,173229000.0,174315000.0
Quest Diagnostics Inc,DGX,8MCWUBXQ0WE04KMXBX50,1022079,2010.0,Q3,2010-07-01,2010-09-30,2011-11-03 16:34:50+00:00,9915000.0,1.14,1.14,0.1,1.13,102902000.0,207756000.0,208116000.0,-360000.0,198075000.0,9681000.0,1091465000.0,1864655000.0,,,3150000.0,-154000.0,,426562000.0,1091465000.0,773190000.0,36200000.0,7201000.0,436323000.0,336867000.0,-25849000.0,311018000.0,1864655000.0,173800000.0,173229000.0,174315000.0
Quest Diagnostics Inc,DGX,8MCWUBXQ0WE04KMXBX50,1022079,2010.0,Q2YTD,2010-01-01,2010-06-30,,18629000.0,1.98,1.98,0.2,1.96,231029000.0,375029000.0,375347000.0,-318000.0,357063000.0,17966000.0,2145344000.0,3680230000.0,,,-1107000.0,1656000.0,,850145000.0,2145344000.0,1534886000.0,72322000.0,15349000.0,870430000.0,664456000.0,-58080000.0,606376000.0,3680230000.0,180200000.0,178920000.0,180760000.0
Quest Diagnostics Inc,DGX,8MCWUBXQ0WE04KMXBX50,1022079,2010.0,Q2TTM,2009-07-01,2010-06-30,,37309000.0,4.0,4.0,0.4,3.95,457779000.0,767226000.0,767197000.0,29000.0,730872000.0,36354000.0,4313118000.0,7425649000.0,,,-9621000.0,7387000.0,,1724706000.0,4313118000.0,3112531000.0,140136000.0,31604000.0,1769402000.0,1343129000.0,-118153000.0,1224976000.0,7425649000.0,180200000.0,178920000.0,180760000.0
Quest Diagnostics Inc,DGX,8MCWUBXQ0WE04KMXBX50,1022079,2010.0,Q2,2010-04-01,2010-06-30,2011-07-27 17:24:11+00:00,9270000.0,1.08,1.08,0.1,1.07,125651000.0,203876000.0,204142000.0,-266000.0,194615000.0,9261000.0,1078971000.0,1874727000.0,,,-7119000.0,1180000.0,,419412000.0,1078971000.0,795756000.0,36367000.0,7385000.0,429862000.0,365894000.0,-36101000.0,329793000.0,1874727000.0,180200000.0,178920000.0,180760000.0
Quest Diagnostics Inc,DGX,8MCWUBXQ0WE04KMXBX50,1022079,2010.0,Q1TTM,2009-04-01,2010-03-31,,37416000.0,3.93,3.93,0.4,3.88,455663000.0,761719000.0,761336000.0,383000.0,724457000.0,37262000.0,4334359000.0,7452740000.0,,,-11597000.0,-9695000.0,,1754050000.0,4334359000.0,3118381000.0,140615000.0,32601000.0,1781771000.0,1336610000.0,-119611000.0,1216999000.0,7452740000.0,180500000.0,180219000.0,182383000.0
Quest Diagnostics Inc,DGX,8MCWUBXQ0WE04KMXBX50,1022079,2010.0,Q1,2010-01-01,2010-03-31,2011-05-09 18:09:16+00:00,9359000.0,0.9,0.9,0.1,0.89,105378000.0,171153000.0,171205000.0,-52000.0,162448000.0,8705000.0,1066373000.0,1805503000.0,,,6012000.0,476000.0,,430733000.0,1066373000.0,739130000.0,35955000.0,7964000.0,440568000.0,298562000.0,-21979000.0,276583000.0,1805503000.0,180500000.0,180219000.0,182383000.0
Quest Diagnostics Inc,DGX,8MCWUBXQ0WE04KMXBX50,1022079,2011.0,Q4,2011-10-01,2011-12-31,,13157000.0,1.17,1.17,0.17,1.16,98886000.0,199242000.0,186111000.0,13131000.0,189870000.0,9372000.0,1045034000.0,1760817000.0,,,3815000.0,-265000.0,,385758000.0,1045034000.0,715783000.0,42082000.0,6131000.0,398650000.0,317133000.0,-32136000.0,284997000.0,1760817000.0,159000000.0,159000000.0,159000000.0
Quest Diagnostics Inc,DGX,8MCWUBXQ0WE04KMXBX50,1022079,2011.0,FY,2011-01-01,2011-12-31,2014-02-18 08:04:30+00:00,61000000.0,2.95,2.95,0.47,2.92,355000000.0,506000000.0,494000000.0,12000000.0,471000000.0,35000000.0,4363000000.0,7392000000.0,,,3000000.0,238000000.0,0.0,1743000000.0,4363000000.0,3029000000.0,170000000.0,29000000.0,2042000000.0,987000000.0,-138000000.0,849000000.0,7392000000.0,159000000.0,159000000.0,159000000.0
Quest Diagnostics Inc,DGX,8MCWUBXQ0WE04KMXBX50,1022079,2011.0,Q3YTD,2011-01-01,2011-09-30,,47843000.0,1.78,1.78,0.3,1.76,256114000.0,306758000.0,307889000.0,-1131000.0,281130000.0,25628000.0,3317966000.0,5631183000.0,,,-815000.0,238265000.0,,1357242000.0,3317966000.0,2313217000.0,127918000.0,22869000.0,1643350000.0,669867000.0,-105864000.0,564003000.0,5631183000.0,159100000.0,157816000.0,159002000.0
Quest Diagnostics Inc,DGX,8MCWUBXQ0WE04KMXBX50,1022079,2011.0,Q3TTM,2010-10-01,2011-09-30,,52412000.0,2.74,2.74,0.4,2.72,352310000.0,480990000.0,469283000.0,11707000.0,446886000.0,34104000.0,4356692000.0,7346418000.0,,,2453000.0,245810000.0,,1739377000.0,4356692000.0,2989726000.0,162863000.0,29876000.0,2037599000.0,952127000.0,-130534000.0,821593000.0,7346418000.0,159100000.0,157816000.0,159002000.0
Quest Diagnostics Inc,DGX,8MCWUBXQ0WE04KMXBX50,1022079,2011.0,Q3,2011-07-01,2011-09-30,2012-10-24 16:19:14+00:00,19402000.0,1.08,1.08,0.1,1.07,101126000.0,181893000.0,182143000.0,-250000.0,171848000.0,10045000.0,1116574000.0,1906405000.0,,,-2677000.0,1781000.0,,446595000.0,1116574000.0,789831000.0,43408000.0,7301000.0,467778000.0,322053000.0,-38784000.0,283269000.0,1906405000.0,159100000.0,157816000.0,159002000.0
Quest Diagnostics Inc,DGX,8MCWUBXQ0WE04KMXBX50,1022079,2011.0,Q2YTD,2011-01-01,2011-06-30,,28441000.0,0.7,0.7,0.2,0.69,154988000.0,124865000.0,125746000.0,-881000.0,109282000.0,15583000.0,2201392000.0,3724778000.0,,,1862000.0,236484000.0,,910647000.0,2201392000.0,1523386000.0,84510000.0,15568000.0,1175572000.0,347814000.0,-67080000.0,280734000.0,3724778000.0,158400000.0,157607000.0,159352000.0
Quest Diagnostics Inc,DGX,8MCWUBXQ0WE04KMXBX50,1022079,2011.0,Q2TTM,2010-07-01,2011-06-30,,42925000.0,2.8,2.8,0.4,2.78,354086000.0,506853000.0,495256000.0,11597000.0,473113000.0,33740000.0,4331583000.0,7304668000.0,,,8280000.0,243875000.0,,1719344000.0,4331583000.0,2973085000.0,155655000.0,29776000.0,2006144000.0,966941000.0,-117599000.0,849342000.0,7304668000.0,158400000.0,157607000.0,159352000.0
Quest Diagnostics Inc,DGX,8MCWUBXQ0WE04KMXBX50,1022079,2011.0,Q2,2011-04-01,2011-06-30,2012-07-26 16:44:56+00:00,18592000.0,1.03,1.03,0.1,1.02,105762000.0,171527000.0,172034000.0,-507000.0,163143000.0,8384000.0,1104394000.0,1903201000.0,,,-346000.0,572000.0,,462789000.0,1104394000.0,798807000.0,46581000.0,7869000.0,481953000.0,316854000.0,-39058000.0,277796000.0,1903201000.0,158400000.0,157607000.0,159352000.0
Quest Diagnostics Inc,DGX,8MCWUBXQ0WE04KMXBX50,1022079,2011.0,Q1TTM,2010-04-01,2011-03-31,,33603000.0,2.85,2.85,0.4,2.83,373975000.0,539202000.0,527364000.0,11838000.0,504585000.0,34617000.0,4306160000.0,7276194000.0,,,1507000.0,244483000.0,,1675967000.0,4306160000.0,2970034000.0,145441000.0,29292000.0,1954053000.0,1015981000.0,-114642000.0,901339000.0,7276194000.0,163200000.0,161489000.0,161489000.0
Quest Diagnostics Inc,DGX,8MCWUBXQ0WE04KMXBX50,1022079,2011.0,Q1,2011-01-01,2011-03-31,2012-04-27 16:32:36+00:00,9849000.0,-0.33,-0.33,0.1,-0.33,49226000.0,-46662000.0,-46288000.0,-374000.0,-53861000.0,7199000.0,1096998000.0,1821577000.0,,,2208000.0,235912000.0,,447858000.0,1096998000.0,724579000.0,37929000.0,7699000.0,693619000.0,30960000.0,-28022000.0,2938000.0,1821577000.0,163200000.0,161489000.0,161489000.0
Quest Diagnostics Inc,DGX,8MCWUBXQ0WE04KMXBX50,1022079,2012.0,FY,2012-01-01,2012-12-31,2015-02-24 16:33:19+00:00,75000000.0,3.49,3.49,0.81,3.46,402000000.0,592000000.0,666000000.0,-74000000.0,556000000.0,36000000.0,4365000000.0,7383000000.0,,,6000000.0,-3000000.0,0.0,1745000000.0,4365000000.0,3018000000.0,165000000.0,26000000.0,1817000000.0,1201000000.0,-133000000.0,1068000000.0,7383000000.0,159000000.0,159000000.0,159000000.0
Quest Diagnostics Inc,DGX,8MCWUBXQ0WE04KMXBX50,1022079,2012.0,Q4,2012-10-01,2012-12-31,,18790000.0,0.35,0.35,0.3,0.35,81734000.0,65474000.0,149490000.0,-84016000.0,56095000.0,9379000.0,1072895000.0,1774203000.0,,,-3000.0,-3500000.0,,420809000.0,1072895000.0,701308000.0,40339000.0,6357000.0,436099000.0,265209000.0,-33985000.0,231224000.0,1774203000.0,159000000.0,159000000.0,159000000.0
Quest Diagnostics Inc,DGX,8MCWUBXQ0WE04KMXBX50,1022079,2012.0,Q3YTD,2012-01-01,2012-09-30,,56210000.0,3.14,3.14,0.51,3.11,320266000.0,526526000.0,516510000.0,10016000.0,499905000.0,26621000.0,3292105000.0,5608797000.0,,,6003000.0,500000.0,,1324191000.0,3292105000.0,2316692000.0,124661000.0,19643000.0,1380901000.0,935791000.0,-99015000.0,836776000.0,5608797000.0,159900000.0,158783000.0,160702000.0
Quest Diagnostics Inc,DGX,8MCWUBXQ0WE04KMXBX50,1022079,2012.0,Q3TTM,2011-10-01,2012-09-30,,69367000.0,4.31,4.31,0.68,4.27,419152000.0,725768000.0,702621000.0,23147000.0,689775000.0,35993000.0,4337139000.0,7369614000.0,,,9818000.0,235000.0,,1709949000.0,4337139000.0,3032475000.0,166743000.0,25774000.0,1779551000.0,1252924000.0,-131151000.0,1121773000.0,7369614000.0,159900000.0,158783000.0,160702000.0
Quest Diagnostics Inc,DGX,8MCWUBXQ0WE04KMXBX50,1022079,2012.0,Q3,2012-07-01,2012-09-30,2013-10-24 16:23:45+00:00,18577000.0,1.02,1.02,0.17,1.01,103978000.0,171538000.0,166997000.0,4541000.0,163082000.0,8456000.0,1081017000.0,1821748000.0,,,2502000.0,680000.0,0.0,416854000.0,1081017000.0,740731000.0,40809000.0,4662000.0,436111000.0,304620000.0,-33645000.0,270975000.0,1821748000.0,159900000.0,158783000.0,160702000.0
Quest Diagnostics Inc,DGX,8MCWUBXQ0WE04KMXBX50,1022079,2012.0,Q2YTD,2012-01-01,2012-06-30,,37633000.0,2.12,2.12,0.34,2.1,216288000.0,354988000.0,349513000.0,5475000.0,336823000.0,18165000.0,2211088000.0,3787049000.0,,,3501000.0,-180000.0,,907337000.0,2211088000.0,1575961000.0,83852000.0,14981000.0,944790000.0,631171000.0,-65370000.0,565801000.0,3787049000.0,158700000.0,158477000.0,159784000.0
Quest Diagnostics Inc,DGX,8MCWUBXQ0WE04KMXBX50,1022079,2012.0,Q2TTM,2011-07-01,2012-06-30,,70192000.0,4.37,4.37,0.61,4.33,416300000.0,736123000.0,717767000.0,18356000.0,698541000.0,37582000.0,4372696000.0,7454271000.0,,,4639000.0,1336000.0,,1739690000.0,4372696000.0,3081575000.0,169342000.0,28413000.0,1811218000.0,1270357000.0,-136290000.0,1134067000.0,7454271000.0,158700000.0,158477000.0,159784000.0
Quest Diagnostics Inc,DGX,8MCWUBXQ0WE04KMXBX50,1022079,2012.0,Q2,2012-04-01,2012-06-30,2013-07-25 17:07:20+00:00,18808000.0,1.12,1.12,0.17,1.11,113726000.0,186473000.0,183993000.0,2480000.0,177705000.0,8768000.0,1101924000.0,1878352000.0,,,-1255000.0,183000.0,,424085000.0,1101924000.0,776428000.0,41750000.0,7372000.0,443076000.0,333352000.0,-35633000.0,297719000.0,1878352000.0,158700000.0,158477000.0,159784000.0
Quest Diagnostics Inc,DGX,8MCWUBXQ0WE04KMXBX50,1022079,2012.0,Q1TTM,2011-04-01,2012-03-31,,69976000.0,4.28,4.28,0.54,4.24,408336000.0,721177000.0,705808000.0,15369000.0,683979000.0,37198000.0,4375166000.0,7479120000.0,,,5548000.0,1725000.0,,1778394000.0,4375166000.0,3103954000.0,174173000.0,28910000.0,1850095000.0,1253859000.0,-139715000.0,1114144000.0,7479120000.0,159100000.0,158293000.0,159706000.0
Quest Diagnostics Inc,DGX,8MCWUBXQ0WE04KMXBX50,1022079,2012.0,Q1,2012-01-01,2012-03-31,2013-04-24 16:34:40+00:00,18825000.0,1.0,1.0,0.17,0.99,102562000.0,168515000.0,165520000.0,2995000.0,159118000.0,9397000.0,1109164000.0,1908697000.0,,,4756000.0,-363000.0,,483252000.0,1109164000.0,799533000.0,42102000.0,7609000.0,501714000.0,297819000.0,-29737000.0,268082000.0,1908697000.0,159100000.0,158293000.0,159706000.0
Quest Diagnostics Inc,DGX,8MCWUBXQ0WE04KMXBX50,1022079,2013.0,FY,2013-01-01,2013-12-31,2016-02-26 16:05:35+00:00,79000000.0,5.58,5.58,1.2,5.54,500000000.0,883000000.0,848000000.0,35000000.0,849000000.0,34000000.0,4326000000.0,7146000000.0,,24000000.0,8000000.0,36000000.0,-474000000.0,1704000000.0,4326000000.0,2820000000.0,159000000.0,,1345000000.0,1475000000.0,-151000000.0,1324000000.0,7146000000.0,152000000.0,152000000.0,152000000.0
Quest Diagnostics Inc,DGX,8MCWUBXQ0WE04KMXBX50,1022079,2013.0,Q4,2013-10-01,2013-12-31,,20000000.0,0.95,0.95,0.3,0.94,87000000.0,151000000.0,151000000.0,,143000000.0,8000000.0,1051000000.0,1756000000.0,,24000000.0,1000000.0,,,415000000.0,1051000000.0,705000000.0,39000000.0,-18000000.0,435000000.0,270000000.0,-56000000.0,214000000.0,1756000000.0,152000000.0,152000000.0,152000000.0
Quest Diagnostics Inc,DGX,8MCWUBXQ0WE04KMXBX50,1022079,2013.0,Q3YTD,2013-01-01,2013-09-30,,59000000.0,4.63,4.63,0.9,4.6,413000000.0,732000000.0,697000000.0,35000000.0,706000000.0,26000000.0,3275000000.0,5390000000.0,,,7000000.0,36000000.0,-474000000.0,1289000000.0,3275000000.0,2115000000.0,120000000.0,18000000.0,910000000.0,1205000000.0,-95000000.0,1110000000.0,5390000000.0,150000000.0,150000000.0,151000000.0
Quest Diagnostics Inc,DGX,8MCWUBXQ0WE04KMXBX50,1022079,2013.0,Q3TTM,2012-10-01,2013-09-30,,77790000.0,4.98,4.98,1.2,4.95,494734000.0,797474000.0,846490000.0,-49016000.0,762095000.0,35379000.0,4347895000.0,7164203000.0,,,6997000.0,32500000.0,-474000000.0,1709809000.0,4347895000.0,2816308000.0,160339000.0,24357000.0,1346099000.0,1470209000.0,-128985000.0,1341224000.0,7164203000.0,150000000.0,150000000.0,151000000.0
Quest Diagnostics Inc,DGX,8MCWUBXQ0WE04KMXBX50,1022079,2013.0,Q3,2013-07-01,2013-09-30,2014-10-30 16:35:52+00:00,20000000.0,2.7,2.7,0.3,2.68,245000000.0,414000000.0,412000000.0,2000000.0,405000000.0,9000000.0,1089000000.0,1788000000.0,,,3000000.0,41000000.0,-474000000.0,423000000.0,1089000000.0,699000000.0,40000000.0,5000000.0,10000000.0,689000000.0,-32000000.0,657000000.0,1788000000.0,150000000.0,150000000.0,151000000.0
Quest Diagnostics Inc,DGX,8MCWUBXQ0WE04KMXBX50,1022079,2013.0,Q2YTD,2013-01-01,2013-06-30,,39000000.0,1.93,1.93,0.6,1.92,168000000.0,318000000.0,285000000.0,33000000.0,301000000.0,17000000.0,2186000000.0,3602000000.0,,,4000000.0,-5000000.0,,866000000.0,2186000000.0,1416000000.0,80000000.0,13000000.0,900000000.0,516000000.0,-63000000.0,453000000.0,3602000000.0,154200000.0,153000000.0,154000000.0
Quest Diagnostics Inc,DGX,8MCWUBXQ0WE04KMXBX50,1022079,2013.0,Q2TTM,2012-07-01,2013-06-30,,76367000.0,3.3,3.3,1.07,3.28,353712000.0,555012000.0,601487000.0,-46475000.0,520177000.0,34835000.0,4339912000.0,7197951000.0,,,6499000.0,-7820000.0,,1703663000.0,4339912000.0,2858039000.0,161148000.0,24019000.0,1772210000.0,1085829000.0,-130630000.0,955199000.0,7197951000.0,154200000.0,153000000.0,154000000.0
Quest Diagnostics Inc,DGX,8MCWUBXQ0WE04KMXBX50,1022079,2013.0,Q2,2013-04-01,2013-06-30,2014-07-31 16:42:40+00:00,20000000.0,1.07,1.07,0.3,1.07,95000000.0,174000000.0,161000000.0,13000000.0,165000000.0,9000000.0,1094000000.0,1815000000.0,,,0.0,-6000000.0,,418000000.0,1094000000.0,721000000.0,40000000.0,7000000.0,432000000.0,289000000.0,-33000000.0,256000000.0,1815000000.0,154200000.0,153000000.0,154000000.0
Quest Diagnostics Inc,DGX,8MCWUBXQ0WE04KMXBX50,1022079,2013.0,Q1TTM,2012-04-01,2013-03-31,,75175000.0,3.35,3.35,0.94,3.32,372438000.0,567485000.0,624480000.0,-56995000.0,532882000.0,34603000.0,4347836000.0,7261303000.0,,,5244000.0,-1637000.0,,1709748000.0,4347836000.0,2913467000.0,162898000.0,24391000.0,1783286000.0,1130181000.0,-133263000.0,996918000.0,7261303000.0,158100000.0,158000000.0,159000000.0
Quest Diagnostics Inc,DGX,8MCWUBXQ0WE04KMXBX50,1022079,2013.0,Q1,2013-01-01,2013-03-31,2014-05-01 17:16:44+00:00,19000000.0,0.86,0.86,0.3,0.85,73000000.0,144000000.0,124000000.0,20000000.0,136000000.0,8000000.0,1092000000.0,1787000000.0,,,4000000.0,1000000.0,,448000000.0,1092000000.0,695000000.0,40000000.0,6000000.0,468000000.0,227000000.0,-30000000.0,197000000.0,1787000000.0,158100000.0,158000000.0,159000000.0
Quest Diagnostics Inc,DGX,8MCWUBXQ0WE04KMXBX50,1022079,2014.0,FY,2014-01-01,2014-12-31,2017-02-22 16:11:38+00:00,94000000.0,3.83,3.83,1.32,3.81,262000000.0,592000000.0,587000000.0,5000000.0,556000000.0,36000000.0,4637000000.0,7435000000.0,,26000000.0,4000000.0,-7000000.0,,1728000000.0,4637000000.0,2798000000.0,164000000.0,,1815000000.0,983000000.0,-160000000.0,823000000.0,7435000000.0,145000000.0,145000000.0,145000000.0
Quest Diagnostics Inc,DGX,8MCWUBXQ0WE04KMXBX50,1022079,2014.0,Q4,2014-10-01,2014-12-31,,23000000.0,1.3,1.3,0.33,1.3,28000000.0,200000000.0,202000000.0,5000000.0,190000000.0,10000000.0,1184000000.0,1883000000.0,-7000000.0,26000000.0,1000000.0,-8000000.0,,427000000.0,1184000000.0,699000000.0,42000000.0,-12000000.0,442000000.0,257000000.0,-53000000.0,204000000.0,1883000000.0,145000000.0,145000000.0,145000000.0
Quest Diagnostics Inc,DGX,8MCWUBXQ0WE04KMXBX50,1022079,2014.0,Q3,2014-07-01,2014-09-30,2015-10-29 16:13:00+00:00,24000000.0,0.89,0.89,0.33,0.88,82000000.0,139000000.0,132000000.0,,129000000.0,10000000.0,1178000000.0,1904000000.0,7000000.0,,-1000000.0,0.0,,446000000.0,1178000000.0,726000000.0,41000000.0,,470000000.0,256000000.0,-42000000.0,214000000.0,1904000000.0,144900000.0,145000000.0,145000000.0
Quest Diagnostics Inc,DGX,8MCWUBXQ0WE04KMXBX50,1022079,2014.0,Q3YTD,2014-01-01,2014-09-30,,71000000.0,2.53,2.53,0.99,2.51,234000000.0,392000000.0,385000000.0,,366000000.0,26000000.0,3453000000.0,5552000000.0,7000000.0,,3000000.0,1000000.0,,1301000000.0,3453000000.0,2099000000.0,122000000.0,12000000.0,1373000000.0,726000000.0,-107000000.0,619000000.0,5552000000.0,144900000.0,145000000.0,145000000.0
Quest Diagnostics Inc,DGX,8MCWUBXQ0WE04KMXBX50,1022079,2014.0,Q3TTM,2013-10-01,2014-09-30,,91000000.0,3.48,3.48,1.29,3.45,321000000.0,543000000.0,536000000.0,,509000000.0,34000000.0,4504000000.0,7308000000.0,7000000.0,24000000.0,4000000.0,1000000.0,,1716000000.0,4504000000.0,2804000000.0,161000000.0,-6000000.0,1808000000.0,996000000.0,-163000000.0,833000000.0,7308000000.0,144900000.0,145000000.0,145000000.0
Quest Diagnostics Inc,DGX,8MCWUBXQ0WE04KMXBX50,1022079,2014.0,Q2,2014-04-01,2014-06-30,2015-07-30 16:26:07+00:00,25000000.0,0.92,0.92,0.33,0.92,87000000.0,142000000.0,142000000.0,,133000000.0,9000000.0,1174000000.0,1902000000.0,,,3000000.0,1000000.0,,440000000.0,1174000000.0,728000000.0,42000000.0,6000000.0,466000000.0,262000000.0,-33000000.0,229000000.0,1902000000.0,144600000.0,144000000.0,145000000.0
Quest Diagnostics Inc,DGX,8MCWUBXQ0WE04KMXBX50,1022079,2014.0,Q2YTD,2014-01-01,2014-06-30,,47000000.0,1.64,1.64,0.66,1.63,152000000.0,253000000.0,253000000.0,,237000000.0,16000000.0,2275000000.0,3648000000.0,,,4000000.0,1000000.0,,855000000.0,2275000000.0,1373000000.0,81000000.0,12000000.0,903000000.0,470000000.0,-65000000.0,405000000.0,3648000000.0,144600000.0,144000000.0,145000000.0
Quest Diagnostics Inc,DGX,8MCWUBXQ0WE04KMXBX50,1022079,2014.0,Q2TTM,2013-07-01,2014-06-30,,87000000.0,5.29,5.29,1.26,5.25,484000000.0,818000000.0,816000000.0,2000000.0,785000000.0,33000000.0,4415000000.0,7192000000.0,,24000000.0,8000000.0,42000000.0,-474000000.0,1693000000.0,4415000000.0,2777000000.0,160000000.0,-1000000.0,1348000000.0,1429000000.0,-153000000.0,1276000000.0,7192000000.0,144600000.0,144000000.0,145000000.0
Quest Diagnostics Inc,DGX,8MCWUBXQ0WE04KMXBX50,1022079,2014.0,Q1,2014-01-01,2014-03-31,2015-04-30 16:55:59+00:00,22000000.0,0.72,0.72,0.33,0.71,65000000.0,111000000.0,111000000.0,,104000000.0,7000000.0,1101000000.0,1746000000.0,,,1000000.0,0.0,,415000000.0,1101000000.0,645000000.0,39000000.0,6000000.0,437000000.0,208000000.0,-32000000.0,176000000.0,1746000000.0,144400000.0,144000000.0,145000000.0
Quest Diagnostics Inc,DGX,8MCWUBXQ0WE04KMXBX50,1022079,2014.0,Q1TTM,2013-04-01,2014-03-31,,82000000.0,5.44,5.44,1.23,5.4,492000000.0,850000000.0,835000000.0,15000000.0,817000000.0,33000000.0,4335000000.0,7105000000.0,,24000000.0,5000000.0,35000000.0,-474000000.0,1671000000.0,4335000000.0,2770000000.0,158000000.0,,1314000000.0,1456000000.0,-153000000.0,1303000000.0,7105000000.0,144400000.0,144000000.0,145000000.0
Quest Diagnostics Inc,DGX,8MCWUBXQ0WE04KMXBX50,1022079,2015.0,FY,2015-01-01,2015-12-31,2018-02-23 16:19:47+00:00,81000000.0,4.92,4.92,1.52,4.87,373000000.0,753000000.0,753000000.0,,709000000.0,44000000.0,4657000000.0,7493000000.0,,23000000.0,-143000000.0,-323000000.0,,1679000000.0,4657000000.0,2836000000.0,153000000.0,,1437000000.0,1399000000.0,-296000000.0,1103000000.0,7493000000.0,144000000.0,144000000.0,144000000.0
Quest Diagnostics Inc,DGX,8MCWUBXQ0WE04KMXBX50,1022079,2015.0,Q4,2015-10-01,2015-12-31,,20000000.0,1.31,1.31,0.38,1.29,14000000.0,200000000.0,207000000.0,,188000000.0,12000000.0,1150000000.0,1849000000.0,-7000000.0,15000000.0,3000000.0,11000000.0,,429000000.0,1150000000.0,699000000.0,36000000.0,,460000000.0,239000000.0,-33000000.0,206000000.0,1849000000.0,144000000.0,144000000.0,144000000.0
Quest Diagnostics Inc,DGX,8MCWUBXQ0WE04KMXBX50,1022079,2015.0,Q3,2015-07-01,2015-09-30,2016-10-21 16:23:33+00:00,20000000.0,2.37,2.37,0.38,2.35,239000000.0,354000000.0,354000000.0,,342000000.0,12000000.0,1162000000.0,1880000000.0,,1000000.0,-4000000.0,-335000000.0,,402000000.0,1162000000.0,718000000.0,35000000.0,,87000000.0,631000000.0,-39000000.0,592000000.0,1880000000.0,144300000.0,144000000.0,145000000.0
Quest Diagnostics Inc,DGX,8MCWUBXQ0WE04KMXBX50,1022079,2015.0,Q3YTD,2015-01-01,2015-09-30,,61000000.0,3.61,3.61,1.14,3.58,359000000.0,553000000.0,546000000.0,,521000000.0,32000000.0,3507000000.0,5644000000.0,7000000.0,8000000.0,-146000000.0,-334000000.0,,1250000000.0,3507000000.0,2137000000.0,117000000.0,,977000000.0,1160000000.0,-263000000.0,897000000.0,5644000000.0,144300000.0,144000000.0,145000000.0
Quest Diagnostics Inc,DGX,8MCWUBXQ0WE04KMXBX50,1022079,2015.0,Q3TTM,2014-10-01,2015-09-30,,84000000.0,4.91,4.91,1.47,4.88,387000000.0,753000000.0,748000000.0,5000000.0,711000000.0,42000000.0,4691000000.0,7527000000.0,,34000000.0,-145000000.0,-342000000.0,,1677000000.0,4691000000.0,2836000000.0,159000000.0,-12000000.0,1419000000.0,1417000000.0,-316000000.0,1101000000.0,7527000000.0,144300000.0,144000000.0,145000000.0
Quest Diagnostics Inc,DGX,8MCWUBXQ0WE04KMXBX50,1022079,2015.0,Q2,2015-04-01,2015-06-30,2016-07-25 06:52:16+00:00,20000000.0,0.82,0.82,0.38,0.81,78000000.0,129000000.0,129000000.0,,118000000.0,11000000.0,1182000000.0,1925000000.0,,7000000.0,-64000000.0,-7000000.0,,429000000.0,1182000000.0,743000000.0,37000000.0,,442000000.0,301000000.0,-101000000.0,200000000.0,1925000000.0,143900000.0,144000000.0,145000000.0
Quest Diagnostics Inc,DGX,8MCWUBXQ0WE04KMXBX50,1022079,2015.0,Q2YTD,2015-01-01,2015-06-30,,41000000.0,1.24,1.24,0.76,1.23,120000000.0,199000000.0,192000000.0,,179000000.0,20000000.0,2345000000.0,3764000000.0,7000000.0,7000000.0,-142000000.0,1000000.0,,848000000.0,2345000000.0,1419000000.0,82000000.0,,890000000.0,529000000.0,-224000000.0,305000000.0,3764000000.0,143900000.0,144000000.0,145000000.0
Quest Diagnostics Inc,DGX,8MCWUBXQ0WE04KMXBX50,1022079,2015.0,Q2TTM,2014-07-01,2015-06-30,,88000000.0,3.43,3.43,1.42,3.41,230000000.0,538000000.0,526000000.0,5000000.0,498000000.0,40000000.0,4707000000.0,7551000000.0,7000000.0,33000000.0,-142000000.0,-7000000.0,,1721000000.0,4707000000.0,2844000000.0,165000000.0,-12000000.0,1802000000.0,1042000000.0,-319000000.0,723000000.0,7551000000.0,143900000.0,144000000.0,145000000.0
Quest Diagnostics Inc,DGX,8MCWUBXQ0WE04KMXBX50,1022079,2015.0,Q1,2015-01-01,2015-03-31,2016-04-27 16:25:51+00:00,21000000.0,0.42,0.42,0.38,0.42,42000000.0,70000000.0,63000000.0,,61000000.0,9000000.0,1163000000.0,1839000000.0,7000000.0,,-78000000.0,8000000.0,,419000000.0,1163000000.0,676000000.0,45000000.0,,448000000.0,228000000.0,-123000000.0,105000000.0,1839000000.0,145200000.0,144000000.0,146000000.0
Quest Diagnostics Inc,DGX,8MCWUBXQ0WE04KMXBX50,1022079,2015.0,Q1TTM,2014-04-01,2015-03-31,,93000000.0,3.53,3.53,1.37,3.52,239000000.0,551000000.0,539000000.0,5000000.0,513000000.0,38000000.0,4699000000.0,7528000000.0,7000000.0,26000000.0,-75000000.0,1000000.0,,1732000000.0,4699000000.0,2829000000.0,170000000.0,-6000000.0,1826000000.0,1003000000.0,-251000000.0,752000000.0,7528000000.0,145200000.0,144000000.0,146000000.0
Quest Diagnostics Inc,DGX,8MCWUBXQ0WE04KMXBX50,1022079,2016.0,Q4,2016-10-01,2016-12-31,,18000000.0,1.11,1.11,-1.2,1.09,84000000.0,167000000.0,167000000.0,,155000000.0,12000000.0,1160000000.0,1560000000.0,,9000000.0,2000000.0,7000000.0,,99000000.0,1160000000.0,400000000.0,36000000.0,,124000000.0,276000000.0,-34000000.0,242000000.0,1560000000.0,140000000.0,140000000.0,140000000.0
Quest Diagnostics Inc,DGX,8MCWUBXQ0WE04KMXBX50,1022079,2016.0,Q3,2016-07-01,2016-09-30,2017-10-19 16:42:48+00:00,18000000.0,1.37,1.37,0.4,1.34,95000000.0,205000000.0,205000000.0,,192000000.0,13000000.0,1157000000.0,1885000000.0,,11000000.0,4000000.0,-21000000.0,,409000000.0,1157000000.0,728000000.0,37000000.0,,406000000.0,322000000.0,-33000000.0,289000000.0,1885000000.0,140100000.0,139000000.0,142000000.0
Quest Diagnostics Inc,DGX,8MCWUBXQ0WE04KMXBX50,1022079,2016.0,Q3YTD,2016-01-01,2016-09-30,,54000000.0,3.47,3.47,1.2,3.42,345000000.0,529000000.0,529000000.0,,490000000.0,39000000.0,3456000000.0,5654000000.0,,30000000.0,-50000000.0,-138000000.0,,1281000000.0,3456000000.0,2198000000.0,107000000.0,,1197000000.0,1001000000.0,-157000000.0,844000000.0,5654000000.0,140100000.0,139000000.0,142000000.0
Quest Diagnostics Inc,DGX,8MCWUBXQ0WE04KMXBX50,1022079,2016.0,Q3TTM,2015-10-01,2016-09-30,,74000000.0,4.78,4.78,1.58,4.71,359000000.0,729000000.0,736000000.0,,678000000.0,51000000.0,4606000000.0,7503000000.0,-7000000.0,45000000.0,-47000000.0,-127000000.0,,1710000000.0,4606000000.0,2897000000.0,143000000.0,,1657000000.0,1240000000.0,-190000000.0,1050000000.0,7503000000.0,140100000.0,139000000.0,142000000.0
Quest Diagnostics Inc,DGX,8MCWUBXQ0WE04KMXBX50,1022079,2016.0,Q2,2016-04-01,2016-06-30,2017-07-25 16:45:51+00:00,17000000.0,1.38,1.38,0.4,1.37,183000000.0,209000000.0,209000000.0,,195000000.0,14000000.0,1155000000.0,1906000000.0,,9000000.0,-5000000.0,-118000000.0,,430000000.0,1155000000.0,751000000.0,34000000.0,,329000000.0,422000000.0,-39000000.0,383000000.0,1906000000.0,141300000.0,140000000.0,142000000.0
Quest Diagnostics Inc,DGX,8MCWUBXQ0WE04KMXBX50,1022079,2016.0,Q2YTD,2016-01-01,2016-06-30,,36000000.0,2.1,2.1,0.8,2.08,250000000.0,324000000.0,324000000.0,,298000000.0,26000000.0,2299000000.0,3769000000.0,,19000000.0,-54000000.0,-117000000.0,,872000000.0,2299000000.0,1470000000.0,70000000.0,,791000000.0,679000000.0,-124000000.0,555000000.0,3769000000.0,141300000.0,140000000.0,142000000.0
Quest Diagnostics Inc,DGX,8MCWUBXQ0WE04KMXBX50,1022079,2016.0,Q2TTM,2015-07-01,2016-06-30,,76000000.0,5.78,5.78,1.56,5.72,503000000.0,878000000.0,885000000.0,,828000000.0,50000000.0,4611000000.0,7498000000.0,-7000000.0,35000000.0,-55000000.0,-441000000.0,,1703000000.0,4611000000.0,2887000000.0,141000000.0,,1338000000.0,1549000000.0,-196000000.0,1353000000.0,7498000000.0,141300000.0,140000000.0,142000000.0
Quest Diagnostics Inc,DGX,8MCWUBXQ0WE04KMXBX50,1022079,2016.0,Q1,2016-01-01,2016-03-31,2017-04-21 16:47:45+00:00,19000000.0,0.72,0.72,0.4,0.71,67000000.0,115000000.0,115000000.0,,103000000.0,12000000.0,1144000000.0,1863000000.0,,10000000.0,-49000000.0,1000000.0,,442000000.0,1144000000.0,719000000.0,36000000.0,,462000000.0,257000000.0,-85000000.0,172000000.0,1863000000.0,143100000.0,143000000.0,144000000.0
Quest Diagnostics Inc,DGX,8MCWUBXQ0WE04KMXBX50,1022079,2016.0,Q1TTM,2015-04-01,2016-03-31,,79000000.0,5.22,5.22,1.54,5.16,398000000.0,798000000.0,805000000.0,,751000000.0,47000000.0,4638000000.0,7517000000.0,-7000000.0,33000000.0,-114000000.0,-330000000.0,,1702000000.0,4638000000.0,2879000000.0,144000000.0,,1451000000.0,1428000000.0,-258000000.0,1170000000.0,7517000000.0,143100000.0,143000000.0,144000000.0
Quest Diagnostics Inc,DGX,8MCWUBXQ0WE04KMXBX50,1022079,2017.0,FY,2017-01-01,2017-12-31,2020-02-20 16:45:36+00:00,74000000.0,5.63,5.63,1.8,5.5,241000000.0,824000000.0,824000000.0,0.0,772000000.0,52000000.0,4719000000.0,7402000000.0,,35000000.0,16000000.0,1000000.0,,1443000000.0,4719000000.0,2683000000.0,151000000.0,,1518000000.0,1165000000.0,-135000000.0,1030000000.0,7402000000.0,137000000.0,137000000.0,137000000.0
Quest Diagnostics Inc,DGX,8MCWUBXQ0WE04KMXBX50,1022079,2017.0,Q4,2017-10-01,2017-12-31,,20000000.0,1.86,1.86,-1.35,1.82,-23000000.0,267000000.0,267000000.0,,254000000.0,13000000.0,1194000000.0,1865000000.0,,10000000.0,4000000.0,,,382000000.0,1194000000.0,671000000.0,39000000.0,,402000000.0,269000000.0,-35000000.0,234000000.0,1865000000.0,137000000.0,137000000.0,137000000.0
Quest Diagnostics Inc,DGX,8MCWUBXQ0WE04KMXBX50,1022079,2017.0,Q3,2017-07-01,2017-09-30,2018-10-24 16:21:32+00:00,19000000.0,1.18,1.18,0.45,1.15,92000000.0,175000000.0,175000000.0,,161000000.0,14000000.0,1190000000.0,1856000000.0,,9000000.0,-2000000.0,1000000.0,,348000000.0,1190000000.0,666000000.0,38000000.0,,368000000.0,298000000.0,-40000000.0,258000000.0,1856000000.0,136400000.0,137000000.0,140000000.0
Quest Diagnostics Inc,DGX,8MCWUBXQ0WE04KMXBX50,1022079,2017.0,Q3YTD,2017-01-01,2017-09-30,,54000000.0,3.77,3.77,1.35,3.68,264000000.0,557000000.0,557000000.0,,518000000.0,39000000.0,3525000000.0,5537000000.0,,25000000.0,12000000.0,1000000.0,,1061000000.0,3525000000.0,2012000000.0,112000000.0,,1116000000.0,896000000.0,-100000000.0,796000000.0,5537000000.0,136400000.0,137000000.0,140000000.0
Quest Diagnostics Inc,DGX,8MCWUBXQ0WE04KMXBX50,1022079,2017.0,Q3TTM,2016-10-01,2017-09-30,,72000000.0,4.88,4.88,0.15,4.77,348000000.0,724000000.0,724000000.0,,673000000.0,51000000.0,4685000000.0,7097000000.0,,34000000.0,14000000.0,8000000.0,,1160000000.0,4685000000.0,2412000000.0,148000000.0,,1240000000.0,1172000000.0,-134000000.0,1038000000.0,7097000000.0,136400000.0,137000000.0,140000000.0
Quest Diagnostics Inc,DGX,8MCWUBXQ0WE04KMXBX50,1022079,2017.0,Q2,2017-04-01,2017-06-30,2018-07-25 16:46:07+00:00,18000000.0,1.4,1.4,0.45,1.37,94000000.0,207000000.0,207000000.0,,193000000.0,14000000.0,1170000000.0,1864000000.0,,9000000.0,11000000.0,-1000000.0,,358000000.0,1170000000.0,694000000.0,38000000.0,,375000000.0,319000000.0,-27000000.0,292000000.0,1864000000.0,137900000.0,137000000.0,140000000.0
Quest Diagnostics Inc,DGX,8MCWUBXQ0WE04KMXBX50,1022079,2017.0,Q2YTD,2017-01-01,2017-06-30,,35000000.0,2.59,2.59,0.9,2.53,172000000.0,382000000.0,382000000.0,,357000000.0,25000000.0,2335000000.0,3681000000.0,,16000000.0,14000000.0,,,713000000.0,2335000000.0,1346000000.0,74000000.0,,748000000.0,598000000.0,-60000000.0,538000000.0,3681000000.0,137900000.0,137000000.0,140000000.0
Quest Diagnostics Inc,DGX,8MCWUBXQ0WE04KMXBX50,1022079,2017.0,Q2TTM,2016-07-01,2017-06-30,,71000000.0,5.07,5.07,0.1,4.96,351000000.0,754000000.0,754000000.0,,704000000.0,50000000.0,4652000000.0,7126000000.0,,36000000.0,20000000.0,-14000000.0,,1221000000.0,4652000000.0,2474000000.0,147000000.0,,1278000000.0,1196000000.0,-127000000.0,1069000000.0,7126000000.0,137900000.0,137000000.0,140000000.0
Quest Diagnostics Inc,DGX,8MCWUBXQ0WE04KMXBX50,1022079,2017.0,Q1,2017-01-01,2017-03-31,2018-04-20 09:09:12+00:00,17000000.0,1.19,1.19,0.45,1.16,78000000.0,175000000.0,175000000.0,,164000000.0,11000000.0,1165000000.0,1817000000.0,,7000000.0,3000000.0,1000000.0,,355000000.0,1165000000.0,652000000.0,36000000.0,,373000000.0,279000000.0,-33000000.0,246000000.0,1817000000.0,137800000.0,137000000.0,141000000.0
Quest Diagnostics Inc,DGX,8MCWUBXQ0WE04KMXBX50,1022079,2017.0,Q1TTM,2016-04-01,2017-03-31,,70000000.0,5.05,5.05,0.05,4.96,440000000.0,756000000.0,756000000.0,,706000000.0,50000000.0,4637000000.0,7168000000.0,,36000000.0,4000000.0,-131000000.0,,1293000000.0,4637000000.0,2531000000.0,143000000.0,,1232000000.0,1299000000.0,-139000000.0,1160000000.0,7168000000.0,137800000.0,137000000.0,141000000.0
Quest Diagnostics Inc,DGX,8MCWUBXQ0WE04KMXBX50,1022079,2018.0,FY,2018-01-01,2018-12-31,2020-02-20 16:45:36+00:00,90000000.0,5.39,5.39,2.03,5.29,182000000.0,788000000.0,788000000.0,0.0,736000000.0,52000000.0,4926000000.0,7531000000.0,,44000000.0,-8000000.0,-10000000.0,,1424000000.0,4926000000.0,2605000000.0,167000000.0,,1504000000.0,1101000000.0,-175000000.0,926000000.0,7531000000.0,136000000.0,136000000.0,136000000.0
Quest Diagnostics Inc,DGX,8MCWUBXQ0WE04KMXBX50,1022079,2018.0,Q4,2018-10-01,2018-12-31,,24000000.0,0.93,0.93,-1.0,0.92,40000000.0,139000000.0,139000000.0,,127000000.0,12000000.0,1235000000.0,1839000000.0,,12000000.0,-10000000.0,4000000.0,,356000000.0,1235000000.0,604000000.0,43000000.0,,384000000.0,220000000.0,-53000000.0,167000000.0,1839000000.0,136000000.0,136000000.0,136000000.0
Quest Diagnostics Inc,DGX,8MCWUBXQ0WE04KMXBX50,1022079,2018.0,Q3,2018-07-01,2018-09-30,2019-10-23 16:27:34+00:00,22000000.0,1.56,1.56,0.5,1.53,48000000.0,227000000.0,227000000.0,0.0,213000000.0,14000000.0,1222000000.0,1889000000.0,,9000000.0,3000000.0,-13000000.0,,354000000.0,1222000000.0,667000000.0,41000000.0,,363000000.0,304000000.0,-38000000.0,266000000.0,1889000000.0,136500000.0,136000000.0,139000000.0
Quest Diagnostics Inc,DGX,8MCWUBXQ0WE04KMXBX50,1022079,2018.0,Q3YTD,2018-01-01,2018-09-30,,66000000.0,4.46,4.46,1.0,4.37,142000000.0,649000000.0,649000000.0,,609000000.0,40000000.0,3691000000.0,5692000000.0,,32000000.0,2000000.0,-14000000.0,,1068000000.0,3691000000.0,2001000000.0,124000000.0,,1120000000.0,881000000.0,-122000000.0,759000000.0,5692000000.0,136500000.0,136000000.0,139000000.0
Quest Diagnostics Inc,DGX,8MCWUBXQ0WE04KMXBX50,1022079,2018.0,Q3TTM,2017-10-01,2018-09-30,,86000000.0,6.32,6.32,-0.35,6.19,119000000.0,916000000.0,916000000.0,,863000000.0,53000000.0,4885000000.0,7557000000.0,,42000000.0,6000000.0,-14000000.0,,1450000000.0,4885000000.0,2672000000.0,163000000.0,,1522000000.0,1150000000.0,-157000000.0,993000000.0,7557000000.0,136500000.0,136000000.0,139000000.0
Quest Diagnostics Inc,DGX,8MCWUBXQ0WE04KMXBX50,1022079,2018.0,Q2,2018-04-01,2018-06-30,2019-07-24 16:43:48+00:00,22000000.0,1.6,1.6,,1.57,42000000.0,233000000.0,233000000.0,0.0,219000000.0,14000000.0,1243000000.0,1919000000.0,,11000000.0,1000000.0,-2000000.0,,351000000.0,1243000000.0,676000000.0,42000000.0,,371000000.0,305000000.0,-41000000.0,264000000.0,1919000000.0,136900000.0,136000000.0,139000000.0
Quest Diagnostics Inc,DGX,8MCWUBXQ0WE04KMXBX50,1022079,2018.0,Q2YTD,2018-01-01,2018-06-30,,44000000.0,2.9,2.9,0.5,2.84,94000000.0,422000000.0,422000000.0,,396000000.0,26000000.0,2469000000.0,3803000000.0,,23000000.0,-1000000.0,-1000000.0,,714000000.0,2469000000.0,1334000000.0,83000000.0,,757000000.0,577000000.0,-84000000.0,493000000.0,3803000000.0,136900000.0,136000000.0,139000000.0
Quest Diagnostics Inc,DGX,8MCWUBXQ0WE04KMXBX50,1022079,2018.0,Q2TTM,2017-07-01,2018-06-30,,83000000.0,5.94,5.94,-0.4,5.81,163000000.0,864000000.0,864000000.0,,811000000.0,53000000.0,4853000000.0,7524000000.0,,42000000.0,1000000.0,,,1444000000.0,4853000000.0,2671000000.0,160000000.0,,1527000000.0,1144000000.0,-159000000.0,985000000.0,7524000000.0,136900000.0,136000000.0,139000000.0
Quest Diagnostics Inc,DGX,8MCWUBXQ0WE04KMXBX50,1022079,2018.0,Q1,2018-01-01,2018-03-31,2019-04-24 16:36:47+00:00,22000000.0,1.3,1.3,0.5,1.27,52000000.0,189000000.0,189000000.0,,177000000.0,12000000.0,1226000000.0,1884000000.0,,12000000.0,-2000000.0,1000000.0,,363000000.0,1226000000.0,658000000.0,41000000.0,,386000000.0,272000000.0,-43000000.0,229000000.0,1884000000.0,136200000.0,136000000.0,139000000.0
Quest Diagnostics Inc,DGX,8MCWUBXQ0WE04KMXBX50,1022079,2018.0,Q1TTM,2017-04-01,2018-03-31,,79000000.0,5.74,5.74,0.05,5.61,215000000.0,838000000.0,838000000.0,,785000000.0,53000000.0,4780000000.0,7469000000.0,,40000000.0,11000000.0,1000000.0,,1451000000.0,4780000000.0,2689000000.0,156000000.0,,1531000000.0,1158000000.0,-145000000.0,1013000000.0,7469000000.0,136200000.0,136000000.0,139000000.0
Quest Diagnostics Inc,DGX,8MCWUBXQ0WE04KMXBX50,1022079,2019.0,Q4,2019-10-01,2019-12-31,,24000000.0,1.88,1.88,-1.06,1.86,72000000.0,265000000.0,265000000.0,,253000000.0,12000000.0,1264000000.0,1926000000.0,,9000000.0,7000000.0,-74000000.0,,349000000.0,1264000000.0,662000000.0,42000000.0,,299000000.0,363000000.0,-35000000.0,328000000.0,1926000000.0,134000000.0,134000000.0,134000000.0
Quest Diagnostics Inc,DGX,8MCWUBXQ0WE04KMXBX50,1022079,2019.0,FY,2019-01-01,2019-12-31,2020-02-20 16:45:36+00:00,96000000.0,6.36,6.36,2.12,6.28,247000000.0,906000000.0,886000000.0,20000000.0,858000000.0,48000000.0,5037000000.0,7726000000.0,,57000000.0,20000000.0,-95000000.0,,1457000000.0,5037000000.0,2689000000.0,175000000.0,,1458000000.0,1231000000.0,-155000000.0,1076000000.0,7726000000.0,134000000.0,134000000.0,134000000.0
Quest Diagnostics Inc,DGX,8MCWUBXQ0WE04KMXBX50,1022079,2019.0,Q3YTD,2019-01-01,2019-09-30,,72000000.0,4.48,4.48,1.06,4.42,175000000.0,641000000.0,621000000.0,20000000.0,605000000.0,36000000.0,3773000000.0,5800000000.0,,48000000.0,13000000.0,-21000000.0,,1108000000.0,3773000000.0,2027000000.0,133000000.0,,1159000000.0,868000000.0,-120000000.0,748000000.0,5800000000.0,135200000.0,135000000.0,137000000.0
Quest Diagnostics Inc,DGX,8MCWUBXQ0WE04KMXBX50,1022079,2019.0,Q3TTM,2018-10-01,2019-09-30,,96000000.0,5.41,5.41,0.06,5.34,215000000.0,780000000.0,760000000.0,20000000.0,732000000.0,48000000.0,5008000000.0,7639000000.0,,60000000.0,3000000.0,-17000000.0,,1464000000.0,5008000000.0,2631000000.0,176000000.0,,1543000000.0,1088000000.0,-173000000.0,915000000.0,7639000000.0,135200000.0,135000000.0,137000000.0
Quest Diagnostics Inc,DGX,8MCWUBXQ0WE04KMXBX50,1022079,2019.0,Q3,2019-07-01,2019-09-30,2019-10-23 16:27:34+00:00,23000000.0,1.59,1.59,0.53,1.56,62000000.0,226000000.0,226000000.0,0.0,215000000.0,11000000.0,1264000000.0,1956000000.0,,18000000.0,1000000.0,-6000000.0,,362000000.0,1264000000.0,692000000.0,44000000.0,,379000000.0,313000000.0,-43000000.0,270000000.0,1956000000.0,135200000.0,135000000.0,137000000.0
Quest Diagnostics Inc,DGX,8MCWUBXQ0WE04KMXBX50,1022079,2019.0,Q2YTD,2019-01-01,2019-06-30,,49000000.0,2.89,2.89,0.53,2.86,113000000.0,415000000.0,395000000.0,20000000.0,390000000.0,25000000.0,2509000000.0,3844000000.0,,30000000.0,12000000.0,-15000000.0,,746000000.0,2509000000.0,1335000000.0,89000000.0,,780000000.0,555000000.0,-77000000.0,478000000.0,3844000000.0,135300000.0,135000000.0,136000000.0
Quest Diagnostics Inc,DGX,8MCWUBXQ0WE04KMXBX50,1022079,2019.0,Q2TTM,2018-07-01,2019-06-30,,95000000.0,5.38,5.38,0.03,5.31,201000000.0,781000000.0,761000000.0,20000000.0,730000000.0,51000000.0,4966000000.0,7572000000.0,,51000000.0,5000000.0,-24000000.0,,1456000000.0,4966000000.0,2606000000.0,173000000.0,,1527000000.0,1079000000.0,-168000000.0,911000000.0,7572000000.0,135300000.0,135000000.0,136000000.0
Quest Diagnostics Inc,DGX,8MCWUBXQ0WE04KMXBX50,1022079,2019.0,Q2,2019-04-01,2019-06-30,2019-07-24 16:43:48+00:00,25000000.0,1.67,1.67,,1.66,63000000.0,239000000.0,219000000.0,20000000.0,226000000.0,13000000.0,1265000000.0,1953000000.0,,17000000.0,3000000.0,-6000000.0,,362000000.0,1265000000.0,688000000.0,45000000.0,,381000000.0,307000000.0,-42000000.0,265000000.0,1953000000.0,135300000.0,135000000.0,136000000.0
Quest Diagnostics Inc,DGX,8MCWUBXQ0WE04KMXBX50,1022079,2019.0,Q1,2019-01-01,2019-03-31,2020-05-04 16:21:03+00:00,24000000.0,1.22,1.22,0.53,1.2,50000000.0,176000000.0,176000000.0,,164000000.0,12000000.0,1244000000.0,1891000000.0,,13000000.0,9000000.0,-9000000.0,,384000000.0,1244000000.0,647000000.0,44000000.0,,399000000.0,248000000.0,-35000000.0,213000000.0,1891000000.0,134400000.0,134000000.0,136000000.0
Quest Diagnostics Inc,DGX,8MCWUBXQ0WE04KMXBX50,1022079,2019.0,Q1TTM,2018-04-01,2019-03-31,,92000000.0,5.31,5.31,0.03,5.22,180000000.0,775000000.0,775000000.0,,723000000.0,52000000.0,4944000000.0,7538000000.0,,45000000.0,3000000.0,-20000000.0,,1445000000.0,4944000000.0,2594000000.0,170000000.0,,1517000000.0,1077000000.0,-167000000.0,910000000.0,7538000000.0,134400000.0,134000000.0,136000000.0
Quest Diagnostics Inc,DGX,8MCWUBXQ0WE04KMXBX50,1022079,2020.0,Q1TTM,2019-04-01,2020-03-31,,97000000.0,5.88,5.88,0.03,5.81,223000000.0,836000000.0,816000000.0,20000000.0,793000000.0,43000000.0,5063000000.0,7657000000.0,,58000000.0,-5000000.0,-81000000.0,,1420000000.0,5063000000.0,2594000000.0,172000000.0,,1436000000.0,1158000000.0,-177000000.0,981000000.0,7657000000.0,133800000.0,134000000.0,135000000.0
Quest Diagnostics Inc,DGX,8MCWUBXQ0WE04KMXBX50,1022079,2020.0,Q1,2020-01-01,2020-03-31,2020-05-04 16:21:03+00:00,25000000.0,0.74,0.74,0.56,0.73,26000000.0,106000000.0,106000000.0,,99000000.0,7000000.0,1270000000.0,1822000000.0,,14000000.0,-16000000.0,5000000.0,,347000000.0,1270000000.0,552000000.0,41000000.0,,377000000.0,175000000.0,-57000000.0,118000000.0,1822000000.0,133800000.0,134000000.0,135000000.0
