company_name,company_ticker,company_lei,company_cik,year,quarter,start_date,end_date,filing_date,basicdilutedeps,basiceps,cashdividendspershare,dilutedeps,incometaxexpense,netincome,netincomecontinuing,netincomediscontinued,netincometocommon,operatingcostofrevenue,operatingrevenue,otheradjustmentstoconsolidatednetincome,otherincome,otheroperatingexpenses,rdexpense,sgaexpense,totalcostofrevenue,totalgrossprofit,totalinterestexpense,totaloperatingexpenses,totaloperatingincome,totalotherincome,totalpretaxincome,totalrevenue,weightedavebasicdilutedsharesos,weightedavebasicsharesos,weightedavedilutedsharesos
International Business Machines Corp,IBM,VGRQXHF3J8VDLUA7XE92,51143,2007.0,FY,2007-01-01,2007-12-31,2010-02-23 13:31:57+00:00,7.27,7.27,,7.15,4071000000.0,10418000000.0,10418000000.0,0.0,10418000000.0,57057000000.0,98785000000.0,,,-626000000.0,5195000000.0,22060000000.0,57057000000.0,41729000000.0,611000000.0,26629000000.0,15100000000.0,-611000000.0,14489000000.0,98786000000.0,1433000000.0,1433935221.0,1456880751.0
International Business Machines Corp,IBM,VGRQXHF3J8VDLUA7XE92,51143,2008.0,FY,2008-01-01,2008-12-31,2011-02-22 13:08:33+00:00,9.02,9.02,,8.89,4381000000.0,12334000000.0,12334000000.0,,12334000000.0,57969000000.0,103630000000.0,,,-298000000.0,5184000000.0,23386000000.0,57969000000.0,45661000000.0,673000000.0,28272000000.0,17389000000.0,-673000000.0,16715000000.0,103630000000.0,1367400000.0,1369367069.0,1387797198.0
International Business Machines Corp,IBM,VGRQXHF3J8VDLUA7XE92,51143,2008.0,Q3,2008-07-01,2008-09-30,2009-10-27 14:02:36+00:00,2.08,2.08,0.5,2.04,1071000000.0,2824000000.0,2824000000.0,,2824000000.0,14343000000.0,25301000000.0,,,-51000000.0,1312000000.0,5644000000.0,14342000000.0,10959000000.0,159000000.0,6905000000.0,4054000000.0,-159000000.0,3895000000.0,25302000000.0,1357700000.0,1359500000.0,1384100000.0
International Business Machines Corp,IBM,VGRQXHF3J8VDLUA7XE92,51143,2008.0,Q2,2008-04-01,2008-06-30,2009-07-28 14:06:31+00:00,2.01,2.01,1.0,1.97,,2765000000.0,3814000000.0,,2765000000.0,15220000000.0,26820000000.0,-1049000000.0,,-24000000.0,1375000000.0,6289000000.0,15221000000.0,11599000000.0,145000000.0,7640000000.0,3959000000.0,-145000000.0,3814000000.0,26820000000.0,1375600000.0,2752400000.0,2804200000.0
International Business Machines Corp,IBM,VGRQXHF3J8VDLUA7XE92,51143,2009.0,FY,2009-01-01,2009-12-31,2012-02-28 14:52:20+00:00,10.12,10.12,,10.01,4713000000.0,13425000000.0,13425000000.0,,13425000000.0,51972000000.0,95759000000.0,,,-351000000.0,4643000000.0,20952000000.0,51973000000.0,43786000000.0,402000000.0,25244000000.0,18542000000.0,-402000000.0,18138000000.0,95759000000.0,1326600000.0,1327157410.0,1341352754.0
International Business Machines Corp,IBM,VGRQXHF3J8VDLUA7XE92,51143,2009.0,Q4,2009-10-01,2009-12-31,,3.63,3.63,-1.6,3.59,1568000000.0,4813000000.0,4813000000.0,,4813000000.0,14084000000.0,27231000000.0,,,-24000000.0,1147000000.0,5560000000.0,14086000000.0,13147000000.0,81000000.0,6683000000.0,6464000000.0,-81000000.0,6381000000.0,27232000000.0,1326600000.0,1327157410.0,1341352754.0
International Business Machines Corp,IBM,VGRQXHF3J8VDLUA7XE92,51143,2009.0,Q3YTD,2009-01-01,2009-09-30,,6.49,6.49,1.6,6.42,3145000000.0,8612000000.0,8612000000.0,,8612000000.0,37888000000.0,68528000000.0,,,-327000000.0,3496000000.0,15392000000.0,37887000000.0,30639000000.0,321000000.0,18561000000.0,12078000000.0,-321000000.0,11757000000.0,68527000000.0,1317200000.0,1319900000.0,1338200000.0
International Business Machines Corp,IBM,VGRQXHF3J8VDLUA7XE92,51143,2009.0,Q3,2009-07-01,2009-09-30,2010-10-26 14:08:52+00:00,2.44,2.44,0.55,2.4,1159000000.0,3214000000.0,3214000000.0,,3214000000.0,12938000000.0,23566000000.0,,,5000000.0,1152000000.0,5013000000.0,12938000000.0,10627000000.0,84000000.0,6170000000.0,4457000000.0,-84000000.0,4373000000.0,23566000000.0,1317200000.0,1319900000.0,1338200000.0
International Business Machines Corp,IBM,VGRQXHF3J8VDLUA7XE92,51143,2009.0,Q2YTD,2009-01-01,2009-06-30,,4.05,4.05,1.05,4.02,1986000000.0,5398000000.0,5398000000.0,,5398000000.0,24950000000.0,44962000000.0,,,-332000000.0,2344000000.0,10379000000.0,24949000000.0,20012000000.0,237000000.0,12391000000.0,7621000000.0,-237000000.0,7384000000.0,44961000000.0,1326100000.0,1326100000.0,1336900000.0
International Business Machines Corp,IBM,VGRQXHF3J8VDLUA7XE92,51143,2009.0,Q2,2009-04-01,2009-06-30,2010-07-27 14:42:55+00:00,2.34,2.34,0.55,2.32,1159000000.0,3103000000.0,3103000000.0,,3103000000.0,12669000000.0,23251000000.0,,,-28000000.0,1132000000.0,5115000000.0,12669000000.0,10581000000.0,101000000.0,6219000000.0,4362000000.0,-101000000.0,4262000000.0,23250000000.0,1326100000.0,1326100000.0,1336900000.0
International Business Machines Corp,IBM,VGRQXHF3J8VDLUA7XE92,51143,2009.0,Q1,2009-01-01,2009-03-31,2010-04-27 14:01:05+00:00,1.71,1.71,0.5,1.7,827000000.0,2295000000.0,2295000000.0,,2295000000.0,12281000000.0,21711000000.0,,,-304000000.0,1212000000.0,5264000000.0,12280000000.0,9431000000.0,136000000.0,6172000000.0,3259000000.0,-136000000.0,3122000000.0,21711000000.0,1342100000.0,1344300000.0,1349500000.0
International Business Machines Corp,IBM,VGRQXHF3J8VDLUA7XE92,51143,2010.0,Q4,2010-10-01,2010-12-31,,4.18,4.18,-1.85,4.12,1698000000.0,5257000000.0,5258000000.0,,5257000000.0,14792000000.0,29019000000.0,,,-41000000.0,1260000000.0,5950000000.0,14792000000.0,14228000000.0,101000000.0,7169000000.0,7059000000.0,-101000000.0,6956000000.0,29018000000.0,1268900000.0,1268789202.0,1287355388.0
International Business Machines Corp,IBM,VGRQXHF3J8VDLUA7XE92,51143,2010.0,FY,2010-01-01,2010-12-31,2013-02-26 15:35:35+00:00,11.69,11.69,,11.52,4890000000.0,14833000000.0,14833000000.0,,14833000000.0,53857000000.0,99871000000.0,,,-787000000.0,4872000000.0,21837000000.0,53857000000.0,46014000000.0,368000000.0,25922000000.0,20092000000.0,-368000000.0,19723000000.0,99870000000.0,1268900000.0,1268789202.0,1287355388.0
International Business Machines Corp,IBM,VGRQXHF3J8VDLUA7XE92,51143,2010.0,Q3YTD,2010-01-01,2010-09-30,,7.51,7.51,1.85,7.4,3192000000.0,9576000000.0,9575000000.0,,9576000000.0,39065000000.0,70852000000.0,,,-746000000.0,3612000000.0,15887000000.0,39065000000.0,31786000000.0,267000000.0,18753000000.0,13033000000.0,-267000000.0,12767000000.0,70852000000.0,1254900000.0,1255200000.0,1272800000.0
International Business Machines Corp,IBM,VGRQXHF3J8VDLUA7XE92,51143,2010.0,Q3TTM,2009-10-01,2010-09-30,,11.14,11.14,0.25,10.99,4760000000.0,14389000000.0,14388000000.0,,14389000000.0,53149000000.0,98083000000.0,,,-770000000.0,4759000000.0,21447000000.0,53151000000.0,44933000000.0,348000000.0,25436000000.0,19497000000.0,-348000000.0,19148000000.0,98084000000.0,1254900000.0,1255200000.0,1272800000.0
International Business Machines Corp,IBM,VGRQXHF3J8VDLUA7XE92,51143,2010.0,Q3,2010-07-01,2010-09-30,2011-10-25 13:01:40+00:00,2.86,2.86,0.65,2.82,1088000000.0,3589000000.0,3589000000.0,,3589000000.0,13270000000.0,24271000000.0,,,-106000000.0,1186000000.0,5149000000.0,13270000000.0,11001000000.0,95000000.0,6229000000.0,4772000000.0,-95000000.0,4677000000.0,24271000000.0,1254900000.0,1255200000.0,1272800000.0
International Business Machines Corp,IBM,VGRQXHF3J8VDLUA7XE92,51143,2010.0,Q2YTD,2010-01-01,2010-06-30,,4.65,4.65,1.2,4.58,2104000000.0,5987000000.0,5986000000.0,,5987000000.0,25795000000.0,46581000000.0,,,-640000000.0,2426000000.0,10738000000.0,25795000000.0,20785000000.0,172000000.0,12524000000.0,8261000000.0,-172000000.0,8090000000.0,46581000000.0,1277700000.0,1278600000.0,1296700000.0
International Business Machines Corp,IBM,VGRQXHF3J8VDLUA7XE92,51143,2010.0,Q2TTM,2009-07-01,2010-06-30,,10.72,10.72,0.15,10.57,4831000000.0,14014000000.0,14013000000.0,,14014000000.0,52817000000.0,97378000000.0,,,-659000000.0,4725000000.0,21311000000.0,52819000000.0,44559000000.0,337000000.0,25377000000.0,19182000000.0,-337000000.0,18844000000.0,97379000000.0,1277700000.0,1278600000.0,1296700000.0
International Business Machines Corp,IBM,VGRQXHF3J8VDLUA7XE92,51143,2010.0,Q2,2010-04-01,2010-06-30,2011-07-26 14:07:05+00:00,2.65,2.65,0.65,2.61,1190000000.0,3386000000.0,3385000000.0,,3386000000.0,12914000000.0,23723000000.0,,,-95000000.0,1178000000.0,5061000000.0,12915000000.0,10809000000.0,90000000.0,6144000000.0,4665000000.0,-90000000.0,4575000000.0,23724000000.0,1277700000.0,1278600000.0,1296700000.0
International Business Machines Corp,IBM,VGRQXHF3J8VDLUA7XE92,51143,2010.0,Q1TTM,2009-04-01,2010-03-31,,10.41,10.41,0.05,10.28,4800000000.0,13731000000.0,13731000000.0,,13731000000.0,52572000000.0,96906000000.0,,,-592000000.0,4679000000.0,21365000000.0,52573000000.0,44331000000.0,348000000.0,25452000000.0,18879000000.0,-348000000.0,18531000000.0,96905000000.0,1300500000.0,1301200000.0,1321600000.0
International Business Machines Corp,IBM,VGRQXHF3J8VDLUA7XE92,51143,2010.0,Q1,2010-01-01,2010-03-31,2011-04-26 13:07:53+00:00,2.0,2.0,0.55,1.97,914000000.0,2601000000.0,2601000000.0,,2601000000.0,12881000000.0,22858000000.0,,,-545000000.0,1248000000.0,5677000000.0,12880000000.0,9976000000.0,82000000.0,6380000000.0,3596000000.0,-82000000.0,3515000000.0,22857000000.0,1300500000.0,1301200000.0,1321600000.0
International Business Machines Corp,IBM,VGRQXHF3J8VDLUA7XE92,51143,2011.0,Q4,2011-10-01,2011-12-31,,4.64,2.3,-2.8,2.25,831000000.0,2626000000.0,2626000000.0,,2626000000.0,1014000000.0,4879000000.0,,,159000000.0,-22000000.0,250000000.0,1014000000.0,3864000000.0,21000000.0,387000000.0,3477000000.0,-21000000.0,3457000000.0,4879000000.0,1196600000.0,1196951006.0,1213767985.0
International Business Machines Corp,IBM,VGRQXHF3J8VDLUA7XE92,51143,2011.0,FY,2011-01-01,2011-12-31,2014-02-25 14:13:24+00:00,13.25,13.25,,13.06,5148000000.0,15855000000.0,15855000000.0,,15855000000.0,56778000000.0,106916000000.0,,,-20000000.0,5150000000.0,23594000000.0,56778000000.0,50138000000.0,411000000.0,28724000000.0,21414000000.0,-411000000.0,21003000000.0,106916000000.0,1196600000.0,1196951006.0,1213767985.0
International Business Machines Corp,IBM,VGRQXHF3J8VDLUA7XE92,51143,2011.0,Q3YTD,2011-01-01,2011-09-30,,8.61,10.95,2.8,10.81,4317000000.0,13229000000.0,13229000000.0,,13229000000.0,55764000000.0,102037000000.0,,,-179000000.0,5172000000.0,23344000000.0,55764000000.0,46274000000.0,390000000.0,28337000000.0,17937000000.0,-390000000.0,17546000000.0,102037000000.0,1188500000.0,1188600000.0,1204900000.0
International Business Machines Corp,IBM,VGRQXHF3J8VDLUA7XE92,51143,2011.0,Q3TTM,2010-10-01,2011-09-30,,12.79,15.13,0.95,14.93,6015000000.0,18486000000.0,18487000000.0,,18486000000.0,70556000000.0,131056000000.0,,,-220000000.0,6432000000.0,29294000000.0,70556000000.0,60502000000.0,491000000.0,35506000000.0,24996000000.0,-491000000.0,24502000000.0,131055000000.0,1188500000.0,1188600000.0,1204900000.0
International Business Machines Corp,IBM,VGRQXHF3J8VDLUA7XE92,51143,2011.0,Q3,2011-07-01,2011-09-30,2012-10-30 14:01:17+00:00,3.23,3.23,0.75,3.19,1188000000.0,3839000000.0,3839000000.0,,3839000000.0,13984000000.0,26157000000.0,,,128000000.0,1248000000.0,5662000000.0,13984000000.0,12173000000.0,107000000.0,7038000000.0,5135000000.0,-107000000.0,5027000000.0,26157000000.0,1188500000.0,1188600000.0,1204900000.0
International Business Machines Corp,IBM,VGRQXHF3J8VDLUA7XE92,51143,2011.0,Q2YTD,2011-01-01,2011-06-30,,5.38,7.72,2.05,7.62,3129000000.0,9390000000.0,9390000000.0,,9390000000.0,41780000000.0,75880000000.0,,,-307000000.0,3924000000.0,17682000000.0,41780000000.0,34101000000.0,283000000.0,21299000000.0,12802000000.0,-283000000.0,12519000000.0,75880000000.0,1205300000.0,1204800000.0,1221400000.0
International Business Machines Corp,IBM,VGRQXHF3J8VDLUA7XE92,51143,2011.0,Q2TTM,2010-07-01,2011-06-30,,12.42,14.76,0.85,14.56,5915000000.0,18236000000.0,18237000000.0,,18236000000.0,69842000000.0,129170000000.0,,,-454000000.0,6370000000.0,28781000000.0,69842000000.0,59330000000.0,479000000.0,34697000000.0,24633000000.0,-479000000.0,24152000000.0,129169000000.0,1205300000.0,1204800000.0,1221400000.0
International Business Machines Corp,IBM,VGRQXHF3J8VDLUA7XE92,51143,2011.0,Q2,2011-04-01,2011-06-30,2012-07-31 13:59:43+00:00,3.04,3.04,0.75,3.0,1221000000.0,3664000000.0,3664000000.0,,3664000000.0,14282000000.0,26666000000.0,,,97000000.0,1274000000.0,6030000000.0,14282000000.0,12385000000.0,97000000.0,7401000000.0,4984000000.0,-97000000.0,4885000000.0,26666000000.0,1205300000.0,1204800000.0,1221400000.0
International Business Machines Corp,IBM,VGRQXHF3J8VDLUA7XE92,51143,2011.0,Q1TTM,2010-04-01,2011-03-31,,12.03,14.37,0.75,14.17,5884000000.0,17958000000.0,17958000000.0,,17958000000.0,68474000000.0,126227000000.0,,,-646000000.0,6274000000.0,27812000000.0,68475000000.0,57754000000.0,472000000.0,33440000000.0,24314000000.0,-472000000.0,23842000000.0,126227000000.0,2447000000.0,2444400000.0,2480000000.0
International Business Machines Corp,IBM,VGRQXHF3J8VDLUA7XE92,51143,2011.0,Q1,2011-01-01,2011-03-31,2012-04-24 13:33:46+00:00,2.34,4.68,1.3,4.62,1908000000.0,5726000000.0,5726000000.0,,5726000000.0,27498000000.0,49214000000.0,,,-404000000.0,2650000000.0,11652000000.0,27498000000.0,21716000000.0,186000000.0,13898000000.0,7818000000.0,-186000000.0,7634000000.0,49214000000.0,2447000000.0,2444400000.0,2480000000.0
International Business Machines Corp,IBM,VGRQXHF3J8VDLUA7XE92,51143,2012.0,Q4,2012-10-01,2012-12-31,,5.14,5.14,-2.45,5.09,2241000000.0,5833000000.0,6228000000.0,-395000000.0,5833000000.0,12442000000.0,27672000000.0,,,-47000000.0,867000000.0,5832000000.0,12440000000.0,15230000000.0,108000000.0,6652000000.0,8578000000.0,-108000000.0,8469000000.0,27671000000.0,1142700000.0,1142508521.0,1155449317.0
International Business Machines Corp,IBM,VGRQXHF3J8VDLUA7XE92,51143,2012.0,FY,2012-01-01,2012-12-31,2015-02-24 14:08:09+00:00,14.53,14.53,,14.37,5541000000.0,16604000000.0,16999000000.0,-395000000.0,16604000000.0,52513000000.0,102874000000.0,,,-843000000.0,4742000000.0,23463000000.0,52513000000.0,50361000000.0,459000000.0,27362000000.0,22999000000.0,-459000000.0,22540000000.0,102874000000.0,1142700000.0,1142508521.0,1155449317.0
International Business Machines Corp,IBM,VGRQXHF3J8VDLUA7XE92,51143,2012.0,Q3YTD,2012-01-01,2012-09-30,,9.39,9.39,2.45,9.28,3300000000.0,10771000000.0,10771000000.0,,10771000000.0,40071000000.0,75202000000.0,,,-796000000.0,3875000000.0,17631000000.0,40073000000.0,35131000000.0,351000000.0,20710000000.0,14421000000.0,-351000000.0,14071000000.0,75203000000.0,1138100000.0,1137200000.0,1149300000.0
International Business Machines Corp,IBM,VGRQXHF3J8VDLUA7XE92,51143,2012.0,Q3TTM,2011-10-01,2012-09-30,,14.03,11.69,-0.35,11.53,4131000000.0,13397000000.0,13397000000.0,,13397000000.0,41085000000.0,80081000000.0,,,-637000000.0,3853000000.0,17881000000.0,41087000000.0,38995000000.0,372000000.0,21097000000.0,17898000000.0,-372000000.0,17528000000.0,80082000000.0,1138100000.0,1137200000.0,1149300000.0
International Business Machines Corp,IBM,VGRQXHF3J8VDLUA7XE92,51143,2012.0,Q3,2012-07-01,2012-09-30,2013-10-29 16:51:27+00:00,3.36,3.36,0.85,3.33,1251000000.0,3824000000.0,3823000000.0,,3824000000.0,13015000000.0,24747000000.0,,,-606000000.0,1231000000.0,5908000000.0,13016000000.0,11732000000.0,124000000.0,6533000000.0,5199000000.0,-124000000.0,5074000000.0,24747000000.0,1138100000.0,1137200000.0,1149300000.0
International Business Machines Corp,IBM,VGRQXHF3J8VDLUA7XE92,51143,2012.0,Q2YTD,2012-01-01,2012-06-30,,6.03,6.03,1.6,5.95,2049000000.0,6947000000.0,6948000000.0,,6947000000.0,27056000000.0,50455000000.0,,,-190000000.0,2644000000.0,11723000000.0,27057000000.0,23399000000.0,227000000.0,14177000000.0,9222000000.0,-227000000.0,8997000000.0,50456000000.0,1148200000.0,1149000000.0,1161900000.0
International Business Machines Corp,IBM,VGRQXHF3J8VDLUA7XE92,51143,2012.0,Q2TTM,2011-07-01,2012-06-30,,13.9,11.56,-0.45,11.39,4068000000.0,13412000000.0,13413000000.0,,13412000000.0,42054000000.0,81491000000.0,,,97000000.0,3870000000.0,17635000000.0,42055000000.0,39436000000.0,355000000.0,21602000000.0,17834000000.0,-355000000.0,17481000000.0,81492000000.0,1148200000.0,1149000000.0,1161900000.0
International Business Machines Corp,IBM,VGRQXHF3J8VDLUA7XE92,51143,2012.0,Q2,2012-04-01,2012-06-30,2013-07-30 21:30:19+00:00,3.38,3.38,0.85,3.34,1280000000.0,3881000000.0,3881000000.0,,3881000000.0,13502000000.0,25782000000.0,,,-132000000.0,1298000000.0,5837000000.0,13502000000.0,12281000000.0,117000000.0,7003000000.0,5278000000.0,-117000000.0,5161000000.0,25783000000.0,1148200000.0,1149000000.0,1161900000.0
International Business Machines Corp,IBM,VGRQXHF3J8VDLUA7XE92,51143,2012.0,Q1TTM,2011-04-01,2012-03-31,,13.56,11.22,-0.55,11.05,4009000000.0,13195000000.0,13196000000.0,,13195000000.0,42834000000.0,82375000000.0,,,326000000.0,3846000000.0,17828000000.0,42835000000.0,39540000000.0,335000000.0,22000000000.0,17540000000.0,-335000000.0,17205000000.0,82375000000.0,1157000000.0,1159100000.0,1174200000.0
International Business Machines Corp,IBM,VGRQXHF3J8VDLUA7XE92,51143,2012.0,Q1,2012-01-01,2012-03-31,2013-04-30 14:34:00+00:00,2.65,2.65,0.75,2.61,769000000.0,3066000000.0,3067000000.0,,3066000000.0,13554000000.0,24673000000.0,,,-58000000.0,1346000000.0,5886000000.0,13555000000.0,11118000000.0,110000000.0,7174000000.0,3944000000.0,-110000000.0,3836000000.0,24673000000.0,1157000000.0,1159100000.0,1174200000.0
International Business Machines Corp,IBM,VGRQXHF3J8VDLUA7XE92,51143,2013.0,FY,2013-01-01,2013-12-31,2016-02-23 16:19:19+00:00,15.06,15.06,,14.94,3363000000.0,16483000000.0,16881000000.0,-398000000.0,16483000000.0,49683000000.0,98368000000.0,,,-333000000.0,4921000000.0,23451000000.0,49683000000.0,48685000000.0,402000000.0,28039000000.0,20646000000.0,-402000000.0,20244000000.0,98368000000.0,1094500000.0,1094486604.0,1103042156.0
International Business Machines Corp,IBM,VGRQXHF3J8VDLUA7XE92,51143,2013.0,Q4,2013-10-01,2013-12-31,,5.71,5.71,-2.75,5.65,1039000000.0,6184000000.0,6484000000.0,-300000000.0,6184000000.0,12253000000.0,26698000000.0,,,-119000000.0,994000000.0,5934000000.0,12253000000.0,14446000000.0,113000000.0,6809000000.0,7637000000.0,-113000000.0,7522000000.0,26698000000.0,1094500000.0,1094486604.0,1103042156.0
International Business Machines Corp,IBM,VGRQXHF3J8VDLUA7XE92,51143,2013.0,Q3YTD,2013-01-01,2013-09-30,,9.35,9.35,2.75,9.29,2324000000.0,10299000000.0,10397000000.0,-98000000.0,10299000000.0,37430000000.0,71670000000.0,,,-214000000.0,3927000000.0,17517000000.0,37430000000.0,34239000000.0,289000000.0,21230000000.0,13009000000.0,-289000000.0,12722000000.0,71670000000.0,1092200000.0,1090900000.0,1098800000.0
International Business Machines Corp,IBM,VGRQXHF3J8VDLUA7XE92,51143,2013.0,Q3TTM,2012-10-01,2013-09-30,,14.49,14.49,0.3,14.38,4565000000.0,16132000000.0,16625000000.0,-493000000.0,16132000000.0,49872000000.0,99342000000.0,,,-261000000.0,4794000000.0,23349000000.0,49870000000.0,49469000000.0,397000000.0,27882000000.0,21587000000.0,-397000000.0,21191000000.0,99341000000.0,1092200000.0,1090900000.0,1098800000.0
International Business Machines Corp,IBM,VGRQXHF3J8VDLUA7XE92,51143,2013.0,Q3,2013-07-01,2013-09-30,2014-10-28 13:56:04+00:00,3.7,3.7,0.95,3.68,832000000.0,4041000000.0,4139000000.0,-98000000.0,4041000000.0,11908000000.0,23338000000.0,,,-63000000.0,1165000000.0,5260000000.0,11908000000.0,11429000000.0,97000000.0,6362000000.0,5067000000.0,-97000000.0,4972000000.0,23338000000.0,1092200000.0,1090900000.0,1098800000.0
International Business Machines Corp,IBM,VGRQXHF3J8VDLUA7XE92,51143,2013.0,Q2YTD,2013-01-01,2013-06-30,,5.65,5.65,1.8,5.61,1492000000.0,6258000000.0,6258000000.0,,6258000000.0,25522000000.0,48332000000.0,,,-151000000.0,2762000000.0,12257000000.0,25522000000.0,22810000000.0,192000000.0,14868000000.0,7942000000.0,-192000000.0,7750000000.0,48332000000.0,1101000000.0,1100900000.0,1109400000.0
International Business Machines Corp,IBM,VGRQXHF3J8VDLUA7XE92,51143,2013.0,Q2TTM,2012-07-01,2013-06-30,,14.15,14.15,0.2,14.03,4984000000.0,15915000000.0,16309000000.0,-395000000.0,15915000000.0,50979000000.0,100751000000.0,,,-804000000.0,4860000000.0,23997000000.0,50978000000.0,49772000000.0,424000000.0,28053000000.0,21719000000.0,-424000000.0,21293000000.0,100750000000.0,1101000000.0,1100900000.0,1109400000.0
International Business Machines Corp,IBM,VGRQXHF3J8VDLUA7XE92,51143,2013.0,Q2,2013-04-01,2013-06-30,2014-07-29 14:48:12+00:00,2.93,2.93,0.95,2.91,918000000.0,3226000000.0,3226000000.0,,3226000000.0,12792000000.0,24924000000.0,,,-91000000.0,1301000000.0,6680000000.0,12792000000.0,12132000000.0,98000000.0,7890000000.0,4242000000.0,-98000000.0,4144000000.0,24924000000.0,1101000000.0,1100900000.0,1109400000.0
International Business Machines Corp,IBM,VGRQXHF3J8VDLUA7XE92,51143,2013.0,Q1TTM,2012-04-01,2013-03-31,,14.6,14.6,0.1,14.46,5346000000.0,16570000000.0,16964000000.0,-395000000.0,16570000000.0,51689000000.0,101609000000.0,,,-845000000.0,4857000000.0,23154000000.0,51688000000.0,49921000000.0,443000000.0,27166000000.0,22755000000.0,-443000000.0,22310000000.0,101609000000.0,1114700000.0,1113700000.0,1124000000.0
International Business Machines Corp,IBM,VGRQXHF3J8VDLUA7XE92,51143,2013.0,Q1,2013-01-01,2013-03-31,2014-04-29 15:11:36+00:00,2.72,2.72,0.85,2.7,574000000.0,3032000000.0,3032000000.0,,3032000000.0,12730000000.0,23408000000.0,,,-60000000.0,1461000000.0,5577000000.0,12730000000.0,10678000000.0,94000000.0,6978000000.0,3700000000.0,-94000000.0,3606000000.0,23408000000.0,1114700000.0,1113700000.0,1124000000.0
International Business Machines Corp,IBM,VGRQXHF3J8VDLUA7XE92,51143,2014.0,FY,2014-01-01,2014-12-31,2017-02-28 16:23:36+00:00,11.97,11.97,,11.9,4234000000.0,12022000000.0,15751000000.0,-3729000000.0,12022000000.0,46386000000.0,92793000000.0,,,-1938000000.0,4695000000.0,23180000000.0,46386000000.0,46407000000.0,484000000.0,25937000000.0,20470000000.0,-484000000.0,19986000000.0,92793000000.0,1004300000.0,1004272584.0,1010000480.0
International Business Machines Corp,IBM,VGRQXHF3J8VDLUA7XE92,51143,2014.0,Q4,2014-10-01,2014-12-31,,5.51,5.51,-3.15,5.47,1579000000.0,5483000000.0,5515000000.0,-31000000.0,5483000000.0,11251000000.0,24114000000.0,,,-1506000000.0,1121000000.0,6034000000.0,11252000000.0,12862000000.0,117000000.0,5649000000.0,7213000000.0,-117000000.0,7094000000.0,24114000000.0,1004300000.0,1004272584.0,1010000480.0
International Business Machines Corp,IBM,VGRQXHF3J8VDLUA7XE92,51143,2014.0,Q3,2014-07-01,2014-09-30,2015-10-27 13:36:47+00:00,0.02,0.02,1.1,0.02,906000000.0,18000000.0,3455000000.0,-3437000000.0,18000000.0,11523000000.0,22397000000.0,,,-103000000.0,1209000000.0,5281000000.0,11523000000.0,10874000000.0,126000000.0,6387000000.0,4487000000.0,-126000000.0,4361000000.0,22397000000.0,900000000.0,991800000.0,997700000.0
International Business Machines Corp,IBM,VGRQXHF3J8VDLUA7XE92,51143,2014.0,Q3YTD,2014-01-01,2014-09-30,,6.46,6.46,3.15,6.43,2655000000.0,6539000000.0,10236000000.0,-3698000000.0,6539000000.0,35135000000.0,68679000000.0,,,-432000000.0,3574000000.0,17146000000.0,35134000000.0,33545000000.0,367000000.0,20288000000.0,13257000000.0,-367000000.0,12892000000.0,68679000000.0,900000000.0,991800000.0,997700000.0
International Business Machines Corp,IBM,VGRQXHF3J8VDLUA7XE92,51143,2014.0,Q3TTM,2013-10-01,2014-09-30,,12.17,12.17,0.4,12.08,3694000000.0,12723000000.0,16720000000.0,-3998000000.0,12723000000.0,47388000000.0,95377000000.0,,,-551000000.0,4568000000.0,23080000000.0,47387000000.0,47991000000.0,480000000.0,27097000000.0,20894000000.0,-480000000.0,20414000000.0,95377000000.0,900000000.0,991800000.0,997700000.0
International Business Machines Corp,IBM,VGRQXHF3J8VDLUA7XE92,51143,2014.0,Q2YTD,2014-01-01,2014-06-30,,6.44,6.44,2.05,6.41,1749000000.0,6521000000.0,6781000000.0,-261000000.0,6521000000.0,23612000000.0,46282000000.0,,,-329000000.0,2365000000.0,11865000000.0,23611000000.0,22671000000.0,241000000.0,13901000000.0,8770000000.0,-241000000.0,8531000000.0,46282000000.0,999300000.0,999600000.0,1005100000.0
International Business Machines Corp,IBM,VGRQXHF3J8VDLUA7XE92,51143,2014.0,Q2TTM,2013-07-01,2014-06-30,,15.85,15.85,0.25,15.74,3620000000.0,16746000000.0,17404000000.0,-659000000.0,16746000000.0,47773000000.0,96318000000.0,,,-511000000.0,4524000000.0,23059000000.0,47772000000.0,48546000000.0,451000000.0,27072000000.0,21474000000.0,-451000000.0,21025000000.0,96318000000.0,999300000.0,999600000.0,1005100000.0
International Business Machines Corp,IBM,VGRQXHF3J8VDLUA7XE92,51143,2014.0,Q2,2014-04-01,2014-06-30,2015-07-28 14:32:26+00:00,4.14,4.14,1.1,4.12,1096000000.0,4137000000.0,4251000000.0,-115000000.0,4137000000.0,12004000000.0,24047000000.0,,,-202000000.0,1170000000.0,5593000000.0,12003000000.0,12044000000.0,136000000.0,6561000000.0,5483000000.0,-136000000.0,5348000000.0,24047000000.0,999300000.0,999600000.0,1005100000.0
International Business Machines Corp,IBM,VGRQXHF3J8VDLUA7XE92,51143,2014.0,Q1TTM,2013-04-01,2014-03-31,,14.64,14.64,0.1,14.53,3442000000.0,15835000000.0,16379000000.0,-544000000.0,15835000000.0,48561000000.0,97195000000.0,,,-400000000.0,4655000000.0,24146000000.0,48561000000.0,48634000000.0,413000000.0,28401000000.0,20233000000.0,-413000000.0,19821000000.0,97195000000.0,1036500000.0,1035200000.0,1041800000.0
International Business Machines Corp,IBM,VGRQXHF3J8VDLUA7XE92,51143,2014.0,Q1,2014-01-01,2014-03-31,2015-04-28 14:22:44+00:00,2.3,2.3,0.95,2.29,653000000.0,2384000000.0,2530000000.0,-146000000.0,2384000000.0,11608000000.0,22235000000.0,,,-127000000.0,1195000000.0,6272000000.0,11608000000.0,10627000000.0,105000000.0,7340000000.0,3287000000.0,-105000000.0,3183000000.0,22235000000.0,1036500000.0,1035200000.0,1041800000.0
International Business Machines Corp,IBM,VGRQXHF3J8VDLUA7XE92,51143,2015.0,FY,2015-01-01,2015-12-31,2018-02-27 17:13:57+00:00,13.48,13.48,,13.42,2581000000.0,13190000000.0,13364000000.0,-174000000.0,13190000000.0,41057000000.0,81742000000.0,,,-724000000.0,4565000000.0,20430000000.0,41057000000.0,40685000000.0,468000000.0,24271000000.0,16414000000.0,-468000000.0,15945000000.0,81742000000.0,978500000.0,978744523.0,982700267.0
International Business Machines Corp,IBM,VGRQXHF3J8VDLUA7XE92,51143,2015.0,Q4,2015-10-01,2015-12-31,,4.58,4.58,-3.7,4.56,639000000.0,4463000000.0,4461000000.0,3000000.0,4463000000.0,10652000000.0,22058000000.0,,,-147000000.0,1169000000.0,5158000000.0,10652000000.0,11406000000.0,128000000.0,6180000000.0,5226000000.0,-128000000.0,5099000000.0,22058000000.0,978500000.0,978744523.0,982700267.0
International Business Machines Corp,IBM,VGRQXHF3J8VDLUA7XE92,51143,2015.0,Q3,2015-07-01,2015-09-30,2016-10-25 16:12:03+00:00,3.03,3.03,1.3,3.01,659000000.0,2950000000.0,2962000000.0,-12000000.0,2950000000.0,9844000000.0,19280000000.0,,,-133000000.0,1099000000.0,4731000000.0,9844000000.0,9436000000.0,117000000.0,5697000000.0,3739000000.0,-117000000.0,3621000000.0,19280000000.0,973600000.0,975100000.0,979000000.0
International Business Machines Corp,IBM,VGRQXHF3J8VDLUA7XE92,51143,2015.0,Q3YTD,2015-01-01,2015-09-30,,8.9,8.9,3.7,8.86,1942000000.0,8727000000.0,8903000000.0,-177000000.0,8727000000.0,30405000000.0,59684000000.0,,,-577000000.0,3396000000.0,15272000000.0,30405000000.0,29279000000.0,340000000.0,18091000000.0,11188000000.0,-340000000.0,10846000000.0,59684000000.0,973600000.0,975100000.0,979000000.0
International Business Machines Corp,IBM,VGRQXHF3J8VDLUA7XE92,51143,2015.0,Q3TTM,2014-10-01,2015-09-30,,14.41,14.41,0.55,14.33,3521000000.0,14210000000.0,14418000000.0,-208000000.0,14210000000.0,41656000000.0,83798000000.0,,,-2083000000.0,4517000000.0,21306000000.0,41657000000.0,42141000000.0,457000000.0,23740000000.0,18401000000.0,-457000000.0,17940000000.0,83798000000.0,973600000.0,975100000.0,979000000.0
International Business Machines Corp,IBM,VGRQXHF3J8VDLUA7XE92,51143,2015.0,Q2,2015-04-01,2015-06-30,2016-07-26 16:17:42+00:00,3.51,3.51,1.3,3.5,698000000.0,3449000000.0,3526000000.0,-77000000.0,3449000000.0,10423000000.0,20814000000.0,,,-301000000.0,1172000000.0,5179000000.0,10423000000.0,10391000000.0,115000000.0,6050000000.0,4341000000.0,-115000000.0,4224000000.0,20814000000.0,982600000.0,982300000.0,986700000.0
International Business Machines Corp,IBM,VGRQXHF3J8VDLUA7XE92,51143,2015.0,Q2YTD,2015-01-01,2015-06-30,,5.87,5.87,2.4,5.85,1283000000.0,5777000000.0,5941000000.0,-165000000.0,5777000000.0,20561000000.0,40404000000.0,,,-444000000.0,2297000000.0,10541000000.0,20561000000.0,19843000000.0,223000000.0,12394000000.0,7449000000.0,-223000000.0,7225000000.0,40404000000.0,982600000.0,982300000.0,986700000.0
International Business Machines Corp,IBM,VGRQXHF3J8VDLUA7XE92,51143,2015.0,Q2TTM,2014-07-01,2015-06-30,,11.4,11.4,0.35,11.34,3768000000.0,11278000000.0,14911000000.0,-3633000000.0,11278000000.0,43335000000.0,86915000000.0,,,-2053000000.0,4627000000.0,21856000000.0,43336000000.0,43579000000.0,466000000.0,24430000000.0,19149000000.0,-466000000.0,18680000000.0,86915000000.0,982600000.0,982300000.0,986700000.0
International Business Machines Corp,IBM,VGRQXHF3J8VDLUA7XE92,51143,2015.0,Q1,2015-01-01,2015-03-31,2016-04-26 16:09:37+00:00,2.36,2.36,1.1,2.35,585000000.0,2328000000.0,2415000000.0,-88000000.0,2328000000.0,10138000000.0,19590000000.0,,,-143000000.0,1125000000.0,5362000000.0,10138000000.0,9452000000.0,108000000.0,6344000000.0,3108000000.0,-108000000.0,3001000000.0,19590000000.0,986400000.0,988100000.0,992300000.0
International Business Machines Corp,IBM,VGRQXHF3J8VDLUA7XE92,51143,2015.0,Q1TTM,2014-04-01,2015-03-31,,12.03,12.03,0.15,11.96,4166000000.0,11966000000.0,15636000000.0,-3671000000.0,11966000000.0,44916000000.0,90148000000.0,,,-1954000000.0,4625000000.0,22270000000.0,44916000000.0,45232000000.0,487000000.0,24941000000.0,20291000000.0,-487000000.0,19804000000.0,90148000000.0,986400000.0,988100000.0,992300000.0
International Business Machines Corp,IBM,VGRQXHF3J8VDLUA7XE92,51143,2016.0,FY,2016-01-01,2016-12-31,2019-02-26 16:27:59+00:00,12.43,12.43,5.5,12.38,449000000.0,11872000000.0,11881000000.0,-9000000.0,11872000000.0,41403000000.0,79919000000.0,,,593000000.0,4095000000.0,20869000000.0,41403000000.0,38516000000.0,630000000.0,25557000000.0,12959000000.0,-630000000.0,12330000000.0,79919000000.0,955100000.0,955422530.0,958714097.0
International Business Machines Corp,IBM,VGRQXHF3J8VDLUA7XE92,51143,2016.0,Q4,2016-10-01,2016-12-31,,4.73,4.73,1.4,4.7,479000000.0,4501000000.0,4506000000.0,-5000000.0,4501000000.0,10656000000.0,21769000000.0,,,311000000.0,885000000.0,4776000000.0,10655000000.0,11114000000.0,158000000.0,5972000000.0,5142000000.0,-158000000.0,4984000000.0,21769000000.0,955100000.0,955422530.0,958714097.0
International Business Machines Corp,IBM,VGRQXHF3J8VDLUA7XE92,51143,2016.0,Q3,2016-07-01,2016-09-30,2017-10-31 16:15:02+00:00,2.99,2.99,1.4,2.98,409000000.0,2853000000.0,2854000000.0,-1000000.0,2853000000.0,10213000000.0,19227000000.0,,,-8000000.0,869000000.0,4732000000.0,10213000000.0,9014000000.0,158000000.0,5593000000.0,3421000000.0,-158000000.0,3263000000.0,19227000000.0,954200000.0,953995828.0,957317284.0
International Business Machines Corp,IBM,VGRQXHF3J8VDLUA7XE92,51143,2016.0,Q3YTD,2016-01-01,2016-09-30,,7.7,7.7,4.1,7.68,-30000000.0,7371000000.0,7375000000.0,-4000000.0,7371000000.0,30747000000.0,58150000000.0,,,282000000.0,3210000000.0,16093000000.0,30748000000.0,27402000000.0,472000000.0,19585000000.0,7817000000.0,-472000000.0,7346000000.0,58150000000.0,954200000.0,953995828.0,957317284.0
International Business Machines Corp,IBM,VGRQXHF3J8VDLUA7XE92,51143,2016.0,Q3TTM,2015-10-01,2016-09-30,,12.28,12.28,0.4,12.24,609000000.0,11834000000.0,11836000000.0,-1000000.0,11834000000.0,41399000000.0,80208000000.0,,,135000000.0,4379000000.0,21251000000.0,41400000000.0,38808000000.0,600000000.0,25765000000.0,13043000000.0,-600000000.0,12445000000.0,80208000000.0,954200000.0,953995828.0,957317284.0
International Business Machines Corp,IBM,VGRQXHF3J8VDLUA7XE92,51143,2016.0,Q2,2016-04-01,2016-06-30,2017-07-25 16:15:58+00:00,2.62,2.62,1.4,2.61,544000000.0,2504000000.0,2505000000.0,0.0,2504000000.0,10536000000.0,20239000000.0,,,37000000.0,1100000000.0,5349000000.0,10536000000.0,9703000000.0,167000000.0,6486000000.0,3217000000.0,-167000000.0,3049000000.0,20239000000.0,955700000.0,957400000.0,960500000.0
International Business Machines Corp,IBM,VGRQXHF3J8VDLUA7XE92,51143,2016.0,Q2YTD,2016-01-01,2016-06-30,,4.71,4.71,2.7,4.7,-439000000.0,4518000000.0,4521000000.0,-3000000.0,4518000000.0,20534000000.0,38923000000.0,,,290000000.0,2341000000.0,11361000000.0,20535000000.0,18388000000.0,314000000.0,13992000000.0,4396000000.0,-314000000.0,4083000000.0,38923000000.0,955700000.0,957400000.0,960500000.0
International Business Machines Corp,IBM,VGRQXHF3J8VDLUA7XE92,51143,2016.0,Q2TTM,2015-07-01,2016-06-30,,12.32,12.32,0.3,12.27,859000000.0,11931000000.0,11944000000.0,-12000000.0,11931000000.0,41030000000.0,80261000000.0,,,10000000.0,4609000000.0,21250000000.0,41031000000.0,39230000000.0,559000000.0,25869000000.0,13361000000.0,-559000000.0,12803000000.0,80261000000.0,955700000.0,957400000.0,960500000.0
International Business Machines Corp,IBM,VGRQXHF3J8VDLUA7XE92,51143,2016.0,Q1,2016-01-01,2016-03-31,2017-04-25 16:13:34+00:00,2.09,2.09,1.3,2.09,-983000000.0,2014000000.0,2016000000.0,-3000000.0,2014000000.0,9998000000.0,18684000000.0,,,253000000.0,1241000000.0,6012000000.0,9999000000.0,8685000000.0,147000000.0,7506000000.0,1179000000.0,-147000000.0,1034000000.0,18684000000.0,963600000.0,961700000.0,964400000.0
International Business Machines Corp,IBM,VGRQXHF3J8VDLUA7XE92,51143,2016.0,Q1TTM,2015-04-01,2016-03-31,,13.21,13.21,0.2,13.16,1013000000.0,12876000000.0,12965000000.0,-89000000.0,12876000000.0,40917000000.0,80836000000.0,,,-328000000.0,4681000000.0,21080000000.0,40918000000.0,39918000000.0,507000000.0,25433000000.0,14485000000.0,-507000000.0,13978000000.0,80836000000.0,963600000.0,961700000.0,964400000.0
International Business Machines Corp,IBM,VGRQXHF3J8VDLUA7XE92,51143,2017.0,FY,2017-01-01,2017-12-31,2020-02-25 16:54:20+00:00,6.17,6.17,5.9,6.14,5642000000.0,5753000000.0,5758000000.0,-5000000.0,5753000000.0,42196000000.0,79139000000.0,,,1126000000.0,4124000000.0,19680000000.0,42196000000.0,36943000000.0,615000000.0,24930000000.0,12013000000.0,-615000000.0,11400000000.0,79139000000.0,932400000.0,932828295.0,937385625.0
International Business Machines Corp,IBM,VGRQXHF3J8VDLUA7XE92,51143,2017.0,Q4,2017-10-01,2017-12-31,,0.13,-1.11,-4.4,-1.11,5521000000.0,-1054000000.0,-1053000000.0,-1000000.0,-1054000000.0,11492000000.0,22542000000.0,,,375000000.0,1031000000.0,5014000000.0,11492000000.0,11050000000.0,165000000.0,6420000000.0,4630000000.0,-165000000.0,4468000000.0,22542000000.0,932400000.0,932828295.0,937385625.0
International Business Machines Corp,IBM,VGRQXHF3J8VDLUA7XE92,51143,2017.0,Q3,2017-07-01,2017-09-30,2018-10-30 16:43:46+00:00,2.93,2.93,1.5,2.92,339000000.0,2726000000.0,2726000000.0,0.0,2726000000.0,10172000000.0,19153000000.0,,,159000000.0,983000000.0,4606000000.0,10172000000.0,8981000000.0,168000000.0,5748000000.0,3233000000.0,-168000000.0,3065000000.0,19153000000.0,930400000.0,929437441.0,933227429.0
International Business Machines Corp,IBM,VGRQXHF3J8VDLUA7XE92,51143,2017.0,Q3YTD,2017-01-01,2017-09-30,,6.04,7.28,4.4,7.25,121000000.0,6807000000.0,6811000000.0,-4000000.0,6807000000.0,30704000000.0,56597000000.0,,,751000000.0,3093000000.0,14666000000.0,30704000000.0,25893000000.0,450000000.0,18510000000.0,7383000000.0,-450000000.0,6932000000.0,56597000000.0,930400000.0,929437441.0,933227429.0
International Business Machines Corp,IBM,VGRQXHF3J8VDLUA7XE92,51143,2017.0,Q3TTM,2016-10-01,2017-09-30,,10.77,12.01,5.8,11.95,600000000.0,11308000000.0,11317000000.0,-9000000.0,11308000000.0,41360000000.0,78366000000.0,,,1062000000.0,3978000000.0,19442000000.0,41359000000.0,37007000000.0,608000000.0,24482000000.0,12525000000.0,-608000000.0,11916000000.0,78366000000.0,930400000.0,929437441.0,933227429.0
International Business Machines Corp,IBM,VGRQXHF3J8VDLUA7XE92,51143,2017.0,Q2,2017-04-01,2017-06-30,2018-07-31 16:10:57+00:00,2.49,2.49,1.5,2.48,111000000.0,2331000000.0,2332000000.0,-1000000.0,2331000000.0,10321000000.0,19289000000.0,,,273000000.0,1071000000.0,5033000000.0,10321000000.0,8968000000.0,147000000.0,6377000000.0,2591000000.0,-147000000.0,2443000000.0,19289000000.0,936100000.0,934923989.0,939564761.0
International Business Machines Corp,IBM,VGRQXHF3J8VDLUA7XE92,51143,2017.0,Q2YTD,2017-01-01,2017-06-30,,3.11,4.35,2.9,4.33,-218000000.0,4081000000.0,4085000000.0,-4000000.0,4081000000.0,20532000000.0,37444000000.0,,,592000000.0,2110000000.0,10060000000.0,20532000000.0,16912000000.0,282000000.0,12762000000.0,4150000000.0,-282000000.0,3867000000.0,37444000000.0,936100000.0,934923989.0,939564761.0
International Business Machines Corp,IBM,VGRQXHF3J8VDLUA7XE92,51143,2017.0,Q2TTM,2016-07-01,2017-06-30,,10.83,12.07,5.7,12.01,670000000.0,11435000000.0,11445000000.0,-10000000.0,11435000000.0,41401000000.0,78440000000.0,,,895000000.0,3864000000.0,19568000000.0,41400000000.0,37040000000.0,598000000.0,24327000000.0,12713000000.0,-598000000.0,12114000000.0,78440000000.0,936100000.0,934923989.0,939564761.0
International Business Machines Corp,IBM,VGRQXHF3J8VDLUA7XE92,51143,2017.0,Q1,2017-01-01,2017-03-31,2018-04-24 16:17:32+00:00,0.62,1.86,1.4,1.85,-329000000.0,1750000000.0,1753000000.0,-3000000.0,1750000000.0,10211000000.0,18155000000.0,,,319000000.0,1039000000.0,5027000000.0,10211000000.0,7944000000.0,135000000.0,6385000000.0,1559000000.0,-135000000.0,1424000000.0,18155000000.0,2822600000.0,942440901.0,947836207.0
International Business Machines Corp,IBM,VGRQXHF3J8VDLUA7XE92,51143,2017.0,Q1TTM,2016-04-01,2017-03-31,,10.96,12.2,5.6,12.14,1103000000.0,11608000000.0,11618000000.0,-9000000.0,11608000000.0,41616000000.0,79390000000.0,,,659000000.0,3893000000.0,19884000000.0,41615000000.0,37775000000.0,618000000.0,24436000000.0,13339000000.0,-618000000.0,12720000000.0,79390000000.0,2822600000.0,942440901.0,947836207.0
International Business Machines Corp,IBM,VGRQXHF3J8VDLUA7XE92,51143,2018.0,FY,2018-01-01,2018-12-31,2020-02-25 16:54:20+00:00,9.57,9.57,6.21,9.52,2619000000.0,8728000000.0,8723000000.0,5000000.0,8728000000.0,42655000000.0,79591000000.0,,,1152000000.0,4353000000.0,19366000000.0,42655000000.0,36936000000.0,723000000.0,24871000000.0,12065000000.0,-723000000.0,11342000000.0,79591000000.0,912000000.0,912048072.0,916315714.0
International Business Machines Corp,IBM,VGRQXHF3J8VDLUA7XE92,51143,2018.0,Q4,2018-10-01,2018-12-31,,2.17,2.17,-4.64,2.16,2482000000.0,1951000000.0,1954000000.0,-2000000.0,1951000000.0,11073000000.0,21760000000.0,,,184000000.0,1174000000.0,4701000000.0,11073000000.0,10687000000.0,194000000.0,6059000000.0,4628000000.0,-194000000.0,4434000000.0,21760000000.0,912000000.0,912048072.0,916315714.0
International Business Machines Corp,IBM,VGRQXHF3J8VDLUA7XE92,51143,2018.0,Q3,2018-07-01,2018-09-30,2019-10-29 19:37:08+00:00,2.95,2.95,1.57,2.94,304000000.0,2694000000.0,2692000000.0,2000000.0,2694000000.0,9952000000.0,18756000000.0,,,275000000.0,977000000.0,4363000000.0,9953000000.0,8803000000.0,191000000.0,5615000000.0,3188000000.0,-191000000.0,2996000000.0,18756000000.0,913200000.0,911152848.0,915212631.0
International Business Machines Corp,IBM,VGRQXHF3J8VDLUA7XE92,51143,2018.0,Q3YTD,2018-01-01,2018-09-30,,7.4,7.4,4.64,7.36,137000000.0,6777000000.0,6769000000.0,7000000.0,6777000000.0,31582000000.0,57831000000.0,,,968000000.0,3179000000.0,14665000000.0,31582000000.0,26249000000.0,529000000.0,18812000000.0,7437000000.0,-529000000.0,6908000000.0,57831000000.0,913200000.0,911152848.0,915212631.0
International Business Machines Corp,IBM,VGRQXHF3J8VDLUA7XE92,51143,2018.0,Q3TTM,2017-10-01,2018-09-30,,7.53,6.29,0.24,6.25,5658000000.0,5723000000.0,5716000000.0,6000000.0,5723000000.0,43074000000.0,80373000000.0,,,1343000000.0,4210000000.0,19679000000.0,43074000000.0,37299000000.0,694000000.0,25232000000.0,12067000000.0,-694000000.0,11376000000.0,80373000000.0,913200000.0,911152848.0,915212631.0
International Business Machines Corp,IBM,VGRQXHF3J8VDLUA7XE92,51143,2018.0,Q2,2018-04-01,2018-06-30,2019-07-30 16:26:01+00:00,2.63,2.63,1.57,2.61,373000000.0,2404000000.0,2402000000.0,1000000.0,2404000000.0,10804000000.0,20003000000.0,,,280000000.0,1114000000.0,4857000000.0,10804000000.0,9199000000.0,173000000.0,6251000000.0,2948000000.0,-173000000.0,2776000000.0,20003000000.0,914100000.0,915064434.0,919398606.0
International Business Machines Corp,IBM,VGRQXHF3J8VDLUA7XE92,51143,2018.0,Q2YTD,2018-01-01,2018-06-30,,4.45,4.45,3.07,4.42,-167000000.0,4083000000.0,4077000000.0,5000000.0,4083000000.0,21630000000.0,39075000000.0,,,693000000.0,2202000000.0,10302000000.0,21629000000.0,17446000000.0,338000000.0,13197000000.0,4249000000.0,-338000000.0,3912000000.0,39075000000.0,914100000.0,915064434.0,919398606.0
International Business Machines Corp,IBM,VGRQXHF3J8VDLUA7XE92,51143,2018.0,Q2TTM,2017-07-01,2018-06-30,,7.51,6.27,0.17,6.23,5693000000.0,5755000000.0,5750000000.0,4000000.0,5755000000.0,43294000000.0,80770000000.0,,,1227000000.0,4216000000.0,19922000000.0,43293000000.0,37477000000.0,671000000.0,25365000000.0,12112000000.0,-671000000.0,11445000000.0,80770000000.0,914100000.0,915064434.0,919398606.0
International Business Machines Corp,IBM,VGRQXHF3J8VDLUA7XE92,51143,2018.0,Q1,2018-01-01,2018-03-31,2019-04-30 16:21:56+00:00,1.82,1.82,1.5,1.81,-540000000.0,1679000000.0,1675000000.0,4000000.0,1679000000.0,10826000000.0,19072000000.0,,,413000000.0,1088000000.0,5445000000.0,10825000000.0,8247000000.0,165000000.0,6946000000.0,1301000000.0,-165000000.0,1136000000.0,19072000000.0,922500000.0,920680222.0,925409434.0
International Business Machines Corp,IBM,VGRQXHF3J8VDLUA7XE92,51143,2018.0,Q1TTM,2017-04-01,2018-03-31,,7.37,6.13,0.1,6.1,5431000000.0,5682000000.0,5680000000.0,2000000.0,5682000000.0,42811000000.0,80056000000.0,,,1220000000.0,4173000000.0,20098000000.0,42810000000.0,37246000000.0,645000000.0,25491000000.0,11755000000.0,-645000000.0,11112000000.0,80056000000.0,922500000.0,920680222.0,925409434.0
International Business Machines Corp,IBM,VGRQXHF3J8VDLUA7XE92,51143,2019.0,FY,2019-01-01,2019-12-31,2020-02-25 16:54:20+00:00,10.63,10.63,6.43,10.56,731000000.0,9431000000.0,9435000000.0,-4000000.0,9431000000.0,40659000000.0,77147000000.0,,,-969000000.0,5341000000.0,20604000000.0,40659000000.0,36488000000.0,1344000000.0,24976000000.0,11512000000.0,-1344000000.0,10166000000.0,77147000000.0,887200000.0,887235105.0,892813376.0
International Business Machines Corp,IBM,VGRQXHF3J8VDLUA7XE92,51143,2019.0,Q4,2019-10-01,2019-12-31,,4.13,4.13,-4.81,4.1,324000000.0,3670000000.0,3670000000.0,,3670000000.0,10677000000.0,21776000000.0,,,-118000000.0,1437000000.0,5433000000.0,10677000000.0,11099000000.0,354000000.0,6752000000.0,4347000000.0,-354000000.0,3993000000.0,21776000000.0,887200000.0,887235105.0,892813376.0
International Business Machines Corp,IBM,VGRQXHF3J8VDLUA7XE92,51143,2019.0,Q3YTD,2019-01-01,2019-09-30,,6.5,6.5,4.81,6.46,407000000.0,5761000000.0,5765000000.0,-4000000.0,5761000000.0,29982000000.0,55371000000.0,,,-851000000.0,3904000000.0,15171000000.0,29982000000.0,25389000000.0,990000000.0,18224000000.0,7165000000.0,-990000000.0,6173000000.0,55371000000.0,884700000.0,886018372.0,892839745.0
International Business Machines Corp,IBM,VGRQXHF3J8VDLUA7XE92,51143,2019.0,Q3TTM,2018-10-01,2019-09-30,,8.67,8.67,0.17,8.62,2889000000.0,7712000000.0,7719000000.0,-6000000.0,7712000000.0,41055000000.0,77131000000.0,,,-667000000.0,5078000000.0,19872000000.0,41055000000.0,36076000000.0,1184000000.0,24283000000.0,11793000000.0,-1184000000.0,10607000000.0,77131000000.0,884700000.0,886018372.0,892839745.0
International Business Machines Corp,IBM,VGRQXHF3J8VDLUA7XE92,51143,2019.0,Q3,2019-07-01,2019-09-30,2019-10-29 19:37:08+00:00,1.89,1.89,1.62,1.87,-151000000.0,1672000000.0,1673000000.0,-1000000.0,1672000000.0,9692000000.0,18028000000.0,,,-31000000.0,1387000000.0,5024000000.0,9692000000.0,8336000000.0,432000000.0,6380000000.0,1956000000.0,-432000000.0,1522000000.0,18028000000.0,884700000.0,886018372.0,892839745.0
International Business Machines Corp,IBM,VGRQXHF3J8VDLUA7XE92,51143,2019.0,Q2YTD,2019-01-01,2019-06-30,,4.61,4.61,3.19,4.59,558000000.0,4089000000.0,4092000000.0,-3000000.0,4089000000.0,20290000000.0,37343000000.0,,,-820000000.0,2517000000.0,10147000000.0,20290000000.0,17053000000.0,558000000.0,11844000000.0,5209000000.0,-558000000.0,4651000000.0,37343000000.0,885800000.0,886273682.0,890831801.0
International Business Machines Corp,IBM,VGRQXHF3J8VDLUA7XE92,51143,2019.0,Q2TTM,2018-07-01,2019-06-30,,9.73,9.73,0.12,9.69,3344000000.0,8734000000.0,8738000000.0,-3000000.0,8734000000.0,41315000000.0,77859000000.0,,,-361000000.0,4668000000.0,19211000000.0,41316000000.0,36543000000.0,943000000.0,23518000000.0,13025000000.0,-943000000.0,12081000000.0,77859000000.0,885800000.0,886273682.0,890831801.0
International Business Machines Corp,IBM,VGRQXHF3J8VDLUA7XE92,51143,2019.0,Q2,2019-04-01,2019-06-30,2019-07-30 16:26:01+00:00,2.82,2.82,1.62,2.81,269000000.0,2498000000.0,2499000000.0,-1000000.0,2498000000.0,10151000000.0,19161000000.0,,,-747000000.0,1185000000.0,5456000000.0,10151000000.0,9010000000.0,348000000.0,5894000000.0,3116000000.0,-348000000.0,2768000000.0,19161000000.0,885800000.0,886273682.0,890831801.0
International Business Machines Corp,IBM,VGRQXHF3J8VDLUA7XE92,51143,2019.0,Q1,2019-01-01,2019-03-31,2020-04-28 16:24:43+00:00,1.79,1.79,1.57,1.78,289000000.0,1591000000.0,1593000000.0,-2000000.0,1591000000.0,10139000000.0,18182000000.0,,,-73000000.0,1332000000.0,4691000000.0,10139000000.0,8043000000.0,210000000.0,5950000000.0,2093000000.0,-210000000.0,1883000000.0,18182000000.0,888800000.0,889600000.0,893900000.0
International Business Machines Corp,IBM,VGRQXHF3J8VDLUA7XE92,51143,2019.0,Q1TTM,2018-04-01,2019-03-31,,9.54,9.54,0.07,9.49,3448000000.0,8640000000.0,8641000000.0,-1000000.0,8640000000.0,41968000000.0,78701000000.0,,,666000000.0,4597000000.0,18612000000.0,41969000000.0,36732000000.0,768000000.0,23875000000.0,12857000000.0,-768000000.0,12089000000.0,78701000000.0,888800000.0,889600000.0,893900000.0
International Business Machines Corp,IBM,VGRQXHF3J8VDLUA7XE92,51143,2020.0,Q1TTM,2019-04-01,2020-03-31,,10.16,10.16,0.05,10.09,-784000000.0,9015000000.0,9018000000.0,-2000000.0,9015000000.0,40169000000.0,76536000000.0,,1000000.0,-714000000.0,5518000000.0,21868000000.0,40169000000.0,36367000000.0,1460000000.0,26672000000.0,9695000000.0,-1459000000.0,8234000000.0,76536000000.0,890200000.0,888000000.0,895000000.0
International Business Machines Corp,IBM,VGRQXHF3J8VDLUA7XE92,51143,2020.0,Q1,2020-01-01,2020-03-31,2020-04-28 16:24:43+00:00,1.32,1.32,1.62,1.31,-1226000000.0,1175000000.0,1176000000.0,,1175000000.0,9649000000.0,17571000000.0,,1000000.0,182000000.0,1509000000.0,5955000000.0,9649000000.0,7922000000.0,326000000.0,7646000000.0,276000000.0,-325000000.0,-49000000.0,17571000000.0,890200000.0,888000000.0,895000000.0
