company_name,company_ticker,company_lei,company_cik,year,quarter,start_date,end_date,filing_date,amortizationexpense,basicdilutedeps,basiceps,cashdividendspershare,dilutedeps,incometaxexpense,marketingexpense,netincome,netincomecontinuing,netincometocommon,netincometononcontrollinginterest,operatingcostofrevenue,operatingrevenue,otherincome,otheroperatingexpenses,rdexpense,restructuringcharge,sgaexpense,totalcostofrevenue,totalgrossprofit,totalinterestexpense,totalinterestincome,totaloperatingexpenses,totaloperatingincome,totalotherincome,totalpretaxincome,totalrevenue,weightedavebasicdilutedsharesos,weightedavebasicsharesos,weightedavedilutedsharesos
Hasbro Inc,HAS,549300NUB6D2R1ITYR45,46080,2008.0,FY,2007-12-31,2008-12-28,2011-02-23 16:01:43+00:00,78265000.0,2.18,2.18,0.8,2.0,134289000.0,454612000.0,306766000.0,306766000.0,306766000.0,,2005714000.0,4021520000.0,-23752000.0,,191424000.0,,797209000.0,2005714000.0,2015806000.0,47143000.0,17654000.0,1521510000.0,494296000.0,-53241000.0,441055000.0,4021520000.0,140700000.0,140700000.0,153400000.0
Hasbro Inc,HAS,549300NUB6D2R1ITYR45,46080,2009.0,FY,2008-12-29,2009-12-27,2012-02-22 16:32:32+00:00,85029000.0,2.69,2.69,0.8,2.48,154767000.0,412580000.0,374930000.0,374930000.0,374930000.0,,2006987000.0,4067947000.0,-156000.0,,181195000.0,,793558000.0,2006987000.0,2060960000.0,61603000.0,2858000.0,1472362000.0,588598000.0,-58901000.0,529697000.0,4067947000.0,139487000.0,139487000.0,151200000.0
Hasbro Inc,HAS,549300NUB6D2R1ITYR45,46080,2009.0,Q3,2009-06-29,2009-09-27,2010-11-04 16:00:54+00:00,20955000.0,1.08,1.08,0.2,0.99,67497000.0,134950000.0,150362000.0,150362000.0,150362000.0,,649751000.0,1279221000.0,4315000.0,,43870000.0,,198986000.0,649751000.0,629470000.0,17609000.0,444000.0,398761000.0,230709000.0,-12850000.0,217859000.0,1279221000.0,139200000.0,139200000.0,151900000.0
Hasbro Inc,HAS,549300NUB6D2R1ITYR45,46080,2009.0,Q2,2009-03-30,2009-06-28,2010-07-30 11:31:46+00:00,18792000.0,0.28,0.28,0.2,0.26,17579000.0,81677000.0,39275000.0,39275000.0,39275000.0,,393278000.0,792202000.0,545000.0,,43529000.0,,181853000.0,393278000.0,398924000.0,17503000.0,739000.0,325851000.0,73073000.0,-16219000.0,56854000.0,792202000.0,140300000.0,140300000.0,151100000.0
Hasbro Inc,HAS,549300NUB6D2R1ITYR45,46080,2010.0,Q4,2010-09-27,2010-12-26,,29130000.0,1.01,1.01,0.25,0.96,33366000.0,143737000.0,140014000.0,140014000.0,140014000.0,,614572000.0,1278697000.0,-7802000.0,,61950000.0,,228259000.0,614572000.0,664125000.0,21741000.0,1874000.0,463076000.0,201049000.0,-27669000.0,173380000.0,1278697000.0,139079000.0,139079000.0,139079000.0
Hasbro Inc,HAS,549300NUB6D2R1ITYR45,46080,2010.0,FY,2009-12-28,2010-12-26,2013-02-27 16:15:01+00:00,72474000.0,2.86,2.86,1.0,2.74,109968000.0,420651000.0,397752000.0,397752000.0,397752000.0,,1938627000.0,4002161000.0,-3676000.0,,201358000.0,,781192000.0,1938627000.0,2063534000.0,82112000.0,5649000.0,1475675000.0,587859000.0,-80139000.0,507720000.0,4002161000.0,139079000.0,139079000.0,139079000.0
Hasbro Inc,HAS,549300NUB6D2R1ITYR45,46080,2010.0,Q3YTD,2009-12-28,2010-09-26,,43344000.0,1.85,1.85,0.75,1.78,76602000.0,276914000.0,257738000.0,257738000.0,257738000.0,,1324055000.0,2723464000.0,4126000.0,,139408000.0,,552933000.0,1324055000.0,1399409000.0,60371000.0,3775000.0,1012599000.0,386810000.0,-52470000.0,334340000.0,2723464000.0,138199000.0,138199000.0,138199000.0
Hasbro Inc,HAS,549300NUB6D2R1ITYR45,46080,2010.0,Q3,2010-06-28,2010-09-26,2011-11-02 16:39:31+00:00,20645000.0,1.12,1.12,0.25,1.09,63909000.0,133742000.0,155164000.0,155164000.0,155164000.0,,667220000.0,1313302000.0,2134000.0,,51618000.0,,202320000.0,667220000.0,646082000.0,21657000.0,839000.0,408325000.0,237757000.0,-18684000.0,219073000.0,1313302000.0,138199000.0,138199000.0,138199000.0
Hasbro Inc,HAS,549300NUB6D2R1ITYR45,46080,2010.0,Q2YTD,2009-12-28,2010-06-27,,22699000.0,0.73,0.73,0.5,0.69,12693000.0,143172000.0,102574000.0,102574000.0,102574000.0,,656835000.0,1410162000.0,1992000.0,,87790000.0,,350613000.0,656835000.0,753327000.0,38714000.0,2936000.0,604274000.0,149053000.0,-33786000.0,115267000.0,1410162000.0,143801000.0,143801000.0,143801000.0
Hasbro Inc,HAS,549300NUB6D2R1ITYR45,46080,2010.0,Q2,2010-03-29,2010-06-27,2011-07-29 14:47:05+00:00,11315000.0,0.3,0.3,0.25,0.29,17406000.0,71998000.0,43631000.0,43631000.0,43631000.0,,350374000.0,737791000.0,1127000.0,0.0,47466000.0,,176912000.0,350374000.0,387417000.0,21922000.0,2106000.0,307691000.0,79726000.0,-18689000.0,61037000.0,737791000.0,143801000.0,143801000.0,143801000.0
Hasbro Inc,HAS,549300NUB6D2R1ITYR45,46080,2010.0,Q1,2009-12-28,2010-03-28,2011-05-04 16:00:48+00:00,11384000.0,0.43,0.43,0.25,0.4,-4713000.0,71174000.0,58943000.0,58943000.0,58943000.0,,306461000.0,672371000.0,865000.0,0.0,40324000.0,,173701000.0,306461000.0,365910000.0,16792000.0,830000.0,296583000.0,69327000.0,-15097000.0,54230000.0,672371000.0,137100000.0,137100000.0,147400000.0
Hasbro Inc,HAS,549300NUB6D2R1ITYR45,46080,2011.0,Q4,2011-09-26,2011-12-25,,31985000.0,1.04,1.04,0.3,1.01,50014000.0,135248000.0,139130000.0,139130000.0,139130000.0,,696020000.0,1329338000.0,-6056000.0,,47351000.0,,202155000.0,696020000.0,633318000.0,22320000.0,941000.0,416739000.0,216579000.0,-27435000.0,189144000.0,1329338000.0,133823000.0,133823000.0,133823000.0
Hasbro Inc,HAS,549300NUB6D2R1ITYR45,46080,2011.0,FY,2010-12-27,2011-12-25,2014-02-26 16:34:45+00:00,82445000.0,2.88,2.88,1.2,2.82,101026000.0,413951000.0,385367000.0,385367000.0,385367000.0,0.0,2175480000.0,4285589000.0,-25400000.0,,197638000.0,,822094000.0,2175480000.0,2110109000.0,89022000.0,6834000.0,1516128000.0,593981000.0,-107588000.0,486393000.0,4285589000.0,133823000.0,133823000.0,133823000.0
Hasbro Inc,HAS,549300NUB6D2R1ITYR45,46080,2011.0,Q3YTD,2010-12-27,2011-09-25,,50460000.0,1.84,1.84,0.9,1.81,51012000.0,278703000.0,246237000.0,246237000.0,246237000.0,,1479460000.0,2956251000.0,-19344000.0,,150287000.0,,619939000.0,1479460000.0,1476791000.0,66702000.0,5893000.0,1099389000.0,377402000.0,-80153000.0,297249000.0,2956251000.0,132448000.0,132448000.0,132448000.0
Hasbro Inc,HAS,549300NUB6D2R1ITYR45,46080,2011.0,Q3TTM,2010-09-27,2011-09-25,,79590000.0,2.85,2.85,1.15,2.77,84378000.0,422440000.0,386251000.0,386251000.0,386251000.0,,2094032000.0,4234948000.0,-27146000.0,,212237000.0,,848198000.0,2094032000.0,2140916000.0,88443000.0,7767000.0,1562465000.0,578451000.0,-107822000.0,470629000.0,4234948000.0,132448000.0,132448000.0,132448000.0
Hasbro Inc,HAS,549300NUB6D2R1ITYR45,46080,2011.0,Q3,2011-06-27,2011-09-25,2012-11-07 16:30:53+00:00,18928000.0,1.29,1.29,0.3,1.27,50467000.0,130396000.0,170990000.0,170990000.0,170990000.0,,708781000.0,1375811000.0,-7153000.0,,49504000.0,,220130000.0,708781000.0,667030000.0,22479000.0,3017000.0,418958000.0,248072000.0,-26615000.0,221457000.0,1375811000.0,132448000.0,132448000.0,132448000.0
Hasbro Inc,HAS,549300NUB6D2R1ITYR45,46080,2011.0,Q2YTD,2010-12-27,2011-06-26,,31532000.0,0.55,0.55,0.6,0.54,545000.0,148307000.0,75247000.0,75247000.0,75247000.0,,770679000.0,1580440000.0,-12191000.0,,100783000.0,,399809000.0,770679000.0,809761000.0,44223000.0,2876000.0,680431000.0,129330000.0,-53538000.0,75792000.0,1580440000.0,136073000.0,136073000.0,136073000.0
Hasbro Inc,HAS,549300NUB6D2R1ITYR45,46080,2011.0,Q2TTM,2010-06-28,2011-06-26,,81307000.0,2.68,2.68,1.1,2.59,97820000.0,425786000.0,370425000.0,370425000.0,370425000.0,,2052471000.0,4172439000.0,-17859000.0,,214351000.0,,830388000.0,2052471000.0,2119968000.0,87621000.0,5589000.0,1551832000.0,568136000.0,-99891000.0,468245000.0,4172439000.0,136073000.0,136073000.0,136073000.0
Hasbro Inc,HAS,549300NUB6D2R1ITYR45,46080,2011.0,Q2,2011-03-28,2011-06-26,2012-08-03 08:30:16+00:00,17719000.0,0.43,0.43,0.3,0.42,-5097000.0,81770000.0,58051000.0,58051000.0,58051000.0,,460207000.0,908454000.0,-6069000.0,,54965000.0,,213386000.0,460207000.0,448247000.0,22848000.0,1464000.0,367840000.0,80407000.0,-27453000.0,52954000.0,908454000.0,136073000.0,136073000.0,136073000.0
Hasbro Inc,HAS,549300NUB6D2R1ITYR45,46080,2011.0,Q1TTM,2010-03-29,2011-03-27,,74903000.0,2.55,2.55,1.05,2.46,120323000.0,416014000.0,356005000.0,356005000.0,356005000.0,,1942638000.0,4001776000.0,-10663000.0,,206852000.0,,793914000.0,1942638000.0,2059138000.0,86695000.0,6231000.0,1491683000.0,567455000.0,-91127000.0,476328000.0,4001776000.0,137645000.0,137645000.0,137645000.0
Hasbro Inc,HAS,549300NUB6D2R1ITYR45,46080,2011.0,Q1,2010-12-27,2011-03-27,2012-05-10 17:28:40+00:00,13813000.0,0.12,0.12,0.3,0.12,5642000.0,66537000.0,17196000.0,17196000.0,17196000.0,,310472000.0,671986000.0,-6122000.0,,45818000.0,,186423000.0,310472000.0,361514000.0,21375000.0,1412000.0,312591000.0,48923000.0,-26085000.0,22838000.0,671986000.0,137645000.0,137645000.0,137645000.0
Hasbro Inc,HAS,549300NUB6D2R1ITYR45,46080,2012.0,Q4,2012-10-01,2012-12-30,,31627000.0,1.01,1.01,0.36,1.0,43361000.0,142900000.0,130299000.0,130299000.0,130299000.0,,605959000.0,1283529000.0,-4821000.0,,57686000.0,,245202000.0,605959000.0,677570000.0,22573000.0,899000.0,477415000.0,200155000.0,-26495000.0,173660000.0,1283529000.0,130067000.0,130067000.0,130067000.0
Hasbro Inc,HAS,549300NUB6D2R1ITYR45,46080,2012.0,FY,2011-12-26,2012-12-30,2015-02-26 13:01:24+00:00,92369000.0,2.58,2.58,1.44,2.55,117403000.0,422239000.0,335999000.0,335999000.0,335999000.0,0.0,1974046000.0,4088983000.0,-13575000.0,,201197000.0,,847347000.0,1974046000.0,2114937000.0,91141000.0,6333000.0,1563152000.0,551785000.0,-98383000.0,453402000.0,4088983000.0,130067000.0,130067000.0,130067000.0
Hasbro Inc,HAS,549300NUB6D2R1ITYR45,46080,2012.0,Q3YTD,2011-12-26,2012-09-30,,60742000.0,1.57,1.57,1.08,1.55,74042000.0,279339000.0,205700000.0,205700000.0,205700000.0,,1368087000.0,2805454000.0,-8754000.0,,143511000.0,,602145000.0,1368087000.0,1437367000.0,68568000.0,5434000.0,1085737000.0,351630000.0,-71888000.0,279742000.0,2805454000.0,130619000.0,130619000.0,130619000.0
Hasbro Inc,HAS,549300NUB6D2R1ITYR45,46080,2012.0,Q3TTM,2011-09-26,2012-09-30,,92727000.0,2.61,2.61,1.38,2.56,124056000.0,414587000.0,344830000.0,344830000.0,344830000.0,,2064107000.0,4134792000.0,-14810000.0,,190862000.0,,804300000.0,2064107000.0,2070685000.0,90888000.0,6375000.0,1502476000.0,568209000.0,-99323000.0,468886000.0,4134792000.0,130619000.0,130619000.0,130619000.0
Hasbro Inc,HAS,549300NUB6D2R1ITYR45,46080,2012.0,Q3,2012-07-02,2012-09-30,2013-11-05 16:35:49+00:00,25430000.0,1.26,1.26,0.36,1.24,60097000.0,134997000.0,164852000.0,164852000.0,164852000.0,0.0,675740000.0,1345137000.0,-2900000.0,,48472000.0,,210876000.0,675740000.0,669397000.0,23043000.0,1270000.0,419775000.0,249622000.0,-24673000.0,224949000.0,1345137000.0,130619000.0,130619000.0,130619000.0
Hasbro Inc,HAS,549300NUB6D2R1ITYR45,46080,2012.0,Q2YTD,2011-12-26,2012-07-01,,35312000.0,0.31,0.31,0.72,0.31,13945000.0,144342000.0,40848000.0,40848000.0,40848000.0,,692347000.0,1460317000.0,-5854000.0,,95039000.0,,391269000.0,692347000.0,767970000.0,45525000.0,4164000.0,665962000.0,102008000.0,-47215000.0,54793000.0,1460317000.0,130294000.0,130294000.0,130294000.0
Hasbro Inc,HAS,549300NUB6D2R1ITYR45,46080,2012.0,Q2TTM,2011-06-27,2012-07-01,,86225000.0,2.64,2.64,1.32,2.59,114426000.0,409986000.0,350968000.0,350968000.0,350968000.0,,2097148000.0,4165466000.0,-19063000.0,,191894000.0,,813554000.0,2097148000.0,2068318000.0,90324000.0,8122000.0,1501659000.0,566659000.0,-101265000.0,465394000.0,4165466000.0,130294000.0,130294000.0,130294000.0
Hasbro Inc,HAS,549300NUB6D2R1ITYR45,46080,2012.0,Q2,2012-04-02,2012-07-01,2013-07-31 08:53:56+00:00,21519000.0,0.33,0.33,0.36,0.33,16232000.0,79297000.0,43427000.0,43427000.0,43427000.0,,382877000.0,811467000.0,-5899000.0,,50113000.0,,191379000.0,382877000.0,428590000.0,22413000.0,1689000.0,342308000.0,86282000.0,-26623000.0,59659000.0,811467000.0,130294000.0,130294000.0,130294000.0
Hasbro Inc,HAS,549300NUB6D2R1ITYR45,46080,2012.0,Q1TTM,2011-03-28,2012-04-01,,82425000.0,2.74,2.74,1.26,2.68,93097000.0,412459000.0,365592000.0,365592000.0,365592000.0,,2174478000.0,4262453000.0,-19233000.0,,196746000.0,,835561000.0,2174478000.0,2087975000.0,90759000.0,7897000.0,1527191000.0,560784000.0,-102095000.0,458689000.0,4262453000.0,129000000.0,129000000.0,129000000.0
Hasbro Inc,HAS,549300NUB6D2R1ITYR45,46080,2012.0,Q1,2011-12-26,2012-04-01,2013-05-08 16:31:45+00:00,13793000.0,-0.02,-0.02,0.36,-0.02,-2287000.0,65045000.0,-2579000.0,-2579000.0,-2579000.0,,309470000.0,648850000.0,45000.0,,44926000.0,,199890000.0,309470000.0,339380000.0,23112000.0,2475000.0,323654000.0,15726000.0,-20592000.0,-4866000.0,648850000.0,129000000.0,129000000.0,129000000.0
Hasbro Inc,HAS,549300NUB6D2R1ITYR45,46080,2013.0,FY,2012-12-31,2013-12-29,2016-02-24 14:46:32+00:00,125876000.0,2.2,2.2,1.6,2.17,67894000.0,398098000.0,283928000.0,283928000.0,286198000.0,-2270000.0,2011820000.0,4082157000.0,-14611000.0,,207591000.0,,871679000.0,2011820000.0,2070337000.0,105585000.0,4925000.0,1603244000.0,467093000.0,-115271000.0,351822000.0,4082157000.0,131788000.0,130100000.0,131788000.0
Hasbro Inc,HAS,549300NUB6D2R1ITYR45,46080,2013.0,Q4,2013-09-30,2013-12-29,,54176000.0,1.0,1.0,0.4,0.98,33050000.0,120820000.0,128276000.0,128276000.0,129815000.0,-1539000.0,631528000.0,1281773000.0,-3845000.0,,53136000.0,,238441000.0,631528000.0,650245000.0,19187000.0,686000.0,466573000.0,183672000.0,-22346000.0,161326000.0,1281773000.0,131788000.0,130100000.0,131788000.0
Hasbro Inc,HAS,549300NUB6D2R1ITYR45,46080,2013.0,Q3YTD,2012-12-31,2013-09-29,,71700000.0,1.2,1.2,1.2,1.19,34844000.0,277278000.0,155652000.0,155652000.0,156383000.0,-731000.0,1380292000.0,2800384000.0,-10766000.0,,154455000.0,,633238000.0,1380292000.0,1420092000.0,86398000.0,4239000.0,1136671000.0,283421000.0,-92925000.0,190496000.0,2800384000.0,130253000.0,130253000.0,130253000.0
Hasbro Inc,HAS,549300NUB6D2R1ITYR45,46080,2013.0,Q3TTM,2012-10-01,2013-09-29,,103327000.0,2.21,2.21,1.56,2.19,78205000.0,420178000.0,285951000.0,285951000.0,286682000.0,-731000.0,1986251000.0,4083913000.0,-15587000.0,,212141000.0,,878440000.0,1986251000.0,2097662000.0,108971000.0,5138000.0,1614086000.0,483576000.0,-119420000.0,364156000.0,4083913000.0,130253000.0,130253000.0,130253000.0
Hasbro Inc,HAS,549300NUB6D2R1ITYR45,46080,2013.0,Q3,2013-07-01,2013-09-29,2014-11-05 16:16:51+00:00,32215000.0,0.97,0.97,0.4,0.96,30070000.0,136487000.0,125843000.0,125843000.0,126574000.0,-731000.0,712529000.0,1370348000.0,-2925000.0,,59366000.0,,231045000.0,712529000.0,657819000.0,41194000.0,1326000.0,459113000.0,198706000.0,-42793000.0,155913000.0,1370348000.0,130253000.0,130253000.0,130253000.0
Hasbro Inc,HAS,549300NUB6D2R1ITYR45,46080,2013.0,Q2YTD,2012-12-31,2013-06-30,,39485000.0,0.23,0.23,0.8,0.23,4774000.0,140791000.0,29809000.0,29809000.0,29809000.0,,667763000.0,1430036000.0,-7841000.0,,95089000.0,,402193000.0,667763000.0,762273000.0,45204000.0,2913000.0,677558000.0,84715000.0,-50132000.0,34583000.0,1430036000.0,130323000.0,130323000.0,130323000.0
Hasbro Inc,HAS,549300NUB6D2R1ITYR45,46080,2013.0,Q2TTM,2012-07-02,2013-06-30,,96542000.0,2.5,2.5,1.52,2.47,108232000.0,418688000.0,324960000.0,324960000.0,324960000.0,,1949462000.0,4058702000.0,-15562000.0,,201247000.0,,858271000.0,1949462000.0,2109240000.0,90820000.0,5082000.0,1574748000.0,534492000.0,-101300000.0,433192000.0,4058702000.0,130323000.0,130323000.0,130323000.0
Hasbro Inc,HAS,549300NUB6D2R1ITYR45,46080,2013.0,Q2,2013-04-01,2013-06-30,2014-07-31 16:01:03+00:00,22346000.0,0.28,0.28,0.4,0.28,14596000.0,73657000.0,36480000.0,36480000.0,36480000.0,0.0,350799000.0,766342000.0,-2219000.0,,47904000.0,,197548000.0,350799000.0,415543000.0,22225000.0,1432000.0,341455000.0,74088000.0,-23012000.0,51076000.0,766342000.0,130323000.0,130323000.0,130323000.0
Hasbro Inc,HAS,549300NUB6D2R1ITYR45,46080,2013.0,Q1TTM,2012-04-02,2013-03-31,,95715000.0,2.55,2.55,1.48,2.52,109868000.0,424328000.0,331907000.0,331907000.0,331907000.0,,1981540000.0,4103827000.0,-19242000.0,,203456000.0,,852102000.0,1981540000.0,2122287000.0,91008000.0,5339000.0,1575601000.0,546686000.0,-104911000.0,441775000.0,4103827000.0,129340000.0,129340000.0,129340000.0
Hasbro Inc,HAS,549300NUB6D2R1ITYR45,46080,2013.0,Q1,2012-12-31,2013-03-31,2014-05-06 16:33:26+00:00,17139000.0,-0.05,-0.05,0.4,-0.05,-9822000.0,67134000.0,-6671000.0,-6671000.0,-6671000.0,0.0,316964000.0,663694000.0,-5622000.0,,47185000.0,,204645000.0,316964000.0,346730000.0,22979000.0,1481000.0,336103000.0,10627000.0,-27120000.0,-16493000.0,663694000.0,129340000.0,129340000.0,129340000.0
Hasbro Inc,HAS,549300NUB6D2R1ITYR45,46080,2014.0,FY,2013-12-30,2014-12-28,2017-02-22 16:33:26+00:00,99794000.0,3.24,3.24,1.72,3.2,126678000.0,420256000.0,413310000.0,413310000.0,415930000.0,-2620000.0,2003689000.0,4277207000.0,-6048000.0,,222556000.0,,895537000.0,2003689000.0,2273518000.0,93098000.0,3759000.0,1638143000.0,635375000.0,-95387000.0,539988000.0,4277207000.0,129886000.0,128400000.0,129886000.0
Hasbro Inc,HAS,549300NUB6D2R1ITYR45,46080,2014.0,Q4,2014-09-29,2014-12-28,,25949000.0,1.32,1.32,0.43,1.3,36601000.0,123812000.0,168821000.0,168821000.0,169911000.0,-1090000.0,607576000.0,1298593000.0,4508000.0,,65372000.0,,252335000.0,607576000.0,691017000.0,23158000.0,523000.0,467468000.0,223549000.0,-18127000.0,205422000.0,1298593000.0,129886000.0,128400000.0,129886000.0
Hasbro Inc,HAS,549300NUB6D2R1ITYR45,46080,2014.0,Q3,2014-06-30,2014-09-28,2015-11-04 17:01:39+00:00,37183000.0,1.42,1.42,0.43,1.4,63899000.0,147492000.0,180155000.0,180155000.0,180457000.0,-302000.0,697118000.0,1469899000.0,-17795000.0,,58220000.0,,244072000.0,697118000.0,772781000.0,24710000.0,745000.0,486967000.0,285814000.0,-41760000.0,244054000.0,1469899000.0,127293000.0,127293000.0,127293000.0
Hasbro Inc,HAS,549300NUB6D2R1ITYR45,46080,2014.0,Q3YTD,2013-12-30,2014-09-28,,73845000.0,1.92,1.92,1.29,1.9,90077000.0,296444000.0,244489000.0,244489000.0,246019000.0,-1530000.0,1396113000.0,2978614000.0,-10556000.0,,157184000.0,,643202000.0,1396113000.0,1582501000.0,69940000.0,3236000.0,1170675000.0,411826000.0,-77260000.0,334566000.0,2978614000.0,127293000.0,127293000.0,127293000.0
Hasbro Inc,HAS,549300NUB6D2R1ITYR45,46080,2014.0,Q3TTM,2013-09-30,2014-09-28,,128021000.0,2.92,2.92,1.69,2.88,123127000.0,417264000.0,372765000.0,372765000.0,375834000.0,-3069000.0,2027641000.0,4260387000.0,-14401000.0,,210320000.0,,881643000.0,2027641000.0,2232746000.0,89127000.0,3922000.0,1637248000.0,595498000.0,-99606000.0,495892000.0,4260387000.0,127293000.0,127293000.0,127293000.0
Hasbro Inc,HAS,549300NUB6D2R1ITYR45,46080,2014.0,Q2YTD,2013-12-30,2014-06-29,,36662000.0,0.5,0.5,0.86,0.5,26178000.0,148952000.0,64334000.0,64334000.0,65562000.0,-1228000.0,698995000.0,1508715000.0,7239000.0,,98964000.0,,399130000.0,698995000.0,809720000.0,45230000.0,2491000.0,683708000.0,126012000.0,-35500000.0,90512000.0,1508715000.0,129381000.0,129381000.0,129381000.0
Hasbro Inc,HAS,549300NUB6D2R1ITYR45,46080,2014.0,Q2TTM,2013-07-01,2014-06-29,,123053000.0,2.47,2.47,1.66,2.44,89298000.0,406259000.0,318453000.0,318453000.0,321951000.0,-3498000.0,2043052000.0,4160836000.0,469000.0,,211466000.0,,868616000.0,2043052000.0,2117784000.0,105611000.0,4503000.0,1609394000.0,508390000.0,-100639000.0,407751000.0,4160836000.0,129381000.0,129381000.0,129381000.0
Hasbro Inc,HAS,549300NUB6D2R1ITYR45,46080,2014.0,Q2,2014-03-31,2014-06-29,2015-07-30 11:05:54+00:00,18602000.0,0.26,0.26,0.43,0.26,31697000.0,81693000.0,32820000.0,32820000.0,33475000.0,-655000.0,390869000.0,829262000.0,3590000.0,,51707000.0,,203827000.0,390869000.0,438393000.0,22802000.0,1165000.0,355829000.0,82564000.0,-18047000.0,64517000.0,829262000.0,129381000.0,129381000.0,129381000.0
Hasbro Inc,HAS,549300NUB6D2R1ITYR45,46080,2014.0,Q1TTM,2013-04-01,2014-03-30,,126797000.0,2.49,2.49,1.63,2.46,72197000.0,398223000.0,322113000.0,322113000.0,324956000.0,-2843000.0,2002982000.0,4097916000.0,-5340000.0,,207663000.0,,862337000.0,2002982000.0,2094934000.0,105034000.0,4770000.0,1595020000.0,499914000.0,-105604000.0,394310000.0,4097916000.0,131232000.0,131232000.0,131232000.0
Hasbro Inc,HAS,549300NUB6D2R1ITYR45,46080,2014.0,Q1,2013-12-30,2014-03-30,2015-05-06 16:03:14+00:00,18060000.0,0.24,0.24,0.43,0.24,-5519000.0,67259000.0,31514000.0,31514000.0,32087000.0,-573000.0,308126000.0,679453000.0,3649000.0,,47257000.0,,195303000.0,308126000.0,371327000.0,22428000.0,1326000.0,327879000.0,43448000.0,-17453000.0,25995000.0,679453000.0,131232000.0,131232000.0,131232000.0
Hasbro Inc,HAS,549300NUB6D2R1ITYR45,46080,2015.0,FY,2014-12-29,2015-12-27,2018-02-26 17:16:08+00:00,86171000.0,3.61,3.61,1.84,3.57,157043000.0,409388000.0,446872000.0,446872000.0,451838000.0,-4966000.0,2056278000.0,4447509000.0,5959000.0,,242944000.0,,960795000.0,2056278000.0,2391231000.0,97122000.0,3145000.0,1699298000.0,691933000.0,-88018000.0,603915000.0,4447509000.0,126688000.0,125200000.0,126688000.0
Hasbro Inc,HAS,549300NUB6D2R1ITYR45,46080,2015.0,Q4,2015-09-28,2015-12-27,,21029000.0,1.41,1.41,0.46,1.39,56943000.0,121252000.0,174394000.0,174394000.0,175763000.0,-1369000.0,703887000.0,1465354000.0,-3911000.0,,68645000.0,,291840000.0,703887000.0,761467000.0,24306000.0,853000.0,502766000.0,258701000.0,-27364000.0,231337000.0,1465354000.0,126688000.0,125200000.0,126688000.0
Hasbro Inc,HAS,549300NUB6D2R1ITYR45,46080,2015.0,Q3,2015-06-29,2015-09-27,2016-11-02 11:42:37+00:00,20527000.0,1.66,1.66,0.46,1.64,78242000.0,142029000.0,206375000.0,206375000.0,207599000.0,-1224000.0,693099000.0,1470997000.0,4463000.0,,64793000.0,,247022000.0,693099000.0,777898000.0,24045000.0,672000.0,474371000.0,303527000.0,-18910000.0,284617000.0,1470997000.0,125100000.0,125100000.0,125100000.0
Hasbro Inc,HAS,549300NUB6D2R1ITYR45,46080,2015.0,Q3YTD,2014-12-29,2015-09-27,,65142000.0,2.2,2.2,1.38,2.18,100100000.0,288136000.0,272478000.0,272478000.0,276075000.0,-3597000.0,1352391000.0,2982155000.0,9870000.0,,174299000.0,,668955000.0,1352391000.0,1629764000.0,72816000.0,2292000.0,1196532000.0,433232000.0,-60654000.0,372578000.0,2982155000.0,125100000.0,125100000.0,125100000.0
Hasbro Inc,HAS,549300NUB6D2R1ITYR45,46080,2015.0,Q3TTM,2014-09-29,2015-09-27,,91091000.0,3.52,3.52,1.81,3.48,136701000.0,411948000.0,441299000.0,441299000.0,445986000.0,-4687000.0,1959967000.0,4280748000.0,14378000.0,,239671000.0,,921290000.0,1959967000.0,2320781000.0,95974000.0,2815000.0,1664000000.0,656781000.0,-78781000.0,578000000.0,4280748000.0,125100000.0,125100000.0,125100000.0
Hasbro Inc,HAS,549300NUB6D2R1ITYR45,46080,2015.0,Q2,2015-03-30,2015-06-28,2016-07-26 16:30:31+00:00,20568000.0,0.33,0.33,0.46,0.33,13364000.0,78365000.0,40282000.0,40282000.0,41809000.0,-1527000.0,352468000.0,797658000.0,1642000.0,,57609000.0,,213148000.0,352468000.0,445190000.0,24186000.0,690000.0,369690000.0,75500000.0,-21854000.0,53646000.0,797658000.0,125093000.0,125093000.0,125093000.0
Hasbro Inc,HAS,549300NUB6D2R1ITYR45,46080,2015.0,Q2YTD,2014-12-29,2015-06-28,,44615000.0,0.54,0.54,0.92,0.54,21858000.0,146107000.0,66103000.0,66103000.0,68476000.0,-2373000.0,659292000.0,1511158000.0,5407000.0,,109506000.0,,421933000.0,659292000.0,851866000.0,48771000.0,1620000.0,722161000.0,129705000.0,-41744000.0,87961000.0,1511158000.0,125093000.0,125093000.0,125093000.0
Hasbro Inc,HAS,549300NUB6D2R1ITYR45,46080,2015.0,Q2TTM,2014-06-30,2015-06-28,,107747000.0,3.28,3.28,1.78,3.24,122358000.0,417411000.0,415079000.0,415079000.0,418844000.0,-3765000.0,1963986000.0,4279650000.0,-7880000.0,,233098000.0,,918340000.0,1963986000.0,2315664000.0,96639000.0,2888000.0,1676596000.0,639068000.0,-101631000.0,537437000.0,4279650000.0,125093000.0,125093000.0,125093000.0
Hasbro Inc,HAS,549300NUB6D2R1ITYR45,46080,2015.0,Q1,2014-12-29,2015-03-29,2016-05-04 17:36:40+00:00,24047000.0,0.21,0.21,0.46,0.21,8494000.0,67742000.0,25821000.0,25821000.0,26667000.0,-846000.0,306824000.0,713500000.0,3765000.0,,51897000.0,,208785000.0,306824000.0,406676000.0,24585000.0,930000.0,352471000.0,54205000.0,-19890000.0,34315000.0,713500000.0,124853000.0,124853000.0,124853000.0
Hasbro Inc,HAS,549300NUB6D2R1ITYR45,46080,2015.0,Q1TTM,2014-03-31,2015-03-29,,105781000.0,3.21,3.21,1.75,3.17,140691000.0,420739000.0,407617000.0,407617000.0,410510000.0,-2893000.0,2002387000.0,4311254000.0,-5932000.0,,227196000.0,,909019000.0,2002387000.0,2308867000.0,95255000.0,3363000.0,1662735000.0,646132000.0,-97824000.0,548308000.0,4311254000.0,124853000.0,124853000.0,124853000.0
Hasbro Inc,HAS,549300NUB6D2R1ITYR45,46080,2016.0,FY,2015-12-28,2016-12-25,2019-02-26 16:34:39+00:00,70694000.0,4.4,4.4,2.04,4.34,159338000.0,468940000.0,533151000.0,533151000.0,551380000.0,-18229000.0,2314996000.0,5019822000.0,-7521000.0,,266375000.0,,1110769000.0,2314996000.0,2704826000.0,97405000.0,9367000.0,1916778000.0,788048000.0,-95559000.0,692489000.0,5019822000.0,126966000.0,125300000.0,126966000.0
Hasbro Inc,HAS,549300NUB6D2R1ITYR45,46080,2016.0,Q4,2016-09-26,2016-12-25,,27120000.0,1.54,1.54,0.51,1.52,39333000.0,147992000.0,180599000.0,180599000.0,192725000.0,-12126000.0,770423000.0,1629940000.0,-12981000.0,,75457000.0,,353791000.0,770423000.0,859517000.0,25142000.0,2898000.0,604360000.0,255157000.0,-35225000.0,219932000.0,1629940000.0,126966000.0,125300000.0,126966000.0
Hasbro Inc,HAS,549300NUB6D2R1ITYR45,46080,2016.0,Q3,2016-06-27,2016-09-25,2017-11-08 16:04:40+00:00,14973000.0,2.05,2.05,0.51,2.03,90162000.0,154132000.0,256162000.0,256162000.0,257798000.0,-1636000.0,793280000.0,1679757000.0,6584000.0,,70083000.0,,285188000.0,793280000.0,886477000.0,24305000.0,1944000.0,524376000.0,362101000.0,-15777000.0,346324000.0,1679757000.0,125500000.0,125500000.0,125500000.0
Hasbro Inc,HAS,549300NUB6D2R1ITYR45,46080,2016.0,Q3YTD,2015-12-28,2016-09-25,,43574000.0,2.86,2.86,1.53,2.82,120005000.0,320948000.0,352552000.0,352552000.0,358655000.0,-6103000.0,1544573000.0,3389882000.0,5460000.0,,190918000.0,,756978000.0,1544573000.0,1845309000.0,72263000.0,6469000.0,1312418000.0,532891000.0,-60334000.0,472557000.0,3389882000.0,125500000.0,125500000.0,125500000.0
Hasbro Inc,HAS,549300NUB6D2R1ITYR45,46080,2016.0,Q3TTM,2015-09-28,2016-09-25,,64603000.0,4.27,4.27,1.99,4.21,176948000.0,442200000.0,526946000.0,526946000.0,534418000.0,-7472000.0,2248460000.0,4855236000.0,1549000.0,,259563000.0,,1048818000.0,2248460000.0,2606776000.0,96569000.0,7322000.0,1815184000.0,791592000.0,-87698000.0,703894000.0,4855236000.0,125500000.0,125500000.0,125500000.0
Hasbro Inc,HAS,549300NUB6D2R1ITYR45,46080,2016.0,Q2,2016-03-28,2016-06-26,2017-08-02 16:14:56+00:00,13724000.0,0.42,0.42,0.51,0.41,17601000.0,86957000.0,49419000.0,49419000.0,52106000.0,-2687000.0,391084000.0,878945000.0,3748000.0,,63671000.0,,238635000.0,391084000.0,487861000.0,23914000.0,2312000.0,402987000.0,84874000.0,-17854000.0,67020000.0,878945000.0,125475000.0,125475000.0,125475000.0
Hasbro Inc,HAS,549300NUB6D2R1ITYR45,46080,2016.0,Q2YTD,2015-12-28,2016-06-26,,28601000.0,0.81,0.81,1.02,0.79,29843000.0,166816000.0,96390000.0,96390000.0,100857000.0,-4467000.0,751293000.0,1710125000.0,-1124000.0,,120835000.0,,471790000.0,751293000.0,958832000.0,47958000.0,4525000.0,788042000.0,170790000.0,-44557000.0,126233000.0,1710125000.0,125475000.0,125475000.0,125475000.0
Hasbro Inc,HAS,549300NUB6D2R1ITYR45,46080,2016.0,Q2TTM,2015-06-29,2016-06-26,,70157000.0,3.88,3.88,1.94,3.82,165028000.0,430097000.0,477159000.0,477159000.0,484219000.0,-7060000.0,2148279000.0,4646476000.0,-572000.0,,254273000.0,,1010652000.0,2148279000.0,2498197000.0,96309000.0,6050000.0,1765179000.0,733018000.0,-90831000.0,642187000.0,4646476000.0,125475000.0,125475000.0,125475000.0
Hasbro Inc,HAS,549300NUB6D2R1ITYR45,46080,2016.0,Q1,2015-12-28,2016-03-27,2017-05-10 16:26:24+00:00,14877000.0,0.39,0.39,0.51,0.38,12242000.0,79859000.0,46971000.0,46971000.0,48751000.0,-1780000.0,360209000.0,831180000.0,-4872000.0,,57164000.0,,233155000.0,360209000.0,470971000.0,24044000.0,2213000.0,385055000.0,85916000.0,-26703000.0,59213000.0,831180000.0,125266000.0,125266000.0,125266000.0
Hasbro Inc,HAS,549300NUB6D2R1ITYR45,46080,2016.0,Q1TTM,2015-03-30,2016-03-27,,77001000.0,3.79,3.79,1.89,3.74,160791000.0,421505000.0,468022000.0,468022000.0,473922000.0,-5900000.0,2109663000.0,4565189000.0,-2678000.0,,248211000.0,,985165000.0,2109663000.0,2455526000.0,96581000.0,4428000.0,1731882000.0,723644000.0,-94831000.0,628813000.0,4565189000.0,125266000.0,125266000.0,125266000.0
Hasbro Inc,HAS,549300NUB6D2R1ITYR45,46080,2017.0,FY,2016-12-26,2017-12-31,2020-02-27 12:50:48+00:00,64616000.0,3.17,3.17,2.28,3.12,389543000.0,501813000.0,396607000.0,396607000.0,396607000.0,,2033693000.0,5209782000.0,51904000.0,405488000.0,269020000.0,,1124793000.0,2033693000.0,3176089000.0,98268000.0,22155000.0,2365730000.0,810359000.0,-24209000.0,786150000.0,5209782000.0,125039000.0,125039000.0,125039000.0
Hasbro Inc,HAS,549300NUB6D2R1ITYR45,46080,2017.0,Q4,2017-10-02,2017-12-31,,26210000.0,-0.04,-0.04,0.57,-0.04,283884000.0,159577000.0,-5298000.0,-5298000.0,-5298000.0,,345968000.0,1596111000.0,25901000.0,405488000.0,76255000.0,,311525000.0,345968000.0,1250143000.0,24516000.0,6113000.0,979055000.0,271088000.0,7498000.0,278586000.0,1596111000.0,125039000.0,125039000.0,125039000.0
Hasbro Inc,HAS,549300NUB6D2R1ITYR45,46080,2017.0,Q3,2017-07-03,2017-10-01,2018-11-01 14:45:51+00:00,11886000.0,2.12,2.12,0.57,2.09,84258000.0,168926000.0,265583000.0,265583000.0,265583000.0,,869878000.0,1791502000.0,8607000.0,,67386000.0,,312482000.0,869878000.0,921624000.0,25072000.0,5362000.0,560680000.0,360944000.0,-11103000.0,349841000.0,1791502000.0,125170000.0,125170000.0,125170000.0
Hasbro Inc,HAS,549300NUB6D2R1ITYR45,46080,2017.0,Q3YTD,2016-12-26,2017-10-01,,38406000.0,3.21,3.21,1.71,3.16,105659000.0,342236000.0,401905000.0,401905000.0,401905000.0,,1687725000.0,3613671000.0,26003000.0,,192765000.0,,813268000.0,1687725000.0,1925946000.0,73752000.0,16042000.0,1386675000.0,539271000.0,-31707000.0,507564000.0,3613671000.0,125170000.0,125170000.0,125170000.0
Hasbro Inc,HAS,549300NUB6D2R1ITYR45,46080,2017.0,Q3TTM,2016-09-26,2017-10-01,,65526000.0,4.75,4.75,2.22,4.68,144992000.0,490228000.0,582504000.0,582504000.0,594630000.0,-12126000.0,2458148000.0,5243611000.0,13022000.0,,268222000.0,,1167059000.0,2458148000.0,2785463000.0,98894000.0,18940000.0,1991035000.0,794428000.0,-66932000.0,727496000.0,5243611000.0,125170000.0,125170000.0,125170000.0
Hasbro Inc,HAS,549300NUB6D2R1ITYR45,46080,2017.0,Q2,2017-04-03,2017-07-02,2018-08-01 16:07:41+00:00,13069000.0,0.54,0.54,0.57,0.53,19163000.0,92374000.0,67723000.0,67723000.0,67723000.0,,447385000.0,972506000.0,6010000.0,,62793000.0,,256901000.0,447385000.0,525121000.0,24224000.0,5116000.0,425137000.0,99984000.0,-13098000.0,86886000.0,972506000.0,125263000.0,125263000.0,125263000.0
Hasbro Inc,HAS,549300NUB6D2R1ITYR45,46080,2017.0,Q2YTD,2016-12-26,2017-07-02,,26520000.0,1.09,1.09,1.14,1.07,21401000.0,173310000.0,136322000.0,136322000.0,136322000.0,,817847000.0,1822169000.0,17396000.0,,125379000.0,,500786000.0,817847000.0,1004322000.0,48680000.0,10680000.0,825995000.0,178327000.0,-20604000.0,157723000.0,1822169000.0,125263000.0,125263000.0,125263000.0
Hasbro Inc,HAS,549300NUB6D2R1ITYR45,46080,2017.0,Q2TTM,2016-06-27,2017-07-02,,68613000.0,4.68,4.68,2.16,4.62,150896000.0,475434000.0,573083000.0,573083000.0,586845000.0,-13762000.0,2381550000.0,5131866000.0,10999000.0,,270919000.0,,1139765000.0,2381550000.0,2750316000.0,98127000.0,15522000.0,1954731000.0,795585000.0,-71606000.0,723979000.0,5131866000.0,125263000.0,125263000.0,125263000.0
Hasbro Inc,HAS,549300NUB6D2R1ITYR45,46080,2017.0,Q1,2016-12-26,2017-04-02,2018-05-02 17:08:50+00:00,13451000.0,0.55,0.55,0.57,0.54,2238000.0,80936000.0,68599000.0,68599000.0,68599000.0,,370462000.0,849663000.0,11386000.0,,62586000.0,,243885000.0,370462000.0,479201000.0,24456000.0,5564000.0,400858000.0,78343000.0,-7506000.0,70837000.0,849663000.0,125182000.0,125182000.0,125182000.0
Hasbro Inc,HAS,549300NUB6D2R1ITYR45,46080,2017.0,Q1TTM,2016-03-28,2017-04-02,,69268000.0,4.56,4.56,2.1,4.5,149334000.0,470017000.0,554779000.0,554779000.0,571228000.0,-16449000.0,2325249000.0,5038305000.0,8737000.0,,271797000.0,,1121499000.0,2325249000.0,2713056000.0,97817000.0,12718000.0,1932581000.0,780475000.0,-76362000.0,704113000.0,5038305000.0,125182000.0,125182000.0,125182000.0
Hasbro Inc,HAS,549300NUB6D2R1ITYR45,46080,2018.0,FY,2018-01-01,2018-12-30,2020-02-27 12:50:48+00:00,72609000.0,1.75,1.75,2.52,1.74,49968000.0,439922000.0,220434000.0,220434000.0,220434000.0,,1850678000.0,4579646000.0,7819000.0,351660000.0,246165000.0,,1287560000.0,1850678000.0,2728968000.0,90826000.0,22357000.0,2397916000.0,331052000.0,-60650000.0,270402000.0,4579646000.0,126132000.0,126132000.0,126132000.0
Hasbro Inc,HAS,549300NUB6D2R1ITYR45,46080,2018.0,Q4,2018-10-01,2018-12-30,,19317000.0,0.09,0.09,0.63,0.1,-13894000.0,149921000.0,8766000.0,8766000.0,8766000.0,,360626000.0,1389161000.0,1630000.0,351660000.0,63115000.0,,433975000.0,360626000.0,1028535000.0,22435000.0,5130000.0,1017988000.0,10547000.0,-15675000.0,-5128000.0,1389161000.0,126132000.0,126132000.0,126132000.0
Hasbro Inc,HAS,549300NUB6D2R1ITYR45,46080,2018.0,Q3,2018-07-02,2018-09-30,2019-10-22 16:41:24+00:00,22929000.0,2.08,2.08,0.63,2.06,31933000.0,134384000.0,263861000.0,263861000.0,263861000.0,,760862000.0,1569686000.0,566000.0,,65807000.0,,272368000.0,760862000.0,808824000.0,22779000.0,4671000.0,495488000.0,313336000.0,-17542000.0,295794000.0,1569686000.0,127161000.0,127161000.0,127161000.0
Hasbro Inc,HAS,549300NUB6D2R1ITYR45,46080,2018.0,Q3YTD,2018-01-01,2018-09-30,,53292000.0,1.66,1.66,1.89,1.64,63862000.0,290001000.0,211668000.0,211668000.0,211668000.0,,1490052000.0,3190485000.0,6189000.0,,183050000.0,,853585000.0,1490052000.0,1700433000.0,68391000.0,17227000.0,1379928000.0,320505000.0,-44975000.0,275530000.0,3190485000.0,127161000.0,127161000.0,127161000.0
Hasbro Inc,HAS,549300NUB6D2R1ITYR45,46080,2018.0,Q3TTM,2017-10-02,2018-09-30,,79502000.0,1.62,1.62,2.46,1.6,347746000.0,449578000.0,206370000.0,206370000.0,206370000.0,,1836020000.0,4786596000.0,32090000.0,405488000.0,259305000.0,,1165110000.0,1836020000.0,2950576000.0,92907000.0,23340000.0,2358983000.0,591593000.0,-37477000.0,554116000.0,4786596000.0,127161000.0,127161000.0,127161000.0
Hasbro Inc,HAS,549300NUB6D2R1ITYR45,46080,2018.0,Q2,2018-04-02,2018-07-01,2019-07-31 17:11:05+00:00,11851000.0,0.48,0.48,0.63,0.48,7825000.0,87601000.0,60299000.0,60299000.0,60299000.0,,404351000.0,904458000.0,-2969000.0,,59859000.0,,253208000.0,404351000.0,500107000.0,22803000.0,6308000.0,412519000.0,87588000.0,-19464000.0,68124000.0,904458000.0,125711000.0,125711000.0,125711000.0
Hasbro Inc,HAS,549300NUB6D2R1ITYR45,46080,2018.0,Q2YTD,2018-01-01,2018-07-01,,30363000.0,-0.42,-0.42,1.26,-0.42,31929000.0,155617000.0,-52193000.0,-52193000.0,-52193000.0,,729190000.0,1620799000.0,5623000.0,,117243000.0,,581217000.0,729190000.0,891609000.0,45612000.0,12556000.0,884440000.0,7169000.0,-27433000.0,-20264000.0,1620799000.0,125711000.0,125711000.0,125711000.0
Hasbro Inc,HAS,549300NUB6D2R1ITYR45,46080,2018.0,Q2TTM,2017-07-03,2018-07-01,,68459000.0,1.66,1.66,2.4,1.63,400071000.0,484120000.0,208092000.0,208092000.0,208092000.0,,1945036000.0,5008412000.0,40131000.0,405488000.0,260884000.0,,1205224000.0,1945036000.0,3063376000.0,95200000.0,24031000.0,2424175000.0,639201000.0,-31038000.0,608163000.0,5008412000.0,125711000.0,125711000.0,125711000.0
Hasbro Inc,HAS,549300NUB6D2R1ITYR45,46080,2018.0,Q1,2018-01-01,2018-04-01,2019-05-01 16:10:18+00:00,18512000.0,-0.9,-0.9,0.63,-0.9,24104000.0,68016000.0,-112492000.0,-112492000.0,-112492000.0,,324839000.0,716341000.0,8592000.0,,57384000.0,,328009000.0,324839000.0,391502000.0,22809000.0,6248000.0,471921000.0,-80419000.0,-7969000.0,-88388000.0,716341000.0,125073000.0,125073000.0,125073000.0
Hasbro Inc,HAS,549300NUB6D2R1ITYR45,46080,2018.0,Q1TTM,2017-04-03,2018-04-01,,69677000.0,1.72,1.72,2.34,1.68,411409000.0,488893000.0,215516000.0,215516000.0,215516000.0,,1988070000.0,5076460000.0,49110000.0,405488000.0,263818000.0,,1208917000.0,1988070000.0,3088390000.0,96621000.0,22839000.0,2436793000.0,651597000.0,-24672000.0,626925000.0,5076460000.0,125073000.0,125073000.0,125073000.0
Hasbro Inc,HAS,549300NUB6D2R1ITYR45,46080,2019.0,Q4,2019-09-30,2019-12-29,,39294000.0,2.07,2.07,0.68,2.06,31416000.0,104017000.0,267345000.0,267345000.0,267345000.0,,318092000.0,1428007000.0,132219000.0,414549000.0,72910000.0,,288765000.0,318092000.0,1109915000.0,34782000.0,10944000.0,919535000.0,190380000.0,108381000.0,298761000.0,1428007000.0,127896000.0,127896000.0,127896000.0
Hasbro Inc,HAS,549300NUB6D2R1ITYR45,46080,2019.0,FY,2018-12-31,2019-12-29,2020-02-27 12:50:48+00:00,132844000.0,4.07,4.07,2.72,4.05,73756000.0,413676000.0,520454000.0,520454000.0,520454000.0,,1807849000.0,4720227000.0,13931000.0,414549000.0,262156000.0,,1037103000.0,1807849000.0,2912378000.0,101878000.0,30107000.0,2260328000.0,652050000.0,-57840000.0,594210000.0,4720227000.0,127896000.0,127896000.0,127896000.0
Hasbro Inc,HAS,549300NUB6D2R1ITYR45,46080,2019.0,Q3YTD,2018-12-31,2019-09-29,,93550000.0,2.0,2.0,2.04,1.99,42340000.0,309659000.0,253109000.0,253109000.0,253109000.0,,1489757000.0,3292220000.0,-118288000.0,,189246000.0,,748338000.0,1489757000.0,1802463000.0,67096000.0,19163000.0,1340793000.0,461670000.0,-166221000.0,295449000.0,3292220000.0,126453000.0,126453000.0,126453000.0
Hasbro Inc,HAS,549300NUB6D2R1ITYR45,46080,2019.0,Q3TTM,2018-10-01,2019-09-29,,112867000.0,2.09,2.09,2.67,2.09,28446000.0,459580000.0,261875000.0,261875000.0,261875000.0,,1850383000.0,4681381000.0,-116658000.0,351660000.0,252361000.0,,1182313000.0,1850383000.0,2830998000.0,89531000.0,24293000.0,2358781000.0,472217000.0,-181896000.0,290321000.0,4681381000.0,126453000.0,126453000.0,126453000.0
Hasbro Inc,HAS,549300NUB6D2R1ITYR45,46080,2019.0,Q3,2019-07-01,2019-09-29,2019-10-22 16:41:24+00:00,39842000.0,1.68,1.68,0.68,1.67,46797000.0,140256000.0,212949000.0,212949000.0,212949000.0,,755127000.0,1575173000.0,-20185000.0,,67354000.0,,275384000.0,755127000.0,820046000.0,22764000.0,5485000.0,522836000.0,297210000.0,-37464000.0,259746000.0,1575173000.0,126453000.0,126453000.0,126453000.0
Hasbro Inc,HAS,549300NUB6D2R1ITYR45,46080,2019.0,Q2YTD,2018-12-31,2019-06-30,,53708000.0,0.32,0.32,1.36,0.32,-4457000.0,169403000.0,40160000.0,40160000.0,40160000.0,,734630000.0,1717047000.0,-98103000.0,,121892000.0,,472954000.0,734630000.0,982417000.0,44332000.0,13678000.0,817957000.0,164460000.0,-128757000.0,35703000.0,1717047000.0,126329000.0,126329000.0,126329000.0
Hasbro Inc,HAS,549300NUB6D2R1ITYR45,46080,2019.0,Q2TTM,2018-07-02,2019-06-30,,95954000.0,2.49,2.49,2.62,2.48,13582000.0,453708000.0,312787000.0,312787000.0,312787000.0,,1856118000.0,4675894000.0,-95907000.0,351660000.0,250814000.0,,1179297000.0,1856118000.0,2819776000.0,89546000.0,23479000.0,2331433000.0,488343000.0,-161974000.0,326369000.0,4675894000.0,126329000.0,126329000.0,126329000.0
Hasbro Inc,HAS,549300NUB6D2R1ITYR45,46080,2019.0,Q2,2019-04-01,2019-06-30,2019-07-31 17:11:05+00:00,35317000.0,0.11,0.11,0.68,0.11,-7325000.0,92799000.0,13433000.0,13433000.0,13433000.0,,414755000.0,984537000.0,-106203000.0,,65632000.0,,247701000.0,414755000.0,569782000.0,22018000.0,5996000.0,441449000.0,128333000.0,-122225000.0,6108000.0,984537000.0,126329000.0,126329000.0,126329000.0
Hasbro Inc,HAS,549300NUB6D2R1ITYR45,46080,2019.0,Q1,2018-12-31,2019-03-31,2020-05-07 14:55:19+00:00,18391000.0,0.21,0.21,0.68,0.21,2868000.0,76604000.0,26727000.0,26727000.0,26727000.0,0.0,319875000.0,732510000.0,8100000.0,,56260000.0,0.0,225253000.0,319875000.0,412635000.0,22314000.0,7682000.0,376508000.0,36127000.0,-6532000.0,29595000.0,732510000.0,126287000.0,126287000.0,126287000.0
Hasbro Inc,HAS,549300NUB6D2R1ITYR45,46080,2019.0,Q1TTM,2018-04-02,2019-03-31,,72488000.0,2.86,2.86,2.57,2.85,28732000.0,448510000.0,359653000.0,359653000.0,359653000.0,,1845714000.0,4595815000.0,7327000.0,351660000.0,245041000.0,,1184804000.0,1845714000.0,2750101000.0,90331000.0,23791000.0,2302503000.0,447598000.0,-59213000.0,388385000.0,4595815000.0,126287000.0,126287000.0,126287000.0
Hasbro Inc,HAS,549300NUB6D2R1ITYR45,46080,2020.0,Q1TTM,2019-04-01,2020-03-29,,283410000.0,3.35,3.35,2.72,3.33,66816000.0,438713000.0,425917000.0,425917000.0,424090000.0,1827000.0,1863490000.0,5093287000.0,7290000.0,414549000.0,259725000.0,149782000.0,1090978000.0,1863490000.0,3229797000.0,134289000.0,27092000.0,2637157000.0,592640000.0,-99907000.0,492733000.0,5093287000.0,137147000.0,137147000.0,137147000.0
Hasbro Inc,HAS,549300NUB6D2R1ITYR45,46080,2020.0,Q1,2019-12-30,2020-03-29,2020-05-07 14:55:19+00:00,168957000.0,-0.51,-0.51,0.68,-0.51,-4072000.0,101641000.0,-67810000.0,-67810000.0,-69637000.0,1827000.0,375516000.0,1105570000.0,1459000.0,,53829000.0,149782000.0,279128000.0,375516000.0,730054000.0,54725000.0,4667000.0,753337000.0,-23283000.0,-48599000.0,-71882000.0,1105570000.0,137147000.0,137147000.0,137147000.0
