company_name,company_ticker,company_lei,company_cik,year,quarter,start_date,end_date,filing_date,basicdilutedeps,basiceps,cashdividendspershare,depreciationexpense,dilutedeps,impairmentexpense,incometaxexpense,netincome,netincomecontinuing,netincometocommon,netincometononcontrollinginterest,operatingcostofrevenue,operatingrevenue,otherincome,otheroperatingexpenses,otherspecialcharges,restructuringcharge,sgaexpense,totalcostofrevenue,totalgrossprofit,totalinterestexpense,totalinterestincome,totaloperatingexpenses,totaloperatingincome,totalotherincome,totalpretaxincome,totalrevenue,weightedavebasicdilutedsharesos,weightedavebasicsharesos,weightedavedilutedsharesos
Moody's Corp,MCO,549300GCEDD8YCF5WU84,1059556,2007.0,FY,2007-01-01,2007-12-31,2010-02-26 21:39:46+00:00,2.63,2.63,,42900000.0,2.58,,415200000.0,706800000.0,706800000.0,701500000.0,5300000.0,584000000.0,2259000000.0,15300000.0,,,50000000.0,451100000.0,584000000.0,1675000000.0,24300000.0,,544000000.0,1131000000.0,-9000000.0,1122000000.0,2259000000.0,266700000.0,266400000.0,272200000.0
Moody's Corp,MCO,549300GCEDD8YCF5WU84,1059556,2008.0,FY,2008-01-01,2008-12-31,2011-02-25 21:32:37+00:00,1.89,1.89,0.4,75100000.0,1.87,,268200000.0,461600000.0,461600000.0,457600000.0,4000000.0,493300000.0,1755400000.0,33800000.0,,,-2500000.0,441300000.0,493300000.0,1262100000.0,52200000.0,,513900000.0,748200000.0,-18400000.0,729800000.0,1755400000.0,242100000.0,242400000.0,245300000.0
Moody's Corp,MCO,549300GCEDD8YCF5WU84,1059556,2008.0,Q3,2008-07-01,2008-09-30,2009-11-05 00:00:00+00:00,0.47,0.47,0.1,14600000.0,0.46,,70900000.0,113800000.0,113800000.0,113000000.0,800000.0,122700000.0,433400000.0,7500000.0,,,-1800000.0,108100000.0,122700000.0,310700000.0,12600000.0,,120900000.0,189800000.0,-5100000.0,184700000.0,433400000.0,240400000.0,241300000.0,244600000.0
Moody's Corp,MCO,549300GCEDD8YCF5WU84,1059556,2008.0,Q2,2008-04-01,2008-06-30,2009-08-14 16:48:00+00:00,,0.55,0.1,16800000.0,0.54,,86200000.0,137600000.0,137600000.0,135200000.0,2400000.0,123300000.0,487600000.0,2500000.0,,,-200000.0,114000000.0,123300000.0,364300000.0,12400000.0,,130600000.0,233700000.0,-9900000.0,223800000.0,487600000.0,,244600000.0,248100000.0
Moody's Corp,MCO,549300GCEDD8YCF5WU84,1059556,2009.0,Q4,2009-10-01,2009-12-31,,0.43,0.43,0.2,16600000.0,0.43,,64000000.0,103300000.0,103300000.0,101900000.0,1400000.0,146900000.0,485800000.0,900000.0,,,-1100000.0,144500000.0,146900000.0,338900000.0,12500000.0,,160000000.0,178900000.0,-11600000.0,167300000.0,485800000.0,236500000.0,236100000.0,237800000.0
Moody's Corp,MCO,549300GCEDD8YCF5WU84,1059556,2009.0,FY,2009-01-01,2009-12-31,2012-02-27 16:22:01+00:00,1.7,1.7,0.4,64100000.0,1.69,,239100000.0,407100000.0,407100000.0,402000000.0,5100000.0,532400000.0,1797200000.0,-7900000.0,,,17500000.0,495700000.0,532400000.0,1264800000.0,33400000.0,,577300000.0,687500000.0,-41300000.0,646200000.0,1797200000.0,236500000.0,236100000.0,237800000.0
Moody's Corp,MCO,549300GCEDD8YCF5WU84,1059556,2009.0,Q3YTD,2009-01-01,2009-09-30,,1.27,1.27,0.2,47500000.0,1.26,,175100000.0,303800000.0,303800000.0,300100000.0,3700000.0,385500000.0,1311400000.0,-8800000.0,,,18600000.0,351200000.0,385500000.0,925900000.0,20900000.0,,417300000.0,508600000.0,-29700000.0,478900000.0,1311400000.0,234000000.0,236400000.0,238200000.0
Moody's Corp,MCO,549300GCEDD8YCF5WU84,1059556,2009.0,Q3,2009-07-01,2009-09-30,2010-11-02 12:18:55+00:00,0.43,0.43,0.1,16200000.0,0.42,,61000000.0,101700000.0,101700000.0,100600000.0,1100000.0,135100000.0,451800000.0,1700000.0,,,3700000.0,124300000.0,135100000.0,316700000.0,11500000.0,,144200000.0,172500000.0,-9800000.0,162700000.0,451800000.0,234000000.0,236400000.0,238200000.0
Moody's Corp,MCO,549300GCEDD8YCF5WU84,1059556,2009.0,Q2YTD,2009-01-01,2009-06-30,,0.84,0.84,0.1,31300000.0,0.84,,114100000.0,202100000.0,202100000.0,199500000.0,2600000.0,250400000.0,859600000.0,-10500000.0,,,14900000.0,226900000.0,250400000.0,609200000.0,9400000.0,,273100000.0,336100000.0,-19900000.0,316200000.0,859600000.0,237600000.0,236100000.0,238100000.0
Moody's Corp,MCO,549300GCEDD8YCF5WU84,1059556,2009.0,Q2,2009-04-01,2009-06-30,2010-08-02 10:26:59+00:00,0.46,0.46,0.1,15700000.0,0.46,,63600000.0,111000000.0,111000000.0,109300000.0,1700000.0,128000000.0,450700000.0,-6500000.0,,,3100000.0,116700000.0,128000000.0,322700000.0,6100000.0,,135500000.0,187200000.0,-12600000.0,174600000.0,450700000.0,237600000.0,236100000.0,238100000.0
Moody's Corp,MCO,549300GCEDD8YCF5WU84,1059556,2009.0,Q1,2009-01-01,2009-03-31,2010-05-07 17:12:03+00:00,0.38,0.38,,15600000.0,0.38,,50500000.0,91100000.0,91100000.0,90200000.0,900000.0,122400000.0,408900000.0,-4000000.0,,,11800000.0,110200000.0,122400000.0,286500000.0,3300000.0,,137600000.0,148900000.0,-7300000.0,141600000.0,408900000.0,237400000.0,235400000.0,236500000.0
Moody's Corp,MCO,549300GCEDD8YCF5WU84,1059556,2010.0,Q4,2010-10-01,2010-12-31,,0.59,0.59,0.21,17200000.0,0.59,,33700000.0,138900000.0,138900000.0,137400000.0,1500000.0,180900000.0,564300000.0,-6600000.0,,,100000.0,169500000.0,180900000.0,383400000.0,17400000.0,,186800000.0,196600000.0,-24000000.0,172600000.0,564300000.0,235100000.0,235000000.0,236600000.0
Moody's Corp,MCO,549300GCEDD8YCF5WU84,1059556,2010.0,FY,2010-01-01,2010-12-31,2013-02-25 19:19:12+00:00,2.16,2.16,0.42,66300000.0,2.15,,201000000.0,513400000.0,513400000.0,507800000.0,5600000.0,604800000.0,2032000000.0,-5900000.0,,,100000.0,588000000.0,604800000.0,1427200000.0,52500000.0,,654400000.0,772800000.0,-58400000.0,714400000.0,2032000000.0,235100000.0,235000000.0,236600000.0
Moody's Corp,MCO,549300GCEDD8YCF5WU84,1059556,2010.0,Q3YTD,2010-01-01,2010-09-30,,1.57,1.57,0.21,49100000.0,1.56,,167300000.0,374500000.0,374500000.0,370400000.0,4100000.0,423900000.0,1467700000.0,700000.0,,,,418500000.0,423900000.0,1043800000.0,35100000.0,,467600000.0,576200000.0,-34400000.0,541800000.0,1467700000.0,234500000.0,234300000.0,235700000.0
Moody's Corp,MCO,549300GCEDD8YCF5WU84,1059556,2010.0,Q3TTM,2009-10-01,2010-09-30,,2.0,2.0,0.41,65700000.0,1.99,,231300000.0,477800000.0,477800000.0,472300000.0,5500000.0,570800000.0,1953500000.0,1600000.0,,,-1100000.0,563000000.0,570800000.0,1382700000.0,47600000.0,,627600000.0,755100000.0,-46000000.0,709100000.0,1953500000.0,234500000.0,234300000.0,235700000.0
Moody's Corp,MCO,549300GCEDD8YCF5WU84,1059556,2010.0,Q3,2010-07-01,2010-09-30,2011-11-02 19:36:49+00:00,0.58,0.58,0.105,18100000.0,0.58,,44200000.0,137200000.0,137200000.0,136000000.0,1200000.0,153700000.0,513300000.0,5300000.0,,,400000.0,152200000.0,153700000.0,359600000.0,12800000.0,,170700000.0,188900000.0,-7500000.0,181400000.0,513300000.0,234500000.0,234300000.0,235700000.0
Moody's Corp,MCO,549300GCEDD8YCF5WU84,1059556,2010.0,Q2YTD,2010-01-01,2010-06-30,,0.99,0.99,0.11,31000000.0,0.98,,123100000.0,237300000.0,237300000.0,234400000.0,2900000.0,270200000.0,954400000.0,-4600000.0,,,-400000.0,266300000.0,270200000.0,684200000.0,22300000.0,,296900000.0,387300000.0,-26900000.0,360400000.0,954400000.0,237300000.0,235300000.0,236500000.0
Moody's Corp,MCO,549300GCEDD8YCF5WU84,1059556,2010.0,Q2TTM,2009-07-01,2010-06-30,,1.85,1.85,0.41,63800000.0,1.83,,248100000.0,442300000.0,442300000.0,436900000.0,5400000.0,552200000.0,1892000000.0,-2000000.0,,,2200000.0,535100000.0,552200000.0,1339800000.0,46300000.0,,601100000.0,738700000.0,-48300000.0,690400000.0,1892000000.0,237300000.0,235300000.0,236500000.0
Moody's Corp,MCO,549300GCEDD8YCF5WU84,1059556,2010.0,Q2,2010-04-01,2010-06-30,2011-08-02 20:50:42+00:00,0.51,0.51,0.105,15200000.0,0.51,,55300000.0,122600000.0,122600000.0,121000000.0,1600000.0,134300000.0,477800000.0,-3600000.0,,,300000.0,137500000.0,134300000.0,343500000.0,9000000.0,,153000000.0,190500000.0,-12600000.0,177900000.0,477800000.0,237300000.0,235300000.0,236500000.0
Moody's Corp,MCO,549300GCEDD8YCF5WU84,1059556,2010.0,Q1TTM,2009-04-01,2010-03-31,,1.8,1.8,0.4,64300000.0,1.78,,256400000.0,430700000.0,430700000.0,425200000.0,5500000.0,545900000.0,1864900000.0,-4900000.0,,,5000000.0,514300000.0,545900000.0,1319000000.0,43400000.0,,583600000.0,735400000.0,-48300000.0,687100000.0,1864900000.0,236300000.0,236900000.0,239100000.0
Moody's Corp,MCO,549300GCEDD8YCF5WU84,1059556,2010.0,Q1,2010-01-01,2010-03-31,2011-05-03 21:37:35+00:00,0.48,0.48,,15800000.0,0.47,,67800000.0,114700000.0,114700000.0,113400000.0,1300000.0,135900000.0,476600000.0,-1000000.0,,,-700000.0,128800000.0,135900000.0,340700000.0,13300000.0,,143900000.0,196800000.0,-14300000.0,182500000.0,476600000.0,236300000.0,236900000.0,239100000.0
Moody's Corp,MCO,549300GCEDD8YCF5WU84,1059556,2011.0,Q4,2011-10-01,2011-12-31,,0.43,0.43,0.26,20700000.0,0.43,,57500000.0,98100000.0,98100000.0,96200000.0,1900000.0,181200000.0,567100000.0,400000.0,,,-100000.0,193200000.0,181200000.0,385900000.0,16900000.0,,213800000.0,172100000.0,-16500000.0,155600000.0,567100000.0,226700000.0,226300000.0,229400000.0
Moody's Corp,MCO,549300GCEDD8YCF5WU84,1059556,2011.0,FY,2011-01-01,2011-12-31,2014-02-26 20:15:50+00:00,2.52,2.52,0.535,79200000.0,2.49,0.0,261800000.0,578000000.0,578000000.0,571400000.0,6600000.0,683500000.0,2280700000.0,13500000.0,,,,629600000.0,683500000.0,1597200000.0,62100000.0,,708800000.0,888400000.0,-48600000.0,839800000.0,2280700000.0,226700000.0,226300000.0,229400000.0
Moody's Corp,MCO,549300GCEDD8YCF5WU84,1059556,2011.0,Q3YTD,2011-01-01,2011-09-30,,2.09,2.09,0.28,58500000.0,2.06,,204300000.0,479900000.0,479900000.0,475200000.0,4700000.0,502300000.0,1713600000.0,13100000.0,,,100000.0,436400000.0,502300000.0,1211300000.0,45200000.0,,495000000.0,716300000.0,-32100000.0,684200000.0,1713600000.0,225300000.0,226000000.0,229000000.0
Moody's Corp,MCO,549300GCEDD8YCF5WU84,1059556,2011.0,Q3TTM,2010-10-01,2011-09-30,,2.68,2.68,0.49,75700000.0,2.65,,238000000.0,618800000.0,618800000.0,612600000.0,6200000.0,683200000.0,2277900000.0,6500000.0,,,200000.0,605900000.0,683200000.0,1594700000.0,62600000.0,,681800000.0,912900000.0,-56100000.0,856800000.0,2277900000.0,225300000.0,226000000.0,229000000.0
Moody's Corp,MCO,549300GCEDD8YCF5WU84,1059556,2011.0,Q3,2011-07-01,2011-09-30,2012-11-05 20:09:13+00:00,0.58,0.58,0.14,19000000.0,0.57,,52700000.0,132100000.0,132100000.0,130700000.0,1400000.0,171000000.0,531300000.0,1600000.0,,,200000.0,145000000.0,171000000.0,360300000.0,12900000.0,,164200000.0,196100000.0,-11300000.0,184800000.0,531300000.0,225300000.0,226000000.0,229000000.0
Moody's Corp,MCO,549300GCEDD8YCF5WU84,1059556,2011.0,Q2YTD,2011-01-01,2011-06-30,,1.51,1.51,0.14,39500000.0,1.49,,151600000.0,347800000.0,347800000.0,344500000.0,3300000.0,331300000.0,1182300000.0,11500000.0,,,-100000.0,291400000.0,331300000.0,851000000.0,32300000.0,,330800000.0,520200000.0,-20800000.0,499400000.0,1182300000.0,227700000.0,228200000.0,231500000.0
Moody's Corp,MCO,549300GCEDD8YCF5WU84,1059556,2011.0,Q2TTM,2010-07-01,2011-06-30,,2.68,2.68,0.46,74800000.0,2.66,,229500000.0,623900000.0,623900000.0,617900000.0,6000000.0,665900000.0,2259900000.0,10200000.0,,,400000.0,613100000.0,665900000.0,1594000000.0,62500000.0,,688300000.0,905700000.0,-52300000.0,853400000.0,2259900000.0,227700000.0,228200000.0,231500000.0
Moody's Corp,MCO,549300GCEDD8YCF5WU84,1059556,2011.0,Q2,2011-04-01,2011-06-30,2012-07-30 06:09:41+00:00,0.83,0.83,0.14,21800000.0,0.82,,73500000.0,190700000.0,190700000.0,189000000.0,1700000.0,170500000.0,605200000.0,8200000.0,,,-100000.0,142900000.0,170500000.0,434700000.0,14100000.0,,164600000.0,270100000.0,-5900000.0,264200000.0,605200000.0,227700000.0,228200000.0,231500000.0
Moody's Corp,MCO,549300GCEDD8YCF5WU84,1059556,2011.0,Q1TTM,2010-04-01,2011-03-31,,2.36,2.36,0.42,68200000.0,2.35,,211300000.0,555800000.0,555800000.0,549900000.0,5900000.0,629700000.0,2132500000.0,-1600000.0,,,800000.0,607700000.0,629700000.0,1502800000.0,57400000.0,,676700000.0,826100000.0,-59000000.0,767100000.0,2132500000.0,228700000.0,228900000.0,231400000.0
Moody's Corp,MCO,549300GCEDD8YCF5WU84,1059556,2011.0,Q1,2011-01-01,2011-03-31,2012-05-01 19:58:52+00:00,0.68,0.68,,17700000.0,0.67,,78100000.0,157100000.0,157100000.0,155500000.0,1600000.0,160800000.0,577100000.0,3300000.0,,,,148500000.0,160800000.0,416300000.0,18200000.0,,166200000.0,250100000.0,-14900000.0,235200000.0,577100000.0,228700000.0,228900000.0,231400000.0
Moody's Corp,MCO,549300GCEDD8YCF5WU84,1059556,2012.0,FY,2012-01-01,2012-12-31,2015-02-25 21:10:31+00:00,3.09,3.09,,93500000.0,3.05,12200000.0,324300000.0,699700000.0,699700000.0,690000000.0,9700000.0,795000000.0,2730300000.0,10400000.0,,,,752200000.0,795000000.0,1935300000.0,63800000.0,0.0,857900000.0,1077400000.0,-53400000.0,1024000000.0,2730300000.0,223300000.0,223200000.0,226600000.0
Moody's Corp,MCO,549300GCEDD8YCF5WU84,1059556,2012.0,Q4,2012-10-01,2012-12-31,,0.71,0.71,-0.46,23800000.0,0.72,12200000.0,74400000.0,162000000.0,162000000.0,160100000.0,1900000.0,221600000.0,754200000.0,-2200000.0,,,,236400000.0,221600000.0,532600000.0,21600000.0,,272400000.0,260200000.0,-23800000.0,236400000.0,754200000.0,223300000.0,223200000.0,226600000.0
Moody's Corp,MCO,549300GCEDD8YCF5WU84,1059556,2012.0,Q3YTD,2012-01-01,2012-09-30,,2.38,2.38,0.46,69700000.0,2.33,,249900000.0,537700000.0,537700000.0,529900000.0,7800000.0,573400000.0,1976100000.0,12600000.0,,,,515800000.0,573400000.0,1402700000.0,42200000.0,,585500000.0,817200000.0,-29600000.0,787600000.0,1976100000.0,221600000.0,222500000.0,226100000.0
Moody's Corp,MCO,549300GCEDD8YCF5WU84,1059556,2012.0,Q3TTM,2011-10-01,2012-09-30,,2.81,2.81,0.72,90400000.0,2.76,,307400000.0,635800000.0,635800000.0,626100000.0,9700000.0,754600000.0,2543200000.0,13000000.0,,,-100000.0,709000000.0,754600000.0,1788600000.0,59100000.0,,799300000.0,989300000.0,-46100000.0,943200000.0,2543200000.0,221600000.0,222500000.0,226100000.0
Moody's Corp,MCO,549300GCEDD8YCF5WU84,1059556,2012.0,Q3,2012-07-01,2012-09-30,2013-10-31 15:31:12+00:00,0.83,0.83,0.16,24100000.0,0.81,,77900000.0,186500000.0,186500000.0,183900000.0,2600000.0,207300000.0,688500000.0,10000000.0,,,,187400000.0,207300000.0,481200000.0,15300000.0,,211500000.0,269700000.0,-5300000.0,264400000.0,688500000.0,221600000.0,222500000.0,226100000.0
Moody's Corp,MCO,549300GCEDD8YCF5WU84,1059556,2012.0,Q2YTD,2012-01-01,2012-06-30,,1.55,1.55,0.3,45600000.0,1.52,,172000000.0,351200000.0,351200000.0,346000000.0,5200000.0,366100000.0,1287600000.0,2600000.0,,,,328400000.0,366100000.0,921500000.0,26900000.0,,374000000.0,547500000.0,-24300000.0,523200000.0,1287600000.0,224000000.0,223900000.0,227200000.0
Moody's Corp,MCO,549300GCEDD8YCF5WU84,1059556,2012.0,Q2TTM,2011-07-01,2012-06-30,,2.56,2.56,0.7,85300000.0,2.52,,282200000.0,581400000.0,581400000.0,572900000.0,8500000.0,718300000.0,2386000000.0,4600000.0,,,100000.0,666600000.0,718300000.0,1667700000.0,56700000.0,,752000000.0,915700000.0,-52100000.0,863600000.0,2386000000.0,224000000.0,223900000.0,227200000.0
Moody's Corp,MCO,549300GCEDD8YCF5WU84,1059556,2012.0,Q2,2012-04-01,2012-06-30,2013-07-30 17:31:50+00:00,0.77,0.77,0.16,22100000.0,0.76,,88900000.0,175700000.0,175700000.0,172500000.0,3200000.0,180600000.0,640800000.0,2700000.0,,,,159600000.0,180600000.0,460200000.0,16600000.0,,181700000.0,278500000.0,-13900000.0,264600000.0,640800000.0,224000000.0,223900000.0,227200000.0
Moody's Corp,MCO,549300GCEDD8YCF5WU84,1059556,2012.0,Q1TTM,2011-04-01,2012-03-31,,2.62,2.62,0.68,85000000.0,2.58,,266800000.0,596400000.0,596400000.0,589400000.0,7000000.0,708200000.0,2350400000.0,10100000.0,,,,649900000.0,708200000.0,1642200000.0,54200000.0,,734900000.0,907300000.0,-44100000.0,863200000.0,2350400000.0,222400000.0,223400000.0,227400000.0
Moody's Corp,MCO,549300GCEDD8YCF5WU84,1059556,2012.0,Q1,2012-01-01,2012-03-31,2013-05-03 16:24:03+00:00,0.78,0.78,0.14,23500000.0,0.76,,83100000.0,175500000.0,175500000.0,173500000.0,2000000.0,185500000.0,646800000.0,-100000.0,,,,168800000.0,185500000.0,461300000.0,10300000.0,,192300000.0,269000000.0,-10400000.0,258600000.0,646800000.0,222400000.0,223400000.0,227400000.0
Moody's Corp,MCO,549300GCEDD8YCF5WU84,1059556,2013.0,FY,2013-01-01,2013-12-31,2016-02-24 21:23:27+00:00,3.67,3.67,,93400000.0,3.6,,353400000.0,815900000.0,815900000.0,804500000.0,11400000.0,822400000.0,2972500000.0,26500000.0,,,,822100000.0,822400000.0,2150100000.0,,-91800000.0,915500000.0,1234600000.0,-65300000.0,1169300000.0,2972500000.0,219200000.0,219400000.0,223500000.0
Moody's Corp,MCO,549300GCEDD8YCF5WU84,1059556,2013.0,Q4,2013-10-01,2013-12-31,,0.98,0.98,-0.45,23300000.0,0.94,,92200000.0,209600000.0,209600000.0,206700000.0,2900000.0,221000000.0,779200000.0,13600000.0,,,,223000000.0,221000000.0,558200000.0,-68100000.0,-91800000.0,246300000.0,311900000.0,-10100000.0,301800000.0,779200000.0,219200000.0,219400000.0,223500000.0
Moody's Corp,MCO,549300GCEDD8YCF5WU84,1059556,2013.0,Q3YTD,2013-01-01,2013-09-30,,2.69,2.69,0.45,70100000.0,2.66,,261200000.0,606300000.0,606300000.0,597800000.0,8500000.0,601400000.0,2193300000.0,12900000.0,,,,599100000.0,601400000.0,1591900000.0,68100000.0,,669200000.0,922700000.0,-55200000.0,867500000.0,2193300000.0,218900000.0,217800000.0,222000000.0
Moody's Corp,MCO,549300GCEDD8YCF5WU84,1059556,2013.0,Q3TTM,2012-10-01,2013-09-30,,3.4,3.4,-0.01,93900000.0,3.38,12200000.0,335600000.0,768300000.0,768300000.0,757900000.0,10400000.0,823000000.0,2947500000.0,10700000.0,,,,835500000.0,823000000.0,2124500000.0,89700000.0,,941600000.0,1182900000.0,-79000000.0,1103900000.0,2947500000.0,218900000.0,217800000.0,222000000.0
Moody's Corp,MCO,549300GCEDD8YCF5WU84,1059556,2013.0,Q3,2013-07-01,2013-09-30,2014-10-29 17:01:42+00:00,0.84,0.84,0.25,23400000.0,0.83,,76700000.0,186800000.0,186800000.0,183900000.0,2900000.0,203500000.0,705500000.0,-3600000.0,,,,187100000.0,203500000.0,502000000.0,24400000.0,0.0,210500000.0,291500000.0,-28000000.0,263500000.0,705500000.0,218900000.0,217800000.0,222000000.0
Moody's Corp,MCO,549300GCEDD8YCF5WU84,1059556,2013.0,Q2YTD,2013-01-01,2013-06-30,,1.85,1.85,0.2,46700000.0,1.83,,184500000.0,419500000.0,419500000.0,413900000.0,5600000.0,397900000.0,1487800000.0,16500000.0,,,,412000000.0,397900000.0,1089900000.0,43700000.0,,458700000.0,631200000.0,-27200000.0,604000000.0,1487800000.0,223300000.0,222300000.0,226200000.0
Moody's Corp,MCO,549300GCEDD8YCF5WU84,1059556,2013.0,Q2TTM,2012-07-01,2013-06-30,,3.39,3.39,-0.1,94600000.0,3.36,12200000.0,336800000.0,768000000.0,768000000.0,757900000.0,10100000.0,826800000.0,2930500000.0,24300000.0,,,,835800000.0,826800000.0,2103700000.0,80600000.0,,942600000.0,1161100000.0,-56300000.0,1104800000.0,2930500000.0,223300000.0,222300000.0,226200000.0
Moody's Corp,MCO,549300GCEDD8YCF5WU84,1059556,2013.0,Q2,2013-04-01,2013-06-30,2014-07-31 17:23:39+00:00,1.01,1.01,0.2,23100000.0,1.0,,108400000.0,228400000.0,228400000.0,225500000.0,2900000.0,197100000.0,756000000.0,7700000.0,,,,185000000.0,197100000.0,558900000.0,21700000.0,0.0,208100000.0,350800000.0,-14000000.0,336800000.0,756000000.0,223300000.0,222300000.0,226200000.0
Moody's Corp,MCO,549300GCEDD8YCF5WU84,1059556,2013.0,Q1TTM,2012-04-01,2013-03-31,,3.15,3.15,-0.14,93600000.0,3.12,12200000.0,317300000.0,715300000.0,715300000.0,704900000.0,10400000.0,810300000.0,2815300000.0,19300000.0,,,,810400000.0,810300000.0,2005000000.0,75500000.0,,916200000.0,1088800000.0,-56200000.0,1032600000.0,2815300000.0,224300000.0,223300000.0,227200000.0
Moody's Corp,MCO,549300GCEDD8YCF5WU84,1059556,2013.0,Q1,2013-01-01,2013-03-31,2014-04-30 19:32:07+00:00,0.84,0.84,,23600000.0,0.83,,76100000.0,191100000.0,191100000.0,188400000.0,2700000.0,200800000.0,731800000.0,8800000.0,,,,227000000.0,200800000.0,531000000.0,22000000.0,,250600000.0,280400000.0,-13200000.0,267200000.0,731800000.0,224300000.0,223300000.0,227200000.0
Moody's Corp,MCO,549300GCEDD8YCF5WU84,1059556,2014.0,FY,2014-01-01,2014-12-31,2017-02-23 21:20:50+00:00,4.69,4.69,1.12,95600000.0,4.61,,455000000.0,1006000000.0,1006000000.0,988700000.0,17300000.0,930300000.0,3334300000.0,35900000.0,,,,869300000.0,930300000.0,2404000000.0,,-14000000.0,964900000.0,1439100000.0,21900000.0,1461000000.0,3334300000.0,210800000.0,210700000.0,214700000.0
Moody's Corp,MCO,549300GCEDD8YCF5WU84,1059556,2014.0,Q4,2014-10-01,2014-12-31,,1.14,1.14,0.56,27000000.0,1.13,,94400000.0,241400000.0,241400000.0,236300000.0,5100000.0,255500000.0,877500000.0,20400000.0,,,,250300000.0,255500000.0,622000000.0,-23800000.0,-53100000.0,277300000.0,344700000.0,-8900000.0,335800000.0,877500000.0,210800000.0,210700000.0,214700000.0
Moody's Corp,MCO,549300GCEDD8YCF5WU84,1059556,2014.0,Q3,2014-07-01,2014-09-30,2015-11-03 20:02:02+00:00,1.02,1.02,0.28,23200000.0,1.0,,109900000.0,218500000.0,218500000.0,215200000.0,3300000.0,236700000.0,816100000.0,16400000.0,,,,206500000.0,236700000.0,579400000.0,,-37700000.0,229700000.0,349700000.0,-21300000.0,328400000.0,816100000.0,211000000.0,210400000.0,214200000.0
Moody's Corp,MCO,549300GCEDD8YCF5WU84,1059556,2014.0,Q3YTD,2014-01-01,2014-09-30,,3.55,3.55,0.56,68600000.0,3.48,,360600000.0,764600000.0,764600000.0,752400000.0,12200000.0,674800000.0,2456800000.0,15500000.0,,,,619000000.0,674800000.0,1782000000.0,23800000.0,39100000.0,687600000.0,1094400000.0,30800000.0,1125200000.0,2456800000.0,211000000.0,210400000.0,214200000.0
Moody's Corp,MCO,549300GCEDD8YCF5WU84,1059556,2014.0,Q3TTM,2013-10-01,2014-09-30,,4.53,4.53,0.11,91900000.0,4.42,,452800000.0,974200000.0,974200000.0,959100000.0,15100000.0,895800000.0,3236000000.0,29100000.0,,,,842000000.0,895800000.0,2340200000.0,-44300000.0,-52700000.0,933900000.0,1406300000.0,20700000.0,1427000000.0,3236000000.0,211000000.0,210400000.0,214200000.0
Moody's Corp,MCO,549300GCEDD8YCF5WU84,1059556,2014.0,Q2,2014-04-01,2014-06-30,2015-07-30 06:08:44+00:00,1.51,1.51,0.28,22300000.0,1.48,,160800000.0,324400000.0,324400000.0,319200000.0,5200000.0,222100000.0,873500000.0,-3300000.0,,,,217400000.0,222100000.0,651400000.0,,76800000.0,239700000.0,411700000.0,73500000.0,485200000.0,873500000.0,211400000.0,212000000.0,215700000.0
Moody's Corp,MCO,549300GCEDD8YCF5WU84,1059556,2014.0,Q2YTD,2014-01-01,2014-06-30,,2.53,2.53,0.28,45400000.0,2.48,,250700000.0,546100000.0,546100000.0,537200000.0,8900000.0,438100000.0,1640700000.0,-900000.0,,,,412500000.0,438100000.0,1202600000.0,23800000.0,76800000.0,457900000.0,744700000.0,52100000.0,796800000.0,1640700000.0,211400000.0,212000000.0,215700000.0
Moody's Corp,MCO,549300GCEDD8YCF5WU84,1059556,2014.0,Q2TTM,2013-07-01,2014-06-30,,4.35,4.35,0.08,92100000.0,4.25,,419600000.0,942500000.0,942500000.0,927800000.0,14700000.0,862600000.0,3125400000.0,9100000.0,,,,822600000.0,862600000.0,2262800000.0,-19900000.0,-15000000.0,914700000.0,1348100000.0,14000000.0,1362100000.0,3125400000.0,211400000.0,212000000.0,215700000.0
Moody's Corp,MCO,549300GCEDD8YCF5WU84,1059556,2014.0,Q1,2014-01-01,2014-03-31,2015-05-04 16:19:56+00:00,1.02,1.02,0.0,23100000.0,1.0,,89900000.0,221700000.0,221700000.0,218000000.0,3700000.0,216000000.0,767200000.0,2400000.0,,,,195100000.0,216000000.0,551200000.0,23800000.0,,218200000.0,333000000.0,-21400000.0,311600000.0,767200000.0,213700000.0,214000000.0,218500000.0
Moody's Corp,MCO,549300GCEDD8YCF5WU84,1059556,2014.0,Q1TTM,2013-04-01,2014-03-31,,3.85,3.85,,92900000.0,3.77,,367200000.0,846500000.0,846500000.0,834100000.0,12400000.0,837600000.0,3007900000.0,20100000.0,,,,790200000.0,837600000.0,2170300000.0,1800000.0,-91800000.0,883100000.0,1287200000.0,-73500000.0,1213700000.0,3007900000.0,213700000.0,214000000.0,218500000.0
Moody's Corp,MCO,549300GCEDD8YCF5WU84,1059556,2015.0,FY,2015-01-01,2015-12-31,2018-02-26 21:08:03+00:00,4.7,4.7,1.36,113500000.0,4.63,,430000000.0,949600000.0,949600000.0,941300000.0,8300000.0,976300000.0,3484500000.0,21300000.0,,,,921300000.0,976300000.0,2508200000.0,,-115100000.0,1034800000.0,1473400000.0,-93800000.0,1379600000.0,3484500000.0,200300000.0,200100000.0,203400000.0
Moody's Corp,MCO,549300GCEDD8YCF5WU84,1059556,2015.0,Q4,2015-10-01,2015-12-31,,1.1,1.1,0.68,28700000.0,1.1,,91900000.0,220400000.0,220400000.0,217900000.0,2500000.0,251900000.0,865900000.0,7300000.0,,,,252200000.0,251900000.0,614000000.0,,-28100000.0,280900000.0,333100000.0,-20800000.0,312300000.0,865900000.0,200300000.0,200100000.0,203400000.0
Moody's Corp,MCO,549300GCEDD8YCF5WU84,1059556,2015.0,Q3,2015-07-01,2015-09-30,2016-10-24 11:11:20+00:00,1.16,1.16,0.34,28300000.0,1.14,,109800000.0,233800000.0,233800000.0,231600000.0,2200000.0,236100000.0,834900000.0,19700000.0,,,,220800000.0,236100000.0,598800000.0,,-25800000.0,249100000.0,349700000.0,-6100000.0,343600000.0,834900000.0,199700000.0,199400000.0,202500000.0
Moody's Corp,MCO,549300GCEDD8YCF5WU84,1059556,2015.0,Q3YTD,2015-01-01,2015-09-30,,3.6,3.6,0.68,84800000.0,3.53,,338100000.0,729200000.0,729200000.0,723400000.0,5800000.0,724400000.0,2618600000.0,14000000.0,,,,669100000.0,724400000.0,1894200000.0,,-87000000.0,753900000.0,1140300000.0,-73000000.0,1067300000.0,2618600000.0,199700000.0,199400000.0,202500000.0
Moody's Corp,MCO,549300GCEDD8YCF5WU84,1059556,2015.0,Q3TTM,2014-10-01,2015-09-30,,4.74,4.74,1.24,111800000.0,4.66,,432500000.0,970600000.0,970600000.0,959700000.0,10900000.0,979900000.0,3496100000.0,34400000.0,,,,919400000.0,979900000.0,2516200000.0,-23800000.0,-140100000.0,1031200000.0,1485000000.0,-81900000.0,1403100000.0,3496100000.0,199700000.0,199400000.0,202500000.0
Moody's Corp,MCO,549300GCEDD8YCF5WU84,1059556,2015.0,Q2,2015-04-01,2015-06-30,2016-07-27 19:32:57+00:00,1.3,1.3,0.34,27900000.0,1.28,,115100000.0,264100000.0,264100000.0,261700000.0,2400000.0,243900000.0,918100000.0,-8200000.0,,,,227000000.0,243900000.0,674200000.0,,-31900000.0,254900000.0,419300000.0,-40100000.0,379200000.0,918100000.0,201300000.0,201300000.0,204400000.0
Moody's Corp,MCO,549300GCEDD8YCF5WU84,1059556,2015.0,Q2YTD,2015-01-01,2015-06-30,,2.44,2.44,0.34,56500000.0,2.39,,228300000.0,495400000.0,495400000.0,491800000.0,3600000.0,488300000.0,1783700000.0,-5700000.0,,,,448300000.0,488300000.0,1295400000.0,,-61200000.0,504800000.0,790600000.0,-66900000.0,723700000.0,1783700000.0,201300000.0,201300000.0,204400000.0
Moody's Corp,MCO,549300GCEDD8YCF5WU84,1059556,2015.0,Q2TTM,2014-07-01,2015-06-30,,4.6,4.6,1.18,106700000.0,4.52,,432600000.0,955300000.0,955300000.0,943300000.0,12000000.0,980500000.0,3477300000.0,31100000.0,,,,905100000.0,980500000.0,2496800000.0,-23800000.0,-152000000.0,1011800000.0,1485000000.0,-97100000.0,1387900000.0,3477300000.0,201300000.0,201300000.0,204400000.0
Moody's Corp,MCO,549300GCEDD8YCF5WU84,1059556,2015.0,Q1,2015-01-01,2015-03-31,2016-05-03 19:54:52+00:00,1.14,1.14,,28600000.0,1.11,,113200000.0,231300000.0,231300000.0,230100000.0,1200000.0,244400000.0,865600000.0,2500000.0,,,,221300000.0,244400000.0,621200000.0,,-29300000.0,249900000.0,371300000.0,-26800000.0,344500000.0,865600000.0,201800000.0,202700000.0,206500000.0
Moody's Corp,MCO,549300GCEDD8YCF5WU84,1059556,2015.0,Q1TTM,2014-04-01,2015-03-31,,4.81,4.81,1.12,101100000.0,4.72,,478300000.0,1015600000.0,1015600000.0,1000800000.0,14800000.0,958700000.0,3432700000.0,36000000.0,,,,895500000.0,958700000.0,2474000000.0,-23800000.0,-43300000.0,996600000.0,1477400000.0,16500000.0,1493900000.0,3432700000.0,201800000.0,202700000.0,206500000.0
Moody's Corp,MCO,549300GCEDD8YCF5WU84,1059556,2016.0,FY,2016-01-01,2016-12-31,2019-02-22 19:46:27+00:00,1.38,1.38,1.48,126700000.0,1.36,,282200000.0,275800000.0,275800000.0,266600000.0,9200000.0,1019600000.0,3604200000.0,64400000.0,,863800000.0,12000000.0,931200000.0,1019600000.0,2584600000.0,,-157300000.0,1933700000.0,650900000.0,-92900000.0,558000000.0,3604200000.0,193200000.0,192700000.0,195400000.0
Moody's Corp,MCO,549300GCEDD8YCF5WU84,1059556,2016.0,Q4,2016-10-01,2016-12-31,,-2.22,-2.22,0.74,32900000.0,-2.18,,-40000000.0,-425500000.0,-425500000.0,-428600000.0,3100000.0,258300000.0,942100000.0,48900000.0,,863800000.0,3600000.0,244400000.0,258300000.0,683800000.0,,-53500000.0,1144700000.0,-460900000.0,-4600000.0,-465500000.0,942100000.0,193200000.0,192700000.0,195400000.0
Moody's Corp,MCO,549300GCEDD8YCF5WU84,1059556,2016.0,Q3,2016-07-01,2016-09-30,2017-11-08 18:37:27+00:00,1.33,1.33,0.37,32700000.0,1.31,,112400000.0,256600000.0,256600000.0,255300000.0,1300000.0,253200000.0,917100000.0,6900000.0,,,8400000.0,225300000.0,253200000.0,663900000.0,,-35400000.0,266400000.0,397500000.0,-28500000.0,369000000.0,917100000.0,192000000.0,191700000.0,194300000.0
Moody's Corp,MCO,549300GCEDD8YCF5WU84,1059556,2016.0,Q3YTD,2016-01-01,2016-09-30,,3.6,3.6,0.74,93800000.0,3.54,,322200000.0,701300000.0,701300000.0,695200000.0,6100000.0,761300000.0,2662100000.0,15500000.0,,,8400000.0,686800000.0,761300000.0,1900800000.0,,-103800000.0,789000000.0,1111800000.0,-88300000.0,1023500000.0,2662100000.0,192000000.0,191700000.0,194300000.0
Moody's Corp,MCO,549300GCEDD8YCF5WU84,1059556,2016.0,Q3TTM,2015-10-01,2016-09-30,,4.7,4.7,1.42,122500000.0,4.64,,414100000.0,921700000.0,921700000.0,913100000.0,8600000.0,1013200000.0,3528000000.0,22800000.0,,,8400000.0,939000000.0,1013200000.0,2514800000.0,,-131900000.0,1069900000.0,1444900000.0,-109100000.0,1335800000.0,3528000000.0,192000000.0,191700000.0,194300000.0
Moody's Corp,MCO,549300GCEDD8YCF5WU84,1059556,2016.0,Q2,2016-04-01,2016-06-30,2017-07-26 19:59:58+00:00,1.32,1.32,0.37,31200000.0,1.3,,120800000.0,258100000.0,258100000.0,255500000.0,2600000.0,258900000.0,928900000.0,3000000.0,,,,228600000.0,258900000.0,670000000.0,,-34300000.0,259800000.0,410200000.0,-31300000.0,378900000.0,928900000.0,193600000.0,193400000.0,195800000.0
Moody's Corp,MCO,549300GCEDD8YCF5WU84,1059556,2016.0,Q2YTD,2016-01-01,2016-06-30,,2.27,2.27,0.37,61100000.0,2.23,,209800000.0,444700000.0,444700000.0,439900000.0,4800000.0,508100000.0,1745000000.0,8600000.0,,,,461500000.0,508100000.0,1236900000.0,,-68400000.0,522600000.0,714300000.0,-59800000.0,654500000.0,1745000000.0,193600000.0,193400000.0,195800000.0
Moody's Corp,MCO,549300GCEDD8YCF5WU84,1059556,2016.0,Q2TTM,2015-07-01,2016-06-30,,4.53,4.53,1.39,118100000.0,4.47,,411500000.0,898900000.0,898900000.0,889400000.0,9500000.0,996100000.0,3445800000.0,35600000.0,,,,934500000.0,996100000.0,2449700000.0,,-122300000.0,1052600000.0,1397100000.0,-86700000.0,1310400000.0,3445800000.0,193600000.0,193400000.0,195800000.0
Moody's Corp,MCO,549300GCEDD8YCF5WU84,1059556,2016.0,Q1,2016-01-01,2016-03-31,2017-05-08 20:12:04+00:00,0.95,0.95,,29900000.0,0.93,,89000000.0,186600000.0,186600000.0,184400000.0,2200000.0,249200000.0,816100000.0,5600000.0,,,,232900000.0,249200000.0,566900000.0,,-34100000.0,262800000.0,304100000.0,-28500000.0,275600000.0,816100000.0,194100000.0,195000000.0,197900000.0
Moody's Corp,MCO,549300GCEDD8YCF5WU84,1059556,2016.0,Q1TTM,2015-04-01,2016-03-31,,4.51,4.51,1.36,114800000.0,4.45,,405800000.0,904900000.0,904900000.0,895600000.0,9300000.0,981100000.0,3435000000.0,24400000.0,,,,932900000.0,981100000.0,2453900000.0,,-119900000.0,1047700000.0,1406200000.0,-95500000.0,1310700000.0,3435000000.0,194100000.0,195000000.0,197900000.0
Moody's Corp,MCO,549300GCEDD8YCF5WU84,1059556,2017.0,FY,2017-01-01,2017-12-31,2020-02-21 18:43:29+00:00,5.24,5.24,1.52,158000000.0,5.15,,779000000.0,1008000000.0,1008000000.0,1001000000.0,7000000.0,1216000000.0,4204000000.0,4000000.0,,,23000000.0,986000000.0,1216000000.0,2988000000.0,,-38000000.0,1167000000.0,1821000000.0,-34000000.0,1787000000.0,4204000000.0,191000000.0,191100000.0,194200000.0
Moody's Corp,MCO,549300GCEDD8YCF5WU84,1059556,2017.0,Q4,2017-10-01,2017-12-31,,0.14,0.14,0.76,49600000.0,0.13,,379100000.0,28800000.0,28800000.0,25900000.0,2900000.0,340300000.0,1165400000.0,-40400000.0,,,6300000.0,303500000.0,340300000.0,825100000.0,,-17400000.0,359400000.0,465700000.0,-57800000.0,407900000.0,1165400000.0,191000000.0,191100000.0,194200000.0
Moody's Corp,MCO,549300GCEDD8YCF5WU84,1059556,2017.0,Q3,2017-07-01,2017-09-30,2018-10-31 16:40:01+00:00,1.66,1.66,0.38,43000000.0,1.63,,146100000.0,319700000.0,319700000.0,317300000.0,2400000.0,315600000.0,1062900000.0,500000.0,,,10100000.0,245700000.0,315600000.0,747300000.0,,16800000.0,298800000.0,448500000.0,17300000.0,465800000.0,1062900000.0,191100000.0,191100000.0,194100000.0
Moody's Corp,MCO,549300GCEDD8YCF5WU84,1059556,2017.0,Q3YTD,2017-01-01,2017-09-30,,5.1,5.1,0.76,108400000.0,5.02,,399900000.0,979200000.0,979200000.0,975100000.0,4100000.0,875700000.0,3038600000.0,44400000.0,,,16700000.0,682500000.0,875700000.0,2162900000.0,,-20600000.0,807600000.0,1355300000.0,23800000.0,1379100000.0,3038600000.0,191100000.0,191100000.0,194100000.0
Moody's Corp,MCO,549300GCEDD8YCF5WU84,1059556,2017.0,Q3TTM,2016-10-01,2017-09-30,,2.88,2.88,1.5,141300000.0,2.84,,359900000.0,553700000.0,553700000.0,546500000.0,7200000.0,1134000000.0,3980700000.0,93300000.0,,863800000.0,20300000.0,926900000.0,1134000000.0,2846700000.0,,-74100000.0,1952300000.0,894400000.0,19200000.0,913600000.0,3980700000.0,191100000.0,191100000.0,194100000.0
Moody's Corp,MCO,549300GCEDD8YCF5WU84,1059556,2017.0,Q2,2017-04-01,2017-06-30,2018-08-01 19:29:51+00:00,1.63,1.63,0.38,32900000.0,1.61,,148400000.0,313600000.0,313600000.0,312200000.0,1400000.0,284800000.0,1000500000.0,51600000.0,,,6600000.0,216100000.0,284800000.0,715700000.0,,-49700000.0,255600000.0,460100000.0,1900000.0,462000000.0,1000500000.0,191500000.0,191000000.0,193800000.0
Moody's Corp,MCO,549300GCEDD8YCF5WU84,1059556,2017.0,Q2YTD,2017-01-01,2017-06-30,,3.44,3.44,0.38,65400000.0,3.39,,253800000.0,659500000.0,659500000.0,657800000.0,1700000.0,560100000.0,1975700000.0,43900000.0,,,6600000.0,436800000.0,560100000.0,1415600000.0,,-37400000.0,508800000.0,906800000.0,6500000.0,913300000.0,1975700000.0,191500000.0,191000000.0,193800000.0
Moody's Corp,MCO,549300GCEDD8YCF5WU84,1059556,2017.0,Q2TTM,2016-07-01,2017-06-30,,2.55,2.55,1.49,131000000.0,2.52,,326200000.0,490600000.0,490600000.0,484500000.0,6100000.0,1071600000.0,3834900000.0,99700000.0,,863800000.0,18600000.0,906500000.0,1071600000.0,2763300000.0,,-126300000.0,1919900000.0,843400000.0,-26600000.0,816800000.0,3834900000.0,191500000.0,191000000.0,193800000.0
Moody's Corp,MCO,549300GCEDD8YCF5WU84,1059556,2017.0,Q1,2017-01-01,2017-03-31,2018-05-01 17:18:28+00:00,1.81,1.81,0.0,32500000.0,1.78,,105400000.0,345900000.0,345900000.0,345600000.0,300000.0,275300000.0,975200000.0,-7700000.0,,,,220700000.0,275300000.0,699900000.0,,12300000.0,253200000.0,446700000.0,4600000.0,451300000.0,975200000.0,190900000.0,191100000.0,194300000.0
Moody's Corp,MCO,549300GCEDD8YCF5WU84,1059556,2017.0,Q1TTM,2016-04-01,2017-03-31,,2.24,2.24,1.48,129300000.0,2.21,,298600000.0,435100000.0,435100000.0,427800000.0,7300000.0,1045700000.0,3763300000.0,51100000.0,,863800000.0,12000000.0,919000000.0,1045700000.0,2717600000.0,,-110900000.0,1924100000.0,793500000.0,-59800000.0,733700000.0,3763300000.0,190900000.0,191100000.0,194300000.0
Moody's Corp,MCO,549300GCEDD8YCF5WU84,1059556,2018.0,FY,2018-01-01,2018-12-31,2020-02-21 18:43:29+00:00,6.84,6.84,1.76,192000000.0,6.74,,352000000.0,1320000000.0,1320000000.0,1310000000.0,10000000.0,1246000000.0,4443000000.0,19000000.0,,,57000000.0,1080000000.0,1246000000.0,3197000000.0,,-215000000.0,1329000000.0,1868000000.0,-196000000.0,1672000000.0,4443000000.0,191500000.0,191600000.0,194400000.0
Moody's Corp,MCO,549300GCEDD8YCF5WU84,1059556,2018.0,Q4,2018-10-01,2018-12-31,,1.31,1.31,0.44,48400000.0,1.29,,69300000.0,253300000.0,253300000.0,250700000.0,2600000.0,304600000.0,1060400000.0,700000.0,,,52900000.0,278100000.0,304600000.0,755800000.0,,-54500000.0,379400000.0,376400000.0,-53800000.0,322600000.0,1060400000.0,191500000.0,191600000.0,194400000.0
Moody's Corp,MCO,549300GCEDD8YCF5WU84,1059556,2018.0,Q3,2018-07-01,2018-09-30,2019-10-31 18:37:12+00:00,1.62,1.62,0.44,46100000.0,1.59,,100800000.0,312000000.0,312000000.0,310200000.0,1800000.0,306300000.0,1080800000.0,2400000.0,,,1300000.0,260300000.0,306300000.0,774500000.0,,-56400000.0,307700000.0,466800000.0,-54000000.0,412800000.0,1080800000.0,191500000.0,191800000.0,194500000.0
Moody's Corp,MCO,549300GCEDD8YCF5WU84,1059556,2018.0,Q3YTD,2018-01-01,2018-09-30,,5.53,5.53,1.32,143600000.0,5.45,,282700000.0,1066700000.0,1066700000.0,1059300000.0,7400000.0,941400000.0,3382600000.0,18300000.0,,,4100000.0,801900000.0,941400000.0,2441200000.0,,-160500000.0,949600000.0,1491600000.0,-142200000.0,1349400000.0,3382600000.0,191500000.0,191800000.0,194500000.0
Moody's Corp,MCO,549300GCEDD8YCF5WU84,1059556,2018.0,Q3TTM,2017-10-01,2018-09-30,,5.67,5.67,2.08,193200000.0,5.58,,661800000.0,1095500000.0,1095500000.0,1085200000.0,10300000.0,1281700000.0,4548000000.0,-22100000.0,,,10400000.0,1105400000.0,1281700000.0,3266300000.0,,-177900000.0,1309000000.0,1957300000.0,-200000000.0,1757300000.0,4548000000.0,191500000.0,191800000.0,194500000.0
Moody's Corp,MCO,549300GCEDD8YCF5WU84,1059556,2018.0,Q2,2018-04-01,2018-06-30,2019-08-01 21:29:34+00:00,1.96,1.96,0.44,48400000.0,1.94,,117600000.0,377900000.0,377900000.0,376200000.0,1700000.0,320200000.0,1175100000.0,14900000.0,,,2000000.0,270500000.0,320200000.0,854900000.0,,-53400000.0,320900000.0,534000000.0,-38500000.0,495500000.0,1175100000.0,191900000.0,191900000.0,194400000.0
Moody's Corp,MCO,549300GCEDD8YCF5WU84,1059556,2018.0,Q2YTD,2018-01-01,2018-06-30,,3.91,3.91,0.88,97500000.0,3.86,,181900000.0,754700000.0,754700000.0,749100000.0,5600000.0,635100000.0,2301800000.0,15900000.0,,,2800000.0,541600000.0,635100000.0,1666700000.0,,-104100000.0,641900000.0,1024800000.0,-88200000.0,936600000.0,2301800000.0,191900000.0,191900000.0,194400000.0
Moody's Corp,MCO,549300GCEDD8YCF5WU84,1059556,2018.0,Q2TTM,2017-07-01,2018-06-30,,5.71,5.71,2.02,190100000.0,5.62,,707100000.0,1103200000.0,1103200000.0,1092300000.0,10900000.0,1291000000.0,4530100000.0,-24000000.0,,,19200000.0,1090800000.0,1291000000.0,3239100000.0,,-104700000.0,1300100000.0,1939000000.0,-128700000.0,1810300000.0,4530100000.0,191900000.0,191900000.0,194400000.0
Moody's Corp,MCO,549300GCEDD8YCF5WU84,1059556,2018.0,Q1,2018-01-01,2018-03-31,2019-05-01 19:19:43+00:00,1.95,1.95,0.44,49100000.0,1.92,,64300000.0,376800000.0,376800000.0,372900000.0,3900000.0,314900000.0,1126700000.0,1000000.0,,,800000.0,271100000.0,314900000.0,811800000.0,,-50700000.0,321000000.0,490800000.0,-49700000.0,441100000.0,1126700000.0,191200000.0,191400000.0,194500000.0
Moody's Corp,MCO,549300GCEDD8YCF5WU84,1059556,2018.0,Q1TTM,2017-04-01,2018-03-31,,5.38,5.38,1.96,174600000.0,5.29,,737900000.0,1038900000.0,1038900000.0,1028300000.0,10600000.0,1255600000.0,4355500000.0,12700000.0,,,23800000.0,1036400000.0,1255600000.0,3099900000.0,,-101000000.0,1234800000.0,1865100000.0,-88300000.0,1776800000.0,4355500000.0,191200000.0,191400000.0,194500000.0
Moody's Corp,MCO,549300GCEDD8YCF5WU84,1059556,2019.0,Q4,2019-10-01,2019-12-31,,1.9,1.9,0.5,50400000.0,1.88,,91300000.0,360600000.0,360600000.0,359300000.0,1300000.0,344200000.0,1232900000.0,7700000.0,14000000.0,,1200000.0,319400000.0,344200000.0,888700000.0,,-59500000.0,385000000.0,503700000.0,-51800000.0,451900000.0,1232900000.0,189300000.0,189300000.0,191600000.0
Moody's Corp,MCO,549300GCEDD8YCF5WU84,1059556,2019.0,FY,2019-01-01,2019-12-31,2020-02-21 18:43:29+00:00,7.51,7.51,2.0,200000000.0,7.42,,381000000.0,1429000000.0,1429000000.0,1422000000.0,7000000.0,1387000000.0,4829000000.0,20000000.0,14000000.0,,63000000.0,1167000000.0,1387000000.0,3442000000.0,,-208000000.0,1444000000.0,1998000000.0,-188000000.0,1810000000.0,4829000000.0,189300000.0,189300000.0,191600000.0
Moody's Corp,MCO,549300GCEDD8YCF5WU84,1059556,2019.0,Q3YTD,2019-01-01,2019-09-30,,5.61,5.61,1.5,149600000.0,5.54,,289700000.0,1068400000.0,1068400000.0,1062700000.0,5700000.0,1042800000.0,3596100000.0,12300000.0,,,61800000.0,847600000.0,1042800000.0,2553300000.0,,-148500000.0,1059000000.0,1494300000.0,-136200000.0,1358100000.0,3596100000.0,188800000.0,189000000.0,191100000.0
Moody's Corp,MCO,549300GCEDD8YCF5WU84,1059556,2019.0,Q3TTM,2018-10-01,2019-09-30,,6.92,6.92,1.94,198000000.0,6.83,,359000000.0,1321700000.0,1321700000.0,1313400000.0,8300000.0,1347400000.0,4656500000.0,13000000.0,,,114700000.0,1125700000.0,1347400000.0,3309100000.0,,-203000000.0,1438400000.0,1870700000.0,-190000000.0,1680700000.0,4656500000.0,188800000.0,189000000.0,191100000.0
Moody's Corp,MCO,549300GCEDD8YCF5WU84,1059556,2019.0,Q3,2019-07-01,2019-09-30,2019-10-31 18:37:12+00:00,2.01,2.01,0.5,48600000.0,1.99,,130400000.0,382400000.0,382400000.0,379400000.0,3000000.0,352200000.0,1240500000.0,9900000.0,,,-1000000.0,291900000.0,352200000.0,888300000.0,,-45900000.0,339500000.0,548800000.0,-36000000.0,512800000.0,1240500000.0,188800000.0,189000000.0,191100000.0
Moody's Corp,MCO,549300GCEDD8YCF5WU84,1059556,2019.0,Q2YTD,2019-01-01,2019-06-30,,3.6,3.6,1.0,101000000.0,3.55,,159300000.0,686000000.0,686000000.0,683300000.0,2700000.0,690600000.0,2355600000.0,2400000.0,,,62800000.0,555700000.0,690600000.0,1665000000.0,,-102600000.0,719500000.0,945500000.0,-100200000.0,845300000.0,2355600000.0,189200000.0,189400000.0,191300000.0
Moody's Corp,MCO,549300GCEDD8YCF5WU84,1059556,2019.0,Q2TTM,2018-07-01,2019-06-30,,6.53,6.53,1.88,195500000.0,6.43,,329400000.0,1251300000.0,1251300000.0,1244200000.0,7100000.0,1301500000.0,4496800000.0,5500000.0,,,117000000.0,1094100000.0,1301500000.0,3195300000.0,,-213500000.0,1406600000.0,1788700000.0,-208000000.0,1580700000.0,4496800000.0,189200000.0,189400000.0,191300000.0
Moody's Corp,MCO,549300GCEDD8YCF5WU84,1059556,2019.0,Q2,2019-04-01,2019-06-30,2019-08-01 21:29:34+00:00,1.64,1.64,0.5,51000000.0,1.62,,121300000.0,312000000.0,312000000.0,310300000.0,1700000.0,348600000.0,1213600000.0,400000.0,,,55800000.0,274700000.0,348600000.0,865000000.0,,-50600000.0,381500000.0,483500000.0,-50200000.0,433300000.0,1213600000.0,189200000.0,189400000.0,191300000.0
Moody's Corp,MCO,549300GCEDD8YCF5WU84,1059556,2019.0,Q1,2019-01-01,2019-03-31,2020-05-01 17:18:21+00:00,1.96,1.96,0.5,50000000.0,1.93,,38000000.0,374000000.0,374000000.0,373000000.0,1000000.0,342000000.0,1142000000.0,2000000.0,0.0,,7000000.0,281000000.0,342000000.0,800000000.0,,-52000000.0,338000000.0,462000000.0,-50000000.0,412000000.0,1142000000.0,190300000.0,190400000.0,192800000.0
Moody's Corp,MCO,549300GCEDD8YCF5WU84,1059556,2019.0,Q1TTM,2018-04-01,2019-03-31,,6.85,6.85,1.82,192900000.0,6.75,,325700000.0,1317200000.0,1317200000.0,1310100000.0,7100000.0,1273100000.0,4458300000.0,20000000.0,,,63200000.0,1089900000.0,1273100000.0,3185200000.0,,-216300000.0,1346000000.0,1839200000.0,-196300000.0,1642900000.0,4458300000.0,190300000.0,190400000.0,192800000.0
Moody's Corp,MCO,549300GCEDD8YCF5WU84,1059556,2020.0,Q1TTM,2019-04-01,2020-03-31,,8.15,8.15,2.06,199000000.0,8.06,,420000000.0,1542000000.0,1542000000.0,1537000000.0,5000000.0,1385000000.0,4977000000.0,30000000.0,23000000.0,,55000000.0,1187000000.0,1385000000.0,3592000000.0,,-196000000.0,1464000000.0,2128000000.0,-166000000.0,1962000000.0,4977000000.0,187700000.0,187500000.0,189600000.0
Moody's Corp,MCO,549300GCEDD8YCF5WU84,1059556,2020.0,Q1,2020-01-01,2020-03-31,2020-05-01 17:18:21+00:00,2.6,2.6,0.56,49000000.0,2.57,,77000000.0,487000000.0,487000000.0,488000000.0,-1000000.0,340000000.0,1290000000.0,12000000.0,9000000.0,,-1000000.0,301000000.0,340000000.0,950000000.0,,-40000000.0,358000000.0,592000000.0,-28000000.0,564000000.0,1290000000.0,187700000.0,187500000.0,189600000.0
