company_name,company_ticker,company_lei,company_cik,year,quarter,start_date,end_date,filing_date,basicdilutedeps,basiceps,cashdividendspershare,depreciationexpense,dilutedeps,incometaxexpense,netincome,netincomecontinuing,netincomediscontinued,netincometocommon,operatingcostofrevenue,operatingrevenue,otherincome,otherrevenue,otherspecialcharges,sgaexpense,totalcostofrevenue,totalgrossprofit,totalinterestexpense,totalinterestincome,totaloperatingexpenses,totaloperatingincome,totalotherincome,totalpretaxincome,totalrevenue,weightedavebasicdilutedsharesos,weightedavebasicsharesos,weightedavedilutedsharesos
Target Corp,TGT,8WDDFXB5T1Z6J0XC1L66,27419,2007.0,FY,2007-02-04,2008-02-02,2010-03-18 12:04:09+00:00,3.37,3.37,,1659000000.0,3.33,1776000000.0,2849000000.0,2849000000.0,,2849000000.0,43766000000.0,63367000000.0,,,,12670000000.0,43766000000.0,19601000000.0,668000000.0,21000000.0,14329000000.0,5272000000.0,-647000000.0,4625000000.0,63367000000.0,845400000.0,845400000.0,850800000.0
Target Corp,TGT,8WDDFXB5T1Z6J0XC1L66,27419,2008.0,FY,2008-02-03,2009-01-31,2011-03-11 13:51:51+00:00,2.87,2.87,0.62,1826000000.0,2.86,1322000000.0,2214000000.0,2214000000.0,,2214000000.0,45766000000.0,64948000000.0,,,,12954000000.0,45766000000.0,19182000000.0,894000000.0,28000000.0,14780000000.0,4402000000.0,-866000000.0,3536000000.0,64948000000.0,771400000.0,770400000.0,773600000.0
Target Corp,TGT,8WDDFXB5T1Z6J0XC1L66,27419,2008.0,Q3,2008-08-03,2008-11-01,2009-12-04 13:55:09+00:00,0.49,0.49,,469000000.0,0.49,264000000.0,369000000.0,369000000.0,,369000000.0,10533000000.0,15114000000.0,,,,3245000000.0,10533000000.0,4581000000.0,240000000.0,6000000.0,3714000000.0,867000000.0,-234000000.0,633000000.0,15114000000.0,753100000.0,753500000.0,756600000.0
Target Corp,TGT,8WDDFXB5T1Z6J0XC1L66,27419,2008.0,Q2,2008-05-04,2008-08-02,2009-08-28 13:04:27+00:00,0.82,0.82,,448000000.0,0.82,369000000.0,634000000.0,634000000.0,,634000000.0,10651000000.0,15472000000.0,,,,3153000000.0,10651000000.0,4821000000.0,227000000.0,10000000.0,3601000000.0,1220000000.0,-217000000.0,1003000000.0,15472000000.0,773200000.0,770300000.0,773900000.0
Target Corp,TGT,8WDDFXB5T1Z6J0XC1L66,27419,2009.0,Q4,2009-11-01,2010-01-30,,1.25,1.25,0.17,536000000.0,1.24,472000000.0,936000000.0,936000000.0,,936000000.0,14351000000.0,20181000000.0,,,,3672000000.0,14351000000.0,5830000000.0,215000000.0,1000000.0,4208000000.0,1622000000.0,-214000000.0,1408000000.0,20181000000.0,751700000.0,752000000.0,754800000.0
Target Corp,TGT,8WDDFXB5T1Z6J0XC1L66,27419,2009.0,FY,2009-02-01,2010-01-30,2012-03-15 12:49:28+00:00,3.31,3.31,0.67,2023000000.0,3.3,1384000000.0,2488000000.0,2488000000.0,,2488000000.0,45583000000.0,65357000000.0,,,,13078000000.0,45583000000.0,19774000000.0,804000000.0,3000000.0,15101000000.0,4673000000.0,-801000000.0,3872000000.0,65357000000.0,751700000.0,752000000.0,754800000.0
Target Corp,TGT,8WDDFXB5T1Z6J0XC1L66,27419,2009.0,Q3YTD,2009-02-01,2009-10-31,,2.06,2.06,0.5,1487000000.0,2.06,912000000.0,1552000000.0,1552000000.0,,1552000000.0,31232000000.0,45176000000.0,,,,9406000000.0,31232000000.0,13944000000.0,589000000.0,2000000.0,10893000000.0,3051000000.0,-587000000.0,2464000000.0,45176000000.0,751700000.0,751800000.0,755700000.0
Target Corp,TGT,8WDDFXB5T1Z6J0XC1L66,27419,2009.0,Q3,2009-08-02,2009-10-31,2010-12-03 09:45:49+00:00,0.58,0.58,0.17,537000000.0,0.58,247000000.0,436000000.0,436000000.0,,436000000.0,10610000000.0,15276000000.0,,,,3255000000.0,10610000000.0,4666000000.0,191000000.0,,3792000000.0,874000000.0,-191000000.0,683000000.0,15276000000.0,751700000.0,751800000.0,755700000.0
Target Corp,TGT,8WDDFXB5T1Z6J0XC1L66,27419,2009.0,Q2YTD,2009-02-01,2009-08-01,,1.48,1.48,0.33,950000000.0,1.48,665000000.0,1116000000.0,1116000000.0,,1116000000.0,20622000000.0,29900000000.0,,,,6151000000.0,20622000000.0,9278000000.0,398000000.0,2000000.0,7101000000.0,2177000000.0,-396000000.0,1781000000.0,29900000000.0,751900000.0,752000000.0,754400000.0
Target Corp,TGT,8WDDFXB5T1Z6J0XC1L66,27419,2009.0,Q2,2009-05-02,2009-08-01,2010-08-27 11:08:05+00:00,0.79,0.79,0.17,478000000.0,0.79,363000000.0,594000000.0,594000000.0,,594000000.0,10302000000.0,15067000000.0,,,,3136000000.0,10302000000.0,4765000000.0,195000000.0,1000000.0,3614000000.0,1151000000.0,-194000000.0,957000000.0,15067000000.0,751900000.0,752000000.0,754400000.0
Target Corp,TGT,8WDDFXB5T1Z6J0XC1L66,27419,2009.0,Q1,2009-02-01,2009-05-02,2010-05-28 11:06:46+00:00,0.69,0.69,0.16,472000000.0,0.69,302000000.0,522000000.0,522000000.0,,522000000.0,10320000000.0,14833000000.0,,,,3015000000.0,10320000000.0,4513000000.0,203000000.0,1000000.0,3487000000.0,1026000000.0,-202000000.0,824000000.0,14833000000.0,756500000.0,752200000.0,753000000.0
Target Corp,TGT,8WDDFXB5T1Z6J0XC1L66,27419,2010.0,FY,2010-01-31,2011-01-29,2013-03-20 10:25:16+00:00,4.03,4.03,0.92,2084000000.0,4.0,1575000000.0,2920000000.0,2920000000.0,,2920000000.0,46585000000.0,67390000000.0,,,,13469000000.0,46585000000.0,20805000000.0,757000000.0,,15553000000.0,5252000000.0,-757000000.0,4495000000.0,67390000000.0,724600000.0,723600000.0,729400000.0
Target Corp,TGT,8WDDFXB5T1Z6J0XC1L66,27419,2010.0,Q4,2010-10-31,2011-01-29,,1.44,1.44,0.25,539000000.0,1.44,551000000.0,1035000000.0,1035000000.0,,1035000000.0,14626000000.0,20660000000.0,,,,3718000000.0,14626000000.0,6034000000.0,188000000.0,-3000000.0,4257000000.0,1777000000.0,-191000000.0,1586000000.0,20660000000.0,724600000.0,723600000.0,729400000.0
Target Corp,TGT,8WDDFXB5T1Z6J0XC1L66,27419,2010.0,Q3YTD,2010-01-31,2010-10-30,,2.59,2.59,0.67,1545000000.0,2.56,1024000000.0,1885000000.0,1885000000.0,,1885000000.0,31959000000.0,46730000000.0,,,,9751000000.0,31959000000.0,14771000000.0,569000000.0,3000000.0,11296000000.0,3475000000.0,-566000000.0,2909000000.0,46730000000.0,713300000.0,715400000.0,721000000.0
Target Corp,TGT,8WDDFXB5T1Z6J0XC1L66,27419,2010.0,Q3TTM,2009-11-01,2010-10-30,,3.84,3.84,0.84,2081000000.0,3.8,1496000000.0,2821000000.0,2821000000.0,,2821000000.0,46310000000.0,66911000000.0,,,,13423000000.0,46310000000.0,20601000000.0,784000000.0,4000000.0,15504000000.0,5097000000.0,-780000000.0,4317000000.0,66911000000.0,713300000.0,715400000.0,721000000.0
Target Corp,TGT,8WDDFXB5T1Z6J0XC1L66,27419,2010.0,Q3,2010-08-01,2010-10-30,2011-11-23 15:05:43+00:00,0.75,0.75,0.25,533000000.0,0.74,238000000.0,535000000.0,535000000.0,,535000000.0,10760000000.0,15605000000.0,,,,3345000000.0,10760000000.0,4845000000.0,195000000.0,1000000.0,3878000000.0,967000000.0,-194000000.0,773000000.0,15605000000.0,713300000.0,715400000.0,721000000.0
Target Corp,TGT,8WDDFXB5T1Z6J0XC1L66,27419,2010.0,Q2YTD,2010-01-31,2010-07-31,,1.84,1.84,0.42,1012000000.0,1.82,786000000.0,1350000000.0,1350000000.0,,1350000000.0,21199000000.0,31125000000.0,,,,6406000000.0,21199000000.0,9926000000.0,374000000.0,2000000.0,7418000000.0,2508000000.0,-372000000.0,2136000000.0,31125000000.0,730100000.0,731100000.0,736600000.0
Target Corp,TGT,8WDDFXB5T1Z6J0XC1L66,27419,2010.0,Q2TTM,2009-08-02,2010-07-31,,3.67,3.67,0.76,2085000000.0,3.64,1505000000.0,2722000000.0,2722000000.0,,2722000000.0,46160000000.0,66582000000.0,,,,13333000000.0,46160000000.0,20422000000.0,780000000.0,3000000.0,15418000000.0,5004000000.0,-777000000.0,4227000000.0,66582000000.0,730100000.0,731100000.0,736600000.0
Target Corp,TGT,8WDDFXB5T1Z6J0XC1L66,27419,2010.0,Q2,2010-05-02,2010-07-31,2011-08-25 09:36:14+00:00,0.93,0.93,0.25,496000000.0,0.92,402000000.0,679000000.0,679000000.0,,679000000.0,10507000000.0,15532000000.0,,,,3263000000.0,10507000000.0,5025000000.0,186000000.0,1000000.0,3759000000.0,1266000000.0,-185000000.0,1081000000.0,15532000000.0,730100000.0,731100000.0,736600000.0
Target Corp,TGT,8WDDFXB5T1Z6J0XC1L66,27419,2010.0,Q1TTM,2009-05-02,2010-05-01,,3.53,3.53,0.68,2067000000.0,3.51,1466000000.0,2637000000.0,2637000000.0,,2637000000.0,45955000000.0,66117000000.0,,,,13206000000.0,45955000000.0,20162000000.0,789000000.0,3000000.0,15273000000.0,4889000000.0,-786000000.0,4103000000.0,66117000000.0,737400000.0,739900000.0,745700000.0
Target Corp,TGT,8WDDFXB5T1Z6J0XC1L66,27419,2010.0,Q1,2010-01-31,2010-05-01,2011-05-26 15:06:16+00:00,0.91,0.91,0.17,516000000.0,0.9,384000000.0,671000000.0,671000000.0,,671000000.0,10692000000.0,15593000000.0,,,,3143000000.0,10692000000.0,4901000000.0,188000000.0,1000000.0,3659000000.0,1242000000.0,-187000000.0,1055000000.0,15593000000.0,737400000.0,739900000.0,745700000.0
Target Corp,TGT,8WDDFXB5T1Z6J0XC1L66,27419,2011.0,Q4,2011-10-30,2012-01-28,,1.47,1.47,0.3,564000000.0,1.44,428000000.0,981000000.0,981000000.0,,981000000.0,15148000000.0,21288000000.0,,,,3875000000.0,15148000000.0,6140000000.0,292000000.0,,4439000000.0,1701000000.0,-292000000.0,1409000000.0,21288000000.0,679600000.0,679100000.0,683900000.0
Target Corp,TGT,8WDDFXB5T1Z6J0XC1L66,27419,2011.0,FY,2011-01-30,2012-01-28,2014-03-14 12:54:17+00:00,4.31,4.31,1.15,2131000000.0,4.28,1527000000.0,2929000000.0,2929000000.0,,2929000000.0,48306000000.0,69865000000.0,,,0.0,14106000000.0,48306000000.0,21559000000.0,866000000.0,,16237000000.0,5322000000.0,-866000000.0,4456000000.0,69865000000.0,679600000.0,679100000.0,683900000.0
Target Corp,TGT,8WDDFXB5T1Z6J0XC1L66,27419,2011.0,Q3,2011-07-31,2011-10-29,2012-11-21 11:06:31+00:00,0.82,0.82,0.3,546000000.0,0.82,302000000.0,555000000.0,555000000.0,,555000000.0,11274000000.0,16402000000.0,,,,3525000000.0,11274000000.0,5128000000.0,200000000.0,,4071000000.0,1057000000.0,-200000000.0,857000000.0,16402000000.0,676800000.0,673200000.0,678300000.0
Target Corp,TGT,8WDDFXB5T1Z6J0XC1L66,27419,2011.0,Q3YTD,2011-01-30,2011-10-29,,2.84,2.84,0.85,1567000000.0,2.84,1099000000.0,1948000000.0,1948000000.0,,1948000000.0,33158000000.0,48577000000.0,,,,10231000000.0,33158000000.0,15419000000.0,574000000.0,,11798000000.0,3621000000.0,-574000000.0,3047000000.0,48577000000.0,676800000.0,673200000.0,678300000.0
Target Corp,TGT,8WDDFXB5T1Z6J0XC1L66,27419,2011.0,Q3TTM,2010-10-31,2011-10-29,,4.28,4.28,1.1,2106000000.0,4.28,1650000000.0,2983000000.0,2983000000.0,,2983000000.0,47784000000.0,69237000000.0,,,,13949000000.0,47784000000.0,21453000000.0,762000000.0,-3000000.0,16055000000.0,5398000000.0,-765000000.0,4633000000.0,69237000000.0,676800000.0,673200000.0,678300000.0
Target Corp,TGT,8WDDFXB5T1Z6J0XC1L66,27419,2011.0,Q2,2011-05-01,2011-07-30,2012-08-23 12:46:38+00:00,1.03,1.03,0.3,509000000.0,1.03,405000000.0,704000000.0,704000000.0,,704000000.0,10958000000.0,16240000000.0,,,,3473000000.0,10958000000.0,5282000000.0,191000000.0,,3982000000.0,1300000000.0,-191000000.0,1109000000.0,16240000000.0,683500000.0,680800000.0,685100000.0
Target Corp,TGT,8WDDFXB5T1Z6J0XC1L66,27419,2011.0,Q2YTD,2011-01-30,2011-07-30,,2.02,2.02,0.55,1021000000.0,2.02,797000000.0,1393000000.0,1393000000.0,,1393000000.0,21884000000.0,32175000000.0,,,,6706000000.0,21884000000.0,10291000000.0,374000000.0,,7727000000.0,2564000000.0,-374000000.0,2190000000.0,32175000000.0,683500000.0,680800000.0,685100000.0
Target Corp,TGT,8WDDFXB5T1Z6J0XC1L66,27419,2011.0,Q2TTM,2010-08-01,2011-07-30,,4.21,4.21,1.05,2093000000.0,4.2,1586000000.0,2963000000.0,2963000000.0,,2963000000.0,47270000000.0,68440000000.0,,,,13769000000.0,47270000000.0,21170000000.0,757000000.0,-2000000.0,15862000000.0,5308000000.0,-759000000.0,4549000000.0,68440000000.0,683500000.0,680800000.0,685100000.0
Target Corp,TGT,8WDDFXB5T1Z6J0XC1L66,27419,2011.0,Q1,2011-01-30,2011-04-30,2012-05-23 10:31:05+00:00,0.99,0.99,0.25,512000000.0,0.99,392000000.0,689000000.0,689000000.0,,689000000.0,10926000000.0,15935000000.0,,,,3233000000.0,10926000000.0,5009000000.0,183000000.0,,3745000000.0,1264000000.0,-183000000.0,1081000000.0,15935000000.0,696000000.0,693000000.0,697000000.0
Target Corp,TGT,8WDDFXB5T1Z6J0XC1L66,27419,2011.0,Q1TTM,2010-05-02,2011-04-30,,4.11,4.11,1.0,2080000000.0,4.09,1583000000.0,2938000000.0,2938000000.0,,2938000000.0,46819000000.0,67732000000.0,,,,13559000000.0,46819000000.0,20913000000.0,752000000.0,-1000000.0,15639000000.0,5274000000.0,-753000000.0,4521000000.0,67732000000.0,696000000.0,693000000.0,697000000.0
Target Corp,TGT,8WDDFXB5T1Z6J0XC1L66,27419,2012.0,Q4,2012-10-28,2013-02-02,,1.48,1.48,-0.3,442000000.0,1.46,635000000.0,961000000.0,1277000000.0,-316000000.0,961000000.0,16294000000.0,22726000000.0,,,-5000000.0,3959000000.0,16294000000.0,6432000000.0,124000000.0,,4396000000.0,2036000000.0,-124000000.0,1912000000.0,22726000000.0,656200000.0,656700000.0,663300000.0
Target Corp,TGT,8WDDFXB5T1Z6J0XC1L66,27419,2012.0,FY,2012-01-29,2013-02-02,2015-03-13 15:24:22+00:00,4.57,4.57,1.38,2044000000.0,4.52,1741000000.0,2999000000.0,3315000000.0,-316000000.0,2999000000.0,51035000000.0,73301000000.0,,,-161000000.0,14643000000.0,51035000000.0,22266000000.0,684000000.0,,16526000000.0,5740000000.0,-684000000.0,5056000000.0,73301000000.0,656200000.0,656700000.0,663300000.0
Target Corp,TGT,8WDDFXB5T1Z6J0XC1L66,27419,2012.0,Q3YTD,2012-01-29,2012-10-27,,3.09,3.09,1.68,1602000000.0,3.06,1106000000.0,2038000000.0,2038000000.0,,2038000000.0,34741000000.0,50575000000.0,,,-156000000.0,10684000000.0,34741000000.0,15834000000.0,560000000.0,,12130000000.0,3704000000.0,-560000000.0,3144000000.0,50575000000.0,656700000.0,654800000.0,662200000.0
Target Corp,TGT,8WDDFXB5T1Z6J0XC1L66,27419,2012.0,Q3TTM,2011-10-30,2012-10-27,,4.56,4.56,1.98,2166000000.0,4.5,1534000000.0,3019000000.0,3019000000.0,,3019000000.0,49889000000.0,71863000000.0,,,-156000000.0,14559000000.0,49889000000.0,21974000000.0,852000000.0,,16569000000.0,5405000000.0,-852000000.0,4553000000.0,71863000000.0,656700000.0,654800000.0,662200000.0
Target Corp,TGT,8WDDFXB5T1Z6J0XC1L66,27419,2012.0,Q3,2012-07-29,2012-10-27,2013-11-27 11:24:03+00:00,0.97,0.97,1.02,542000000.0,0.96,335000000.0,637000000.0,637000000.0,,637000000.0,11675000000.0,16929000000.0,,,-156000000.0,3704000000.0,11675000000.0,5254000000.0,192000000.0,,4090000000.0,1164000000.0,-192000000.0,972000000.0,16929000000.0,656700000.0,654800000.0,662200000.0
Target Corp,TGT,8WDDFXB5T1Z6J0XC1L66,27419,2012.0,Q2YTD,2012-01-29,2012-07-28,,2.12,2.12,0.66,1060000000.0,2.1,771000000.0,1401000000.0,1401000000.0,,1401000000.0,23066000000.0,33646000000.0,,,,6980000000.0,23066000000.0,10580000000.0,368000000.0,,8040000000.0,2540000000.0,-368000000.0,2172000000.0,33646000000.0,657900000.0,656700000.0,662900000.0
Target Corp,TGT,8WDDFXB5T1Z6J0XC1L66,27419,2012.0,Q2TTM,2011-07-31,2012-07-28,,4.41,4.41,1.26,2170000000.0,4.36,1501000000.0,2937000000.0,2937000000.0,,2937000000.0,49488000000.0,71336000000.0,,,,14380000000.0,49488000000.0,21848000000.0,860000000.0,,16550000000.0,5298000000.0,-860000000.0,4438000000.0,71336000000.0,657900000.0,656700000.0,662900000.0
Target Corp,TGT,8WDDFXB5T1Z6J0XC1L66,27419,2012.0,Q2,2012-04-29,2012-07-28,2013-08-28 10:37:32+00:00,1.07,1.07,0.36,531000000.0,1.06,367000000.0,704000000.0,704000000.0,,704000000.0,11405000000.0,16779000000.0,,,,3588000000.0,11405000000.0,5374000000.0,184000000.0,,4119000000.0,1255000000.0,-184000000.0,1071000000.0,16779000000.0,657900000.0,656700000.0,662900000.0
Target Corp,TGT,8WDDFXB5T1Z6J0XC1L66,27419,2012.0,Q1TTM,2011-05-01,2012-04-28,,4.37,4.37,1.2,2148000000.0,4.33,1539000000.0,2937000000.0,2937000000.0,,2937000000.0,49041000000.0,70797000000.0,,,,14265000000.0,49041000000.0,21756000000.0,867000000.0,,16413000000.0,5343000000.0,-867000000.0,4476000000.0,70797000000.0,663800000.0,666300000.0,672400000.0
Target Corp,TGT,8WDDFXB5T1Z6J0XC1L66,27419,2012.0,Q1,2012-01-29,2012-04-28,2013-05-30 12:56:13+00:00,1.05,1.05,0.3,529000000.0,1.04,404000000.0,697000000.0,697000000.0,,697000000.0,11661000000.0,16867000000.0,,,,3392000000.0,11661000000.0,5206000000.0,184000000.0,,3921000000.0,1285000000.0,-184000000.0,1101000000.0,16867000000.0,663800000.0,666300000.0,672400000.0
Target Corp,TGT,8WDDFXB5T1Z6J0XC1L66,27419,2013.0,FY,2013-02-03,2014-02-01,2016-03-11 13:48:36+00:00,3.1,3.1,1.65,1996000000.0,3.07,1427000000.0,1971000000.0,2694000000.0,-723000000.0,1971000000.0,50039000000.0,71279000000.0,,,-391000000.0,14465000000.0,50039000000.0,21240000000.0,1049000000.0,,16070000000.0,5170000000.0,-1049000000.0,4121000000.0,71279000000.0,635800000.0,635100000.0,641800000.0
Target Corp,TGT,8WDDFXB5T1Z6J0XC1L66,27419,2013.0,Q4,2013-11-03,2014-02-01,,0.82,0.82,1.29,349000000.0,0.81,599000000.0,521000000.0,1244000000.0,-723000000.0,521000000.0,14598000000.0,20198000000.0,,,,3324000000.0,14598000000.0,5600000000.0,84000000.0,,3673000000.0,1927000000.0,-84000000.0,1843000000.0,20198000000.0,635800000.0,635100000.0,641800000.0
Target Corp,TGT,8WDDFXB5T1Z6J0XC1L66,27419,2013.0,Q3,2013-08-04,2013-11-02,2014-11-26 10:40:19+00:00,0.54,0.54,,569000000.0,0.54,197000000.0,341000000.0,341000000.0,,341000000.0,12133000000.0,17258000000.0,,,0.0,3853000000.0,12133000000.0,5125000000.0,165000000.0,,4422000000.0,703000000.0,-165000000.0,538000000.0,17258000000.0,631500000.0,631300000.0,637400000.0
Target Corp,TGT,8WDDFXB5T1Z6J0XC1L66,27419,2013.0,Q3YTD,2013-02-03,2013-11-02,,2.28,2.28,0.36,1647000000.0,2.26,828000000.0,1450000000.0,1450000000.0,,1450000000.0,35441000000.0,51081000000.0,,,-391000000.0,11141000000.0,35441000000.0,15640000000.0,965000000.0,,12397000000.0,3243000000.0,-965000000.0,2278000000.0,51081000000.0,631500000.0,631300000.0,637400000.0
Target Corp,TGT,8WDDFXB5T1Z6J0XC1L66,27419,2013.0,Q3TTM,2012-10-28,2013-11-02,,3.76,3.76,0.06,2089000000.0,3.72,1463000000.0,2411000000.0,2727000000.0,-316000000.0,2411000000.0,51735000000.0,73807000000.0,,,-396000000.0,15100000000.0,51735000000.0,22072000000.0,1089000000.0,,16793000000.0,5279000000.0,-1089000000.0,4190000000.0,73807000000.0,631500000.0,631300000.0,637400000.0
Target Corp,TGT,8WDDFXB5T1Z6J0XC1L66,27419,2013.0,Q2YTD,2013-02-03,2013-08-03,,1.74,1.74,0.36,1078000000.0,1.72,631000000.0,1109000000.0,1109000000.0,,1109000000.0,23308000000.0,33823000000.0,,,-391000000.0,7288000000.0,23308000000.0,10515000000.0,800000000.0,,7975000000.0,2540000000.0,-800000000.0,1740000000.0,33823000000.0,636500000.0,634800000.0,642000000.0
Target Corp,TGT,8WDDFXB5T1Z6J0XC1L66,27419,2013.0,Q2TTM,2012-07-29,2013-08-03,,4.19,4.19,1.08,2062000000.0,4.14,1601000000.0,2707000000.0,3023000000.0,-316000000.0,2707000000.0,51277000000.0,73478000000.0,,,-552000000.0,14951000000.0,51277000000.0,22201000000.0,1116000000.0,,16461000000.0,5740000000.0,-1116000000.0,4624000000.0,73478000000.0,636500000.0,634800000.0,642000000.0
Target Corp,TGT,8WDDFXB5T1Z6J0XC1L66,27419,2013.0,Q2,2013-05-05,2013-08-03,2014-08-27 08:38:44+00:00,0.96,0.96,,542000000.0,0.95,350000000.0,611000000.0,611000000.0,,611000000.0,11745000000.0,17117000000.0,,,0.0,3698000000.0,11745000000.0,5372000000.0,171000000.0,,4240000000.0,1132000000.0,-171000000.0,961000000.0,17117000000.0,636500000.0,634800000.0,642000000.0
Target Corp,TGT,8WDDFXB5T1Z6J0XC1L66,27419,2013.0,Q1TTM,2012-04-29,2013-05-04,,4.3,4.3,1.44,2051000000.0,4.25,1618000000.0,2800000000.0,3116000000.0,-316000000.0,2800000000.0,50937000000.0,73140000000.0,,,-552000000.0,14841000000.0,50937000000.0,22203000000.0,1129000000.0,,16340000000.0,5863000000.0,-1129000000.0,4734000000.0,73140000000.0,638500000.0,642100000.0,649500000.0
Target Corp,TGT,8WDDFXB5T1Z6J0XC1L66,27419,2013.0,Q1,2013-02-03,2013-05-04,2014-05-29 13:40:59+00:00,0.78,0.78,0.36,536000000.0,0.77,281000000.0,498000000.0,498000000.0,,498000000.0,11563000000.0,16706000000.0,,,-391000000.0,3590000000.0,11563000000.0,5143000000.0,629000000.0,,3735000000.0,1408000000.0,-629000000.0,779000000.0,16706000000.0,638500000.0,642100000.0,649500000.0
Target Corp,TGT,8WDDFXB5T1Z6J0XC1L66,27419,2014.0,FY,2014-02-02,2015-01-31,2017-03-08 16:22:08+00:00,-2.58,-2.58,1.99,2129000000.0,-2.56,1204000000.0,-1636000000.0,2449000000.0,-4085000000.0,-1636000000.0,51278000000.0,72618000000.0,,,0.0,14676000000.0,51278000000.0,21340000000.0,882000000.0,,16805000000.0,4535000000.0,-882000000.0,3653000000.0,72618000000.0,634100000.0,634700000.0,640100000.0
Target Corp,TGT,8WDDFXB5T1Z6J0XC1L66,27419,2014.0,Q4,2014-11-02,2015-01-31,,-4.16,-4.16,1.56,546000000.0,-4.14,474000000.0,-2640000000.0,961000000.0,-3601000000.0,-2640000000.0,15561000000.0,21750000000.0,,,,4057000000.0,15561000000.0,6189000000.0,151000000.0,,4603000000.0,1586000000.0,-151000000.0,1435000000.0,21750000000.0,634100000.0,634700000.0,640100000.0
Target Corp,TGT,8WDDFXB5T1Z6J0XC1L66,27419,2014.0,Q3,2014-08-03,2014-11-01,2015-11-25 11:03:53+00:00,0.55,0.55,,535000000.0,0.55,232000000.0,352000000.0,526000000.0,-174000000.0,352000000.0,12171000000.0,17254000000.0,,,,3644000000.0,12171000000.0,5083000000.0,146000000.0,,4179000000.0,904000000.0,-146000000.0,758000000.0,17254000000.0,640000000.0,634000000.0,639600000.0
Target Corp,TGT,8WDDFXB5T1Z6J0XC1L66,27419,2014.0,Q3YTD,2014-02-02,2014-11-01,,1.58,1.58,0.43,1583000000.0,1.58,730000000.0,1004000000.0,1488000000.0,-484000000.0,1004000000.0,35717000000.0,50868000000.0,,,,10619000000.0,35717000000.0,15151000000.0,731000000.0,,12202000000.0,2949000000.0,-731000000.0,2218000000.0,50868000000.0,640000000.0,634000000.0,639600000.0
Target Corp,TGT,8WDDFXB5T1Z6J0XC1L66,27419,2014.0,Q3TTM,2013-11-03,2014-11-01,,2.4,2.4,1.72,1932000000.0,2.39,1329000000.0,1525000000.0,2732000000.0,-1207000000.0,1525000000.0,50315000000.0,71066000000.0,,,,13943000000.0,50315000000.0,20751000000.0,815000000.0,,15875000000.0,4876000000.0,-815000000.0,4061000000.0,71066000000.0,640000000.0,634000000.0,639600000.0
Target Corp,TGT,8WDDFXB5T1Z6J0XC1L66,27419,2014.0,Q2YTD,2014-02-02,2014-08-02,,1.03,1.03,0.43,1048000000.0,1.03,498000000.0,652000000.0,962000000.0,-310000000.0,652000000.0,23546000000.0,33614000000.0,,,,6975000000.0,23546000000.0,10068000000.0,585000000.0,,8023000000.0,2045000000.0,-585000000.0,1460000000.0,33614000000.0,632400000.0,633500000.0,638400000.0
Target Corp,TGT,8WDDFXB5T1Z6J0XC1L66,27419,2014.0,Q2TTM,2013-08-04,2014-08-02,,2.39,2.39,1.72,1966000000.0,2.38,1294000000.0,1514000000.0,2547000000.0,-1033000000.0,1514000000.0,50277000000.0,71070000000.0,,,,14152000000.0,50277000000.0,20793000000.0,834000000.0,,16118000000.0,4675000000.0,-834000000.0,3841000000.0,71070000000.0,632400000.0,633500000.0,638400000.0
Target Corp,TGT,8WDDFXB5T1Z6J0XC1L66,27419,2014.0,Q2,2014-05-04,2014-08-02,2015-08-25 15:41:44+00:00,0.37,0.37,,537000000.0,0.37,199000000.0,234000000.0,391000000.0,-157000000.0,234000000.0,11798000000.0,16957000000.0,,,,3599000000.0,11798000000.0,5159000000.0,433000000.0,,4136000000.0,1023000000.0,-433000000.0,590000000.0,16957000000.0,632400000.0,633500000.0,638400000.0
Target Corp,TGT,8WDDFXB5T1Z6J0XC1L66,27419,2014.0,Q1TTM,2013-05-05,2014-05-03,,2.98,2.98,1.72,1971000000.0,2.96,1445000000.0,1891000000.0,2767000000.0,-876000000.0,1891000000.0,50224000000.0,71230000000.0,,,,14251000000.0,50224000000.0,21006000000.0,572000000.0,,16222000000.0,4784000000.0,-572000000.0,4212000000.0,71230000000.0,633300000.0,633300000.0,638200000.0
Target Corp,TGT,8WDDFXB5T1Z6J0XC1L66,27419,2014.0,Q1,2014-02-02,2014-05-03,2015-05-28 14:44:14+00:00,0.66,0.66,0.43,511000000.0,0.66,299000000.0,418000000.0,571000000.0,-153000000.0,418000000.0,11748000000.0,16657000000.0,,,,3376000000.0,11748000000.0,4909000000.0,152000000.0,,3887000000.0,1022000000.0,-152000000.0,870000000.0,16657000000.0,633300000.0,633300000.0,638200000.0
Target Corp,TGT,8WDDFXB5T1Z6J0XC1L66,27419,2015.0,FY,2015-02-01,2016-01-30,2018-03-14 14:09:12+00:00,5.35,5.35,2.2,1969000000.0,5.31,1602000000.0,3363000000.0,3321000000.0,42000000.0,3363000000.0,52241000000.0,73785000000.0,,,-620000000.0,14665000000.0,52241000000.0,21544000000.0,607000000.0,,16014000000.0,5530000000.0,-607000000.0,4923000000.0,73785000000.0,628600000.0,627700000.0,632900000.0
Target Corp,TGT,8WDDFXB5T1Z6J0XC1L66,27419,2015.0,Q4,2015-11-01,2016-01-30,,2.3,2.3,0.56,317000000.0,2.28,596000000.0,1426000000.0,1421000000.0,5000000.0,1426000000.0,15839000000.0,21626000000.0,,,-620000000.0,3920000000.0,15839000000.0,5787000000.0,153000000.0,,3617000000.0,2170000000.0,-153000000.0,2017000000.0,21626000000.0,628600000.0,627700000.0,632900000.0
Target Corp,TGT,8WDDFXB5T1Z6J0XC1L66,27419,2015.0,Q3,2015-08-02,2015-10-31,2016-11-23 07:56:44+00:00,0.88,0.88,0.56,561000000.0,0.87,249000000.0,549000000.0,476000000.0,73000000.0,549000000.0,12440000000.0,17613000000.0,,,,3736000000.0,12440000000.0,5173000000.0,151000000.0,,4297000000.0,876000000.0,-151000000.0,725000000.0,17613000000.0,623900000.0,623700000.0,628800000.0
Target Corp,TGT,8WDDFXB5T1Z6J0XC1L66,27419,2015.0,Q3YTD,2015-02-01,2015-10-31,,3.05,3.05,1.64,1652000000.0,3.03,1006000000.0,1937000000.0,1900000000.0,37000000.0,1937000000.0,36402000000.0,52159000000.0,,,,10745000000.0,36402000000.0,15757000000.0,454000000.0,,12397000000.0,3360000000.0,-454000000.0,2906000000.0,52159000000.0,623900000.0,623700000.0,628800000.0
Target Corp,TGT,8WDDFXB5T1Z6J0XC1L66,27419,2015.0,Q3TTM,2014-11-02,2015-10-31,,-1.11,-1.11,3.2,2198000000.0,-1.11,1480000000.0,-703000000.0,2861000000.0,-3564000000.0,-703000000.0,51963000000.0,73909000000.0,,,,14802000000.0,51963000000.0,21946000000.0,605000000.0,,17000000000.0,4946000000.0,-605000000.0,4341000000.0,73909000000.0,623900000.0,623700000.0,628800000.0
Target Corp,TGT,8WDDFXB5T1Z6J0XC1L66,27419,2015.0,Q2,2015-05-03,2015-08-01,2016-08-24 11:46:09+00:00,1.18,1.18,0.56,551000000.0,1.18,409000000.0,753000000.0,773000000.0,-20000000.0,753000000.0,12051000000.0,17427000000.0,,,,3495000000.0,12051000000.0,5376000000.0,148000000.0,,4046000000.0,1330000000.0,-148000000.0,1182000000.0,17427000000.0,638100000.0,635800000.0,641000000.0
Target Corp,TGT,8WDDFXB5T1Z6J0XC1L66,27419,2015.0,Q2YTD,2015-02-01,2015-08-01,,2.17,2.17,1.08,1091000000.0,2.16,757000000.0,1388000000.0,1424000000.0,-36000000.0,1388000000.0,23962000000.0,34546000000.0,,,,7009000000.0,23962000000.0,10584000000.0,303000000.0,,8100000000.0,2484000000.0,-303000000.0,2181000000.0,34546000000.0,638100000.0,635800000.0,641000000.0
Target Corp,TGT,8WDDFXB5T1Z6J0XC1L66,27419,2015.0,Q2TTM,2014-08-03,2015-08-01,,-1.44,-1.44,2.64,2172000000.0,-1.43,1463000000.0,-900000000.0,2911000000.0,-3811000000.0,-900000000.0,51694000000.0,73550000000.0,,,,14710000000.0,51694000000.0,21856000000.0,600000000.0,,16882000000.0,4974000000.0,-600000000.0,4374000000.0,73550000000.0,638100000.0,635800000.0,641000000.0
Target Corp,TGT,8WDDFXB5T1Z6J0XC1L66,27419,2015.0,Q1,2015-02-01,2015-05-02,2016-05-25 13:22:41+00:00,0.99,0.99,0.52,540000000.0,0.98,348000000.0,635000000.0,651000000.0,-16000000.0,635000000.0,11911000000.0,17119000000.0,,,,3514000000.0,11911000000.0,5208000000.0,155000000.0,,4054000000.0,1154000000.0,-155000000.0,999000000.0,17119000000.0,641400000.0,640900000.0,646400000.0
Target Corp,TGT,8WDDFXB5T1Z6J0XC1L66,27419,2015.0,Q1TTM,2014-05-04,2015-05-02,,-2.25,-2.25,2.08,2158000000.0,-2.24,1253000000.0,-1419000000.0,2529000000.0,-3948000000.0,-1419000000.0,51441000000.0,73080000000.0,,,,14814000000.0,51441000000.0,21639000000.0,885000000.0,,16972000000.0,4667000000.0,-885000000.0,3782000000.0,73080000000.0,641400000.0,640900000.0,646400000.0
Target Corp,TGT,8WDDFXB5T1Z6J0XC1L66,27419,2016.0,FY,2016-01-31,2017-01-28,2019-03-13 16:27:49+00:00,4.74,4.73,2.36,2045000000.0,4.69,1295000000.0,2734000000.0,2666000000.0,68000000.0,2734000000.0,49145000000.0,70271000000.0,88000000.0,,,14217000000.0,49145000000.0,21126000000.0,991000000.0,,16262000000.0,4864000000.0,-903000000.0,3961000000.0,70271000000.0,576800000.0,577600000.0,582500000.0
Target Corp,TGT,8WDDFXB5T1Z6J0XC1L66,27419,2016.0,Q4,2016-10-30,2017-01-28,,1.44,1.43,0.6,494000000.0,1.42,385000000.0,814000000.0,819000000.0,-5000000.0,814000000.0,15252000000.0,21465000000.0,88000000.0,,,4476000000.0,15252000000.0,6213000000.0,127000000.0,,4970000000.0,1243000000.0,-39000000.0,1204000000.0,21465000000.0,576800000.0,577600000.0,582500000.0
Target Corp,TGT,8WDDFXB5T1Z6J0XC1L66,27419,2016.0,Q3,2016-07-31,2016-10-29,2017-11-20 15:53:26+00:00,1.07,1.07,0.6,505000000.0,1.06,311000000.0,608000000.0,608000000.0,0.0,608000000.0,11536000000.0,16441000000.0,,,,3339000000.0,11536000000.0,4905000000.0,142000000.0,,3844000000.0,1061000000.0,-142000000.0,919000000.0,16441000000.0,568200000.0,570100000.0,574800000.0
Target Corp,TGT,8WDDFXB5T1Z6J0XC1L66,27419,2016.0,Q3YTD,2016-01-31,2016-10-29,,3.3,3.3,1.76,1551000000.0,3.27,910000000.0,1920000000.0,1847000000.0,73000000.0,1920000000.0,33893000000.0,48806000000.0,,,,9741000000.0,33893000000.0,14913000000.0,864000000.0,,11292000000.0,3621000000.0,-864000000.0,2757000000.0,48806000000.0,568200000.0,570100000.0,574800000.0
Target Corp,TGT,8WDDFXB5T1Z6J0XC1L66,27419,2016.0,Q3TTM,2015-11-01,2016-10-29,,5.6,5.6,2.32,1868000000.0,5.55,1506000000.0,3346000000.0,3268000000.0,78000000.0,3346000000.0,49732000000.0,70432000000.0,,,-620000000.0,13661000000.0,49732000000.0,20700000000.0,1017000000.0,,14909000000.0,5791000000.0,-1017000000.0,4774000000.0,70432000000.0,568200000.0,570100000.0,574800000.0
Target Corp,TGT,8WDDFXB5T1Z6J0XC1L66,27419,2016.0,Q2,2016-05-01,2016-07-30,2017-08-21 14:29:32+00:00,1.17,1.17,0.6,500000000.0,1.16,316000000.0,680000000.0,625000000.0,55000000.0,680000000.0,11172000000.0,16169000000.0,,,,3249000000.0,11172000000.0,4997000000.0,307000000.0,,3749000000.0,1248000000.0,-307000000.0,941000000.0,16169000000.0,581200000.0,582200000.0,586800000.0
Target Corp,TGT,8WDDFXB5T1Z6J0XC1L66,27419,2016.0,Q2YTD,2016-01-31,2016-07-30,,2.23,2.23,1.16,1046000000.0,2.21,599000000.0,1312000000.0,1239000000.0,73000000.0,1312000000.0,22357000000.0,32365000000.0,,,,6402000000.0,22357000000.0,10008000000.0,722000000.0,,7448000000.0,2560000000.0,-722000000.0,1838000000.0,32365000000.0,581200000.0,582200000.0,586800000.0
Target Corp,TGT,8WDDFXB5T1Z6J0XC1L66,27419,2016.0,Q2TTM,2015-08-02,2016-07-30,,5.41,5.41,2.28,1924000000.0,5.36,1444000000.0,3287000000.0,3136000000.0,151000000.0,3287000000.0,50636000000.0,71604000000.0,,,-620000000.0,14058000000.0,50636000000.0,20968000000.0,1026000000.0,,15362000000.0,5606000000.0,-1026000000.0,4580000000.0,71604000000.0,581200000.0,582200000.0,586800000.0
Target Corp,TGT,8WDDFXB5T1Z6J0XC1L66,27419,2016.0,Q1,2016-01-31,2016-04-30,2017-05-22 12:00:38+00:00,1.06,1.06,0.56,546000000.0,1.05,283000000.0,632000000.0,614000000.0,18000000.0,632000000.0,11185000000.0,16196000000.0,,,,3153000000.0,11185000000.0,5011000000.0,415000000.0,,3699000000.0,1312000000.0,-415000000.0,897000000.0,16196000000.0,596200000.0,598300000.0,603800000.0
Target Corp,TGT,8WDDFXB5T1Z6J0XC1L66,27419,2016.0,Q1TTM,2015-05-03,2016-04-30,,5.42,5.42,2.24,1975000000.0,5.38,1537000000.0,3360000000.0,3284000000.0,76000000.0,3360000000.0,51515000000.0,72862000000.0,,,-620000000.0,14304000000.0,51515000000.0,21347000000.0,867000000.0,,15659000000.0,5688000000.0,-867000000.0,4821000000.0,72862000000.0,596200000.0,598300000.0,603800000.0
Target Corp,TGT,8WDDFXB5T1Z6J0XC1L66,27419,2017.0,FY,2017-01-29,2018-02-03,2020-03-11 16:14:26+00:00,5.32,5.32,2.46,2225000000.0,5.29,722000000.0,2914000000.0,2908000000.0,6000000.0,2914000000.0,51125000000.0,72714000000.0,59000000.0,,,15140000000.0,51125000000.0,21589000000.0,653000000.0,,17365000000.0,4224000000.0,-594000000.0,3630000000.0,72714000000.0,547700000.0,546800000.0,550300000.0
Target Corp,TGT,8WDDFXB5T1Z6J0XC1L66,27419,2017.0,Q4,2017-10-29,2018-02-03,,1.99,1.99,1.24,606000000.0,1.98,-75000000.0,1087000000.0,1087000000.0,,1087000000.0,16795000000.0,23435000000.0,14000000.0,-452000000.0,,4453000000.0,16795000000.0,6188000000.0,131000000.0,,5059000000.0,1129000000.0,-117000000.0,1012000000.0,22983000000.0,547700000.0,546800000.0,550300000.0
Target Corp,TGT,8WDDFXB5T1Z6J0XC1L66,27419,2017.0,Q3,2017-07-30,2017-10-28,2018-11-27 16:25:07+00:00,0.88,0.88,,582000000.0,0.87,135000000.0,478000000.0,476000000.0,2000000.0,478000000.0,11712000000.0,16874000000.0,15000000.0,,,3733000000.0,11712000000.0,5162000000.0,251000000.0,,4315000000.0,847000000.0,-236000000.0,611000000.0,16874000000.0,543200000.0,544500000.0,547900000.0
Target Corp,TGT,8WDDFXB5T1Z6J0XC1L66,27419,2017.0,Q3YTD,2017-01-29,2017-10-28,,3.33,3.33,1.22,1619000000.0,3.31,797000000.0,1827000000.0,1821000000.0,6000000.0,1827000000.0,34330000000.0,49279000000.0,45000000.0,452000000.0,,10687000000.0,34330000000.0,15401000000.0,522000000.0,,12306000000.0,3095000000.0,-477000000.0,2618000000.0,49731000000.0,543200000.0,544500000.0,547900000.0
Target Corp,TGT,8WDDFXB5T1Z6J0XC1L66,27419,2017.0,Q3TTM,2016-10-30,2017-10-28,,4.77,4.76,1.82,2113000000.0,4.73,1182000000.0,2641000000.0,2640000000.0,1000000.0,2641000000.0,49582000000.0,70744000000.0,133000000.0,452000000.0,,15163000000.0,49582000000.0,21614000000.0,649000000.0,,17276000000.0,4338000000.0,-516000000.0,3822000000.0,71196000000.0,543200000.0,544500000.0,547900000.0
Target Corp,TGT,8WDDFXB5T1Z6J0XC1L66,27419,2017.0,Q2,2017-04-30,2017-07-29,2018-08-27 15:14:29+00:00,1.22,1.22,0.62,521000000.0,1.22,307000000.0,671000000.0,670000000.0,1000000.0,671000000.0,11419000000.0,16410000000.0,15000000.0,224000000.0,,3601000000.0,11419000000.0,5215000000.0,131000000.0,,4122000000.0,1093000000.0,-116000000.0,977000000.0,16634000000.0,550000000.0,549300000.0,551900000.0
Target Corp,TGT,8WDDFXB5T1Z6J0XC1L66,27419,2017.0,Q2YTD,2017-01-29,2017-07-29,,2.45,2.45,1.22,1037000000.0,2.44,662000000.0,1349000000.0,1345000000.0,4000000.0,1349000000.0,22618000000.0,32405000000.0,30000000.0,452000000.0,,6954000000.0,22618000000.0,10239000000.0,271000000.0,,7991000000.0,2248000000.0,-241000000.0,2007000000.0,32857000000.0,550000000.0,549300000.0,551900000.0
Target Corp,TGT,8WDDFXB5T1Z6J0XC1L66,27419,2017.0,Q2TTM,2016-07-31,2017-07-29,,4.96,4.95,2.42,2036000000.0,4.92,1358000000.0,2771000000.0,2772000000.0,-1000000.0,2771000000.0,49406000000.0,70311000000.0,118000000.0,452000000.0,,14769000000.0,49406000000.0,21357000000.0,540000000.0,,16805000000.0,4552000000.0,-422000000.0,4130000000.0,70763000000.0,550000000.0,549300000.0,551900000.0
Target Corp,TGT,8WDDFXB5T1Z6J0XC1L66,27419,2017.0,Q1,2017-01-29,2017-04-29,2018-05-29 15:05:03+00:00,1.23,1.23,0.6,516000000.0,1.22,355000000.0,678000000.0,675000000.0,3000000.0,678000000.0,11199000000.0,15995000000.0,15000000.0,228000000.0,,3353000000.0,11199000000.0,5024000000.0,140000000.0,,3869000000.0,1155000000.0,-125000000.0,1030000000.0,16223000000.0,551200000.0,552400000.0,555200000.0
Target Corp,TGT,8WDDFXB5T1Z6J0XC1L66,27419,2017.0,Q1TTM,2016-05-01,2017-04-29,,4.91,4.9,2.4,2015000000.0,4.86,1367000000.0,2780000000.0,2727000000.0,53000000.0,2780000000.0,49159000000.0,70070000000.0,103000000.0,228000000.0,,14417000000.0,49159000000.0,21139000000.0,716000000.0,,16432000000.0,4707000000.0,-613000000.0,4094000000.0,70298000000.0,551200000.0,552400000.0,555200000.0
Target Corp,TGT,8WDDFXB5T1Z6J0XC1L66,27419,2018.0,FY,2018-02-04,2019-02-02,2020-03-11 16:14:26+00:00,5.55,5.55,2.54,2224000000.0,5.51,746000000.0,2937000000.0,2930000000.0,7000000.0,2937000000.0,53299000000.0,75356000000.0,27000000.0,,,15723000000.0,53299000000.0,22057000000.0,461000000.0,,17947000000.0,4110000000.0,-434000000.0,3676000000.0,75356000000.0,529200000.0,528600000.0,533200000.0
Target Corp,TGT,8WDDFXB5T1Z6J0XC1L66,27419,2018.0,Q4,2018-11-04,2019-02-02,,1.53,1.53,0.64,585000000.0,1.52,216000000.0,798000000.0,798000000.0,,798000000.0,16900000000.0,22978000000.0,7000000.0,,,4376000000.0,16900000000.0,6078000000.0,110000000.0,,4961000000.0,1117000000.0,-103000000.0,1014000000.0,22978000000.0,529200000.0,528600000.0,533200000.0
Target Corp,TGT,8WDDFXB5T1Z6J0XC1L66,27419,2018.0,Q3,2018-08-05,2018-11-03,2019-11-27 12:59:13+00:00,1.18,1.18,0.64,530000000.0,1.17,97000000.0,622000000.0,616000000.0,6000000.0,622000000.0,12535000000.0,17821000000.0,9000000.0,,,3937000000.0,12535000000.0,5286000000.0,115000000.0,,4467000000.0,819000000.0,-106000000.0,713000000.0,17821000000.0,527100000.0,525900000.0,531200000.0
Target Corp,TGT,8WDDFXB5T1Z6J0XC1L66,27419,2018.0,Q3YTD,2018-02-04,2018-11-03,,4.02,4.02,1.9,1639000000.0,3.99,530000000.0,2139000000.0,2132000000.0,7000000.0,2139000000.0,36399000000.0,52378000000.0,20000000.0,,,11347000000.0,36399000000.0,15979000000.0,351000000.0,,12986000000.0,2993000000.0,-331000000.0,2662000000.0,52378000000.0,527100000.0,525900000.0,531200000.0
Target Corp,TGT,8WDDFXB5T1Z6J0XC1L66,27419,2018.0,Q3TTM,2017-10-29,2018-11-03,,6.01,6.01,3.14,2245000000.0,5.97,455000000.0,3226000000.0,3219000000.0,7000000.0,3226000000.0,53194000000.0,75813000000.0,34000000.0,-452000000.0,,15800000000.0,53194000000.0,22167000000.0,482000000.0,,18045000000.0,4122000000.0,-448000000.0,3674000000.0,75361000000.0,527100000.0,525900000.0,531200000.0
Target Corp,TGT,8WDDFXB5T1Z6J0XC1L66,27419,2018.0,Q2,2018-05-06,2018-08-04,2019-08-30 13:00:12+00:00,1.5,1.5,0.64,539000000.0,1.49,223000000.0,799000000.0,799000000.0,0.0,799000000.0,12239000000.0,17776000000.0,4000000.0,,,3865000000.0,12239000000.0,5537000000.0,115000000.0,,4404000000.0,1133000000.0,-111000000.0,1022000000.0,17776000000.0,532700000.0,531700000.0,536300000.0
Target Corp,TGT,8WDDFXB5T1Z6J0XC1L66,27419,2018.0,Q2YTD,2018-02-04,2018-08-04,,2.84,2.84,1.26,1109000000.0,2.82,433000000.0,1517000000.0,1516000000.0,1000000.0,1517000000.0,23864000000.0,34557000000.0,11000000.0,,,7410000000.0,23864000000.0,10693000000.0,236000000.0,,8519000000.0,2174000000.0,-225000000.0,1949000000.0,34557000000.0,532700000.0,531700000.0,536300000.0
Target Corp,TGT,8WDDFXB5T1Z6J0XC1L66,27419,2018.0,Q2TTM,2017-07-30,2018-08-04,,5.71,5.71,2.5,2297000000.0,5.67,493000000.0,3082000000.0,3079000000.0,3000000.0,3082000000.0,52371000000.0,74866000000.0,40000000.0,-452000000.0,,15596000000.0,52371000000.0,22043000000.0,618000000.0,,17893000000.0,4150000000.0,-578000000.0,3572000000.0,74414000000.0,532700000.0,531700000.0,536300000.0
Target Corp,TGT,8WDDFXB5T1Z6J0XC1L66,27419,2018.0,Q1,2018-02-04,2018-05-05,2019-05-31 15:50:58+00:00,1.34,1.34,0.62,570000000.0,1.33,210000000.0,718000000.0,717000000.0,1000000.0,718000000.0,11625000000.0,16781000000.0,7000000.0,,,3545000000.0,11625000000.0,5156000000.0,121000000.0,,4115000000.0,1041000000.0,-114000000.0,927000000.0,16781000000.0,535800000.0,536900000.0,541000000.0
Target Corp,TGT,8WDDFXB5T1Z6J0XC1L66,27419,2018.0,Q1TTM,2017-04-30,2018-05-05,,5.43,5.43,2.48,2279000000.0,5.4,577000000.0,2954000000.0,2950000000.0,4000000.0,2954000000.0,51551000000.0,73500000000.0,51000000.0,-228000000.0,,15332000000.0,51551000000.0,21721000000.0,634000000.0,,17611000000.0,4110000000.0,-583000000.0,3527000000.0,73272000000.0,535800000.0,536900000.0,541000000.0
Target Corp,TGT,8WDDFXB5T1Z6J0XC1L66,27419,2019.0,Q4,2019-11-03,2020-02-01,,1.65,1.65,0.66,640000000.0,1.62,218000000.0,834000000.0,833000000.0,1000000.0,834000000.0,17056000000.0,23398000000.0,-28000000.0,,,4505000000.0,17056000000.0,6342000000.0,118000000.0,,5145000000.0,1197000000.0,-146000000.0,1051000000.0,23398000000.0,511100000.0,510900000.0,515600000.0
Target Corp,TGT,8WDDFXB5T1Z6J0XC1L66,27419,2019.0,FY,2019-02-03,2020-02-01,2020-03-11 16:14:26+00:00,6.42,6.42,2.62,2357000000.0,6.36,921000000.0,3281000000.0,3269000000.0,12000000.0,3281000000.0,54864000000.0,78112000000.0,9000000.0,,,16233000000.0,54864000000.0,23248000000.0,477000000.0,,18590000000.0,4658000000.0,-468000000.0,4190000000.0,78112000000.0,511100000.0,510900000.0,515600000.0
Target Corp,TGT,8WDDFXB5T1Z6J0XC1L66,27419,2019.0,Q3YTD,2019-02-03,2019-11-02,,4.77,4.77,1.96,1717000000.0,4.74,703000000.0,2447000000.0,2436000000.0,11000000.0,2447000000.0,37808000000.0,54714000000.0,37000000.0,,,11728000000.0,37808000000.0,16906000000.0,359000000.0,,13445000000.0,3461000000.0,-322000000.0,3139000000.0,54714000000.0,510000000.0,509700000.0,514800000.0
Target Corp,TGT,8WDDFXB5T1Z6J0XC1L66,27419,2019.0,Q3TTM,2018-11-04,2019-11-02,,6.3,6.3,2.6,2302000000.0,6.26,919000000.0,3245000000.0,3234000000.0,11000000.0,3245000000.0,54708000000.0,77692000000.0,44000000.0,,,16104000000.0,54708000000.0,22984000000.0,469000000.0,,18406000000.0,4578000000.0,-425000000.0,4153000000.0,77692000000.0,510000000.0,509700000.0,514800000.0
Target Corp,TGT,8WDDFXB5T1Z6J0XC1L66,27419,2019.0,Q3,2019-08-04,2019-11-02,2019-11-27 12:59:13+00:00,1.4,1.4,0.66,575000000.0,1.39,195000000.0,714000000.0,706000000.0,8000000.0,714000000.0,12935000000.0,18665000000.0,12000000.0,,,4153000000.0,12935000000.0,5730000000.0,113000000.0,,4728000000.0,1002000000.0,-101000000.0,901000000.0,18665000000.0,510000000.0,509700000.0,514800000.0
Target Corp,TGT,8WDDFXB5T1Z6J0XC1L66,27419,2019.0,Q2YTD,2019-02-03,2019-08-03,,3.37,3.37,1.3,1142000000.0,3.35,508000000.0,1733000000.0,1730000000.0,3000000.0,1733000000.0,24873000000.0,36049000000.0,25000000.0,,,7575000000.0,24873000000.0,11176000000.0,246000000.0,,8717000000.0,2459000000.0,-221000000.0,2238000000.0,36049000000.0,512600000.0,512100000.0,516100000.0
Target Corp,TGT,8WDDFXB5T1Z6J0XC1L66,27419,2019.0,Q2TTM,2018-08-05,2019-08-03,,6.08,6.08,2.58,2257000000.0,6.04,821000000.0,3153000000.0,3144000000.0,9000000.0,3153000000.0,54308000000.0,76848000000.0,41000000.0,,,15888000000.0,54308000000.0,22540000000.0,471000000.0,,18145000000.0,4395000000.0,-430000000.0,3965000000.0,76848000000.0,512600000.0,512100000.0,516100000.0
Target Corp,TGT,8WDDFXB5T1Z6J0XC1L66,27419,2019.0,Q2,2019-05-05,2019-08-03,2019-08-30 13:00:12+00:00,1.83,1.83,0.66,561000000.0,1.82,279000000.0,938000000.0,938000000.0,0.0,938000000.0,12625000000.0,18422000000.0,13000000.0,,,3912000000.0,12625000000.0,5797000000.0,120000000.0,,4473000000.0,1324000000.0,-107000000.0,1217000000.0,18422000000.0,512600000.0,512100000.0,516100000.0
Target Corp,TGT,8WDDFXB5T1Z6J0XC1L66,27419,2019.0,Q1,2019-02-03,2019-05-04,2020-05-29 15:54:17+00:00,1.54,1.54,0.64,581000000.0,1.53,229000000.0,795000000.0,792000000.0,3000000.0,795000000.0,12248000000.0,17627000000.0,12000000.0,,,3663000000.0,12248000000.0,5379000000.0,126000000.0,,4244000000.0,1135000000.0,-114000000.0,1021000000.0,17627000000.0,516200000.0,515700000.0,519500000.0
Target Corp,TGT,8WDDFXB5T1Z6J0XC1L66,27419,2019.0,Q1TTM,2018-05-06,2019-05-04,,5.75,5.75,2.56,2235000000.0,5.71,765000000.0,3014000000.0,3005000000.0,9000000.0,3014000000.0,53922000000.0,76202000000.0,32000000.0,,,15841000000.0,53922000000.0,22280000000.0,466000000.0,,18076000000.0,4204000000.0,-434000000.0,3770000000.0,76202000000.0,516200000.0,515700000.0,519500000.0
Target Corp,TGT,8WDDFXB5T1Z6J0XC1L66,27419,2020.0,Q1TTM,2019-05-05,2020-05-02,,5.45,5.45,2.64,2353000000.0,5.39,737000000.0,2770000000.0,2761000000.0,9000000.0,2770000000.0,57126000000.0,80100000000.0,-25000000.0,,,16630000000.0,57126000000.0,22974000000.0,468000000.0,,18983000000.0,3991000000.0,-493000000.0,3498000000.0,80100000000.0,498200000.0,501000000.0,505800000.0
Target Corp,TGT,8WDDFXB5T1Z6J0XC1L66,27419,2020.0,Q1,2020-02-02,2020-05-02,2020-05-29 15:54:17+00:00,0.57,0.57,0.66,577000000.0,0.56,45000000.0,284000000.0,284000000.0,0.0,284000000.0,14510000000.0,19615000000.0,-22000000.0,,,4060000000.0,14510000000.0,5105000000.0,117000000.0,,4637000000.0,468000000.0,-139000000.0,329000000.0,19615000000.0,498200000.0,501000000.0,505800000.0
