company_name,company_ticker,company_lei,company_cik,year,quarter,start_date,end_date,filing_date,basicdilutedeps,basiceps,cashdividendspershare,dilutedeps,impairmentexpense,incometaxexpense,netincome,netincomecontinuing,netincometocommon,netincometononcontrollinginterest,operatingcostofrevenue,operatingrevenue,otherincome,otherspecialcharges,sgaexpense,totalcostofrevenue,totalgrossprofit,totalinterestexpense,totaloperatingexpenses,totaloperatingincome,totalotherincome,totalpretaxincome,totalrevenue,weightedavebasicdilutedsharesos,weightedavebasicsharesos,weightedavedilutedsharesos
Parker-Hannifin Corp,PH,5493002CONDB4N2HKI23,76334,2008.0,FY,2007-07-01,2008-06-30,2010-08-26 10:03:06+00:00,5.64,5.64,0.84,5.53,,377058000.0,957513000.0,957513000.0,949466000.0,8047000.0,9339072000.0,12145605000.0,-12280000.0,-3396000.0,1364082000.0,9339072000.0,2806533000.0,98996000.0,1360686000.0,1445847000.0,-111276000.0,1334571000.0,12145605000.0,168285487.0,168285487.0,168285487.0
Parker-Hannifin Corp,PH,5493002CONDB4N2HKI23,76334,2009.0,Q4,2009-04-01,2009-06-30,,0.31,0.31,0.25,0.31,,14801000.0,48393000.0,48393000.0,49516000.0,-1123000.0,1814069000.0,2210958000.0,-6235000.0,-336000.0,302521000.0,1814069000.0,396889000.0,25275000.0,302185000.0,94704000.0,-31510000.0,63194000.0,2210958000.0,161564111.0,161564111.0,161564111.0
Parker-Hannifin Corp,PH,5493002CONDB4N2HKI23,76334,2009.0,FY,2008-07-01,2009-06-30,2011-08-26 09:17:15+00:00,3.15,3.15,1.0,3.13,,172939000.0,510144000.0,510144000.0,508515000.0,1629000.0,8181348000.0,10309015000.0,-42470000.0,-336000.0,1290379000.0,8181348000.0,2127667000.0,112071000.0,1290043000.0,837624000.0,-154541000.0,683083000.0,10309015000.0,161564111.0,161564111.0,161564111.0
Parker-Hannifin Corp,PH,5493002CONDB4N2HKI23,76334,2009.0,Q3YTD,2008-07-01,2009-03-31,,2.84,2.84,0.75,2.84,,158138000.0,461751000.0,461751000.0,458999000.0,2752000.0,6367279000.0,8098057000.0,-36235000.0,,987858000.0,6367279000.0,1730778000.0,86796000.0,987858000.0,742920000.0,-123031000.0,619889000.0,8098057000.0,161900000.0,161900000.0,161900000.0
Parker-Hannifin Corp,PH,5493002CONDB4N2HKI23,76334,2009.0,Q3,2009-01-01,2009-03-31,2010-05-05 09:33:50+00:00,0.33,0.33,0.25,0.33,,9113000.0,53155000.0,53155000.0,53422000.0,-267000.0,1908607000.0,2344713000.0,-27453000.0,,317992000.0,1908607000.0,436106000.0,28393000.0,317992000.0,118114000.0,-55846000.0,62268000.0,2344713000.0,161900000.0,161900000.0,161900000.0
Parker-Hannifin Corp,PH,5493002CONDB4N2HKI23,76334,2009.0,Q2YTD,2008-07-01,2008-12-31,,2.53,2.53,0.51,2.53,,149025000.0,408596000.0,408596000.0,405577000.0,3019000.0,4458672000.0,5753344000.0,-8782000.0,,669866000.0,4458672000.0,1294672000.0,58403000.0,669866000.0,624806000.0,-67185000.0,557621000.0,5753344000.0,160200000.0,160200000.0,161900000.0
Parker-Hannifin Corp,PH,5493002CONDB4N2HKI23,76334,2009.0,Q2,2008-10-01,2008-12-31,2010-02-04 10:12:10+00:00,0.97,0.97,0.25,0.96,,42472000.0,156761000.0,156761000.0,155401000.0,1360000.0,2121450000.0,2688656000.0,-483000.0,,337183000.0,2121450000.0,567206000.0,30307000.0,337183000.0,230023000.0,-30790000.0,199233000.0,2688656000.0,160200000.0,160200000.0,161900000.0
Parker-Hannifin Corp,PH,5493002CONDB4N2HKI23,76334,2009.0,Q1,2008-07-01,2008-09-30,2009-11-03 11:39:57+00:00,1.52,1.52,0.25,1.5,,106553000.0,251835000.0,251835000.0,250176000.0,1659000.0,2337222000.0,3064688000.0,-8299000.0,,332683000.0,2337222000.0,727466000.0,28096000.0,332683000.0,394783000.0,-36395000.0,358388000.0,3064688000.0,164600000.0,164600000.0,166800000.0
Parker-Hannifin Corp,PH,5493002CONDB4N2HKI23,76334,2010.0,Q4,2010-04-01,2010-06-30,,1.37,1.37,0.26,1.37,,69108000.0,223052000.0,223052000.0,222163000.0,889000.0,2114190000.0,2786470000.0,6396000.0,10292000.0,349328000.0,2114190000.0,672280000.0,26896000.0,359620000.0,312660000.0,-20500000.0,292160000.0,2786470000.0,160909655.0,160909655.0,160909655.0
Parker-Hannifin Corp,PH,5493002CONDB4N2HKI23,76334,2010.0,FY,2009-07-01,2010-06-30,2012-08-24 09:36:46+00:00,3.44,3.44,1.01,3.4,,198452000.0,556365000.0,556365000.0,554065000.0,2300000.0,7847067000.0,9993166000.0,-311000.0,10292000.0,1277080000.0,7847067000.0,2146099000.0,103599000.0,1287372000.0,858727000.0,-103910000.0,754817000.0,9993166000.0,160909655.0,160909655.0,160909655.0
Parker-Hannifin Corp,PH,5493002CONDB4N2HKI23,76334,2010.0,Q3YTD,2009-07-01,2010-03-31,,2.06,2.06,0.75,2.06,,129344000.0,333313000.0,333313000.0,331902000.0,1411000.0,5732877000.0,7206696000.0,-6707000.0,,927752000.0,5732877000.0,1473819000.0,76703000.0,927752000.0,546067000.0,-83410000.0,462657000.0,7206696000.0,160931123.0,160931123.0,160931123.0
Parker-Hannifin Corp,PH,5493002CONDB4N2HKI23,76334,2010.0,Q3TTM,2009-04-01,2010-03-31,,2.37,2.37,1.0,2.37,,144145000.0,381706000.0,381706000.0,381418000.0,288000.0,7546946000.0,9417654000.0,-12942000.0,-336000.0,1230273000.0,7546946000.0,1870708000.0,101978000.0,1229937000.0,640771000.0,-114920000.0,525851000.0,9417654000.0,160931123.0,160931123.0,160931123.0
Parker-Hannifin Corp,PH,5493002CONDB4N2HKI23,76334,2010.0,Q3,2010-01-01,2010-03-31,2011-05-10 09:06:48+00:00,0.96,0.96,0.25,0.94,,52013000.0,154380000.0,154380000.0,153863000.0,517000.0,2062451000.0,2614823000.0,-3959000.0,,316069000.0,2062451000.0,552372000.0,25951000.0,316069000.0,236303000.0,-29910000.0,206393000.0,2614823000.0,160931123.0,160931123.0,160931123.0
Parker-Hannifin Corp,PH,5493002CONDB4N2HKI23,76334,2010.0,Q2YTD,2009-07-01,2009-12-31,,1.11,1.11,0.5,1.11,,77331000.0,178933000.0,178933000.0,178039000.0,894000.0,3670426000.0,4591873000.0,-2748000.0,,611683000.0,3670426000.0,921447000.0,50752000.0,611683000.0,309764000.0,-53500000.0,256264000.0,4591873000.0,160767790.0,160767790.0,160767790.0
Parker-Hannifin Corp,PH,5493002CONDB4N2HKI23,76334,2010.0,Q2TTM,2009-01-01,2009-12-31,,1.75,1.75,1.0,1.75,,101245000.0,280481000.0,280481000.0,280977000.0,-496000.0,7393102000.0,9147544000.0,-36436000.0,-336000.0,1232196000.0,7393102000.0,1754442000.0,104420000.0,1231860000.0,522582000.0,-140856000.0,381726000.0,9147544000.0,160767790.0,160767790.0,160767790.0
Parker-Hannifin Corp,PH,5493002CONDB4N2HKI23,76334,2010.0,Q2,2009-10-01,2009-12-31,2011-02-08 09:43:01+00:00,0.65,0.65,0.25,0.64,,37272000.0,104963000.0,104963000.0,104546000.0,417000.0,1869481000.0,2354708000.0,-8123000.0,,309840000.0,1869481000.0,485227000.0,25029000.0,309840000.0,175387000.0,-33152000.0,142235000.0,2354708000.0,160767790.0,160767790.0,160767790.0
Parker-Hannifin Corp,PH,5493002CONDB4N2HKI23,76334,2010.0,Q1TTM,2008-10-01,2009-09-30,,2.07,2.07,1.0,2.07,,106445000.0,332279000.0,332279000.0,331832000.0,447000.0,7645071000.0,9481492000.0,-28796000.0,-336000.0,1259539000.0,7645071000.0,1836421000.0,109698000.0,1259203000.0,577218000.0,-138494000.0,438724000.0,9481492000.0,160629291.0,160629291.0,160629291.0
Parker-Hannifin Corp,PH,5493002CONDB4N2HKI23,76334,2010.0,Q1,2009-07-01,2009-09-30,2010-11-08 09:26:41+00:00,0.46,0.46,0.25,0.45,,40059000.0,73970000.0,73970000.0,73493000.0,477000.0,1800945000.0,2237165000.0,5375000.0,,301843000.0,1800945000.0,436220000.0,25723000.0,301843000.0,134377000.0,-20348000.0,114029000.0,2237165000.0,160629291.0,160629291.0,160629291.0
Parker-Hannifin Corp,PH,5493002CONDB4N2HKI23,76334,2011.0,Q4,2011-04-01,2011-06-30,,1.84,1.84,0.37,1.79,,86736000.0,294654000.0,294654000.0,292190000.0,2464000.0,2590772000.0,3409830000.0,-7116000.0,-7710000.0,413441000.0,2590772000.0,819058000.0,24821000.0,405731000.0,413327000.0,-31937000.0,381390000.0,3409830000.0,161125869.0,161125869.0,161125869.0
Parker-Hannifin Corp,PH,5493002CONDB4N2HKI23,76334,2011.0,FY,2010-07-01,2011-06-30,2013-08-29 11:03:04+00:00,6.51,6.51,1.25,6.37,,356571000.0,1057150000.0,1057150000.0,1049130000.0,8020000.0,9387457000.0,12345870000.0,15075000.0,-7710000.0,1467773000.0,9387457000.0,2958413000.0,99704000.0,1460063000.0,1498350000.0,-84629000.0,1413721000.0,12345870000.0,161125869.0,161125869.0,161125869.0
Parker-Hannifin Corp,PH,5493002CONDB4N2HKI23,76334,2011.0,Q3YTD,2010-07-01,2011-03-31,,4.67,4.67,0.88,4.58,,269835000.0,762496000.0,762496000.0,756940000.0,5556000.0,6796685000.0,8936040000.0,22191000.0,,1054332000.0,6796685000.0,2139355000.0,74883000.0,1054332000.0,1085023000.0,-52692000.0,1032331000.0,8936040000.0,162160426.0,162160426.0,162160426.0
Parker-Hannifin Corp,PH,5493002CONDB4N2HKI23,76334,2011.0,Q3TTM,2010-04-01,2011-03-31,,6.04,6.04,1.14,5.95,,338943000.0,985548000.0,985548000.0,979103000.0,6445000.0,8910875000.0,11722510000.0,28587000.0,10292000.0,1403660000.0,8910875000.0,2811635000.0,101779000.0,1413952000.0,1397683000.0,-73192000.0,1324491000.0,11722510000.0,162160426.0,162160426.0,162160426.0
Parker-Hannifin Corp,PH,5493002CONDB4N2HKI23,76334,2011.0,Q3,2011-01-01,2011-03-31,2012-05-09 08:47:52+00:00,1.72,1.72,0.32,1.68,,108069000.0,281648000.0,281648000.0,279589000.0,2059000.0,2463083000.0,3240103000.0,12385000.0,,375069000.0,2463083000.0,777020000.0,24619000.0,375069000.0,401951000.0,-12234000.0,389717000.0,3240103000.0,162160426.0,162160426.0,162160426.0
Parker-Hannifin Corp,PH,5493002CONDB4N2HKI23,76334,2011.0,Q2YTD,2010-07-01,2010-12-31,,2.95,2.95,0.56,2.9,,161766000.0,480848000.0,480848000.0,477351000.0,3497000.0,4333602000.0,5695937000.0,9806000.0,,679263000.0,4333602000.0,1362335000.0,50264000.0,679263000.0,683072000.0,-40458000.0,642614000.0,5695937000.0,161701219.0,161701219.0,161701219.0
Parker-Hannifin Corp,PH,5493002CONDB4N2HKI23,76334,2011.0,Q2TTM,2010-01-01,2010-12-31,,5.28,5.28,1.07,5.21,,282887000.0,858280000.0,858280000.0,853377000.0,4903000.0,8510243000.0,11097230000.0,12243000.0,10292000.0,1344660000.0,8510243000.0,2586987000.0,103111000.0,1354952000.0,1232035000.0,-90868000.0,1141167000.0,11097230000.0,161701219.0,161701219.0,161701219.0
Parker-Hannifin Corp,PH,5493002CONDB4N2HKI23,76334,2011.0,Q2,2010-10-01,2010-12-31,2012-02-08 09:16:51+00:00,1.42,1.42,0.29,1.39,,74432000.0,231818000.0,231818000.0,230180000.0,1638000.0,2195728000.0,2866664000.0,6624000.0,,345679000.0,2195728000.0,670936000.0,25631000.0,345679000.0,325257000.0,-19007000.0,306250000.0,2866664000.0,161701219.0,161701219.0,161701219.0
Parker-Hannifin Corp,PH,5493002CONDB4N2HKI23,76334,2011.0,Q1TTM,2009-10-01,2010-09-30,,4.51,4.51,1.03,4.51,,245727000.0,731425000.0,731425000.0,727743000.0,3682000.0,8183996000.0,10585274000.0,-2504000.0,10292000.0,1308821000.0,8183996000.0,2401278000.0,102509000.0,1319113000.0,1082165000.0,-105013000.0,977152000.0,10585274000.0,161272536.0,161272536.0,161272536.0
Parker-Hannifin Corp,PH,5493002CONDB4N2HKI23,76334,2011.0,Q1,2010-07-01,2010-09-30,2011-11-09 10:42:54+00:00,1.53,1.53,0.27,1.51,,87334000.0,249030000.0,249030000.0,247171000.0,1859000.0,2137874000.0,2829273000.0,3182000.0,,333584000.0,2137874000.0,691399000.0,24633000.0,333584000.0,357815000.0,-21451000.0,336364000.0,2829273000.0,161272536.0,161272536.0,161272536.0
Parker-Hannifin Corp,PH,5493002CONDB4N2HKI23,76334,2012.0,Q4,2012-04-01,2012-06-30,,2.01,2.01,0.41,1.97,,123037000.0,302302000.0,302302000.0,301965000.0,337000.0,2572258000.0,3411666000.0,-6395000.0,-2494000.0,386681000.0,2572258000.0,839408000.0,23487000.0,384187000.0,455221000.0,-29882000.0,425339000.0,3411666000.0,151222033.0,151222033.0,151222033.0
Parker-Hannifin Corp,PH,5493002CONDB4N2HKI23,76334,2012.0,FY,2011-07-01,2012-06-30,2014-08-22 11:33:15+00:00,7.62,7.62,1.54,7.45,0.0,421206000.0,1155492000.0,1155492000.0,1151823000.0,3669000.0,9958337000.0,13145942000.0,-1295000.0,-2494000.0,1519316000.0,9958337000.0,3187605000.0,92790000.0,1516822000.0,1670783000.0,-94085000.0,1576698000.0,13145942000.0,151222033.0,151222033.0,151222033.0
Parker-Hannifin Corp,PH,5493002CONDB4N2HKI23,76334,2012.0,Q3YTD,2011-07-01,2012-03-31,,5.61,5.61,1.13,5.48,,298169000.0,853190000.0,853190000.0,849858000.0,3332000.0,7386079000.0,9734276000.0,5100000.0,,1132635000.0,7386079000.0,2348197000.0,69303000.0,1132635000.0,1215562000.0,-64203000.0,1151359000.0,9734276000.0,151017910.0,151017910.0,151017910.0
Parker-Hannifin Corp,PH,5493002CONDB4N2HKI23,76334,2012.0,Q3TTM,2011-04-01,2012-03-31,,7.45,7.45,1.5,7.27,,384905000.0,1147844000.0,1147844000.0,1142048000.0,5796000.0,9976851000.0,13144106000.0,-2016000.0,-7710000.0,1546076000.0,9976851000.0,3167255000.0,94124000.0,1538366000.0,1628889000.0,-96140000.0,1532749000.0,13144106000.0,151017910.0,151017910.0,151017910.0
Parker-Hannifin Corp,PH,5493002CONDB4N2HKI23,76334,2012.0,Q3,2012-01-01,2012-03-31,2013-05-07 09:05:59+00:00,2.07,2.07,0.39,2.01,,88138000.0,312689000.0,312689000.0,312074000.0,615000.0,2590315000.0,3393563000.0,-2629000.0,,377479000.0,2590315000.0,803248000.0,22313000.0,377479000.0,425769000.0,-24942000.0,400827000.0,3393563000.0,151017910.0,151017910.0,151017910.0
Parker-Hannifin Corp,PH,5493002CONDB4N2HKI23,76334,2012.0,Q2YTD,2011-07-01,2011-12-31,,3.54,3.54,0.74,3.47,,210031000.0,540501000.0,540501000.0,537784000.0,2717000.0,4795764000.0,6340713000.0,7729000.0,,755156000.0,4795764000.0,1544949000.0,46990000.0,755156000.0,789793000.0,-39261000.0,750532000.0,6340713000.0,150960202.0,150960202.0,150960202.0
Parker-Hannifin Corp,PH,5493002CONDB4N2HKI23,76334,2012.0,Q2TTM,2011-01-01,2011-12-31,,7.1,7.1,1.43,6.94,,404836000.0,1116803000.0,1116803000.0,1109563000.0,7240000.0,9849619000.0,12990646000.0,12998000.0,-7710000.0,1543666000.0,9849619000.0,3141027000.0,96430000.0,1535956000.0,1605071000.0,-83432000.0,1521639000.0,12990646000.0,150960202.0,150960202.0,150960202.0
Parker-Hannifin Corp,PH,5493002CONDB4N2HKI23,76334,2012.0,Q2,2011-10-01,2011-12-31,2013-02-06 09:38:57+00:00,1.59,1.59,0.37,1.56,,96604000.0,242343000.0,242343000.0,240766000.0,1577000.0,2381322000.0,3106832000.0,5896000.0,,368690000.0,2381322000.0,725510000.0,23769000.0,368690000.0,356820000.0,-17873000.0,338947000.0,3106832000.0,150960202.0,150960202.0,150960202.0
Parker-Hannifin Corp,PH,5493002CONDB4N2HKI23,76334,2012.0,Q1TTM,2010-10-01,2011-09-30,,6.93,6.93,1.35,6.77,,382664000.0,1106278000.0,1106278000.0,1098977000.0,7301000.0,9664025000.0,12750478000.0,13726000.0,-7710000.0,1520655000.0,9664025000.0,3086453000.0,98292000.0,1512945000.0,1573508000.0,-84566000.0,1488942000.0,12750478000.0,152439026.0,152439026.0,152439026.0
Parker-Hannifin Corp,PH,5493002CONDB4N2HKI23,76334,2012.0,Q1,2011-07-01,2011-09-30,2012-11-02 10:47:14+00:00,1.95,1.95,0.37,1.91,,113427000.0,298158000.0,298158000.0,297018000.0,1140000.0,2414442000.0,3233881000.0,1833000.0,,386466000.0,2414442000.0,819439000.0,23221000.0,386466000.0,432973000.0,-21388000.0,411585000.0,3233881000.0,152439026.0,152439026.0,152439026.0
Parker-Hannifin Corp,PH,5493002CONDB4N2HKI23,76334,2013.0,FY,2012-07-01,2013-06-30,2015-08-26 10:59:12+00:00,6.36,6.36,1.7,6.26,0.0,362217000.0,948784000.0,948784000.0,948427000.0,357000.0,10086675000.0,13015704000.0,18198000.0,-10299000.0,1554973000.0,10086675000.0,2929029000.0,91552000.0,1544674000.0,1384355000.0,-73354000.0,1311001000.0,13015704000.0,149218257.0,149218257.0,149218257.0
Parker-Hannifin Corp,PH,5493002CONDB4N2HKI23,76334,2013.0,Q4,2013-04-01,2013-06-30,,1.82,1.82,0.45,1.82,,102633000.0,271130000.0,271130000.0,271164000.0,-34000.0,2618067000.0,3428233000.0,-12864000.0,-10299000.0,413061000.0,2618067000.0,810166000.0,20777000.0,402762000.0,407404000.0,-33641000.0,373763000.0,3428233000.0,149218257.0,149218257.0,149218257.0
Parker-Hannifin Corp,PH,5493002CONDB4N2HKI23,76334,2013.0,Q3YTD,2012-07-01,2013-03-31,,4.54,4.54,1.25,4.44,,259584000.0,677654000.0,677654000.0,677263000.0,391000.0,7468608000.0,9587471000.0,31062000.0,,1141912000.0,7468608000.0,2118863000.0,70775000.0,1141912000.0,976951000.0,-39713000.0,937238000.0,9587471000.0,149287628.0,149287628.0,149287628.0
Parker-Hannifin Corp,PH,5493002CONDB4N2HKI23,76334,2013.0,Q3TTM,2012-04-01,2013-03-31,,6.55,6.55,1.66,6.41,,382621000.0,979956000.0,979956000.0,979228000.0,728000.0,10040866000.0,12999137000.0,24667000.0,-2494000.0,1528593000.0,10040866000.0,2958271000.0,94262000.0,1526099000.0,1432172000.0,-69595000.0,1362577000.0,12999137000.0,149287628.0,149287628.0,149287628.0
Parker-Hannifin Corp,PH,5493002CONDB4N2HKI23,76334,2013.0,Q3,2013-01-01,2013-03-31,2014-05-06 12:52:19+00:00,1.72,1.72,0.43,1.68,0.0,81959000.0,256592000.0,256592000.0,256560000.0,32000.0,2569189000.0,3307041000.0,3439000.0,,379690000.0,2569189000.0,737852000.0,23050000.0,379690000.0,358162000.0,-19611000.0,338551000.0,3307041000.0,149287628.0,149287628.0,149287628.0
Parker-Hannifin Corp,PH,5493002CONDB4N2HKI23,76334,2013.0,Q2YTD,2012-07-01,2012-12-31,,2.82,2.82,0.82,2.76,,177625000.0,421062000.0,421062000.0,420703000.0,359000.0,4899419000.0,6280430000.0,27623000.0,,762222000.0,4899419000.0,1381011000.0,47725000.0,762222000.0,618789000.0,-20102000.0,598687000.0,6280430000.0,149001273.0,149001273.0,149001273.0
Parker-Hannifin Corp,PH,5493002CONDB4N2HKI23,76334,2013.0,Q2TTM,2012-01-01,2012-12-31,,6.9,6.9,1.62,6.74,,388800000.0,1036053000.0,1036053000.0,1034742000.0,1311000.0,10061992000.0,13085659000.0,18599000.0,-2494000.0,1526382000.0,10061992000.0,3023667000.0,93525000.0,1523888000.0,1499779000.0,-74926000.0,1424853000.0,13085659000.0,149001273.0,149001273.0,149001273.0
Parker-Hannifin Corp,PH,5493002CONDB4N2HKI23,76334,2013.0,Q2,2012-10-01,2012-12-31,2014-02-07 10:45:33+00:00,1.21,1.21,0.41,1.19,0.0,81515000.0,181114000.0,181114000.0,180962000.0,152000.0,2421972000.0,3065495000.0,24422000.0,,381100000.0,2421972000.0,643523000.0,24216000.0,381100000.0,262423000.0,206000.0,262629000.0,3065495000.0,149001273.0,149001273.0,149001273.0
Parker-Hannifin Corp,PH,5493002CONDB4N2HKI23,76334,2013.0,Q1TTM,2011-10-01,2012-09-30,,7.28,7.28,1.58,7.11,,403889000.0,1097282000.0,1097282000.0,1094546000.0,2736000.0,10021342000.0,13126996000.0,73000.0,-2494000.0,1513972000.0,10021342000.0,3105654000.0,93078000.0,1511478000.0,1594176000.0,-93005000.0,1501171000.0,13126996000.0,149285849.0,149285849.0,149285849.0
Parker-Hannifin Corp,PH,5493002CONDB4N2HKI23,76334,2013.0,Q1,2012-07-01,2012-09-30,2013-11-04 13:05:58+00:00,1.61,1.61,0.41,1.57,,96110000.0,239948000.0,239948000.0,239741000.0,207000.0,2477447000.0,3214935000.0,3201000.0,,381122000.0,2477447000.0,737488000.0,23509000.0,381122000.0,356366000.0,-20308000.0,336058000.0,3214935000.0,149285849.0,149285849.0,149285849.0
Parker-Hannifin Corp,PH,5493002CONDB4N2HKI23,76334,2014.0,FY,2013-07-01,2014-06-30,2016-08-26 09:46:15+00:00,6.98,6.98,,6.87,188870000.0,515302000.0,1041418000.0,1041418000.0,1041048000.0,370000.0,10188227000.0,13215971000.0,25513000.0,-408891000.0,1633992000.0,10188227000.0,3027744000.0,82566000.0,1413971000.0,1613773000.0,-57053000.0,1556720000.0,13215971000.0,149099448.0,149099448.0,149099448.0
Parker-Hannifin Corp,PH,5493002CONDB4N2HKI23,76334,2014.0,Q4,2014-04-01,2014-06-30,,2.01,2.01,-1.38,2.0,,106648000.0,301176000.0,301176000.0,301038000.0,138000.0,2685954000.0,3525415000.0,-399180000.0,-408891000.0,421185000.0,2685954000.0,839461000.0,20163000.0,12294000.0,827167000.0,-419343000.0,407824000.0,3525415000.0,149099448.0,149099448.0,149099448.0
Parker-Hannifin Corp,PH,5493002CONDB4N2HKI23,76334,2014.0,Q3,2014-01-01,2014-03-31,2015-05-08 10:45:11+00:00,1.63,1.63,0.48,1.6,0.0,86972000.0,242518000.0,242518000.0,242406000.0,112000.0,2605893000.0,3358406000.0,4812000.0,,407241000.0,2605893000.0,752513000.0,20594000.0,407241000.0,345272000.0,-15782000.0,329490000.0,3358406000.0,149039529.0,149039529.0,149039529.0
Parker-Hannifin Corp,PH,5493002CONDB4N2HKI23,76334,2014.0,Q3YTD,2013-07-01,2014-03-31,,4.97,4.97,1.38,4.87,188870000.0,408654000.0,740242000.0,740242000.0,740010000.0,232000.0,7502273000.0,9690556000.0,424693000.0,,1212807000.0,7502273000.0,2188283000.0,62403000.0,1401677000.0,786606000.0,362290000.0,1148896000.0,9690556000.0,149039529.0,149039529.0,149039529.0
Parker-Hannifin Corp,PH,5493002CONDB4N2HKI23,76334,2014.0,Q3TTM,2013-04-01,2014-03-31,,6.79,6.79,1.83,6.69,188870000.0,511287000.0,1011372000.0,1011372000.0,1011174000.0,198000.0,10120340000.0,13118789000.0,411829000.0,-10299000.0,1625868000.0,10120340000.0,2998449000.0,83180000.0,1804439000.0,1194010000.0,328649000.0,1522659000.0,13118789000.0,149039529.0,149039529.0,149039529.0
Parker-Hannifin Corp,PH,5493002CONDB4N2HKI23,76334,2014.0,Q2YTD,2013-07-01,2013-12-31,,3.34,3.34,0.9,3.27,188870000.0,321682000.0,497724000.0,497724000.0,497604000.0,120000.0,4896380000.0,6332150000.0,419881000.0,,805566000.0,4896380000.0,1435770000.0,41809000.0,994436000.0,441334000.0,378072000.0,819406000.0,6332150000.0,149153599.0,149153599.0,149153599.0
Parker-Hannifin Corp,PH,5493002CONDB4N2HKI23,76334,2014.0,Q2TTM,2013-01-01,2013-12-31,,6.88,6.88,1.78,6.77,188870000.0,506274000.0,1025446000.0,1025446000.0,1025328000.0,118000.0,10083636000.0,13067424000.0,410456000.0,-10299000.0,1598317000.0,10083636000.0,2983788000.0,85636000.0,1776888000.0,1206900000.0,324820000.0,1531720000.0,13067424000.0,149153599.0,149153599.0,149153599.0
Parker-Hannifin Corp,PH,5493002CONDB4N2HKI23,76334,2014.0,Q2,2013-10-01,2013-12-31,2015-02-06 14:19:11+00:00,1.7,1.7,0.45,1.66,188870000.0,241912000.0,253404000.0,253404000.0,253288000.0,116000.0,2419971000.0,3106006000.0,417638000.0,,398636000.0,2419971000.0,686035000.0,20851000.0,587506000.0,98529000.0,396787000.0,495316000.0,3106006000.0,149153599.0,149153599.0,149153599.0
Parker-Hannifin Corp,PH,5493002CONDB4N2HKI23,76334,2014.0,Q1TTM,2012-10-01,2013-09-30,,6.39,6.39,1.74,6.3,,345877000.0,953156000.0,953156000.0,953002000.0,154000.0,10085637000.0,13026913000.0,17240000.0,-10299000.0,1580781000.0,10085637000.0,2941276000.0,89001000.0,1570482000.0,1370794000.0,-71761000.0,1299033000.0,13026913000.0,149237306.0,149237306.0,149237306.0
Parker-Hannifin Corp,PH,5493002CONDB4N2HKI23,76334,2014.0,Q1,2013-07-01,2013-09-30,2014-10-31 11:23:46+00:00,1.64,1.64,0.45,1.61,,79770000.0,244320000.0,244320000.0,244316000.0,4000.0,2476409000.0,3226144000.0,2243000.0,,406930000.0,2476409000.0,749735000.0,20958000.0,406930000.0,342805000.0,-18715000.0,324090000.0,3226144000.0,149237306.0,149237306.0,149237306.0
Parker-Hannifin Corp,PH,5493002CONDB4N2HKI23,76334,2015.0,FY,2014-07-01,2015-06-30,2017-08-25 11:07:02+00:00,7.08,7.08,,6.97,,419687000.0,1012553000.0,1012553000.0,1012140000.0,413000.0,9655245000.0,12711744000.0,43374000.0,4481000.0,1544746000.0,9655245000.0,3056499000.0,118406000.0,1549227000.0,1507272000.0,-75032000.0,1432240000.0,12711744000.0,142925327.0,142925327.0,142925327.0
Parker-Hannifin Corp,PH,5493002CONDB4N2HKI23,76334,2015.0,Q4,2015-04-01,2015-06-30,,1.3,1.3,-1.74,1.3,,124388000.0,179585000.0,179585000.0,179454000.0,131000.0,2420780000.0,3144508000.0,11319000.0,4481000.0,391796000.0,2420780000.0,723728000.0,34797000.0,396277000.0,327451000.0,-23478000.0,303973000.0,3144508000.0,142925327.0,142925327.0,142925327.0
Parker-Hannifin Corp,PH,5493002CONDB4N2HKI23,76334,2015.0,Q3,2015-01-01,2015-03-31,2016-05-05 09:50:19+00:00,2.06,2.06,0.63,2.02,,102904000.0,285462000.0,285462000.0,285345000.0,117000.0,2373016000.0,3162311000.0,6380000.0,,372306000.0,2373016000.0,789295000.0,35003000.0,372306000.0,416989000.0,-28623000.0,388366000.0,3162311000.0,138794789.0,138794789.0,138794789.0
Parker-Hannifin Corp,PH,5493002CONDB4N2HKI23,76334,2015.0,Q3YTD,2014-07-01,2015-03-31,,5.78,5.78,1.74,5.67,,295299000.0,832968000.0,832968000.0,832686000.0,282000.0,7234465000.0,9567236000.0,32055000.0,,1152950000.0,7234465000.0,2332771000.0,83609000.0,1152950000.0,1179821000.0,-51554000.0,1128267000.0,9567236000.0,138794789.0,138794789.0,138794789.0
Parker-Hannifin Corp,PH,5493002CONDB4N2HKI23,76334,2015.0,Q3TTM,2014-04-01,2015-03-31,,7.79,7.79,0.36,7.67,,401947000.0,1134144000.0,1134144000.0,1133724000.0,420000.0,9920419000.0,13092651000.0,-367125000.0,-408891000.0,1574135000.0,9920419000.0,3172232000.0,103772000.0,1165244000.0,2006988000.0,-470897000.0,1536091000.0,13092651000.0,138794789.0,138794789.0,138794789.0
Parker-Hannifin Corp,PH,5493002CONDB4N2HKI23,76334,2015.0,Q2,2014-10-01,2014-12-31,2016-02-03 11:48:41+00:00,1.84,1.84,0.63,1.8,,75931000.0,267335000.0,267335000.0,267252000.0,83000.0,2401584000.0,3134993000.0,17306000.0,,379804000.0,2401584000.0,733409000.0,27645000.0,379804000.0,353605000.0,-10339000.0,343266000.0,3134993000.0,145493247.0,145493247.0,145493247.0
Parker-Hannifin Corp,PH,5493002CONDB4N2HKI23,76334,2015.0,Q2YTD,2014-07-01,2014-12-31,,3.72,3.72,1.11,3.65,,192395000.0,547506000.0,547506000.0,547341000.0,165000.0,4861449000.0,6404925000.0,25675000.0,,780644000.0,4861449000.0,1543476000.0,48606000.0,780644000.0,762832000.0,-22931000.0,739901000.0,6404925000.0,145493247.0,145493247.0,145493247.0
Parker-Hannifin Corp,PH,5493002CONDB4N2HKI23,76334,2015.0,Q2TTM,2014-01-01,2014-12-31,,7.36,7.36,0.21,7.25,,386015000.0,1091200000.0,1091200000.0,1090785000.0,415000.0,10153296000.0,13288746000.0,-368693000.0,-408891000.0,1609070000.0,10153296000.0,3135450000.0,89363000.0,1200179000.0,1935271000.0,-458056000.0,1477215000.0,13288746000.0,145493247.0,145493247.0,145493247.0
Parker-Hannifin Corp,PH,5493002CONDB4N2HKI23,76334,2015.0,Q1,2014-07-01,2014-09-30,2015-11-03 11:19:47+00:00,1.88,1.88,0.48,1.85,,116464000.0,280171000.0,280171000.0,280089000.0,82000.0,2459865000.0,3269932000.0,8369000.0,,400840000.0,2459865000.0,810067000.0,20961000.0,400840000.0,409227000.0,-12592000.0,396635000.0,3269932000.0,148738828.0,148738828.0,148738828.0
Parker-Hannifin Corp,PH,5493002CONDB4N2HKI23,76334,2015.0,Q1TTM,2013-10-01,2014-09-30,,7.22,7.22,0.03,7.11,188870000.0,551996000.0,1077269000.0,1077269000.0,1076821000.0,448000.0,10171683000.0,13259759000.0,31639000.0,-408891000.0,1627902000.0,10171683000.0,3088076000.0,82569000.0,1407881000.0,1680195000.0,-50930000.0,1629265000.0,13259759000.0,148738828.0,148738828.0,148738828.0
Parker-Hannifin Corp,PH,5493002CONDB4N2HKI23,76334,2016.0,FY,2015-07-01,2016-06-30,2018-08-24 14:00:26+00:00,5.96,5.96,,5.89,,307512000.0,807216000.0,807216000.0,806840000.0,376000.0,8823384000.0,11360753000.0,62199000.0,-11037000.0,1359360000.0,8823384000.0,2537369000.0,136517000.0,1348323000.0,1189046000.0,-74318000.0,1114728000.0,11360753000.0,135353321.0,135353321.0,135353321.0
Parker-Hannifin Corp,PH,5493002CONDB4N2HKI23,76334,2016.0,Q4,2016-04-01,2016-06-30,,1.8,1.8,-1.89,1.78,,94295000.0,241911000.0,241911000.0,241796000.0,115000.0,2272455000.0,2957150000.0,11761000.0,-11037000.0,338572000.0,2272455000.0,684695000.0,32715000.0,327535000.0,357160000.0,-20954000.0,336206000.0,2957150000.0,135353321.0,135353321.0,135353321.0
Parker-Hannifin Corp,PH,5493002CONDB4N2HKI23,76334,2016.0,Q3,2016-01-01,2016-03-31,2017-05-09 11:15:49+00:00,1.39,1.39,0.63,1.37,,85851000.0,187142000.0,187142000.0,187084000.0,58000.0,2209401000.0,2828665000.0,23382000.0,,335908000.0,2209401000.0,619264000.0,33745000.0,335908000.0,283356000.0,-10363000.0,272993000.0,2828665000.0,134809610.0,134809610.0,134809610.0
Parker-Hannifin Corp,PH,5493002CONDB4N2HKI23,76334,2016.0,Q3YTD,2015-07-01,2016-03-31,,4.16,4.16,1.89,4.11,,213217000.0,565305000.0,565305000.0,565044000.0,261000.0,6550929000.0,8403603000.0,50438000.0,,1020788000.0,6550929000.0,1852674000.0,103802000.0,1020788000.0,831886000.0,-53364000.0,778522000.0,8403603000.0,134809610.0,134809610.0,134809610.0
Parker-Hannifin Corp,PH,5493002CONDB4N2HKI23,76334,2016.0,Q3TTM,2015-04-01,2016-03-31,,5.46,5.46,0.15,5.41,,337605000.0,744890000.0,744890000.0,744498000.0,392000.0,8971709000.0,11548111000.0,61757000.0,4481000.0,1412584000.0,8971709000.0,2576402000.0,138599000.0,1417065000.0,1159337000.0,-76842000.0,1082495000.0,11548111000.0,134809610.0,134809610.0,134809610.0
Parker-Hannifin Corp,PH,5493002CONDB4N2HKI23,76334,2016.0,Q2,2015-10-01,2015-12-31,2017-02-07 10:19:54+00:00,1.35,1.35,0.63,1.33,,46743000.0,183137000.0,183137000.0,182982000.0,155000.0,2140624000.0,2705590000.0,13877000.0,,314666000.0,2140624000.0,564966000.0,34297000.0,314666000.0,250300000.0,-20420000.0,229880000.0,2705590000.0,135500000.0,135500000.0,137600000.0
Parker-Hannifin Corp,PH,5493002CONDB4N2HKI23,76334,2016.0,Q2YTD,2015-07-01,2015-12-31,,2.77,2.77,1.26,2.74,,127366000.0,378163000.0,378163000.0,377960000.0,203000.0,4341528000.0,5574938000.0,27056000.0,,684880000.0,4341528000.0,1233410000.0,70057000.0,684880000.0,548530000.0,-43001000.0,505529000.0,5574938000.0,135500000.0,135500000.0,137600000.0
Parker-Hannifin Corp,PH,5493002CONDB4N2HKI23,76334,2016.0,Q2TTM,2015-01-01,2015-12-31,,6.13,6.13,0.15,6.06,,354658000.0,843210000.0,843210000.0,842759000.0,451000.0,9135324000.0,11881757000.0,44755000.0,4481000.0,1448982000.0,9135324000.0,2746433000.0,139857000.0,1453463000.0,1292970000.0,-95102000.0,1197868000.0,11881757000.0,135500000.0,135500000.0,137600000.0
Parker-Hannifin Corp,PH,5493002CONDB4N2HKI23,76334,2016.0,Q1,2015-07-01,2015-09-30,2016-11-01 10:57:21+00:00,1.42,1.42,0.63,1.41,,80623000.0,195026000.0,195026000.0,194978000.0,48000.0,2200904000.0,2869348000.0,13179000.0,,370214000.0,2200904000.0,668444000.0,35760000.0,370214000.0,298230000.0,-22581000.0,275649000.0,2869348000.0,136844504.0,136844504.0,136844504.0
Parker-Hannifin Corp,PH,5493002CONDB4N2HKI23,76334,2016.0,Q1TTM,2014-10-01,2015-09-30,,6.62,6.62,0.15,6.53,,383846000.0,927408000.0,927408000.0,927029000.0,379000.0,9396284000.0,12311160000.0,48184000.0,4481000.0,1514120000.0,9396284000.0,2914876000.0,133205000.0,1518601000.0,1396275000.0,-85021000.0,1311254000.0,12311160000.0,136844504.0,136844504.0,136844504.0
Parker-Hannifin Corp,PH,5493002CONDB4N2HKI23,76334,2017.0,FY,2016-07-01,2017-06-30,2019-08-23 08:54:17+00:00,7.37,7.37,2.58,7.25,,344797000.0,983844000.0,983844000.0,983412000.0,432000.0,9119029000.0,12029312000.0,-49647000.0,-43261000.0,1412820000.0,9119029000.0,2910283000.0,162436000.0,1369559000.0,1540724000.0,-212083000.0,1328641000.0,12029312000.0,133377547.0,133377547.0,133377547.0
Parker-Hannifin Corp,PH,5493002CONDB4N2HKI23,76334,2017.0,Q4,2017-04-01,2017-06-30,,2.2,2.2,0.66,2.17,,107252000.0,293359000.0,293359000.0,293305000.0,54000.0,2584749000.0,3496238000.0,-140115000.0,-43261000.0,361237000.0,2584749000.0,911489000.0,52787000.0,317976000.0,593513000.0,-192902000.0,400611000.0,3496238000.0,133377547.0,133377547.0,133377547.0
Parker-Hannifin Corp,PH,5493002CONDB4N2HKI23,76334,2017.0,Q3,2017-01-01,2017-03-31,2018-05-02 09:07:59+00:00,1.79,1.79,0.66,1.75,,76216000.0,238847000.0,238847000.0,238673000.0,174000.0,2383790000.0,3119139000.0,13807000.0,,392036000.0,2383790000.0,735349000.0,42057000.0,392036000.0,343313000.0,-28250000.0,315063000.0,3119139000.0,133232378.0,133232378.0,133232378.0
Parker-Hannifin Corp,PH,5493002CONDB4N2HKI23,76334,2017.0,Q3YTD,2016-07-01,2017-03-31,,5.17,5.17,1.92,5.08,,237545000.0,690485000.0,690485000.0,690107000.0,378000.0,6534280000.0,8533074000.0,90468000.0,,1051583000.0,6534280000.0,1998794000.0,109649000.0,1051583000.0,947211000.0,-19181000.0,928030000.0,8533074000.0,133232378.0,133232378.0,133232378.0
Parker-Hannifin Corp,PH,5493002CONDB4N2HKI23,76334,2017.0,Q3TTM,2016-04-01,2017-03-31,,6.97,6.97,0.03,6.86,,331840000.0,932396000.0,932396000.0,931903000.0,493000.0,8806735000.0,11490224000.0,102229000.0,-11037000.0,1390155000.0,8806735000.0,2683489000.0,142364000.0,1379118000.0,1304371000.0,-40135000.0,1264236000.0,11490224000.0,133232378.0,133232378.0,133232378.0
Parker-Hannifin Corp,PH,5493002CONDB4N2HKI23,76334,2017.0,Q2,2016-10-01,2016-12-31,2018-02-08 09:45:02+00:00,1.81,1.81,0.63,1.78,,79322000.0,241400000.0,241400000.0,241305000.0,95000.0,2044484000.0,2670804000.0,64424000.0,,336578000.0,2044484000.0,626320000.0,33444000.0,336578000.0,289742000.0,30980000.0,320722000.0,2670804000.0,133320109.0,133320109.0,133320109.0
Parker-Hannifin Corp,PH,5493002CONDB4N2HKI23,76334,2017.0,Q2YTD,2016-07-01,2016-12-31,,3.38,3.38,1.26,3.33,,161329000.0,451638000.0,451638000.0,451434000.0,204000.0,4150490000.0,5413935000.0,76661000.0,,659547000.0,4150490000.0,1263445000.0,67592000.0,659547000.0,603898000.0,9069000.0,612967000.0,5413935000.0,133320109.0,133320109.0,133320109.0
Parker-Hannifin Corp,PH,5493002CONDB4N2HKI23,76334,2017.0,Q2TTM,2016-01-01,2016-12-31,,6.57,6.57,,6.48,,341475000.0,880691000.0,880691000.0,880314000.0,377000.0,8632346000.0,11199750000.0,111804000.0,-11037000.0,1334027000.0,8632346000.0,2567404000.0,134052000.0,1322990000.0,1244414000.0,-22248000.0,1222166000.0,11199750000.0,133320109.0,133320109.0,133320109.0
Parker-Hannifin Corp,PH,5493002CONDB4N2HKI23,76334,2017.0,Q1,2016-07-01,2016-09-30,2017-11-08 09:21:24+00:00,1.57,1.57,0.63,1.55,,82007000.0,210238000.0,210238000.0,210129000.0,109000.0,2106006000.0,2743131000.0,12237000.0,,322969000.0,2106006000.0,637125000.0,34148000.0,322969000.0,314156000.0,-21911000.0,292245000.0,2743131000.0,133679378.0,133679378.0,133679378.0
Parker-Hannifin Corp,PH,5493002CONDB4N2HKI23,76334,2017.0,Q1TTM,2015-10-01,2016-09-30,,6.11,6.11,,6.03,,308896000.0,822428000.0,822428000.0,821991000.0,437000.0,8728486000.0,11234536000.0,61257000.0,-11037000.0,1312115000.0,8728486000.0,2506050000.0,134905000.0,1301078000.0,1204972000.0,-73648000.0,1131324000.0,11234536000.0,133679378.0,133679378.0,133679378.0
Parker-Hannifin Corp,PH,5493002CONDB4N2HKI23,76334,2018.0,FY,2017-07-01,2018-06-30,2019-08-23 08:54:17+00:00,7.98,7.98,2.74,7.83,,640962000.0,1061315000.0,1061315000.0,1060801000.0,514000.0,10737745000.0,14302392000.0,-12991000.0,-4483000.0,1639989000.0,10737745000.0,3564647000.0,213873000.0,1635506000.0,1929141000.0,-226864000.0,1702277000.0,14302392000.0,133004613.0,133004613.0,133004613.0
Parker-Hannifin Corp,PH,5493002CONDB4N2HKI23,76334,2018.0,Q4,2018-04-01,2018-06-30,,2.67,2.67,0.76,2.62,,144599000.0,353328000.0,353328000.0,353256000.0,72000.0,2830198000.0,3817477000.0,-22585000.0,-4483000.0,418210000.0,2830198000.0,987279000.0,53040000.0,413727000.0,573552000.0,-75625000.0,497927000.0,3817477000.0,133004613.0,133004613.0,133004613.0
Parker-Hannifin Corp,PH,5493002CONDB4N2HKI23,76334,2018.0,Q3,2018-01-01,2018-03-31,2019-05-09 10:46:54+00:00,2.75,2.75,0.66,2.7,,103697000.0,366130000.0,366130000.0,365989000.0,141000.0,2819804000.0,3749591000.0,10642000.0,,416457000.0,2819804000.0,929787000.0,54145000.0,416457000.0,513330000.0,-43503000.0,469827000.0,3749591000.0,133032431.0,133032431.0,133032431.0
Parker-Hannifin Corp,PH,5493002CONDB4N2HKI23,76334,2018.0,Q3YTD,2017-07-01,2018-03-31,,5.31,5.31,1.98,5.21,,496363000.0,707987000.0,707987000.0,707545000.0,442000.0,7907547000.0,10484915000.0,9594000.0,,1221779000.0,7907547000.0,2577368000.0,160833000.0,1221779000.0,1355589000.0,-151239000.0,1204350000.0,10484915000.0,133032431.0,133032431.0,133032431.0
Parker-Hannifin Corp,PH,5493002CONDB4N2HKI23,76334,2018.0,Q3TTM,2017-04-01,2018-03-31,,7.51,7.51,2.64,7.38,,603615000.0,1001346000.0,1001346000.0,1000850000.0,496000.0,10492296000.0,13981153000.0,-130521000.0,-43261000.0,1583016000.0,10492296000.0,3488857000.0,213620000.0,1539755000.0,1949102000.0,-344141000.0,1604961000.0,13981153000.0,133032431.0,133032431.0,133032431.0
Parker-Hannifin Corp,PH,5493002CONDB4N2HKI23,76334,2018.0,Q2,2017-10-01,2017-12-31,2019-02-07 08:39:37+00:00,0.42,0.42,0.66,0.41,,303899000.0,56322000.0,56322000.0,56159000.0,163000.0,2564449000.0,3370673000.0,15468000.0,,408338000.0,2564449000.0,806224000.0,53133000.0,408338000.0,397886000.0,-37665000.0,360221000.0,3370673000.0,133112568.0,133112568.0,133112568.0
Parker-Hannifin Corp,PH,5493002CONDB4N2HKI23,76334,2018.0,Q2YTD,2017-07-01,2017-12-31,,2.56,2.56,1.32,2.51,,392666000.0,341857000.0,341857000.0,341556000.0,301000.0,5087743000.0,6735324000.0,-1048000.0,,805322000.0,5087743000.0,1647581000.0,106688000.0,805322000.0,842259000.0,-107736000.0,734523000.0,6735324000.0,133112568.0,133112568.0,133112568.0
Parker-Hannifin Corp,PH,5493002CONDB4N2HKI23,76334,2018.0,Q2TTM,2017-01-01,2017-12-31,,6.55,6.55,2.64,6.43,,576134000.0,874063000.0,874063000.0,873534000.0,529000.0,10056282000.0,13350701000.0,-127356000.0,-43261000.0,1558595000.0,10056282000.0,3294419000.0,201532000.0,1515334000.0,1779085000.0,-328888000.0,1450197000.0,13350701000.0,133112568.0,133112568.0,133112568.0
Parker-Hannifin Corp,PH,5493002CONDB4N2HKI23,76334,2018.0,Q1,2017-07-01,2017-09-30,2018-11-07 08:53:36+00:00,2.14,2.14,0.66,2.1,,88767000.0,285535000.0,285535000.0,285397000.0,138000.0,2523294000.0,3364651000.0,-16516000.0,,396984000.0,2523294000.0,841357000.0,53555000.0,396984000.0,444373000.0,-70071000.0,374302000.0,3364651000.0,133176964.0,133176964.0,133176964.0
Parker-Hannifin Corp,PH,5493002CONDB4N2HKI23,76334,2018.0,Q1TTM,2016-10-01,2017-09-30,,7.94,7.94,2.61,7.8,,351557000.0,1059141000.0,1059141000.0,1058680000.0,461000.0,9536317000.0,12650832000.0,-78400000.0,-43261000.0,1486835000.0,9536317000.0,3114515000.0,181843000.0,1443574000.0,1670941000.0,-260243000.0,1410698000.0,12650832000.0,133176964.0,133176964.0,133176964.0
Parker-Hannifin Corp,PH,5493002CONDB4N2HKI23,76334,2019.0,Q4,2019-04-01,2019-06-30,,3.2,3.2,0.88,3.19,,99610000.0,413738000.0,413738000.0,413668000.0,70000.0,2739578000.0,3681467000.0,23609000.0,10585000.0,391493000.0,2739578000.0,941889000.0,50072000.0,402078000.0,539811000.0,-26463000.0,513348000.0,3681467000.0,129997640.0,129997640.0,129997640.0
Parker-Hannifin Corp,PH,5493002CONDB4N2HKI23,76334,2019.0,FY,2018-07-01,2019-06-30,2019-08-23 08:54:17+00:00,11.63,11.63,3.16,11.48,,420494000.0,1512931000.0,1512931000.0,1512364000.0,567000.0,10703484000.0,14320324000.0,61247000.0,10585000.0,1543939000.0,10703484000.0,3616840000.0,190138000.0,1554524000.0,2062316000.0,-128891000.0,1933425000.0,14320324000.0,129997640.0,129997640.0,129997640.0
Parker-Hannifin Corp,PH,5493002CONDB4N2HKI23,76334,2019.0,Q3,2019-01-01,2019-03-31,2020-05-06 08:41:52+00:00,3.2,3.2,0.76,3.14,,117819000.0,411381000.0,411381000.0,411248000.0,133000.0,2766744000.0,3687518000.0,17500000.0,,360865000.0,2766744000.0,920774000.0,48209000.0,360865000.0,559909000.0,-30709000.0,529200000.0,3687518000.0,128706137.0,128706137.0,128706137.0
Parker-Hannifin Corp,PH,5493002CONDB4N2HKI23,76334,2019.0,Q3YTD,2018-07-01,2019-03-31,,8.43,8.43,2.28,8.29,,320884000.0,1099193000.0,1099193000.0,1098696000.0,497000.0,7963906000.0,10638857000.0,37638000.0,,1152446000.0,7963906000.0,2674951000.0,140066000.0,1152446000.0,1522505000.0,-102428000.0,1420077000.0,10638857000.0,128706137.0,128706137.0,128706137.0
Parker-Hannifin Corp,PH,5493002CONDB4N2HKI23,76334,2019.0,Q3TTM,2018-04-01,2019-03-31,,11.1,11.1,3.04,10.91,,465483000.0,1452521000.0,1452521000.0,1451952000.0,569000.0,10794104000.0,14456334000.0,15053000.0,-4483000.0,1570656000.0,10794104000.0,3662230000.0,193106000.0,1566173000.0,2096057000.0,-178053000.0,1918004000.0,14456334000.0,128706137.0,128706137.0,128706137.0
Parker-Hannifin Corp,PH,5493002CONDB4N2HKI23,76334,2019.0,Q2,2018-10-01,2018-12-31,2020-02-05 08:38:07+00:00,2.39,2.39,0.76,2.36,,119241000.0,311913000.0,311913000.0,311737000.0,176000.0,2602339000.0,3472045000.0,6225000.0,,397259000.0,2602339000.0,869706000.0,47518000.0,397259000.0,472447000.0,-41293000.0,431154000.0,3472045000.0,130361273.0,130361273.0,130361273.0
Parker-Hannifin Corp,PH,5493002CONDB4N2HKI23,76334,2019.0,Q2YTD,2018-07-01,2018-12-31,,5.23,5.23,1.52,5.15,,203065000.0,687812000.0,687812000.0,687448000.0,364000.0,5197162000.0,6951339000.0,20138000.0,,791581000.0,5197162000.0,1754177000.0,91857000.0,791581000.0,962596000.0,-71719000.0,890877000.0,6951339000.0,130361273.0,130361273.0,130361273.0
Parker-Hannifin Corp,PH,5493002CONDB4N2HKI23,76334,2019.0,Q2TTM,2018-01-01,2018-12-31,,10.65,10.65,2.94,10.47,,451361000.0,1407270000.0,1407270000.0,1406693000.0,577000.0,10847164000.0,14518407000.0,8195000.0,-4483000.0,1626248000.0,10847164000.0,3671243000.0,199042000.0,1621765000.0,2049478000.0,-190847000.0,1858631000.0,14518407000.0,130361273.0,130361273.0,130361273.0
Parker-Hannifin Corp,PH,5493002CONDB4N2HKI23,76334,2019.0,Q1,2018-07-01,2018-09-30,2019-11-06 08:42:55+00:00,2.84,2.84,0.76,2.79,,83824000.0,375899000.0,375899000.0,375711000.0,188000.0,2594823000.0,3479294000.0,13913000.0,,394322000.0,2594823000.0,884471000.0,44339000.0,394322000.0,490149000.0,-30426000.0,459723000.0,3479294000.0,132361654.0,132361654.0,132361654.0
Parker-Hannifin Corp,PH,5493002CONDB4N2HKI23,76334,2019.0,Q1TTM,2017-10-01,2018-09-30,,8.68,8.68,2.84,8.52,,636019000.0,1151679000.0,1151679000.0,1151115000.0,564000.0,10809274000.0,14417035000.0,17438000.0,-4483000.0,1637327000.0,10809274000.0,3607761000.0,204657000.0,1632844000.0,1974917000.0,-187219000.0,1787698000.0,14417035000.0,132361654.0,132361654.0,132361654.0
Parker-Hannifin Corp,PH,5493002CONDB4N2HKI23,76334,2020.0,Q3YTD,2019-07-01,2020-03-31,,7.09,7.09,2.64,7.0,,231051000.0,911008000.0,911008000.0,910625000.0,383000.0,7929199000.0,10534917000.0,73713000.0,,1303760000.0,7929199000.0,2605718000.0,233612000.0,1303760000.0,1301958000.0,-159899000.0,1142059000.0,10534917000.0,128289720.0,128289720.0,128289720.0
Parker-Hannifin Corp,PH,5493002CONDB4N2HKI23,76334,2020.0,Q3TTM,2019-04-01,2020-03-31,,10.29,10.29,3.52,10.19,,330661000.0,1324746000.0,1324746000.0,1324293000.0,453000.0,10668777000.0,14216384000.0,97322000.0,10585000.0,1695253000.0,10668777000.0,3547607000.0,283684000.0,1705838000.0,1841769000.0,-186362000.0,1655407000.0,14216384000.0,128289720.0,128289720.0,128289720.0
Parker-Hannifin Corp,PH,5493002CONDB4N2HKI23,76334,2020.0,Q3,2020-01-01,2020-03-31,2020-05-06 08:41:52+00:00,2.86,2.86,0.88,2.83,,86788000.0,367369000.0,367369000.0,367253000.0,116000.0,2766693000.0,3702432000.0,12643000.0,,413460000.0,2766693000.0,935739000.0,80765000.0,413460000.0,522279000.0,-68122000.0,454157000.0,3702432000.0,128289720.0,128289720.0,128289720.0
Parker-Hannifin Corp,PH,5493002CONDB4N2HKI23,76334,2020.0,Q2YTD,2019-07-01,2019-12-31,,4.23,4.23,1.76,4.17,,144263000.0,543639000.0,543639000.0,543372000.0,267000.0,5162506000.0,6832485000.0,61070000.0,,890300000.0,5162506000.0,1669979000.0,152847000.0,890300000.0,779679000.0,-91777000.0,687902000.0,6832485000.0,128396933.0,128396933.0,128396933.0
Parker-Hannifin Corp,PH,5493002CONDB4N2HKI23,76334,2020.0,Q2TTM,2019-01-01,2019-12-31,,10.63,10.63,3.4,10.5,,361692000.0,1368758000.0,1368758000.0,1368288000.0,470000.0,10668828000.0,14201470000.0,102179000.0,10585000.0,1642658000.0,10668828000.0,3532642000.0,251128000.0,1653243000.0,1879399000.0,-148949000.0,1730450000.0,14201470000.0,128396933.0,128396933.0,128396933.0
Parker-Hannifin Corp,PH,5493002CONDB4N2HKI23,76334,2020.0,Q2,2019-10-01,2019-12-31,2020-02-05 08:38:07+00:00,1.59,1.59,0.88,1.57,,50148000.0,204598000.0,204598000.0,204474000.0,124000.0,2682765000.0,3497974000.0,13549000.0,,491121000.0,2682765000.0,815209000.0,82891000.0,491121000.0,324088000.0,-69342000.0,254746000.0,3497974000.0,128396933.0,128396933.0,128396933.0
Parker-Hannifin Corp,PH,5493002CONDB4N2HKI23,76334,2020.0,Q1TTM,2018-10-01,2019-09-30,,11.43,11.43,3.28,11.29,,430785000.0,1476073000.0,1476073000.0,1475551000.0,522000.0,10588402000.0,14175541000.0,94855000.0,10585000.0,1548796000.0,10588402000.0,3587139000.0,215755000.0,1559381000.0,2027758000.0,-120900000.0,1906858000.0,14175541000.0,128463992.0,128463992.0,128463992.0
Parker-Hannifin Corp,PH,5493002CONDB4N2HKI23,76334,2020.0,Q1,2019-07-01,2019-09-30,2019-11-06 08:42:55+00:00,2.64,2.64,0.88,2.6,,94115000.0,339041000.0,339041000.0,338898000.0,143000.0,2479741000.0,3334511000.0,47521000.0,,399179000.0,2479741000.0,854770000.0,69956000.0,399179000.0,455591000.0,-22435000.0,433156000.0,3334511000.0,128463992.0,128463992.0,128463992.0
