company_name,company_ticker,company_lei,company_cik,year,quarter,start_date,end_date,filing_date,basicdilutedeps,basiceps,cashdividendspershare,dilutedeps,impairmentexpense,incometaxexpense,netincome,netincomecontinuing,netincometocommon,netincometononcontrollinginterest,operatingcostofrevenue,operatingrevenue,otherincome,preferreddividends,restructuringcharge,sgaexpense,totalcostofrevenue,totalgrossprofit,totalinterestexpense,totalinterestincome,totaloperatingexpenses,totaloperatingincome,totalotherincome,totalpretaxincome,totalrevenue,weightedavebasicdilutedsharesos,weightedavebasicsharesos,weightedavedilutedsharesos
Goodyear Tire & Rubber Co,GT,5493002BI0S2ZQUY3437,42582,2008.0,FY,2008-01-01,2008-12-31,2011-02-10 15:14:00+00:00,-0.32,-0.32,,-0.32,,209000000.0,-23000000.0,-23000000.0,-77000000.0,54000000.0,16139000000.0,19488000000.0,-59000000.0,,184000000.0,2600000000.0,16139000000.0,3349000000.0,320000000.0,,2784000000.0,565000000.0,-379000000.0,186000000.0,19488000000.0,240600000.0,241000000.0,241000000.0
Goodyear Tire & Rubber Co,GT,5493002BI0S2ZQUY3437,42582,2009.0,FY,2009-01-01,2009-12-31,2012-02-14 12:19:40+00:00,-1.55,-1.55,,-1.55,,7000000.0,-364000000.0,-364000000.0,-375000000.0,11000000.0,13676000000.0,16301000000.0,-40000000.0,0.0,227000000.0,2404000000.0,13676000000.0,2625000000.0,311000000.0,,2631000000.0,-6000000.0,-351000000.0,-357000000.0,16301000000.0,241900000.0,241000000.0,241000000.0
Goodyear Tire & Rubber Co,GT,5493002BI0S2ZQUY3437,42582,2009.0,Q3,2009-07-01,2009-09-30,2010-10-28 15:03:42+00:00,0.3,0.3,,0.3,,38000000.0,102000000.0,102000000.0,72000000.0,30000000.0,3523000000.0,4385000000.0,-4000000.0,,16000000.0,617000000.0,3523000000.0,862000000.0,85000000.0,,633000000.0,229000000.0,-89000000.0,140000000.0,4385000000.0,240000000.0,242000000.0,245000000.0
Goodyear Tire & Rubber Co,GT,5493002BI0S2ZQUY3437,42582,2009.0,Q2,2009-04-01,2009-06-30,2010-07-29 12:22:13+00:00,-0.92,-0.92,,-0.92,,-18000000.0,-253000000.0,-253000000.0,-221000000.0,-32000000.0,3353000000.0,3943000000.0,-32000000.0,,136000000.0,614000000.0,3353000000.0,590000000.0,79000000.0,,750000000.0,-160000000.0,-111000000.0,-271000000.0,3943000000.0,240200000.0,241000000.0,241000000.0
Goodyear Tire & Rubber Co,GT,5493002BI0S2ZQUY3437,42582,2010.0,Q4,2010-10-01,2010-12-31,,-0.73,-0.73,,-0.73,,21000000.0,-166000000.0,-166000000.0,-177000000.0,11000000.0,4190000000.0,5072000000.0,-13000000.0,,224000000.0,715000000.0,4190000000.0,882000000.0,75000000.0,,939000000.0,-57000000.0,-88000000.0,-145000000.0,5072000000.0,242700000.0,242000000.0,242000000.0
Goodyear Tire & Rubber Co,GT,5493002BI0S2ZQUY3437,42582,2010.0,FY,2010-01-01,2010-12-31,2013-02-12 11:55:55+00:00,-0.89,-0.89,,-0.89,,172000000.0,-164000000.0,-164000000.0,-216000000.0,52000000.0,15452000000.0,18832000000.0,-186000000.0,0.0,240000000.0,2630000000.0,15452000000.0,3380000000.0,316000000.0,,2870000000.0,510000000.0,-502000000.0,8000000.0,18832000000.0,242700000.0,242000000.0,242000000.0
Goodyear Tire & Rubber Co,GT,5493002BI0S2ZQUY3437,42582,2010.0,Q3YTD,2010-01-01,2010-09-30,,-0.16,-0.16,,-0.16,,151000000.0,2000000.0,2000000.0,-39000000.0,41000000.0,11262000000.0,13760000000.0,-173000000.0,,16000000.0,1915000000.0,11262000000.0,2498000000.0,241000000.0,,1931000000.0,567000000.0,-414000000.0,153000000.0,13760000000.0,250000000.0,242000000.0,242000000.0
Goodyear Tire & Rubber Co,GT,5493002BI0S2ZQUY3437,42582,2010.0,Q3,2010-07-01,2010-09-30,2011-10-28 13:37:29+00:00,-0.08,-0.08,,-0.08,,55000000.0,-13000000.0,-13000000.0,-20000000.0,7000000.0,4120000000.0,4962000000.0,-62000000.0,0.0,8000000.0,640000000.0,4120000000.0,842000000.0,90000000.0,,648000000.0,194000000.0,-152000000.0,42000000.0,4962000000.0,250000000.0,242000000.0,242000000.0
Goodyear Tire & Rubber Co,GT,5493002BI0S2ZQUY3437,42582,2010.0,Q2YTD,2010-01-01,2010-06-30,,-0.08,-0.08,,-0.08,,96000000.0,15000000.0,15000000.0,-19000000.0,34000000.0,7142000000.0,8798000000.0,-111000000.0,,8000000.0,1275000000.0,7142000000.0,1656000000.0,151000000.0,,1283000000.0,373000000.0,-262000000.0,111000000.0,8798000000.0,254500000.0,242000000.0,244000000.0
Goodyear Tire & Rubber Co,GT,5493002BI0S2ZQUY3437,42582,2010.0,Q2,2010-04-01,2010-06-30,2011-07-28 12:43:27+00:00,0.11,0.11,,0.11,,43000000.0,39000000.0,39000000.0,28000000.0,11000000.0,3686000000.0,4528000000.0,-7000000.0,,6000000.0,670000000.0,3686000000.0,842000000.0,77000000.0,,676000000.0,166000000.0,-84000000.0,82000000.0,4528000000.0,254500000.0,242000000.0,244000000.0
Goodyear Tire & Rubber Co,GT,5493002BI0S2ZQUY3437,42582,2010.0,Q1,2010-01-01,2010-03-31,2011-04-29 11:53:38+00:00,-0.19,-0.19,,-0.19,,53000000.0,-24000000.0,-24000000.0,-47000000.0,23000000.0,3456000000.0,4270000000.0,-104000000.0,,2000000.0,605000000.0,3456000000.0,814000000.0,74000000.0,,607000000.0,207000000.0,-178000000.0,29000000.0,4270000000.0,247400000.0,242000000.0,242000000.0
Goodyear Tire & Rubber Co,GT,5493002BI0S2ZQUY3437,42582,2011.0,Q4,2011-10-01,2011-12-31,,0.08,0.08,,0.08,,-19000000.0,26000000.0,26000000.0,17000000.0,1000000.0,4815000000.0,5683000000.0,-25000000.0,8000000.0,23000000.0,724000000.0,4815000000.0,868000000.0,89000000.0,,747000000.0,121000000.0,-114000000.0,7000000.0,5683000000.0,243200000.0,244000000.0,271000000.0
Goodyear Tire & Rubber Co,GT,5493002BI0S2ZQUY3437,42582,2011.0,FY,2011-01-01,2011-12-31,2014-02-13 11:55:23+00:00,1.32,1.32,0.0,1.26,,201000000.0,417000000.0,417000000.0,321000000.0,74000000.0,18821000000.0,22767000000.0,-73000000.0,22000000.0,103000000.0,2822000000.0,18821000000.0,3946000000.0,330000000.0,,2925000000.0,1021000000.0,-403000000.0,618000000.0,22767000000.0,243200000.0,244000000.0,271000000.0
Goodyear Tire & Rubber Co,GT,5493002BI0S2ZQUY3437,42582,2011.0,Q3YTD,2011-01-01,2011-09-30,,1.24,1.24,,1.18,,220000000.0,391000000.0,391000000.0,304000000.0,73000000.0,14006000000.0,17084000000.0,-48000000.0,14000000.0,80000000.0,2098000000.0,14006000000.0,3078000000.0,241000000.0,,2178000000.0,900000000.0,-289000000.0,611000000.0,17084000000.0,243900000.0,244000000.0,281000000.0
Goodyear Tire & Rubber Co,GT,5493002BI0S2ZQUY3437,42582,2011.0,Q3TTM,2010-10-01,2011-09-30,,0.51,0.51,,0.45,,241000000.0,225000000.0,225000000.0,127000000.0,84000000.0,18196000000.0,22156000000.0,-61000000.0,14000000.0,304000000.0,2813000000.0,18196000000.0,3960000000.0,316000000.0,,3117000000.0,843000000.0,-377000000.0,466000000.0,22156000000.0,243900000.0,244000000.0,281000000.0
Goodyear Tire & Rubber Co,GT,5493002BI0S2ZQUY3437,42582,2011.0,Q3,2011-07-01,2011-09-30,2012-10-26 10:31:18+00:00,0.66,0.66,,0.6,,94000000.0,211000000.0,211000000.0,161000000.0,43000000.0,4973000000.0,6062000000.0,4000000.0,7000000.0,25000000.0,677000000.0,4973000000.0,1089000000.0,86000000.0,,702000000.0,387000000.0,-82000000.0,305000000.0,6062000000.0,243900000.0,244000000.0,281000000.0
Goodyear Tire & Rubber Co,GT,5493002BI0S2ZQUY3437,42582,2011.0,Q2YTD,2011-01-01,2011-06-30,,0.58,0.58,,0.58,,126000000.0,180000000.0,180000000.0,143000000.0,30000000.0,9033000000.0,11022000000.0,-52000000.0,7000000.0,55000000.0,1421000000.0,9033000000.0,1989000000.0,155000000.0,,1476000000.0,513000000.0,-207000000.0,306000000.0,11022000000.0,250000000.0,244000000.0,247000000.0
Goodyear Tire & Rubber Co,GT,5493002BI0S2ZQUY3437,42582,2011.0,Q2TTM,2010-07-01,2011-06-30,,-0.23,-0.23,,-0.23,,202000000.0,1000000.0,1000000.0,-54000000.0,48000000.0,17343000000.0,21056000000.0,-127000000.0,7000000.0,287000000.0,2776000000.0,17343000000.0,3713000000.0,320000000.0,,3063000000.0,650000000.0,-447000000.0,203000000.0,21056000000.0,250000000.0,244000000.0,247000000.0
Goodyear Tire & Rubber Co,GT,5493002BI0S2ZQUY3437,42582,2011.0,Q2,2011-04-01,2011-06-30,2012-07-31 13:57:16+00:00,0.16,0.16,,0.16,,64000000.0,56000000.0,56000000.0,40000000.0,9000000.0,4572000000.0,5620000000.0,-48000000.0,7000000.0,46000000.0,753000000.0,4572000000.0,1048000000.0,81000000.0,,799000000.0,249000000.0,-129000000.0,120000000.0,5620000000.0,250000000.0,244000000.0,247000000.0
Goodyear Tire & Rubber Co,GT,5493002BI0S2ZQUY3437,42582,2011.0,Q1TTM,2010-04-01,2011-03-31,,-0.28,-0.28,,-0.28,,181000000.0,-16000000.0,-16000000.0,-66000000.0,50000000.0,16457000000.0,19964000000.0,-86000000.0,,247000000.0,2693000000.0,16457000000.0,3507000000.0,316000000.0,,2940000000.0,567000000.0,-402000000.0,165000000.0,19964000000.0,245200000.0,243000000.0,246000000.0
Goodyear Tire & Rubber Co,GT,5493002BI0S2ZQUY3437,42582,2011.0,Q1,2011-01-01,2011-03-31,2012-04-27 12:11:40+00:00,0.42,0.42,,0.42,,62000000.0,124000000.0,124000000.0,103000000.0,21000000.0,4461000000.0,5402000000.0,-4000000.0,0.0,9000000.0,668000000.0,4461000000.0,941000000.0,74000000.0,,677000000.0,264000000.0,-78000000.0,186000000.0,5402000000.0,245200000.0,243000000.0,246000000.0
Goodyear Tire & Rubber Co,GT,5493002BI0S2ZQUY3437,42582,2012.0,Q4,2012-10-01,2012-12-31,,,,,0.05,,39000000.0,-7000000.0,-7000000.0,-1000000.0,-14000000.0,4100000000.0,5045000000.0,-11000000.0,8000000.0,108000000.0,707000000.0,4100000000.0,945000000.0,87000000.0,,815000000.0,130000000.0,-98000000.0,32000000.0,5045000000.0,244000000.0,245000000.0,247000000.0
Goodyear Tire & Rubber Co,GT,5493002BI0S2ZQUY3437,42582,2012.0,FY,2012-01-01,2012-12-31,2015-02-17 11:58:59+00:00,0.75,0.75,0.0,0.74,,203000000.0,237000000.0,237000000.0,183000000.0,25000000.0,17163000000.0,20992000000.0,-139000000.0,29000000.0,175000000.0,2718000000.0,17163000000.0,3829000000.0,357000000.0,,2893000000.0,936000000.0,-496000000.0,440000000.0,20992000000.0,244000000.0,245000000.0,247000000.0
Goodyear Tire & Rubber Co,GT,5493002BI0S2ZQUY3437,42582,2012.0,Q3YTD,2012-01-01,2012-09-30,,0.75,0.75,,0.69,,164000000.0,244000000.0,244000000.0,184000000.0,39000000.0,13063000000.0,15947000000.0,-128000000.0,21000000.0,67000000.0,2011000000.0,13063000000.0,2884000000.0,270000000.0,,2078000000.0,806000000.0,-398000000.0,408000000.0,15947000000.0,244400000.0,245000000.0,281000000.0
Goodyear Tire & Rubber Co,GT,5493002BI0S2ZQUY3437,42582,2012.0,Q3TTM,2011-10-01,2012-09-30,,0.83,0.83,,0.77,,145000000.0,270000000.0,270000000.0,201000000.0,40000000.0,17878000000.0,21630000000.0,-153000000.0,29000000.0,90000000.0,2735000000.0,17878000000.0,3752000000.0,359000000.0,,2825000000.0,927000000.0,-512000000.0,415000000.0,21630000000.0,244400000.0,245000000.0,281000000.0
Goodyear Tire & Rubber Co,GT,5493002BI0S2ZQUY3437,42582,2012.0,Q3,2012-07-01,2012-09-30,2013-10-29 10:55:43+00:00,0.45,0.45,0.0,0.41,,53000000.0,133000000.0,133000000.0,110000000.0,16000000.0,4315000000.0,5264000000.0,1000000.0,7000000.0,26000000.0,652000000.0,4315000000.0,949000000.0,86000000.0,,678000000.0,271000000.0,-85000000.0,186000000.0,5264000000.0,244400000.0,245000000.0,281000000.0
Goodyear Tire & Rubber Co,GT,5493002BI0S2ZQUY3437,42582,2012.0,Q2YTD,2012-01-01,2012-06-30,,0.3,0.3,,0.28,,111000000.0,111000000.0,111000000.0,74000000.0,23000000.0,8748000000.0,10683000000.0,-129000000.0,14000000.0,41000000.0,1359000000.0,8748000000.0,1935000000.0,184000000.0,,1400000000.0,535000000.0,-313000000.0,222000000.0,10683000000.0,242900000.0,245000000.0,281000000.0
Goodyear Tire & Rubber Co,GT,5493002BI0S2ZQUY3437,42582,2012.0,Q2TTM,2011-07-01,2012-06-30,,1.04,1.04,,0.96,,186000000.0,348000000.0,348000000.0,252000000.0,67000000.0,18536000000.0,22428000000.0,-150000000.0,29000000.0,89000000.0,2760000000.0,18536000000.0,3892000000.0,359000000.0,,2849000000.0,1043000000.0,-509000000.0,534000000.0,22428000000.0,242900000.0,245000000.0,281000000.0
Goodyear Tire & Rubber Co,GT,5493002BI0S2ZQUY3437,42582,2012.0,Q2,2012-04-01,2012-06-30,2013-07-30 10:48:06+00:00,0.35,0.35,,0.33,,63000000.0,103000000.0,103000000.0,85000000.0,11000000.0,4141000000.0,5150000000.0,-37000000.0,7000000.0,26000000.0,697000000.0,4141000000.0,1009000000.0,83000000.0,,723000000.0,286000000.0,-120000000.0,166000000.0,5150000000.0,242900000.0,245000000.0,281000000.0
Goodyear Tire & Rubber Co,GT,5493002BI0S2ZQUY3437,42582,2012.0,Q1TTM,2011-04-01,2012-03-31,,0.85,0.85,,0.79,,187000000.0,301000000.0,301000000.0,207000000.0,65000000.0,18967000000.0,22898000000.0,-161000000.0,29000000.0,109000000.0,2816000000.0,18967000000.0,3931000000.0,357000000.0,,2925000000.0,1006000000.0,-518000000.0,488000000.0,22898000000.0,220000000.0,244000000.0,244000000.0
Goodyear Tire & Rubber Co,GT,5493002BI0S2ZQUY3437,42582,2012.0,Q1,2012-01-01,2012-03-31,2013-04-26 11:49:34+00:00,-0.05,-0.05,,-0.05,,48000000.0,8000000.0,8000000.0,-11000000.0,12000000.0,4607000000.0,5533000000.0,-92000000.0,7000000.0,15000000.0,662000000.0,4607000000.0,926000000.0,101000000.0,,677000000.0,249000000.0,-193000000.0,56000000.0,5533000000.0,220000000.0,244000000.0,244000000.0
Goodyear Tire & Rubber Co,GT,5493002BI0S2ZQUY3437,42582,2013.0,FY,2013-01-01,2013-12-31,2016-02-09 12:32:55+00:00,2.44,2.44,0.05,2.28,,138000000.0,675000000.0,675000000.0,600000000.0,46000000.0,15422000000.0,19540000000.0,-97000000.0,29000000.0,58000000.0,2758000000.0,15422000000.0,4118000000.0,392000000.0,0.0,2816000000.0,1302000000.0,-489000000.0,813000000.0,19540000000.0,245900000.0,246000000.0,277000000.0
Goodyear Tire & Rubber Co,GT,5493002BI0S2ZQUY3437,42582,2013.0,Q4,2013-10-01,2013-12-31,,0.93,0.93,,0.89,,2000000.0,256000000.0,256000000.0,227000000.0,21000000.0,3690000000.0,4791000000.0,15000000.0,8000000.0,17000000.0,736000000.0,3690000000.0,1101000000.0,105000000.0,,753000000.0,348000000.0,-90000000.0,258000000.0,4791000000.0,245900000.0,246000000.0,277000000.0
Goodyear Tire & Rubber Co,GT,5493002BI0S2ZQUY3437,42582,2013.0,Q3YTD,2013-01-01,2013-09-30,,1.51,1.51,0.05,1.39,,136000000.0,419000000.0,419000000.0,373000000.0,25000000.0,11732000000.0,14749000000.0,-112000000.0,21000000.0,41000000.0,2022000000.0,11732000000.0,3017000000.0,287000000.0,,2063000000.0,954000000.0,-399000000.0,555000000.0,14749000000.0,247800000.0,246000000.0,278000000.0
Goodyear Tire & Rubber Co,GT,5493002BI0S2ZQUY3437,42582,2013.0,Q3TTM,2012-10-01,2013-09-30,,1.51,1.51,0.05,1.44,,175000000.0,412000000.0,412000000.0,372000000.0,11000000.0,15832000000.0,19794000000.0,-123000000.0,29000000.0,149000000.0,2729000000.0,15832000000.0,3962000000.0,374000000.0,,2878000000.0,1084000000.0,-497000000.0,587000000.0,19794000000.0,247800000.0,246000000.0,278000000.0
Goodyear Tire & Rubber Co,GT,5493002BI0S2ZQUY3437,42582,2013.0,Q3,2013-07-01,2013-09-30,2014-10-29 11:03:40+00:00,0.67,0.67,0.05,0.62,,54000000.0,195000000.0,195000000.0,166000000.0,22000000.0,3946000000.0,5002000000.0,0.0,7000000.0,21000000.0,686000000.0,3946000000.0,1056000000.0,100000000.0,,707000000.0,349000000.0,-100000000.0,249000000.0,5002000000.0,247800000.0,246000000.0,278000000.0
Goodyear Tire & Rubber Co,GT,5493002BI0S2ZQUY3437,42582,2013.0,Q2YTD,2013-01-01,2013-06-30,,0.84,0.84,,0.77,,82000000.0,224000000.0,224000000.0,207000000.0,3000000.0,7786000000.0,9747000000.0,-112000000.0,14000000.0,20000000.0,1336000000.0,7786000000.0,1961000000.0,187000000.0,,1356000000.0,605000000.0,-299000000.0,306000000.0,9747000000.0,244600000.0,246000000.0,282000000.0
Goodyear Tire & Rubber Co,GT,5493002BI0S2ZQUY3437,42582,2013.0,Q2TTM,2012-07-01,2013-06-30,,1.29,1.29,,1.23,,174000000.0,350000000.0,350000000.0,316000000.0,5000000.0,16201000000.0,20056000000.0,-122000000.0,29000000.0,154000000.0,2695000000.0,16201000000.0,3855000000.0,360000000.0,,2849000000.0,1006000000.0,-482000000.0,524000000.0,20056000000.0,244600000.0,246000000.0,282000000.0
Goodyear Tire & Rubber Co,GT,5493002BI0S2ZQUY3437,42582,2013.0,Q2,2013-04-01,2013-06-30,2014-07-30 12:18:11+00:00,0.74,0.74,0.0,0.67,,63000000.0,193000000.0,193000000.0,181000000.0,5000000.0,3846000000.0,4894000000.0,14000000.0,7000000.0,13000000.0,691000000.0,3846000000.0,1048000000.0,102000000.0,,704000000.0,344000000.0,-88000000.0,256000000.0,4894000000.0,244600000.0,246000000.0,282000000.0
Goodyear Tire & Rubber Co,GT,5493002BI0S2ZQUY3437,42582,2013.0,Q1TTM,2012-04-01,2013-03-31,,0.9,0.9,,0.89,,174000000.0,260000000.0,260000000.0,220000000.0,11000000.0,16496000000.0,20312000000.0,-173000000.0,29000000.0,167000000.0,2701000000.0,16496000000.0,3816000000.0,341000000.0,,2868000000.0,948000000.0,-514000000.0,434000000.0,20312000000.0,260000000.0,245000000.0,248000000.0
Goodyear Tire & Rubber Co,GT,5493002BI0S2ZQUY3437,42582,2013.0,Q1,2013-01-01,2013-03-31,2014-05-01 19:49:36+00:00,0.1,0.1,0.0,0.1,,19000000.0,31000000.0,31000000.0,26000000.0,-2000000.0,3940000000.0,4853000000.0,-126000000.0,7000000.0,7000000.0,645000000.0,3940000000.0,913000000.0,85000000.0,,652000000.0,261000000.0,-211000000.0,50000000.0,4853000000.0,260000000.0,245000000.0,248000000.0
Goodyear Tire & Rubber Co,GT,5493002BI0S2ZQUY3437,42582,2014.0,FY,2014-01-01,2014-12-31,2017-02-08 12:55:31+00:00,9.13,9.13,0.22,8.78,,-1834000000.0,2521000000.0,2521000000.0,2445000000.0,69000000.0,13906000000.0,18138000000.0,-286000000.0,7000000.0,95000000.0,2720000000.0,13906000000.0,4232000000.0,444000000.0,0.0,2815000000.0,1417000000.0,-730000000.0,687000000.0,18138000000.0,267800000.0,268000000.0,279000000.0
Goodyear Tire & Rubber Co,GT,5493002BI0S2ZQUY3437,42582,2014.0,Q4,2014-10-01,2014-12-31,,8.01,8.01,0.06,7.67,,-2002000000.0,2128000000.0,2128000000.0,2129000000.0,-1000000.0,3340000000.0,4356000000.0,-44000000.0,,15000000.0,702000000.0,3340000000.0,1016000000.0,129000000.0,,717000000.0,299000000.0,-173000000.0,126000000.0,4356000000.0,267800000.0,268000000.0,279000000.0
Goodyear Tire & Rubber Co,GT,5493002BI0S2ZQUY3437,42582,2014.0,Q3,2014-07-01,2014-09-30,2015-10-29 10:37:21+00:00,0.58,0.58,0.06,0.58,,100000000.0,199000000.0,199000000.0,161000000.0,38000000.0,3516000000.0,4657000000.0,-66000000.0,0.0,15000000.0,653000000.0,3516000000.0,1141000000.0,108000000.0,,668000000.0,473000000.0,-174000000.0,299000000.0,4657000000.0,277600000.0,275000000.0,279000000.0
Goodyear Tire & Rubber Co,GT,5493002BI0S2ZQUY3437,42582,2014.0,Q3YTD,2014-01-01,2014-09-30,,1.12,1.12,0.16,1.11,,168000000.0,393000000.0,393000000.0,316000000.0,70000000.0,10566000000.0,13782000000.0,-242000000.0,7000000.0,80000000.0,2018000000.0,10566000000.0,3216000000.0,315000000.0,,2098000000.0,1118000000.0,-557000000.0,561000000.0,13782000000.0,277600000.0,275000000.0,279000000.0
Goodyear Tire & Rubber Co,GT,5493002BI0S2ZQUY3437,42582,2014.0,Q3TTM,2013-10-01,2014-09-30,,2.05,2.05,0.16,2.0,,170000000.0,649000000.0,649000000.0,543000000.0,91000000.0,14256000000.0,18573000000.0,-227000000.0,15000000.0,97000000.0,2754000000.0,14256000000.0,4317000000.0,420000000.0,,2851000000.0,1466000000.0,-647000000.0,819000000.0,18573000000.0,277600000.0,275000000.0,279000000.0
Goodyear Tire & Rubber Co,GT,5493002BI0S2ZQUY3437,42582,2014.0,Q2YTD,2014-01-01,2014-06-30,,0.54,0.54,0.1,0.53,,68000000.0,194000000.0,194000000.0,155000000.0,32000000.0,7050000000.0,9125000000.0,-176000000.0,7000000.0,65000000.0,1365000000.0,7050000000.0,2075000000.0,207000000.0,,1430000000.0,645000000.0,-383000000.0,262000000.0,9125000000.0,276600000.0,276000000.0,281000000.0
Goodyear Tire & Rubber Co,GT,5493002BI0S2ZQUY3437,42582,2014.0,Q2TTM,2013-07-01,2014-06-30,,2.14,2.14,0.15,2.04,,124000000.0,645000000.0,645000000.0,548000000.0,75000000.0,14686000000.0,18918000000.0,-161000000.0,22000000.0,103000000.0,2787000000.0,14686000000.0,4232000000.0,412000000.0,,2890000000.0,1342000000.0,-573000000.0,769000000.0,18918000000.0,276600000.0,276000000.0,281000000.0
Goodyear Tire & Rubber Co,GT,5493002BI0S2ZQUY3437,42582,2014.0,Q2,2014-04-01,2014-06-30,2015-07-29 10:48:56+00:00,0.77,0.77,0.05,0.76,,60000000.0,232000000.0,232000000.0,213000000.0,19000000.0,3532000000.0,4656000000.0,-8000000.0,0.0,24000000.0,698000000.0,3532000000.0,1124000000.0,102000000.0,,722000000.0,402000000.0,-110000000.0,292000000.0,4656000000.0,276600000.0,276000000.0,281000000.0
Goodyear Tire & Rubber Co,GT,5493002BI0S2ZQUY3437,42582,2014.0,Q1TTM,2013-04-01,2014-03-31,,2.11,2.11,0.1,1.95,,127000000.0,606000000.0,606000000.0,516000000.0,61000000.0,15000000000.0,19156000000.0,-139000000.0,29000000.0,92000000.0,2780000000.0,15000000000.0,4156000000.0,412000000.0,,2872000000.0,1284000000.0,-551000000.0,733000000.0,19156000000.0,252200000.0,248000000.0,248000000.0
Goodyear Tire & Rubber Co,GT,5493002BI0S2ZQUY3437,42582,2014.0,Q1,2014-01-01,2014-03-31,2015-04-29 10:41:37+00:00,-0.23,-0.23,0.05,-0.23,,8000000.0,-38000000.0,-38000000.0,-58000000.0,13000000.0,3518000000.0,4469000000.0,-168000000.0,7000000.0,41000000.0,667000000.0,3518000000.0,951000000.0,105000000.0,,708000000.0,243000000.0,-273000000.0,-30000000.0,4469000000.0,252200000.0,248000000.0,248000000.0
Goodyear Tire & Rubber Co,GT,5493002BI0S2ZQUY3437,42582,2015.0,FY,2015-01-01,2015-12-31,2018-02-08 11:50:53+00:00,1.14,1.14,0.25,1.12,,232000000.0,376000000.0,376000000.0,307000000.0,69000000.0,12164000000.0,16443000000.0,141000000.0,,114000000.0,2614000000.0,12164000000.0,4279000000.0,438000000.0,-646000000.0,2728000000.0,1551000000.0,-943000000.0,608000000.0,16443000000.0,269300000.0,269000000.0,273000000.0
Goodyear Tire & Rubber Co,GT,5493002BI0S2ZQUY3437,42582,2015.0,Q4,2015-10-01,2015-12-31,,-1.41,-1.41,0.07,-1.39,,-137000000.0,-373000000.0,-373000000.0,-380000000.0,7000000.0,3071000000.0,4063000000.0,17000000.0,,32000000.0,725000000.0,3071000000.0,992000000.0,116000000.0,-646000000.0,757000000.0,235000000.0,-745000000.0,-510000000.0,4063000000.0,269300000.0,269000000.0,273000000.0
Goodyear Tire & Rubber Co,GT,5493002BI0S2ZQUY3437,42582,2015.0,Q3,2015-07-01,2015-09-30,2016-10-28 11:22:05+00:00,1.01,1.01,0.06,0.99,,126000000.0,305000000.0,305000000.0,271000000.0,34000000.0,3000000000.0,4184000000.0,5000000.0,,20000000.0,633000000.0,3000000000.0,1184000000.0,105000000.0,,653000000.0,531000000.0,-100000000.0,431000000.0,4184000000.0,268300000.0,269000000.0,274000000.0
Goodyear Tire & Rubber Co,GT,5493002BI0S2ZQUY3437,42582,2015.0,Q3YTD,2015-01-01,2015-09-30,,2.55,2.55,0.18,2.51,,369000000.0,749000000.0,749000000.0,687000000.0,62000000.0,9093000000.0,12380000000.0,124000000.0,,82000000.0,1889000000.0,9093000000.0,3287000000.0,322000000.0,,1971000000.0,1316000000.0,-198000000.0,1118000000.0,12380000000.0,268300000.0,269000000.0,274000000.0
Goodyear Tire & Rubber Co,GT,5493002BI0S2ZQUY3437,42582,2015.0,Q3TTM,2014-10-01,2015-09-30,,10.56,10.56,0.24,10.18,,-1633000000.0,2877000000.0,2877000000.0,2816000000.0,61000000.0,12433000000.0,16736000000.0,80000000.0,,97000000.0,2591000000.0,12433000000.0,4303000000.0,451000000.0,,2688000000.0,1615000000.0,-371000000.0,1244000000.0,16736000000.0,268300000.0,269000000.0,274000000.0
Goodyear Tire & Rubber Co,GT,5493002BI0S2ZQUY3437,42582,2015.0,Q2,2015-04-01,2015-06-30,2016-07-27 10:58:24+00:00,0.71,0.71,0.06,0.7,,120000000.0,208000000.0,208000000.0,192000000.0,16000000.0,3027000000.0,4172000000.0,-13000000.0,,46000000.0,648000000.0,3027000000.0,1145000000.0,110000000.0,,694000000.0,451000000.0,-123000000.0,328000000.0,4172000000.0,270400000.0,270000000.0,274000000.0
Goodyear Tire & Rubber Co,GT,5493002BI0S2ZQUY3437,42582,2015.0,Q2YTD,2015-01-01,2015-06-30,,1.54,1.54,0.12,1.52,,243000000.0,444000000.0,444000000.0,416000000.0,28000000.0,6093000000.0,8196000000.0,119000000.0,,62000000.0,1256000000.0,6093000000.0,2103000000.0,217000000.0,,1318000000.0,785000000.0,-98000000.0,687000000.0,8196000000.0,270400000.0,270000000.0,274000000.0
Goodyear Tire & Rubber Co,GT,5493002BI0S2ZQUY3437,42582,2015.0,Q2TTM,2014-07-01,2015-06-30,,10.13,10.13,0.24,9.77,,-1659000000.0,2771000000.0,2771000000.0,2706000000.0,65000000.0,12949000000.0,17209000000.0,9000000.0,,92000000.0,2611000000.0,12949000000.0,4260000000.0,454000000.0,,2703000000.0,1557000000.0,-445000000.0,1112000000.0,17209000000.0,270400000.0,270000000.0,274000000.0
Goodyear Tire & Rubber Co,GT,5493002BI0S2ZQUY3437,42582,2015.0,Q1,2015-01-01,2015-03-31,2016-04-27 10:51:11+00:00,0.83,0.83,0.06,0.82,,123000000.0,236000000.0,236000000.0,224000000.0,12000000.0,3066000000.0,4024000000.0,132000000.0,,16000000.0,608000000.0,3066000000.0,958000000.0,107000000.0,,624000000.0,334000000.0,25000000.0,359000000.0,4024000000.0,269900000.0,270000000.0,274000000.0
Goodyear Tire & Rubber Co,GT,5493002BI0S2ZQUY3437,42582,2015.0,Q1TTM,2014-04-01,2015-03-31,,10.19,10.19,0.23,9.83,,-1719000000.0,2795000000.0,2795000000.0,2727000000.0,68000000.0,13454000000.0,17693000000.0,14000000.0,,70000000.0,2661000000.0,13454000000.0,4239000000.0,446000000.0,,2731000000.0,1508000000.0,-432000000.0,1076000000.0,17693000000.0,269900000.0,270000000.0,274000000.0
Goodyear Tire & Rubber Co,GT,5493002BI0S2ZQUY3437,42582,2016.0,FY,2016-01-01,2016-12-31,2019-02-08 11:28:40+00:00,4.81,4.81,0.31,4.74,,-77000000.0,1284000000.0,1284000000.0,1264000000.0,20000000.0,10935000000.0,15158000000.0,-25000000.0,,210000000.0,2409000000.0,10935000000.0,4223000000.0,372000000.0,,2619000000.0,1604000000.0,-397000000.0,1207000000.0,15158000000.0,262800000.0,263000000.0,266000000.0
Goodyear Tire & Rubber Co,GT,5493002BI0S2ZQUY3437,42582,2016.0,Q4,2016-10-01,2016-12-31,,2.15,2.15,,2.12,,-238000000.0,567000000.0,567000000.0,561000000.0,6000000.0,2685000000.0,3741000000.0,-22000000.0,,16000000.0,602000000.0,2685000000.0,1056000000.0,87000000.0,,618000000.0,438000000.0,-109000000.0,329000000.0,3741000000.0,262800000.0,263000000.0,266000000.0
Goodyear Tire & Rubber Co,GT,5493002BI0S2ZQUY3437,42582,2016.0,Q3,2016-07-01,2016-09-30,2017-10-27 11:47:15+00:00,1.21,1.21,0.17,1.19,,-10000000.0,320000000.0,320000000.0,317000000.0,3000000.0,2736000000.0,3847000000.0,23000000.0,,135000000.0,599000000.0,2736000000.0,1111000000.0,90000000.0,,734000000.0,377000000.0,-67000000.0,310000000.0,3847000000.0,262000000.0,262000000.0,266000000.0
Goodyear Tire & Rubber Co,GT,5493002BI0S2ZQUY3437,42582,2016.0,Q3YTD,2016-01-01,2016-09-30,,2.66,2.66,0.31,2.62,,161000000.0,717000000.0,717000000.0,703000000.0,14000000.0,8250000000.0,11417000000.0,-3000000.0,,194000000.0,1807000000.0,8250000000.0,3167000000.0,285000000.0,,2001000000.0,1166000000.0,-288000000.0,878000000.0,11417000000.0,262000000.0,262000000.0,266000000.0
Goodyear Tire & Rubber Co,GT,5493002BI0S2ZQUY3437,42582,2016.0,Q3TTM,2015-10-01,2016-09-30,,1.25,1.25,0.38,1.23,,24000000.0,344000000.0,344000000.0,323000000.0,21000000.0,11321000000.0,15480000000.0,14000000.0,,226000000.0,2532000000.0,11321000000.0,4159000000.0,401000000.0,-646000000.0,2758000000.0,1401000000.0,-1033000000.0,368000000.0,15480000000.0,262000000.0,262000000.0,266000000.0
Goodyear Tire & Rubber Co,GT,5493002BI0S2ZQUY3437,42582,2016.0,Q2,2016-04-01,2016-06-30,2017-07-28 11:23:52+00:00,0.76,0.76,0.07,0.75,,93000000.0,208000000.0,208000000.0,202000000.0,6000000.0,2813000000.0,3879000000.0,-20000000.0,,48000000.0,593000000.0,2813000000.0,1066000000.0,104000000.0,,641000000.0,425000000.0,-124000000.0,301000000.0,3879000000.0,265800000.0,264000000.0,268000000.0
Goodyear Tire & Rubber Co,GT,5493002BI0S2ZQUY3437,42582,2016.0,Q2YTD,2016-01-01,2016-06-30,,1.45,1.45,0.14,1.43,,171000000.0,397000000.0,397000000.0,386000000.0,11000000.0,5514000000.0,7570000000.0,-26000000.0,,59000000.0,1208000000.0,5514000000.0,2056000000.0,195000000.0,,1267000000.0,789000000.0,-221000000.0,568000000.0,7570000000.0,265800000.0,264000000.0,268000000.0
Goodyear Tire & Rubber Co,GT,5493002BI0S2ZQUY3437,42582,2016.0,Q2TTM,2015-07-01,2016-06-30,,1.05,1.05,0.27,1.03,,160000000.0,329000000.0,329000000.0,277000000.0,52000000.0,11585000000.0,15817000000.0,-4000000.0,,111000000.0,2566000000.0,11585000000.0,4232000000.0,416000000.0,-646000000.0,2677000000.0,1555000000.0,-1066000000.0,489000000.0,15817000000.0,265800000.0,264000000.0,268000000.0
Goodyear Tire & Rubber Co,GT,5493002BI0S2ZQUY3437,42582,2016.0,Q1,2016-01-01,2016-03-31,2017-04-28 10:19:56+00:00,0.69,0.69,0.07,0.68,,78000000.0,189000000.0,189000000.0,184000000.0,5000000.0,2701000000.0,3691000000.0,-6000000.0,,11000000.0,615000000.0,2701000000.0,990000000.0,91000000.0,,626000000.0,364000000.0,-97000000.0,267000000.0,3691000000.0,266700000.0,267000000.0,271000000.0
Goodyear Tire & Rubber Co,GT,5493002BI0S2ZQUY3437,42582,2016.0,Q1TTM,2015-04-01,2016-03-31,,1.0,1.0,0.26,0.98,,187000000.0,329000000.0,329000000.0,267000000.0,62000000.0,11799000000.0,16110000000.0,3000000.0,,109000000.0,2621000000.0,11799000000.0,4311000000.0,422000000.0,-646000000.0,2730000000.0,1581000000.0,-1065000000.0,516000000.0,16110000000.0,266700000.0,267000000.0,271000000.0
Goodyear Tire & Rubber Co,GT,5493002BI0S2ZQUY3437,42582,2017.0,FY,2017-01-01,2017-12-31,2020-02-11 11:12:22+00:00,1.39,1.39,0.44,1.37,,513000000.0,365000000.0,365000000.0,346000000.0,19000000.0,11680000000.0,15377000000.0,-70000000.0,,135000000.0,2279000000.0,11680000000.0,3697000000.0,335000000.0,,2414000000.0,1283000000.0,-405000000.0,878000000.0,15377000000.0,248900000.0,249000000.0,253000000.0
Goodyear Tire & Rubber Co,GT,5493002BI0S2ZQUY3437,42582,2017.0,Q4,2017-10-01,2017-12-31,,-0.37,-0.37,0.14,-0.36,,377000000.0,-90000000.0,-90000000.0,-96000000.0,6000000.0,3081000000.0,4071000000.0,-16000000.0,,33000000.0,579000000.0,3081000000.0,990000000.0,75000000.0,,612000000.0,378000000.0,-91000000.0,287000000.0,4071000000.0,248900000.0,249000000.0,253000000.0
Goodyear Tire & Rubber Co,GT,5493002BI0S2ZQUY3437,42582,2017.0,Q3,2017-07-01,2017-09-30,2018-10-26 11:09:15+00:00,0.52,0.52,0.1,0.5,,30000000.0,132000000.0,132000000.0,129000000.0,3000000.0,3054000000.0,3921000000.0,-30000000.0,,46000000.0,545000000.0,3054000000.0,867000000.0,84000000.0,,591000000.0,276000000.0,-114000000.0,162000000.0,3921000000.0,248100000.0,250000000.0,254000000.0
Goodyear Tire & Rubber Co,GT,5493002BI0S2ZQUY3437,42582,2017.0,Q3YTD,2017-01-01,2017-09-30,,1.76,1.76,0.3,1.73,,136000000.0,455000000.0,455000000.0,442000000.0,13000000.0,8599000000.0,11306000000.0,-54000000.0,,102000000.0,1700000000.0,8599000000.0,2707000000.0,260000000.0,,1802000000.0,905000000.0,-314000000.0,591000000.0,11306000000.0,248100000.0,250000000.0,254000000.0
Goodyear Tire & Rubber Co,GT,5493002BI0S2ZQUY3437,42582,2017.0,Q3TTM,2016-10-01,2017-09-30,,3.91,3.91,0.3,3.85,,-102000000.0,1022000000.0,1022000000.0,1003000000.0,19000000.0,11284000000.0,15047000000.0,-76000000.0,,118000000.0,2302000000.0,11284000000.0,3763000000.0,347000000.0,,2420000000.0,1343000000.0,-423000000.0,920000000.0,15047000000.0,248100000.0,250000000.0,254000000.0
Goodyear Tire & Rubber Co,GT,5493002BI0S2ZQUY3437,42582,2017.0,Q2,2017-04-01,2017-06-30,2018-07-27 11:18:27+00:00,0.58,0.58,0.1,0.58,,36000000.0,154000000.0,154000000.0,147000000.0,7000000.0,2785000000.0,3686000000.0,-16000000.0,,27000000.0,579000000.0,2785000000.0,901000000.0,89000000.0,,606000000.0,295000000.0,-105000000.0,190000000.0,3686000000.0,253400000.0,252000000.0,256000000.0
Goodyear Tire & Rubber Co,GT,5493002BI0S2ZQUY3437,42582,2017.0,Q2YTD,2017-01-01,2017-06-30,,1.24,1.24,0.2,1.23,,106000000.0,323000000.0,323000000.0,313000000.0,10000000.0,5545000000.0,7385000000.0,-24000000.0,,56000000.0,1155000000.0,5545000000.0,1840000000.0,176000000.0,,1211000000.0,629000000.0,-200000000.0,429000000.0,7385000000.0,253400000.0,252000000.0,256000000.0
Goodyear Tire & Rubber Co,GT,5493002BI0S2ZQUY3437,42582,2017.0,Q2TTM,2016-07-01,2017-06-30,,4.6,4.6,0.37,4.54,,-142000000.0,1210000000.0,1210000000.0,1191000000.0,19000000.0,10966000000.0,14973000000.0,-23000000.0,,207000000.0,2356000000.0,10966000000.0,4007000000.0,353000000.0,,2563000000.0,1444000000.0,-376000000.0,1068000000.0,14973000000.0,253400000.0,252000000.0,256000000.0
Goodyear Tire & Rubber Co,GT,5493002BI0S2ZQUY3437,42582,2017.0,Q1,2017-01-01,2017-03-31,2018-04-25 11:29:31+00:00,0.66,0.66,0.1,0.65,,70000000.0,169000000.0,169000000.0,166000000.0,3000000.0,2760000000.0,3699000000.0,-8000000.0,,29000000.0,576000000.0,2760000000.0,939000000.0,87000000.0,,605000000.0,334000000.0,-95000000.0,239000000.0,3699000000.0,251500000.0,252000000.0,256000000.0
Goodyear Tire & Rubber Co,GT,5493002BI0S2ZQUY3437,42582,2017.0,Q1TTM,2016-04-01,2017-03-31,,4.78,4.78,0.34,4.71,,-85000000.0,1264000000.0,1264000000.0,1246000000.0,18000000.0,10994000000.0,15166000000.0,-27000000.0,,228000000.0,2370000000.0,10994000000.0,4172000000.0,368000000.0,,2598000000.0,1574000000.0,-395000000.0,1179000000.0,15166000000.0,251500000.0,252000000.0,256000000.0
Goodyear Tire & Rubber Co,GT,5493002BI0S2ZQUY3437,42582,2018.0,FY,2018-01-01,2018-12-31,2020-02-11 11:12:22+00:00,2.92,2.92,0.58,2.89,,303000000.0,708000000.0,708000000.0,693000000.0,15000000.0,11961000000.0,15475000000.0,174000000.0,,44000000.0,2312000000.0,11961000000.0,3514000000.0,321000000.0,,2356000000.0,1158000000.0,-147000000.0,1011000000.0,15475000000.0,237300000.0,237000000.0,239000000.0
Goodyear Tire & Rubber Co,GT,5493002BI0S2ZQUY3437,42582,2018.0,Q4,2018-10-01,2018-12-31,,0.46,0.46,0.16,0.45,,92000000.0,110000000.0,110000000.0,110000000.0,,3008000000.0,3876000000.0,3000000.0,,4000000.0,580000000.0,3008000000.0,868000000.0,85000000.0,,584000000.0,284000000.0,-82000000.0,202000000.0,3876000000.0,237300000.0,237000000.0,239000000.0
Goodyear Tire & Rubber Co,GT,5493002BI0S2ZQUY3437,42582,2018.0,Q3,2018-07-01,2018-09-30,2019-10-25 11:14:09+00:00,1.49,1.49,0.14,1.48,,159000000.0,354000000.0,354000000.0,351000000.0,3000000.0,3028000000.0,3928000000.0,253000000.0,,5000000.0,553000000.0,3028000000.0,900000000.0,82000000.0,,558000000.0,342000000.0,171000000.0,513000000.0,3928000000.0,235600000.0,236000000.0,238000000.0
Goodyear Tire & Rubber Co,GT,5493002BI0S2ZQUY3437,42582,2018.0,Q3YTD,2018-01-01,2018-09-30,,2.46,2.46,0.42,2.44,,211000000.0,598000000.0,598000000.0,583000000.0,15000000.0,8953000000.0,11599000000.0,171000000.0,,40000000.0,1732000000.0,8953000000.0,2646000000.0,236000000.0,,1772000000.0,874000000.0,-65000000.0,809000000.0,11599000000.0,235600000.0,236000000.0,238000000.0
Goodyear Tire & Rubber Co,GT,5493002BI0S2ZQUY3437,42582,2018.0,Q3TTM,2017-10-01,2018-09-30,,2.09,2.09,0.56,2.08,,588000000.0,508000000.0,508000000.0,487000000.0,21000000.0,12034000000.0,15670000000.0,155000000.0,,73000000.0,2311000000.0,12034000000.0,3636000000.0,311000000.0,,2384000000.0,1252000000.0,-156000000.0,1096000000.0,15670000000.0,235600000.0,236000000.0,238000000.0
Goodyear Tire & Rubber Co,GT,5493002BI0S2ZQUY3437,42582,2018.0,Q2,2018-04-01,2018-06-30,2019-07-26 11:41:10+00:00,0.66,0.66,0.14,0.65,,19000000.0,164000000.0,164000000.0,157000000.0,7000000.0,2949000000.0,3841000000.0,-45000000.0,,-2000000.0,588000000.0,2949000000.0,892000000.0,78000000.0,,586000000.0,306000000.0,-123000000.0,183000000.0,3841000000.0,237900000.0,239000000.0,241000000.0
Goodyear Tire & Rubber Co,GT,5493002BI0S2ZQUY3437,42582,2018.0,Q2YTD,2018-01-01,2018-06-30,,0.97,0.97,0.28,0.96,,52000000.0,244000000.0,244000000.0,232000000.0,12000000.0,5925000000.0,7671000000.0,-82000000.0,,35000000.0,1179000000.0,5925000000.0,1746000000.0,154000000.0,,1214000000.0,532000000.0,-236000000.0,296000000.0,7671000000.0,237900000.0,239000000.0,241000000.0
Goodyear Tire & Rubber Co,GT,5493002BI0S2ZQUY3437,42582,2018.0,Q2TTM,2017-07-01,2018-06-30,,1.12,1.12,0.52,1.1,,459000000.0,286000000.0,286000000.0,265000000.0,21000000.0,12060000000.0,15663000000.0,-128000000.0,,114000000.0,2303000000.0,12060000000.0,3603000000.0,313000000.0,,2417000000.0,1186000000.0,-441000000.0,745000000.0,15663000000.0,237900000.0,239000000.0,241000000.0
Goodyear Tire & Rubber Co,GT,5493002BI0S2ZQUY3437,42582,2018.0,Q1,2018-01-01,2018-03-31,2019-04-26 11:33:02+00:00,0.31,0.31,0.14,0.31,,33000000.0,80000000.0,80000000.0,75000000.0,5000000.0,2976000000.0,3830000000.0,-37000000.0,,37000000.0,591000000.0,2976000000.0,854000000.0,76000000.0,,628000000.0,226000000.0,-113000000.0,113000000.0,3830000000.0,241900000.0,240000000.0,244000000.0
Goodyear Tire & Rubber Co,GT,5493002BI0S2ZQUY3437,42582,2018.0,Q1TTM,2017-04-01,2018-03-31,,1.04,1.04,0.48,1.03,,476000000.0,276000000.0,276000000.0,255000000.0,21000000.0,11896000000.0,15508000000.0,-99000000.0,,143000000.0,2294000000.0,11896000000.0,3612000000.0,324000000.0,,2437000000.0,1175000000.0,-423000000.0,752000000.0,15508000000.0,241900000.0,240000000.0,244000000.0
Goodyear Tire & Rubber Co,GT,5493002BI0S2ZQUY3437,42582,2019.0,Q4,2019-10-01,2019-12-31,,-1.68,-1.68,0.16,-1.68,,411000000.0,-399000000.0,-399000000.0,-392000000.0,-7000000.0,2903000000.0,3713000000.0,-24000000.0,,77000000.0,618000000.0,2903000000.0,810000000.0,79000000.0,,695000000.0,115000000.0,-103000000.0,12000000.0,3713000000.0,233800000.0,233000000.0,233000000.0
Goodyear Tire & Rubber Co,GT,5493002BI0S2ZQUY3437,42582,2019.0,FY,2019-01-01,2019-12-31,2020-02-11 11:12:22+00:00,-1.33,-1.33,0.64,-1.33,,474000000.0,-297000000.0,-297000000.0,-311000000.0,14000000.0,11602000000.0,14745000000.0,-98000000.0,,205000000.0,2323000000.0,11602000000.0,3143000000.0,340000000.0,,2528000000.0,615000000.0,-438000000.0,177000000.0,14745000000.0,233800000.0,233000000.0,233000000.0
Goodyear Tire & Rubber Co,GT,5493002BI0S2ZQUY3437,42582,2019.0,Q3YTD,2019-01-01,2019-09-30,,0.35,0.35,0.48,0.35,,63000000.0,102000000.0,102000000.0,81000000.0,21000000.0,8699000000.0,11032000000.0,-74000000.0,,128000000.0,1705000000.0,8699000000.0,2333000000.0,261000000.0,,1833000000.0,500000000.0,-335000000.0,165000000.0,11032000000.0,231600000.0,233000000.0,234000000.0
Goodyear Tire & Rubber Co,GT,5493002BI0S2ZQUY3437,42582,2019.0,Q3TTM,2018-10-01,2019-09-30,,0.81,0.81,0.64,0.8,,155000000.0,212000000.0,212000000.0,191000000.0,21000000.0,11707000000.0,14908000000.0,-71000000.0,,132000000.0,2285000000.0,11707000000.0,3201000000.0,346000000.0,,2417000000.0,784000000.0,-417000000.0,367000000.0,14908000000.0,231600000.0,233000000.0,234000000.0
Goodyear Tire & Rubber Co,GT,5493002BI0S2ZQUY3437,42582,2019.0,Q3,2019-07-01,2019-09-30,2019-10-25 11:14:09+00:00,0.38,0.38,0.16,0.38,,31000000.0,90000000.0,90000000.0,88000000.0,2000000.0,2965000000.0,3802000000.0,-35000000.0,,21000000.0,572000000.0,2965000000.0,837000000.0,88000000.0,,593000000.0,244000000.0,-123000000.0,121000000.0,3802000000.0,231600000.0,233000000.0,234000000.0
Goodyear Tire & Rubber Co,GT,5493002BI0S2ZQUY3437,42582,2019.0,Q2YTD,2019-01-01,2019-06-30,,-0.03,-0.03,0.32,-0.03,,32000000.0,12000000.0,12000000.0,-7000000.0,19000000.0,5734000000.0,7230000000.0,-39000000.0,,107000000.0,1133000000.0,5734000000.0,1496000000.0,173000000.0,,1240000000.0,256000000.0,-212000000.0,44000000.0,7230000000.0,234800000.0,233000000.0,234000000.0
Goodyear Tire & Rubber Co,GT,5493002BI0S2ZQUY3437,42582,2019.0,Q2TTM,2018-07-01,2019-06-30,,1.92,1.92,0.62,1.9,,283000000.0,476000000.0,476000000.0,454000000.0,22000000.0,11770000000.0,15034000000.0,217000000.0,,116000000.0,2266000000.0,11770000000.0,3264000000.0,340000000.0,,2382000000.0,882000000.0,-123000000.0,759000000.0,15034000000.0,234800000.0,233000000.0,234000000.0
Goodyear Tire & Rubber Co,GT,5493002BI0S2ZQUY3437,42582,2019.0,Q2,2019-04-01,2019-06-30,2019-07-26 11:41:10+00:00,0.23,0.23,0.16,0.23,,26000000.0,56000000.0,56000000.0,54000000.0,2000000.0,2855000000.0,3632000000.0,-17000000.0,,4000000.0,586000000.0,2855000000.0,777000000.0,88000000.0,,590000000.0,187000000.0,-105000000.0,82000000.0,3632000000.0,234800000.0,233000000.0,234000000.0
Goodyear Tire & Rubber Co,GT,5493002BI0S2ZQUY3437,42582,2019.0,Q1,2019-01-01,2019-03-31,2020-04-30 12:47:30+00:00,-0.26,-0.26,0.16,-0.26,0.0,6000000.0,-44000000.0,-44000000.0,-61000000.0,17000000.0,2879000000.0,3598000000.0,-22000000.0,,103000000.0,547000000.0,2879000000.0,719000000.0,85000000.0,,650000000.0,69000000.0,-107000000.0,-38000000.0,3598000000.0,234600000.0,232000000.0,232000000.0
Goodyear Tire & Rubber Co,GT,5493002BI0S2ZQUY3437,42582,2019.0,Q1TTM,2018-04-01,2019-03-31,,2.35,2.35,0.6,2.32,,276000000.0,584000000.0,584000000.0,557000000.0,27000000.0,11864000000.0,15243000000.0,189000000.0,,110000000.0,2268000000.0,11864000000.0,3379000000.0,330000000.0,,2378000000.0,1001000000.0,-141000000.0,860000000.0,15243000000.0,234600000.0,232000000.0,232000000.0
Goodyear Tire & Rubber Co,GT,5493002BI0S2ZQUY3437,42582,2020.0,Q1TTM,2019-04-01,2020-03-31,,-3.72,-3.72,0.64,-3.72,182000000.0,717000000.0,-870000000.0,-870000000.0,-869000000.0,-1000000.0,11275000000.0,14203000000.0,-103000000.0,,111000000.0,2357000000.0,11275000000.0,2928000000.0,328000000.0,,2650000000.0,278000000.0,-431000000.0,-153000000.0,14203000000.0,233600000.0,234000000.0,234000000.0
Goodyear Tire & Rubber Co,GT,5493002BI0S2ZQUY3437,42582,2020.0,Q1,2020-01-01,2020-03-31,2020-04-30 12:47:30+00:00,-2.65,-2.65,0.16,-2.65,182000000.0,249000000.0,-617000000.0,-617000000.0,-619000000.0,2000000.0,2552000000.0,3056000000.0,-27000000.0,,9000000.0,581000000.0,2552000000.0,504000000.0,73000000.0,,772000000.0,-268000000.0,-100000000.0,-368000000.0,3056000000.0,233600000.0,234000000.0,234000000.0
