company_name,company_ticker,company_lei,company_cik,year,quarter,start_date,end_date,filing_date,basicdilutedeps,basiceps,cashdividendspershare,depreciationexpense,dilutedeps,impairmentexpense,incometaxexpense,marketingexpense,netincome,netincomecontinuing,netincometocommon,operatingcostofrevenue,operatingrevenue,otherincome,otheroperatingexpenses,otherrevenue,otherspecialcharges,restructuringcharge,sgaexpense,totalcostofrevenue,totalgrossprofit,totalinterestexpense,totalinterestincome,totaloperatingexpenses,totaloperatingincome,totalotherincome,totalpretaxincome,totalrevenue,weightedavebasicdilutedsharesos,weightedavebasicsharesos,weightedavedilutedsharesos
Delta Air Lines Inc,DAL,Q2CCMS6R0AS67HJMBN42,27904,2008.0,FY,2008-01-01,2008-12-31,2011-03-04 10:31:20+00:00,-19.08,-19.08,,1266000000.0,-19.08,7296000000.0,-119000000.0,1030000000.0,-8922000000.0,-8922000000.0,-8922000000.0,18144000000.0,20269000000.0,-114000000.0,1062000000.0,2428000000.0,,1131000000.0,1082000000.0,18144000000.0,4553000000.0,705000000.0,92000000.0,12867000000.0,-8314000000.0,-727000000.0,-9041000000.0,22697000000.0,467600000.0,467600000.0,467600000.0
Delta Air Lines Inc,DAL,Q2CCMS6R0AS67HJMBN42,27904,2009.0,FY,2009-01-01,2009-12-31,2012-02-10 17:28:19+00:00,-1.5,-1.5,,1536000000.0,-1.5,,-344000000.0,1405000000.0,-1237000000.0,-1237000000.0,-1237000000.0,21886000000.0,24595000000.0,77000000.0,0.0,3468000000.0,,407000000.0,3153000000.0,21886000000.0,6177000000.0,1334000000.0,,6501000000.0,-324000000.0,-1257000000.0,-1581000000.0,28063000000.0,827000000.0,827000000.0,827000000.0
Delta Air Lines Inc,DAL,Q2CCMS6R0AS67HJMBN42,27904,2009.0,Q3,2009-07-01,2009-09-30,2010-10-25 14:10:56+00:00,-0.19,-0.19,,385000000.0,-0.19,,-18000000.0,384000000.0,-161000000.0,-161000000.0,-161000000.0,5682000000.0,6701000000.0,15000000.0,390000000.0,873000000.0,,129000000.0,400000000.0,5682000000.0,1892000000.0,402000000.0,4000000.0,1688000000.0,204000000.0,-383000000.0,-179000000.0,7574000000.0,847400000.0,847400000.0,847400000.0
Delta Air Lines Inc,DAL,Q2CCMS6R0AS67HJMBN42,27904,2009.0,Q2,2009-04-01,2009-06-30,2010-07-30 18:49:34+00:00,-0.31,-0.31,,383000000.0,-0.31,,4000000.0,329000000.0,-257000000.0,-257000000.0,-257000000.0,5487000000.0,6076000000.0,61000000.0,354000000.0,924000000.0,,58000000.0,388000000.0,5487000000.0,1513000000.0,324000000.0,9000000.0,1512000000.0,1000000.0,-254000000.0,-253000000.0,7000000000.0,829000000.0,829000000.0,829000000.0
Delta Air Lines Inc,DAL,Q2CCMS6R0AS67HJMBN42,27904,2010.0,Q4,2010-10-01,2010-12-31,,0.03,0.03,,372000000.0,0.03,,1000000.0,364000000.0,19000000.0,19000000.0,19000000.0,5786000000.0,6904000000.0,22000000.0,-720000000.0,885000000.0,,108000000.0,1585000000.0,5786000000.0,2003000000.0,296000000.0,,1709000000.0,294000000.0,-274000000.0,20000000.0,7789000000.0,834000000.0,834000000.0,834000000.0
Delta Air Lines Inc,DAL,Q2CCMS6R0AS67HJMBN42,27904,2010.0,FY,2010-01-01,2010-12-31,2013-02-12 20:16:22+00:00,0.71,0.71,,1511000000.0,0.7,,15000000.0,1509000000.0,593000000.0,593000000.0,593000000.0,22560000000.0,28108000000.0,-33000000.0,313000000.0,3647000000.0,,450000000.0,3195000000.0,22560000000.0,9195000000.0,1576000000.0,,6978000000.0,2217000000.0,-1609000000.0,608000000.0,31755000000.0,834000000.0,834000000.0,834000000.0
Delta Air Lines Inc,DAL,Q2CCMS6R0AS67HJMBN42,27904,2010.0,Q3,2010-07-01,2010-09-30,2011-10-25 16:57:11+00:00,0.43,0.43,,375000000.0,0.43,,3000000.0,404000000.0,363000000.0,363000000.0,363000000.0,5946000000.0,8002000000.0,25000000.0,185000000.0,948000000.0,,206000000.0,831000000.0,5946000000.0,3004000000.0,662000000.0,,2001000000.0,1003000000.0,-637000000.0,366000000.0,8950000000.0,844200000.0,844200000.0,844200000.0
Delta Air Lines Inc,DAL,Q2CCMS6R0AS67HJMBN42,27904,2010.0,Q3YTD,2010-01-01,2010-09-30,,0.68,0.68,,1139000000.0,0.67,,14000000.0,1145000000.0,574000000.0,574000000.0,574000000.0,16774000000.0,21204000000.0,-55000000.0,1033000000.0,2762000000.0,,342000000.0,1610000000.0,16774000000.0,7192000000.0,1280000000.0,,5269000000.0,1923000000.0,-1335000000.0,588000000.0,23966000000.0,844200000.0,844200000.0,844200000.0
Delta Air Lines Inc,DAL,Q2CCMS6R0AS67HJMBN42,27904,2010.0,Q2,2010-04-01,2010-06-30,2011-07-27 16:24:50+00:00,0.56,0.56,,379000000.0,0.55,,1000000.0,377000000.0,467000000.0,467000000.0,467000000.0,5619000000.0,7220000000.0,-72000000.0,456000000.0,948000000.0,,82000000.0,403000000.0,5619000000.0,2549000000.0,312000000.0,,1697000000.0,852000000.0,-384000000.0,468000000.0,8168000000.0,833900000.0,833900000.0,849100000.0
Delta Air Lines Inc,DAL,Q2CCMS6R0AS67HJMBN42,27904,2010.0,Q2YTD,2010-01-01,2010-06-30,,0.25,0.25,,764000000.0,0.24,,11000000.0,741000000.0,211000000.0,211000000.0,211000000.0,10828000000.0,13202000000.0,-80000000.0,848000000.0,1814000000.0,,136000000.0,779000000.0,10828000000.0,4188000000.0,618000000.0,,3268000000.0,920000000.0,-698000000.0,222000000.0,15016000000.0,833900000.0,833900000.0,849100000.0
Delta Air Lines Inc,DAL,Q2CCMS6R0AS67HJMBN42,27904,2010.0,Q1,2010-01-01,2010-03-31,2011-05-05 10:15:21+00:00,-0.31,-0.31,,385000000.0,-0.31,,10000000.0,364000000.0,-256000000.0,-256000000.0,-256000000.0,5209000000.0,5982000000.0,-8000000.0,392000000.0,866000000.0,,54000000.0,376000000.0,5209000000.0,1639000000.0,306000000.0,,1571000000.0,68000000.0,-314000000.0,-246000000.0,6848000000.0,825800000.0,825800000.0,825800000.0
Delta Air Lines Inc,DAL,Q2CCMS6R0AS67HJMBN42,27904,2011.0,Q4,2011-10-01,2011-12-31,,0.5,0.5,,382000000.0,0.51,,-9000000.0,393000000.0,425000000.0,425000000.0,425000000.0,5975000000.0,7479000000.0,10000000.0,89000000.0,920000000.0,,88000000.0,746000000.0,5975000000.0,2424000000.0,320000000.0,,1698000000.0,726000000.0,-310000000.0,416000000.0,8399000000.0,838000000.0,838000000.0,838000000.0
Delta Air Lines Inc,DAL,Q2CCMS6R0AS67HJMBN42,27904,2011.0,FY,2011-01-01,2011-12-31,2014-02-21 20:54:29+00:00,1.02,1.02,0.0,1523000000.0,1.01,,-85000000.0,1682000000.0,854000000.0,854000000.0,854000000.0,26159000000.0,31284000000.0,-44000000.0,264000000.0,3831000000.0,,242000000.0,3270000000.0,26159000000.0,8956000000.0,1162000000.0,,6981000000.0,1975000000.0,-1206000000.0,769000000.0,35115000000.0,838000000.0,838000000.0,838000000.0
Delta Air Lines Inc,DAL,Q2CCMS6R0AS67HJMBN42,27904,2011.0,Q3,2011-07-01,2011-09-30,2012-10-26 15:38:18+00:00,0.66,0.66,,384000000.0,0.65,,-2000000.0,480000000.0,549000000.0,549000000.0,549000000.0,7079000000.0,8825000000.0,-31000000.0,167000000.0,991000000.0,,3000000.0,843000000.0,7079000000.0,2737000000.0,282000000.0,,1877000000.0,860000000.0,-313000000.0,547000000.0,9816000000.0,831800000.0,831800000.0,844600000.0
Delta Air Lines Inc,DAL,Q2CCMS6R0AS67HJMBN42,27904,2011.0,Q3YTD,2011-01-01,2011-09-30,,0.52,0.52,,1141000000.0,0.5,,-76000000.0,1289000000.0,429000000.0,429000000.0,429000000.0,20184000000.0,23805000000.0,-54000000.0,175000000.0,2911000000.0,,154000000.0,2524000000.0,20184000000.0,6532000000.0,842000000.0,,5283000000.0,1249000000.0,-896000000.0,353000000.0,26716000000.0,831800000.0,831800000.0,844600000.0
Delta Air Lines Inc,DAL,Q2CCMS6R0AS67HJMBN42,27904,2011.0,Q3TTM,2010-10-01,2011-09-30,,0.55,0.55,,1513000000.0,0.53,,-75000000.0,1653000000.0,448000000.0,448000000.0,448000000.0,25970000000.0,30709000000.0,-32000000.0,-545000000.0,3796000000.0,,262000000.0,4109000000.0,25970000000.0,8535000000.0,1138000000.0,,6992000000.0,1543000000.0,-1170000000.0,373000000.0,34505000000.0,831800000.0,831800000.0,844600000.0
Delta Air Lines Inc,DAL,Q2CCMS6R0AS67HJMBN42,27904,2011.0,Q2,2011-04-01,2011-06-30,2012-07-25 16:40:07+00:00,0.24,0.24,,381000000.0,0.23,,-3000000.0,440000000.0,198000000.0,198000000.0,198000000.0,6872000000.0,8155000000.0,6000000.0,8000000.0,998000000.0,,144000000.0,827000000.0,6872000000.0,2281000000.0,292000000.0,,1800000000.0,481000000.0,-286000000.0,195000000.0,9153000000.0,825000000.0,825000000.0,860900000.0
Delta Air Lines Inc,DAL,Q2CCMS6R0AS67HJMBN42,27904,2011.0,Q2YTD,2011-01-01,2011-06-30,,-0.14,-0.14,,757000000.0,-0.15,,-74000000.0,809000000.0,-120000000.0,-120000000.0,-120000000.0,13105000000.0,14980000000.0,-23000000.0,8000000.0,1920000000.0,,151000000.0,1681000000.0,13105000000.0,3795000000.0,560000000.0,,3406000000.0,389000000.0,-583000000.0,-194000000.0,16900000000.0,825000000.0,825000000.0,860900000.0
Delta Air Lines Inc,DAL,Q2CCMS6R0AS67HJMBN42,27904,2011.0,Q2TTM,2010-07-01,2011-06-30,,0.32,0.32,,1504000000.0,0.31,,-70000000.0,1577000000.0,262000000.0,262000000.0,262000000.0,24837000000.0,29886000000.0,24000000.0,-527000000.0,3753000000.0,,465000000.0,4097000000.0,24837000000.0,8802000000.0,1518000000.0,,7116000000.0,1686000000.0,-1494000000.0,192000000.0,33639000000.0,825000000.0,825000000.0,860900000.0
Delta Air Lines Inc,DAL,Q2CCMS6R0AS67HJMBN42,27904,2011.0,Q1,2011-01-01,2011-03-31,2012-04-25 16:09:33+00:00,-0.38,-0.38,,376000000.0,-0.38,,-71000000.0,369000000.0,-318000000.0,-318000000.0,-318000000.0,6233000000.0,6825000000.0,-29000000.0,,922000000.0,,7000000.0,854000000.0,6233000000.0,1514000000.0,268000000.0,,1606000000.0,-92000000.0,-297000000.0,-389000000.0,7747000000.0,836800000.0,836800000.0,836800000.0
Delta Air Lines Inc,DAL,Q2CCMS6R0AS67HJMBN42,27904,2011.0,Q1TTM,2010-04-01,2011-03-31,,0.64,0.64,,1502000000.0,0.63,,-66000000.0,1514000000.0,531000000.0,531000000.0,531000000.0,23584000000.0,28951000000.0,-54000000.0,-79000000.0,3703000000.0,,403000000.0,3673000000.0,23584000000.0,9070000000.0,1538000000.0,,7013000000.0,2057000000.0,-1592000000.0,465000000.0,32654000000.0,836800000.0,836800000.0,836800000.0
Delta Air Lines Inc,DAL,Q2CCMS6R0AS67HJMBN42,27904,2012.0,Q4,2012-10-01,2012-12-31,,0.01,0.01,,399000000.0,0.01,,4000000.0,377000000.0,6000000.0,6000000.0,6000000.0,6542000000.0,7664000000.0,-1000000.0,63000000.0,938000000.0,,122000000.0,748000000.0,6542000000.0,2060000000.0,340000000.0,,1709000000.0,351000000.0,-341000000.0,10000000.0,8602000000.0,845000000.0,845000000.0,845000000.0
Delta Air Lines Inc,DAL,Q2CCMS6R0AS67HJMBN42,27904,2012.0,FY,2012-01-01,2012-12-31,2015-02-10 20:00:23+00:00,1.2,1.2,0.0,1565000000.0,1.19,,16000000.0,1590000000.0,1009000000.0,1009000000.0,1009000000.0,27358000000.0,32744000000.0,-27000000.0,372000000.0,3926000000.0,,452000000.0,3158000000.0,27358000000.0,9312000000.0,1123000000.0,,7137000000.0,2175000000.0,-1150000000.0,1025000000.0,36670000000.0,845000000.0,845000000.0,845000000.0
Delta Air Lines Inc,DAL,Q2CCMS6R0AS67HJMBN42,27904,2012.0,Q3,2012-07-01,2012-09-30,2013-10-23 15:41:11+00:00,1.24,1.24,,392000000.0,1.23,,5000000.0,440000000.0,1047000000.0,1047000000.0,1047000000.0,6637000000.0,8917000000.0,-1000000.0,174000000.0,1006000000.0,,149000000.0,823000000.0,6637000000.0,3286000000.0,255000000.0,,1978000000.0,1308000000.0,-256000000.0,1052000000.0,9923000000.0,844400000.0,844400000.0,851200000.0
Delta Air Lines Inc,DAL,Q2CCMS6R0AS67HJMBN42,27904,2012.0,Q3YTD,2012-01-01,2012-09-30,,1.19,1.19,,1166000000.0,1.18,,12000000.0,1213000000.0,1003000000.0,1003000000.0,1003000000.0,20816000000.0,25080000000.0,-26000000.0,309000000.0,2988000000.0,,330000000.0,2410000000.0,20816000000.0,7252000000.0,783000000.0,,5428000000.0,1824000000.0,-809000000.0,1015000000.0,28068000000.0,844400000.0,844400000.0,851200000.0
Delta Air Lines Inc,DAL,Q2CCMS6R0AS67HJMBN42,27904,2012.0,Q3TTM,2011-10-01,2012-09-30,,1.69,1.69,,1548000000.0,1.69,,3000000.0,1606000000.0,1428000000.0,1428000000.0,1428000000.0,26791000000.0,32559000000.0,-16000000.0,398000000.0,3908000000.0,,418000000.0,3156000000.0,26791000000.0,9676000000.0,1103000000.0,,7126000000.0,2550000000.0,-1119000000.0,1431000000.0,36467000000.0,844400000.0,844400000.0,851200000.0
Delta Air Lines Inc,DAL,Q2CCMS6R0AS67HJMBN42,27904,2012.0,Q2,2012-04-01,2012-06-30,2013-08-01 11:59:04+00:00,-0.2,-0.2,,388000000.0,-0.2,,4000000.0,393000000.0,-168000000.0,-168000000.0,-168000000.0,7696000000.0,8693000000.0,-42000000.0,135000000.0,1039000000.0,,193000000.0,793000000.0,7696000000.0,2036000000.0,256000000.0,,1902000000.0,134000000.0,-298000000.0,-164000000.0,9732000000.0,840000000.0,840000000.0,840000000.0
Delta Air Lines Inc,DAL,Q2CCMS6R0AS67HJMBN42,27904,2012.0,Q2YTD,2012-01-01,2012-06-30,,-0.05,-0.05,,774000000.0,-0.05,,7000000.0,773000000.0,-44000000.0,-44000000.0,-44000000.0,14179000000.0,16163000000.0,-25000000.0,135000000.0,1982000000.0,,181000000.0,1587000000.0,14179000000.0,3966000000.0,528000000.0,,3450000000.0,516000000.0,-553000000.0,-37000000.0,18145000000.0,840000000.0,840000000.0,840000000.0
Delta Air Lines Inc,DAL,Q2CCMS6R0AS67HJMBN42,27904,2012.0,Q2TTM,2011-07-01,2012-06-30,,1.11,1.11,,1540000000.0,1.11,,-4000000.0,1646000000.0,930000000.0,930000000.0,930000000.0,27233000000.0,32467000000.0,-46000000.0,391000000.0,3893000000.0,,272000000.0,3176000000.0,27233000000.0,9127000000.0,1130000000.0,,7025000000.0,2102000000.0,-1176000000.0,926000000.0,36360000000.0,840000000.0,840000000.0,840000000.0
Delta Air Lines Inc,DAL,Q2CCMS6R0AS67HJMBN42,27904,2012.0,Q1,2012-01-01,2012-03-31,2013-04-24 17:10:59+00:00,0.15,0.15,,386000000.0,0.15,,3000000.0,380000000.0,124000000.0,124000000.0,124000000.0,6483000000.0,7470000000.0,17000000.0,0.0,943000000.0,,-12000000.0,794000000.0,6483000000.0,1930000000.0,272000000.0,,1548000000.0,382000000.0,-255000000.0,127000000.0,8413000000.0,826700000.0,826700000.0,826700000.0
Delta Air Lines Inc,DAL,Q2CCMS6R0AS67HJMBN42,27904,2012.0,Q1TTM,2011-04-01,2012-03-31,,1.55,1.55,,1533000000.0,1.54,,-11000000.0,1693000000.0,1296000000.0,1296000000.0,1296000000.0,26409000000.0,31929000000.0,2000000.0,264000000.0,3852000000.0,,223000000.0,3210000000.0,26409000000.0,9372000000.0,1166000000.0,,6923000000.0,2449000000.0,-1164000000.0,1285000000.0,35781000000.0,826700000.0,826700000.0,826700000.0
Delta Air Lines Inc,DAL,Q2CCMS6R0AS67HJMBN42,27904,2013.0,Q4,2013-10-01,2013-12-31,,9.98,9.98,0.06,420000000.0,9.89,,-8004000000.0,391000000.0,8479000000.0,8479000000.0,8479000000.0,6499000000.0,8112000000.0,-20000000.0,119000000.0,964000000.0,,160000000.0,786000000.0,6499000000.0,2577000000.0,206000000.0,,1876000000.0,701000000.0,-226000000.0,475000000.0,9076000000.0,849000000.0,849000000.0,849000000.0
Delta Air Lines Inc,DAL,Q2CCMS6R0AS67HJMBN42,27904,2013.0,FY,2013-01-01,2013-12-31,2015-02-10 20:00:23+00:00,12.41,12.41,0.12,1658000000.0,12.29,,-8013000000.0,1603000000.0,10540000000.0,10540000000.0,10540000000.0,27019000000.0,33879000000.0,-21000000.0,506000000.0,3894000000.0,,402000000.0,3185000000.0,27019000000.0,10754000000.0,852000000.0,,7354000000.0,3400000000.0,-873000000.0,2527000000.0,37773000000.0,849000000.0,849000000.0,849000000.0
Delta Air Lines Inc,DAL,Q2CCMS6R0AS67HJMBN42,27904,2013.0,Q3YTD,2013-01-01,2013-09-30,,2.43,2.43,0.06,1238000000.0,2.4,,-9000000.0,1212000000.0,2061000000.0,2061000000.0,2061000000.0,20520000000.0,25767000000.0,-1000000.0,387000000.0,2930000000.0,,242000000.0,2399000000.0,20520000000.0,8177000000.0,646000000.0,,5478000000.0,2699000000.0,-647000000.0,2052000000.0,28697000000.0,851000000.0,851000000.0,851000000.0
Delta Air Lines Inc,DAL,Q2CCMS6R0AS67HJMBN42,27904,2013.0,Q3TTM,2012-10-01,2013-09-30,,2.44,2.44,0.06,1637000000.0,2.41,,-5000000.0,1589000000.0,2067000000.0,2067000000.0,2067000000.0,27062000000.0,33431000000.0,-2000000.0,450000000.0,3868000000.0,,364000000.0,3147000000.0,27062000000.0,10237000000.0,986000000.0,,7187000000.0,3050000000.0,-988000000.0,2062000000.0,37299000000.0,851000000.0,851000000.0,851000000.0
Delta Air Lines Inc,DAL,Q2CCMS6R0AS67HJMBN42,27904,2013.0,Q3,2013-07-01,2013-09-30,2014-10-24 17:16:03+00:00,1.61,1.61,0.06,418000000.0,1.59,,-6000000.0,447000000.0,1369000000.0,1369000000.0,1369000000.0,6839000000.0,9483000000.0,13000000.0,249000000.0,1007000000.0,,106000000.0,868000000.0,6839000000.0,3651000000.0,213000000.0,,2088000000.0,1563000000.0,-200000000.0,1363000000.0,10490000000.0,851000000.0,851000000.0,851000000.0
Delta Air Lines Inc,DAL,Q2CCMS6R0AS67HJMBN42,27904,2013.0,Q2YTD,2013-01-01,2013-06-30,,0.82,0.82,,820000000.0,0.81,,-3000000.0,765000000.0,692000000.0,692000000.0,692000000.0,13681000000.0,16284000000.0,-14000000.0,138000000.0,1923000000.0,,136000000.0,1531000000.0,13681000000.0,4526000000.0,433000000.0,,3390000000.0,1136000000.0,-447000000.0,689000000.0,18207000000.0,850000000.0,850000000.0,850000000.0
Delta Air Lines Inc,DAL,Q2CCMS6R0AS67HJMBN42,27904,2013.0,Q2TTM,2012-07-01,2013-06-30,,2.07,2.07,,1611000000.0,2.05,,6000000.0,1582000000.0,1745000000.0,1745000000.0,1745000000.0,26860000000.0,32865000000.0,-16000000.0,375000000.0,3867000000.0,,407000000.0,3102000000.0,26860000000.0,9872000000.0,1028000000.0,,7077000000.0,2795000000.0,-1044000000.0,1751000000.0,36732000000.0,850000000.0,850000000.0,850000000.0
Delta Air Lines Inc,DAL,Q2CCMS6R0AS67HJMBN42,27904,2013.0,Q2,2013-04-01,2013-06-30,2014-07-23 18:15:58+00:00,0.81,0.81,0.0,415000000.0,0.8,,1000000.0,408000000.0,685000000.0,685000000.0,685000000.0,7044000000.0,8726000000.0,-15000000.0,118000000.0,981000000.0,,34000000.0,774000000.0,7044000000.0,2663000000.0,213000000.0,,1749000000.0,914000000.0,-228000000.0,686000000.0,9707000000.0,850000000.0,850000000.0,850000000.0
Delta Air Lines Inc,DAL,Q2CCMS6R0AS67HJMBN42,27904,2013.0,Q1,2013-01-01,2013-03-31,2014-04-24 17:29:00+00:00,0.01,0.01,0.0,405000000.0,0.01,,-4000000.0,357000000.0,7000000.0,7000000.0,7000000.0,6637000000.0,7558000000.0,1000000.0,20000000.0,942000000.0,,102000000.0,757000000.0,6637000000.0,1863000000.0,220000000.0,,1641000000.0,222000000.0,-219000000.0,3000000.0,8500000000.0,700000000.0,700000000.0,700000000.0
Delta Air Lines Inc,DAL,Q2CCMS6R0AS67HJMBN42,27904,2013.0,Q1TTM,2012-04-01,2013-03-31,,1.06,1.06,,1584000000.0,1.05,,9000000.0,1567000000.0,892000000.0,892000000.0,892000000.0,27512000000.0,32832000000.0,-43000000.0,392000000.0,3925000000.0,,566000000.0,3121000000.0,27512000000.0,9245000000.0,1071000000.0,,7230000000.0,2015000000.0,-1114000000.0,901000000.0,36757000000.0,700000000.0,700000000.0,700000000.0
Delta Air Lines Inc,DAL,Q2CCMS6R0AS67HJMBN42,27904,2014.0,Q3,2014-07-01,2014-09-30,2015-10-14 16:15:09+00:00,0.43,0.43,0.09,440000000.0,0.42,,222000000.0,476000000.0,357000000.0,357000000.0,357000000.0,7272000000.0,10020000000.0,-102000000.0,611000000.0,1158000000.0,,570000000.0,974000000.0,7272000000.0,3906000000.0,154000000.0,,3071000000.0,835000000.0,-256000000.0,579000000.0,11178000000.0,834000000.0,834000000.0,834000000.0
Delta Air Lines Inc,DAL,Q2CCMS6R0AS67HJMBN42,27904,2014.0,Q3YTD,2014-01-01,2014-09-30,,1.63,1.63,0.21,1333000000.0,1.61,,841000000.0,1289000000.0,1371000000.0,1371000000.0,1371000000.0,20344000000.0,27410000000.0,-291000000.0,1438000000.0,3305000000.0,,649000000.0,2628000000.0,20344000000.0,10371000000.0,531000000.0,,7337000000.0,3034000000.0,-822000000.0,2212000000.0,30715000000.0,834000000.0,834000000.0,834000000.0
Delta Air Lines Inc,DAL,Q2CCMS6R0AS67HJMBN42,27904,2014.0,Q3TTM,2013-10-01,2014-09-30,,11.61,11.61,0.27,1753000000.0,11.5,,-7163000000.0,1680000000.0,9850000000.0,9850000000.0,9850000000.0,26843000000.0,35522000000.0,-311000000.0,1557000000.0,4269000000.0,,809000000.0,3414000000.0,26843000000.0,12948000000.0,737000000.0,,9213000000.0,3735000000.0,-1048000000.0,2687000000.0,39791000000.0,834000000.0,834000000.0,834000000.0
Delta Air Lines Inc,DAL,Q2CCMS6R0AS67HJMBN42,27904,2014.0,Q2,2014-04-01,2014-06-30,2015-07-15 16:28:52+00:00,0.95,0.95,0.06,451000000.0,0.94,,497000000.0,440000000.0,801000000.0,801000000.0,801000000.0,6718000000.0,9496000000.0,-108000000.0,555000000.0,1125000000.0,,30000000.0,848000000.0,6718000000.0,3903000000.0,173000000.0,,2324000000.0,1579000000.0,-281000000.0,1298000000.0,10621000000.0,841000000.0,841000000.0,841000000.0
Delta Air Lines Inc,DAL,Q2CCMS6R0AS67HJMBN42,27904,2014.0,Q2YTD,2014-01-01,2014-06-30,,1.2,1.2,0.12,893000000.0,1.19,,619000000.0,813000000.0,1014000000.0,1014000000.0,1014000000.0,13072000000.0,17390000000.0,-189000000.0,827000000.0,2147000000.0,,79000000.0,1654000000.0,13072000000.0,6465000000.0,377000000.0,,4266000000.0,2199000000.0,-566000000.0,1633000000.0,19537000000.0,841000000.0,841000000.0,841000000.0
Delta Air Lines Inc,DAL,Q2CCMS6R0AS67HJMBN42,27904,2014.0,Q2TTM,2013-07-01,2014-06-30,,12.79,12.79,0.24,1731000000.0,12.67,,-7391000000.0,1651000000.0,10862000000.0,10862000000.0,10862000000.0,26410000000.0,34985000000.0,-196000000.0,1195000000.0,4118000000.0,,345000000.0,3308000000.0,26410000000.0,12693000000.0,796000000.0,,8230000000.0,4463000000.0,-992000000.0,3471000000.0,39103000000.0,841000000.0,841000000.0,841000000.0
Delta Air Lines Inc,DAL,Q2CCMS6R0AS67HJMBN42,27904,2014.0,Q1,2014-01-01,2014-03-31,2015-04-15 17:02:46+00:00,0.25,0.25,0.06,442000000.0,0.25,,122000000.0,373000000.0,213000000.0,213000000.0,213000000.0,6354000000.0,7894000000.0,-81000000.0,272000000.0,1022000000.0,,49000000.0,806000000.0,6354000000.0,2562000000.0,204000000.0,,1942000000.0,620000000.0,-285000000.0,335000000.0,8916000000.0,844000000.0,844000000.0,844000000.0
Delta Air Lines Inc,DAL,Q2CCMS6R0AS67HJMBN42,27904,2014.0,Q1TTM,2013-04-01,2014-03-31,,12.65,12.65,0.18,1695000000.0,12.53,,-7887000000.0,1619000000.0,10746000000.0,10746000000.0,10746000000.0,26736000000.0,34215000000.0,-103000000.0,758000000.0,3974000000.0,,349000000.0,3234000000.0,26736000000.0,11453000000.0,836000000.0,,7655000000.0,3798000000.0,-939000000.0,2859000000.0,38189000000.0,844000000.0,844000000.0,844000000.0
Delta Air Lines Inc,DAL,Q2CCMS6R0AS67HJMBN42,27904,2015.0,FY,2015-01-01,2015-12-31,2018-02-23 14:24:23+00:00,5.68,5.68,0.45,1835000000.0,5.63,,2631000000.0,1672000000.0,4526000000.0,4526000000.0,4526000000.0,25872000000.0,35595000000.0,-164000000.0,1500000000.0,5109000000.0,,,2033000000.0,25872000000.0,14832000000.0,481000000.0,,7040000000.0,7802000000.0,-645000000.0,7157000000.0,40704000000.0,797000000.0,797000000.0,797000000.0
Delta Air Lines Inc,DAL,Q2CCMS6R0AS67HJMBN42,27904,2015.0,Q3,2015-07-01,2015-09-30,2016-10-13 16:35:13+00:00,1.67,1.67,0.135,466000000.0,1.65,,757000000.0,463000000.0,1315000000.0,1315000000.0,1315000000.0,6113000000.0,9791000000.0,-20000000.0,810000000.0,1316000000.0,,,1042000000.0,6113000000.0,4994000000.0,121000000.0,,2781000000.0,2213000000.0,-141000000.0,2072000000.0,11107000000.0,788000000.0,788000000.0,788000000.0
Delta Air Lines Inc,DAL,Q2CCMS6R0AS67HJMBN42,27904,2015.0,Q3YTD,2015-01-01,2015-09-30,,4.43,4.43,0.32,1384000000.0,4.38,,2078000000.0,1270000000.0,3546000000.0,3546000000.0,3546000000.0,17674000000.0,27277000000.0,-82000000.0,1774000000.0,3925000000.0,,,3015000000.0,17674000000.0,13528000000.0,379000000.0,,7443000000.0,6085000000.0,-461000000.0,5624000000.0,31202000000.0,788000000.0,788000000.0,788000000.0
Delta Air Lines Inc,DAL,Q2CCMS6R0AS67HJMBN42,27904,2015.0,Q2,2015-04-01,2015-06-30,2016-07-14 17:33:36+00:00,1.85,1.85,0.09,448000000.0,1.83,,881000000.0,421000000.0,1485000000.0,1485000000.0,1485000000.0,5696000000.0,9346000000.0,19000000.0,638000000.0,1361000000.0,,,1030000000.0,5696000000.0,5011000000.0,127000000.0,,2537000000.0,2474000000.0,-108000000.0,2366000000.0,10707000000.0,803000000.0,803000000.0,803000000.0
Delta Air Lines Inc,DAL,Q2CCMS6R0AS67HJMBN42,27904,2015.0,Q2YTD,2015-01-01,2015-06-30,,2.76,2.76,0.18,918000000.0,2.73,,1321000000.0,807000000.0,2231000000.0,2231000000.0,2231000000.0,11561000000.0,17486000000.0,-62000000.0,964000000.0,2609000000.0,,,1973000000.0,11561000000.0,8534000000.0,258000000.0,,4662000000.0,3872000000.0,-320000000.0,3552000000.0,20095000000.0,803000000.0,803000000.0,803000000.0
Delta Air Lines Inc,DAL,Q2CCMS6R0AS67HJMBN42,27904,2015.0,Q1,2015-01-01,2015-03-31,2016-04-14 16:10:55+00:00,0.91,0.91,0.09,470000000.0,0.9,,440000000.0,386000000.0,746000000.0,746000000.0,746000000.0,5865000000.0,8140000000.0,-81000000.0,326000000.0,1248000000.0,,,943000000.0,5865000000.0,3523000000.0,131000000.0,,2125000000.0,1398000000.0,-212000000.0,1186000000.0,9388000000.0,818000000.0,818000000.0,818000000.0
Delta Air Lines Inc,DAL,Q2CCMS6R0AS67HJMBN42,27904,2016.0,FY,2016-01-01,2016-12-31,2019-02-15 16:05:46+00:00,5.59,5.59,0.68,1886000000.0,5.55,,2158000000.0,1751000000.0,4195000000.0,4195000000.0,4195000000.0,23199000000.0,39450000000.0,-255000000.0,964000000.0,,1115000000.0,,3539000000.0,23199000000.0,16251000000.0,388000000.0,0.0,9240000000.0,6996000000.0,-643000000.0,6353000000.0,39450000000.0,750400000.0,750400000.0,755900000.0
Delta Air Lines Inc,DAL,Q2CCMS6R0AS67HJMBN42,27904,2016.0,Q3,2016-07-01,2016-09-30,2017-10-11 16:19:44+00:00,1.7,1.7,0.2,474000000.0,1.69,,641000000.0,466000000.0,1259000000.0,1259000000.0,1259000000.0,5937000000.0,9238000000.0,26000000.0,590000000.0,1245000000.0,,,1047000000.0,5937000000.0,4546000000.0,95000000.0,,2577000000.0,1969000000.0,-69000000.0,1900000000.0,10483000000.0,740000000.0,740000000.0,740000000.0
Delta Air Lines Inc,DAL,Q2CCMS6R0AS67HJMBN42,27904,2016.0,Q3YTD,2016-01-01,2016-09-30,,4.96,4.96,0.48,1430000000.0,4.93,,1933000000.0,1291000000.0,3751000000.0,3751000000.0,3751000000.0,16947000000.0,26297000000.0,47000000.0,1596000000.0,3884000000.0,,,2985000000.0,16947000000.0,13234000000.0,295000000.0,,7302000000.0,5932000000.0,-248000000.0,5684000000.0,30181000000.0,740000000.0,740000000.0,740000000.0
Delta Air Lines Inc,DAL,Q2CCMS6R0AS67HJMBN42,27904,2016.0,Q3TTM,2015-10-01,2016-09-30,,6.21,6.21,0.62,1881000000.0,6.18,,2486000000.0,1693000000.0,4731000000.0,4731000000.0,4731000000.0,25145000000.0,34615000000.0,-35000000.0,1322000000.0,5068000000.0,,,2003000000.0,25145000000.0,14538000000.0,397000000.0,,6899000000.0,7649000000.0,-432000000.0,7217000000.0,39683000000.0,740000000.0,740000000.0,740000000.0
Delta Air Lines Inc,DAL,Q2CCMS6R0AS67HJMBN42,27904,2016.0,Q2,2016-04-01,2016-06-30,2017-07-13 17:06:37+00:00,2.04,2.04,0.14,470000000.0,2.03,,804000000.0,437000000.0,1546000000.0,1546000000.0,1546000000.0,5603000000.0,9135000000.0,20000000.0,545000000.0,1312000000.0,,,969000000.0,5603000000.0,4844000000.0,93000000.0,,2421000000.0,2423000000.0,-73000000.0,2350000000.0,10447000000.0,758000000.0,758000000.0,758000000.0
Delta Air Lines Inc,DAL,Q2CCMS6R0AS67HJMBN42,27904,2016.0,Q2YTD,2016-01-01,2016-06-30,,3.26,3.26,0.28,956000000.0,3.24,,1292000000.0,825000000.0,2492000000.0,2492000000.0,2492000000.0,11010000000.0,17059000000.0,21000000.0,1006000000.0,2639000000.0,,,1938000000.0,11010000000.0,8688000000.0,200000000.0,,4725000000.0,3963000000.0,-179000000.0,3784000000.0,19698000000.0,758000000.0,758000000.0,758000000.0
Delta Air Lines Inc,DAL,Q2CCMS6R0AS67HJMBN42,27904,2016.0,Q2TTM,2015-07-01,2016-06-30,,6.18,6.18,0.55,1873000000.0,6.14,,2602000000.0,1690000000.0,4787000000.0,4787000000.0,4787000000.0,25321000000.0,35168000000.0,-81000000.0,1542000000.0,5139000000.0,,,1998000000.0,25321000000.0,14986000000.0,423000000.0,,7103000000.0,7893000000.0,-504000000.0,7389000000.0,40307000000.0,758000000.0,758000000.0,758000000.0
Delta Air Lines Inc,DAL,Q2CCMS6R0AS67HJMBN42,27904,2016.0,Q1,2016-01-01,2016-03-31,2017-04-12 17:13:59+00:00,1.22,1.22,0.14,486000000.0,1.21,,488000000.0,388000000.0,946000000.0,946000000.0,946000000.0,5407000000.0,7924000000.0,1000000.0,461000000.0,1327000000.0,,,969000000.0,5407000000.0,3844000000.0,107000000.0,,2304000000.0,1540000000.0,-106000000.0,1434000000.0,9251000000.0,774000000.0,774000000.0,774000000.0
Delta Air Lines Inc,DAL,Q2CCMS6R0AS67HJMBN42,27904,2016.0,Q1TTM,2015-04-01,2016-03-31,,5.99,5.99,0.5,1851000000.0,5.94,,2679000000.0,1674000000.0,4726000000.0,4726000000.0,4726000000.0,25414000000.0,35379000000.0,-82000000.0,1635000000.0,5188000000.0,,,2059000000.0,25414000000.0,15153000000.0,457000000.0,,7219000000.0,7944000000.0,-539000000.0,7405000000.0,40567000000.0,774000000.0,774000000.0,774000000.0
Delta Air Lines Inc,DAL,Q2CCMS6R0AS67HJMBN42,27904,2017.0,FY,2017-01-01,2017-12-31,2020-02-12 21:32:24+00:00,4.45,4.45,1.02,2222000000.0,4.43,,2295000000.0,1827000000.0,3205000000.0,3205000000.0,3205000000.0,28449000000.0,41138000000.0,-70000000.0,1065000000.0,,,,1609000000.0,28449000000.0,12689000000.0,396000000.0,0.0,6723000000.0,5966000000.0,-466000000.0,5500000000.0,41138000000.0,720000000.0,720000000.0,720000000.0
Delta Air Lines Inc,DAL,Q2CCMS6R0AS67HJMBN42,27904,2017.0,Q4,2017-10-01,2017-12-31,,0.43,0.43,0.31,583000000.0,0.43,,745000000.0,457000000.0,299000000.0,299000000.0,299000000.0,9806000000.0,10989000000.0,-19000000.0,-587000000.0,-760000000.0,,,-1192000000.0,9806000000.0,423000000.0,99000000.0,,-739000000.0,1162000000.0,-118000000.0,1044000000.0,10229000000.0,720000000.0,720000000.0,720000000.0
Delta Air Lines Inc,DAL,Q2CCMS6R0AS67HJMBN42,27904,2017.0,Q3,2017-07-01,2017-09-30,2018-10-11 17:25:12+00:00,1.62,1.62,0.31,571000000.0,1.61,,617000000.0,499000000.0,1159000000.0,1159000000.0,1159000000.0,6549000000.0,11061000000.0,53000000.0,645000000.0,,,,974000000.0,6549000000.0,4512000000.0,100000000.0,0.0,2689000000.0,1823000000.0,-47000000.0,1776000000.0,11061000000.0,715400000.0,715400000.0,719900000.0
Delta Air Lines Inc,DAL,Q2CCMS6R0AS67HJMBN42,27904,2017.0,Q3YTD,2017-01-01,2017-09-30,,4.02,4.02,0.71,1639000000.0,4.0,,1550000000.0,1370000000.0,2906000000.0,2906000000.0,2906000000.0,18643000000.0,30149000000.0,-51000000.0,1652000000.0,760000000.0,,,2801000000.0,18643000000.0,12266000000.0,297000000.0,,7462000000.0,4804000000.0,-348000000.0,4456000000.0,30909000000.0,715400000.0,715400000.0,719900000.0
Delta Air Lines Inc,DAL,Q2CCMS6R0AS67HJMBN42,27904,2017.0,Q3TTM,2016-10-01,2017-09-30,,4.65,4.65,0.91,2095000000.0,4.62,,1775000000.0,1830000000.0,3350000000.0,3350000000.0,3350000000.0,24895000000.0,43302000000.0,-353000000.0,1020000000.0,-3124000000.0,1115000000.0,,3355000000.0,24895000000.0,15283000000.0,390000000.0,,9400000000.0,5868000000.0,-743000000.0,5125000000.0,40178000000.0,715400000.0,715400000.0,719900000.0
Delta Air Lines Inc,DAL,Q2CCMS6R0AS67HJMBN42,27904,2017.0,Q2,2017-04-01,2017-06-30,2018-07-12 16:24:02+00:00,1.63,1.63,0.2,531000000.0,1.62,,645000000.0,467000000.0,1186000000.0,1186000000.0,1186000000.0,6193000000.0,10747000000.0,-48000000.0,622000000.0,,,,952000000.0,6193000000.0,4554000000.0,103000000.0,0.0,2572000000.0,1982000000.0,-151000000.0,1831000000.0,10747000000.0,727600000.0,727600000.0,732100000.0
Delta Air Lines Inc,DAL,Q2CCMS6R0AS67HJMBN42,27904,2017.0,Q2YTD,2017-01-01,2017-06-30,,2.4,2.4,0.4,1068000000.0,2.39,,933000000.0,871000000.0,1747000000.0,1747000000.0,1747000000.0,12094000000.0,19088000000.0,-104000000.0,1007000000.0,760000000.0,,,1827000000.0,12094000000.0,7754000000.0,197000000.0,,4773000000.0,2981000000.0,-301000000.0,2680000000.0,19848000000.0,727600000.0,727600000.0,732100000.0
Delta Air Lines Inc,DAL,Q2CCMS6R0AS67HJMBN42,27904,2017.0,Q2TTM,2016-07-01,2017-06-30,,4.73,4.73,0.8,1998000000.0,4.7,,1799000000.0,1797000000.0,3450000000.0,3450000000.0,3450000000.0,24283000000.0,41479000000.0,-380000000.0,965000000.0,-1879000000.0,1115000000.0,,3428000000.0,24283000000.0,15317000000.0,385000000.0,,9288000000.0,6014000000.0,-765000000.0,5249000000.0,39600000000.0,727600000.0,727600000.0,732100000.0
Delta Air Lines Inc,DAL,Q2CCMS6R0AS67HJMBN42,27904,2017.0,Q1,2017-01-01,2017-03-31,2018-04-12 17:00:57+00:00,0.77,0.77,0.2,537000000.0,0.77,,288000000.0,404000000.0,561000000.0,561000000.0,561000000.0,5901000000.0,8341000000.0,-56000000.0,385000000.0,760000000.0,,,875000000.0,5901000000.0,3200000000.0,94000000.0,,2201000000.0,999000000.0,-150000000.0,849000000.0,9101000000.0,728000000.0,728000000.0,728000000.0
Delta Air Lines Inc,DAL,Q2CCMS6R0AS67HJMBN42,27904,2017.0,Q1TTM,2016-04-01,2017-03-31,,5.14,5.14,0.74,1937000000.0,5.11,,1958000000.0,1767000000.0,3810000000.0,3810000000.0,3810000000.0,23693000000.0,39867000000.0,-312000000.0,888000000.0,-567000000.0,1115000000.0,,3445000000.0,23693000000.0,15607000000.0,375000000.0,,9137000000.0,6455000000.0,-687000000.0,5768000000.0,39300000000.0,728000000.0,728000000.0,728000000.0
Delta Air Lines Inc,DAL,Q2CCMS6R0AS67HJMBN42,27904,2018.0,FY,2018-01-01,2018-12-31,2020-02-12 21:32:24+00:00,5.69,5.69,1.31,2329000000.0,5.67,,1216000000.0,1941000000.0,3935000000.0,3935000000.0,3935000000.0,31880000000.0,44438000000.0,160000000.0,1301000000.0,,,,1723000000.0,31880000000.0,12558000000.0,311000000.0,38000000.0,7294000000.0,5264000000.0,-113000000.0,5151000000.0,44438000000.0,691000000.0,691000000.0,691000000.0
Delta Air Lines Inc,DAL,Q2CCMS6R0AS67HJMBN42,27904,2018.0,Q4,2018-10-01,2018-12-31,,1.48,1.48,0.34,570000000.0,1.47,,325000000.0,468000000.0,1020000000.0,1020000000.0,1020000000.0,10421000000.0,10742000000.0,113000000.0,-582000000.0,,,,-1226000000.0,10421000000.0,321000000.0,67000000.0,208000000.0,-770000000.0,1091000000.0,254000000.0,1345000000.0,10742000000.0,691000000.0,691000000.0,691000000.0
Delta Air Lines Inc,DAL,Q2CCMS6R0AS67HJMBN42,27904,2018.0,Q3,2018-07-01,2018-09-30,2019-10-10 16:21:30+00:00,1.93,1.93,0.35,573000000.0,1.92,,366000000.0,535000000.0,1322000000.0,1322000000.0,1322000000.0,7455000000.0,11953000000.0,66000000.0,728000000.0,,,,1017000000.0,7455000000.0,4498000000.0,73000000.0,50000000.0,2853000000.0,1645000000.0,43000000.0,1688000000.0,11953000000.0,685000000.0,685000000.0,688500000.0
Delta Air Lines Inc,DAL,Q2CCMS6R0AS67HJMBN42,27904,2018.0,Q3YTD,2018-01-01,2018-09-30,,4.21,4.21,0.97,1759000000.0,4.2,,891000000.0,1473000000.0,2915000000.0,2915000000.0,2915000000.0,21459000000.0,33696000000.0,47000000.0,1883000000.0,,,,2949000000.0,21459000000.0,12237000000.0,244000000.0,-170000000.0,8064000000.0,4173000000.0,-367000000.0,3806000000.0,33696000000.0,685000000.0,685000000.0,688500000.0
Delta Air Lines Inc,DAL,Q2CCMS6R0AS67HJMBN42,27904,2018.0,Q3TTM,2017-10-01,2018-09-30,,4.64,4.64,1.28,2342000000.0,4.63,,1636000000.0,1930000000.0,3214000000.0,3214000000.0,3214000000.0,31265000000.0,44685000000.0,28000000.0,1296000000.0,-760000000.0,,,1757000000.0,31265000000.0,12660000000.0,343000000.0,-170000000.0,7325000000.0,5335000000.0,-485000000.0,4850000000.0,43925000000.0,685000000.0,685000000.0,688500000.0
Delta Air Lines Inc,DAL,Q2CCMS6R0AS67HJMBN42,27904,2018.0,Q2,2018-04-01,2018-06-30,2019-07-11 16:25:49+00:00,1.49,1.49,0.31,583000000.0,1.49,,350000000.0,511000000.0,1036000000.0,1036000000.0,1036000000.0,7315000000.0,11775000000.0,19000000.0,704000000.0,,,,978000000.0,7315000000.0,4460000000.0,79000000.0,-238000000.0,2776000000.0,1684000000.0,-298000000.0,1386000000.0,11775000000.0,695300000.0,695300000.0,695300000.0
Delta Air Lines Inc,DAL,Q2CCMS6R0AS67HJMBN42,27904,2018.0,Q2YTD,2018-01-01,2018-06-30,,2.28,2.28,0.62,1186000000.0,2.28,,525000000.0,938000000.0,1593000000.0,1593000000.0,1593000000.0,14004000000.0,21743000000.0,-19000000.0,1155000000.0,,,,1932000000.0,14004000000.0,7739000000.0,171000000.0,-220000000.0,5211000000.0,2528000000.0,-410000000.0,2118000000.0,21743000000.0,695300000.0,695300000.0,695300000.0
Delta Air Lines Inc,DAL,Q2CCMS6R0AS67HJMBN42,27904,2018.0,Q2TTM,2017-07-01,2018-06-30,,4.33,4.33,1.24,2340000000.0,4.32,,1887000000.0,1894000000.0,3051000000.0,3051000000.0,3051000000.0,30359000000.0,43793000000.0,15000000.0,1213000000.0,-760000000.0,,,1714000000.0,30359000000.0,12674000000.0,370000000.0,-220000000.0,7161000000.0,5513000000.0,-575000000.0,4938000000.0,43033000000.0,695300000.0,695300000.0,695300000.0
Delta Air Lines Inc,DAL,Q2CCMS6R0AS67HJMBN42,27904,2018.0,Q1,2018-01-01,2018-03-31,2019-04-10 16:20:17+00:00,0.79,0.79,0.31,603000000.0,0.79,,175000000.0,427000000.0,557000000.0,557000000.0,557000000.0,6689000000.0,9968000000.0,-38000000.0,451000000.0,,,,954000000.0,6689000000.0,3279000000.0,92000000.0,18000000.0,2435000000.0,844000000.0,-112000000.0,732000000.0,9968000000.0,705100000.0,705100000.0,705100000.0
Delta Air Lines Inc,DAL,Q2CCMS6R0AS67HJMBN42,27904,2018.0,Q1TTM,2017-04-01,2018-03-31,,4.47,4.47,1.13,2288000000.0,4.45,,2182000000.0,1850000000.0,3201000000.0,3201000000.0,3201000000.0,29237000000.0,42765000000.0,-52000000.0,1131000000.0,-760000000.0,,,1688000000.0,29237000000.0,12768000000.0,394000000.0,18000000.0,6957000000.0,5811000000.0,-428000000.0,5383000000.0,42005000000.0,705100000.0,705100000.0,705100000.0
Delta Air Lines Inc,DAL,Q2CCMS6R0AS67HJMBN42,27904,2019.0,Q4,2019-10-01,2019-12-31,,1.68,1.68,0.41,622000000.0,1.69,,299000000.0,489000000.0,1099000000.0,1099000000.0,1099000000.0,10407000000.0,11439000000.0,-64000000.0,43000000.0,,,,-1521000000.0,10407000000.0,1032000000.0,73000000.0,136000000.0,-367000000.0,1399000000.0,-1000000.0,1398000000.0,11439000000.0,651000000.0,651000000.0,651000000.0
Delta Air Lines Inc,DAL,Q2CCMS6R0AS67HJMBN42,27904,2019.0,FY,2019-01-01,2019-12-31,2020-02-12 21:32:24+00:00,7.32,7.32,1.51,2581000000.0,7.3,,1431000000.0,1993000000.0,4767000000.0,4767000000.0,4767000000.0,32401000000.0,47007000000.0,-238000000.0,1643000000.0,,,,1771000000.0,32401000000.0,14606000000.0,301000000.0,119000000.0,7988000000.0,6618000000.0,-420000000.0,6198000000.0,47007000000.0,651000000.0,651000000.0,651000000.0
Delta Air Lines Inc,DAL,Q2CCMS6R0AS67HJMBN42,27904,2019.0,Q3,2019-07-01,2019-09-30,2019-10-10 16:21:30+00:00,2.32,2.32,0.4,631000000.0,2.31,,452000000.0,539000000.0,1495000000.0,1495000000.0,1495000000.0,7296000000.0,12560000000.0,-19000000.0,862000000.0,,,,1161000000.0,7296000000.0,5264000000.0,70000000.0,-35000000.0,3193000000.0,2071000000.0,-124000000.0,1947000000.0,12560000000.0,644400000.0,644400000.0,647200000.0
Delta Air Lines Inc,DAL,Q2CCMS6R0AS67HJMBN42,27904,2019.0,Q3YTD,2019-01-01,2019-09-30,,5.64,5.64,1.1,1959000000.0,5.61,,1132000000.0,1504000000.0,3668000000.0,3668000000.0,3668000000.0,21994000000.0,35568000000.0,-174000000.0,1600000000.0,,,,3292000000.0,21994000000.0,13574000000.0,228000000.0,-17000000.0,8355000000.0,5219000000.0,-419000000.0,4800000000.0,35568000000.0,644400000.0,644400000.0,647200000.0
Delta Air Lines Inc,DAL,Q2CCMS6R0AS67HJMBN42,27904,2019.0,Q3TTM,2018-10-01,2019-09-30,,7.12,7.12,1.44,2529000000.0,7.08,,1457000000.0,1972000000.0,4688000000.0,4688000000.0,4688000000.0,32415000000.0,46310000000.0,-61000000.0,1018000000.0,,,,2066000000.0,32415000000.0,13895000000.0,295000000.0,191000000.0,7585000000.0,6310000000.0,-165000000.0,6145000000.0,46310000000.0,644400000.0,644400000.0,647200000.0
Delta Air Lines Inc,DAL,Q2CCMS6R0AS67HJMBN42,27904,2019.0,Q2,2019-04-01,2019-06-30,2020-07-14 18:23:01+00:00,2.22,2.22,0.35,713000000.0,2.21,,464000000.0,538000000.0,1443000000.0,1443000000.0,1443000000.0,7569000000.0,12536000000.0,-64000000.0,518000000.0,,,0.0,1070000000.0,7569000000.0,4967000000.0,75000000.0,-82000000.0,2839000000.0,2128000000.0,-221000000.0,1907000000.0,12536000000.0,650000000.0,650000000.0,652900000.0
Delta Air Lines Inc,DAL,Q2CCMS6R0AS67HJMBN42,27904,2019.0,Q2YTD,2019-01-01,2019-06-30,,3.32,3.32,0.7,1328000000.0,3.3,,680000000.0,965000000.0,2173000000.0,2173000000.0,2173000000.0,14698000000.0,23008000000.0,-155000000.0,738000000.0,,,,2131000000.0,14698000000.0,8310000000.0,158000000.0,18000000.0,5162000000.0,3148000000.0,-295000000.0,2853000000.0,23008000000.0,650000000.0,650000000.0,652900000.0
Delta Air Lines Inc,DAL,Q2CCMS6R0AS67HJMBN42,27904,2019.0,Q2TTM,2018-07-01,2019-06-30,,6.73,6.73,1.39,2471000000.0,6.69,,1371000000.0,1968000000.0,4515000000.0,4515000000.0,4515000000.0,32574000000.0,45703000000.0,24000000.0,884000000.0,,,,1922000000.0,32574000000.0,13129000000.0,298000000.0,276000000.0,7245000000.0,5884000000.0,2000000.0,5886000000.0,45703000000.0,650000000.0,650000000.0,652900000.0
Delta Air Lines Inc,DAL,Q2CCMS6R0AS67HJMBN42,27904,2019.0,Q1,2019-01-01,2019-03-31,2020-04-22 08:02:54+00:00,1.1,1.1,0.35,615000000.0,1.09,,216000000.0,427000000.0,730000000.0,730000000.0,730000000.0,7129000000.0,10472000000.0,-91000000.0,220000000.0,,,,1061000000.0,7129000000.0,3343000000.0,83000000.0,100000000.0,2323000000.0,1020000000.0,-74000000.0,946000000.0,10472000000.0,665000000.0,665000000.0,665000000.0
Delta Air Lines Inc,DAL,Q2CCMS6R0AS67HJMBN42,27904,2019.0,Q1TTM,2018-04-01,2019-03-31,,6.0,6.0,1.35,2341000000.0,5.97,,1257000000.0,1941000000.0,4108000000.0,4108000000.0,4108000000.0,32320000000.0,44942000000.0,107000000.0,1070000000.0,,,,1830000000.0,32320000000.0,12622000000.0,302000000.0,120000000.0,7182000000.0,5440000000.0,-75000000.0,5365000000.0,44942000000.0,665000000.0,665000000.0,665000000.0
Delta Air Lines Inc,DAL,Q2CCMS6R0AS67HJMBN42,27904,2020.0,Q2YTD,2020-01-01,2020-06-30,,-9.85,-9.85,0.4,1269000000.0,-9.85,,-1370000000.0,403000000.0,-6251000000.0,-6251000000.0,-6251000000.0,10456000000.0,10060000000.0,-2019000000.0,-1023000000.0,,,2454000000.0,1726000000.0,10456000000.0,-396000000.0,273000000.0,-104000000.0,4829000000.0,-5225000000.0,-2396000000.0,-7621000000.0,10060000000.0,634500000.0,634500000.0,634500000.0
Delta Air Lines Inc,DAL,Q2CCMS6R0AS67HJMBN42,27904,2020.0,Q2TTM,2019-07-01,2020-06-30,,-5.85,-5.85,1.21,2522000000.0,-5.85,,-619000000.0,1431000000.0,-3657000000.0,-3657000000.0,-3657000000.0,28159000000.0,34059000000.0,-2102000000.0,-118000000.0,,,2454000000.0,1366000000.0,28159000000.0,5900000000.0,416000000.0,-3000000.0,7655000000.0,-1755000000.0,-2521000000.0,-4276000000.0,34059000000.0,634500000.0,634500000.0,634500000.0
Delta Air Lines Inc,DAL,Q2CCMS6R0AS67HJMBN42,27904,2020.0,Q2,2020-04-01,2020-06-30,2020-07-14 18:23:01+00:00,-9.01,-9.01,0.0,591000000.0,-9.01,,-1297000000.0,45000000.0,-5717000000.0,-5717000000.0,-5717000000.0,3933000000.0,1468000000.0,-2013000000.0,-1280000000.0,,,2454000000.0,540000000.0,3933000000.0,-2465000000.0,194000000.0,8000000.0,2350000000.0,-4815000000.0,-2199000000.0,-7014000000.0,1468000000.0,634500000.0,634500000.0,634500000.0
Delta Air Lines Inc,DAL,Q2CCMS6R0AS67HJMBN42,27904,2020.0,Q1TTM,2019-04-01,2020-03-31,,5.38,5.38,1.56,2644000000.0,5.37,,1142000000.0,1924000000.0,3503000000.0,3503000000.0,3503000000.0,31795000000.0,45127000000.0,-153000000.0,1680000000.0,,,,1896000000.0,31795000000.0,13332000000.0,297000000.0,-93000000.0,8144000000.0,5188000000.0,-543000000.0,4645000000.0,45127000000.0,637000000.0,637000000.0,637000000.0
Delta Air Lines Inc,DAL,Q2CCMS6R0AS67HJMBN42,27904,2020.0,Q1,2020-01-01,2020-03-31,2020-04-22 08:02:54+00:00,-0.84,-0.84,0.4,678000000.0,-0.84,,-73000000.0,358000000.0,-534000000.0,-534000000.0,-534000000.0,6523000000.0,8592000000.0,-6000000.0,257000000.0,,,,1186000000.0,6523000000.0,2069000000.0,79000000.0,-112000000.0,2479000000.0,-410000000.0,-197000000.0,-607000000.0,8592000000.0,637000000.0,637000000.0,637000000.0
