company_name,company_ticker,company_lei,company_cik,year,quarter,start_date,end_date,filing_date,amortizationexpense,basicdilutedeps,basiceps,cashdividendspershare,depreciationexpense,dilutedeps,explorationexpense,extraordinaryincome,impairmentexpense,incometaxexpense,marketingexpense,netincome,netincomecontinuing,netincomediscontinued,netincometocommon,netincometononcontrollinginterest,operatingcostofrevenue,operatingrevenue,otheradjustmentstoconsolidatednetincome,otheradjustmentstonetincometocommon,othercostofrevenue,othergains,otherincome,otheroperatingexpenses,otherrevenue,otherspecialcharges,preferreddividends,rdexpense,restructuringcharge,sgaexpense,totalcostofrevenue,totalgrossprofit,totalinterestexpense,totalinterestincome,totaloperatingexpenses,totaloperatingincome,totalotherincome,totalpretaxincome,totalrevenue,weightedavebasicdilutedsharesos,weightedavebasicsharesos,weightedavedilutedsharesos
Ensco PLC,ESV,7N0UJMJLXD0MDT5D5086,314808,2007.0,FY,2007-01-01,2007-12-31,2010-02-25 14:41:09+00:00,,6.71,6.71,0.1,177500000.0,6.69,,,,244800000.0,,998900000.0,970100000.0,28800000.0,992000000.0,6900000.0,644100000.0,2058200000.0,,,,,37800000.0,,,,,,,59500000.0,644100000.0,1414100000.0,,,237000000.0,1177100000.0,37800000.0,1214900000.0,2058200000.0,147800000.0,146700000.0,147200000.0
Ensco PLC,ESV,7N0UJMJLXD0MDT5D5086,314808,2008.0,FY,2008-01-01,2008-12-31,2011-02-24 13:33:43+00:00,,8.04,8.04,0.1,172600000.0,8.02,,,,222400000.0,,1156700000.0,1053300000.0,103400000.0,1150800000.0,5900000.0,,2242600000.0,,,,,,736300000.0,,,,,,53800000.0,,2242600000.0,,,962700000.0,1279900000.0,,1275700000.0,2242600000.0,143100000.0,141600000.0,141900000.0
Ensco PLC,ESV,7N0UJMJLXD0MDT5D5086,314808,2008.0,Q3,2008-07-01,2008-09-30,2009-10-22 12:56:50+00:00,0.0,1.98,1.98,0.025,47000000.0,1.97,0.0,0.0,0.0,68800000.0,0.0,283700000.0,296800000.0,-13100000.0,282300000.0,1400000.0,0.0,619500000.0,,,0.0,,-6500000.0,185200000.0,0.0,0.0,0.0,0.0,0.0,15200000.0,0.0,619500000.0,0.0,0.0,247400000.0,372100000.0,-6500000.0,365600000.0,619500000.0,142600000.0,141100000.0,141400000.0
Ensco PLC,ESV,7N0UJMJLXD0MDT5D5086,314808,2008.0,Q2,2008-04-01,2008-06-30,2009-07-23 12:48:37+00:00,0.0,2.06,2.06,0.025,46700000.0,2.05,0.0,0.0,0.0,64600000.0,0.0,297900000.0,288100000.0,9800000.0,296700000.0,1200000.0,0.0,609400000.0,,,0.0,,6800000.0,203000000.0,0.0,0.0,0.0,0.0,0.0,13800000.0,0.0,609400000.0,0.0,0.0,263500000.0,345900000.0,6800000.0,352700000.0,609400000.0,144000000.0,142700000.0,143200000.0
Ensco PLC,ESV,7N0UJMJLXD0MDT5D5086,314808,2009.0,Q4,2009-10-01,2009-12-31,,,1.46,1.46,0.03,41800000.0,1.46,,,,47900000.0,,209800000.0,152300000.0,57900000.0,208700000.0,1500000.0,709000000.0,452000000.0,,,,,400000.0,-518800000.0,,,,,,22400000.0,709000000.0,-257000000.0,,2200000.0,-454600000.0,197600000.0,2600000.0,200200000.0,452000000.0,142200000.0,140400000.0,140500000.0
Ensco PLC,ESV,7N0UJMJLXD0MDT5D5086,314808,2009.0,FY,2009-01-01,2009-12-31,2012-02-24 12:33:19+00:00,,5.48,5.48,0.1,189500000.0,5.48,,,,180000000.0,,784500000.0,755200000.0,29300000.0,779400000.0,5100000.0,709000000.0,1888900000.0,,,,,6600000.0,,,,,,,64000000.0,709000000.0,1179900000.0,,2200000.0,253500000.0,926400000.0,8800000.0,935200000.0,1888900000.0,142200000.0,140400000.0,140500000.0
Ensco PLC,ESV,7N0UJMJLXD0MDT5D5086,314808,2009.0,Q3,2009-07-01,2009-09-30,2009-10-22 12:56:50+00:00,0.0,1.05,1.05,0.025,53300000.0,1.05,0.0,0.0,0.0,28400000.0,0.0,151200000.0,150400000.0,400000.0,149700000.0,1100000.0,0.0,425400000.0,,,0.0,,3600000.0,183300000.0,0.0,0.0,0.0,0.0,0.0,13600000.0,0.0,425400000.0,0.0,0.0,250200000.0,175200000.0,3600000.0,178800000.0,425400000.0,142600000.0,140700000.0,140700000.0
Ensco PLC,ESV,7N0UJMJLXD0MDT5D5086,314808,2009.0,Q3YTD,2009-01-01,2009-09-30,,,4.02,4.02,0.08,147700000.0,4.02,,,,132100000.0,,574700000.0,602900000.0,-28600000.0,570700000.0,3600000.0,,1436900000.0,,,,,6200000.0,518800000.0,,,,,,41600000.0,,1436900000.0,,,708100000.0,728800000.0,6200000.0,735000000.0,1436900000.0,142600000.0,140700000.0,140700000.0
Ensco PLC,ESV,7N0UJMJLXD0MDT5D5086,314808,2009.0,Q2,2009-04-01,2009-06-30,2009-07-23 12:48:37+00:00,0.0,1.41,1.41,0.025,49300000.0,1.41,0.0,0.0,0.0,49100000.0,0.0,201400000.0,226300000.0,-24900000.0,200300000.0,1100000.0,0.0,511600000.0,,,0.0,,6900000.0,177800000.0,0.0,0.0,0.0,0.0,0.0,16000000.0,0.0,511600000.0,0.0,0.0,243100000.0,268500000.0,6900000.0,275400000.0,511600000.0,142100000.0,140300000.0,140400000.0
Ensco PLC,ESV,7N0UJMJLXD0MDT5D5086,314808,2009.0,Q2YTD,2009-01-01,2009-06-30,,,2.97,2.97,0.05,94400000.0,2.97,,,,103700000.0,,423500000.0,452500000.0,-29000000.0,421000000.0,2500000.0,,1011500000.0,,,,,2600000.0,335500000.0,,,,,,28000000.0,,1011500000.0,,,457900000.0,553600000.0,2600000.0,556200000.0,1011500000.0,142100000.0,140300000.0,140400000.0
Ensco PLC,ESV,7N0UJMJLXD0MDT5D5086,314808,2009.0,Q1,2009-01-01,2009-03-31,2010-04-22 14:51:30+00:00,,1.56,1.56,0.025,45100000.0,1.56,,,,54600000.0,,222100000.0,226200000.0,-4100000.0,220700000.0,1400000.0,,499900000.0,,,,,-4300000.0,157700000.0,,,,,,12000000.0,,499900000.0,,,214800000.0,285100000.0,-4300000.0,280800000.0,499900000.0,141500000.0,140100000.0,140100000.0
Ensco PLC,ESV,7N0UJMJLXD0MDT5D5086,314808,2010.0,Q4,2010-10-01,2010-12-31,,,0.93,0.93,0.35,51200000.0,0.93,,,,13100000.0,,134300000.0,139000000.0,1300000.0,132900000.0,1400000.0,547700000.0,385900000.0,-6000000.0,,,,-900000.0,-388400000.0,,,,,,22900000.0,547700000.0,-161800000.0,,500000.0,-314300000.0,152500000.0,-400000.0,152100000.0,385900000.0,142700000.0,141000000.0,141000000.0
Ensco PLC,ESV,7N0UJMJLXD0MDT5D5086,314808,2010.0,FY,2010-01-01,2010-12-31,2013-02-21 18:32:46+00:00,,4.06,4.06,1.075,210400000.0,4.06,,,,97200000.0,,585900000.0,556900000.0,29000000.0,579500000.0,6400000.0,741800000.0,1674200000.0,,,,,17500000.0,,,,,,,86100000.0,741800000.0,932400000.0,0.0,700000.0,296500000.0,635900000.0,18200000.0,654100000.0,1674200000.0,142700000.0,141000000.0,141000000.0
Ensco PLC,ESV,7N0UJMJLXD0MDT5D5086,314808,2010.0,Q3YTD,2010-01-01,2010-09-30,,,3.13,3.13,0.73,159200000.0,3.13,,,,84100000.0,,451600000.0,417900000.0,27700000.0,446600000.0,5000000.0,194100000.0,1288300000.0,6000000.0,,,,18400000.0,388400000.0,,,,,,63200000.0,194100000.0,1094200000.0,,200000.0,610800000.0,483400000.0,18600000.0,502000000.0,1288300000.0,143400000.0,141100000.0,141200000.0
Ensco PLC,ESV,7N0UJMJLXD0MDT5D5086,314808,2010.0,Q3TTM,2009-10-01,2010-09-30,,,4.59,4.59,0.75,201000000.0,4.59,,,,132000000.0,,661400000.0,570200000.0,85600000.0,655300000.0,6500000.0,903100000.0,1740300000.0,6000000.0,,,,18800000.0,-130400000.0,,,,,,85600000.0,903100000.0,837200000.0,,2400000.0,156200000.0,681000000.0,21200000.0,702200000.0,1740300000.0,143400000.0,141100000.0,141200000.0
Ensco PLC,ESV,7N0UJMJLXD0MDT5D5086,314808,2010.0,Q3,2010-07-01,2010-09-30,2011-11-03 13:26:47+00:00,,0.91,0.91,0.35,55600000.0,0.91,,,,26700000.0,,132100000.0,134000000.0,-1900000.0,130500000.0,1600000.0,194100000.0,428300000.0,,,,,2500000.0,,,,,,,20600000.0,194100000.0,234200000.0,,200000.0,76200000.0,158000000.0,2700000.0,160700000.0,428300000.0,143400000.0,141100000.0,141200000.0
Ensco PLC,ESV,7N0UJMJLXD0MDT5D5086,314808,2010.0,Q2YTD,2010-01-01,2010-06-30,,,2.22,2.22,0.38,103600000.0,2.22,,,,57400000.0,,319500000.0,283900000.0,29600000.0,316100000.0,3400000.0,,860000000.0,6000000.0,,,,15900000.0,388400000.0,,,,,,42600000.0,,860000000.0,,,534600000.0,325400000.0,15900000.0,341300000.0,860000000.0,141900000.0,140900000.0,140900000.0
Ensco PLC,ESV,7N0UJMJLXD0MDT5D5086,314808,2010.0,Q2TTM,2009-07-01,2010-06-30,,,4.73,4.73,0.42,198700000.0,4.73,,,,133700000.0,,680500000.0,586600000.0,87900000.0,674500000.0,6000000.0,709000000.0,1737400000.0,6000000.0,,,,19900000.0,52900000.0,,,,,,78600000.0,709000000.0,1028400000.0,,2200000.0,330200000.0,698200000.0,22100000.0,720300000.0,1737400000.0,141900000.0,140900000.0,140900000.0
Ensco PLC,ESV,7N0UJMJLXD0MDT5D5086,314808,2010.0,Q2,2010-04-01,2010-06-30,2011-08-09 13:05:29+00:00,,0.89,0.89,0.35,51900000.0,0.89,,,,22400000.0,,127900000.0,121900000.0,,126300000.0,1600000.0,,411400000.0,6000000.0,,,,12800000.0,206000000.0,,,,,,22000000.0,,411400000.0,,,279900000.0,131500000.0,12800000.0,144300000.0,411400000.0,141900000.0,140900000.0,140900000.0
Ensco PLC,ESV,7N0UJMJLXD0MDT5D5086,314808,2010.0,Q1TTM,2009-04-01,2010-03-31,,,5.25,5.25,0.1,196100000.0,5.25,,,,160400000.0,,754000000.0,691000000.0,63000000.0,748500000.0,5500000.0,709000000.0,1837600000.0,,,,,14000000.0,24700000.0,,,,,,72600000.0,709000000.0,1128600000.0,,2200000.0,293400000.0,835200000.0,16200000.0,851400000.0,1837600000.0,142700000.0,140700000.0,140800000.0
Ensco PLC,ESV,7N0UJMJLXD0MDT5D5086,314808,2010.0,Q1,2010-01-01,2010-03-31,2011-04-29 10:02:22+00:00,,1.33,1.33,0.025,51700000.0,1.33,,,,35000000.0,,191600000.0,162000000.0,29600000.0,189800000.0,1800000.0,,448600000.0,,,,,3100000.0,182400000.0,,,,,,20600000.0,,448600000.0,,,254700000.0,193900000.0,3100000.0,197000000.0,448600000.0,142700000.0,140700000.0,140800000.0
Ensco PLC,ESV,7N0UJMJLXD0MDT5D5086,314808,2011.0,Q4,2011-10-01,2011-12-31,,,1.16,1.16,0.35,130100000.0,1.16,,,,31200000.0,,230400000.0,232600000.0,-2200000.0,229400000.0,1000000.0,493700000.0,956400000.0,,,,,4700000.0,,,,,,,40300000.0,493700000.0,462700000.0,41400000.0,8200000.0,170400000.0,292300000.0,-28500000.0,263800000.0,956400000.0,194300000.0,192200000.0,192600000.0
Ensco PLC,ESV,7N0UJMJLXD0MDT5D5086,314808,2011.0,FY,2011-01-01,2011-12-31,2014-02-26 17:27:54+00:00,,3.09,3.09,1.4,408900000.0,3.08,,,,115400000.0,,605600000.0,607800000.0,-2200000.0,600400000.0,5200000.0,1449100000.0,2797700000.0,,,,,20800000.0,,,,,,,158600000.0,1449100000.0,1348600000.0,95900000.0,17200000.0,567500000.0,781100000.0,-57900000.0,723200000.0,2797700000.0,194300000.0,192200000.0,192600000.0
Ensco PLC,ESV,7N0UJMJLXD0MDT5D5086,314808,2011.0,Q3,2011-07-01,2011-09-30,2012-11-01 15:01:56+00:00,,0.89,0.89,0.35,135800000.0,0.88,,,,41900000.0,,206100000.0,206100000.0,,204500000.0,1600000.0,477500000.0,915600000.0,,,,,10800000.0,,,,,,,40800000.0,477500000.0,438100000.0,30800000.0,6500000.0,176600000.0,261500000.0,-13500000.0,248000000.0,915600000.0,229800000.0,228100000.0,228600000.0
Ensco PLC,ESV,7N0UJMJLXD0MDT5D5086,314808,2011.0,Q3YTD,2011-01-01,2011-09-30,,,1.93,1.93,1.05,278800000.0,1.92,,,,84200000.0,,375200000.0,375200000.0,,371000000.0,4200000.0,955400000.0,1841300000.0,,,,,16100000.0,,,,,,,118300000.0,955400000.0,885900000.0,54500000.0,9000000.0,397100000.0,488800000.0,-29400000.0,459400000.0,1841300000.0,229800000.0,228100000.0,228600000.0
Ensco PLC,ESV,7N0UJMJLXD0MDT5D5086,314808,2011.0,Q3TTM,2010-10-01,2011-09-30,,,2.86,2.86,1.4,330000000.0,2.85,,,,97300000.0,,509500000.0,514200000.0,1300000.0,503900000.0,5600000.0,1503100000.0,2227200000.0,-6000000.0,,,,15200000.0,-388400000.0,,,,,,141200000.0,1503100000.0,724100000.0,54500000.0,9500000.0,82800000.0,641300000.0,-29800000.0,611500000.0,2227200000.0,229800000.0,228100000.0,228600000.0
Ensco PLC,ESV,7N0UJMJLXD0MDT5D5086,314808,2011.0,Q2YTD,2011-01-01,2011-06-30,,,1.04,1.04,0.7,143000000.0,1.04,,,,42300000.0,,169100000.0,169100000.0,,166500000.0,2600000.0,477900000.0,925700000.0,,,,,5300000.0,,,,,,,77500000.0,477900000.0,447800000.0,23700000.0,2500000.0,220500000.0,227300000.0,-15900000.0,211400000.0,925700000.0,172700000.0,169800000.0,170200000.0
Ensco PLC,ESV,7N0UJMJLXD0MDT5D5086,314808,2011.0,Q2TTM,2010-07-01,2011-06-30,,,2.88,2.88,1.4,249800000.0,2.88,,,,82100000.0,,435500000.0,442100000.0,-600000.0,429900000.0,5600000.0,1219700000.0,1739900000.0,-6000000.0,,,,6900000.0,-388400000.0,,,,,,121000000.0,1219700000.0,520200000.0,23700000.0,3200000.0,-17600000.0,537800000.0,-13600000.0,524200000.0,1739900000.0,172700000.0,169800000.0,170200000.0
Ensco PLC,ESV,7N0UJMJLXD0MDT5D5086,314808,2011.0,Q2,2011-04-01,2011-06-30,2012-07-26 16:56:00+00:00,,0.59,0.59,0.35,83500000.0,0.59,,,,25300000.0,,103600000.0,103600000.0,,101900000.0,1700000.0,286300000.0,564200000.0,,,,,-800000.0,,,,,,,47400000.0,286300000.0,277900000.0,19600000.0,2300000.0,130900000.0,147000000.0,-18100000.0,128900000.0,564200000.0,172700000.0,169800000.0,170200000.0
Ensco PLC,ESV,7N0UJMJLXD0MDT5D5086,314808,2011.0,Q1,2011-01-01,2011-03-31,2012-05-03 17:26:41+00:00,,0.45,0.45,0.35,59500000.0,0.45,,,,17000000.0,,65500000.0,65500000.0,,64600000.0,900000.0,191600000.0,361500000.0,,,,,6100000.0,,,,,,,30100000.0,191600000.0,169900000.0,4100000.0,200000.0,89600000.0,80300000.0,2200000.0,82500000.0,361500000.0,143600000.0,141200000.0,141400000.0
Ensco PLC,ESV,7N0UJMJLXD0MDT5D5086,314808,2011.0,Q1TTM,2010-04-01,2011-03-31,,,3.18,3.18,1.4,218200000.0,3.18,,,,79200000.0,,459800000.0,460400000.0,-600000.0,454300000.0,5500000.0,933400000.0,1587100000.0,,,,,20500000.0,-182400000.0,,,,,,95600000.0,933400000.0,653700000.0,4100000.0,900000.0,131400000.0,522300000.0,17300000.0,539600000.0,1587100000.0,143600000.0,141200000.0,141400000.0
Ensco PLC,ESV,7N0UJMJLXD0MDT5D5086,314808,2012.0,Q4,2012-10-01,2012-12-31,,,0.95,0.95,0.38,29100000.0,0.94,,,,101300000.0,,221200000.0,97200000.0,124000000.0,219500000.0,1700000.0,139300000.0,423600000.0,,,,,900000.0,,,,,,,35000000.0,139300000.0,284300000.0,28200000.0,5600000.0,64100000.0,220200000.0,-21700000.0,198500000.0,423600000.0,231600000.0,229400000.0,229700000.0
Ensco PLC,ESV,7N0UJMJLXD0MDT5D5086,314808,2012.0,FY,2012-01-01,2012-12-31,2015-03-02 13:05:02+00:00,,5.05,5.05,1.5,443800000.0,5.04,,,0.0,228600000.0,,1176700000.0,1076100000.0,100600000.0,1169700000.0,7000000.0,1642800000.0,3638800000.0,,,,,2200000.0,,,,,,,148900000.0,1642800000.0,1996000000.0,123600000.0,22800000.0,592700000.0,1403300000.0,-98600000.0,1304700000.0,3638800000.0,231600000.0,229400000.0,229700000.0
Ensco PLC,ESV,7N0UJMJLXD0MDT5D5086,314808,2012.0,Q3YTD,2012-01-01,2012-09-30,,,4.1,4.1,1.13,414700000.0,4.1,,,,127300000.0,,955500000.0,978900000.0,-23400000.0,950200000.0,5300000.0,1503500000.0,3215200000.0,,,,,1300000.0,,,,,,,113900000.0,1503500000.0,1711700000.0,95400000.0,17200000.0,528600000.0,1183100000.0,-76900000.0,1106200000.0,3215200000.0,232100000.0,229600000.0,229900000.0
Ensco PLC,ESV,7N0UJMJLXD0MDT5D5086,314808,2012.0,Q3TTM,2011-10-01,2012-09-30,,,5.26,5.26,1.47,544800000.0,5.26,,,,158500000.0,,1185900000.0,1211500000.0,-25600000.0,1179600000.0,6300000.0,1997200000.0,4171600000.0,,,,,6000000.0,,,,,,,154200000.0,1997200000.0,2174400000.0,136800000.0,25400000.0,699000000.0,1475400000.0,-105400000.0,1370000000.0,4171600000.0,232100000.0,229600000.0,229900000.0
Ensco PLC,ESV,7N0UJMJLXD0MDT5D5086,314808,2012.0,Q3,2012-07-01,2012-09-30,2013-10-24 15:59:10+00:00,,1.48,1.48,0.375,142400000.0,1.48,,,,46900000.0,,345400000.0,361200000.0,-15800000.0,343500000.0,1900000.0,507300000.0,1123500000.0,,,,,-200000.0,,,,,,,40200000.0,507300000.0,616200000.0,30800000.0,5500000.0,182600000.0,433600000.0,-25500000.0,408100000.0,1123500000.0,232100000.0,229600000.0,229900000.0
Ensco PLC,ESV,7N0UJMJLXD0MDT5D5086,314808,2012.0,Q2YTD,2012-01-01,2012-06-30,,,2.62,2.62,0.75,272300000.0,2.62,,,,80400000.0,,610100000.0,617700000.0,-7600000.0,606700000.0,3400000.0,996200000.0,2091700000.0,,,,,1500000.0,,,,,,,73700000.0,996200000.0,1095500000.0,64600000.0,11700000.0,346000000.0,749500000.0,-51400000.0,698100000.0,2091700000.0,232200000.0,229200000.0,229400000.0
Ensco PLC,ESV,7N0UJMJLXD0MDT5D5086,314808,2012.0,Q2TTM,2011-07-01,2012-06-30,,,4.67,4.67,1.45,538200000.0,4.66,,,,153500000.0,,1046600000.0,1056400000.0,-9800000.0,1040600000.0,6000000.0,1967400000.0,3963700000.0,,,,,17000000.0,,,,,,,154800000.0,1967400000.0,1996300000.0,136800000.0,26400000.0,693000000.0,1303300000.0,-93400000.0,1209900000.0,3963700000.0,232200000.0,229200000.0,229400000.0
Ensco PLC,ESV,7N0UJMJLXD0MDT5D5086,314808,2012.0,Q2,2012-04-01,2012-06-30,2013-07-30 15:38:55+00:00,,1.47,1.47,0.375,136300000.0,1.47,,,,43400000.0,,342700000.0,337200000.0,5500000.0,341300000.0,1400000.0,494000000.0,1071100000.0,,,,,-500000.0,,,,,,,35500000.0,494000000.0,577100000.0,30000000.0,5800000.0,171800000.0,405300000.0,-24700000.0,380600000.0,1071100000.0,232200000.0,229200000.0,229400000.0
Ensco PLC,ESV,7N0UJMJLXD0MDT5D5086,314808,2012.0,Q1TTM,2011-04-01,2012-03-31,,,3.79,3.79,1.42,485400000.0,3.78,,,,135400000.0,,807500000.0,822800000.0,-15300000.0,801200000.0,6300000.0,1759700000.0,3456800000.0,,,,,16700000.0,,,,,,,166700000.0,1759700000.0,1697100000.0,126400000.0,22900000.0,652100000.0,1045000000.0,-86800000.0,958200000.0,3456800000.0,230800000.0,228800000.0,229200000.0
Ensco PLC,ESV,7N0UJMJLXD0MDT5D5086,314808,2012.0,Q1,2012-01-01,2012-03-31,2013-04-30 16:41:06+00:00,,1.15,1.15,0.375,136000000.0,1.15,,,,37000000.0,,267400000.0,280500000.0,-13100000.0,265400000.0,2000000.0,502200000.0,1020600000.0,,,,,2000000.0,,,,,,,38200000.0,502200000.0,518400000.0,34600000.0,5900000.0,174200000.0,344200000.0,-26700000.0,317500000.0,1020600000.0,230800000.0,228800000.0,229200000.0
Ensco PLC,ESV,7N0UJMJLXD0MDT5D5086,314808,2013.0,Q4,2013-10-01,2013-12-31,,,1.55,1.55,0.75,82600000.0,1.54,,,,37500000.0,,364000000.0,372000000.0,-8000000.0,361400000.0,2600000.0,324800000.0,881000000.0,,,,,2000000.0,,,,,,,35200000.0,324800000.0,556200000.0,35200000.0,4300000.0,117800000.0,438400000.0,-28900000.0,409500000.0,881000000.0,233300000.0,230900000.0,231100000.0
Ensco PLC,ESV,7N0UJMJLXD0MDT5D5086,314808,2013.0,FY,2013-01-01,2013-12-31,2015-03-02 13:05:02+00:00,,6.08,6.08,2.25,496200000.0,6.07,,,0.0,203100000.0,,1427900000.0,1430100000.0,-2200000.0,1418200000.0,9700000.0,1947100000.0,4323400000.0,,,,,42100000.0,,,,,,,146800000.0,1947100000.0,2376300000.0,158800000.0,16600000.0,643000000.0,1733300000.0,-100100000.0,1633200000.0,4323400000.0,233300000.0,230900000.0,231100000.0
Ensco PLC,ESV,7N0UJMJLXD0MDT5D5086,314808,2013.0,Q3YTD,2013-01-01,2013-09-30,,,4.53,4.53,1.5,413600000.0,4.53,,,,165600000.0,,1063900000.0,1058100000.0,5800000.0,1056800000.0,7100000.0,1622300000.0,3442400000.0,,,,,40100000.0,,,,,,,111600000.0,1622300000.0,1820100000.0,123600000.0,12300000.0,525200000.0,1294900000.0,-71200000.0,1223700000.0,3442400000.0,233800000.0,231100000.0,231300000.0
Ensco PLC,ESV,7N0UJMJLXD0MDT5D5086,314808,2013.0,Q3TTM,2012-10-01,2013-09-30,,,5.48,5.48,1.88,442700000.0,5.47,,,,266900000.0,,1285100000.0,1155300000.0,129800000.0,1276300000.0,8800000.0,1761600000.0,3866000000.0,,,,,41000000.0,,,,,,,146600000.0,1761600000.0,2104400000.0,151800000.0,17900000.0,589300000.0,1515100000.0,-92900000.0,1422200000.0,3866000000.0,233800000.0,231100000.0,231300000.0
Ensco PLC,ESV,7N0UJMJLXD0MDT5D5086,314808,2013.0,Q3,2013-07-01,2013-09-30,2014-10-30 16:53:21+00:00,,1.62,1.62,0.5,132600000.0,1.62,,,,65400000.0,,381400000.0,390900000.0,-9500000.0,378800000.0,2600000.0,534300000.0,1162200000.0,,,,,34300000.0,,,,,,,37400000.0,534300000.0,627900000.0,40200000.0,4300000.0,170000000.0,457900000.0,-1600000.0,456300000.0,1162200000.0,233800000.0,231100000.0,231300000.0
Ensco PLC,ESV,7N0UJMJLXD0MDT5D5086,314808,2013.0,Q2YTD,2013-01-01,2013-06-30,,,2.91,2.91,1.0,281000000.0,2.91,,,,100200000.0,,682500000.0,667200000.0,15300000.0,678000000.0,4500000.0,1088000000.0,2280200000.0,,,,,5800000.0,,,,,,,74200000.0,1088000000.0,1192200000.0,83400000.0,8000000.0,355200000.0,837000000.0,-69600000.0,767400000.0,2280200000.0,232800000.0,230800000.0,231000000.0
Ensco PLC,ESV,7N0UJMJLXD0MDT5D5086,314808,2013.0,Q2TTM,2012-07-01,2013-06-30,,,5.34,5.34,1.75,452500000.0,5.33,,,,248400000.0,,1249100000.0,1125600000.0,123500000.0,1241000000.0,8100000.0,1734600000.0,3827300000.0,,,,,6500000.0,,,,,,,149400000.0,1734600000.0,2092700000.0,142400000.0,19100000.0,601900000.0,1490800000.0,-116800000.0,1374000000.0,3827300000.0,232800000.0,230800000.0,231000000.0
Ensco PLC,ESV,7N0UJMJLXD0MDT5D5086,314808,2013.0,Q2,2013-04-01,2013-06-30,2014-08-01 17:30:41+00:00,,1.55,1.55,0.5,132000000.0,1.55,,,0.0,48500000.0,,362600000.0,346400000.0,16200000.0,360900000.0,1700000.0,527200000.0,1130300000.0,,,,,-300000.0,,,,,,,36400000.0,527200000.0,603100000.0,44200000.0,4700000.0,168400000.0,434700000.0,-39800000.0,394900000.0,1130300000.0,232800000.0,230800000.0,231000000.0
Ensco PLC,ESV,7N0UJMJLXD0MDT5D5086,314808,2013.0,Q1TTM,2012-04-01,2013-03-31,,,5.26,5.26,1.63,456800000.0,5.25,,,,243300000.0,,1229200000.0,1116400000.0,112800000.0,1221400000.0,7800000.0,1701400000.0,3768100000.0,,,,,6300000.0,,,,,,,148500000.0,1701400000.0,2066700000.0,128200000.0,20200000.0,605300000.0,1461400000.0,-101700000.0,1359700000.0,3768100000.0,233200000.0,230300000.0,230600000.0
Ensco PLC,ESV,7N0UJMJLXD0MDT5D5086,314808,2013.0,Q1,2013-01-01,2013-03-31,2014-04-29 15:08:24+00:00,,1.36,1.36,0.5,149000000.0,1.36,,,,51700000.0,,319900000.0,320800000.0,-900000.0,317100000.0,2800000.0,560800000.0,1149900000.0,,,,,6100000.0,,,,,,,37800000.0,560800000.0,589100000.0,39200000.0,3300000.0,186800000.0,402300000.0,-29800000.0,372500000.0,1149900000.0,233200000.0,230300000.0,230600000.0
Ensco PLC,ESV,7N0UJMJLXD0MDT5D5086,314808,2014.0,FY,2014-01-01,2014-12-31,2017-02-28 10:47:18+00:00,,-16.88,-16.88,3.0,537900000.0,-16.88,,,4218700000.0,140500000.0,,-3888500000.0,-2689300000.0,-1199200000.0,-3902600000.0,14100000.0,2076900000.0,4564500000.0,,,,,500000.0,,,,,,,131900000.0,2076900000.0,2487600000.0,161400000.0,13000000.0,4888500000.0,-2400900000.0,-147900000.0,-2548800000.0,4564500000.0,231600000.0,231200000.0,231200000.0
Ensco PLC,ESV,7N0UJMJLXD0MDT5D5086,314808,2014.0,Q4,2014-10-01,2014-12-31,,,-14.89,-14.89,0.75,139400000.0,-14.89,,,3515200000.0,-26200000.0,,-3448500000.0,-3060500000.0,-388000000.0,-3451800000.0,3300000.0,514000000.0,1159800000.0,,,,,,,,,,,,28300000.0,514000000.0,645800000.0,52400000.0,2800000.0,3682900000.0,-3037100000.0,-49600000.0,-3086700000.0,1159800000.0,231600000.0,231200000.0,231200000.0
Ensco PLC,ESV,7N0UJMJLXD0MDT5D5086,314808,2014.0,Q3,2014-07-01,2014-09-30,2015-10-29 10:33:41+00:00,,1.83,1.83,0.75,135200000.0,1.83,,,0.0,74600000.0,,432900000.0,423700000.0,9200000.0,429400000.0,3500000.0,500200000.0,1201400000.0,,,,,-3500000.0,,,,,,,29300000.0,500200000.0,701200000.0,38000000.0,3100000.0,164500000.0,536700000.0,-38400000.0,498300000.0,1201400000.0,234600000.0,231800000.0,232000000.0
Ensco PLC,ESV,7N0UJMJLXD0MDT5D5086,314808,2014.0,Q3YTD,2014-01-01,2014-09-30,,,-1.99,-1.99,2.25,398500000.0,-1.99,,,703500000.0,166700000.0,,-440000000.0,371200000.0,-811200000.0,-450800000.0,10800000.0,1562900000.0,3404700000.0,,,,,500000.0,,,,,,,103600000.0,1562900000.0,1841800000.0,109000000.0,10200000.0,1205600000.0,636200000.0,-98300000.0,537900000.0,3404700000.0,234600000.0,231800000.0,232000000.0
Ensco PLC,ESV,7N0UJMJLXD0MDT5D5086,314808,2014.0,Q3TTM,2013-10-01,2014-09-30,,,-0.44,-0.44,3.0,481100000.0,-0.45,,,703500000.0,204200000.0,,-76000000.0,743200000.0,-819200000.0,-89400000.0,13400000.0,1887700000.0,4285700000.0,,,,,2500000.0,,,,,,,138800000.0,1887700000.0,2398000000.0,144200000.0,14500000.0,1323400000.0,1074600000.0,-127200000.0,947400000.0,4285700000.0,234600000.0,231800000.0,232000000.0
Ensco PLC,ESV,7N0UJMJLXD0MDT5D5086,314808,2014.0,Q2,2014-04-01,2014-06-30,2015-07-30 09:32:16+00:00,,-5.07,-5.07,0.75,132200000.0,-5.07,,,703500000.0,42600000.0,,-1169600000.0,-351200000.0,-818400000.0,-1172700000.0,3100000.0,542500000.0,1136600000.0,,,,,2100000.0,,,,,,,36200000.0,542500000.0,594100000.0,36400000.0,3500000.0,871900000.0,-277800000.0,-30800000.0,-308600000.0,1136600000.0,231300000.0,231500000.0,231500000.0
Ensco PLC,ESV,7N0UJMJLXD0MDT5D5086,314808,2014.0,Q2YTD,2014-01-01,2014-06-30,,,-3.82,-3.82,1.5,263300000.0,-3.82,,,703500000.0,92100000.0,,-872900000.0,-52500000.0,-820400000.0,-880200000.0,7300000.0,1062700000.0,2203300000.0,,,,,4000000.0,,,,,,,74300000.0,1062700000.0,1140600000.0,71000000.0,7100000.0,1041100000.0,99500000.0,-59900000.0,39600000.0,2203300000.0,231300000.0,231500000.0,231500000.0
Ensco PLC,ESV,7N0UJMJLXD0MDT5D5086,314808,2014.0,Q2TTM,2013-07-01,2014-06-30,,,-0.65,-0.65,2.75,478500000.0,-0.66,,,703500000.0,195000000.0,,-127500000.0,710400000.0,-837900000.0,-140000000.0,12500000.0,1921800000.0,4246500000.0,,,,,40300000.0,,,,,,,146900000.0,1921800000.0,2324700000.0,146400000.0,15700000.0,1328900000.0,995800000.0,-90400000.0,905400000.0,4246500000.0,231300000.0,231500000.0,231500000.0
Ensco PLC,ESV,7N0UJMJLXD0MDT5D5086,314808,2014.0,Q1,2014-01-01,2014-03-31,2015-04-30 12:00:25+00:00,,1.25,1.25,0.75,131100000.0,1.25,,,,49500000.0,,296700000.0,298700000.0,-2000000.0,292500000.0,4200000.0,520200000.0,1066700000.0,,,,,1900000.0,,,,,,,38100000.0,520200000.0,546500000.0,34600000.0,3600000.0,169200000.0,377300000.0,-29100000.0,348200000.0,1066700000.0,234000000.0,231300000.0,231400000.0
Ensco PLC,ESV,7N0UJMJLXD0MDT5D5086,314808,2014.0,Q1TTM,2013-04-01,2014-03-31,,,5.97,5.97,2.5,478300000.0,5.96,,,,200900000.0,,1404700000.0,1408000000.0,-3300000.0,1393600000.0,11100000.0,1906500000.0,4240200000.0,,,,,37900000.0,,,,,,,147100000.0,1906500000.0,2333700000.0,154200000.0,16900000.0,625400000.0,1708300000.0,-99400000.0,1608900000.0,4240200000.0,234000000.0,231300000.0,231400000.0
Ensco PLC,ESV,7N0UJMJLXD0MDT5D5086,314808,2015.0,FY,2015-01-01,2015-12-31,2018-02-27 10:15:15+00:00,,-6.88,-6.88,0.6,572500000.0,-6.88,,,2746400000.0,-13900000.0,,-1585900000.0,-1457300000.0,-128600000.0,-1594800000.0,8900000.0,1869600000.0,4063400000.0,,,,,-21300000.0,,,,,,,118400000.0,1869600000.0,2193800000.0,216300000.0,9900000.0,3437300000.0,-1243500000.0,-227700000.0,-1471200000.0,4063400000.0,232200000.0,231800000.0,231800000.0
Ensco PLC,ESV,7N0UJMJLXD0MDT5D5086,314808,2015.0,Q4,2015-10-01,2015-12-31,,,-10.61,-10.61,0.15,149700000.0,-10.61,,,2744000000.0,-182800000.0,,-2470300000.0,-2375300000.0,-95000000.0,-2471800000.0,1500000.0,415200000.0,828300000.0,,,,,7000000.0,,,,,,,30200000.0,415200000.0,413100000.0,57400000.0,3100000.0,2923900000.0,-2510800000.0,-47300000.0,-2558100000.0,828300000.0,232200000.0,231800000.0,231800000.0
Ensco PLC,ESV,7N0UJMJLXD0MDT5D5086,314808,2015.0,Q3,2015-07-01,2015-09-30,2016-10-27 10:03:30+00:00,,1.24,1.24,0.15,145200000.0,1.24,,,2400000.0,33200000.0,,293800000.0,317100000.0,-23300000.0,292000000.0,1800000.0,433500000.0,1012200000.0,,,,,1900000.0,,,,,,,28400000.0,433500000.0,578700000.0,55300000.0,1000000.0,176000000.0,402700000.0,-52400000.0,350300000.0,1012200000.0,235500000.0,232400000.0,232500000.0
Ensco PLC,ESV,7N0UJMJLXD0MDT5D5086,314808,2015.0,Q3YTD,2015-01-01,2015-09-30,,,3.73,3.73,0.45,422800000.0,3.73,,,2400000.0,168900000.0,,884400000.0,918000000.0,-33600000.0,877000000.0,7400000.0,1454400000.0,3235100000.0,,,,,-28300000.0,,,,,,,88200000.0,1454400000.0,1780700000.0,158900000.0,6800000.0,513400000.0,1267300000.0,-180400000.0,1086900000.0,3235100000.0,235500000.0,232400000.0,232500000.0
Ensco PLC,ESV,7N0UJMJLXD0MDT5D5086,314808,2015.0,Q3TTM,2014-10-01,2015-09-30,,,-11.16,-11.16,1.2,562200000.0,-11.16,,,3517600000.0,142700000.0,,-2564100000.0,-2142500000.0,-421600000.0,-2574800000.0,10700000.0,1968400000.0,4394900000.0,,,,,-28300000.0,,,,,,,116500000.0,1968400000.0,2426500000.0,211300000.0,9600000.0,4196300000.0,-1769800000.0,-230000000.0,-1999800000.0,4394900000.0,235500000.0,232400000.0,232500000.0
Ensco PLC,ESV,7N0UJMJLXD0MDT5D5086,314808,2015.0,Q2,2015-04-01,2015-06-30,2016-07-28 10:06:14+00:00,,1.11,1.11,0.15,140500000.0,1.11,,,,58000000.0,,262700000.0,272800000.0,-10100000.0,260300000.0,2400000.0,502600000.0,1059000000.0,,,,,-7600000.0,,,,,,,29700000.0,502600000.0,556400000.0,51200000.0,3400000.0,170200000.0,386200000.0,-55400000.0,330800000.0,1059000000.0,234500000.0,232100000.0,232200000.0
Ensco PLC,ESV,7N0UJMJLXD0MDT5D5086,314808,2015.0,Q2YTD,2015-01-01,2015-06-30,,,2.49,2.49,0.3,277600000.0,2.49,,,,135700000.0,,590600000.0,600900000.0,-10300000.0,585000000.0,5600000.0,1020900000.0,2222900000.0,,,,,-30200000.0,,,,,,,59800000.0,1020900000.0,1202000000.0,103600000.0,5800000.0,337400000.0,864600000.0,-128000000.0,736600000.0,2222900000.0,234500000.0,232100000.0,232200000.0
Ensco PLC,ESV,7N0UJMJLXD0MDT5D5086,314808,2015.0,Q2TTM,2014-07-01,2015-06-30,,,-10.57,-10.57,1.8,552200000.0,-10.57,,,3515200000.0,184100000.0,,-2425000000.0,-2035900000.0,-389100000.0,-2437400000.0,12400000.0,2035100000.0,4584100000.0,,,,,-33700000.0,,,,,,,117400000.0,2035100000.0,2549000000.0,194000000.0,11700000.0,4184800000.0,-1635800000.0,-216000000.0,-1851800000.0,4584100000.0,234500000.0,232100000.0,232200000.0
Ensco PLC,ESV,7N0UJMJLXD0MDT5D5086,314808,2015.0,Q1,2015-01-01,2015-03-31,2016-04-28 10:06:17+00:00,,1.38,1.38,0.15,137100000.0,1.38,,,,77700000.0,,327900000.0,328100000.0,-200000.0,324700000.0,3200000.0,518300000.0,1163900000.0,,,,,-22600000.0,,,,,,,30100000.0,518300000.0,645600000.0,52400000.0,2400000.0,167200000.0,478400000.0,-72600000.0,405800000.0,1163900000.0,235300000.0,231900000.0,231900000.0
Ensco PLC,ESV,7N0UJMJLXD0MDT5D5086,314808,2015.0,Q1TTM,2014-04-01,2015-03-31,,,-16.75,-16.75,2.4,543900000.0,-16.75,,,4218700000.0,168700000.0,,-3857300000.0,-2659900000.0,-1197400000.0,-3870400000.0,13100000.0,2075000000.0,4661700000.0,,,,,-24000000.0,,,,,,,123900000.0,2075000000.0,2586700000.0,179200000.0,11800000.0,4886500000.0,-2299800000.0,-191400000.0,-2491200000.0,4661700000.0,235300000.0,231900000.0,231900000.0
Ensco PLC,ESV,7N0UJMJLXD0MDT5D5086,314808,2016.0,FY,2016-01-01,2016-12-31,2019-02-28 09:17:01+00:00,,3.13,3.13,0.04,445300000.0,3.13,,,0.0,108500000.0,,897100000.0,889000000.0,8100000.0,890200000.0,6900000.0,1301000000.0,2776400000.0,,,,,283200000.0,,,,,,,100800000.0,1301000000.0,1475400000.0,228800000.0,13800000.0,546100000.0,929300000.0,68200000.0,997500000.0,2776400000.0,279100000.0,284400000.0,284400000.0
Ensco PLC,ESV,7N0UJMJLXD0MDT5D5086,314808,2016.0,Q4,2016-10-01,2016-12-31,,,0.07,0.07,0.01,110200000.0,0.07,,,,3900000.0,,40500000.0,30600000.0,9900000.0,39000000.0,1500000.0,289000000.0,504600000.0,,,,,4900000.0,,,,,,,24700000.0,289000000.0,215600000.0,56300000.0,5200000.0,134900000.0,80700000.0,-46200000.0,34500000.0,504600000.0,279100000.0,284400000.0,284400000.0
Ensco PLC,ESV,7N0UJMJLXD0MDT5D5086,314808,2016.0,Q3,2016-07-01,2016-09-30,2017-10-26 10:04:11+00:00,,0.28,0.28,0.01,109400000.0,0.28,,,,-3500000.0,,87300000.0,88000000.0,-700000.0,85300000.0,2000000.0,298100000.0,548200000.0,,,,,18700000.0,,,,,,,25300000.0,298100000.0,250100000.0,53400000.0,3800000.0,134700000.0,115400000.0,-30900000.0,84500000.0,548200000.0,298600000.0,304600000.0,304600000.0
Ensco PLC,ESV,7N0UJMJLXD0MDT5D5086,314808,2016.0,Q3YTD,2016-01-01,2016-09-30,,,3.06,3.06,0.03,335100000.0,3.06,,,,104600000.0,,856600000.0,858400000.0,-1800000.0,851200000.0,5400000.0,1012000000.0,2271800000.0,,,,,278300000.0,,,,,,,76100000.0,1012000000.0,1259800000.0,172500000.0,8600000.0,411200000.0,848600000.0,114400000.0,963000000.0,2271800000.0,298600000.0,304600000.0,304600000.0
Ensco PLC,ESV,7N0UJMJLXD0MDT5D5086,314808,2016.0,Q3TTM,2015-10-01,2016-09-30,,,-7.55,-7.55,0.18,484800000.0,-7.55,,,2744000000.0,-78200000.0,,-1613700000.0,-1516900000.0,-96800000.0,-1620600000.0,6900000.0,1427200000.0,3100100000.0,,,,,285300000.0,,,,,,,106300000.0,1427200000.0,1672900000.0,229900000.0,11700000.0,3335100000.0,-1662200000.0,67100000.0,-1595100000.0,3100100000.0,298600000.0,304600000.0,304600000.0
Ensco PLC,ESV,7N0UJMJLXD0MDT5D5086,314808,2016.0,Q2,2016-04-01,2016-06-30,2017-07-27 10:03:51+00:00,,2.04,2.04,0.01,112400000.0,2.04,,,,36700000.0,,592600000.0,592800000.0,-200000.0,590600000.0,2000000.0,350200000.0,909600000.0,,,,,261400000.0,,,,,,,27400000.0,350200000.0,559400000.0,54000000.0,2500000.0,139800000.0,419600000.0,209900000.0,629500000.0,909600000.0,284600000.0,289500000.0,289500000.0
Ensco PLC,ESV,7N0UJMJLXD0MDT5D5086,314808,2016.0,Q2YTD,2016-01-01,2016-06-30,,,2.78,2.78,0.02,225700000.0,2.78,,,,108100000.0,,769300000.0,770400000.0,-1100000.0,765900000.0,3400000.0,713900000.0,1723600000.0,,,,,259600000.0,,,,,,,50800000.0,713900000.0,1009700000.0,119100000.0,4800000.0,276500000.0,733200000.0,145300000.0,878500000.0,1723600000.0,284600000.0,289500000.0,289500000.0
Ensco PLC,ESV,7N0UJMJLXD0MDT5D5086,314808,2016.0,Q2TTM,2015-07-01,2016-06-30,,,-6.59,-6.59,0.32,520600000.0,-6.59,,,2746400000.0,-41500000.0,,-1407200000.0,-1287800000.0,-119400000.0,-1413900000.0,6700000.0,1562600000.0,3564100000.0,,,,,268500000.0,,,,,,,109400000.0,1562600000.0,2001500000.0,231800000.0,8900000.0,3376400000.0,-1374900000.0,45600000.0,-1329300000.0,3564100000.0,284600000.0,289500000.0,289500000.0
Ensco PLC,ESV,7N0UJMJLXD0MDT5D5086,314808,2016.0,Q1,2016-01-01,2016-03-31,2017-04-27 10:02:21+00:00,,0.74,0.74,0.01,113300000.0,0.74,,,,71400000.0,,176700000.0,177600000.0,-900000.0,175300000.0,1400000.0,363700000.0,814000000.0,,,,,-1800000.0,,,,,,,23400000.0,363700000.0,450300000.0,65100000.0,2300000.0,136700000.0,313600000.0,-64600000.0,249000000.0,814000000.0,232500000.0,236900000.0,236900000.0
Ensco PLC,ESV,7N0UJMJLXD0MDT5D5086,314808,2016.0,Q1TTM,2015-04-01,2016-03-31,,,-7.52,-7.52,0.46,548700000.0,-7.52,,,2746400000.0,-20200000.0,,-1737100000.0,-1607800000.0,-129300000.0,-1744200000.0,7100000.0,1715000000.0,3713500000.0,,,,,-500000.0,,,,,,,111700000.0,1715000000.0,1998500000.0,229000000.0,9800000.0,3406800000.0,-1408300000.0,-219700000.0,-1628000000.0,3713500000.0,232500000.0,236900000.0,236900000.0
Ensco PLC,ESV,7N0UJMJLXD0MDT5D5086,314808,2017.0,FY,2017-01-01,2017-12-31,2020-02-21 09:10:10+00:00,,-3.66,-3.66,,444800000.0,-3.66,,,182900000.0,109200000.0,,-304200000.0,-305200000.0,1000000.0,-303700000.0,-500000.0,1189500000.0,1843000000.0,,,,,134400000.0,,,,,,,157800000.0,1189500000.0,653500000.0,224200000.0,25800000.0,785500000.0,-132000000.0,-64000000.0,-196000000.0,1843000000.0,83100000.0,83000000.0,83000000.0
Ensco PLC,ESV,7N0UJMJLXD0MDT5D5086,314808,2017.0,Q4,2017-10-01,2017-12-31,,,-3.34,-3.34,-0.03,119500000.0,-3.34,,,182900000.0,42400000.0,,-207100000.0,-208500000.0,1400000.0,-207100000.0,,334300000.0,454200000.0,,,,,141000000.0,,,,,,,70900000.0,334300000.0,119900000.0,57200000.0,3500000.0,373300000.0,-253400000.0,87300000.0,-166100000.0,454200000.0,83100000.0,83000000.0,83000000.0
Ensco PLC,ESV,7N0UJMJLXD0MDT5D5086,314808,2017.0,Q3,2017-07-01,2017-09-30,2018-10-30 09:03:20+00:00,,-0.08,-0.08,0.01,108200000.0,-0.08,,,,23400000.0,,-28200000.0,-28000000.0,-200000.0,-25400000.0,-2800000.0,285800000.0,460200000.0,,,,,200000.0,,,,,,,30400000.0,285800000.0,174400000.0,48100000.0,7500000.0,138600000.0,35800000.0,-40400000.0,-4600000.0,460200000.0,301200000.0,317500000.0,317500000.0
Ensco PLC,ESV,7N0UJMJLXD0MDT5D5086,314808,2017.0,Q3YTD,2017-01-01,2017-09-30,,,-0.32,-0.32,0.03,325300000.0,-0.32,,,,66800000.0,,-97100000.0,-96700000.0,-400000.0,-96600000.0,-500000.0,855200000.0,1388800000.0,,,,,-6600000.0,,,,,,,86900000.0,855200000.0,533600000.0,167000000.0,22300000.0,412200000.0,121400000.0,-151300000.0,-29900000.0,1388800000.0,301200000.0,317500000.0,317500000.0
Ensco PLC,ESV,7N0UJMJLXD0MDT5D5086,314808,2017.0,Q3TTM,2016-10-01,2017-09-30,,,-0.25,-0.25,0.04,435500000.0,-0.25,,,,70700000.0,,-56600000.0,-66100000.0,9500000.0,-57600000.0,1000000.0,1144200000.0,1893400000.0,,,,,-1700000.0,,,,,,,111600000.0,1144200000.0,749200000.0,223300000.0,27500000.0,547100000.0,202100000.0,-197500000.0,4600000.0,1893400000.0,301200000.0,317500000.0,317500000.0
Ensco PLC,ESV,7N0UJMJLXD0MDT5D5086,314808,2017.0,Q2,2017-04-01,2017-06-30,2018-07-26 09:04:21+00:00,,-0.15,-0.15,0.01,107900000.0,-0.15,,,,19300000.0,,-44300000.0,-44700000.0,400000.0,-45500000.0,1200000.0,291300000.0,457500000.0,,,,,-500000.0,,,,,,,30500000.0,291300000.0,166200000.0,60300000.0,7600000.0,138400000.0,27800000.0,-53200000.0,-25400000.0,457500000.0,300900000.0,303300000.0,303300000.0
Ensco PLC,ESV,7N0UJMJLXD0MDT5D5086,314808,2017.0,Q2YTD,2017-01-01,2017-06-30,,,-0.24,-0.24,0.02,217100000.0,-0.24,,,,43400000.0,,-68900000.0,-68700000.0,-200000.0,-71200000.0,2300000.0,569400000.0,928600000.0,,,,,-6800000.0,,,,,,,56500000.0,569400000.0,359200000.0,118900000.0,14800000.0,273600000.0,85600000.0,-110900000.0,-25300000.0,928600000.0,300900000.0,303300000.0,303300000.0
Ensco PLC,ESV,7N0UJMJLXD0MDT5D5086,314808,2017.0,Q2TTM,2016-07-01,2017-06-30,,,0.11,0.11,0.04,436700000.0,0.11,,,,43800000.0,,58900000.0,49900000.0,9000000.0,53100000.0,5800000.0,1156500000.0,1981400000.0,,,,,16800000.0,,,,,,,106500000.0,1156500000.0,824900000.0,228600000.0,23800000.0,543200000.0,281700000.0,-188000000.0,93700000.0,1981400000.0,300900000.0,303300000.0,303300000.0
Ensco PLC,ESV,7N0UJMJLXD0MDT5D5086,314808,2017.0,Q1,2017-01-01,2017-03-31,2018-04-26 10:08:14+00:00,,-0.09,-0.09,0.01,109200000.0,-0.09,,,,24100000.0,,-24600000.0,-24000000.0,-600000.0,-25700000.0,1100000.0,278100000.0,471100000.0,,,,,-6300000.0,,,,,,,26000000.0,278100000.0,193000000.0,58600000.0,7200000.0,135200000.0,57800000.0,-57700000.0,100000.0,471100000.0,300600000.0,285600000.0,285600000.0
Ensco PLC,ESV,7N0UJMJLXD0MDT5D5086,314808,2017.0,Q1TTM,2016-04-01,2017-03-31,,,2.3,2.3,0.04,441200000.0,2.3,,,,61200000.0,,695800000.0,687400000.0,8400000.0,689200000.0,6600000.0,1215400000.0,2433500000.0,,,,,278700000.0,,,,,,,103400000.0,1215400000.0,1218100000.0,222300000.0,18700000.0,544600000.0,673500000.0,75100000.0,748600000.0,2433500000.0,300600000.0,285600000.0,285600000.0
Ensco PLC,ESV,7N0UJMJLXD0MDT5D5086,314808,2018.0,FY,2018-01-01,2018-12-31,2020-02-21 09:10:10+00:00,,-5.9,-5.9,0.01,478900000.0,-5.9,,,40300000.0,89600000.0,,-636600000.0,-628500000.0,-8100000.0,-639700000.0,3100000.0,1319400000.0,1705400000.0,,,,,-34800000.0,,,,,,,102700000.0,1319400000.0,386000000.0,282700000.0,14500000.0,621900000.0,-235900000.0,-303000000.0,-538900000.0,1705400000.0,108500000.0,108400000.0,108400000.0
Ensco PLC,ESV,7N0UJMJLXD0MDT5D5086,314808,2018.0,Q4,2018-10-01,2018-12-31,,,-1.88,-1.88,-0.03,122400000.0,-1.88,,,40300000.0,23200000.0,,-346000000.0,-346000000.0,,-203600000.0,500000.0,649900000.0,399000000.0,,-142900000.0,,-142900000.0,-4600000.0,-327100000.0,,,,,,23600000.0,649900000.0,-250900000.0,69200000.0,4000000.0,-140800000.0,-110100000.0,-69800000.0,-179900000.0,399000000.0,108500000.0,108400000.0,108400000.0
Ensco PLC,ESV,7N0UJMJLXD0MDT5D5086,314808,2018.0,Q3YTD,2018-01-01,2018-09-30,,,-4.02,-4.02,0.04,356500000.0,-4.02,,,,66400000.0,,-290600000.0,-282500000.0,-8100000.0,-436100000.0,2600000.0,669500000.0,1306400000.0,,142900000.0,,142900000.0,-30200000.0,327100000.0,,,,,,79100000.0,669500000.0,636900000.0,213500000.0,10500000.0,762700000.0,-125800000.0,-233200000.0,-359000000.0,1306400000.0,108600000.0,108200000.0,108200000.0
Ensco PLC,ESV,7N0UJMJLXD0MDT5D5086,314808,2018.0,Q3TTM,2017-10-01,2018-09-30,,,-7.36,-7.36,0.01,476000000.0,-7.36,,,182900000.0,108800000.0,,-497700000.0,-491000000.0,-6700000.0,-643200000.0,2600000.0,1003800000.0,1760600000.0,,142900000.0,,142900000.0,110800000.0,327100000.0,,,,,,150000000.0,1003800000.0,756800000.0,270700000.0,14000000.0,1136000000.0,-379200000.0,-145900000.0,-525100000.0,1760600000.0,108600000.0,108200000.0,108200000.0
Ensco PLC,ESV,7N0UJMJLXD0MDT5D5086,314808,2018.0,Q2,2018-04-01,2018-06-30,2019-08-01 09:20:02+00:00,,-1.39,-1.39,,120700000.0,-1.39,,,0.0,24700000.0,,-150100000.0,-142100000.0,-8000000.0,-151000000.0,900000.0,344300000.0,458500000.0,,,,,-13000000.0,,,,,,,26100000.0,344300000.0,114200000.0,75700000.0,3900000.0,146800000.0,-32600000.0,-84800000.0,-117400000.0,458500000.0,108500000.0,108600000.0,108600000.0
Ensco PLC,ESV,7N0UJMJLXD0MDT5D5086,314808,2018.0,Q2YTD,2018-01-01,2018-06-30,,,-2.68,-2.68,0.04,235900000.0,-2.68,,,,43100000.0,,-290600000.0,-282500000.0,-8100000.0,-291100000.0,500000.0,669500000.0,875500000.0,,,,,-21100000.0,,,,,,,54000000.0,669500000.0,206000000.0,141300000.0,6900000.0,289900000.0,-83900000.0,-155500000.0,-239400000.0,875500000.0,108500000.0,108600000.0,108600000.0
Ensco PLC,ESV,7N0UJMJLXD0MDT5D5086,314808,2018.0,Q2TTM,2017-07-01,2018-06-30,,,-6.1,-6.1,0.02,463600000.0,-6.1,,,182900000.0,108900000.0,,-525900000.0,-519000000.0,-6900000.0,-523600000.0,-2300000.0,1289600000.0,1789900000.0,,,,,120100000.0,,,,,,,155300000.0,1289600000.0,500300000.0,246600000.0,17900000.0,801800000.0,-301500000.0,-108600000.0,-410100000.0,1789900000.0,108500000.0,108600000.0,108600000.0
Ensco PLC,ESV,7N0UJMJLXD0MDT5D5086,314808,2018.0,Q1,2018-01-01,2018-03-31,2019-05-02 09:27:04+00:00,,-1.29,-1.29,0.04,115200000.0,-1.29,,,,18400000.0,,-140500000.0,-140400000.0,-100000.0,-140100000.0,-400000.0,325200000.0,417000000.0,,,,,-8100000.0,,,,,,,27900000.0,325200000.0,91800000.0,65600000.0,3000000.0,143100000.0,-51300000.0,-70700000.0,-122000000.0,417000000.0,108400000.0,108600000.0,108600000.0
Ensco PLC,ESV,7N0UJMJLXD0MDT5D5086,314808,2018.0,Q1TTM,2017-04-01,2018-03-31,,,-4.86,-4.86,0.03,450800000.0,-4.86,,,182900000.0,103500000.0,,-420100000.0,-421600000.0,1500000.0,-418100000.0,-2000000.0,1236600000.0,1788900000.0,,,,,132600000.0,,,,,,,159700000.0,1236600000.0,552300000.0,231200000.0,21600000.0,793400000.0,-241100000.0,-77000000.0,-318100000.0,1788900000.0,108400000.0,108600000.0,108600000.0
Ensco PLC,ESV,7N0UJMJLXD0MDT5D5086,314808,2019.0,FY,2019-01-01,2019-12-31,2020-02-21 09:10:10+00:00,,-1.14,-1.14,0.01,609700000.0,-1.14,,,104000000.0,128400000.0,,-192200000.0,-192200000.0,0.0,-198000000.0,5800000.0,1806000000.0,2053200000.0,,,,,1004400000.0,12600000.0,,,,,,188900000.0,1806000000.0,247200000.0,428300000.0,28100000.0,915200000.0,-668000000.0,604200000.0,-63800000.0,2053200000.0,173400000.0,173700000.0,173700000.0
Ensco PLC,ESV,7N0UJMJLXD0MDT5D5086,314808,2019.0,Q2YTD,2019-01-01,2019-06-30,,,-1.75,-1.75,0.08,282900000.0,-1.75,,,2500000.0,64100000.0,,219300000.0,219300000.0,,215100000.0,4200000.0,332600000.0,989800000.0,,,,,705400000.0,500300000.0,,,,,,110800000.0,332600000.0,657200000.0,199300000.0,16000000.0,896500000.0,-238700000.0,522100000.0,283400000.0,989800000.0,188600000.0,194000000.0,194000000.0
Ensco PLC,ESV,7N0UJMJLXD0MDT5D5086,314808,2019.0,Q1,2019-01-01,2019-03-31,2019-05-02 09:27:04+00:00,,-1.75,-1.75,0.08,125000000.0,-1.75,,,,31500000.0,,-188000000.0,-188000000.0,0.0,-190400000.0,2400000.0,332600000.0,405900000.0,,,,,2300000.0,,,,,,,29600000.0,332600000.0,73300000.0,81000000.0,3500000.0,154600000.0,-81300000.0,-75200000.0,-156500000.0,405900000.0,108700000.0,108800000.0,108800000.0
Ensco PLC,ESV,7N0UJMJLXD0MDT5D5086,314808,2019.0,Q1TTM,2018-04-01,2019-03-31,,,-6.36,-6.36,0.05,488700000.0,-6.36,,,40300000.0,102700000.0,,-684100000.0,-676100000.0,-8000000.0,-690000000.0,5900000.0,1326800000.0,1694300000.0,,,,,-24400000.0,,,,,,,104400000.0,1326800000.0,367500000.0,298100000.0,15000000.0,633400000.0,-265900000.0,-307500000.0,-573400000.0,1694300000.0,108700000.0,108800000.0,108800000.0
Ensco PLC,ESV,7N0UJMJLXD0MDT5D5086,314808,2020.0,Q2,2020-01-01,2020-06-30,2020-07-30 07:06:42+00:00,,,,,131500000.0,,,,838000000.0,-15800000.0,,-1108800000.0,-1108800000.0,,-1107400000.0,-1400000.0,,388800000.0,,,,,5100000.0,375900000.0,,,,,,62600000.0,,388800000.0,116200000.0,5700000.0,1408000000.0,-1019200000.0,-105400000.0,-1124600000.0,388800000.0,198600000.0,198600000.0,198600000.0
