company_name,company_ticker,company_lei,company_cik,year,quarter,start_date,end_date,filing_date,basicdilutedeps,basiceps,cashdividendspershare,depreciationexpense,dilutedeps,incometaxexpense,netincome,netincomecontinuing,netincometocommon,netincometononcontrollinginterest,operatingcostofrevenue,operatingrevenue,otheradjustmentstoconsolidatednetincome,otheradjustmentstonetincometocommon,otherincome,otheroperatingexpenses,otherrevenue,otherspecialcharges,preferreddividends,totalcostofrevenue,totalgrossprofit,totalinterestexpense,totalinterestincome,totaloperatingexpenses,totaloperatingincome,totalotherincome,totalpretaxincome,totalrevenue,weightedavebasicdilutedsharesos,weightedavebasicsharesos,weightedavedilutedsharesos
Southern Co,SO,549300FC3G3YU2FBZD92,92122,2007.0,FY,2007-01-01,2007-12-31,2010-02-25 16:38:34+00:00,2.29,2.29,1.595,1245000000.0,2.28,835000000.0,1782000000.0,1782000000.0,1734000000.0,48000000.0,10041000000.0,15140000000.0,,,10000000.0,741000000.0,213000000.0,0.0,,10041000000.0,5312000000.0,886000000.0,167000000.0,1986000000.0,3326000000.0,-709000000.0,2617000000.0,15353000000.0,757200000.0,756000000.0,761000000.0
Southern Co,SO,549300FC3G3YU2FBZD92,92122,2008.0,FY,2008-01-01,2008-12-31,2011-02-25 15:19:39+00:00,2.26,2.26,1.6625,1443000000.0,2.25,915000000.0,1807000000.0,1807000000.0,1742000000.0,65000000.0,11381000000.0,17000000000.0,,,-18000000.0,797000000.0,127000000.0,,,11381000000.0,5746000000.0,866000000.0,100000000.0,2240000000.0,3506000000.0,-784000000.0,2722000000.0,17127000000.0,770800000.0,771000000.0,775000000.0
Southern Co,SO,549300FC3G3YU2FBZD92,92122,2008.0,Q3,2008-07-01,2008-09-30,2009-11-06 11:10:39+00:00,1.01,1.01,0.42,367014000.0,1.0,434515000.0,796631000.0,796631000.0,780436000.0,16195000.0,3439491000.0,5395598000.0,,,-10816000.0,215298000.0,30901000.0,0.0,,3439491000.0,1987008000.0,219066000.0,56332000.0,582312000.0,1404696000.0,-173550000.0,1231146000.0,5426499000.0,772700000.0,772622000.0,776903000.0
Southern Co,SO,549300FC3G3YU2FBZD92,92122,2008.0,Q2,2008-04-01,2008-06-30,2009-08-27 11:35:42+00:00,0.54,0.54,0.42,358745000.0,0.54,224952000.0,432577000.0,432577000.0,416382000.0,16195000.0,2734332000.0,4182842000.0,,,-4483000.0,198042000.0,32345000.0,0.0,,2734332000.0,1480855000.0,228948000.0,-33108000.0,556787000.0,924068000.0,-266539000.0,657529000.0,4215187000.0,771100000.0,769122000.0,773140000.0
Southern Co,SO,549300FC3G3YU2FBZD92,92122,2009.0,Q4,2009-10-01,2009-12-31,,0.31,0.31,0.44,403784000.0,0.31,67167000.0,265106000.0,265106000.0,248691000.0,16415000.0,2432261000.0,3627183000.0,,,41993000.0,197149000.0,-117136000.0,,,2432261000.0,1077786000.0,202914000.0,16341000.0,600933000.0,476853000.0,-144580000.0,332273000.0,3510047000.0,793700000.0,795000000.0,796000000.0
Southern Co,SO,549300FC3G3YU2FBZD92,92122,2009.0,FY,2009-01-01,2009-12-31,2012-02-24 16:40:28+00:00,2.07,2.07,1.7325,1503000000.0,2.06,896000000.0,1708000000.0,1708000000.0,1643000000.0,65000000.0,9952000000.0,15642000000.0,,,41000000.0,818000000.0,101000000.0,202000000.0,,9952000000.0,5791000000.0,905000000.0,200000000.0,2523000000.0,3268000000.0,-664000000.0,2604000000.0,15743000000.0,793700000.0,795000000.0,796000000.0
Southern Co,SO,549300FC3G3YU2FBZD92,92122,2009.0,Q3,2009-07-01,2009-09-30,2010-11-05 15:09:36+00:00,0.99,0.99,0.4375,332117000.0,0.99,435947000.0,806170000.0,806170000.0,789975000.0,16195000.0,2721207000.0,4516781000.0,,,-10466000.0,212882000.0,164701000.0,,,2721207000.0,1960275000.0,226345000.0,63652000.0,544999000.0,1415276000.0,-173159000.0,1242117000.0,4681482000.0,798000000.0,798418000.0,800178000.0
Southern Co,SO,549300FC3G3YU2FBZD92,92122,2009.0,Q3YTD,2009-01-01,2009-09-30,,1.76,1.76,1.3,1099216000.0,1.75,828833000.0,1442894000.0,1442894000.0,1394309000.0,48585000.0,7519739000.0,12014817000.0,,,-993000.0,620851000.0,218136000.0,202000000.0,,7519739000.0,4713214000.0,702086000.0,183659000.0,1922067000.0,2791147000.0,-519420000.0,2271727000.0,12232953000.0,798000000.0,798418000.0,800178000.0
Southern Co,SO,549300FC3G3YU2FBZD92,92122,2009.0,Q2YTD,2009-01-01,2009-06-30,,0.77,0.77,0.86,767099000.0,0.76,392886000.0,636724000.0,636724000.0,604334000.0,32390000.0,4798532000.0,7498036000.0,,,9473000.0,407969000.0,53435000.0,202000000.0,,4798532000.0,2752939000.0,475741000.0,120007000.0,1377068000.0,1375871000.0,-346261000.0,1029610000.0,7551471000.0,784600000.0,790748000.0,792068000.0
Southern Co,SO,549300FC3G3YU2FBZD92,92122,2009.0,Q2,2009-04-01,2009-06-30,2010-08-06 13:40:06+00:00,0.61,0.61,0.4375,377341000.0,0.6,225717000.0,494808000.0,494808000.0,478613000.0,16195000.0,2413540000.0,3859165000.0,,,23299000.0,208089000.0,25999000.0,,,2413540000.0,1471624000.0,250014000.0,61046000.0,585430000.0,886194000.0,-165669000.0,720525000.0,3885164000.0,784600000.0,790748000.0,792068000.0
Southern Co,SO,549300FC3G3YU2FBZD92,92122,2009.0,Q1,2009-01-01,2009-03-31,2010-05-07 15:20:14+00:00,0.16,0.16,0.42,389758000.0,0.16,167169000.0,141916000.0,141916000.0,125721000.0,16195000.0,2384992000.0,3638871000.0,,,-13826000.0,199880000.0,27436000.0,202000000.0,,2384992000.0,1281315000.0,225727000.0,58961000.0,791638000.0,489677000.0,-180592000.0,309085000.0,3666307000.0,785800000.0,779858000.0,781645000.0
Southern Co,SO,549300FC3G3YU2FBZD92,92122,2010.0,Q4,2010-10-01,2010-12-31,,0.17,0.17,0.45,376000000.0,0.18,101000000.0,169000000.0,169000000.0,153000000.0,16000000.0,2718000000.0,3752000000.0,,,-49000000.0,207000000.0,19000000.0,,,2718000000.0,1053000000.0,229000000.0,78000000.0,583000000.0,470000000.0,-200000000.0,270000000.0,3771000000.0,833300000.0,832000000.0,837000000.0
Southern Co,SO,549300FC3G3YU2FBZD92,92122,2010.0,FY,2010-01-01,2010-12-31,2013-02-27 18:33:23+00:00,2.37,2.37,1.8025,1513000000.0,2.36,1026000000.0,2040000000.0,2040000000.0,1975000000.0,65000000.0,11272000000.0,17374000000.0,,,-59000000.0,869000000.0,82000000.0,0.0,,11272000000.0,6184000000.0,895000000.0,218000000.0,2382000000.0,3802000000.0,-736000000.0,3066000000.0,17456000000.0,833300000.0,832000000.0,837000000.0
Southern Co,SO,549300FC3G3YU2FBZD92,92122,2010.0,Q3YTD,2010-01-01,2010-09-30,,2.2,2.2,1.35,1137000000.0,2.18,925000000.0,1871000000.0,1871000000.0,1822000000.0,49000000.0,8554000000.0,13622000000.0,,,-10000000.0,662000000.0,63000000.0,,,8554000000.0,5131000000.0,666000000.0,140000000.0,1799000000.0,3332000000.0,-536000000.0,2796000000.0,13685000000.0,833700000.0,836000000.0,842000000.0
Southern Co,SO,549300FC3G3YU2FBZD92,92122,2010.0,Q3TTM,2009-10-01,2010-09-30,,2.51,2.51,1.79,1540784000.0,2.49,992167000.0,2136106000.0,2136106000.0,2070691000.0,65415000.0,10986261000.0,17249183000.0,,,31993000.0,859149000.0,-54136000.0,,,10986261000.0,6208786000.0,868914000.0,156341000.0,2399933000.0,3808853000.0,-680580000.0,3128273000.0,17195047000.0,833700000.0,836000000.0,842000000.0
Southern Co,SO,549300FC3G3YU2FBZD92,92122,2010.0,Q3,2010-07-01,2010-09-30,2011-11-07 13:49:30+00:00,0.98,0.98,0.455,427000000.0,0.97,442000000.0,834000000.0,834000000.0,817000000.0,17000000.0,3198000000.0,5299000000.0,,,-3000000.0,236000000.0,21000000.0,,,3198000000.0,2122000000.0,225000000.0,45000000.0,663000000.0,1459000000.0,-183000000.0,1276000000.0,5320000000.0,833700000.0,836000000.0,842000000.0
Southern Co,SO,549300FC3G3YU2FBZD92,92122,2010.0,Q2YTD,2010-01-01,2010-06-30,,1.22,1.22,0.89,710000000.0,1.21,483000000.0,1037000000.0,1037000000.0,1005000000.0,32000000.0,5356000000.0,8323000000.0,,,-7000000.0,426000000.0,42000000.0,,,5356000000.0,3009000000.0,441000000.0,95000000.0,1136000000.0,1873000000.0,-353000000.0,1520000000.0,8365000000.0,822600000.0,828000000.0,833000000.0
Southern Co,SO,549300FC3G3YU2FBZD92,92122,2010.0,Q2TTM,2009-07-01,2010-06-30,,2.52,2.52,1.77,1445901000.0,2.51,986114000.0,2108276000.0,2108276000.0,2043666000.0,64610000.0,10509468000.0,16466964000.0,,,24527000.0,836031000.0,89565000.0,,,10509468000.0,6047061000.0,870259000.0,174993000.0,2281932000.0,3765129000.0,-670739000.0,3094390000.0,16556529000.0,822600000.0,828000000.0,833000000.0
Southern Co,SO,549300FC3G3YU2FBZD92,92122,2010.0,Q2,2010-04-01,2010-06-30,2011-08-05 12:26:04+00:00,0.62,0.62,0.455,367000000.0,0.61,247000000.0,526000000.0,526000000.0,510000000.0,16000000.0,2676000000.0,4187000000.0,,,-5000000.0,214000000.0,21000000.0,,,2676000000.0,1532000000.0,219000000.0,46000000.0,581000000.0,951000000.0,-178000000.0,773000000.0,4208000000.0,822600000.0,828000000.0,833000000.0
Southern Co,SO,549300FC3G3YU2FBZD92,92122,2010.0,Q1TTM,2009-04-01,2010-03-31,,2.51,2.51,1.75,1456242000.0,2.5,964831000.0,2077084000.0,2077084000.0,2012279000.0,64805000.0,10247008000.0,16139129000.0,,,52826000.0,830120000.0,94564000.0,,,10247008000.0,5986685000.0,901273000.0,190039000.0,2286362000.0,3700323000.0,-658408000.0,3041915000.0,16233693000.0,825000000.0,822526000.0,824787000.0
Southern Co,SO,549300FC3G3YU2FBZD92,92122,2010.0,Q1,2010-01-01,2010-03-31,2011-05-06 16:30:01+00:00,0.6,0.6,0.4375,343000000.0,0.6,236000000.0,511000000.0,511000000.0,495000000.0,16000000.0,2680000000.0,4136000000.0,,,-2000000.0,212000000.0,21000000.0,,,2680000000.0,1477000000.0,222000000.0,49000000.0,555000000.0,922000000.0,-175000000.0,747000000.0,4157000000.0,825000000.0,822526000.0,824787000.0
Southern Co,SO,549300FC3G3YU2FBZD92,92122,2011.0,Q4,2011-10-01,2011-12-31,,0.29,0.29,-1.4,438000000.0,0.3,96000000.0,277000000.0,277000000.0,261000000.0,16000000.0,2454000000.0,3678000000.0,,,-58000000.0,215000000.0,18000000.0,,,2454000000.0,1242000000.0,219000000.0,61000000.0,653000000.0,589000000.0,-216000000.0,373000000.0,3696000000.0,857200000.0,857000000.0,864000000.0
Southern Co,SO,549300FC3G3YU2FBZD92,92122,2011.0,FY,2011-01-01,2011-12-31,2014-02-27 16:36:49+00:00,2.57,2.57,,1717000000.0,2.55,1219000000.0,2268000000.0,2268000000.0,2203000000.0,65000000.0,10808000000.0,17587000000.0,,,-61000000.0,901000000.0,70000000.0,0.0,,10808000000.0,6849000000.0,857000000.0,174000000.0,2618000000.0,4231000000.0,-744000000.0,3487000000.0,17657000000.0,857200000.0,857000000.0,864000000.0
Southern Co,SO,549300FC3G3YU2FBZD92,92122,2011.0,Q3YTD,2011-01-01,2011-09-30,,2.28,2.28,1.4,1279000000.0,2.25,1123000000.0,1991000000.0,1991000000.0,1942000000.0,49000000.0,8354000000.0,13909000000.0,,,-3000000.0,686000000.0,52000000.0,,,8354000000.0,5607000000.0,638000000.0,113000000.0,1965000000.0,3642000000.0,-528000000.0,3114000000.0,13961000000.0,856100000.0,860000000.0,868000000.0
Southern Co,SO,549300FC3G3YU2FBZD92,92122,2011.0,Q3TTM,2010-10-01,2011-09-30,,2.45,2.45,1.86,1655000000.0,2.43,1224000000.0,2160000000.0,2160000000.0,2095000000.0,65000000.0,11072000000.0,17661000000.0,,,-52000000.0,893000000.0,71000000.0,,,11072000000.0,6660000000.0,867000000.0,191000000.0,2548000000.0,4112000000.0,-728000000.0,3384000000.0,17732000000.0,856100000.0,860000000.0,868000000.0
Southern Co,SO,549300FC3G3YU2FBZD92,92122,2011.0,Q3,2011-07-01,2011-09-30,2012-11-07 16:06:13+00:00,1.07,1.07,0.4725,431000000.0,1.06,543000000.0,933000000.0,933000000.0,916000000.0,17000000.0,3106000000.0,5411000000.0,,,-1000000.0,239000000.0,17000000.0,0.0,,3106000000.0,2322000000.0,217000000.0,42000000.0,670000000.0,1652000000.0,-176000000.0,1476000000.0,5428000000.0,856100000.0,860000000.0,868000000.0
Southern Co,SO,549300FC3G3YU2FBZD92,92122,2011.0,Q2YTD,2011-01-01,2011-06-30,,1.21,1.21,0.93,848000000.0,1.19,580000000.0,1058000000.0,1058000000.0,1026000000.0,32000000.0,5248000000.0,8498000000.0,,,-2000000.0,447000000.0,35000000.0,,,5248000000.0,3285000000.0,421000000.0,71000000.0,1295000000.0,1990000000.0,-352000000.0,1638000000.0,8533000000.0,850700000.0,855000000.0,862000000.0
Southern Co,SO,549300FC3G3YU2FBZD92,92122,2011.0,Q2TTM,2010-07-01,2011-06-30,,2.36,2.36,1.84,1651000000.0,2.34,1123000000.0,2061000000.0,2061000000.0,1996000000.0,65000000.0,11164000000.0,17549000000.0,,,-54000000.0,890000000.0,75000000.0,,,11164000000.0,6460000000.0,875000000.0,194000000.0,2541000000.0,3919000000.0,-735000000.0,3184000000.0,17624000000.0,850700000.0,855000000.0,862000000.0
Southern Co,SO,549300FC3G3YU2FBZD92,92122,2011.0,Q2,2011-04-01,2011-06-30,2012-08-06 11:43:03+00:00,0.71,0.71,0.4725,430000000.0,0.7,349000000.0,620000000.0,620000000.0,604000000.0,16000000.0,2728000000.0,4503000000.0,,,-4000000.0,227000000.0,18000000.0,,,2728000000.0,1793000000.0,199000000.0,36000000.0,657000000.0,1136000000.0,-167000000.0,969000000.0,4521000000.0,850700000.0,855000000.0,862000000.0
Southern Co,SO,549300FC3G3YU2FBZD92,92122,2011.0,Q1TTM,2010-04-01,2011-03-31,,2.27,2.27,1.82,1588000000.0,2.25,1021000000.0,1967000000.0,1967000000.0,1902000000.0,65000000.0,11112000000.0,17233000000.0,,,-55000000.0,877000000.0,78000000.0,,,11112000000.0,6199000000.0,895000000.0,204000000.0,2465000000.0,3734000000.0,-746000000.0,2988000000.0,17311000000.0,844000000.0,848000000.0,854000000.0
Southern Co,SO,549300FC3G3YU2FBZD92,92122,2011.0,Q1,2011-01-01,2011-03-31,2012-05-07 11:19:36+00:00,0.5,0.5,0.455,418000000.0,0.49,231000000.0,438000000.0,438000000.0,422000000.0,16000000.0,2520000000.0,3995000000.0,,,2000000.0,220000000.0,17000000.0,,,2520000000.0,1492000000.0,222000000.0,35000000.0,638000000.0,854000000.0,-185000000.0,669000000.0,4012000000.0,844000000.0,848000000.0,854000000.0
Southern Co,SO,549300FC3G3YU2FBZD92,92122,2012.0,Q4,2012-10-01,2012-12-31,,0.46,0.46,0.49,452000000.0,0.43,236000000.0,399000000.0,399000000.0,383000000.0,-49000000.0,2194000000.0,3690000000.0,,,-34000000.0,224000000.0,13000000.0,19000000.0,65000000.0,2194000000.0,1509000000.0,210000000.0,65000000.0,695000000.0,814000000.0,-179000000.0,635000000.0,3703000000.0,870400000.0,871000000.0,879000000.0
Southern Co,SO,549300FC3G3YU2FBZD92,92122,2012.0,FY,2012-01-01,2012-12-31,2015-03-02 10:52:18+00:00,2.7,2.7,1.9425,1787000000.0,2.67,1334000000.0,2415000000.0,2415000000.0,2350000000.0,,9373000000.0,16478000000.0,,,-38000000.0,914000000.0,59000000.0,0.0,65000000.0,9373000000.0,7164000000.0,859000000.0,183000000.0,2701000000.0,4463000000.0,-714000000.0,3749000000.0,16537000000.0,870400000.0,871000000.0,879000000.0
Southern Co,SO,549300FC3G3YU2FBZD92,92122,2012.0,Q3YTD,2012-01-01,2012-09-30,,2.24,2.24,1.45,1335000000.0,2.24,1098000000.0,2016000000.0,2016000000.0,1967000000.0,49000000.0,7179000000.0,12788000000.0,,,-4000000.0,690000000.0,46000000.0,-19000000.0,,7179000000.0,5655000000.0,649000000.0,118000000.0,2006000000.0,3649000000.0,-535000000.0,3114000000.0,12834000000.0,879300000.0,876000000.0,883000000.0
Southern Co,SO,549300FC3G3YU2FBZD92,92122,2012.0,Q3TTM,2011-10-01,2012-09-30,,2.53,2.53,0.05,1773000000.0,2.54,1194000000.0,2293000000.0,2293000000.0,2228000000.0,65000000.0,9633000000.0,16466000000.0,,,-62000000.0,905000000.0,64000000.0,-19000000.0,,9633000000.0,6897000000.0,868000000.0,179000000.0,2659000000.0,4238000000.0,-751000000.0,3487000000.0,16530000000.0,879300000.0,876000000.0,883000000.0
Southern Co,SO,549300FC3G3YU2FBZD92,92122,2012.0,Q3,2012-07-01,2012-09-30,2013-11-06 15:02:03+00:00,1.11,1.11,0.49,449000000.0,1.11,569000000.0,993000000.0,993000000.0,976000000.0,17000000.0,2623000000.0,5033000000.0,,,-4000000.0,237000000.0,16000000.0,0.0,,2623000000.0,2426000000.0,218000000.0,44000000.0,686000000.0,1740000000.0,-178000000.0,1562000000.0,5049000000.0,879300000.0,876000000.0,883000000.0
Southern Co,SO,549300FC3G3YU2FBZD92,92122,2012.0,Q2YTD,2012-01-01,2012-06-30,,1.13,1.13,0.96,886000000.0,1.13,529000000.0,1023000000.0,1023000000.0,991000000.0,32000000.0,4556000000.0,7755000000.0,,,,453000000.0,30000000.0,-19000000.0,,4556000000.0,3229000000.0,431000000.0,74000000.0,1320000000.0,1909000000.0,-357000000.0,1552000000.0,7785000000.0,877500000.0,872000000.0,880000000.0
Southern Co,SO,549300FC3G3YU2FBZD92,92122,2012.0,Q2TTM,2011-07-01,2012-06-30,,2.49,2.49,0.03,1755000000.0,2.49,1168000000.0,2233000000.0,2233000000.0,2168000000.0,65000000.0,10116000000.0,16844000000.0,,,-59000000.0,907000000.0,65000000.0,-19000000.0,,10116000000.0,6793000000.0,867000000.0,177000000.0,2643000000.0,4150000000.0,-749000000.0,3401000000.0,16909000000.0,877500000.0,872000000.0,880000000.0
Southern Co,SO,549300FC3G3YU2FBZD92,92122,2012.0,Q2,2012-04-01,2012-06-30,2013-08-06 12:45:48+00:00,0.71,0.71,0.49,445000000.0,0.71,329000000.0,639000000.0,639000000.0,623000000.0,16000000.0,2384000000.0,4166000000.0,,,8000000.0,228000000.0,15000000.0,-19000000.0,,2384000000.0,1797000000.0,220000000.0,37000000.0,654000000.0,1143000000.0,-175000000.0,968000000.0,4181000000.0,877500000.0,872000000.0,880000000.0
Southern Co,SO,549300FC3G3YU2FBZD92,92122,2012.0,Q1TTM,2011-04-01,2012-03-31,,2.49,2.49,0.02,1740000000.0,2.48,1188000000.0,2214000000.0,2214000000.0,2149000000.0,65000000.0,10460000000.0,17181000000.0,,,-71000000.0,906000000.0,68000000.0,,,10460000000.0,6789000000.0,846000000.0,176000000.0,2646000000.0,4143000000.0,-741000000.0,3402000000.0,17249000000.0,876200000.0,868000000.0,877000000.0
Southern Co,SO,549300FC3G3YU2FBZD92,92122,2012.0,Q1,2012-01-01,2012-03-31,2013-05-10 14:31:48+00:00,0.42,0.42,0.4725,441000000.0,0.42,200000000.0,384000000.0,384000000.0,368000000.0,16000000.0,2172000000.0,3589000000.0,,,-8000000.0,225000000.0,15000000.0,0.0,,2172000000.0,1432000000.0,211000000.0,37000000.0,666000000.0,766000000.0,-182000000.0,584000000.0,3604000000.0,876200000.0,868000000.0,877000000.0
Southern Co,SO,549300FC3G3YU2FBZD92,92122,2013.0,Q4,2013-10-01,2013-12-31,,0.48,0.48,0.51,479000000.0,0.47,192000000.0,431000000.0,431000000.0,414000000.0,-49000000.0,2385000000.0,-5348000000.0,,,-50000000.0,-9039000000.0,12000000.0,40000000.0,66000000.0,2385000000.0,-7721000000.0,196000000.0,70000000.0,-8520000000.0,799000000.0,-176000000.0,623000000.0,-5336000000.0,874500000.0,877000000.0,881000000.0
Southern Co,SO,549300FC3G3YU2FBZD92,92122,2013.0,FY,2013-01-01,2013-12-31,2015-03-02 10:52:18+00:00,1.88,1.88,2.0125,1901000000.0,1.87,849000000.0,1710000000.0,1710000000.0,1644000000.0,,9817000000.0,17035000000.0,,,-81000000.0,934000000.0,52000000.0,1180000000.0,66000000.0,9817000000.0,7270000000.0,824000000.0,209000000.0,4015000000.0,3255000000.0,-696000000.0,2559000000.0,17087000000.0,874500000.0,877000000.0,881000000.0
Southern Co,SO,549300FC3G3YU2FBZD92,92122,2013.0,Q3,2013-07-01,2013-09-30,2014-11-06 13:41:14+00:00,0.97,0.97,0.5075,480000000.0,0.97,468000000.0,869000000.0,869000000.0,852000000.0,17000000.0,2653000000.0,10022000000.0,,,-5000000.0,5260000000.0,12000000.0,150000000.0,,2653000000.0,7381000000.0,202000000.0,53000000.0,5890000000.0,1491000000.0,-154000000.0,1337000000.0,10034000000.0,878400000.0,878000000.0,881000000.0
Southern Co,SO,549300FC3G3YU2FBZD92,92122,2013.0,Q3YTD,2013-01-01,2013-09-30,,1.4,1.4,1.51,1422000000.0,1.4,657000000.0,1279000000.0,1279000000.0,1230000000.0,49000000.0,7432000000.0,22383000000.0,,,-31000000.0,9973000000.0,40000000.0,1140000000.0,,7432000000.0,14991000000.0,628000000.0,139000000.0,12535000000.0,2456000000.0,-520000000.0,1936000000.0,22423000000.0,878400000.0,878000000.0,881000000.0
Southern Co,SO,549300FC3G3YU2FBZD92,92122,2013.0,Q3TTM,2012-10-01,2013-09-30,,1.86,1.86,1.99,1874000000.0,1.83,893000000.0,1678000000.0,1678000000.0,1613000000.0,,9626000000.0,26073000000.0,,,-65000000.0,10197000000.0,53000000.0,1159000000.0,65000000.0,9626000000.0,16500000000.0,838000000.0,204000000.0,13230000000.0,3270000000.0,-699000000.0,2571000000.0,26126000000.0,878400000.0,878000000.0,881000000.0
Southern Co,SO,549300FC3G3YU2FBZD92,92122,2013.0,Q2,2013-04-01,2013-06-30,2014-08-07 15:30:09+00:00,0.34,0.34,0.5075,476000000.0,0.34,158000000.0,313000000.0,313000000.0,297000000.0,16000000.0,2448000000.0,8476000000.0,,,1000000.0,4478000000.0,16000000.0,450000000.0,,2448000000.0,6044000000.0,215000000.0,45000000.0,5404000000.0,640000000.0,-169000000.0,471000000.0,8492000000.0,873500000.0,874000000.0,879000000.0
Southern Co,SO,549300FC3G3YU2FBZD92,92122,2013.0,Q2YTD,2013-01-01,2013-06-30,,0.43,0.43,1.0,942000000.0,0.43,189000000.0,410000000.0,410000000.0,378000000.0,32000000.0,4779000000.0,12361000000.0,,,-26000000.0,4713000000.0,28000000.0,990000000.0,,4779000000.0,7610000000.0,426000000.0,86000000.0,6645000000.0,965000000.0,-366000000.0,599000000.0,12389000000.0,873500000.0,874000000.0,879000000.0
Southern Co,SO,549300FC3G3YU2FBZD92,92122,2013.0,Q2TTM,2012-07-01,2013-06-30,,2.0,2.0,1.98,1843000000.0,1.97,994000000.0,1802000000.0,1802000000.0,1737000000.0,,9596000000.0,21084000000.0,,,-64000000.0,5174000000.0,57000000.0,1009000000.0,65000000.0,9596000000.0,11545000000.0,854000000.0,195000000.0,8026000000.0,3519000000.0,-723000000.0,2796000000.0,21141000000.0,873500000.0,874000000.0,879000000.0
Southern Co,SO,549300FC3G3YU2FBZD92,92122,2013.0,Q1TTM,2012-04-01,2013-03-31,,2.37,2.37,1.96,1812000000.0,2.34,1165000000.0,2128000000.0,2128000000.0,2063000000.0,,9532000000.0,16774000000.0,,,-57000000.0,924000000.0,56000000.0,540000000.0,65000000.0,9532000000.0,7298000000.0,859000000.0,187000000.0,3276000000.0,4022000000.0,-729000000.0,3293000000.0,16830000000.0,900000000.0,870000000.0,875000000.0
Southern Co,SO,549300FC3G3YU2FBZD92,92122,2013.0,Q1,2013-01-01,2013-03-31,2014-05-08 13:50:32+00:00,0.09,0.09,0.49,466000000.0,0.09,31000000.0,97000000.0,97000000.0,81000000.0,16000000.0,2331000000.0,3885000000.0,,,-27000000.0,235000000.0,12000000.0,540000000.0,,2331000000.0,1566000000.0,211000000.0,41000000.0,1241000000.0,325000000.0,-197000000.0,128000000.0,3897000000.0,900000000.0,870000000.0,875000000.0
Southern Co,SO,549300FC3G3YU2FBZD92,92122,2014.0,FY,2014-01-01,2014-12-31,2017-02-21 21:23:49+00:00,2.19,2.19,2.0825,1945000000.0,2.18,977000000.0,2031000000.0,2031000000.0,1963000000.0,0.0,11031000000.0,18406000000.0,,,-44000000.0,981000000.0,61000000.0,868000000.0,68000000.0,11031000000.0,7436000000.0,835000000.0,245000000.0,3794000000.0,3642000000.0,-634000000.0,3008000000.0,18467000000.0,896300000.0,897000000.0,901000000.0
Southern Co,SO,549300FC3G3YU2FBZD92,92122,2014.0,Q4,2014-10-01,2014-12-31,,0.32,0.32,0.53,430000000.0,0.31,88000000.0,300000000.0,300000000.0,-68000000.0,,2726000000.0,-308000000.0,,351000000.0,-24000000.0,-4832000000.0,-319000000.0,488000000.0,17000000.0,2726000000.0,-3353000000.0,212000000.0,63000000.0,-3914000000.0,561000000.0,-173000000.0,388000000.0,-627000000.0,896300000.0,897000000.0,901000000.0
Southern Co,SO,549300FC3G3YU2FBZD92,92122,2014.0,Q3,2014-07-01,2014-09-30,2015-11-05 14:52:12+00:00,0.8,0.8,0.525,514000000.0,0.8,392000000.0,735000000.0,735000000.0,718000000.0,,2871000000.0,5158000000.0,,,-7000000.0,676000000.0,181000000.0,,17000000.0,2871000000.0,2468000000.0,207000000.0,63000000.0,1190000000.0,1278000000.0,-151000000.0,1127000000.0,5339000000.0,897500000.0,898000000.0,902000000.0
Southern Co,SO,549300FC3G3YU2FBZD92,92122,2014.0,Q3YTD,2014-01-01,2014-09-30,,1.87,1.87,1.56,1515000000.0,1.87,889000000.0,1731000000.0,1731000000.0,2031000000.0,,8305000000.0,18714000000.0,,-351000000.0,-20000000.0,5813000000.0,380000000.0,380000000.0,51000000.0,8305000000.0,10789000000.0,623000000.0,182000000.0,7708000000.0,3081000000.0,-461000000.0,2620000000.0,19094000000.0,897500000.0,898000000.0,902000000.0
Southern Co,SO,549300FC3G3YU2FBZD92,92122,2014.0,Q3TTM,2013-10-01,2014-09-30,,2.35,2.35,2.07,1994000000.0,2.34,1081000000.0,2162000000.0,2162000000.0,2445000000.0,-49000000.0,10690000000.0,13366000000.0,,-351000000.0,-70000000.0,-3226000000.0,392000000.0,420000000.0,117000000.0,10690000000.0,3068000000.0,819000000.0,252000000.0,-812000000.0,3880000000.0,-637000000.0,3243000000.0,13758000000.0,897500000.0,898000000.0,902000000.0
Southern Co,SO,549300FC3G3YU2FBZD92,92122,2014.0,Q2YTD,2014-01-01,2014-06-30,,1.07,1.07,1.03,1001000000.0,1.07,497000000.0,996000000.0,996000000.0,1313000000.0,,5434000000.0,13556000000.0,,-351000000.0,-13000000.0,5137000000.0,199000000.0,380000000.0,34000000.0,5434000000.0,8321000000.0,416000000.0,119000000.0,6518000000.0,1803000000.0,-310000000.0,1493000000.0,13755000000.0,898500000.0,895000000.0,899000000.0
Southern Co,SO,549300FC3G3YU2FBZD92,92122,2014.0,Q2TTM,2013-07-01,2014-06-30,,2.52,2.52,2.05,1960000000.0,2.51,1157000000.0,2296000000.0,2296000000.0,2579000000.0,-32000000.0,10472000000.0,18230000000.0,,-351000000.0,-68000000.0,1358000000.0,223000000.0,570000000.0,100000000.0,10472000000.0,7981000000.0,814000000.0,242000000.0,3888000000.0,4093000000.0,-640000000.0,3453000000.0,18453000000.0,898500000.0,895000000.0,899000000.0
Southern Co,SO,549300FC3G3YU2FBZD92,92122,2014.0,Q2,2014-04-01,2014-06-30,2015-08-05 16:48:40+00:00,0.68,0.68,0.525,504000000.0,0.68,321000000.0,628000000.0,628000000.0,611000000.0,,2614000000.0,4285000000.0,,,-6000000.0,246000000.0,182000000.0,,17000000.0,2614000000.0,1853000000.0,210000000.0,62000000.0,750000000.0,1103000000.0,-154000000.0,949000000.0,4467000000.0,898500000.0,895000000.0,899000000.0
Southern Co,SO,549300FC3G3YU2FBZD92,92122,2014.0,Q1,2014-01-01,2014-03-31,2015-05-07 14:42:58+00:00,0.39,0.39,0.5075,497000000.0,0.39,176000000.0,368000000.0,368000000.0,702000000.0,,2820000000.0,9271000000.0,0.0,-351000000.0,-7000000.0,4891000000.0,17000000.0,380000000.0,17000000.0,2820000000.0,6468000000.0,206000000.0,57000000.0,5768000000.0,700000000.0,-156000000.0,544000000.0,9288000000.0,1800000000.0,890000000.0,893000000.0
Southern Co,SO,549300FC3G3YU2FBZD92,92122,2014.0,Q1TTM,2013-04-01,2014-03-31,,2.18,2.18,2.03,1932000000.0,2.17,994000000.0,1981000000.0,1981000000.0,2265000000.0,-16000000.0,10306000000.0,22421000000.0,,-351000000.0,-61000000.0,5590000000.0,57000000.0,1020000000.0,83000000.0,10306000000.0,12172000000.0,819000000.0,225000000.0,8542000000.0,3630000000.0,-655000000.0,2975000000.0,22478000000.0,1800000000.0,890000000.0,893000000.0
Southern Co,SO,549300FC3G3YU2FBZD92,92122,2015.0,FY,2015-01-01,2015-12-31,2018-02-20 21:22:00+00:00,2.6,2.6,2.1525,2034000000.0,2.59,1194000000.0,2435000000.0,2435000000.0,2367000000.0,14000000.0,9811000000.0,17442000000.0,,,-39000000.0,997000000.0,47000000.0,365000000.0,54000000.0,9811000000.0,7678000000.0,840000000.0,226000000.0,3396000000.0,4282000000.0,-653000000.0,3629000000.0,17489000000.0,910400000.0,910000000.0,914000000.0
Southern Co,SO,549300FC3G3YU2FBZD92,92122,2015.0,Q4,2015-10-01,2015-12-31,,0.3,0.3,0.54,519000000.0,0.29,618000000.0,-207000000.0,-224000000.0,-233000000.0,14000000.0,2052000000.0,4050000000.0,17000000.0,,-19000000.0,63000000.0,-482000000.0,356000000.0,12000000.0,2052000000.0,1516000000.0,229000000.0,64000000.0,938000000.0,578000000.0,-184000000.0,394000000.0,3568000000.0,910400000.0,910000000.0,914000000.0
Southern Co,SO,549300FC3G3YU2FBZD92,92122,2015.0,Q3,2015-07-01,2015-09-30,2016-11-04 16:43:30+00:00,1.05,1.05,0.5425,528000000.0,1.05,,1491000000.0,1491000000.0,1480000000.0,,2810000000.0,5221000000.0,,,,414000000.0,180000000.0,,11000000.0,2810000000.0,2591000000.0,218000000.0,60000000.0,942000000.0,1649000000.0,-158000000.0,1491000000.0,5401000000.0,1409500000.0,910000000.0,912000000.0
Southern Co,SO,549300FC3G3YU2FBZD92,92122,2015.0,Q3YTD,2015-01-01,2015-09-30,,2.3,2.3,1.61,1515000000.0,2.3,576000000.0,2642000000.0,2659000000.0,2600000000.0,,7759000000.0,13392000000.0,-17000000.0,,-20000000.0,934000000.0,529000000.0,9000000.0,42000000.0,7759000000.0,6162000000.0,611000000.0,162000000.0,2458000000.0,3704000000.0,-469000000.0,3235000000.0,13921000000.0,1409500000.0,910000000.0,912000000.0
Southern Co,SO,549300FC3G3YU2FBZD92,92122,2015.0,Q3TTM,2014-10-01,2015-09-30,,2.62,2.62,2.14,1945000000.0,2.61,664000000.0,2942000000.0,2959000000.0,2532000000.0,,10485000000.0,13084000000.0,-17000000.0,351000000.0,-44000000.0,-3898000000.0,210000000.0,497000000.0,59000000.0,10485000000.0,2809000000.0,823000000.0,225000000.0,-1456000000.0,4265000000.0,-642000000.0,3623000000.0,13294000000.0,1409500000.0,910000000.0,912000000.0
Southern Co,SO,549300FC3G3YU2FBZD92,92122,2015.0,Q2,2015-04-01,2015-06-30,2016-08-08 12:24:43+00:00,0.69,0.69,0.5425,500000000.0,0.69,302000000.0,643000000.0,643000000.0,629000000.0,,2471000000.0,4162000000.0,,,-12000000.0,268000000.0,175000000.0,,14000000.0,2471000000.0,1866000000.0,180000000.0,39000000.0,768000000.0,1098000000.0,-153000000.0,945000000.0,4337000000.0,911600000.0,909000000.0,912000000.0
Southern Co,SO,549300FC3G3YU2FBZD92,92122,2015.0,Q2YTD,2015-01-01,2015-06-30,,1.25,1.25,1.07,987000000.0,1.25,576000000.0,1151000000.0,1168000000.0,1120000000.0,,4949000000.0,8171000000.0,-17000000.0,,-20000000.0,520000000.0,349000000.0,9000000.0,31000000.0,4949000000.0,3571000000.0,393000000.0,102000000.0,1516000000.0,2055000000.0,-311000000.0,1744000000.0,8520000000.0,911600000.0,909000000.0,912000000.0
Southern Co,SO,549300FC3G3YU2FBZD92,92122,2015.0,Q2TTM,2014-07-01,2015-06-30,,2.37,2.37,2.12,1931000000.0,2.36,1056000000.0,2186000000.0,2203000000.0,1770000000.0,,10546000000.0,13021000000.0,-17000000.0,351000000.0,-51000000.0,-3636000000.0,211000000.0,497000000.0,65000000.0,10546000000.0,2686000000.0,812000000.0,228000000.0,-1208000000.0,3894000000.0,-635000000.0,3259000000.0,13232000000.0,911600000.0,909000000.0,912000000.0
Southern Co,SO,549300FC3G3YU2FBZD92,92122,2015.0,Q1,2015-01-01,2015-03-31,2016-05-05 14:14:47+00:00,0.56,0.56,0.525,487000000.0,0.56,274000000.0,508000000.0,525000000.0,491000000.0,0.0,2478000000.0,4009000000.0,-17000000.0,,-8000000.0,252000000.0,174000000.0,9000000.0,17000000.0,2478000000.0,1705000000.0,213000000.0,63000000.0,748000000.0,957000000.0,-158000000.0,799000000.0,4183000000.0,876800000.0,910000000.0,915000000.0
Southern Co,SO,549300FC3G3YU2FBZD92,92122,2015.0,Q1TTM,2014-04-01,2015-03-31,,2.36,2.36,2.1,1935000000.0,2.35,1075000000.0,2171000000.0,2188000000.0,1752000000.0,,10689000000.0,13144000000.0,-17000000.0,351000000.0,-45000000.0,-3658000000.0,218000000.0,497000000.0,68000000.0,10689000000.0,2673000000.0,842000000.0,251000000.0,-1226000000.0,3899000000.0,-636000000.0,3263000000.0,13362000000.0,876800000.0,910000000.0,915000000.0
Southern Co,SO,549300FC3G3YU2FBZD92,92122,2016.0,FY,2016-01-01,2016-12-31,2018-02-20 21:22:00+00:00,2.57,2.57,2.2225,2502000000.0,2.55,951000000.0,2529000000.0,2529000000.0,2448000000.0,36000000.0,11224000000.0,19454000000.0,,,-93000000.0,1113000000.0,442000000.0,428000000.0,45000000.0,11224000000.0,8672000000.0,1317000000.0,261000000.0,4043000000.0,4629000000.0,-1149000000.0,3480000000.0,19896000000.0,952500000.0,951000000.0,958000000.0
Southern Co,SO,549300FC3G3YU2FBZD92,92122,2016.0,Q2YTD,2016-01-01,2016-06-30,,1.2,1.2,1.1,1110000000.0,1.19,478000000.0,1124000000.0,1148000000.0,1088000000.0,13000000.0,4571000000.0,7967000000.0,-24000000.0,,-57000000.0,592000000.0,484000000.0,53000000.0,23000000.0,4571000000.0,3880000000.0,539000000.0,97000000.0,1755000000.0,2125000000.0,-499000000.0,1626000000.0,8451000000.0,894000000.0,934000000.0,940000000.0
Southern Co,SO,549300FC3G3YU2FBZD92,92122,2016.0,Q2TTM,2015-07-01,2016-06-30,,2.55,2.55,2.19,2157000000.0,2.53,1096000000.0,2408000000.0,2415000000.0,2335000000.0,27000000.0,9433000000.0,17238000000.0,-7000000.0,,-76000000.0,1069000000.0,182000000.0,409000000.0,46000000.0,9433000000.0,7987000000.0,986000000.0,221000000.0,3635000000.0,4352000000.0,-841000000.0,3511000000.0,17420000000.0,894000000.0,934000000.0,940000000.0
Southern Co,SO,549300FC3G3YU2FBZD92,92122,2016.0,Q2,2016-04-01,2016-06-30,2017-08-01 18:43:13+00:00,0.67,0.67,0.56,569000000.0,0.66,261000000.0,623000000.0,647000000.0,599000000.0,12000000.0,2369000000.0,4194000000.0,-24000000.0,,-28000000.0,336000000.0,265000000.0,,12000000.0,2369000000.0,2090000000.0,293000000.0,44000000.0,905000000.0,1185000000.0,-277000000.0,908000000.0,4459000000.0,894000000.0,934000000.0,940000000.0
Southern Co,SO,549300FC3G3YU2FBZD92,92122,2016.0,Q1TTM,2015-04-01,2016-03-31,,2.57,2.57,2.17,2088000000.0,2.56,1137000000.0,2428000000.0,2411000000.0,2365000000.0,15000000.0,9535000000.0,17206000000.0,17000000.0,,-60000000.0,1001000000.0,92000000.0,409000000.0,48000000.0,9535000000.0,7763000000.0,873000000.0,216000000.0,3498000000.0,4265000000.0,-717000000.0,3548000000.0,17298000000.0,922600000.0,916000000.0,922000000.0
Southern Co,SO,549300FC3G3YU2FBZD92,92122,2016.0,Q1,2016-01-01,2016-03-31,2017-05-02 17:48:08+00:00,0.53,0.53,0.5425,541000000.0,0.53,217000000.0,501000000.0,501000000.0,489000000.0,1000000.0,2202000000.0,3773000000.0,,,-29000000.0,256000000.0,219000000.0,53000000.0,11000000.0,2202000000.0,1790000000.0,246000000.0,53000000.0,850000000.0,940000000.0,-222000000.0,718000000.0,3992000000.0,922600000.0,916000000.0,922000000.0
Southern Co,SO,549300FC3G3YU2FBZD92,92122,2017.0,Q2,2017-04-01,2017-06-30,2018-08-07 18:44:06+00:00,-1.38,-1.38,0.58,754000000.0,-1.37,-587000000.0,-1381000000.0,-1348000000.0,-1414000000.0,22000000.0,3005000000.0,5079000000.0,-33000000.0,,52000000.0,308000000.0,351000000.0,3012000000.0,11000000.0,3005000000.0,2425000000.0,,-338000000.0,4074000000.0,-1649000000.0,-286000000.0,-1935000000.0,5430000000.0,1024600000.0,998000000.0,1005000000.0
Southern Co,SO,549300FC3G3YU2FBZD92,92122,2017.0,Q2YTD,2017-01-01,2017-06-30,,-0.72,-0.72,1.14,1470000000.0,-0.71,-272000000.0,-716000000.0,-683000000.0,-756000000.0,18000000.0,6370000000.0,10525000000.0,-33000000.0,,100000000.0,629000000.0,667000000.0,3120000000.0,22000000.0,6370000000.0,4822000000.0,,-658000000.0,5219000000.0,-397000000.0,-558000000.0,-955000000.0,11192000000.0,1024600000.0,998000000.0,1005000000.0
Southern Co,SO,549300FC3G3YU2FBZD92,92122,2017.0,Q2TTM,2016-07-01,2017-06-30,,0.65,0.65,2.26,2862000000.0,0.65,201000000.0,689000000.0,698000000.0,604000000.0,41000000.0,13023000000.0,22012000000.0,-9000000.0,,64000000.0,1150000000.0,625000000.0,3495000000.0,44000000.0,13023000000.0,9614000000.0,778000000.0,-494000000.0,7507000000.0,2107000000.0,-1208000000.0,899000000.0,22637000000.0,1024600000.0,998000000.0,1005000000.0
Southern Co,SO,549300FC3G3YU2FBZD92,92122,2017.0,Q1,2017-01-01,2017-03-31,2018-05-01 17:40:51+00:00,0.66,0.66,0.56,716000000.0,0.66,315000000.0,665000000.0,665000000.0,658000000.0,-4000000.0,3365000000.0,5446000000.0,0.0,,48000000.0,321000000.0,316000000.0,108000000.0,11000000.0,3365000000.0,2397000000.0,,-320000000.0,1145000000.0,1252000000.0,-272000000.0,980000000.0,5762000000.0,997000000.0,993000000.0,1000000000.0
Southern Co,SO,549300FC3G3YU2FBZD92,92122,2017.0,Q1TTM,2016-04-01,2017-03-31,,2.7,2.7,2.24,2677000000.0,2.68,1049000000.0,2693000000.0,2693000000.0,2617000000.0,31000000.0,12387000000.0,21127000000.0,,,-16000000.0,1178000000.0,539000000.0,483000000.0,45000000.0,12387000000.0,9279000000.0,1071000000.0,-112000000.0,4338000000.0,4941000000.0,-1199000000.0,3742000000.0,21666000000.0,997000000.0,993000000.0,1000000000.0
