company_name,company_ticker,company_lei,company_cik,year,quarter,start_date,end_date,filing_date,amortizationexpense,basicdilutedeps,basiceps,cashdividendspershare,depreciationexpense,dilutedeps,impairmentexpense,incometaxexpense,netincome,netincomecontinuing,netincomediscontinued,netincometocommon,netincometononcontrollinginterest,operatingcostofrevenue,operatingrevenue,otherincome,otheroperatingexpenses,otherrevenue,sgaexpense,totalcostofrevenue,totalgrossprofit,totalinterestexpense,totalinterestincome,totaloperatingexpenses,totaloperatingincome,totalotherincome,totalpretaxincome,totalrevenue,weightedavebasicdilutedsharesos,weightedavebasicsharesos,weightedavedilutedsharesos
Tegna Inc,TGNA,549300YC5EDBGX85AO10,39899,2007.0,FY,2007-01-01,2007-12-30,2010-02-24 16:17:01+00:00,36086000.0,4.53,4.53,1.42,246275000.0,4.52,72030000.0,473300000.0,1057147000.0,977112000.0,80035000.0,1055612000.0,1535000.0,4164083000.0,7049159000.0,18648000.0,,390301000.0,1270090000.0,4164083000.0,3275377000.0,259825000.0,40693000.0,1624481000.0,1650896000.0,-200484000.0,1450412000.0,7439460000.0,233000000.0,233000000.0,233500000.0
Tegna Inc,TGNA,549300YC5EDBGX85AO10,39899,2008.0,FY,2007-12-31,2008-12-28,2011-02-23 16:20:21+00:00,31211000.0,-29.11,-29.11,1.6,228259000.0,-29.11,7939563000.0,-645273000.0,-6640595000.0,-6619969000.0,-20626000.0,-6647565000.0,6970000.0,3915549000.0,6291546000.0,28430000.0,,348136000.0,1253008000.0,3915549000.0,2724133000.0,190839000.0,-374925000.0,9452041000.0,-6727908000.0,-537334000.0,-7265242000.0,6639682000.0,228400000.0,228400000.0,228400000.0
Tegna Inc,TGNA,549300YC5EDBGX85AO10,39899,2008.0,Q3,2008-06-30,2008-09-28,2009-11-04 12:57:54+00:00,7123000.0,0.69,0.69,0.4,57682000.0,0.69,0.0,56700000.0,159198000.0,159198000.0,,158057000.0,1141000.0,985004000.0,1550683000.0,-2192000.0,,86627000.0,328320000.0,985004000.0,652306000.0,46802000.0,5711000.0,393125000.0,259181000.0,-43283000.0,215898000.0,1637310000.0,229100000.0,229100000.0,229100000.0
Tegna Inc,TGNA,549300YC5EDBGX85AO10,39899,2008.0,Q2,2008-03-31,2008-06-29,2009-07-29 19:35:20+00:00,6475000.0,-10.03,-10.03,0.4,55109000.0,-10.03,2501874000.0,-134200000.0,-2290734000.0,-2290734000.0,,-2290756000.0,22000.0,988538000.0,1626759000.0,5362000.0,,91230000.0,299539000.0,988538000.0,729451000.0,43957000.0,-252793000.0,2862997000.0,-2133546000.0,-291388000.0,-2424934000.0,1717989000.0,228400000.0,228400000.0,228400000.0
Tegna Inc,TGNA,549300YC5EDBGX85AO10,39899,2009.0,Q4,2009-09-28,2009-12-27,,8208000.0,0.57,0.57,0.04,48326000.0,0.56,46265000.0,76007000.0,141112000.0,138512000.0,2600000.0,133602000.0,7510000.0,763665000.0,1369596000.0,190000.0,,62058000.0,310213000.0,763665000.0,667989000.0,44798000.0,4150000.0,413012000.0,254977000.0,-40458000.0,214519000.0,1431654000.0,233683000.0,233683000.0,233683000.0
Tegna Inc,TGNA,549300YC5EDBGX85AO10,39899,2009.0,FY,2008-12-29,2009-12-27,2012-02-22 16:03:54+00:00,32983000.0,1.52,1.52,0.16,207652000.0,1.51,132904000.0,191328000.0,382361000.0,378571000.0,3790000.0,355270000.0,27091000.0,3230176000.0,5249832000.0,22799000.0,,259771000.0,1186970000.0,3230176000.0,2279427000.0,175745000.0,3927000.0,1560509000.0,718918000.0,-149019000.0,569899000.0,5509603000.0,233683000.0,233683000.0,233683000.0
Tegna Inc,TGNA,549300YC5EDBGX85AO10,39899,2009.0,Q3YTD,2008-12-29,2009-09-27,,24775000.0,0.95,0.95,0.12,159326000.0,0.95,86639000.0,115321000.0,241249000.0,240059000.0,1190000.0,221668000.0,19581000.0,2466511000.0,3880236000.0,22609000.0,,197713000.0,876757000.0,2466511000.0,1611438000.0,130947000.0,-223000.0,1147497000.0,463941000.0,-108561000.0,355380000.0,4077949000.0,237900000.0,237900000.0,237900000.0
Tegna Inc,TGNA,549300YC5EDBGX85AO10,39899,2009.0,Q3,2009-06-29,2009-09-27,2010-11-01 16:17:36+00:00,8378000.0,0.31,0.31,0.04,50382000.0,0.31,39248000.0,36407000.0,85193000.0,84427000.0,766000.0,73752000.0,11441000.0,779250000.0,1254529000.0,3570000.0,,57607000.0,279177000.0,779250000.0,532886000.0,38064000.0,-373000.0,377185000.0,155701000.0,-34867000.0,120834000.0,1312136000.0,237900000.0,237900000.0,237900000.0
Tegna Inc,TGNA,549300YC5EDBGX85AO10,39899,2009.0,Q2YTD,2008-12-29,2009-06-28,,16397000.0,0.64,0.64,0.08,108944000.0,0.64,47391000.0,78914000.0,156056000.0,155632000.0,424000.0,147916000.0,8140000.0,1687261000.0,2625707000.0,19039000.0,,140106000.0,597580000.0,1687261000.0,1078552000.0,92883000.0,150000.0,770312000.0,308240000.0,-73694000.0,234546000.0,2765813000.0,234900000.0,234900000.0,234900000.0
Tegna Inc,TGNA,549300YC5EDBGX85AO10,39899,2009.0,Q2,2009-03-30,2009-06-28,2010-07-30 16:20:21+00:00,8232000.0,0.3,0.3,0.04,53208000.0,0.3,47391000.0,39614000.0,78307000.0,77883000.0,424000.0,70481000.0,7826000.0,848257000.0,1316619000.0,16582000.0,,70716000.0,288200000.0,848257000.0,539078000.0,43971000.0,2839000.0,397031000.0,142047000.0,-24550000.0,117497000.0,1387335000.0,234900000.0,234900000.0,234900000.0
Tegna Inc,TGNA,549300YC5EDBGX85AO10,39899,2009.0,Q1,2008-12-29,2009-03-29,2010-05-04 16:16:10+00:00,8165000.0,0.34,0.34,0.04,55736000.0,0.34,,39300000.0,77749000.0,77749000.0,,77435000.0,314000.0,839004000.0,1309088000.0,2457000.0,,69390000.0,309380000.0,839004000.0,539474000.0,48912000.0,-2689000.0,373281000.0,166193000.0,-49144000.0,117049000.0,1378478000.0,227800000.0,227800000.0,227800000.0
Tegna Inc,TGNA,549300YC5EDBGX85AO10,39899,2010.0,Q4,2010-09-27,2010-12-26,,7656000.0,1.22,0.73,0.04,44410000.0,0.71,33964000.0,84800000.0,183917000.0,183917000.0,,174135000.0,9782000.0,755451000.0,1393913000.0,1194000.0,,67702000.0,310366000.0,755451000.0,706164000.0,46308000.0,4063000.0,396396000.0,309768000.0,-41051000.0,268717000.0,1461615000.0,238230000.0,238230000.0,238230000.0
Tegna Inc,TGNA,549300YC5EDBGX85AO10,39899,2010.0,FY,2009-12-28,2010-12-26,2013-02-26 16:09:09+00:00,31362000.0,2.47,2.47,0.16,182514000.0,2.43,57009000.0,244013000.0,622820000.0,601947000.0,20873000.0,588201000.0,34619000.0,2980465000.0,5185065000.0,111000.0,,253613000.0,1187633000.0,2980465000.0,2458213000.0,172986000.0,19140000.0,1458518000.0,999695000.0,-153735000.0,845960000.0,5438678000.0,238230000.0,238230000.0,238230000.0
Tegna Inc,TGNA,549300YC5EDBGX85AO10,39899,2010.0,Q3YTD,2009-12-28,2010-09-26,,23706000.0,1.25,1.74,0.12,138104000.0,1.72,23045000.0,159213000.0,438903000.0,418030000.0,20873000.0,414066000.0,24837000.0,2225014000.0,3791152000.0,-1083000.0,,185911000.0,877267000.0,2225014000.0,1752049000.0,126678000.0,15077000.0,1062122000.0,689927000.0,-112684000.0,577243000.0,3977063000.0,238467000.0,238467000.0,238467000.0
Tegna Inc,TGNA,549300YC5EDBGX85AO10,39899,2010.0,Q3TTM,2009-09-28,2010-09-26,,31914000.0,1.82,2.31,0.16,186430000.0,2.28,69310000.0,235220000.0,580015000.0,556542000.0,23473000.0,547668000.0,32347000.0,2988679000.0,5160748000.0,-893000.0,,247969000.0,1187480000.0,2988679000.0,2420038000.0,171476000.0,19227000.0,1475134000.0,944904000.0,-153142000.0,791762000.0,5408717000.0,238467000.0,238467000.0,238467000.0
Tegna Inc,TGNA,549300YC5EDBGX85AO10,39899,2010.0,Q3,2010-06-28,2010-09-26,2011-11-02 14:23:10+00:00,7664000.0,0.43,0.43,0.04,44479000.0,0.42,23045000.0,55000000.0,113688000.0,113688000.0,,101409000.0,12279000.0,747416000.0,1254313000.0,2374000.0,,58022000.0,289443000.0,747416000.0,564919000.0,41015000.0,7041000.0,364631000.0,200288000.0,-31600000.0,168688000.0,1312335000.0,238467000.0,238467000.0,238467000.0
Tegna Inc,TGNA,549300YC5EDBGX85AO10,39899,2010.0,Q2YTD,2009-12-28,2010-06-27,,16042000.0,0.82,1.31,0.08,93625000.0,1.3,,104213000.0,325215000.0,304342000.0,20873000.0,312657000.0,12558000.0,1477598000.0,2536839000.0,-3457000.0,,127889000.0,587824000.0,1477598000.0,1187130000.0,85663000.0,8036000.0,697491000.0,489639000.0,-81084000.0,408555000.0,2664728000.0,238122000.0,238122000.0,238122000.0
Tegna Inc,TGNA,549300YC5EDBGX85AO10,39899,2010.0,Q2TTM,2009-06-29,2010-06-27,,32628000.0,1.7,2.19,0.16,192333000.0,2.17,85513000.0,216627000.0,551520000.0,527281000.0,24239000.0,520011000.0,31509000.0,3020513000.0,5160964000.0,303000.0,,247554000.0,1177214000.0,3020513000.0,2388005000.0,168525000.0,11813000.0,1487688000.0,900317000.0,-156409000.0,743908000.0,5408518000.0,238122000.0,238122000.0,238122000.0
Tegna Inc,TGNA,549300YC5EDBGX85AO10,39899,2010.0,Q2,2010-03-29,2010-06-27,2011-08-03 16:09:54+00:00,8080000.0,0.82,0.82,0.04,46274000.0,0.81,,49400000.0,205901000.0,185588000.0,20313000.0,195478000.0,10423000.0,745489000.0,1300378000.0,-2934000.0,,64765000.0,292691000.0,745489000.0,619654000.0,42190000.0,7503000.0,347045000.0,272609000.0,-37621000.0,234988000.0,1365143000.0,238122000.0,238122000.0,238122000.0
Tegna Inc,TGNA,549300YC5EDBGX85AO10,39899,2010.0,Q1TTM,2009-03-30,2010-03-28,,32780000.0,1.18,1.67,0.16,199267000.0,1.66,132904000.0,206841000.0,423926000.0,419576000.0,4350000.0,395014000.0,28912000.0,3123281000.0,5177205000.0,19819000.0,,253505000.0,1172723000.0,3123281000.0,2307429000.0,170306000.0,7149000.0,1537674000.0,769755000.0,-143338000.0,626417000.0,5430710000.0,,239100000.0,239100000.0
Tegna Inc,TGNA,549300YC5EDBGX85AO10,39899,2010.0,Q1,2009-12-28,2010-03-28,2011-05-04 16:20:40+00:00,7962000.0,,0.49,0.04,47351000.0,0.49,0.0,54813000.0,119314000.0,118754000.0,560000.0,117179000.0,2135000.0,732109000.0,1236461000.0,-523000.0,,63124000.0,295133000.0,732109000.0,567476000.0,43473000.0,533000.0,350446000.0,217030000.0,-43463000.0,173567000.0,1299585000.0,,239100000.0,239100000.0
Tegna Inc,TGNA,549300YC5EDBGX85AO10,39899,2011.0,Q4,2011-09-26,2011-12-25,,7753000.0,0.49,0.49,0.08,40768000.0,0.49,13193000.0,26100000.0,124678000.0,124678000.0,,116940000.0,7738000.0,782040000.0,1320229000.0,-14854000.0,,67526000.0,331741000.0,782040000.0,605715000.0,40831000.0,-5797000.0,393455000.0,212260000.0,-61482000.0,150778000.0,1387755000.0,239228000.0,239228000.0,239228000.0
Tegna Inc,TGNA,549300YC5EDBGX85AO10,39899,2011.0,FY,2010-12-27,2011-12-25,2014-02-26 19:03:09+00:00,31634000.0,1.92,1.92,0.24,165739000.0,1.89,27243000.0,152800000.0,500127000.0,500127000.0,,458748000.0,41379000.0,2961097000.0,4983796000.0,-12921000.0,,256193000.0,1223485000.0,2961097000.0,2278892000.0,173140000.0,8197000.0,1448101000.0,830791000.0,-177864000.0,652927000.0,5239989000.0,239228000.0,239228000.0,239228000.0
Tegna Inc,TGNA,549300YC5EDBGX85AO10,39899,2011.0,Q3YTD,2010-12-27,2011-09-25,,23881000.0,1.43,1.43,0.16,124971000.0,1.4,14050000.0,126700000.0,375449000.0,375449000.0,,341808000.0,33641000.0,2179057000.0,3663567000.0,1933000.0,,188667000.0,891744000.0,2179057000.0,1673177000.0,132309000.0,13994000.0,1054646000.0,618531000.0,-116382000.0,502149000.0,3852234000.0,239688000.0,239688000.0,239688000.0
Tegna Inc,TGNA,549300YC5EDBGX85AO10,39899,2011.0,Q3TTM,2010-09-27,2011-09-25,,31537000.0,2.65,2.16,0.2,169381000.0,2.11,48014000.0,211500000.0,559366000.0,559366000.0,,515943000.0,43423000.0,2934508000.0,5057480000.0,3127000.0,,256369000.0,1202110000.0,2934508000.0,2379341000.0,178617000.0,18057000.0,1451042000.0,928299000.0,-157433000.0,770866000.0,5313849000.0,239688000.0,239688000.0,239688000.0
Tegna Inc,TGNA,549300YC5EDBGX85AO10,39899,2011.0,Q3,2011-06-27,2011-09-25,2012-10-31 16:02:19+00:00,7721000.0,0.42,0.42,0.08,41263000.0,0.41,,44800000.0,111780000.0,111780000.0,,99788000.0,11992000.0,721888000.0,1202045000.0,-3205000.0,,63989000.0,297001000.0,721888000.0,544146000.0,40939000.0,2563000.0,345985000.0,198161000.0,-41581000.0,156580000.0,1266034000.0,239688000.0,239688000.0,239688000.0
Tegna Inc,TGNA,549300YC5EDBGX85AO10,39899,2011.0,Q2YTD,2010-12-27,2011-06-26,,16160000.0,1.01,1.01,0.08,83708000.0,0.99,14050000.0,81900000.0,263669000.0,263669000.0,,242020000.0,21649000.0,1457169000.0,2461522000.0,5138000.0,,124678000.0,594743000.0,1457169000.0,1129031000.0,91370000.0,11431000.0,708661000.0,420370000.0,-74801000.0,345569000.0,2586200000.0,240311000.0,240311000.0,240311000.0
Tegna Inc,TGNA,549300YC5EDBGX85AO10,39899,2011.0,Q2TTM,2010-06-28,2011-06-26,,31480000.0,2.66,2.17,0.16,172597000.0,2.12,71059000.0,221700000.0,561274000.0,561274000.0,,517564000.0,43710000.0,2960036000.0,5109748000.0,8706000.0,,250402000.0,1194552000.0,2960036000.0,2400114000.0,178693000.0,22535000.0,1469688000.0,930426000.0,-147452000.0,782974000.0,5360150000.0,240311000.0,240311000.0,240311000.0
Tegna Inc,TGNA,549300YC5EDBGX85AO10,39899,2011.0,Q2,2011-03-28,2011-06-26,2012-08-01 16:50:11+00:00,7871000.0,0.63,0.63,0.04,42070000.0,0.62,6394000.0,43300000.0,165527000.0,165527000.0,,151527000.0,14000000.0,739654000.0,1270097000.0,3841000.0,,64842000.0,297196000.0,739654000.0,595285000.0,44741000.0,7973000.0,353531000.0,241754000.0,-32927000.0,208827000.0,1334939000.0,240311000.0,240311000.0,240311000.0
Tegna Inc,TGNA,549300YC5EDBGX85AO10,39899,2011.0,Q1TTM,2010-03-29,2011-03-27,,31689000.0,2.85,2.36,0.16,176801000.0,2.31,64665000.0,227800000.0,601648000.0,581335000.0,20313000.0,561515000.0,40133000.0,2965871000.0,5140029000.0,1931000.0,,250325000.0,1190047000.0,2965871000.0,2424483000.0,176142000.0,22065000.0,1463202000.0,961281000.0,-152146000.0,809135000.0,5390354000.0,239712000.0,239712000.0,239712000.0
Tegna Inc,TGNA,549300YC5EDBGX85AO10,39899,2011.0,Q1,2010-12-27,2011-03-27,2012-05-02 16:36:03+00:00,8289000.0,0.38,0.38,0.04,41638000.0,0.37,7656000.0,38600000.0,98142000.0,98142000.0,,90493000.0,7649000.0,717515000.0,1191425000.0,1297000.0,,59836000.0,297547000.0,717515000.0,533746000.0,46629000.0,3458000.0,355130000.0,178616000.0,-41874000.0,136742000.0,1251261000.0,239712000.0,239712000.0,239712000.0
Tegna Inc,TGNA,549300YC5EDBGX85AO10,39899,2012.0,Q4,2012-09-24,2012-12-30,,9291000.0,0.45,0.45,0.2,40426000.0,0.44,108013000.0,78900000.0,115006000.0,115006000.0,,103085000.0,11921000.0,779777000.0,1700599000.0,6046000.0,,-182290000.0,360422000.0,779777000.0,738532000.0,38927000.0,6407000.0,518152000.0,220380000.0,-26474000.0,193906000.0,1518309000.0,232327000.0,232327000.0,232327000.0
Tegna Inc,TGNA,549300YC5EDBGX85AO10,39899,2012.0,FY,2011-12-26,2012-12-30,2015-02-25 16:51:09+00:00,33293000.0,1.83,1.83,0.8,160746000.0,1.79,122129000.0,195400000.0,475007000.0,475007000.0,,424280000.0,50727000.0,2943847000.0,5353197000.0,8734000.0,,,1303427000.0,2943847000.0,2409350000.0,150469000.0,22387000.0,1619595000.0,789755000.0,-119348000.0,670407000.0,5353197000.0,232327000.0,232327000.0,232327000.0
Tegna Inc,TGNA,549300YC5EDBGX85AO10,39899,2012.0,Q3YTD,2011-12-26,2012-09-23,,24002000.0,1.38,1.38,0.6,120320000.0,1.35,14116000.0,116500000.0,360001000.0,360001000.0,,321195000.0,38806000.0,2164070000.0,3652598000.0,2688000.0,,182290000.0,943005000.0,2164070000.0,1670818000.0,111542000.0,15980000.0,1101443000.0,569375000.0,-92874000.0,476501000.0,3834888000.0,230556000.0,230556000.0,230556000.0
Tegna Inc,TGNA,549300YC5EDBGX85AO10,39899,2012.0,Q3TTM,2011-09-26,2012-09-23,,31755000.0,1.87,1.87,0.68,161088000.0,1.84,27309000.0,142600000.0,484679000.0,484679000.0,,438135000.0,46544000.0,2946110000.0,4972827000.0,-12166000.0,,249816000.0,1274746000.0,2946110000.0,2276533000.0,152373000.0,10183000.0,1494898000.0,781635000.0,-154356000.0,627279000.0,5222643000.0,230556000.0,230556000.0,230556000.0
Tegna Inc,TGNA,549300YC5EDBGX85AO10,39899,2012.0,Q3,2012-06-25,2012-09-23,2013-11-06 16:27:34+00:00,8045000.0,0.58,0.58,0.2,40460000.0,0.56,4231000.0,38700000.0,148608000.0,148608000.0,,133083000.0,15525000.0,720941000.0,1248392000.0,2933000.0,,60869000.0,318385000.0,720941000.0,588320000.0,35829000.0,3005000.0,371121000.0,217199000.0,-29891000.0,187308000.0,1309261000.0,230556000.0,230556000.0,230556000.0
Tegna Inc,TGNA,549300YC5EDBGX85AO10,39899,2012.0,Q2YTD,2011-12-26,2012-06-24,,15957000.0,0.8,0.8,0.4,79860000.0,0.79,9885000.0,77800000.0,211393000.0,211393000.0,,188112000.0,23281000.0,1443129000.0,2404206000.0,-245000.0,,121421000.0,624620000.0,1443129000.0,1082498000.0,75713000.0,12975000.0,730322000.0,352176000.0,-62983000.0,289193000.0,2525627000.0,233334000.0,233334000.0,233334000.0
Tegna Inc,TGNA,549300YC5EDBGX85AO10,39899,2012.0,Q2TTM,2011-06-27,2012-06-24,,31431000.0,1.71,1.71,0.56,161891000.0,1.69,23078000.0,148700000.0,447851000.0,447851000.0,,404840000.0,43011000.0,2947057000.0,4926480000.0,-18304000.0,,252936000.0,1253362000.0,2947057000.0,2232359000.0,157483000.0,9741000.0,1469762000.0,762597000.0,-166046000.0,596551000.0,5179416000.0,233334000.0,233334000.0,233334000.0
Tegna Inc,TGNA,549300YC5EDBGX85AO10,39899,2012.0,Q2,2012-03-26,2012-06-24,2013-08-07 16:26:13+00:00,8078000.0,0.51,0.51,0.2,40157000.0,0.51,5097000.0,51200000.0,135559000.0,135559000.0,,119889000.0,15670000.0,720889000.0,1244907000.0,-2280000.0,,62133000.0,316301000.0,720889000.0,586151000.0,36142000.0,8663000.0,369633000.0,216518000.0,-29759000.0,186759000.0,1307040000.0,233334000.0,233334000.0,233334000.0
Tegna Inc,TGNA,549300YC5EDBGX85AO10,39899,2012.0,Q1TTM,2011-03-28,2012-03-25,,31224000.0,1.83,1.83,0.4,163804000.0,1.8,24375000.0,140800000.0,477819000.0,477819000.0,,436478000.0,41341000.0,2965822000.0,4951670000.0,-12183000.0,,255645000.0,1234257000.0,2965822000.0,2241493000.0,166082000.0,9051000.0,1453660000.0,787833000.0,-169214000.0,618619000.0,5207315000.0,236280000.0,236280000.0,236280000.0
Tegna Inc,TGNA,549300YC5EDBGX85AO10,39899,2012.0,Q1,2011-12-26,2012-03-25,2013-05-08 16:08:20+00:00,7879000.0,0.29,0.29,0.2,39703000.0,0.28,4788000.0,26600000.0,75834000.0,75834000.0,,68223000.0,7611000.0,722240000.0,1159299000.0,2035000.0,,59288000.0,308319000.0,722240000.0,496347000.0,39571000.0,4312000.0,360689000.0,135658000.0,-33224000.0,102434000.0,1218587000.0,236280000.0,236280000.0,236280000.0
Tegna Inc,TGNA,549300YC5EDBGX85AO10,39899,2013.0,FY,2012-12-31,2013-12-29,2016-02-29 13:38:22+00:00,20706000.0,1.7,1.7,0.8,54127000.0,1.66,22729000.0,13122000.0,445913000.0,98696000.0,347217000.0,388680000.0,57233000.0,662769000.0,1603123000.0,-45279000.0,,,531932000.0,662769000.0,940354000.0,174818000.0,21055000.0,629494000.0,310860000.0,-199042000.0,111818000.0,1603123000.0,228600000.0,228541000.0,234189000.0
Tegna Inc,TGNA,549300YC5EDBGX85AO10,39899,2013.0,Q4,2013-09-30,2013-12-29,,-5861000.0,0.39,0.39,0.2,-61461000.0,0.4,7566000.0,-58578000.0,105208000.0,-242009000.0,347217000.0,90747000.0,14461000.0,-1497193000.0,-2006448000.0,-16325000.0,,-183753000.0,-418475000.0,-1497193000.0,-693008000.0,61611000.0,-7874000.0,-478231000.0,-214777000.0,-85810000.0,-300587000.0,-2190201000.0,228600000.0,228541000.0,234189000.0
Tegna Inc,TGNA,549300YC5EDBGX85AO10,39899,2013.0,Q3YTD,2012-12-31,2013-09-29,,26567000.0,1.31,1.31,0.6,115588000.0,1.26,15163000.0,71700000.0,340705000.0,340705000.0,,297933000.0,42772000.0,2159962000.0,3609571000.0,-28954000.0,,183753000.0,950407000.0,2159962000.0,1633362000.0,113207000.0,28929000.0,1107725000.0,525637000.0,-113232000.0,412405000.0,3793324000.0,228587000.0,228587000.0,228587000.0
Tegna Inc,TGNA,549300YC5EDBGX85AO10,39899,2013.0,Q3TTM,2012-09-24,2013-09-29,,35858000.0,1.76,1.76,0.8,156014000.0,1.7,123176000.0,150600000.0,455711000.0,455711000.0,,401018000.0,54693000.0,2939739000.0,5310170000.0,-22908000.0,,1463000.0,1310829000.0,2939739000.0,2371894000.0,152134000.0,35336000.0,1625877000.0,746017000.0,-139706000.0,606311000.0,5311633000.0,228587000.0,228587000.0,228587000.0
Tegna Inc,TGNA,549300YC5EDBGX85AO10,39899,2013.0,Q3,2013-07-01,2013-09-29,2014-11-05 16:28:16+00:00,8071000.0,0.35,0.35,0.2,38195000.0,0.34,5880000.0,26700000.0,97501000.0,97501000.0,,79748000.0,17753000.0,713369000.0,1189999000.0,-17580000.0,,62891000.0,315677000.0,713369000.0,539521000.0,41628000.0,11711000.0,367823000.0,171698000.0,-47497000.0,124201000.0,1252890000.0,228587000.0,228587000.0,228587000.0
Tegna Inc,TGNA,549300YC5EDBGX85AO10,39899,2013.0,Q2YTD,2012-12-31,2013-06-30,,18496000.0,0.96,0.96,0.4,77393000.0,0.92,9283000.0,45000000.0,243204000.0,243204000.0,,218185000.0,25019000.0,1446593000.0,2419572000.0,-11374000.0,,120862000.0,634730000.0,1446593000.0,1093841000.0,71579000.0,17218000.0,739902000.0,353939000.0,-65735000.0,288204000.0,2540434000.0,228837000.0,228837000.0,228837000.0
Tegna Inc,TGNA,549300YC5EDBGX85AO10,39899,2013.0,Q2TTM,2012-06-25,2013-06-30,,35832000.0,1.99,1.99,0.8,158279000.0,1.92,121527000.0,162600000.0,506818000.0,506818000.0,,454353000.0,52465000.0,2947311000.0,5368563000.0,-2395000.0,,-559000.0,1313537000.0,2947311000.0,2420693000.0,146335000.0,26630000.0,1629175000.0,791518000.0,-122100000.0,669418000.0,5368004000.0,228837000.0,228837000.0,228837000.0
Tegna Inc,TGNA,549300YC5EDBGX85AO10,39899,2013.0,Q2,2013-04-01,2013-06-30,2014-07-30 17:21:39+00:00,9368000.0,0.5,0.5,0.2,38467000.0,0.48,4498000.0,39600000.0,126741000.0,126741000.0,,113620000.0,13121000.0,726869000.0,1240599000.0,-9791000.0,,62100000.0,320615000.0,726869000.0,575830000.0,36174000.0,9424000.0,372948000.0,202882000.0,-36541000.0,166341000.0,1302699000.0,228837000.0,228837000.0,228837000.0
Tegna Inc,TGNA,549300YC5EDBGX85AO10,39899,2013.0,Q1TTM,2012-03-26,2013-03-31,,34542000.0,2.0,2.0,0.8,159969000.0,1.95,122126000.0,174200000.0,515636000.0,515636000.0,,460622000.0,55014000.0,2941331000.0,5372871000.0,5116000.0,,-526000.0,1309223000.0,2941331000.0,2431014000.0,146303000.0,25869000.0,1625860000.0,805154000.0,-115318000.0,689836000.0,5372345000.0,229396000.0,229396000.0,229396000.0
Tegna Inc,TGNA,549300YC5EDBGX85AO10,39899,2013.0,Q1,2012-12-31,2013-03-31,2014-05-07 16:14:14+00:00,9128000.0,0.46,0.46,0.2,38926000.0,0.44,4785000.0,5400000.0,116463000.0,116463000.0,,104565000.0,11898000.0,719724000.0,1178973000.0,-1583000.0,,58762000.0,314115000.0,719724000.0,518011000.0,35405000.0,7794000.0,366954000.0,151057000.0,-29194000.0,121863000.0,1237735000.0,229396000.0,229396000.0,229396000.0
Tegna Inc,TGNA,549300YC5EDBGX85AO10,39899,2014.0,FY,2013-12-30,2014-12-28,2017-02-27 19:53:52+00:00,65971000.0,4.69,4.69,0.8,85866000.0,4.58,44961000.0,234471000.0,1130460000.0,756225000.0,374235000.0,1062171000.0,68289000.0,954990000.0,2626141000.0,404403000.0,,,766854000.0,954990000.0,1671151000.0,272668000.0,151462000.0,963652000.0,707499000.0,283197000.0,990696000.0,2626141000.0,226500000.0,226292000.0,231907000.0
Tegna Inc,TGNA,549300YC5EDBGX85AO10,39899,2014.0,Q4,2014-09-29,2014-12-28,,22324000.0,2.99,2.99,0.2,-25042000.0,2.92,136000.0,46189000.0,694967000.0,388600000.0,306367000.0,676029000.0,18938000.0,-865002000.0,-858998000.0,444440000.0,,-59916000.0,-128329000.0,-865002000.0,-53912000.0,73081000.0,-13569000.0,-130911000.0,76999000.0,357790000.0,434789000.0,-918914000.0,226500000.0,226292000.0,231907000.0
Tegna Inc,TGNA,549300YC5EDBGX85AO10,39899,2014.0,Q3YTD,2013-12-30,2014-09-28,,43647000.0,1.7,1.7,0.6,110908000.0,1.66,44825000.0,188282000.0,435493000.0,367625000.0,67868000.0,386142000.0,49351000.0,1819992000.0,3485139000.0,-40037000.0,,59916000.0,895183000.0,1819992000.0,1725063000.0,199587000.0,165031000.0,1094563000.0,630500000.0,-74593000.0,555907000.0,3545055000.0,227900000.0,225761000.0,232097000.0
Tegna Inc,TGNA,549300YC5EDBGX85AO10,39899,2014.0,Q3TTM,2013-09-30,2014-09-28,,37786000.0,2.09,2.09,0.8,49447000.0,2.06,52391000.0,129704000.0,540701000.0,125616000.0,415085000.0,476889000.0,63812000.0,322799000.0,1478691000.0,-56362000.0,,-123837000.0,476708000.0,322799000.0,1032055000.0,261198000.0,157157000.0,616332000.0,415723000.0,-160403000.0,255320000.0,1354854000.0,227900000.0,225761000.0,232097000.0
Tegna Inc,TGNA,549300YC5EDBGX85AO10,39899,2014.0,Q3,2014-06-30,2014-09-28,2015-11-06 15:08:29+00:00,11433000.0,0.52,0.52,0.2,21294000.0,0.51,1230000.0,29782000.0,139992000.0,72124000.0,67868000.0,118516000.0,21476000.0,276833000.0,621069000.0,-16307000.0,,59916000.0,186191000.0,276833000.0,404152000.0,65791000.0,,220148000.0,184004000.0,-82098000.0,101906000.0,680985000.0,227900000.0,225761000.0,232097000.0
Tegna Inc,TGNA,549300YC5EDBGX85AO10,39899,2014.0,Q2YTD,2013-12-30,2014-06-29,,32214000.0,1.18,1.18,0.4,89614000.0,1.15,43595000.0,158500000.0,295501000.0,295501000.0,,267626000.0,27875000.0,1543159000.0,2864070000.0,-23730000.0,,,708992000.0,1543159000.0,1320911000.0,133796000.0,165031000.0,874415000.0,446496000.0,7505000.0,454001000.0,2864070000.0,226132000.0,226132000.0,226132000.0
Tegna Inc,TGNA,549300YC5EDBGX85AO10,39899,2014.0,Q2TTM,2013-07-01,2014-06-29,,34424000.0,1.92,1.92,0.8,66348000.0,1.89,57041000.0,126622000.0,498210000.0,150993000.0,347217000.0,438121000.0,60089000.0,759335000.0,2047621000.0,-57635000.0,,-120862000.0,606194000.0,759335000.0,1167424000.0,237035000.0,168868000.0,764007000.0,403417000.0,-125802000.0,277615000.0,1926759000.0,226132000.0,226132000.0,226132000.0
Tegna Inc,TGNA,549300YC5EDBGX85AO10,39899,2014.0,Q2,2014-03-31,2014-06-29,2015-08-05 16:18:10+00:00,14471000.0,0.92,0.92,0.2,44850000.0,0.9,28775000.0,106000000.0,225912000.0,225912000.0,,208467000.0,17445000.0,775627000.0,1460004000.0,-2982000.0,,,353779000.0,775627000.0,684377000.0,64148000.0,156540000.0,441875000.0,242502000.0,89410000.0,331912000.0,1460004000.0,226132000.0,226132000.0,226132000.0
Tegna Inc,TGNA,549300YC5EDBGX85AO10,39899,2014.0,Q1TTM,2013-04-01,2014-03-30,,29321000.0,1.5,1.5,0.8,59965000.0,1.47,32764000.0,60222000.0,399039000.0,51822000.0,347217000.0,343274000.0,55765000.0,710577000.0,1828216000.0,-64444000.0,,-58762000.0,573030000.0,710577000.0,1058877000.0,209061000.0,21752000.0,695080000.0,363797000.0,-251753000.0,112044000.0,1769454000.0,227230000.0,227230000.0,227230000.0
Tegna Inc,TGNA,549300YC5EDBGX85AO10,39899,2014.0,Q1,2013-12-30,2014-03-30,2015-05-06 16:38:07+00:00,17743000.0,0.26,0.26,0.2,44764000.0,0.25,14820000.0,52500000.0,69589000.0,69589000.0,,59159000.0,10430000.0,767532000.0,1404066000.0,-20748000.0,,,355213000.0,767532000.0,636534000.0,69648000.0,8491000.0,432540000.0,203994000.0,-81905000.0,122089000.0,1404066000.0,227230000.0,227230000.0,227230000.0
Tegna Inc,TGNA,549300YC5EDBGX85AO10,39899,2015.0,FY,2014-12-29,2015-12-31,2018-03-01 15:37:40+00:00,24517000.0,2.04,2.04,0.68,62141000.0,2.0,-59415000.0,116060000.0,522686000.0,229606000.0,293080000.0,459522000.0,63164000.0,728131000.0,1764822000.0,-8681000.0,,,379154000.0,728131000.0,1036691000.0,273152000.0,-2795000.0,406397000.0,630294000.0,-284628000.0,345666000.0,1764822000.0,225300000.0,224688000.0,229721000.0
Tegna Inc,TGNA,549300YC5EDBGX85AO10,39899,2015.0,Q4,2015-09-28,2015-12-31,,-61639000.0,0.64,0.64,0.14,-8611000.0,0.63,-76494000.0,-4646000.0,157968000.0,-19611000.0,177579000.0,142505000.0,15463000.0,37350000.0,-480859000.0,-3335000.0,,,-415496000.0,37350000.0,-518209000.0,66281000.0,1328000.0,-562240000.0,44031000.0,-68288000.0,-24257000.0,-480859000.0,225300000.0,224688000.0,229721000.0
Tegna Inc,TGNA,549300YC5EDBGX85AO10,39899,2015.0,Q3,2015-06-29,2015-09-27,2016-11-09 16:17:32+00:00,28502000.0,0.39,0.39,0.14,21518000.0,0.38,0.0,35967000.0,105742000.0,111059000.0,-5317000.0,88255000.0,17487000.0,224294000.0,757518000.0,-3115000.0,,,265102000.0,224294000.0,533224000.0,66949000.0,-1012000.0,315122000.0,218102000.0,-71076000.0,147026000.0,757518000.0,226300000.0,224530000.0,230078000.0
Tegna Inc,TGNA,549300YC5EDBGX85AO10,39899,2015.0,Q3YTD,2014-12-29,2015-09-27,,86156000.0,1.4,1.4,0.54,70752000.0,1.37,17079000.0,120706000.0,364718000.0,249217000.0,115501000.0,317017000.0,47701000.0,690781000.0,2245681000.0,-5346000.0,,,794650000.0,690781000.0,1554900000.0,206871000.0,-4123000.0,968637000.0,586263000.0,-216340000.0,369923000.0,2245681000.0,226300000.0,224530000.0,230078000.0
Tegna Inc,TGNA,549300YC5EDBGX85AO10,39899,2015.0,Q3TTM,2014-09-29,2015-09-27,,108480000.0,4.39,4.39,0.74,45710000.0,4.29,17215000.0,166895000.0,1059685000.0,637817000.0,421868000.0,993046000.0,66639000.0,-174221000.0,1386683000.0,439094000.0,,-59916000.0,666321000.0,-174221000.0,1500988000.0,279952000.0,-17692000.0,837726000.0,663262000.0,141450000.0,804712000.0,1326767000.0,226300000.0,224530000.0,230078000.0
Tegna Inc,TGNA,549300YC5EDBGX85AO10,39899,2015.0,Q2,2015-03-30,2015-06-28,2016-08-05 16:04:54+00:00,28966000.0,0.51,0.51,0.2,24955000.0,0.5,12355000.0,33724000.0,131493000.0,54156000.0,77337000.0,115869000.0,15624000.0,239910000.0,756672000.0,-26695000.0,,,264797000.0,239910000.0,516762000.0,69252000.0,-1862000.0,331073000.0,185689000.0,-97809000.0,87880000.0,756672000.0,227200000.0,226538000.0,231920000.0
Tegna Inc,TGNA,549300YC5EDBGX85AO10,39899,2015.0,Q2YTD,2014-12-29,2015-06-28,,57654000.0,1.01,1.01,0.4,49234000.0,0.99,17079000.0,84739000.0,258976000.0,138158000.0,120818000.0,228762000.0,30214000.0,466487000.0,1488163000.0,-2231000.0,,,529548000.0,466487000.0,1021676000.0,139922000.0,-3111000.0,653515000.0,368161000.0,-145264000.0,222897000.0,1488163000.0,227200000.0,226538000.0,231920000.0
Tegna Inc,TGNA,549300YC5EDBGX85AO10,39899,2015.0,Q2TTM,2014-06-30,2015-06-28,,91411000.0,4.52,4.52,0.8,45486000.0,4.42,18445000.0,160710000.0,1093935000.0,598882000.0,495053000.0,1023307000.0,70628000.0,-121682000.0,1250234000.0,425902000.0,,,587410000.0,-121682000.0,1371916000.0,278794000.0,-16680000.0,742752000.0,629164000.0,130428000.0,759592000.0,1250234000.0,227200000.0,226538000.0,231920000.0
Tegna Inc,TGNA,549300YC5EDBGX85AO10,39899,2015.0,Q1,2014-12-29,2015-03-29,2016-05-04 16:32:30+00:00,28688000.0,0.5,0.5,0.2,24279000.0,0.49,4724000.0,51015000.0,127483000.0,84002000.0,43481000.0,112893000.0,14590000.0,226577000.0,731491000.0,24464000.0,,,264751000.0,226577000.0,504914000.0,70670000.0,-1249000.0,322442000.0,182472000.0,-47455000.0,135017000.0,731491000.0,225800000.0,227089000.0,231931000.0
Tegna Inc,TGNA,549300YC5EDBGX85AO10,39899,2015.0,Q1TTM,2014-03-31,2015-03-29,,76916000.0,4.93,4.93,0.8,65381000.0,4.82,34865000.0,232986000.0,1188354000.0,770638000.0,417716000.0,1115905000.0,72449000.0,414035000.0,1953566000.0,449615000.0,,,676392000.0,414035000.0,1539531000.0,273690000.0,141722000.0,853554000.0,685977000.0,317647000.0,1003624000.0,1953566000.0,225800000.0,227089000.0,231931000.0
Tegna Inc,TGNA,549300YC5EDBGX85AO10,39899,2016.0,FY,2016-01-01,2016-12-31,2019-03-01 11:04:35+00:00,23263000.0,2.02,2.02,0.56,55369000.0,1.99,32130000.0,140171000.0,487999000.0,309120000.0,178879000.0,436697000.0,51302000.0,795454000.0,2004088000.0,-23452000.0,,,389720000.0,795454000.0,1208634000.0,231995000.0,-3414000.0,500482000.0,708152000.0,-258861000.0,449291000.0,2004088000.0,216200000.0,216358000.0,219681000.0
Tegna Inc,TGNA,549300YC5EDBGX85AO10,39899,2016.0,Q4,2016-10-01,2016-12-31,,-16577000.0,0.62,0.62,0.14,5446000.0,0.62,13184000.0,32585000.0,144243000.0,61975000.0,82268000.0,133119000.0,11124000.0,150493000.0,225761000.0,-7945000.0,,,-85981000.0,150493000.0,75268000.0,56538000.0,-153000.0,-83928000.0,159196000.0,-64636000.0,94560000.0,225761000.0,216200000.0,216358000.0,219681000.0
Tegna Inc,TGNA,549300YC5EDBGX85AO10,39899,2016.0,Q3,2016-07-01,2016-09-30,2017-11-08 12:31:18+00:00,5775000.0,0.55,0.55,0.14,13212000.0,0.54,15218000.0,38441000.0,133435000.0,76737000.0,56698000.0,118683000.0,14752000.0,200495000.0,519617000.0,-11874000.0,,,99066000.0,200495000.0,319122000.0,57601000.0,-1198000.0,133271000.0,185851000.0,-70673000.0,115178000.0,519617000.0,215800000.0,214813000.0,218099000.0
Tegna Inc,TGNA,549300YC5EDBGX85AO10,39899,2016.0,Q3YTD,2016-01-01,2016-09-30,,39840000.0,1.4,1.4,0.42,49923000.0,1.37,18946000.0,107586000.0,343756000.0,247145000.0,96611000.0,303578000.0,40178000.0,644961000.0,1778327000.0,-15507000.0,,,475701000.0,644961000.0,1133366000.0,175457000.0,-3261000.0,584410000.0,548956000.0,-194225000.0,354731000.0,1778327000.0,215800000.0,214813000.0,218099000.0
Tegna Inc,TGNA,549300YC5EDBGX85AO10,39899,2016.0,Q3TTM,2015-09-28,2016-09-30,,-21799000.0,2.04,2.04,0.56,41312000.0,2.0,-57548000.0,102940000.0,501724000.0,227534000.0,274190000.0,446083000.0,55641000.0,682311000.0,1297468000.0,-18842000.0,,,60205000.0,682311000.0,615157000.0,241738000.0,-1933000.0,22170000.0,592987000.0,-262513000.0,330474000.0,1297468000.0,215800000.0,214813000.0,218099000.0
Tegna Inc,TGNA,549300YC5EDBGX85AO10,39899,2016.0,Q2,2016-04-01,2016-06-30,2017-08-07 16:42:11+00:00,5775000.0,0.46,0.46,0.14,14478000.0,0.45,3728000.0,27037000.0,114385000.0,66998000.0,47387000.0,99451000.0,14934000.0,196935000.0,476978000.0,-4562000.0,,,96326000.0,196935000.0,280043000.0,56143000.0,-4996000.0,120307000.0,159736000.0,-65701000.0,94035000.0,476978000.0,216200000.0,216518000.0,220204000.0
Tegna Inc,TGNA,549300YC5EDBGX85AO10,39899,2016.0,Q2YTD,2016-01-01,2016-06-30,,34065000.0,0.85,0.85,0.28,36711000.0,0.83,3728000.0,69145000.0,210321000.0,170408000.0,39913000.0,184895000.0,25426000.0,444466000.0,1258710000.0,-3633000.0,,,376635000.0,444466000.0,814244000.0,117856000.0,-2063000.0,451139000.0,363105000.0,-123552000.0,239553000.0,1258710000.0,216200000.0,216518000.0,220204000.0
Tegna Inc,TGNA,549300YC5EDBGX85AO10,39899,2016.0,Q2TTM,2015-06-29,2016-06-30,,928000.0,1.88,1.88,0.56,49618000.0,1.84,-72766000.0,100466000.0,474031000.0,261856000.0,212175000.0,415655000.0,58376000.0,706110000.0,1535369000.0,-10083000.0,,,226241000.0,706110000.0,829259000.0,251086000.0,-1747000.0,204021000.0,625238000.0,-262916000.0,362322000.0,1535369000.0,216200000.0,216518000.0,220204000.0
Tegna Inc,TGNA,549300YC5EDBGX85AO10,39899,2016.0,Q1,2016-01-01,2016-03-31,2017-05-09 16:04:22+00:00,28290000.0,0.39,0.39,0.14,22233000.0,0.38,0.0,42108000.0,95936000.0,103410000.0,-7474000.0,85444000.0,10492000.0,247531000.0,781732000.0,929000.0,,,280309000.0,247531000.0,534201000.0,61713000.0,2933000.0,330832000.0,203369000.0,-57851000.0,145518000.0,781732000.0,219100000.0,219286000.0,223254000.0
Tegna Inc,TGNA,549300YC5EDBGX85AO10,39899,2016.0,Q1TTM,2015-03-30,2016-03-31,,24119000.0,1.93,1.93,0.62,60095000.0,1.89,-64139000.0,107153000.0,491139000.0,249014000.0,242125000.0,432073000.0,59066000.0,749085000.0,1815063000.0,-32216000.0,,,394712000.0,749085000.0,1065978000.0,264195000.0,1387000.0,414787000.0,651191000.0,-295024000.0,356167000.0,1815063000.0,219100000.0,219286000.0,223254000.0
Tegna Inc,TGNA,549300YC5EDBGX85AO10,39899,2017.0,FY,2017-01-01,2017-12-31,2020-03-02 16:16:09+00:00,21570000.0,1.27,1.27,0.35,55068000.0,1.26,4429000.0,-137246000.0,215046000.0,447962000.0,-232916000.0,273744000.0,-58698000.0,933718000.0,1903026000.0,-35304000.0,,,342339000.0,933718000.0,969308000.0,210284000.0,10402000.0,423406000.0,545902000.0,-235186000.0,310716000.0,1903026000.0,215500000.0,215587000.0,217478000.0
Tegna Inc,TGNA,549300YC5EDBGX85AO10,39899,2017.0,Q4,2017-10-01,2017-12-31,,5398000.0,1.4,1.4,0.07,13347000.0,1.4,-6657000.0,-192101000.0,303625000.0,303280000.0,345000.0,303625000.0,,237153000.0,490323000.0,-8451000.0,,,85232000.0,237153000.0,253170000.0,48171000.0,11951000.0,97320000.0,155850000.0,-44671000.0,111179000.0,490323000.0,215500000.0,215587000.0,217478000.0
Tegna Inc,TGNA,549300YC5EDBGX85AO10,39899,2017.0,Q3,2017-07-01,2017-09-30,2018-11-08 16:06:41+00:00,5395000.0,0.2,0.2,0.07,15186000.0,0.19,7553000.0,11447000.0,39951000.0,50754000.0,-10803000.0,42757000.0,-2806000.0,235474000.0,464264000.0,-3671000.0,,,83795000.0,235474000.0,228790000.0,51855000.0,866000.0,111929000.0,116861000.0,-54660000.0,62201000.0,464264000.0,213800000.0,215863000.0,218095000.0
Tegna Inc,TGNA,549300YC5EDBGX85AO10,39899,2017.0,Q3YTD,2017-01-01,2017-09-30,,16172000.0,-0.13,-0.13,0.28,41721000.0,-0.14,11086000.0,54855000.0,-88579000.0,144682000.0,-233261000.0,-29881000.0,-58698000.0,696565000.0,1412703000.0,-26853000.0,,,257107000.0,696565000.0,716138000.0,162113000.0,-1549000.0,326086000.0,390052000.0,-190515000.0,199537000.0,1412703000.0,213800000.0,215863000.0,218095000.0
Tegna Inc,TGNA,549300YC5EDBGX85AO10,39899,2017.0,Q3TTM,2016-10-01,2017-09-30,,-405000.0,0.49,0.49,0.42,47167000.0,0.48,24270000.0,87440000.0,55664000.0,206657000.0,-150993000.0,103238000.0,-47574000.0,847058000.0,1638464000.0,-34798000.0,,,171126000.0,847058000.0,791406000.0,218651000.0,-1702000.0,242158000.0,549248000.0,-255151000.0,294097000.0,1638464000.0,213800000.0,215863000.0,218095000.0
Tegna Inc,TGNA,549300YC5EDBGX85AO10,39899,2017.0,Q2,2017-04-01,2017-06-30,2018-08-07 16:34:59+00:00,5388000.0,-0.6,-0.6,0.07,13318000.0,-0.6,1350000.0,23913000.0,-192429000.0,49270000.0,-241699000.0,-130352000.0,-62077000.0,229683000.0,489369000.0,-21108000.0,,,89550000.0,229683000.0,259686000.0,54843000.0,-946000.0,109606000.0,150080000.0,-76897000.0,73183000.0,489369000.0,217300000.0,215501000.0,217812000.0
Tegna Inc,TGNA,549300YC5EDBGX85AO10,39899,2017.0,Q2YTD,2017-01-01,2017-06-30,,10777000.0,-0.33,-0.33,0.21,26535000.0,-0.33,3533000.0,43408000.0,-128530000.0,93928000.0,-222458000.0,-72638000.0,-55892000.0,461091000.0,948439000.0,-23182000.0,,,173312000.0,461091000.0,487348000.0,110258000.0,-2415000.0,214157000.0,273191000.0,-135855000.0,137336000.0,948439000.0,217300000.0,215501000.0,217812000.0
Tegna Inc,TGNA,549300YC5EDBGX85AO10,39899,2017.0,Q2TTM,2016-07-01,2017-06-30,,-25000.0,0.84,0.84,0.49,45193000.0,0.83,31935000.0,114434000.0,149148000.0,232640000.0,-83492000.0,179164000.0,-30016000.0,812079000.0,1693817000.0,-43001000.0,,,186397000.0,812079000.0,881738000.0,224397000.0,-3766000.0,263500000.0,618238000.0,-271164000.0,347074000.0,1693817000.0,217300000.0,215501000.0,217812000.0
Tegna Inc,TGNA,549300YC5EDBGX85AO10,39899,2017.0,Q1,2017-01-01,2017-03-31,2018-05-08 12:08:17+00:00,5389000.0,0.27,0.27,0.14,13217000.0,0.27,2183000.0,19495000.0,63899000.0,44658000.0,19241000.0,57714000.0,6185000.0,231408000.0,459070000.0,-2074000.0,,,83762000.0,231408000.0,227662000.0,55415000.0,-1469000.0,104551000.0,123111000.0,-58958000.0,64153000.0,459070000.0,213800000.0,215305000.0,217569000.0
Tegna Inc,TGNA,549300YC5EDBGX85AO10,39899,2017.0,Q1TTM,2016-04-01,2017-03-31,,362000.0,1.9,1.9,0.56,46353000.0,1.88,34313000.0,117558000.0,455962000.0,250368000.0,205594000.0,408967000.0,46995000.0,779331000.0,1681426000.0,-26455000.0,,,193173000.0,779331000.0,902095000.0,225697000.0,-7816000.0,274201000.0,627894000.0,-259968000.0,367926000.0,1681426000.0,213800000.0,215305000.0,217569000.0
Tegna Inc,TGNA,549300YC5EDBGX85AO10,39899,2018.0,FY,2018-01-01,2018-12-31,2020-03-02 16:16:09+00:00,30838000.0,1.88,1.88,0.28,55949000.0,1.87,-11701000.0,107367000.0,405665000.0,401340000.0,4325000.0,405665000.0,0.0,1065933000.0,2207282000.0,-11496000.0,,,367787000.0,1065933000.0,1141349000.0,192065000.0,13792000.0,442873000.0,698476000.0,-189769000.0,508707000.0,2207282000.0,215800000.0,216184000.0,216621000.0
Tegna Inc,TGNA,549300YC5EDBGX85AO10,39899,2018.0,Q4,2018-10-01,2018-12-31,,8047000.0,0.74,0.74,0.07,14355000.0,0.74,-11701000.0,45438000.0,160815000.0,160815000.0,,160815000.0,,271990000.0,642136000.0,1509000.0,9331000.0,,97072000.0,271990000.0,370146000.0,47010000.0,-1288000.0,117104000.0,253042000.0,-46789000.0,206253000.0,642136000.0,215800000.0,216184000.0,216621000.0
Tegna Inc,TGNA,549300YC5EDBGX85AO10,39899,2018.0,Q3,2018-07-01,2018-09-30,2019-11-07 16:06:58+00:00,8047000.0,0.45,0.45,0.07,14262000.0,0.45,,13789000.0,97151000.0,92826000.0,4325000.0,97151000.0,,271156000.0,538976000.0,-214000.0,-3005000.0,,94232000.0,271156000.0,267820000.0,48226000.0,771000.0,113536000.0,154284000.0,-47669000.0,106615000.0,538976000.0,215900000.0,216015000.0,216348000.0
Tegna Inc,TGNA,549300YC5EDBGX85AO10,39899,2018.0,Q3YTD,2018-01-01,2018-09-30,,22791000.0,1.14,1.14,0.21,41594000.0,1.13,,61929000.0,244850000.0,240525000.0,4325000.0,244850000.0,,793943000.0,1565146000.0,-13005000.0,-9331000.0,,270715000.0,793943000.0,771203000.0,145055000.0,15080000.0,325769000.0,445434000.0,-142980000.0,302454000.0,1565146000.0,215900000.0,216015000.0,216348000.0
Tegna Inc,TGNA,549300YC5EDBGX85AO10,39899,2018.0,Q3TTM,2017-10-01,2018-09-30,,28189000.0,2.54,2.54,0.28,54941000.0,2.53,-6657000.0,-130172000.0,548475000.0,543805000.0,4670000.0,548475000.0,,1031096000.0,2055469000.0,-21456000.0,-9331000.0,,355947000.0,1031096000.0,1024373000.0,193226000.0,27031000.0,423089000.0,601284000.0,-187651000.0,413633000.0,2055469000.0,215900000.0,216015000.0,216348000.0
Tegna Inc,TGNA,549300YC5EDBGX85AO10,39899,2018.0,Q2,2018-04-01,2018-06-30,2019-08-06 17:30:56+00:00,7962000.0,0.43,0.43,0.07,13861000.0,0.43,,27755000.0,92512000.0,92512000.0,,92512000.0,,264294000.0,524080000.0,-311000.0,-6326000.0,,90154000.0,264294000.0,259786000.0,49104000.0,15547000.0,105651000.0,154135000.0,-33868000.0,120267000.0,524080000.0,215100000.0,216342000.0,216515000.0
Tegna Inc,TGNA,549300YC5EDBGX85AO10,39899,2018.0,Q2YTD,2018-01-01,2018-06-30,,14744000.0,0.69,0.69,0.14,27332000.0,0.68,,48140000.0,147699000.0,147699000.0,,147699000.0,,522787000.0,1026170000.0,-12791000.0,-6326000.0,,176483000.0,522787000.0,503383000.0,96829000.0,14309000.0,212233000.0,291150000.0,-95311000.0,195839000.0,1026170000.0,215100000.0,216342000.0,216515000.0
Tegna Inc,TGNA,549300YC5EDBGX85AO10,39899,2018.0,Q2TTM,2017-07-01,2018-06-30,,25537000.0,2.29,2.29,0.28,55865000.0,2.27,896000.0,-132514000.0,491275000.0,501733000.0,-10458000.0,494081000.0,-2806000.0,995414000.0,1980757000.0,-24913000.0,-6326000.0,,345510000.0,995414000.0,985343000.0,196855000.0,27126000.0,421482000.0,563861000.0,-194642000.0,369219000.0,1980757000.0,215100000.0,216342000.0,216515000.0
Tegna Inc,TGNA,549300YC5EDBGX85AO10,39899,2018.0,Q1,2018-01-01,2018-03-31,2019-05-09 17:23:57+00:00,6782000.0,0.26,0.26,0.07,13471000.0,0.25,,20385000.0,55187000.0,55187000.0,,55187000.0,,258493000.0,502090000.0,-12480000.0,0.0,,86329000.0,258493000.0,243597000.0,47725000.0,-1238000.0,106582000.0,137015000.0,-61443000.0,75572000.0,502090000.0,212300000.0,216276000.0,216989000.0
Tegna Inc,TGNA,549300YC5EDBGX85AO10,39899,2018.0,Q1TTM,2017-04-01,2018-03-31,,22963000.0,1.26,1.26,0.28,55322000.0,1.24,2246000.0,-136356000.0,206334000.0,458491000.0,-252157000.0,271217000.0,-64883000.0,960803000.0,1946046000.0,-45710000.0,,,344906000.0,960803000.0,985243000.0,202594000.0,10633000.0,425437000.0,559806000.0,-237671000.0,322135000.0,1946046000.0,212300000.0,216276000.0,216989000.0
Tegna Inc,TGNA,549300YC5EDBGX85AO10,39899,2019.0,Q4,2019-10-01,2019-12-31,,17574000.0,0.39,0.39,0.07,15694000.0,0.38,-5335000.0,36690000.0,83955000.0,83955000.0,,83955000.0,,355159000.0,693955000.0,4998000.0,11399000.0,,122740000.0,355159000.0,338796000.0,60304000.0,-773000.0,162072000.0,176724000.0,-56079000.0,120645000.0,693955000.0,216800000.0,217138000.0,217977000.0
Tegna Inc,TGNA,549300YC5EDBGX85AO10,39899,2019.0,FY,2019-01-01,2019-12-31,2020-03-02 16:16:09+00:00,50104000.0,1.32,1.32,0.28,60525000.0,1.31,-5335000.0,89422000.0,286235000.0,286235000.0,0.0,286235000.0,0.0,1228237000.0,2299497000.0,11960000.0,,,406948000.0,1228237000.0,1071260000.0,205470000.0,10149000.0,512242000.0,559018000.0,-183361000.0,375657000.0,2299497000.0,216800000.0,217138000.0,217977000.0
Tegna Inc,TGNA,549300YC5EDBGX85AO10,39899,2019.0,Q3YTD,2019-01-01,2019-09-30,,32530000.0,0.93,0.93,0.21,44831000.0,0.93,,52732000.0,202280000.0,202280000.0,,202280000.0,,873078000.0,1605542000.0,6962000.0,-11399000.0,,284208000.0,873078000.0,732464000.0,145166000.0,10922000.0,350170000.0,382294000.0,-127282000.0,255012000.0,1605542000.0,219800000.0,217315000.0,218310000.0
Tegna Inc,TGNA,549300YC5EDBGX85AO10,39899,2019.0,Q3TTM,2018-10-01,2019-09-30,,40577000.0,1.67,1.67,0.28,59186000.0,1.67,-11701000.0,98170000.0,363095000.0,363095000.0,,363095000.0,,1145068000.0,2247678000.0,8471000.0,-2068000.0,,381280000.0,1145068000.0,1102610000.0,192176000.0,9634000.0,467274000.0,635336000.0,-174071000.0,461265000.0,2247678000.0,219800000.0,217315000.0,218310000.0
Tegna Inc,TGNA,549300YC5EDBGX85AO10,39899,2019.0,Q3,2019-07-01,2019-09-30,2019-11-07 16:06:58+00:00,15018000.0,0.22,0.22,0.07,15381000.0,0.22,,5079000.0,48346000.0,48346000.0,0.0,48346000.0,,306474000.0,551857000.0,-463000.0,-80000.0,,108231000.0,306474000.0,245383000.0,52454000.0,-491000.0,138550000.0,106833000.0,-53408000.0,53425000.0,551857000.0,219800000.0,217315000.0,218310000.0
Tegna Inc,TGNA,549300YC5EDBGX85AO10,39899,2019.0,Q2YTD,2019-01-01,2019-06-30,,17512000.0,0.71,0.71,0.14,29450000.0,0.71,,47653000.0,153934000.0,153934000.0,,153934000.0,,566604000.0,1053685000.0,7425000.0,-11319000.0,,175977000.0,566604000.0,487081000.0,92712000.0,11413000.0,211620000.0,275461000.0,-73874000.0,201587000.0,1053685000.0,216100000.0,217089000.0,217905000.0
Tegna Inc,TGNA,549300YC5EDBGX85AO10,39899,2019.0,Q2TTM,2018-07-01,2019-06-30,,33606000.0,1.9,1.9,0.28,58067000.0,1.9,-11701000.0,106880000.0,411900000.0,407575000.0,4325000.0,411900000.0,,1109750000.0,2234797000.0,8720000.0,-4993000.0,,367281000.0,1109750000.0,1125047000.0,187948000.0,10896000.0,442260000.0,682787000.0,-168332000.0,514455000.0,2234797000.0,216100000.0,217089000.0,217905000.0
Tegna Inc,TGNA,549300YC5EDBGX85AO10,39899,2019.0,Q2,2019-04-01,2019-06-30,2019-08-06 17:30:56+00:00,8823000.0,0.37,0.37,0.07,14533000.0,0.37,,24879000.0,79955000.0,79955000.0,,79955000.0,,285293000.0,536932000.0,8964000.0,-4306000.0,,89777000.0,285293000.0,251639000.0,46327000.0,-615000.0,108827000.0,142812000.0,-37978000.0,104834000.0,536932000.0,216100000.0,217089000.0,217905000.0
Tegna Inc,TGNA,549300YC5EDBGX85AO10,39899,2019.0,Q1,2019-01-01,2019-03-31,2020-05-11 17:22:47+00:00,8689000.0,0.34,0.34,0.07,14917000.0,0.34,,22774000.0,73979000.0,73979000.0,,73979000.0,0.0,281311000.0,516753000.0,-1539000.0,-7013000.0,,86200000.0,281311000.0,235442000.0,46385000.0,12028000.0,102793000.0,132649000.0,-35896000.0,96753000.0,516753000.0,217600000.0,216709000.0,217202000.0
Tegna Inc,TGNA,549300YC5EDBGX85AO10,39899,2019.0,Q1TTM,2018-04-01,2019-03-31,,32745000.0,1.96,1.96,0.28,57395000.0,1.96,-11701000.0,109756000.0,424457000.0,420132000.0,4325000.0,424457000.0,,1088751000.0,2221945000.0,-555000.0,-7013000.0,,367658000.0,1088751000.0,1133194000.0,190725000.0,27058000.0,439084000.0,694110000.0,-164222000.0,529888000.0,2221945000.0,217600000.0,216709000.0,217202000.0
Tegna Inc,TGNA,549300YC5EDBGX85AO10,39899,2020.0,Q1TTM,2019-04-01,2020-03-31,,57631000.0,1.38,1.38,0.28,62508000.0,1.36,-5335000.0,87773000.0,298454000.0,298454000.0,,298564000.0,-110000.0,1316294000.0,2466933000.0,-5771000.0,-502000.0,,435430000.0,1316294000.0,1150639000.0,216045000.0,7136000.0,549732000.0,600907000.0,-214680000.0,386227000.0,2466933000.0,215800000.0,218277000.0,218863000.0
Tegna Inc,TGNA,549300YC5EDBGX85AO10,39899,2020.0,Q1,2020-01-01,2020-03-31,2020-05-11 17:22:47+00:00,16216000.0,0.4,0.4,0.07,16900000.0,0.39,,21125000.0,86198000.0,86198000.0,,86308000.0,-110000.0,369368000.0,684189000.0,-19270000.0,-7515000.0,,114682000.0,369368000.0,314821000.0,56960000.0,9015000.0,140283000.0,174538000.0,-67215000.0,107323000.0,684189000.0,215800000.0,218277000.0,218863000.0
