company_name,company_ticker,company_lei,company_cik,year,quarter,start_date,end_date,filing_date,amortizationexpense,basicdilutedeps,basiceps,cashdividendspershare,dilutedeps,impairmentexpense,incometaxexpense,marketingexpense,netincome,netincomecontinuing,netincometocommon,netincometononcontrollinginterest,operatingcostofrevenue,operatingrevenue,otherincome,otheroperatingexpenses,otherspecialcharges,rdexpense,restructuringcharge,sgaexpense,totalcostofrevenue,totalgrossprofit,totalinterestincome,totaloperatingexpenses,totaloperatingincome,totalotherincome,totalpretaxincome,totalrevenue,weightedavebasicdilutedsharesos,weightedavebasicsharesos,weightedavedilutedsharesos
Juniper Networks Inc,JNPR,AUHIXNGG7U2U7JEHM527,1043604,2007.0,FY,2007-01-01,2007-12-31,2010-02-26 16:18:38+00:00,85896000.0,0.67,0.67,,0.62,,149753000.0,666688000.0,360830000.0,360830000.0,360830000.0,0.0,927638000.0,2836088000.0,,,-5278000.0,622961000.0,691000.0,130430000.0,927638000.0,1908450000.0,103521000.0,1501388000.0,407062000.0,103521000.0,510583000.0,2836088000.0,538600000.0,537767000.0,579145000.0
Juniper Networks Inc,JNPR,AUHIXNGG7U2U7JEHM527,1043604,2008.0,FY,2008-01-01,2008-12-31,2011-02-25 15:42:47+00:00,43508000.0,0.96,0.96,,0.93,,217142000.0,812013000.0,511749000.0,511749000.0,511749000.0,0.0,1136893000.0,3572376000.0,,,9000000.0,731151000.0,0.0,144837000.0,1136893000.0,2435483000.0,33917000.0,1740509000.0,694974000.0,33917000.0,728891000.0,3572376000.0,533100000.0,530337000.0,551433000.0
Juniper Networks Inc,JNPR,AUHIXNGG7U2U7JEHM527,1043604,2008.0,Q3,2008-07-01,2008-09-30,2009-11-06 15:20:10+00:00,5190000.0,0.27,0.27,,0.27,,63188000.0,200600000.0,148508000.0,148508000.0,148508000.0,,307579000.0,946962000.0,,,,194014000.0,0.0,37623000.0,307579000.0,639383000.0,9740000.0,437427000.0,201956000.0,9740000.0,211696000.0,946962000.0,550000000.0,540983000.0,554350000.0
Juniper Networks Inc,JNPR,AUHIXNGG7U2U7JEHM527,1043604,2008.0,Q2,2008-04-01,2008-06-30,2009-08-07 16:40:16+00:00,7999000.0,0.23,0.23,,0.22,,51728000.0,190338000.0,120410000.0,120410000.0,120410000.0,,289281000.0,879034000.0,,,,186357000.0,0.0,44609000.0,289281000.0,589753000.0,11688000.0,429303000.0,160450000.0,11688000.0,172138000.0,879034000.0,523500000.0,528963000.0,559328000.0
Juniper Networks Inc,JNPR,AUHIXNGG7U2U7JEHM527,1043604,2009.0,Q4,2009-10-01,2009-12-31,,1157000.0,0.04,0.04,,0.04,,-17185000.0,211288000.0,21133000.0,21133000.0,22904000.0,-1771000.0,310208000.0,941454000.0,1366000.0,,182331000.0,187210000.0,3212000.0,40196000.0,310208000.0,631246000.0,-3270000.0,625394000.0,5852000.0,-1904000.0,3948000.0,941454000.0,531800000.0,523603000.0,534015000.0
Juniper Networks Inc,JNPR,AUHIXNGG7U2U7JEHM527,1043604,2009.0,FY,2009-01-01,2009-12-31,2012-02-24 17:30:07+00:00,10416000.0,0.22,0.22,,0.22,,196833000.0,759131000.0,115228000.0,115228000.0,116999000.0,-1771000.0,1132709000.0,3315912000.0,1366000.0,,182331000.0,741708000.0,19463000.0,159459000.0,1132709000.0,2183203000.0,,1872508000.0,310695000.0,1366000.0,312061000.0,3315912000.0,531800000.0,523603000.0,534015000.0
Juniper Networks Inc,JNPR,AUHIXNGG7U2U7JEHM527,1043604,2009.0,Q3YTD,2009-01-01,2009-09-30,,9259000.0,0.18,0.18,,0.18,,214018000.0,547843000.0,94095000.0,94095000.0,94095000.0,,822501000.0,2374458000.0,,,,554498000.0,16251000.0,119263000.0,822501000.0,1551957000.0,3270000.0,1247114000.0,304843000.0,3270000.0,308113000.0,2374458000.0,523700000.0,523878000.0,538132000.0
Juniper Networks Inc,JNPR,AUHIXNGG7U2U7JEHM527,1043604,2009.0,Q3,2009-07-01,2009-09-30,2010-11-05 14:43:02+00:00,1330000.0,0.16,0.16,,0.16,,45902000.0,183424000.0,83786000.0,83786000.0,83786000.0,0.0,280629000.0,823912000.0,,,,185204000.0,4493000.0,40877000.0,280629000.0,543283000.0,1733000.0,415328000.0,127955000.0,1733000.0,129688000.0,823912000.0,523700000.0,523878000.0,538132000.0
Juniper Networks Inc,JNPR,AUHIXNGG7U2U7JEHM527,1043604,2009.0,Q2YTD,2009-01-01,2009-06-30,,7929000.0,0.02,0.02,,0.02,,168116000.0,364419000.0,10309000.0,10309000.0,10309000.0,,541872000.0,1550546000.0,,,,369294000.0,11758000.0,78386000.0,541872000.0,1008674000.0,1537000.0,831786000.0,176888000.0,1537000.0,178425000.0,1550546000.0,492300000.0,523105000.0,532850000.0
Juniper Networks Inc,JNPR,AUHIXNGG7U2U7JEHM527,1043604,2009.0,Q2,2009-04-01,2009-06-30,2010-08-06 17:05:24+00:00,3539000.0,0.03,0.03,,0.03,,82194000.0,176555000.0,14769000.0,14769000.0,14769000.0,,279981000.0,786363000.0,,,,183894000.0,7529000.0,39175000.0,279981000.0,506382000.0,1273000.0,410692000.0,95690000.0,1273000.0,96963000.0,786363000.0,492300000.0,523105000.0,532850000.0
Juniper Networks Inc,JNPR,AUHIXNGG7U2U7JEHM527,1043604,2009.0,Q1,2009-01-01,2009-03-31,2010-05-05 16:21:15+00:00,4390000.0,-0.01,-0.01,,-0.01,,85922000.0,187864000.0,-4460000.0,-4460000.0,-4460000.0,0.0,261891000.0,764183000.0,,,,185400000.0,4229000.0,39211000.0,261891000.0,502292000.0,264000.0,421094000.0,81198000.0,264000.0,81462000.0,764183000.0,446000000.0,524429000.0,524429000.0
Juniper Networks Inc,JNPR,AUHIXNGG7U2U7JEHM527,1043604,2010.0,Q4,2010-10-01,2010-12-31,,942000.0,0.36,0.36,,0.36,,41575000.0,257718000.0,190110000.0,190110000.0,190231000.0,-121000.0,397921000.0,1189975000.0,4871000.0,,,254987000.0,8009000.0,43584000.0,397921000.0,792054000.0,,565240000.0,226814000.0,4871000.0,231685000.0,1189975000.0,524100000.0,522400000.0,538800000.0
Juniper Networks Inc,JNPR,AUHIXNGG7U2U7JEHM527,1043604,2010.0,FY,2010-01-01,2010-12-31,2013-02-26 17:25:49+00:00,4200000.0,1.18,1.18,,1.15,,158800000.0,857100000.0,619400000.0,619400000.0,618400000.0,1000000.0,1351500000.0,4093300000.0,10600000.0,,,917900000.0,17100000.0,177900000.0,1351500000.0,2741800000.0,,1974200000.0,767600000.0,10600000.0,778200000.0,4093300000.0,524100000.0,522400000.0,538800000.0
Juniper Networks Inc,JNPR,AUHIXNGG7U2U7JEHM527,1043604,2010.0,Q3YTD,2010-01-01,2010-09-30,,3258000.0,0.82,0.82,,0.79,,117225000.0,599382000.0,429290000.0,429290000.0,428169000.0,1121000.0,953579000.0,2903325000.0,5729000.0,,,662913000.0,9091000.0,134316000.0,953579000.0,1949746000.0,,1408960000.0,540786000.0,5729000.0,546515000.0,2903325000.0,517500000.0,520581000.0,534880000.0
Juniper Networks Inc,JNPR,AUHIXNGG7U2U7JEHM527,1043604,2010.0,Q3TTM,2009-10-01,2010-09-30,,4415000.0,0.86,0.86,,0.83,,100040000.0,810670000.0,450423000.0,450423000.0,451073000.0,-650000.0,1263787000.0,3844779000.0,7095000.0,,182331000.0,850123000.0,12303000.0,174512000.0,1263787000.0,2580992000.0,-3270000.0,2034354000.0,546638000.0,3825000.0,550463000.0,3844779000.0,517500000.0,520581000.0,534880000.0
Juniper Networks Inc,JNPR,AUHIXNGG7U2U7JEHM527,1043604,2010.0,Q3,2010-07-01,2010-09-30,2011-11-04 16:37:01+00:00,917000.0,0.26,0.26,,0.25,,61404000.0,204704000.0,134337000.0,134337000.0,134543000.0,-206000.0,334620000.0,1012407000.0,205000.0,,,231151000.0,181000.0,45298000.0,334620000.0,677787000.0,,482251000.0,195536000.0,205000.0,195741000.0,1012407000.0,517500000.0,520581000.0,534880000.0
Juniper Networks Inc,JNPR,AUHIXNGG7U2U7JEHM527,1043604,2010.0,Q2YTD,2010-01-01,2010-06-30,,2341000.0,0.56,0.56,,0.54,,55821000.0,394678000.0,294953000.0,294953000.0,293626000.0,1327000.0,618959000.0,1890918000.0,5524000.0,,,431762000.0,8910000.0,89018000.0,618959000.0,1271959000.0,,926709000.0,345250000.0,5524000.0,350774000.0,1890918000.0,522000000.0,524463000.0,538947000.0
Juniper Networks Inc,JNPR,AUHIXNGG7U2U7JEHM527,1043604,2010.0,Q2TTM,2009-07-01,2010-06-30,,4828000.0,0.76,0.76,,0.74,,84538000.0,789390000.0,399872000.0,399872000.0,400316000.0,-444000.0,1209796000.0,3656284000.0,6890000.0,,182331000.0,804176000.0,16615000.0,170091000.0,1209796000.0,2446488000.0,-1537000.0,1967431000.0,479057000.0,5353000.0,484410000.0,3656284000.0,522000000.0,524463000.0,538947000.0
Juniper Networks Inc,JNPR,AUHIXNGG7U2U7JEHM527,1043604,2010.0,Q2,2010-04-01,2010-06-30,2011-08-08 14:05:53+00:00,1204000.0,0.25,0.25,,0.24,,58700000.0,202303000.0,130343000.0,130343000.0,130511000.0,-168000.0,318362000.0,978300000.0,4065000.0,,,224768000.0,805000.0,45880000.0,318362000.0,659938000.0,,474960000.0,184978000.0,4065000.0,189043000.0,978300000.0,522000000.0,524463000.0,538947000.0
Juniper Networks Inc,JNPR,AUHIXNGG7U2U7JEHM527,1043604,2010.0,Q1TTM,2009-04-01,2010-03-31,,7163000.0,0.54,0.54,,0.53,,108032000.0,763642000.0,284298000.0,284298000.0,284574000.0,-276000.0,1171415000.0,3464347000.0,2825000.0,,182331000.0,763302000.0,23339000.0,163386000.0,1171415000.0,2292932000.0,-264000.0,1903163000.0,389769000.0,2561000.0,392330000.0,3464347000.0,526200000.0,521141000.0,536718000.0
Juniper Networks Inc,JNPR,AUHIXNGG7U2U7JEHM527,1043604,2010.0,Q1,2010-01-01,2010-03-31,2011-05-06 13:54:52+00:00,1137000.0,0.31,0.31,,0.3,,-2879000.0,192375000.0,164610000.0,164610000.0,163115000.0,1495000.0,300597000.0,912618000.0,1459000.0,,,206994000.0,8105000.0,43138000.0,300597000.0,612021000.0,,451749000.0,160272000.0,1459000.0,161731000.0,912618000.0,526200000.0,521141000.0,536718000.0
Juniper Networks Inc,JNPR,AUHIXNGG7U2U7JEHM527,1043604,2011.0,Q4,2011-10-01,2011-12-31,,-4139000.0,0.18,0.18,,0.18,,26317000.0,257341000.0,96151000.0,96151000.0,96127000.0,24000.0,421803000.0,1120748000.0,-10693000.0,,,250475000.0,8246000.0,53861000.0,421803000.0,698945000.0,,565784000.0,133161000.0,-10693000.0,122468000.0,1120748000.0,531400000.0,529800000.0,541400000.0
Juniper Networks Inc,JNPR,AUHIXNGG7U2U7JEHM527,1043604,2011.0,FY,2011-01-01,2011-12-31,2014-02-25 18:45:12+00:00,,0.8,0.8,,0.79,,146700000.0,1005200000.0,425000000.0,425000000.0,425100000.0,-100000.0,1580100000.0,4448700000.0,-46800000.0,,,1026800000.0,30600000.0,187500000.0,1580100000.0,2868600000.0,,2250100000.0,618500000.0,-46800000.0,571700000.0,4448700000.0,531400000.0,529800000.0,541400000.0
Juniper Networks Inc,JNPR,AUHIXNGG7U2U7JEHM527,1043604,2011.0,Q3YTD,2011-01-01,2011-09-30,,4139000.0,0.62,0.62,,0.61,,120383000.0,747859000.0,328849000.0,328849000.0,328973000.0,-124000.0,1158297000.0,3327952000.0,-36107000.0,,,776325000.0,22354000.0,133639000.0,1158297000.0,2169655000.0,,1684316000.0,485339000.0,-36107000.0,449232000.0,3327952000.0,522900000.0,529286000.0,536583000.0
Juniper Networks Inc,JNPR,AUHIXNGG7U2U7JEHM527,1043604,2011.0,Q3TTM,2010-10-01,2011-09-30,,5081000.0,0.98,0.98,,0.97,,161958000.0,1005577000.0,518959000.0,518959000.0,519204000.0,-245000.0,1556218000.0,4517927000.0,-31236000.0,,,1031312000.0,30363000.0,177223000.0,1556218000.0,2961709000.0,,2249556000.0,712153000.0,-31236000.0,680917000.0,4517927000.0,522900000.0,529286000.0,536583000.0
Juniper Networks Inc,JNPR,AUHIXNGG7U2U7JEHM527,1043604,2011.0,Q3,2011-07-01,2011-09-30,2012-11-08 16:59:23+00:00,1263000.0,0.16,0.16,,0.16,,37398000.0,254933000.0,83671000.0,83671000.0,83663000.0,8000.0,394192000.0,1105796000.0,-15957000.0,,,257096000.0,16831000.0,44455000.0,394192000.0,711604000.0,,574578000.0,137026000.0,-15957000.0,121069000.0,1105796000.0,522900000.0,529286000.0,536583000.0
Juniper Networks Inc,JNPR,AUHIXNGG7U2U7JEHM527,1043604,2011.0,Q2YTD,2011-01-01,2011-06-30,,2876000.0,0.46,0.46,,0.45,,82985000.0,492926000.0,245178000.0,245178000.0,245310000.0,-132000.0,764105000.0,2222156000.0,-20150000.0,,,519229000.0,5523000.0,89184000.0,764105000.0,1458051000.0,,1109738000.0,348313000.0,-20150000.0,328163000.0,2222156000.0,525300000.0,532909000.0,546452000.0
Juniper Networks Inc,JNPR,AUHIXNGG7U2U7JEHM527,1043604,2011.0,Q2TTM,2010-07-01,2011-06-30,,4735000.0,1.08,1.08,,1.06,,185964000.0,955348000.0,569625000.0,569625000.0,570084000.0,-459000.0,1496646000.0,4424538000.0,-15074000.0,,,1005367000.0,13713000.0,178066000.0,1496646000.0,2927892000.0,,2157229000.0,770663000.0,-15074000.0,755589000.0,4424538000.0,525300000.0,532909000.0,546452000.0
Juniper Networks Inc,JNPR,AUHIXNGG7U2U7JEHM527,1043604,2011.0,Q2,2011-04-01,2011-06-30,2012-08-08 16:13:35+00:00,1332000.0,0.22,0.22,,0.21,,41714000.0,246635000.0,115518000.0,115518000.0,115560000.0,-42000.0,398378000.0,1120544000.0,-13688000.0,,,257250000.0,1769000.0,44260000.0,398378000.0,722166000.0,,551246000.0,170920000.0,-13688000.0,157232000.0,1120544000.0,525300000.0,532909000.0,546452000.0
Juniper Networks Inc,JNPR,AUHIXNGG7U2U7JEHM527,1043604,2011.0,Q1TTM,2010-04-01,2011-03-31,,4607000.0,1.11,1.11,,1.09,,202950000.0,911016000.0,584450000.0,584450000.0,585035000.0,-585000.0,1416630000.0,4282294000.0,2679000.0,,,972885000.0,12749000.0,179686000.0,1416630000.0,2865664000.0,,2080943000.0,784721000.0,2679000.0,787400000.0,4282294000.0,540600000.0,530789000.0,548825000.0
Juniper Networks Inc,JNPR,AUHIXNGG7U2U7JEHM527,1043604,2011.0,Q1,2011-01-01,2011-03-31,2012-05-09 17:16:54+00:00,1544000.0,0.24,0.24,,0.24,,41271000.0,246291000.0,129660000.0,129660000.0,129750000.0,-90000.0,365727000.0,1101612000.0,-6462000.0,,,261979000.0,3754000.0,44924000.0,365727000.0,735885000.0,,558492000.0,177393000.0,-6462000.0,170931000.0,1101612000.0,540600000.0,530789000.0,548825000.0
Juniper Networks Inc,JNPR,AUHIXNGG7U2U7JEHM527,1043604,2012.0,Q4,2012-10-01,2012-12-31,,-3500000.0,0.19,0.19,,0.18,46800000.0,44200000.0,267300000.0,95700000.0,95700000.0,95700000.0,,407800000.0,1140800000.0,9000000.0,-1300000.0,,275100000.0,-36200000.0,53900000.0,407800000.0,733000000.0,,602100000.0,130900000.0,9000000.0,139900000.0,1140800000.0,518100000.0,520900000.0,526200000.0
Juniper Networks Inc,JNPR,AUHIXNGG7U2U7JEHM527,1043604,2012.0,FY,2012-01-01,2012-12-31,2015-02-20 17:06:56+00:00,,0.36,0.36,0.0,0.35,46800000.0,105000000.0,1045500000.0,186500000.0,186500000.0,186500000.0,,1656600000.0,4365400000.0,-16600000.0,,,1101600000.0,,206800000.0,1656600000.0,2708800000.0,,2400700000.0,308100000.0,-16600000.0,291500000.0,4365400000.0,518100000.0,520900000.0,526200000.0
Juniper Networks Inc,JNPR,AUHIXNGG7U2U7JEHM527,1043604,2012.0,Q3,2012-07-01,2012-09-30,2013-11-08 16:42:02+00:00,1100000.0,0.03,0.03,,0.03,,22000000.0,261000000.0,16800000.0,16800000.0,16800000.0,,444500000.0,1118300000.0,-4000000.0,300000.0,,288200000.0,31000000.0,49400000.0,444500000.0,673800000.0,,631000000.0,42800000.0,-4000000.0,38800000.0,1118300000.0,560000000.0,521200000.0,524500000.0
Juniper Networks Inc,JNPR,AUHIXNGG7U2U7JEHM527,1043604,2012.0,Q3YTD,2012-01-01,2012-09-30,,3500000.0,0.17,0.17,,0.17,,60800000.0,778200000.0,90800000.0,90800000.0,90800000.0,,1248800000.0,3224600000.0,-25600000.0,1300000.0,,826500000.0,36200000.0,152900000.0,1248800000.0,1975800000.0,,1798600000.0,177200000.0,-25600000.0,151600000.0,3224600000.0,560000000.0,521200000.0,524500000.0
Juniper Networks Inc,JNPR,AUHIXNGG7U2U7JEHM527,1043604,2012.0,Q3TTM,2011-10-01,2012-09-30,,-639000.0,0.35,0.35,,0.35,,87117000.0,1035541000.0,186951000.0,186951000.0,186927000.0,24000.0,1670603000.0,4345348000.0,-36293000.0,1300000.0,,1076975000.0,44446000.0,206761000.0,1670603000.0,2674745000.0,,2364384000.0,310361000.0,-36293000.0,274068000.0,4345348000.0,560000000.0,521200000.0,524500000.0
Juniper Networks Inc,JNPR,AUHIXNGG7U2U7JEHM527,1043604,2012.0,Q2,2012-04-01,2012-06-30,2013-08-08 16:10:35+00:00,1200000.0,0.11,0.11,,0.11,,31800000.0,259500000.0,57700000.0,57700000.0,57700000.0,,405900000.0,1073800000.0,2800000.0,-200000.0,,268700000.0,3200000.0,48800000.0,405900000.0,667900000.0,,581200000.0,86700000.0,2800000.0,89500000.0,1073800000.0,524500000.0,527800000.0,531800000.0
Juniper Networks Inc,JNPR,AUHIXNGG7U2U7JEHM527,1043604,2012.0,Q2YTD,2012-01-01,2012-06-30,,2400000.0,0.14,0.14,,0.14,,38800000.0,517200000.0,74000000.0,74000000.0,74000000.0,,804300000.0,2106300000.0,-21600000.0,1000000.0,,538300000.0,5200000.0,103500000.0,804300000.0,1302000000.0,,1167600000.0,134400000.0,-21600000.0,112800000.0,2106300000.0,524500000.0,527800000.0,531800000.0
Juniper Networks Inc,JNPR,AUHIXNGG7U2U7JEHM527,1043604,2012.0,Q2TTM,2011-07-01,2012-06-30,,-476000.0,0.48,0.48,,0.48,,102515000.0,1029474000.0,253822000.0,253822000.0,253790000.0,32000.0,1620295000.0,4332844000.0,-48250000.0,1000000.0,,1045871000.0,30277000.0,201816000.0,1620295000.0,2712549000.0,,2307962000.0,404587000.0,-48250000.0,356337000.0,4332844000.0,524500000.0,527800000.0,531800000.0
Juniper Networks Inc,JNPR,AUHIXNGG7U2U7JEHM527,1043604,2012.0,Q1,2012-01-01,2012-03-31,2013-05-08 16:22:59+00:00,1200000.0,0.03,0.03,,0.03,,7000000.0,257700000.0,16300000.0,16300000.0,16300000.0,,398400000.0,1032500000.0,-24400000.0,1200000.0,,269600000.0,2000000.0,54700000.0,398400000.0,634100000.0,,586400000.0,47700000.0,-24400000.0,23300000.0,1032500000.0,543300000.0,527200000.0,533700000.0
Juniper Networks Inc,JNPR,AUHIXNGG7U2U7JEHM527,1043604,2012.0,Q1TTM,2011-04-01,2012-03-31,,-344000.0,0.59,0.59,,0.58,,112429000.0,1016609000.0,311640000.0,311640000.0,311650000.0,-10000.0,1612773000.0,4379588000.0,-64738000.0,1200000.0,,1034421000.0,28846000.0,197276000.0,1612773000.0,2766815000.0,,2278008000.0,488807000.0,-64738000.0,424069000.0,4379588000.0,543300000.0,527200000.0,533700000.0
Juniper Networks Inc,JNPR,AUHIXNGG7U2U7JEHM527,1043604,2013.0,FY,2013-01-01,2013-12-31,2016-02-19 16:06:03+00:00,,0.88,0.88,0.0,0.86,39100000.0,85700000.0,1075900000.0,439800000.0,439800000.0,439800000.0,,1727700000.0,4669100000.0,-40400000.0,,,1043200000.0,,217300000.0,1727700000.0,2941400000.0,,2375500000.0,565900000.0,-40400000.0,525500000.0,4669100000.0,499800000.0,501800000.0,510300000.0
Juniper Networks Inc,JNPR,AUHIXNGG7U2U7JEHM527,1043604,2013.0,Q4,2013-10-01,2013-12-31,,,0.31,0.31,,0.3,33100000.0,33400000.0,283200000.0,151800000.0,151800000.0,151800000.0,,470000000.0,1273600000.0,-10200000.0,,,258700000.0,-15000000.0,48200000.0,470000000.0,803600000.0,,608200000.0,195400000.0,-10200000.0,185200000.0,1273600000.0,499800000.0,501800000.0,510300000.0
Juniper Networks Inc,JNPR,AUHIXNGG7U2U7JEHM527,1043604,2013.0,Q3YTD,2013-01-01,2013-09-30,,,0.57,0.57,,0.56,6000000.0,52300000.0,792700000.0,288000000.0,288000000.0,288000000.0,,1257700000.0,3395500000.0,-30200000.0,,,784500000.0,15000000.0,169100000.0,1257700000.0,2137800000.0,,1767300000.0,370500000.0,-30200000.0,340300000.0,3395500000.0,495500000.0,501500000.0,508600000.0
Juniper Networks Inc,JNPR,AUHIXNGG7U2U7JEHM527,1043604,2013.0,Q3TTM,2012-10-01,2013-09-30,,-3500000.0,0.76,0.76,,0.74,52800000.0,96500000.0,1060000000.0,383700000.0,383700000.0,383700000.0,,1665500000.0,4536300000.0,-21200000.0,-1300000.0,,1059600000.0,-21200000.0,223000000.0,1665500000.0,2870800000.0,,2369400000.0,501400000.0,-21200000.0,480200000.0,4536300000.0,495500000.0,501500000.0,508600000.0
Juniper Networks Inc,JNPR,AUHIXNGG7U2U7JEHM527,1043604,2013.0,Q3,2013-07-01,2013-09-30,2014-11-10 17:00:53+00:00,,0.2,0.2,0.0,0.19,6000000.0,38400000.0,269500000.0,99100000.0,99100000.0,99100000.0,,439100000.0,1185600000.0,-7500000.0,,,264600000.0,,61400000.0,439100000.0,746500000.0,,601500000.0,145000000.0,-7500000.0,137500000.0,1185600000.0,495500000.0,501500000.0,508600000.0
Juniper Networks Inc,JNPR,AUHIXNGG7U2U7JEHM527,1043604,2013.0,Q2YTD,2013-01-01,2013-06-30,,,0.37,0.37,,0.37,,13900000.0,523200000.0,188900000.0,188900000.0,188900000.0,,818600000.0,2209900000.0,-22700000.0,,,519900000.0,15000000.0,107700000.0,818600000.0,1391300000.0,,1165800000.0,225500000.0,-22700000.0,202800000.0,2209900000.0,515300000.0,503000000.0,506300000.0
Juniper Networks Inc,JNPR,AUHIXNGG7U2U7JEHM527,1043604,2013.0,Q2TTM,2012-07-01,2013-06-30,,-2400000.0,0.59,0.59,,0.58,46800000.0,80100000.0,1051500000.0,301400000.0,301400000.0,301400000.0,,1670900000.0,4469000000.0,-17700000.0,-1000000.0,,1083200000.0,9800000.0,211000000.0,1670900000.0,2798100000.0,,2398900000.0,399200000.0,-17700000.0,381500000.0,4469000000.0,515300000.0,503000000.0,506300000.0
Juniper Networks Inc,JNPR,AUHIXNGG7U2U7JEHM527,1043604,2013.0,Q2,2013-04-01,2013-06-30,2014-08-11 15:44:21+00:00,,0.19,0.19,,0.19,,28000000.0,267100000.0,97900000.0,97900000.0,97900000.0,,430200000.0,1150700000.0,-12600000.0,,,257700000.0,8000000.0,49200000.0,430200000.0,720500000.0,,582000000.0,138500000.0,-12600000.0,125900000.0,1150700000.0,515300000.0,503000000.0,506300000.0
Juniper Networks Inc,JNPR,AUHIXNGG7U2U7JEHM527,1043604,2013.0,Q1TTM,2012-04-01,2013-03-31,,-1200000.0,0.51,0.51,,0.5,46800000.0,83900000.0,1043900000.0,261200000.0,261200000.0,261200000.0,,1646600000.0,4392100000.0,-2300000.0,-1200000.0,,1094200000.0,5000000.0,210600000.0,1646600000.0,2745500000.0,,2398100000.0,347400000.0,-2300000.0,345100000.0,4392100000.0,505600000.0,504700000.0,512700000.0
Juniper Networks Inc,JNPR,AUHIXNGG7U2U7JEHM527,1043604,2013.0,Q1,2013-01-01,2013-03-31,2014-05-08 15:24:25+00:00,,0.18,0.18,,0.18,,-14100000.0,256100000.0,91000000.0,91000000.0,91000000.0,,388400000.0,1059200000.0,-10100000.0,,,262200000.0,7000000.0,58500000.0,388400000.0,670800000.0,,583800000.0,87000000.0,-10100000.0,76900000.0,1059200000.0,505600000.0,504700000.0,512700000.0
Juniper Networks Inc,JNPR,AUHIXNGG7U2U7JEHM527,1043604,2014.0,FY,2014-01-01,2014-12-31,2017-02-24 17:25:56+00:00,,-0.73,-0.73,0.2,-0.73,1017000000.0,248000000.0,1023600000.0,-334300000.0,-334300000.0,-334300000.0,,1768900000.0,4627100000.0,333400000.0,,,1006200000.0,,231100000.0,1768900000.0,2858200000.0,,3277900000.0,-419700000.0,333400000.0,-86300000.0,4627100000.0,457900000.0,457400000.0,457400000.0
Juniper Networks Inc,JNPR,AUHIXNGG7U2U7JEHM527,1043604,2014.0,Q4,2014-10-01,2014-12-31,,,-1.66,-1.66,0.1,-1.64,859800000.0,75200000.0,243000000.0,-769600000.0,-769600000.0,-769600000.0,,426500000.0,1101600000.0,7400000.0,,,233500000.0,,40600000.0,426500000.0,675100000.0,,1376900000.0,-701800000.0,7400000.0,-694400000.0,1101600000.0,457900000.0,457400000.0,457400000.0
Juniper Networks Inc,JNPR,AUHIXNGG7U2U7JEHM527,1043604,2014.0,Q3,2014-07-01,2014-09-30,2015-11-05 17:05:21+00:00,,0.23,0.23,0.1,0.23,-15000000.0,62000000.0,249200000.0,103600000.0,103600000.0,103600000.0,,411100000.0,1125900000.0,-6800000.0,,,253200000.0,,55000000.0,411100000.0,714800000.0,,542400000.0,172400000.0,-6800000.0,165600000.0,1125900000.0,450400000.0,448400000.0,454800000.0
Juniper Networks Inc,JNPR,AUHIXNGG7U2U7JEHM527,1043604,2014.0,Q3YTD,2014-01-01,2014-09-30,,,0.93,0.93,0.1,0.91,157200000.0,172800000.0,780600000.0,435300000.0,435300000.0,435300000.0,,1342400000.0,3525500000.0,326000000.0,,,772700000.0,,190500000.0,1342400000.0,2183100000.0,,1901000000.0,282100000.0,326000000.0,608100000.0,3525500000.0,450400000.0,448400000.0,454800000.0
Juniper Networks Inc,JNPR,AUHIXNGG7U2U7JEHM527,1043604,2014.0,Q3TTM,2013-10-01,2014-09-30,,,1.24,1.24,0.1,1.21,190300000.0,206200000.0,1063800000.0,587100000.0,587100000.0,587100000.0,,1812400000.0,4799100000.0,315800000.0,,,1031400000.0,-15000000.0,238700000.0,1812400000.0,2986700000.0,,2509200000.0,477500000.0,315800000.0,793300000.0,4799100000.0,450400000.0,448400000.0,454800000.0
Juniper Networks Inc,JNPR,AUHIXNGG7U2U7JEHM527,1043604,2014.0,Q2,2014-04-01,2014-06-30,2015-08-06 17:06:49+00:00,,0.47,0.47,0.0,0.46,58200000.0,73400000.0,258000000.0,221100000.0,221100000.0,221100000.0,,481300000.0,1229500000.0,178600000.0,,,255500000.0,,60600000.0,481300000.0,748200000.0,,632300000.0,115900000.0,178600000.0,294500000.0,1229500000.0,470400000.0,470300000.0,476500000.0
Juniper Networks Inc,JNPR,AUHIXNGG7U2U7JEHM527,1043604,2014.0,Q2YTD,2014-01-01,2014-06-30,,,0.7,0.7,,0.68,172200000.0,110800000.0,531400000.0,331700000.0,331700000.0,331700000.0,,931300000.0,2399600000.0,332800000.0,,,519500000.0,,135500000.0,931300000.0,1468300000.0,,1358600000.0,109700000.0,332800000.0,442500000.0,2399600000.0,470400000.0,470300000.0,476500000.0
Juniper Networks Inc,JNPR,AUHIXNGG7U2U7JEHM527,1043604,2014.0,Q2TTM,2013-07-01,2014-06-30,,,1.21,1.21,,1.17,211300000.0,182600000.0,1084100000.0,582600000.0,582600000.0,582600000.0,,1840400000.0,4858800000.0,315100000.0,,,1042800000.0,-15000000.0,245100000.0,1840400000.0,3018400000.0,,2568300000.0,450100000.0,315100000.0,765200000.0,4858800000.0,470400000.0,470300000.0,476500000.0
Juniper Networks Inc,JNPR,AUHIXNGG7U2U7JEHM527,1043604,2014.0,Q1,2014-01-01,2014-03-31,2015-05-08 17:13:37+00:00,,0.23,0.23,0.0,0.22,114000000.0,37400000.0,273400000.0,110600000.0,110600000.0,110600000.0,,450000000.0,1170100000.0,154200000.0,,,264000000.0,,74900000.0,450000000.0,720100000.0,,726300000.0,-6200000.0,154200000.0,148000000.0,1170100000.0,480900000.0,486200000.0,496500000.0
Juniper Networks Inc,JNPR,AUHIXNGG7U2U7JEHM527,1043604,2014.0,Q1TTM,2013-04-01,2014-03-31,,,0.93,0.93,,0.9,153100000.0,137200000.0,1093200000.0,459400000.0,459400000.0,459400000.0,,1789300000.0,4780000000.0,123900000.0,,,1045000000.0,-7000000.0,233700000.0,1789300000.0,2990700000.0,,2518000000.0,472700000.0,123900000.0,596600000.0,4780000000.0,480900000.0,486200000.0,496500000.0
Juniper Networks Inc,JNPR,AUHIXNGG7U2U7JEHM527,1043604,2015.0,FY,2015-01-01,2015-12-31,2018-02-23 16:06:18+00:00,,1.62,1.62,0.4,1.59,,218500000.0,943800000.0,633700000.0,633700000.0,633700000.0,,1779200000.0,4857800000.0,-59800000.0,,,994500000.0,-600000.0,228900000.0,1779200000.0,3078600000.0,,2166600000.0,912000000.0,-59800000.0,852200000.0,4857800000.0,391200000.0,390600000.0,399400000.0
Juniper Networks Inc,JNPR,AUHIXNGG7U2U7JEHM527,1043604,2015.0,Q4,2015-10-01,2015-12-31,,,0.49,0.49,0.1,0.49,500000.0,62800000.0,255900000.0,197800000.0,197800000.0,197800000.0,,477200000.0,1319600000.0,-18500000.0,,,247200000.0,-600000.0,60300000.0,477200000.0,842400000.0,,563300000.0,279100000.0,-18500000.0,260600000.0,1319600000.0,391200000.0,390600000.0,399400000.0
Juniper Networks Inc,JNPR,AUHIXNGG7U2U7JEHM527,1043604,2015.0,Q3,2015-07-01,2015-09-30,2016-11-08 17:29:43+00:00,,0.52,0.52,0.1,0.51,0.0,51900000.0,235300000.0,197700000.0,197700000.0,197700000.0,,451200000.0,1248600000.0,-8400000.0,,,247000000.0,,57100000.0,451200000.0,797400000.0,,539400000.0,258000000.0,-8400000.0,249600000.0,1248600000.0,380200000.0,382800000.0,389200000.0
Juniper Networks Inc,JNPR,AUHIXNGG7U2U7JEHM527,1043604,2015.0,Q3YTD,2015-01-01,2015-09-30,,,1.13,1.13,0.3,1.1,-500000.0,155700000.0,687900000.0,435900000.0,435900000.0,435900000.0,,1302000000.0,3538200000.0,-41300000.0,,,747300000.0,,168600000.0,1302000000.0,2236200000.0,,1603300000.0,632900000.0,-41300000.0,591600000.0,3538200000.0,380200000.0,382800000.0,389200000.0
Juniper Networks Inc,JNPR,AUHIXNGG7U2U7JEHM527,1043604,2015.0,Q3TTM,2014-10-01,2015-09-30,,,-0.53,-0.53,0.4,-0.54,859300000.0,230900000.0,930900000.0,-333700000.0,-333700000.0,-333700000.0,,1728500000.0,4639800000.0,-33900000.0,,,980800000.0,,209200000.0,1728500000.0,2911300000.0,,2980200000.0,-68900000.0,-33900000.0,-102800000.0,4639800000.0,380200000.0,382800000.0,389200000.0
Juniper Networks Inc,JNPR,AUHIXNGG7U2U7JEHM527,1043604,2015.0,Q2,2015-04-01,2015-06-30,2016-08-04 16:42:50+00:00,,0.41,0.41,0.1,0.4,-1900000.0,68000000.0,232400000.0,158000000.0,158000000.0,158000000.0,,440700000.0,1222200000.0,-17100000.0,,,251600000.0,,56300000.0,440700000.0,781500000.0,,538400000.0,243100000.0,-17100000.0,226000000.0,1222200000.0,385400000.0,389900000.0,397200000.0
Juniper Networks Inc,JNPR,AUHIXNGG7U2U7JEHM527,1043604,2015.0,Q2YTD,2015-01-01,2015-06-30,,,0.61,0.61,0.2,0.59,-500000.0,103800000.0,452600000.0,238200000.0,238200000.0,238200000.0,,850800000.0,2289600000.0,-32900000.0,,,500300000.0,,111500000.0,850800000.0,1438800000.0,,1063900000.0,374900000.0,-32900000.0,342000000.0,2289600000.0,385400000.0,389900000.0,397200000.0
Juniper Networks Inc,JNPR,AUHIXNGG7U2U7JEHM527,1043604,2015.0,Q2TTM,2014-07-01,2015-06-30,,,-0.82,-0.82,0.4,-0.82,844300000.0,241000000.0,944800000.0,-427800000.0,-427800000.0,-427800000.0,,1688400000.0,4517100000.0,-32300000.0,,,987000000.0,,207100000.0,1688400000.0,2828700000.0,,2983200000.0,-154500000.0,-32300000.0,-186800000.0,4517100000.0,385400000.0,389900000.0,397200000.0
Juniper Networks Inc,JNPR,AUHIXNGG7U2U7JEHM527,1043604,2015.0,Q1,2015-01-01,2015-03-31,2016-05-09 17:22:23+00:00,,0.2,0.2,0.1,0.19,1400000.0,35800000.0,220200000.0,80200000.0,80200000.0,80200000.0,,410100000.0,1067400000.0,-15800000.0,,,248700000.0,,55200000.0,410100000.0,657300000.0,,525500000.0,131800000.0,-15800000.0,116000000.0,1067400000.0,401000000.0,407100000.0,414200000.0
Juniper Networks Inc,JNPR,AUHIXNGG7U2U7JEHM527,1043604,2015.0,Q1TTM,2014-04-01,2015-03-31,,,-0.76,-0.76,0.3,-0.76,904400000.0,246400000.0,970400000.0,-364700000.0,-364700000.0,-364700000.0,,1729000000.0,4524400000.0,163400000.0,,,990900000.0,,211400000.0,1729000000.0,2795400000.0,,3077100000.0,-281700000.0,163400000.0,-118300000.0,4524400000.0,401000000.0,407100000.0,414200000.0
Juniper Networks Inc,JNPR,AUHIXNGG7U2U7JEHM527,1043604,2016.0,FY,2016-01-01,2016-12-31,2019-02-22 16:33:50+00:00,,1.55,1.55,0.4,1.53,,234700000.0,972900000.0,592700000.0,592700000.0,592700000.0,,1885600000.0,4990100000.0,-62300000.0,,,1013700000.0,3300000.0,224900000.0,1885600000.0,3104500000.0,,2214800000.0,889700000.0,-62300000.0,827400000.0,4990100000.0,382400000.0,381700000.0,387800000.0
Juniper Networks Inc,JNPR,AUHIXNGG7U2U7JEHM527,1043604,2016.0,Q4,2016-10-01,2016-12-31,,,0.49,0.49,-0.3,0.49,,83200000.0,254500000.0,188900000.0,188900000.0,188900000.0,,527900000.0,1385600000.0,-15100000.0,,,263000000.0,100000.0,52900000.0,527900000.0,857700000.0,,570500000.0,287200000.0,-15100000.0,272100000.0,1385600000.0,382400000.0,381700000.0,387800000.0
Juniper Networks Inc,JNPR,AUHIXNGG7U2U7JEHM527,1043604,2016.0,Q3,2016-07-01,2016-09-30,2017-11-07 16:11:15+00:00,,0.45,0.45,0.1,0.45,,64200000.0,242900000.0,172400000.0,172400000.0,172400000.0,,485800000.0,1285300000.0,-13400000.0,,,251800000.0,800000.0,54000000.0,485800000.0,799500000.0,,549500000.0,250000000.0,-13400000.0,236600000.0,1285300000.0,383100000.0,381000000.0,384500000.0
Juniper Networks Inc,JNPR,AUHIXNGG7U2U7JEHM527,1043604,2016.0,Q3YTD,2016-01-01,2016-09-30,,,1.06,1.06,0.3,1.04,,151500000.0,718400000.0,403800000.0,403800000.0,403800000.0,,1357700000.0,3604500000.0,-47200000.0,,,750700000.0,3200000.0,172000000.0,1357700000.0,2246800000.0,,1644300000.0,602500000.0,-47200000.0,555300000.0,3604500000.0,383100000.0,381000000.0,384500000.0
Juniper Networks Inc,JNPR,AUHIXNGG7U2U7JEHM527,1043604,2016.0,Q3TTM,2015-10-01,2016-09-30,,,1.55,1.55,0.4,1.53,500000.0,214300000.0,974300000.0,601600000.0,601600000.0,601600000.0,,1834900000.0,4924100000.0,-65700000.0,,,997900000.0,2600000.0,232300000.0,1834900000.0,3089200000.0,,2207600000.0,881600000.0,-65700000.0,815900000.0,4924100000.0,383100000.0,381000000.0,384500000.0
Juniper Networks Inc,JNPR,AUHIXNGG7U2U7JEHM527,1043604,2016.0,Q2,2016-04-01,2016-06-30,2017-08-08 16:42:17+00:00,,0.37,0.37,0.1,0.36,,52200000.0,243700000.0,140000000.0,140000000.0,140000000.0,,464900000.0,1221300000.0,-11600000.0,,,247900000.0,2400000.0,58600000.0,464900000.0,756400000.0,,552600000.0,203800000.0,-11600000.0,192200000.0,1221300000.0,378400000.0,382800000.0,386300000.0
Juniper Networks Inc,JNPR,AUHIXNGG7U2U7JEHM527,1043604,2016.0,Q2YTD,2016-01-01,2016-06-30,,,0.61,0.61,0.2,0.59,,87300000.0,475500000.0,231400000.0,231400000.0,231400000.0,,871900000.0,2319200000.0,-33800000.0,,,498900000.0,2400000.0,118000000.0,871900000.0,1447300000.0,,1094800000.0,352500000.0,-33800000.0,318700000.0,2319200000.0,378400000.0,382800000.0,386300000.0
Juniper Networks Inc,JNPR,AUHIXNGG7U2U7JEHM527,1043604,2016.0,Q2TTM,2015-07-01,2016-06-30,,,1.62,1.62,0.4,1.59,500000.0,202000000.0,966700000.0,626900000.0,626900000.0,626900000.0,,1800300000.0,4887400000.0,-60700000.0,,,993100000.0,1800000.0,235400000.0,1800300000.0,3087100000.0,,2197500000.0,889600000.0,-60700000.0,828900000.0,4887400000.0,378400000.0,382800000.0,386300000.0
Juniper Networks Inc,JNPR,AUHIXNGG7U2U7JEHM527,1043604,2016.0,Q1,2016-01-01,2016-03-31,2017-05-08 16:15:34+00:00,,0.24,0.24,0.1,0.23,,35100000.0,231800000.0,91400000.0,91400000.0,91400000.0,,407000000.0,1097900000.0,-22200000.0,,,251000000.0,0.0,59400000.0,407000000.0,690900000.0,,542200000.0,148700000.0,-22200000.0,126500000.0,1097900000.0,380800000.0,383200000.0,389300000.0
Juniper Networks Inc,JNPR,AUHIXNGG7U2U7JEHM527,1043604,2016.0,Q1TTM,2015-04-01,2016-03-31,,,1.66,1.66,0.4,1.63,-1400000.0,217800000.0,955400000.0,644900000.0,644900000.0,644900000.0,,1776100000.0,4888300000.0,-66200000.0,,,996800000.0,-600000.0,233100000.0,1776100000.0,3112200000.0,,2183300000.0,928900000.0,-66200000.0,862700000.0,4888300000.0,380800000.0,383200000.0,389300000.0
Juniper Networks Inc,JNPR,AUHIXNGG7U2U7JEHM527,1043604,2017.0,FY,2017-01-01,2017-12-31,2020-02-20 16:35:50+00:00,,0.81,0.81,0.4,0.8,,505600000.0,950200000.0,306200000.0,306200000.0,306200000.0,,1955100000.0,5027200000.0,-36300000.0,,,980700000.0,65600000.0,227500000.0,1955100000.0,3072100000.0,,2224000000.0,848100000.0,-36300000.0,811800000.0,5027200000.0,378000000.0,377700000.0,384200000.0
Juniper Networks Inc,JNPR,AUHIXNGG7U2U7JEHM527,1043604,2017.0,Q4,2017-10-01,2017-12-31,,,-0.39,-0.39,-0.2,-0.38,,348300000.0,233600000.0,-148100000.0,-148100000.0,-148100000.0,,488300000.0,18500000.0,-2500000.0,-1221000000.0,,227900000.0,36200000.0,50800000.0,488300000.0,-469800000.0,,-672500000.0,202700000.0,-2500000.0,200200000.0,18500000.0,378000000.0,377700000.0,384200000.0
Juniper Networks Inc,JNPR,AUHIXNGG7U2U7JEHM527,1043604,2017.0,Q3,2017-07-01,2017-09-30,2018-11-07 16:13:21+00:00,,0.44,0.44,,0.43,,60100000.0,232500000.0,165700000.0,165700000.0,165700000.0,,485400000.0,1257800000.0,-5100000.0,,,236400000.0,2000000.0,70600000.0,485400000.0,772400000.0,,541500000.0,230900000.0,-5100000.0,225800000.0,1257800000.0,376600000.0,378300000.0,382700000.0
Juniper Networks Inc,JNPR,AUHIXNGG7U2U7JEHM527,1043604,2017.0,Q3YTD,2017-01-01,2017-09-30,,,1.2,1.2,0.2,1.18,,157300000.0,716600000.0,454300000.0,454300000.0,454300000.0,,1466800000.0,5008700000.0,-33800000.0,1221000000.0,,752800000.0,29400000.0,176700000.0,1466800000.0,3541900000.0,,2896500000.0,645400000.0,-33800000.0,611600000.0,5008700000.0,376600000.0,378300000.0,382700000.0
Juniper Networks Inc,JNPR,AUHIXNGG7U2U7JEHM527,1043604,2017.0,Q3TTM,2016-10-01,2017-09-30,,,1.69,1.69,-0.1,1.67,,240500000.0,971100000.0,643200000.0,643200000.0,643200000.0,,1994700000.0,6394300000.0,-48900000.0,1221000000.0,,1015800000.0,29500000.0,229600000.0,1994700000.0,4399600000.0,,3467000000.0,932600000.0,-48900000.0,883700000.0,6394300000.0,376600000.0,378300000.0,382700000.0
Juniper Networks Inc,JNPR,AUHIXNGG7U2U7JEHM527,1043604,2017.0,Q2,2017-04-01,2017-06-30,2018-08-08 16:17:44+00:00,,0.47,0.47,0.1,0.47,,65400000.0,239900000.0,179800000.0,179800000.0,179800000.0,,507000000.0,1308900000.0,-13000000.0,,,240200000.0,8000000.0,55600000.0,507000000.0,801900000.0,,543700000.0,258200000.0,-13000000.0,245200000.0,1308900000.0,382600000.0,380400000.0,385600000.0
Juniper Networks Inc,JNPR,AUHIXNGG7U2U7JEHM527,1043604,2017.0,Q2YTD,2017-01-01,2017-06-30,,,0.76,0.76,0.2,0.75,,97200000.0,484100000.0,288600000.0,288600000.0,288600000.0,,981400000.0,3750900000.0,-28700000.0,1221000000.0,,516400000.0,27400000.0,106100000.0,981400000.0,2769500000.0,,2355000000.0,414500000.0,-28700000.0,385800000.0,3750900000.0,382600000.0,380400000.0,385600000.0
Juniper Networks Inc,JNPR,AUHIXNGG7U2U7JEHM527,1043604,2017.0,Q2TTM,2016-07-01,2017-06-30,,,1.7,1.7,,1.69,,244600000.0,981500000.0,649900000.0,649900000.0,649900000.0,,1995100000.0,6421800000.0,-57200000.0,1221000000.0,,1031200000.0,28300000.0,213000000.0,1995100000.0,4426700000.0,,3475000000.0,951700000.0,-57200000.0,894500000.0,6421800000.0,382600000.0,380400000.0,385600000.0
Juniper Networks Inc,JNPR,AUHIXNGG7U2U7JEHM527,1043604,2017.0,Q1,2017-01-01,2017-03-31,2018-05-08 16:17:42+00:00,,0.29,0.29,0.1,0.28,,31800000.0,244200000.0,108800000.0,108800000.0,108800000.0,,474400000.0,2442000000.0,-15700000.0,1221000000.0,,276200000.0,19400000.0,50500000.0,474400000.0,1967600000.0,,1811300000.0,156300000.0,-15700000.0,140600000.0,2442000000.0,375200000.0,380900000.0,388000000.0
Juniper Networks Inc,JNPR,AUHIXNGG7U2U7JEHM527,1043604,2017.0,Q1TTM,2016-04-01,2017-03-31,,,1.6,1.6,,1.58,,231400000.0,985300000.0,610100000.0,610100000.0,610100000.0,,1953000000.0,6334200000.0,-55800000.0,1221000000.0,,1038900000.0,22700000.0,216000000.0,1953000000.0,4381200000.0,,3483900000.0,897300000.0,-55800000.0,841500000.0,6334200000.0,375200000.0,380900000.0,388000000.0
Juniper Networks Inc,JNPR,AUHIXNGG7U2U7JEHM527,1043604,2018.0,FY,2018-01-01,2018-12-31,2020-02-20 16:35:50+00:00,,1.62,1.62,0.72,1.6,,-34200000.0,927400000.0,566900000.0,566900000.0,566900000.0,,1906300000.0,4647500000.0,-39500000.0,,,1003200000.0,7300000.0,231100000.0,1906300000.0,2741200000.0,,2169000000.0,572200000.0,-39500000.0,532700000.0,4647500000.0,349900000.0,349000000.0,354400000.0
Juniper Networks Inc,JNPR,AUHIXNGG7U2U7JEHM527,1043604,2018.0,Q4,2018-10-01,2018-12-31,,,0.54,0.54,,0.53,,-3800000.0,224900000.0,192200000.0,192200000.0,192200000.0,,470100000.0,1181000000.0,-8400000.0,,,231200000.0,5000000.0,53000000.0,470100000.0,710900000.0,,514100000.0,196800000.0,-8400000.0,188400000.0,1181000000.0,349900000.0,349000000.0,354400000.0
Juniper Networks Inc,JNPR,AUHIXNGG7U2U7JEHM527,1043604,2018.0,Q3,2018-07-01,2018-09-30,2019-11-06 16:15:55+00:00,,0.65,0.65,,0.64,,-71800000.0,224800000.0,223800000.0,223800000.0,223800000.0,,468800000.0,1179800000.0,-8100000.0,,,253800000.0,4400000.0,67900000.0,468800000.0,711000000.0,,550900000.0,160100000.0,-8100000.0,152000000.0,1179800000.0,344300000.0,346200000.0,350500000.0
Juniper Networks Inc,JNPR,AUHIXNGG7U2U7JEHM527,1043604,2018.0,Q3YTD,2018-01-01,2018-09-30,,,1.08,1.08,,1.07,,-30400000.0,702500000.0,374700000.0,374700000.0,374700000.0,,1436200000.0,3466500000.0,-31100000.0,,,772000000.0,2300000.0,178100000.0,1436200000.0,2030300000.0,,1654900000.0,375400000.0,-31100000.0,344300000.0,3466500000.0,344300000.0,346200000.0,350500000.0
Juniper Networks Inc,JNPR,AUHIXNGG7U2U7JEHM527,1043604,2018.0,Q3TTM,2017-10-01,2018-09-30,,,0.69,0.69,-0.2,0.69,,317900000.0,936100000.0,226600000.0,226600000.0,226600000.0,,1924500000.0,3485000000.0,-33600000.0,-1221000000.0,,999900000.0,38500000.0,228900000.0,1924500000.0,1560500000.0,,982400000.0,578100000.0,-33600000.0,544500000.0,3485000000.0,344300000.0,346200000.0,350500000.0
Juniper Networks Inc,JNPR,AUHIXNGG7U2U7JEHM527,1043604,2018.0,Q2,2018-04-01,2018-06-30,2019-08-07 15:27:45+00:00,,0.33,0.33,,0.33,,34400000.0,238300000.0,116500000.0,116500000.0,116500000.0,,503200000.0,1204100000.0,-8900000.0,,,248800000.0,-200000.0,54200000.0,503200000.0,700900000.0,,541100000.0,159800000.0,-8900000.0,150900000.0,1204100000.0,353000000.0,349000000.0,351300000.0
Juniper Networks Inc,JNPR,AUHIXNGG7U2U7JEHM527,1043604,2018.0,Q2YTD,2018-01-01,2018-06-30,,,0.43,0.43,,0.43,,41400000.0,477700000.0,150900000.0,150900000.0,150900000.0,,967400000.0,2286700000.0,-23000000.0,,,518200000.0,-2100000.0,110200000.0,967400000.0,1319300000.0,,1104000000.0,215300000.0,-23000000.0,192300000.0,2286700000.0,353000000.0,349000000.0,351300000.0
Juniper Networks Inc,JNPR,AUHIXNGG7U2U7JEHM527,1043604,2018.0,Q2TTM,2017-07-01,2018-06-30,,,0.48,0.48,-0.2,0.48,,449800000.0,943800000.0,168500000.0,168500000.0,168500000.0,,1941100000.0,3563000000.0,-30600000.0,-1221000000.0,,982500000.0,36100000.0,231600000.0,1941100000.0,1621900000.0,,973000000.0,648900000.0,-30600000.0,618300000.0,3563000000.0,353000000.0,349000000.0,351300000.0
Juniper Networks Inc,JNPR,AUHIXNGG7U2U7JEHM527,1043604,2018.0,Q1,2018-01-01,2018-03-31,2019-05-09 16:20:38+00:00,,0.1,0.1,0.18,0.1,,7000000.0,239400000.0,34400000.0,34400000.0,34400000.0,,464200000.0,1082600000.0,-14100000.0,,,269400000.0,-1900000.0,56000000.0,464200000.0,618400000.0,,562900000.0,55500000.0,-14100000.0,41400000.0,1082600000.0,344000000.0,355300000.0,360600000.0
Juniper Networks Inc,JNPR,AUHIXNGG7U2U7JEHM527,1043604,2018.0,Q1TTM,2017-04-01,2018-03-31,,,0.62,0.62,-0.1,0.62,,480800000.0,945400000.0,231800000.0,231800000.0,231800000.0,,1944900000.0,3667800000.0,-34700000.0,-1221000000.0,,973900000.0,44300000.0,233000000.0,1944900000.0,1722900000.0,,975600000.0,747300000.0,-34700000.0,712600000.0,3667800000.0,344000000.0,355300000.0,360600000.0
Juniper Networks Inc,JNPR,AUHIXNGG7U2U7JEHM527,1043604,2019.0,Q4,2019-10-01,2019-12-31,,,0.5,0.5,,0.48,,5600000.0,246500000.0,168400000.0,168400000.0,168400000.0,,488800000.0,1208100000.0,-4600000.0,,,239600000.0,-300000.0,54900000.0,488800000.0,719300000.0,,540700000.0,178600000.0,-4600000.0,174000000.0,1208100000.0,341600000.0,343200000.0,348200000.0
Juniper Networks Inc,JNPR,AUHIXNGG7U2U7JEHM527,1043604,2019.0,FY,2019-01-01,2019-12-31,2020-02-20 16:35:50+00:00,,1.01,1.01,0.76,0.99,,69400000.0,939300000.0,345000000.0,345000000.0,345000000.0,,1828600000.0,4445400000.0,-27800000.0,,,955700000.0,35300000.0,244300000.0,1828600000.0,2616800000.0,,2174600000.0,442200000.0,-27800000.0,414400000.0,4445400000.0,341600000.0,343200000.0,348200000.0
Juniper Networks Inc,JNPR,AUHIXNGG7U2U7JEHM527,1043604,2019.0,Q3YTD,2019-01-01,2019-09-30,,,0.51,0.51,,0.51,,63800000.0,692800000.0,176600000.0,176600000.0,176600000.0,,1339800000.0,3237300000.0,-23200000.0,,,716100000.0,35600000.0,189400000.0,1339800000.0,1897500000.0,,1633900000.0,263600000.0,-23200000.0,240400000.0,3237300000.0,342400000.0,342200000.0,345500000.0
Juniper Networks Inc,JNPR,AUHIXNGG7U2U7JEHM527,1043604,2019.0,Q3TTM,2018-10-01,2019-09-30,,,1.05,1.05,,1.04,,60000000.0,917700000.0,368800000.0,368800000.0,368800000.0,,1809900000.0,4418300000.0,-31600000.0,,,947300000.0,40600000.0,242400000.0,1809900000.0,2608400000.0,,2148000000.0,460400000.0,-31600000.0,428800000.0,4418300000.0,342400000.0,342200000.0,345500000.0
Juniper Networks Inc,JNPR,AUHIXNGG7U2U7JEHM527,1043604,2019.0,Q3,2019-07-01,2019-09-30,2019-11-06 16:15:55+00:00,,0.29,0.29,,0.29,,18800000.0,235300000.0,99300000.0,99300000.0,99300000.0,,454700000.0,1133100000.0,-20400000.0,,,244500000.0,-1100000.0,61200000.0,454700000.0,678400000.0,,539900000.0,138500000.0,-20400000.0,118100000.0,1133100000.0,342400000.0,342200000.0,345500000.0
Juniper Networks Inc,JNPR,AUHIXNGG7U2U7JEHM527,1043604,2019.0,Q2,2019-04-01,2019-06-30,2019-08-07 15:27:45+00:00,,0.13,0.13,,0.13,,31600000.0,229000000.0,46200000.0,46200000.0,46200000.0,,465700000.0,1102500000.0,-4600000.0,,,244000000.0,21400000.0,60000000.0,465700000.0,636800000.0,,554400000.0,82400000.0,-4600000.0,77800000.0,1102500000.0,355400000.0,346300000.0,349100000.0
Juniper Networks Inc,JNPR,AUHIXNGG7U2U7JEHM527,1043604,2019.0,Q2YTD,2019-01-01,2019-06-30,,,0.22,0.22,,0.22,,45000000.0,457500000.0,77300000.0,77300000.0,77300000.0,,885100000.0,2104200000.0,-2800000.0,,,471600000.0,36700000.0,128200000.0,885100000.0,1219100000.0,,1094000000.0,125100000.0,-2800000.0,122300000.0,2104200000.0,355400000.0,346300000.0,349100000.0
Juniper Networks Inc,JNPR,AUHIXNGG7U2U7JEHM527,1043604,2019.0,Q2TTM,2018-07-01,2019-06-30,,,1.41,1.41,,1.39,,-30600000.0,907200000.0,493300000.0,493300000.0,493300000.0,,1824000000.0,4465000000.0,-19300000.0,,,956600000.0,46100000.0,249100000.0,1824000000.0,2641000000.0,,2159000000.0,482000000.0,-19300000.0,462700000.0,4465000000.0,355400000.0,346300000.0,349100000.0
Juniper Networks Inc,JNPR,AUHIXNGG7U2U7JEHM527,1043604,2019.0,Q1,2019-01-01,2019-03-31,2020-05-05 16:22:44+00:00,,0.09,0.09,0.19,0.09,,13400000.0,228500000.0,31100000.0,31100000.0,31100000.0,,419400000.0,1001700000.0,1800000.0,,,227600000.0,15300000.0,68200000.0,419400000.0,582300000.0,,539600000.0,42700000.0,1800000.0,44500000.0,1001700000.0,345600000.0,348100000.0,352700000.0
Juniper Networks Inc,JNPR,AUHIXNGG7U2U7JEHM527,1043604,2019.0,Q1TTM,2018-04-01,2019-03-31,,,1.61,1.61,,1.59,,-27800000.0,916500000.0,563600000.0,563600000.0,563600000.0,,1861500000.0,4566600000.0,-23600000.0,,,961400000.0,24500000.0,243300000.0,1861500000.0,2705100000.0,,2145700000.0,559400000.0,-23600000.0,535800000.0,4566600000.0,345600000.0,348100000.0,352700000.0
Juniper Networks Inc,JNPR,AUHIXNGG7U2U7JEHM527,1043604,2020.0,Q1TTM,2019-04-01,2020-03-31,,,0.98,0.98,,0.96,,63900000.0,950000000.0,334300000.0,334300000.0,334300000.0,,1827900000.0,4441700000.0,-40700000.0,,,960600000.0,28900000.0,235400000.0,1827900000.0,2613800000.0,,2174900000.0,438900000.0,-40700000.0,398200000.0,4441700000.0,340000000.0,330800000.0,335100000.0
Juniper Networks Inc,JNPR,AUHIXNGG7U2U7JEHM527,1043604,2020.0,Q1,2020-01-01,2020-03-31,2020-05-05 16:22:44+00:00,,0.06,0.06,0.2,0.06,,7900000.0,239200000.0,20400000.0,20400000.0,20400000.0,,418700000.0,998000000.0,-11100000.0,,,232500000.0,8900000.0,59300000.0,418700000.0,579300000.0,,539900000.0,39400000.0,-11100000.0,28300000.0,998000000.0,340000000.0,330800000.0,335100000.0
