company_name,company_ticker,company_lei,company_cik,year,quarter,start_date,end_date,filing_date,basicdilutedeps,basiceps,cashdividendspershare,dilutedeps,impairmentexpense,incometaxexpense,netincome,netincomecontinuing,netincometocommon,netincometononcontrollinginterest,operatingcostofrevenue,operatingrevenue,otheroperatingexpenses,otherspecialcharges,restructuringcharge,sgaexpense,totalcostofrevenue,totalgrossprofit,totalinterestexpense,totalinterestincome,totaloperatingexpenses,totaloperatingincome,totalotherincome,totalpretaxincome,totalrevenue,weightedavebasicdilutedsharesos,weightedavebasicsharesos,weightedavedilutedsharesos
BorgWarner Inc,BWA,549300DSFX2IE88NSX47,908255,2007.0,FY,2007-01-01,2007-12-31,2010-02-11 11:25:35+00:00,2.49,2.49,,2.45,0.0,113900000.0,316500000.0,316500000.0,288500000.0,28000000.0,4378700000.0,5328600000.0,,-100000.0,0.0,531900000.0,4378700000.0,949900000.0,34700000.0,47000000.0,531800000.0,418100000.0,12300000.0,430400000.0,5328600000.0,115900000.0,116002000.0,117840000.0
BorgWarner Inc,BWA,549300DSFX2IE88NSX47,908255,2008.0,FY,2008-01-01,2008-12-31,2011-02-10 11:44:19+00:00,0.06,-0.31,,-0.31,156800000.0,33300000.0,-19300000.0,-19300000.0,-35600000.0,16300000.0,4425400000.0,5263900000.0,,4000000.0,127500000.0,542900000.0,4425400000.0,838500000.0,38800000.0,45500000.0,831200000.0,7300000.0,6700000.0,14000000.0,5263900000.0,-593300000.0,116007000.0,116007000.0
BorgWarner Inc,BWA,549300DSFX2IE88NSX47,908255,2008.0,Q3,2008-07-01,2008-09-30,2009-10-28 11:07:47+00:00,-1.12,-1.12,0.11,-1.12,146800000.0,24300000.0,-128000000.0,-128000000.0,-130400000.0,2400000.0,1114600000.0,1316900000.0,,-400000.0,25000000.0,134800000.0,1114600000.0,202300000.0,11200000.0,11400000.0,306200000.0,-103900000.0,200000.0,-103700000.0,1316900000.0,116400000.0,115999000.0,115999000.0
BorgWarner Inc,BWA,549300DSFX2IE88NSX47,908255,2008.0,Q2,2008-04-01,2008-06-30,2009-07-29 16:27:36+00:00,0.75,0.75,0.11,0.74,,29800000.0,92300000.0,92300000.0,87500000.0,4800000.0,1237800000.0,1516600000.0,,,0.0,160100000.0,1237800000.0,278800000.0,10800000.0,14200000.0,160100000.0,118700000.0,3400000.0,122100000.0,1516600000.0,116700000.0,116250000.0,118382000.0
BorgWarner Inc,BWA,549300DSFX2IE88NSX47,908255,2009.0,Q4,2009-10-01,2009-12-31,,0.45,0.45,,0.45,,5700000.0,56600000.0,56600000.0,52700000.0,3900000.0,985100000.0,1198300000.0,-100000.0,1600000.0,,144400000.0,985100000.0,213200000.0,16100000.0,11100000.0,145900000.0,67300000.0,-5000000.0,62300000.0,1198300000.0,117400000.0,116522000.0,116939000.0
BorgWarner Inc,BWA,549300DSFX2IE88NSX47,908255,2009.0,FY,2009-01-01,2009-12-31,2012-02-14 11:22:22+00:00,0.23,0.23,,0.23,,-18500000.0,36400000.0,36400000.0,27000000.0,9400000.0,3401000000.0,3961800000.0,-100000.0,,50300000.0,459800000.0,3401000000.0,560800000.0,57200000.0,24300000.0,510000000.0,50800000.0,-32900000.0,17900000.0,3961800000.0,117400000.0,116522000.0,116939000.0
BorgWarner Inc,BWA,549300DSFX2IE88NSX47,908255,2009.0,Q3,2009-07-01,2009-09-30,2010-10-27 12:51:18+00:00,0.01,0.15,,0.15,,1500000.0,20000000.0,20000000.0,17200000.0,2800000.0,876000000.0,1027800000.0,,-1600000.0,,125900000.0,876000000.0,151800000.0,13000000.0,7000000.0,124300000.0,27500000.0,-6000000.0,21500000.0,1027800000.0,1720000000.0,116729000.0,117495000.0
BorgWarner Inc,BWA,549300DSFX2IE88NSX47,908255,2009.0,Q3YTD,2009-01-01,2009-09-30,,-0.22,-0.22,0.19,-0.22,,-24200000.0,-20200000.0,-20200000.0,-25700000.0,5500000.0,2415900000.0,2763500000.0,,-1600000.0,50300000.0,315400000.0,2415900000.0,347600000.0,41100000.0,13200000.0,364100000.0,-16500000.0,-27900000.0,-44400000.0,2763500000.0,1720000000.0,116729000.0,117495000.0
BorgWarner Inc,BWA,549300DSFX2IE88NSX47,908255,2009.0,Q2YTD,2009-01-01,2009-06-30,,-0.37,-0.37,0.19,-0.37,,-25700000.0,-40200000.0,-40200000.0,-42900000.0,2700000.0,1539900000.0,1735700000.0,,,50300000.0,189500000.0,1539900000.0,195800000.0,28100000.0,6200000.0,239800000.0,-44000000.0,-21900000.0,-65900000.0,1735700000.0,-1795000000.0,116564000.0,116564000.0
BorgWarner Inc,BWA,549300DSFX2IE88NSX47,908255,2009.0,Q2,2009-04-01,2009-06-30,2010-07-30 11:50:17+00:00,0.02,-0.31,,-0.31,,-19100000.0,-33900000.0,-33900000.0,-35900000.0,2000000.0,800000000.0,916200000.0,,,50300000.0,115400000.0,800000000.0,116200000.0,9000000.0,5500000.0,165700000.0,-49500000.0,-3500000.0,-53000000.0,916200000.0,-1795000000.0,116564000.0,116564000.0
BorgWarner Inc,BWA,549300DSFX2IE88NSX47,908255,2009.0,Q1,2009-01-01,2009-03-31,2010-04-29 11:40:26+00:00,-0.06,-0.06,0.12,-0.06,,-6600000.0,-6300000.0,-6300000.0,-7000000.0,700000.0,739900000.0,819500000.0,,,,74100000.0,739900000.0,79600000.0,19100000.0,700000.0,74100000.0,5500000.0,-18400000.0,-12900000.0,819500000.0,116700000.0,116029000.0,116029000.0
BorgWarner Inc,BWA,549300DSFX2IE88NSX47,908255,2010.0,Q4,2010-10-01,2010-12-31,,0.98,0.98,0.02,0.98,,30600000.0,115600000.0,115600000.0,111700000.0,3900000.0,1227300000.0,1533400000.0,22400000.0,-22000000.0,,148300000.0,1227300000.0,306100000.0,22000000.0,10800000.0,148700000.0,157400000.0,-11200000.0,146200000.0,1533400000.0,114000000.0,114155000.0,129575000.0
BorgWarner Inc,BWA,549300DSFX2IE88NSX47,908255,2010.0,FY,2010-01-01,2010-12-31,2013-02-14 12:20:30+00:00,3.31,3.31,,3.07,,81700000.0,396200000.0,396200000.0,377400000.0,18800000.0,4559500000.0,5652800000.0,22400000.0,,,566600000.0,4559500000.0,1093300000.0,68800000.0,42400000.0,589000000.0,504300000.0,-26400000.0,477900000.0,5652800000.0,114000000.0,114155000.0,129575000.0
BorgWarner Inc,BWA,549300DSFX2IE88NSX47,908255,2010.0,Q3YTD,2010-01-01,2010-09-30,,1.7,2.32,,2.18,,51100000.0,280600000.0,280600000.0,265700000.0,14900000.0,3332200000.0,4119400000.0,,22000000.0,,418300000.0,3332200000.0,787200000.0,46800000.0,31600000.0,440300000.0,346900000.0,-15200000.0,331700000.0,4119400000.0,112300000.0,112757000.0,127804000.0
BorgWarner Inc,BWA,549300DSFX2IE88NSX47,908255,2010.0,Q3TTM,2009-10-01,2010-09-30,,2.82,2.82,0.07,2.82,,56800000.0,337200000.0,337200000.0,318400000.0,18800000.0,4317300000.0,5317700000.0,-100000.0,23600000.0,,562700000.0,4317300000.0,1000400000.0,62900000.0,42700000.0,586200000.0,414200000.0,-20200000.0,394000000.0,5317700000.0,112300000.0,112757000.0,127804000.0
BorgWarner Inc,BWA,549300DSFX2IE88NSX47,908255,2010.0,Q3,2010-07-01,2010-09-30,2011-10-28 11:47:09+00:00,0.95,0.95,,0.87,,4200000.0,111500000.0,111500000.0,106700000.0,4800000.0,1137600000.0,1410900000.0,,100000.0,,150200000.0,1137600000.0,273300000.0,18400000.0,11100000.0,150300000.0,123000000.0,-7300000.0,115700000.0,1410900000.0,112300000.0,112757000.0,127804000.0
BorgWarner Inc,BWA,549300DSFX2IE88NSX47,908255,2010.0,Q2YTD,2010-01-01,2010-06-30,,0.75,1.37,,1.31,,46900000.0,169100000.0,169100000.0,159000000.0,10100000.0,2194600000.0,2708500000.0,,21900000.0,,268100000.0,2194600000.0,513900000.0,28400000.0,20500000.0,290000000.0,223900000.0,-7900000.0,216000000.0,2708500000.0,115000000.0,115362000.0,129078000.0
BorgWarner Inc,BWA,549300DSFX2IE88NSX47,908255,2010.0,Q2TTM,2009-07-01,2010-06-30,,1.98,1.98,0.07,1.98,,54100000.0,245700000.0,245700000.0,228900000.0,16800000.0,4055700000.0,4934600000.0,-100000.0,21900000.0,,538400000.0,4055700000.0,878900000.0,57500000.0,38600000.0,560200000.0,318700000.0,-18900000.0,299800000.0,4934600000.0,115000000.0,115362000.0,129078000.0
BorgWarner Inc,BWA,549300DSFX2IE88NSX47,908255,2010.0,Q2,2010-04-01,2010-06-30,2011-07-28 11:21:44+00:00,0.72,0.72,,0.68,,26000000.0,87700000.0,87700000.0,82800000.0,4900000.0,1146300000.0,1421700000.0,,20300000.0,,137800000.0,1146300000.0,275400000.0,14200000.0,10600000.0,158100000.0,117300000.0,-3600000.0,113700000.0,1421700000.0,115000000.0,115362000.0,129078000.0
BorgWarner Inc,BWA,549300DSFX2IE88NSX47,908255,2010.0,Q1TTM,2009-04-01,2010-03-31,,0.95,0.95,0.08,0.95,,9000000.0,124100000.0,124100000.0,110200000.0,13900000.0,3709400000.0,4429100000.0,-100000.0,1600000.0,50300000.0,516000000.0,3709400000.0,719700000.0,52300000.0,33500000.0,567800000.0,151900000.0,-18800000.0,133100000.0,4429100000.0,2540000000.0,116375000.0,129663000.0
BorgWarner Inc,BWA,549300DSFX2IE88NSX47,908255,2010.0,Q1,2010-01-01,2010-03-31,2011-04-28 11:47:04+00:00,0.03,0.65,,0.63,,20900000.0,81400000.0,81400000.0,76200000.0,5200000.0,1048300000.0,1286800000.0,,1600000.0,,130300000.0,1048300000.0,238500000.0,14200000.0,9900000.0,131900000.0,106600000.0,-4300000.0,102300000.0,1286800000.0,2540000000.0,116375000.0,129663000.0
BorgWarner Inc,BWA,549300DSFX2IE88NSX47,908255,2011.0,Q4,2011-10-01,2011-12-31,,0.56,0.56,0.02,0.56,,58200000.0,127200000.0,127200000.0,122000000.0,5200000.0,1414000000.0,1773700000.0,21800000.0,,,146800000.0,1414000000.0,359700000.0,17200000.0,11500000.0,168600000.0,191100000.0,-5700000.0,185400000.0,1773700000.0,218300000.0,218458000.0,256936000.0
BorgWarner Inc,BWA,549300DSFX2IE88NSX47,908255,2011.0,FY,2011-01-01,2011-12-31,2014-02-13 12:12:38+00:00,2.52,2.52,,2.22,,195300000.0,570600000.0,570600000.0,550100000.0,20500000.0,5704300000.0,7114700000.0,-8100000.0,,,621000000.0,5704300000.0,1410400000.0,74600000.0,43000000.0,612900000.0,797500000.0,-31600000.0,765900000.0,7114700000.0,218300000.0,218458000.0,256936000.0
BorgWarner Inc,BWA,549300DSFX2IE88NSX47,908255,2011.0,Q3YTD,2011-01-01,2011-09-30,,3.94,3.94,0.09,3.94,,137100000.0,443400000.0,443400000.0,428100000.0,15300000.0,4290300000.0,5341000000.0,-29900000.0,,,474200000.0,4290300000.0,1050700000.0,57400000.0,31500000.0,444300000.0,606400000.0,-25900000.0,580500000.0,5341000000.0,108900000.0,108779000.0,127940000.0
BorgWarner Inc,BWA,549300DSFX2IE88NSX47,908255,2011.0,Q3TTM,2010-10-01,2011-09-30,,4.96,4.96,0.12,4.96,,167700000.0,559000000.0,559000000.0,539800000.0,19200000.0,5517600000.0,6874400000.0,-7500000.0,-22000000.0,,622500000.0,5517600000.0,1356800000.0,79400000.0,42300000.0,593000000.0,763800000.0,-37100000.0,726700000.0,6874400000.0,108900000.0,108779000.0,127940000.0
BorgWarner Inc,BWA,549300DSFX2IE88NSX47,908255,2011.0,Q3,2011-07-01,2011-09-30,2012-10-31 10:24:55+00:00,1.3,1.3,,1.15,,46400000.0,146700000.0,146700000.0,141600000.0,5100000.0,1441000000.0,1791800000.0,600000.0,,,151400000.0,1441000000.0,350800000.0,18500000.0,12800000.0,152000000.0,198800000.0,-5700000.0,193100000.0,1791800000.0,108900000.0,108779000.0,127940000.0
BorgWarner Inc,BWA,549300DSFX2IE88NSX47,908255,2011.0,Q2YTD,2011-01-01,2011-06-30,,2.63,2.63,0.08,2.63,,90700000.0,296700000.0,296700000.0,286500000.0,10200000.0,2849300000.0,3549200000.0,-30500000.0,,,322800000.0,2849300000.0,699900000.0,38900000.0,18700000.0,292300000.0,407600000.0,-20200000.0,387400000.0,3549200000.0,108700000.0,108761000.0,128142000.0
BorgWarner Inc,BWA,549300DSFX2IE88NSX47,908255,2011.0,Q2TTM,2010-07-01,2011-06-30,,4.64,4.64,0.11,4.64,,125500000.0,523800000.0,523800000.0,504900000.0,18900000.0,5214200000.0,6493500000.0,-8100000.0,-21900000.0,,621300000.0,5214200000.0,1279300000.0,79300000.0,40600000.0,591300000.0,688000000.0,-38700000.0,649300000.0,6493500000.0,108700000.0,108761000.0,128142000.0
BorgWarner Inc,BWA,549300DSFX2IE88NSX47,908255,2011.0,Q2,2011-04-01,2011-06-30,2012-07-26 11:46:53+00:00,1.49,1.49,,1.31,,49800000.0,167300000.0,167300000.0,162000000.0,5300000.0,1461700000.0,1818800000.0,-28900000.0,,,157700000.0,1461700000.0,357100000.0,20500000.0,9300000.0,128800000.0,228300000.0,-11200000.0,217100000.0,1818800000.0,108700000.0,108761000.0,128142000.0
BorgWarner Inc,BWA,549300DSFX2IE88NSX47,908255,2011.0,Q1TTM,2010-04-01,2011-03-31,,3.85,3.85,0.05,3.85,,101700000.0,444200000.0,444200000.0,425700000.0,18500000.0,4898800000.0,6096400000.0,20800000.0,-1600000.0,,601400000.0,4898800000.0,1197600000.0,73000000.0,41900000.0,620600000.0,577000000.0,-31100000.0,545900000.0,6096400000.0,110200000.0,110634000.0,130224000.0
BorgWarner Inc,BWA,549300DSFX2IE88NSX47,908255,2011.0,Q1,2011-01-01,2011-03-31,2012-04-26 11:17:12+00:00,1.13,1.13,,1.0,,40900000.0,129400000.0,129400000.0,124500000.0,4900000.0,1387600000.0,1730400000.0,-1600000.0,,,165100000.0,1387600000.0,342800000.0,18400000.0,9400000.0,163500000.0,179300000.0,-9000000.0,170300000.0,1730400000.0,110200000.0,110634000.0,130224000.0
BorgWarner Inc,BWA,549300DSFX2IE88NSX47,908255,2012.0,Q4,2012-10-01,2012-12-31,,0.54,0.54,0.01,0.54,,48400000.0,126600000.0,126600000.0,121200000.0,5400000.0,1374900000.0,1719100000.0,17300000.0,,,156200000.0,1374900000.0,344200000.0,6700000.0,11000000.0,173500000.0,170700000.0,4300000.0,175000000.0,1719100000.0,225600000.0,225304000.0,242754000.0
BorgWarner Inc,BWA,549300DSFX2IE88NSX47,908255,2012.0,FY,2012-01-01,2012-12-31,2015-02-12 11:38:42+00:00,2.22,2.22,0.0,2.09,,238600000.0,522400000.0,522400000.0,500900000.0,21500000.0,5716300000.0,7183200000.0,84700000.0,,,629300000.0,5716300000.0,1466900000.0,39400000.0,47500000.0,714000000.0,752900000.0,8100000.0,761000000.0,7183200000.0,225600000.0,225304000.0,242754000.0
BorgWarner Inc,BWA,549300DSFX2IE88NSX47,908255,2012.0,Q3YTD,2012-01-01,2012-09-30,,3.32,3.32,0.18,3.32,,190200000.0,395800000.0,395800000.0,379700000.0,16100000.0,4341400000.0,5464100000.0,67400000.0,,,473100000.0,4341400000.0,1122700000.0,32700000.0,36500000.0,540500000.0,582200000.0,3800000.0,586000000.0,5464100000.0,114900000.0,114299000.0,118499000.0
BorgWarner Inc,BWA,549300DSFX2IE88NSX47,908255,2012.0,Q3TTM,2011-10-01,2012-09-30,,4.39,4.39,0.21,4.39,,248400000.0,523000000.0,523000000.0,501700000.0,21300000.0,5755400000.0,7237800000.0,89200000.0,,,619900000.0,5755400000.0,1482400000.0,49900000.0,48000000.0,709100000.0,773300000.0,-1900000.0,771400000.0,7237800000.0,114900000.0,114299000.0,118499000.0
BorgWarner Inc,BWA,549300DSFX2IE88NSX47,908255,2012.0,Q3,2012-07-01,2012-09-30,2013-10-30 11:19:02+00:00,0.88,0.88,0.0,0.85,,64200000.0,105900000.0,105900000.0,101100000.0,4800000.0,1351500000.0,1695200000.0,29700000.0,,,151000000.0,1351500000.0,343700000.0,5000000.0,12100000.0,180700000.0,163000000.0,7100000.0,170100000.0,1695200000.0,114900000.0,114299000.0,118499000.0
BorgWarner Inc,BWA,549300DSFX2IE88NSX47,908255,2012.0,Q2YTD,2012-01-01,2012-06-30,,2.48,2.48,0.13,2.48,,126000000.0,289900000.0,289900000.0,278600000.0,11300000.0,2989900000.0,3768900000.0,37700000.0,,,322100000.0,2989900000.0,779000000.0,27700000.0,24400000.0,359800000.0,419200000.0,-3300000.0,415900000.0,3768900000.0,111700000.0,112139000.0,121473000.0
BorgWarner Inc,BWA,549300DSFX2IE88NSX47,908255,2012.0,Q2TTM,2011-07-01,2012-06-30,,4.84,4.84,0.17,4.84,,230600000.0,563800000.0,563800000.0,542200000.0,21600000.0,5844900000.0,7334400000.0,60100000.0,,,620300000.0,5844900000.0,1489500000.0,63400000.0,48700000.0,680400000.0,809100000.0,-14700000.0,794400000.0,7334400000.0,111700000.0,112139000.0,121473000.0
BorgWarner Inc,BWA,549300DSFX2IE88NSX47,908255,2012.0,Q2,2012-04-01,2012-06-30,2013-07-25 11:22:56+00:00,1.08,1.08,,1.0,,68500000.0,126200000.0,126200000.0,120600000.0,5600000.0,1473200000.0,1856400000.0,36600000.0,,,153100000.0,1473200000.0,383200000.0,12600000.0,13800000.0,189700000.0,193500000.0,1200000.0,194700000.0,1856400000.0,111700000.0,112139000.0,121473000.0
BorgWarner Inc,BWA,549300DSFX2IE88NSX47,908255,2012.0,Q1TTM,2011-04-01,2012-03-31,,5.38,5.38,0.24,5.38,,211900000.0,604900000.0,604900000.0,583600000.0,21300000.0,5833400000.0,7296800000.0,-5400000.0,,,624900000.0,5833400000.0,1463400000.0,71300000.0,44200000.0,619500000.0,843900000.0,-27100000.0,816800000.0,7296800000.0,108200000.0,108420000.0,127742000.0
BorgWarner Inc,BWA,549300DSFX2IE88NSX47,908255,2012.0,Q1,2012-01-01,2012-03-31,2013-04-25 11:27:29+00:00,1.46,1.46,,1.28,,57500000.0,163700000.0,163700000.0,158000000.0,5700000.0,1516700000.0,1912500000.0,1100000.0,,,169000000.0,1516700000.0,395800000.0,15100000.0,10600000.0,170100000.0,225700000.0,-4500000.0,221200000.0,1912500000.0,108200000.0,108420000.0,127742000.0
BorgWarner Inc,BWA,549300DSFX2IE88NSX47,908255,2013.0,FY,2013-01-01,2013-12-31,2016-02-11 11:52:27+00:00,2.73,2.73,0.25,2.7,,218300000.0,651000000.0,651000000.0,624300000.0,26700000.0,5879100000.0,7436600000.0,62600000.0,,,639700000.0,5879100000.0,1557500000.0,34200000.0,48300000.0,702300000.0,855200000.0,14100000.0,869300000.0,7436600000.0,228700000.0,228600000.0,231337000.0
BorgWarner Inc,BWA,549300DSFX2IE88NSX47,908255,2013.0,Q4,2013-10-01,2013-12-31,,0.62,0.62,0.14,0.62,,44500000.0,149400000.0,149400000.0,141400000.0,8000000.0,1478800000.0,1885400000.0,51800000.0,,,167100000.0,1478800000.0,406600000.0,7600000.0,13800000.0,218900000.0,187700000.0,6200000.0,193900000.0,1885400000.0,228700000.0,228600000.0,231337000.0
BorgWarner Inc,BWA,549300DSFX2IE88NSX47,908255,2013.0,Q3YTD,2013-01-01,2013-09-30,,2.12,2.12,0.17,2.12,,173800000.0,501600000.0,501600000.0,482900000.0,18700000.0,4400300000.0,5551200000.0,10800000.0,,,472600000.0,4400300000.0,1150900000.0,26600000.0,34500000.0,483400000.0,667500000.0,7900000.0,675400000.0,5551200000.0,228500000.0,227638000.0,230476000.0
BorgWarner Inc,BWA,549300DSFX2IE88NSX47,908255,2013.0,Q3TTM,2012-10-01,2013-09-30,,2.65,2.65,0.18,2.65,,222200000.0,628200000.0,628200000.0,604100000.0,24100000.0,5775200000.0,7270300000.0,28100000.0,,,628800000.0,5775200000.0,1495100000.0,33300000.0,45500000.0,656900000.0,838200000.0,12200000.0,850400000.0,7270300000.0,228500000.0,227638000.0,230476000.0
BorgWarner Inc,BWA,549300DSFX2IE88NSX47,908255,2013.0,Q3,2013-07-01,2013-09-30,2014-10-30 11:11:53+00:00,0.73,0.73,0.125,0.72,,56300000.0,172900000.0,172900000.0,166800000.0,6100000.0,1426600000.0,1806200000.0,-3700000.0,,,157700000.0,1426600000.0,379600000.0,8100000.0,11700000.0,154000000.0,225600000.0,3600000.0,229200000.0,1806200000.0,228500000.0,227638000.0,230476000.0
BorgWarner Inc,BWA,549300DSFX2IE88NSX47,908255,2013.0,Q2YTD,2013-01-01,2013-06-30,,1.38,1.38,0.04,1.38,,117500000.0,328700000.0,328700000.0,316100000.0,12600000.0,2973700000.0,3745000000.0,14500000.0,,,314900000.0,2973700000.0,771300000.0,18500000.0,22800000.0,329400000.0,441900000.0,4300000.0,446200000.0,3745000000.0,229100000.0,229496000.0,232202000.0
BorgWarner Inc,BWA,549300DSFX2IE88NSX47,908255,2013.0,Q2TTM,2012-07-01,2013-06-30,,2.35,2.35,0.07,2.35,,230100000.0,561200000.0,561200000.0,538400000.0,22800000.0,5700100000.0,7159300000.0,61500000.0,,,622100000.0,5700100000.0,1459200000.0,30200000.0,45900000.0,683600000.0,775600000.0,15700000.0,791300000.0,7159300000.0,229100000.0,229496000.0,232202000.0
BorgWarner Inc,BWA,549300DSFX2IE88NSX47,908255,2013.0,Q2,2013-04-01,2013-06-30,2014-07-31 11:31:08+00:00,0.76,0.76,0.0,0.75,,66600000.0,180100000.0,180100000.0,174100000.0,6000000.0,1497300000.0,1893900000.0,-2400000.0,,,155600000.0,1497300000.0,396600000.0,8800000.0,12100000.0,153200000.0,243400000.0,3300000.0,246700000.0,1893900000.0,229100000.0,229496000.0,232202000.0
BorgWarner Inc,BWA,549300DSFX2IE88NSX47,908255,2013.0,Q1TTM,2012-04-01,2013-03-31,,2.1,2.1,0.08,2.1,,232000000.0,507300000.0,507300000.0,484900000.0,22400000.0,5676000000.0,7121800000.0,100500000.0,,,619600000.0,5676000000.0,1445800000.0,34000000.0,47600000.0,720100000.0,725700000.0,13600000.0,739300000.0,7121800000.0,229000000.0,230372000.0,233130000.0
BorgWarner Inc,BWA,549300DSFX2IE88NSX47,908255,2013.0,Q1,2013-01-01,2013-03-31,2014-05-01 11:49:19+00:00,0.62,0.62,0.0,0.61,,50900000.0,148600000.0,148600000.0,142000000.0,6600000.0,1476400000.0,1851100000.0,16900000.0,,,159300000.0,1476400000.0,374700000.0,9700000.0,10700000.0,176200000.0,198500000.0,1000000.0,199500000.0,1851100000.0,229000000.0,230372000.0,233130000.0
BorgWarner Inc,BWA,549300DSFX2IE88NSX47,908255,2014.0,FY,2014-01-01,2014-12-31,2017-02-09 11:56:11+00:00,2.89,2.89,0.51,2.86,,292600000.0,687500000.0,687500000.0,655800000.0,31700000.0,6548700000.0,8305100000.0,93800000.0,,,698900000.0,6548700000.0,1756400000.0,36400000.0,52800000.0,792700000.0,963700000.0,16400000.0,980100000.0,8305100000.0,226900000.0,227150000.0,228924000.0
BorgWarner Inc,BWA,549300DSFX2IE88NSX47,908255,2014.0,Q4,2014-10-01,2014-12-31,,0.62,0.62,0.13,0.62,,67300000.0,147400000.0,147400000.0,139900000.0,7500000.0,1578600000.0,1991900000.0,31700000.0,,,169400000.0,1578600000.0,413300000.0,10200000.0,12700000.0,201100000.0,212200000.0,2500000.0,214700000.0,1991900000.0,226900000.0,227150000.0,228924000.0
BorgWarner Inc,BWA,549300DSFX2IE88NSX47,908255,2014.0,Q3,2014-07-01,2014-09-30,2015-10-29 11:29:25+00:00,0.73,0.73,0.13,0.73,,71900000.0,173000000.0,173000000.0,166600000.0,6400000.0,1607600000.0,2032100000.0,12300000.0,,,174500000.0,1607600000.0,424500000.0,9000000.0,16200000.0,186800000.0,237700000.0,7200000.0,244900000.0,2032100000.0,228200000.0,227077000.0,228668000.0
BorgWarner Inc,BWA,549300DSFX2IE88NSX47,908255,2014.0,Q3YTD,2014-01-01,2014-09-30,,2.27,2.27,0.47,2.27,,225300000.0,540100000.0,540100000.0,515900000.0,24200000.0,4970100000.0,6313200000.0,62100000.0,,,529500000.0,4970100000.0,1343100000.0,26200000.0,40100000.0,591600000.0,751500000.0,13900000.0,765400000.0,6313200000.0,228200000.0,227077000.0,228668000.0
BorgWarner Inc,BWA,549300DSFX2IE88NSX47,908255,2014.0,Q3TTM,2013-10-01,2014-09-30,,2.89,2.89,0.61,2.89,,269800000.0,689500000.0,689500000.0,657300000.0,32200000.0,6448900000.0,8198600000.0,113900000.0,,,696600000.0,6448900000.0,1749700000.0,33800000.0,53900000.0,810500000.0,939200000.0,20100000.0,959300000.0,8198600000.0,228200000.0,227077000.0,228668000.0
BorgWarner Inc,BWA,549300DSFX2IE88NSX47,908255,2014.0,Q2YTD,2014-01-01,2014-06-30,,1.53,1.53,0.33,1.53,,153400000.0,367100000.0,367100000.0,349300000.0,17800000.0,3362500000.0,4281100000.0,49800000.0,,,355000000.0,3362500000.0,918600000.0,17200000.0,23900000.0,404800000.0,513800000.0,6700000.0,520500000.0,4281100000.0,226400000.0,227678000.0,229670000.0
BorgWarner Inc,BWA,549300DSFX2IE88NSX47,908255,2014.0,Q2TTM,2013-07-01,2014-06-30,,2.89,2.89,0.6,2.89,,254200000.0,689400000.0,689400000.0,657500000.0,31900000.0,6267900000.0,7972700000.0,97900000.0,,,679800000.0,6267900000.0,1704800000.0,32900000.0,49400000.0,777700000.0,927100000.0,16500000.0,943600000.0,7972700000.0,226400000.0,227678000.0,229670000.0
BorgWarner Inc,BWA,549300DSFX2IE88NSX47,908255,2014.0,Q2,2014-04-01,2014-06-30,2015-07-30 11:21:56+00:00,0.84,0.84,0.125,0.83,,85300000.0,199900000.0,199900000.0,190200000.0,9700000.0,1724200000.0,2197000000.0,11000000.0,,,181200000.0,1724200000.0,472800000.0,9000000.0,13600000.0,192200000.0,280600000.0,4600000.0,285200000.0,2197000000.0,226400000.0,227678000.0,229670000.0
BorgWarner Inc,BWA,549300DSFX2IE88NSX47,908255,2014.0,Q1TTM,2013-04-01,2014-03-31,,2.82,2.82,0.46,2.82,,235500000.0,669600000.0,669600000.0,641400000.0,28200000.0,6041000000.0,7669600000.0,84500000.0,,,654200000.0,6041000000.0,1628600000.0,32700000.0,47900000.0,738700000.0,889900000.0,15200000.0,905100000.0,7669600000.0,227300000.0,227430000.0,229327000.0
BorgWarner Inc,BWA,549300DSFX2IE88NSX47,908255,2014.0,Q1,2014-01-01,2014-03-31,2015-04-30 11:23:32+00:00,0.7,0.7,0.125,0.69,,68100000.0,167200000.0,167200000.0,159100000.0,8100000.0,1638300000.0,2084100000.0,38800000.0,,,173800000.0,1638300000.0,445800000.0,8200000.0,10300000.0,212600000.0,233200000.0,2100000.0,235300000.0,2084100000.0,227300000.0,227430000.0,229327000.0
BorgWarner Inc,BWA,549300DSFX2IE88NSX47,908255,2015.0,FY,2015-01-01,2015-12-31,2018-02-08 11:53:55+00:00,2.72,2.72,0.52,2.7,,280400000.0,646400000.0,646400000.0,609700000.0,36700000.0,6320100000.0,8023200000.0,101400000.0,,,662000000.0,6320100000.0,1703100000.0,60400000.0,47500000.0,763400000.0,939700000.0,-12900000.0,926800000.0,8023200000.0,224200000.0,224414000.0,225648000.0
BorgWarner Inc,BWA,549300DSFX2IE88NSX47,908255,2015.0,Q4,2015-10-01,2015-12-31,,0.56,0.56,0.15,0.56,,61200000.0,135400000.0,135400000.0,125300000.0,10100000.0,1676200000.0,2123100000.0,68000000.0,,,178400000.0,1676200000.0,446900000.0,17800000.0,13900000.0,246400000.0,200500000.0,-3900000.0,196600000.0,2123100000.0,224200000.0,224414000.0,225648000.0
BorgWarner Inc,BWA,549300DSFX2IE88NSX47,908255,2015.0,Q3,2015-07-01,2015-09-30,2016-10-27 11:25:31+00:00,0.7,0.7,0.13,0.7,,66900000.0,165900000.0,165900000.0,157400000.0,8500000.0,1485800000.0,1884000000.0,13100000.0,,,148000000.0,1485800000.0,398200000.0,15000000.0,10700000.0,161100000.0,237100000.0,-4300000.0,232800000.0,1884000000.0,224900000.0,224837000.0,225991000.0
BorgWarner Inc,BWA,549300DSFX2IE88NSX47,908255,2015.0,Q3YTD,2015-01-01,2015-09-30,,2.15,2.15,0.47,2.15,,219200000.0,511000000.0,511000000.0,484400000.0,26600000.0,4643900000.0,5900100000.0,33400000.0,,,483600000.0,4643900000.0,1256200000.0,42600000.0,33600000.0,517000000.0,739200000.0,-9000000.0,730200000.0,5900100000.0,224900000.0,224837000.0,225991000.0
BorgWarner Inc,BWA,549300DSFX2IE88NSX47,908255,2015.0,Q3TTM,2014-10-01,2015-09-30,,2.78,2.78,0.61,2.78,,286500000.0,658400000.0,658400000.0,624300000.0,34100000.0,6222500000.0,7892000000.0,65100000.0,,,653000000.0,6222500000.0,1669500000.0,52800000.0,46300000.0,718100000.0,951400000.0,-6500000.0,944900000.0,7892000000.0,224900000.0,224837000.0,225991000.0
BorgWarner Inc,BWA,549300DSFX2IE88NSX47,908255,2015.0,Q2,2015-04-01,2015-06-30,2016-07-28 11:23:23+00:00,0.66,0.66,0.13,0.65,,80200000.0,157400000.0,157400000.0,148100000.0,9300000.0,1602900000.0,2031900000.0,19100000.0,,,167400000.0,1602900000.0,429000000.0,17600000.0,12700000.0,186500000.0,242500000.0,-4900000.0,237600000.0,2031900000.0,224400000.0,225353000.0,226615000.0
BorgWarner Inc,BWA,549300DSFX2IE88NSX47,908255,2015.0,Q2YTD,2015-01-01,2015-06-30,,1.45,1.45,0.34,1.45,,152300000.0,345100000.0,345100000.0,327000000.0,18100000.0,3158100000.0,4016100000.0,20300000.0,,,335600000.0,3158100000.0,858000000.0,27600000.0,22900000.0,355900000.0,502100000.0,-4700000.0,497400000.0,4016100000.0,224400000.0,225353000.0,226615000.0
BorgWarner Inc,BWA,549300DSFX2IE88NSX47,908255,2015.0,Q2TTM,2014-07-01,2015-06-30,,2.81,2.81,0.61,2.81,,291500000.0,665500000.0,665500000.0,633500000.0,32000000.0,6344300000.0,8040100000.0,64300000.0,,,679500000.0,6344300000.0,1695800000.0,46800000.0,51800000.0,743800000.0,952000000.0,5000000.0,957000000.0,8040100000.0,224400000.0,225353000.0,226615000.0
BorgWarner Inc,BWA,549300DSFX2IE88NSX47,908255,2015.0,Q1,2015-01-01,2015-03-31,2016-04-28 11:17:55+00:00,0.79,0.79,0.13,0.79,,72100000.0,187700000.0,187700000.0,178900000.0,8800000.0,1555200000.0,1984200000.0,1200000.0,,,168200000.0,1555200000.0,429000000.0,10000000.0,10200000.0,169400000.0,259600000.0,200000.0,259800000.0,1984200000.0,226500000.0,225796000.0,227088000.0
BorgWarner Inc,BWA,549300DSFX2IE88NSX47,908255,2015.0,Q1TTM,2014-04-01,2015-03-31,,2.99,2.99,0.62,2.99,,296600000.0,708000000.0,708000000.0,675600000.0,32400000.0,6465600000.0,8205200000.0,56200000.0,,,693300000.0,6465600000.0,1739600000.0,38200000.0,52700000.0,749500000.0,990100000.0,14500000.0,1004600000.0,8205200000.0,226500000.0,225796000.0,227088000.0
BorgWarner Inc,BWA,549300DSFX2IE88NSX47,908255,2016.0,FY,2016-01-01,2016-12-31,2019-02-19 11:39:10+00:00,2.78,2.78,0.53,2.76,,306000000.0,636700000.0,636700000.0,595000000.0,41700000.0,7142300000.0,9071000000.0,137500000.0,,,818000000.0,7142300000.0,1928700000.0,84600000.0,54100000.0,955500000.0,973200000.0,-30500000.0,942700000.0,9071000000.0,214000000.0,214374000.0,215328000.0
BorgWarner Inc,BWA,549300DSFX2IE88NSX47,908255,2016.0,Q4,2016-10-01,2016-12-31,,0.88,0.88,0.14,0.86,,92600000.0,195000000.0,195000000.0,183200000.0,11800000.0,1762400000.0,2259000000.0,-10300000.0,,,217600000.0,1762400000.0,496600000.0,19500000.0,17800000.0,207300000.0,289300000.0,-1700000.0,287600000.0,2259000000.0,214000000.0,214374000.0,215328000.0
BorgWarner Inc,BWA,549300DSFX2IE88NSX47,908255,2016.0,Q3,2016-07-01,2016-09-30,2017-10-26 11:58:07+00:00,0.39,0.39,0.13,0.39,,48800000.0,93100000.0,93100000.0,83300000.0,9800000.0,1743100000.0,2214200000.0,111100000.0,,,209700000.0,1743100000.0,471100000.0,22400000.0,14000000.0,320800000.0,150300000.0,-8400000.0,141900000.0,2214200000.0,213600000.0,212872000.0,213766000.0
BorgWarner Inc,BWA,549300DSFX2IE88NSX47,908255,2016.0,Q3YTD,2016-01-01,2016-09-30,,1.9,1.9,0.39,1.9,,213400000.0,441700000.0,441700000.0,411800000.0,29900000.0,5379900000.0,6812000000.0,147800000.0,,,600400000.0,5379900000.0,1432100000.0,65100000.0,36300000.0,748200000.0,683900000.0,-28800000.0,655100000.0,6812000000.0,213600000.0,212872000.0,213766000.0
BorgWarner Inc,BWA,549300DSFX2IE88NSX47,908255,2016.0,Q3TTM,2015-10-01,2016-09-30,,2.52,2.52,0.67,2.52,,274600000.0,577100000.0,577100000.0,537100000.0,40000000.0,7056100000.0,8935100000.0,215800000.0,,,778800000.0,7056100000.0,1879000000.0,82900000.0,50200000.0,994600000.0,884400000.0,-32700000.0,851700000.0,8935100000.0,213600000.0,212872000.0,213766000.0
BorgWarner Inc,BWA,549300DSFX2IE88NSX47,908255,2016.0,Q2,2016-04-01,2016-06-30,2017-07-27 11:17:46+00:00,0.76,0.76,0.13,0.76,,84200000.0,175400000.0,175400000.0,164400000.0,11000000.0,1832500000.0,2329200000.0,25000000.0,,,202300000.0,1832500000.0,496700000.0,21400000.0,11600000.0,227300000.0,269400000.0,-9800000.0,259600000.0,2329200000.0,216300000.0,215735000.0,216663000.0
BorgWarner Inc,BWA,549300DSFX2IE88NSX47,908255,2016.0,Q2YTD,2016-01-01,2016-06-30,,1.51,1.51,0.26,1.51,,164600000.0,348600000.0,348600000.0,328500000.0,20100000.0,3636800000.0,4597800000.0,36700000.0,,,390700000.0,3636800000.0,961000000.0,42700000.0,22300000.0,427400000.0,533600000.0,-20400000.0,513200000.0,4597800000.0,216300000.0,215735000.0,216663000.0
BorgWarner Inc,BWA,549300DSFX2IE88NSX47,908255,2016.0,Q2TTM,2015-07-01,2016-06-30,,2.83,2.83,0.66,2.83,,292700000.0,649900000.0,649900000.0,611200000.0,38700000.0,6798800000.0,8604900000.0,117800000.0,,,717100000.0,6798800000.0,1806100000.0,75500000.0,46900000.0,834900000.0,971200000.0,-28600000.0,942600000.0,8604900000.0,216300000.0,215735000.0,216663000.0
BorgWarner Inc,BWA,549300DSFX2IE88NSX47,908255,2016.0,Q1,2016-01-01,2016-03-31,2017-04-27 11:48:30+00:00,0.75,0.75,0.13,0.75,,80400000.0,173200000.0,173200000.0,164100000.0,9100000.0,1804300000.0,2268600000.0,11700000.0,,,188400000.0,1804300000.0,464300000.0,21300000.0,10700000.0,200100000.0,264200000.0,-10600000.0,253600000.0,2268600000.0,218800000.0,217388000.0,218137000.0
BorgWarner Inc,BWA,549300DSFX2IE88NSX47,908255,2016.0,Q1TTM,2015-04-01,2016-03-31,,2.74,2.74,0.66,2.74,,288700000.0,631900000.0,631900000.0,594900000.0,37000000.0,6569200000.0,8307600000.0,111900000.0,,,682200000.0,6569200000.0,1738400000.0,71700000.0,48000000.0,794100000.0,944300000.0,-23700000.0,920600000.0,8307600000.0,218800000.0,217388000.0,218137000.0
BorgWarner Inc,BWA,549300DSFX2IE88NSX47,908255,2017.0,FY,2017-01-01,2017-12-31,2020-02-13 12:30:02+00:00,2.09,2.09,0.59,2.08,,580000000.0,483000000.0,483000000.0,440000000.0,43000000.0,7684000000.0,9799000000.0,144000000.0,,,899000000.0,7684000000.0,2115000000.0,71000000.0,62000000.0,1043000000.0,1072000000.0,-9000000.0,1063000000.0,9799000000.0,210500000.0,210400000.0,211500000.0
BorgWarner Inc,BWA,549300DSFX2IE88NSX47,908255,2017.0,Q4,2017-10-01,2017-12-31,,-0.69,-0.69,-0.42,-0.69,,338100000.0,-132300000.0,-132300000.0,-146100000.0,13800000.0,2021900000.0,2586100000.0,116500000.0,,,239900000.0,2021900000.0,564200000.0,17400000.0,15400000.0,356400000.0,207800000.0,-2000000.0,205800000.0,2586100000.0,210500000.0,210400000.0,211500000.0
BorgWarner Inc,BWA,549300DSFX2IE88NSX47,908255,2017.0,Q3,2017-07-01,2017-09-30,2018-10-25 11:15:23+00:00,0.88,0.88,0.14,0.88,,79400000.0,194600000.0,194600000.0,184900000.0,9700000.0,1894600000.0,2416200000.0,22000000.0,,,225000000.0,1894600000.0,521600000.0,17600000.0,17000000.0,247000000.0,274600000.0,-600000.0,274000000.0,2416200000.0,210100000.0,209803000.0,211013000.0
BorgWarner Inc,BWA,549300DSFX2IE88NSX47,908255,2017.0,Q3YTD,2017-01-01,2017-09-30,,2.78,2.78,0.42,2.77,,241900000.0,615300000.0,615300000.0,586100000.0,29200000.0,5662100000.0,7212900000.0,27500000.0,,,659100000.0,5662100000.0,1550800000.0,53600000.0,46600000.0,686600000.0,864200000.0,-7000000.0,857200000.0,7212900000.0,210100000.0,209803000.0,211013000.0
BorgWarner Inc,BWA,549300DSFX2IE88NSX47,908255,2017.0,Q3TTM,2016-10-01,2017-09-30,,3.66,3.66,0.56,3.63,,334500000.0,810300000.0,810300000.0,769300000.0,41000000.0,7424500000.0,9471900000.0,17200000.0,,,876700000.0,7424500000.0,2047400000.0,73100000.0,64400000.0,893900000.0,1153500000.0,-8700000.0,1144800000.0,9471900000.0,210100000.0,209803000.0,211013000.0
BorgWarner Inc,BWA,549300DSFX2IE88NSX47,908255,2017.0,Q2,2017-04-01,2017-06-30,2018-07-26 11:24:19+00:00,1.01,1.01,0.14,1.0,,76200000.0,221100000.0,221100000.0,212000000.0,9100000.0,1876800000.0,2389700000.0,-300000.0,,,215100000.0,1876800000.0,512900000.0,18000000.0,17200000.0,214800000.0,298100000.0,-800000.0,297300000.0,2389700000.0,209900000.0,210572000.0,211478000.0
BorgWarner Inc,BWA,549300DSFX2IE88NSX47,908255,2017.0,Q2YTD,2017-01-01,2017-06-30,,1.9,1.9,0.28,1.89,,162500000.0,420700000.0,420700000.0,401200000.0,19500000.0,3767500000.0,4796700000.0,5500000.0,,,434100000.0,3767500000.0,1029200000.0,36000000.0,29600000.0,439600000.0,589600000.0,-6400000.0,583200000.0,4796700000.0,209900000.0,210572000.0,211478000.0
BorgWarner Inc,BWA,549300DSFX2IE88NSX47,908255,2017.0,Q2TTM,2016-07-01,2017-06-30,,3.17,3.17,0.55,3.14,,303900000.0,708800000.0,708800000.0,667700000.0,41100000.0,7273000000.0,9269900000.0,106300000.0,,,861400000.0,7273000000.0,1996900000.0,77900000.0,61400000.0,967700000.0,1029200000.0,-16500000.0,1012700000.0,9269900000.0,209900000.0,210572000.0,211478000.0
BorgWarner Inc,BWA,549300DSFX2IE88NSX47,908255,2017.0,Q1,2017-01-01,2017-03-31,2018-04-26 11:59:15+00:00,0.89,0.89,0.14,0.89,,86300000.0,199600000.0,199600000.0,189200000.0,10400000.0,1890700000.0,2407000000.0,5800000.0,,,219000000.0,1890700000.0,516300000.0,18000000.0,12400000.0,224800000.0,291500000.0,-5600000.0,285900000.0,2407000000.0,212600000.0,211596000.0,212236000.0
BorgWarner Inc,BWA,549300DSFX2IE88NSX47,908255,2017.0,Q1TTM,2016-04-01,2017-03-31,,2.92,2.92,0.54,2.9,,311900000.0,663100000.0,663100000.0,620100000.0,43000000.0,7228700000.0,9209400000.0,131600000.0,,,848600000.0,7228700000.0,1980700000.0,81300000.0,55800000.0,980200000.0,1000500000.0,-25500000.0,975000000.0,9209400000.0,212600000.0,211596000.0,212236000.0
BorgWarner Inc,BWA,549300DSFX2IE88NSX47,908255,2018.0,FY,2018-01-01,2018-12-31,2020-02-13 12:30:02+00:00,4.47,4.47,0.68,4.44,,211000000.0,985000000.0,985000000.0,931000000.0,54000000.0,8300000000.0,10530000000.0,94000000.0,,,946000000.0,8300000000.0,2230000000.0,59000000.0,65000000.0,1040000000.0,1190000000.0,6000000.0,1196000000.0,10530000000.0,208300000.0,208200000.0,209500000.0
BorgWarner Inc,BWA,549300DSFX2IE88NSX47,908255,2018.0,Q4,2018-10-01,2018-12-31,,1.12,1.12,-0.51,1.09,,19000000.0,248000000.0,248000000.0,230000000.0,18000000.0,2030000000.0,2574000000.0,52000000.0,,,226000000.0,2030000000.0,544000000.0,14000000.0,15000000.0,278000000.0,266000000.0,1000000.0,267000000.0,2574000000.0,208300000.0,208200000.0,209500000.0
BorgWarner Inc,BWA,549300DSFX2IE88NSX47,908255,2018.0,Q3,2018-07-01,2018-09-30,2019-10-31 11:33:23+00:00,0.98,0.98,0.17,0.98,,67000000.0,216000000.0,216000000.0,204000000.0,12000000.0,1963000000.0,2478000000.0,7000000.0,,,230000000.0,1963000000.0,515000000.0,14000000.0,19000000.0,237000000.0,278000000.0,5000000.0,283000000.0,2478000000.0,208200000.0,207500000.0,208700000.0
BorgWarner Inc,BWA,549300DSFX2IE88NSX47,908255,2018.0,Q3YTD,2018-01-01,2018-09-30,,3.35,3.35,0.51,3.35,,192000000.0,737000000.0,737000000.0,701000000.0,36000000.0,6270000000.0,7956000000.0,42000000.0,,,720000000.0,6270000000.0,1686000000.0,45000000.0,50000000.0,762000000.0,924000000.0,5000000.0,929000000.0,7956000000.0,208200000.0,207500000.0,208700000.0
BorgWarner Inc,BWA,549300DSFX2IE88NSX47,908255,2018.0,Q3TTM,2017-10-01,2018-09-30,,2.66,2.66,0.09,2.66,,530100000.0,604700000.0,604700000.0,554900000.0,49800000.0,8291900000.0,10542100000.0,158500000.0,,,959900000.0,8291900000.0,2250200000.0,62400000.0,65400000.0,1118400000.0,1131800000.0,3000000.0,1134800000.0,10542100000.0,208200000.0,207500000.0,208700000.0
BorgWarner Inc,BWA,549300DSFX2IE88NSX47,908255,2018.0,Q2,2018-04-01,2018-06-30,2019-07-25 12:06:28+00:00,1.3,1.3,0.17,1.3,,30000000.0,284000000.0,284000000.0,272000000.0,12000000.0,2114000000.0,2694000000.0,30000000.0,,,237000000.0,2114000000.0,580000000.0,15000000.0,16000000.0,267000000.0,313000000.0,1000000.0,314000000.0,2694000000.0,209200000.0,208600000.0,209900000.0
BorgWarner Inc,BWA,549300DSFX2IE88NSX47,908255,2018.0,Q2YTD,2018-01-01,2018-06-30,,2.37,2.37,0.34,2.37,,125000000.0,521000000.0,521000000.0,497000000.0,24000000.0,4307000000.0,5478000000.0,35000000.0,,,490000000.0,4307000000.0,1171000000.0,31000000.0,31000000.0,525000000.0,646000000.0,,646000000.0,5478000000.0,209200000.0,208600000.0,209900000.0
BorgWarner Inc,BWA,549300DSFX2IE88NSX47,908255,2018.0,Q2TTM,2017-07-01,2018-06-30,,2.56,2.56,0.06,2.56,,542500000.0,583300000.0,583300000.0,535800000.0,47500000.0,8223500000.0,10480300000.0,173500000.0,,,954900000.0,8223500000.0,2256800000.0,66000000.0,63400000.0,1128400000.0,1128400000.0,-2600000.0,1125800000.0,10480300000.0,209200000.0,208600000.0,209900000.0
BorgWarner Inc,BWA,549300DSFX2IE88NSX47,908255,2018.0,Q1,2018-01-01,2018-03-31,2019-04-25 11:37:46+00:00,1.07,1.07,0.17,1.07,,95000000.0,237000000.0,237000000.0,225000000.0,12000000.0,2193000000.0,2784000000.0,5000000.0,,,253000000.0,2193000000.0,591000000.0,16000000.0,15000000.0,258000000.0,333000000.0,-1000000.0,332000000.0,2784000000.0,210300000.0,209500000.0,210800000.0
BorgWarner Inc,BWA,549300DSFX2IE88NSX47,908255,2018.0,Q1TTM,2017-04-01,2018-03-31,,2.27,2.27,0.03,2.26,,588700000.0,520400000.0,520400000.0,475800000.0,44600000.0,7986300000.0,10176000000.0,143200000.0,,,933000000.0,7986300000.0,2189700000.0,69000000.0,64600000.0,1076200000.0,1113500000.0,-4400000.0,1109100000.0,10176000000.0,210300000.0,209500000.0,210800000.0
BorgWarner Inc,BWA,549300DSFX2IE88NSX47,908255,2019.0,Q4,2019-10-01,2019-12-31,,1.08,1.08,-0.51,1.07,,238000000.0,237000000.0,237000000.0,220000000.0,17000000.0,2014000000.0,2559000000.0,-138000000.0,,,205000000.0,2014000000.0,545000000.0,12000000.0,9000000.0,67000000.0,478000000.0,-3000000.0,475000000.0,2559000000.0,205500000.0,205700000.0,206800000.0
BorgWarner Inc,BWA,549300DSFX2IE88NSX47,908255,2019.0,FY,2019-01-01,2019-12-31,2020-02-13 12:30:02+00:00,3.63,3.63,0.0,3.61,,468000000.0,797000000.0,797000000.0,746000000.0,51000000.0,8067000000.0,10168000000.0,-75000000.0,,,873000000.0,8067000000.0,2101000000.0,55000000.0,17000000.0,798000000.0,1303000000.0,-38000000.0,1265000000.0,10168000000.0,205500000.0,205700000.0,206800000.0
BorgWarner Inc,BWA,549300DSFX2IE88NSX47,908255,2019.0,Q3YTD,2019-01-01,2019-09-30,,2.55,2.55,0.51,2.54,,230000000.0,560000000.0,560000000.0,526000000.0,34000000.0,6053000000.0,7609000000.0,63000000.0,,,668000000.0,6053000000.0,1556000000.0,43000000.0,8000000.0,731000000.0,825000000.0,-35000000.0,790000000.0,7609000000.0,206400000.0,205300000.0,206300000.0
BorgWarner Inc,BWA,549300DSFX2IE88NSX47,908255,2019.0,Q3TTM,2018-10-01,2019-09-30,,3.67,3.67,,3.63,,249000000.0,808000000.0,808000000.0,756000000.0,52000000.0,8083000000.0,10183000000.0,115000000.0,,,894000000.0,8083000000.0,2100000000.0,57000000.0,23000000.0,1009000000.0,1091000000.0,-34000000.0,1057000000.0,10183000000.0,206400000.0,205300000.0,206300000.0
BorgWarner Inc,BWA,549300DSFX2IE88NSX47,908255,2019.0,Q3,2019-07-01,2019-09-30,2019-10-31 11:33:23+00:00,0.94,0.94,0.17,0.94,,66000000.0,207000000.0,207000000.0,194000000.0,13000000.0,1968000000.0,2492000000.0,18000000.0,,,230000000.0,1968000000.0,524000000.0,15000000.0,12000000.0,248000000.0,276000000.0,-3000000.0,273000000.0,2492000000.0,206400000.0,205300000.0,206300000.0
BorgWarner Inc,BWA,549300DSFX2IE88NSX47,908255,2019.0,Q2YTD,2019-01-01,2019-06-30,,1.61,1.61,0.34,1.6,,164000000.0,353000000.0,353000000.0,332000000.0,21000000.0,4085000000.0,5117000000.0,45000000.0,,,438000000.0,4085000000.0,1032000000.0,28000000.0,-4000000.0,483000000.0,549000000.0,-32000000.0,517000000.0,5117000000.0,204800000.0,205700000.0,206800000.0
BorgWarner Inc,BWA,549300DSFX2IE88NSX47,908255,2019.0,Q2TTM,2018-07-01,2019-06-30,,3.71,3.71,,3.67,,250000000.0,817000000.0,817000000.0,766000000.0,51000000.0,8078000000.0,10169000000.0,104000000.0,,,894000000.0,8078000000.0,2091000000.0,56000000.0,30000000.0,998000000.0,1093000000.0,-26000000.0,1067000000.0,10169000000.0,204800000.0,205700000.0,206800000.0
BorgWarner Inc,BWA,549300DSFX2IE88NSX47,908255,2019.0,Q2,2019-04-01,2019-06-30,2019-07-25 12:06:28+00:00,0.84,0.84,0.17,0.83,,73000000.0,182000000.0,182000000.0,172000000.0,10000000.0,2038000000.0,2551000000.0,16000000.0,,,212000000.0,2038000000.0,513000000.0,14000000.0,-16000000.0,228000000.0,285000000.0,-30000000.0,255000000.0,2551000000.0,204800000.0,205700000.0,206800000.0
BorgWarner Inc,BWA,549300DSFX2IE88NSX47,908255,2019.0,Q1,2019-01-01,2019-03-31,2020-05-06 12:14:26+00:00,0.77,0.77,0.17,0.77,,91000000.0,171000000.0,171000000.0,160000000.0,11000000.0,2047000000.0,2566000000.0,29000000.0,,,226000000.0,2047000000.0,519000000.0,14000000.0,12000000.0,255000000.0,264000000.0,-2000000.0,262000000.0,2566000000.0,207800000.0,206500000.0,207100000.0
BorgWarner Inc,BWA,549300DSFX2IE88NSX47,908255,2019.0,Q1TTM,2018-04-01,2019-03-31,,4.17,4.17,,4.14,,207000000.0,919000000.0,919000000.0,866000000.0,53000000.0,8154000000.0,10312000000.0,118000000.0,,,919000000.0,8154000000.0,2158000000.0,57000000.0,62000000.0,1037000000.0,1121000000.0,5000000.0,1126000000.0,10312000000.0,207800000.0,206500000.0,207100000.0
BorgWarner Inc,BWA,549300DSFX2IE88NSX47,908255,2020.0,Q1TTM,2019-04-01,2020-03-31,,3.49,3.49,,3.47,,426000000.0,763000000.0,763000000.0,715000000.0,48000000.0,7852000000.0,9881000000.0,-59000000.0,,,860000000.0,7852000000.0,2029000000.0,53000000.0,14000000.0,801000000.0,1228000000.0,-39000000.0,1189000000.0,9881000000.0,204800000.0,205700000.0,206200000.0
BorgWarner Inc,BWA,549300DSFX2IE88NSX47,908255,2020.0,Q1,2020-01-01,2020-03-31,2020-05-06 12:14:26+00:00,0.63,0.63,0.17,0.63,,49000000.0,137000000.0,137000000.0,129000000.0,8000000.0,1832000000.0,2279000000.0,45000000.0,,,213000000.0,1832000000.0,447000000.0,12000000.0,9000000.0,258000000.0,189000000.0,-3000000.0,186000000.0,2279000000.0,204800000.0,205700000.0,206200000.0
