company_name,company_ticker,company_lei,company_cik,year,quarter,start_date,end_date,filing_date,basicdilutedeps,basiceps,cashdividendspershare,depreciationexpense,dilutedeps,incometaxexpense,netincome,netincomecontinuing,netincomediscontinued,netincometocommon,netincometononcontrollinginterest,operatingcostofrevenue,operatingrevenue,othercostofrevenue,otherincome,otheroperatingexpenses,restructuringcharge,sgaexpense,totalcostofrevenue,totalgrossprofit,totalinterestexpense,totaloperatingexpenses,totaloperatingincome,totalotherincome,totalpretaxincome,totalrevenue,weightedavebasicdilutedsharesos,weightedavebasicsharesos,weightedavedilutedsharesos
Universal Health Services Inc,UHS,549300YGMGQDO0NMJD09,352915,2008.0,FY,2008-01-01,2008-12-31,2011-02-28 17:02:55+00:00,1.96,1.96,,193635000.0,1.96,123378000.0,240070000.0,233634000.0,6436000.0,199377000.0,40693000.0,2133181000.0,5022417000.0,476745000.0,,69882000.0,,1738755000.0,2609926000.0,2412491000.0,53207000.0,2002272000.0,410219000.0,-53207000.0,357012000.0,5022417000.0,101700000.0,101222000.0,101418000.0
Universal Health Services Inc,UHS,549300YGMGQDO0NMJD09,352915,2009.0,FY,2009-01-01,2009-12-31,2012-02-27 17:02:54+00:00,2.65,2.65,,204703000.0,2.64,170475000.0,304247000.0,304247000.0,,260373000.0,43874000.0,2204422000.0,5202379000.0,508603000.0,,69947000.0,,1694172000.0,2713025000.0,2489354000.0,45810000.0,1968822000.0,520532000.0,-45810000.0,474722000.0,5202379000.0,98300000.0,97794000.0,98275000.0
Universal Health Services Inc,UHS,549300YGMGQDO0NMJD09,352915,2009.0,Q3,2009-07-01,2009-09-30,2010-11-05 16:20:37+00:00,0.52,0.52,,51205000.0,0.52,32043000.0,59054000.0,59054000.0,,51074000.0,7980000.0,558244000.0,1295109000.0,141086000.0,,17253000.0,,425444000.0,699330000.0,595779000.0,10780000.0,493902000.0,101877000.0,-10780000.0,91097000.0,1295109000.0,98200000.0,97774000.0,98504000.0
Universal Health Services Inc,UHS,549300YGMGQDO0NMJD09,352915,2009.0,Q2,2009-04-01,2009-06-30,2010-08-09 06:08:36+00:00,0.82,0.82,,51085000.0,0.82,57187000.0,93977000.0,93977000.0,,80893000.0,13084000.0,541950000.0,1303640000.0,120670000.0,,17587000.0,,409305000.0,662620000.0,641020000.0,11879000.0,477977000.0,163043000.0,-11879000.0,151164000.0,1303640000.0,98700000.0,97700000.0,98104000.0
Universal Health Services Inc,UHS,549300YGMGQDO0NMJD09,352915,2010.0,Q4,2010-10-01,2010-12-31,,0.38,0.38,0.14,53864000.0,0.38,38432000.0,50816000.0,50816000.0,,37182000.0,13634000.0,648163000.0,891415000.0,-402621000.0,,74035000.0,,387241000.0,245542000.0,645873000.0,41485000.0,515140000.0,130733000.0,-41485000.0,89248000.0,891415000.0,97100000.0,96786000.0,97973000.0
Universal Health Services Inc,UHS,549300YGMGQDO0NMJD09,352915,2010.0,FY,2010-01-01,2010-12-31,2013-02-28 17:02:17+00:00,2.37,2.37,,216930000.0,2.34,152302000.0,275795000.0,275795000.0,,230183000.0,45612000.0,2363383000.0,4900147000.0,,,128583000.0,,1685537000.0,2363383000.0,2536764000.0,77617000.0,2031050000.0,505714000.0,-77617000.0,428097000.0,4900147000.0,97100000.0,96786000.0,97973000.0
Universal Health Services Inc,UHS,549300YGMGQDO0NMJD09,352915,2010.0,Q3YTD,2010-01-01,2010-09-30,,1.99,1.99,0.39,163066000.0,1.99,113870000.0,224979000.0,224979000.0,,193001000.0,31978000.0,1715220000.0,4008732000.0,402621000.0,,54548000.0,,1298296000.0,2117841000.0,1890891000.0,36132000.0,1515910000.0,374981000.0,-36132000.0,338849000.0,4008732000.0,97600000.0,96777000.0,97935000.0
Universal Health Services Inc,UHS,549300YGMGQDO0NMJD09,352915,2010.0,Q3,2010-07-01,2010-09-30,2011-11-07 14:46:40+00:00,0.57,0.57,,55530000.0,0.57,27404000.0,65802000.0,65802000.0,,55610000.0,10192000.0,572742000.0,1323264000.0,133467000.0,,18429000.0,,438412000.0,706209000.0,617055000.0,11478000.0,512371000.0,104684000.0,-11478000.0,93206000.0,1323264000.0,97600000.0,96777000.0,97935000.0
Universal Health Services Inc,UHS,549300YGMGQDO0NMJD09,352915,2010.0,Q2YTD,2010-01-01,2010-06-30,,1.42,1.42,0.23,107536000.0,1.42,86466000.0,159177000.0,159177000.0,,137391000.0,21786000.0,1142478000.0,2685468000.0,269154000.0,,36119000.0,,859884000.0,1411632000.0,1273836000.0,24654000.0,1003539000.0,270297000.0,-24654000.0,245643000.0,2685468000.0,96400000.0,96703000.0,98054000.0
Universal Health Services Inc,UHS,549300YGMGQDO0NMJD09,352915,2010.0,Q2,2010-04-01,2010-06-30,2011-08-08 08:07:59+00:00,0.68,0.68,,54025000.0,0.67,41057000.0,76415000.0,76415000.0,,65572000.0,10843000.0,563552000.0,1338315000.0,143764000.0,,18185000.0,,429040000.0,707316000.0,630999000.0,12277000.0,501250000.0,129749000.0,-12277000.0,117472000.0,1338315000.0,96400000.0,96703000.0,98054000.0
Universal Health Services Inc,UHS,549300YGMGQDO0NMJD09,352915,2010.0,Q1,2010-01-01,2010-03-31,2011-05-06 11:03:50+00:00,0.74,0.74,,53511000.0,0.73,45409000.0,82762000.0,82762000.0,,71819000.0,10943000.0,578926000.0,1347153000.0,125390000.0,,17934000.0,,430844000.0,704316000.0,642837000.0,12377000.0,502289000.0,140548000.0,-12377000.0,128171000.0,1347153000.0,97100000.0,96539000.0,97450000.0
Universal Health Services Inc,UHS,549300YGMGQDO0NMJD09,352915,2011.0,Q4,2011-10-01,2011-12-31,,0.98,0.98,0.1,71475000.0,0.98,54828000.0,108007000.0,108007000.0,,95271000.0,12736000.0,815349000.0,1625671000.0,,,21455000.0,,508442000.0,815349000.0,810322000.0,46115000.0,601372000.0,208950000.0,-46115000.0,162835000.0,1625671000.0,97400000.0,97199000.0,98537000.0
Universal Health Services Inc,UHS,549300YGMGQDO0NMJD09,352915,2011.0,FY,2011-01-01,2011-12-31,2014-02-27 17:05:57+00:00,4.09,4.09,,287211000.0,4.04,247466000.0,448870000.0,448870000.0,,398167000.0,50703000.0,3326378000.0,6760222000.0,,,90323000.0,0.0,2159182000.0,3326378000.0,3433844000.0,200792000.0,2536716000.0,897128000.0,-200792000.0,696336000.0,6760222000.0,97400000.0,97199000.0,98537000.0
Universal Health Services Inc,UHS,549300YGMGQDO0NMJD09,352915,2011.0,Q3YTD,2011-01-01,2011-09-30,,3.11,3.11,0.5,215736000.0,3.11,192638000.0,340863000.0,340863000.0,,302896000.0,37967000.0,2511029000.0,5134551000.0,,,68868000.0,,1650740000.0,2511029000.0,2623522000.0,154677000.0,1935344000.0,688178000.0,-154677000.0,533501000.0,5134551000.0,97800000.0,97397000.0,98598000.0
Universal Health Services Inc,UHS,549300YGMGQDO0NMJD09,352915,2011.0,Q3TTM,2010-10-01,2011-09-30,,3.49,3.49,0.64,269600000.0,3.49,231070000.0,391679000.0,391679000.0,,340078000.0,51601000.0,3159192000.0,6025966000.0,-402621000.0,,142903000.0,,2037981000.0,2756571000.0,3269395000.0,196162000.0,2450484000.0,818911000.0,-196162000.0,622749000.0,6025966000.0,97800000.0,97397000.0,98598000.0
Universal Health Services Inc,UHS,549300YGMGQDO0NMJD09,352915,2011.0,Q3,2011-07-01,2011-09-30,2012-11-08 08:05:16+00:00,0.87,0.87,,73170000.0,0.86,52234000.0,94842000.0,94842000.0,,85054000.0,9788000.0,828606000.0,1662675000.0,,,22704000.0,,542667000.0,828606000.0,834069000.0,48452000.0,638541000.0,195528000.0,-48452000.0,147076000.0,1662675000.0,97800000.0,97397000.0,98598000.0
Universal Health Services Inc,UHS,549300YGMGQDO0NMJD09,352915,2011.0,Q2YTD,2011-01-01,2011-06-30,,2.23,2.23,0.34,142566000.0,2.23,140404000.0,246021000.0,246021000.0,,217842000.0,28179000.0,1682423000.0,3471876000.0,,,46164000.0,,1108073000.0,1682423000.0,1789453000.0,106225000.0,1296803000.0,492650000.0,-106225000.0,386425000.0,3471876000.0,97800000.0,97563000.0,99258000.0
Universal Health Services Inc,UHS,549300YGMGQDO0NMJD09,352915,2011.0,Q2TTM,2010-07-01,2011-06-30,,3.18,3.18,0.64,251960000.0,3.18,206240000.0,362639000.0,362639000.0,,310634000.0,52005000.0,2903328000.0,5686555000.0,-269154000.0,,138628000.0,,1933726000.0,2634174000.0,3052381000.0,159188000.0,2324314000.0,728067000.0,-159188000.0,568879000.0,5686555000.0,97800000.0,97563000.0,99258000.0
Universal Health Services Inc,UHS,549300YGMGQDO0NMJD09,352915,2011.0,Q2,2011-04-01,2011-06-30,2012-08-08 06:17:54+00:00,1.06,1.06,,71215000.0,1.04,66395000.0,116034000.0,116034000.0,,103649000.0,12385000.0,836559000.0,1714464000.0,,,22996000.0,,551457000.0,836559000.0,877905000.0,49808000.0,645668000.0,232237000.0,-49808000.0,182429000.0,1714464000.0,97800000.0,97563000.0,99258000.0
Universal Health Services Inc,UHS,549300YGMGQDO0NMJD09,352915,2011.0,Q1TTM,2010-04-01,2011-03-31,,2.8,2.8,0.53,234770000.0,2.8,180902000.0,323020000.0,323020000.0,,272557000.0,50463000.0,2630321000.0,5310406000.0,-125390000.0,,133817000.0,,1811309000.0,2504931000.0,2805475000.0,121657000.0,2179896000.0,625579000.0,-121657000.0,503922000.0,5310406000.0,97600000.0,97381000.0,98868000.0
Universal Health Services Inc,UHS,549300YGMGQDO0NMJD09,352915,2011.0,Q1,2011-01-01,2011-03-31,2012-05-08 16:05:41+00:00,1.17,1.17,,71351000.0,1.15,74009000.0,129987000.0,129987000.0,,114193000.0,15794000.0,845864000.0,1757412000.0,,,23168000.0,,556616000.0,845864000.0,911548000.0,56417000.0,651135000.0,260413000.0,-56417000.0,203996000.0,1757412000.0,97600000.0,97381000.0,98868000.0
Universal Health Services Inc,UHS,549300YGMGQDO0NMJD09,352915,2012.0,FY,2012-01-01,2012-12-31,2015-02-26 17:03:31+00:00,4.57,4.57,,302426000.0,4.53,274616000.0,489047000.0,489047000.0,,443446000.0,45601000.0,3440917000.0,6961400000.0,,,94017000.0,5716000.0,2175743000.0,3440917000.0,3520483000.0,178918000.0,2577902000.0,942581000.0,-178918000.0,763663000.0,6961400000.0,97000000.0,96821000.0,97711000.0
Universal Health Services Inc,UHS,549300YGMGQDO0NMJD09,352915,2012.0,Q4,2012-10-01,2012-12-31,,1.39,1.39,,80619000.0,1.39,85736000.0,147660000.0,147660000.0,,135461000.0,12199000.0,875865000.0,1764928000.0,,,6447000.0,5716000.0,521772000.0,875865000.0,889063000.0,41113000.0,614554000.0,274509000.0,-41113000.0,233396000.0,1764928000.0,97000000.0,96821000.0,97711000.0
Universal Health Services Inc,UHS,549300YGMGQDO0NMJD09,352915,2012.0,Q3YTD,2012-01-01,2012-09-30,,3.18,3.18,,221807000.0,3.14,188880000.0,341387000.0,341387000.0,,307985000.0,33402000.0,2565052000.0,5196472000.0,,,87570000.0,,1653971000.0,2565052000.0,2631420000.0,137805000.0,1963348000.0,668072000.0,-137805000.0,530267000.0,5196472000.0,97100000.0,96817000.0,97611000.0
Universal Health Services Inc,UHS,549300YGMGQDO0NMJD09,352915,2012.0,Q3TTM,2011-10-01,2012-09-30,,4.17,4.17,0.39,293282000.0,4.17,243708000.0,449394000.0,449394000.0,,403256000.0,46138000.0,3380401000.0,6822143000.0,,,109025000.0,,2162413000.0,3380401000.0,3441742000.0,183920000.0,2564720000.0,877022000.0,-183920000.0,693102000.0,6822143000.0,97100000.0,96817000.0,97611000.0
Universal Health Services Inc,UHS,549300YGMGQDO0NMJD09,352915,2012.0,Q3,2012-07-01,2012-09-30,2013-11-07 06:32:00+00:00,0.74,0.74,,77032000.0,0.73,42132000.0,81373000.0,81373000.0,,71817000.0,9556000.0,838075000.0,1680353000.0,,,42100000.0,,554434000.0,838075000.0,842278000.0,45207000.0,673566000.0,168712000.0,-45207000.0,123505000.0,1680353000.0,97100000.0,96817000.0,97611000.0
Universal Health Services Inc,UHS,549300YGMGQDO0NMJD09,352915,2012.0,Q2YTD,2012-01-01,2012-06-30,,2.44,2.44,,144775000.0,2.41,146748000.0,260014000.0,260014000.0,,236168000.0,23846000.0,1726977000.0,3516119000.0,,,45470000.0,,1099537000.0,1726977000.0,1789142000.0,92598000.0,1289782000.0,499360000.0,-92598000.0,406762000.0,3516119000.0,96900000.0,96691000.0,97729000.0
Universal Health Services Inc,UHS,549300YGMGQDO0NMJD09,352915,2012.0,Q2TTM,2011-07-01,2012-06-30,,4.31,4.31,0.5,289420000.0,4.31,253810000.0,462863000.0,462863000.0,,416493000.0,46370000.0,3370932000.0,6804465000.0,,,89629000.0,,2150646000.0,3370932000.0,3433533000.0,187165000.0,2529695000.0,903838000.0,-187165000.0,716673000.0,6804465000.0,96900000.0,96691000.0,97729000.0
Universal Health Services Inc,UHS,549300YGMGQDO0NMJD09,352915,2012.0,Q2,2012-04-01,2012-06-30,2013-08-08 06:19:37+00:00,1.11,1.11,,72983000.0,1.1,67000000.0,117444000.0,117444000.0,,107561000.0,9883000.0,854863000.0,1723083000.0,,,22028000.0,,542877000.0,854863000.0,868220000.0,45888000.0,637888000.0,230332000.0,-45888000.0,184444000.0,1723083000.0,96900000.0,96691000.0,97729000.0
Universal Health Services Inc,UHS,549300YGMGQDO0NMJD09,352915,2012.0,Q1TTM,2011-04-01,2012-03-31,,4.27,4.27,0.58,287652000.0,4.27,253205000.0,461453000.0,461453000.0,,412581000.0,48872000.0,3352628000.0,6795846000.0,,,90597000.0,,2159226000.0,3352628000.0,3443218000.0,191085000.0,2537475000.0,905743000.0,-191085000.0,714658000.0,6795846000.0,96700000.0,96593000.0,97791000.0
Universal Health Services Inc,UHS,549300YGMGQDO0NMJD09,352915,2012.0,Q1,2012-01-01,2012-03-31,2013-05-08 08:29:50+00:00,1.33,1.33,,71792000.0,1.31,79748000.0,142570000.0,142570000.0,,128607000.0,13963000.0,872114000.0,1793036000.0,,,23442000.0,,556660000.0,872114000.0,920922000.0,46710000.0,651894000.0,269028000.0,-46710000.0,222318000.0,1793036000.0,96700000.0,96593000.0,97791000.0
Universal Health Services Inc,UHS,549300YGMGQDO0NMJD09,352915,2013.0,FY,2013-01-01,2013-12-31,2016-02-25 16:20:05+00:00,5.21,5.21,,337172000.0,5.14,315309000.0,554023000.0,554023000.0,,510733000.0,43290000.0,3604620000.0,7367873000.0,,,36734000.0,,2373884000.0,3604620000.0,3763253000.0,146131000.0,2747790000.0,1015463000.0,-146131000.0,869332000.0,7367873000.0,98000000.0,98033000.0,99361000.0
Universal Health Services Inc,UHS,549300YGMGQDO0NMJD09,352915,2013.0,Q4,2013-10-01,2013-12-31,,1.26,1.26,,88707000.0,1.25,73772000.0,133186000.0,133186000.0,,124521000.0,8665000.0,901778000.0,1566526000.0,-318371000.0,,-7974000.0,,659785000.0,583407000.0,983119000.0,35643000.0,740518000.0,242601000.0,-35643000.0,206958000.0,1566526000.0,98000000.0,98033000.0,99361000.0
Universal Health Services Inc,UHS,549300YGMGQDO0NMJD09,352915,2013.0,Q3YTD,2013-01-01,2013-09-30,,3.95,3.95,,248465000.0,3.89,241537000.0,420837000.0,420837000.0,,386212000.0,34625000.0,2702842000.0,5801347000.0,318371000.0,,44708000.0,,1714099000.0,3021213000.0,2780134000.0,110488000.0,2007272000.0,772862000.0,-110488000.0,662374000.0,5801347000.0,97900000.0,98151000.0,99587000.0
Universal Health Services Inc,UHS,549300YGMGQDO0NMJD09,352915,2013.0,Q3TTM,2012-10-01,2013-09-30,,5.34,5.34,,329084000.0,5.28,327273000.0,568497000.0,568497000.0,,521673000.0,46824000.0,3578707000.0,7566275000.0,318371000.0,,51155000.0,5716000.0,2235871000.0,3897078000.0,3669197000.0,151601000.0,2621826000.0,1047371000.0,-151601000.0,895770000.0,7566275000.0,97900000.0,98151000.0,99587000.0
Universal Health Services Inc,UHS,549300YGMGQDO0NMJD09,352915,2013.0,Q3,2013-07-01,2013-09-30,2014-11-07 06:08:40+00:00,1.17,1.17,,86971000.0,1.15,69473000.0,123099000.0,123099000.0,,114587000.0,8512000.0,903212000.0,2134740000.0,318371000.0,,756000.0,,600544000.0,1221583000.0,913157000.0,32314000.0,688271000.0,224886000.0,-32314000.0,192572000.0,2134740000.0,97900000.0,98151000.0,99587000.0
Universal Health Services Inc,UHS,549300YGMGQDO0NMJD09,352915,2013.0,Q2YTD,2013-01-01,2013-06-30,,2.78,2.78,,161494000.0,2.74,172064000.0,297738000.0,297738000.0,,271625000.0,26113000.0,1799630000.0,3666607000.0,,,43952000.0,,1113555000.0,1799630000.0,1866977000.0,78174000.0,1319001000.0,547976000.0,-78174000.0,469802000.0,3666607000.0,98000000.0,98033000.0,99211000.0
Universal Health Services Inc,UHS,549300YGMGQDO0NMJD09,352915,2013.0,Q2TTM,2012-07-01,2013-06-30,,4.91,4.91,,319145000.0,4.86,299932000.0,526771000.0,526771000.0,,478903000.0,47868000.0,3513570000.0,7111888000.0,,,92499000.0,5716000.0,2189761000.0,3513570000.0,3598318000.0,164494000.0,2607121000.0,991197000.0,-164494000.0,826703000.0,7111888000.0,98000000.0,98033000.0,99211000.0
Universal Health Services Inc,UHS,549300YGMGQDO0NMJD09,352915,2013.0,Q2,2013-04-01,2013-06-30,2014-08-08 06:06:01+00:00,1.55,1.55,,81682000.0,1.53,98015000.0,167803000.0,167803000.0,,151841000.0,15962000.0,897334000.0,1834975000.0,,,23999000.0,,527906000.0,897334000.0,937641000.0,38236000.0,633587000.0,304054000.0,-38236000.0,265818000.0,1834975000.0,98000000.0,98033000.0,99211000.0
Universal Health Services Inc,UHS,549300YGMGQDO0NMJD09,352915,2013.0,Q1TTM,2012-04-01,2013-03-31,,4.47,4.47,,310446000.0,4.43,268917000.0,476412000.0,476412000.0,,434623000.0,41789000.0,3471099000.0,6999996000.0,,,90528000.0,5716000.0,2204732000.0,3471099000.0,3528897000.0,172146000.0,2611422000.0,917475000.0,-172146000.0,745329000.0,6999996000.0,97400000.0,97711000.0,98571000.0
Universal Health Services Inc,UHS,549300YGMGQDO0NMJD09,352915,2013.0,Q1,2013-01-01,2013-03-31,2014-05-07 06:33:03+00:00,1.23,1.23,,79812000.0,1.21,74049000.0,129935000.0,129935000.0,,119784000.0,10151000.0,902296000.0,1831632000.0,,,19953000.0,,585649000.0,902296000.0,929336000.0,39938000.0,685414000.0,243922000.0,-39938000.0,203984000.0,1831632000.0,97400000.0,97711000.0,98571000.0
Universal Health Services Inc,UHS,549300YGMGQDO0NMJD09,352915,2014.0,FY,2014-01-01,2014-12-31,2017-02-28 16:18:15+00:00,5.52,5.52,,375624000.0,5.42,324671000.0,604996000.0,604996000.0,,545343000.0,59653000.0,3845461000.0,8205088000.0,,,102262000.0,,2818436000.0,3845461000.0,4359627000.0,133638000.0,3296322000.0,1063305000.0,-133638000.0,929667000.0,8205088000.0,98800000.0,98826000.0,100544000.0
Universal Health Services Inc,UHS,549300YGMGQDO0NMJD09,352915,2014.0,Q4,2014-10-01,2014-12-31,,1.75,1.75,,98118000.0,1.71,100569000.0,190492000.0,190492000.0,,172797000.0,17695000.0,994593000.0,2176291000.0,,,-536000.0,,761830000.0,994593000.0,1181698000.0,31225000.0,859412000.0,322286000.0,-31225000.0,291061000.0,2176291000.0,98800000.0,98826000.0,100544000.0
Universal Health Services Inc,UHS,549300YGMGQDO0NMJD09,352915,2014.0,Q3,2014-07-01,2014-09-30,2015-11-06 06:09:16+00:00,0.84,0.84,,93456000.0,0.82,48440000.0,96038000.0,96038000.0,,82797000.0,13241000.0,953583000.0,2038717000.0,,,58606000.0,,756461000.0,953583000.0,1085134000.0,32133000.0,908523000.0,176611000.0,-32133000.0,144478000.0,2038717000.0,98600000.0,99052000.0,101033000.0
Universal Health Services Inc,UHS,549300YGMGQDO0NMJD09,352915,2014.0,Q3YTD,2014-01-01,2014-09-30,,3.77,3.77,,277506000.0,3.71,224102000.0,414504000.0,414504000.0,,372546000.0,41958000.0,2850868000.0,6028797000.0,,,102798000.0,,2056606000.0,2850868000.0,3177929000.0,102413000.0,2436910000.0,741019000.0,-102413000.0,638606000.0,6028797000.0,98600000.0,99052000.0,101033000.0
Universal Health Services Inc,UHS,549300YGMGQDO0NMJD09,352915,2014.0,Q3TTM,2013-10-01,2014-09-30,,5.03,5.03,,366213000.0,4.96,297874000.0,547690000.0,547690000.0,,497067000.0,50623000.0,3752646000.0,7595323000.0,-318371000.0,,94824000.0,,2716391000.0,3434275000.0,4161048000.0,138056000.0,3177428000.0,983620000.0,-138056000.0,845564000.0,7595323000.0,98600000.0,99052000.0,101033000.0
Universal Health Services Inc,UHS,549300YGMGQDO0NMJD09,352915,2014.0,Q2,2014-04-01,2014-06-30,2015-08-07 06:03:57+00:00,1.53,1.53,,90691000.0,1.51,91731000.0,166614000.0,166614000.0,,151671000.0,14943000.0,961920000.0,2051766000.0,,,21284000.0,,684439000.0,961920000.0,1089846000.0,35087000.0,796414000.0,293432000.0,-35087000.0,258345000.0,2051766000.0,99100000.0,98872000.0,100235000.0
Universal Health Services Inc,UHS,549300YGMGQDO0NMJD09,352915,2014.0,Q2YTD,2014-01-01,2014-06-30,,2.93,2.93,,184050000.0,2.89,175662000.0,318466000.0,318466000.0,,289749000.0,28717000.0,1897285000.0,3990080000.0,,,44192000.0,,1300145000.0,1897285000.0,2092795000.0,70280000.0,1528387000.0,564408000.0,-70280000.0,494128000.0,3990080000.0,99100000.0,98872000.0,100235000.0
Universal Health Services Inc,UHS,549300YGMGQDO0NMJD09,352915,2014.0,Q2TTM,2013-07-01,2014-06-30,,5.36,5.36,,359728000.0,5.29,318907000.0,574751000.0,574751000.0,,528857000.0,45894000.0,3702275000.0,7691346000.0,,,36974000.0,,2560474000.0,3702275000.0,3989071000.0,138237000.0,2957176000.0,1031895000.0,-138237000.0,893658000.0,7691346000.0,99100000.0,98872000.0,100235000.0
Universal Health Services Inc,UHS,549300YGMGQDO0NMJD09,352915,2014.0,Q1,2014-01-01,2014-03-31,2015-05-08 06:32:42+00:00,1.4,1.4,,93359000.0,1.38,83931000.0,151852000.0,151852000.0,,138078000.0,13774000.0,935365000.0,1938314000.0,,,22908000.0,,615706000.0,935365000.0,1002949000.0,35193000.0,731973000.0,270976000.0,-35193000.0,235783000.0,1938314000.0,98600000.0,98572000.0,100157000.0
Universal Health Services Inc,UHS,549300YGMGQDO0NMJD09,352915,2014.0,Q1TTM,2013-04-01,2014-03-31,,5.38,5.38,,350719000.0,5.31,325191000.0,575940000.0,575940000.0,,529027000.0,46913000.0,3637689000.0,7474555000.0,,,39689000.0,,2403941000.0,3637689000.0,3836866000.0,141386000.0,2794349000.0,1042517000.0,-141386000.0,901131000.0,7474555000.0,98600000.0,98572000.0,100157000.0
Universal Health Services Inc,UHS,549300YGMGQDO0NMJD09,352915,2015.0,FY,2015-01-01,2015-12-31,2018-02-28 16:19:04+00:00,6.89,6.89,,398618000.0,6.76,395203000.0,750698000.0,750698000.0,,680528000.0,70170000.0,4212387000.0,9043451000.0,,,79158000.0,,3093893000.0,4212387000.0,4831064000.0,113494000.0,3571669000.0,1259395000.0,-113494000.0,1145901000.0,9043451000.0,98800000.0,98797000.0,100694000.0
Universal Health Services Inc,UHS,549300YGMGQDO0NMJD09,352915,2015.0,Q4,2015-10-01,2015-12-31,,1.77,1.77,,102921000.0,1.75,101832000.0,191317000.0,191317000.0,,173749000.0,17568000.0,1079394000.0,2315239000.0,,,10278000.0,,800854000.0,1079394000.0,1235845000.0,28643000.0,914053000.0,321792000.0,-28643000.0,293149000.0,2315239000.0,98800000.0,98797000.0,100694000.0
Universal Health Services Inc,UHS,549300YGMGQDO0NMJD09,352915,2015.0,Q3,2015-07-01,2015-09-30,2016-11-08 16:31:47+00:00,1.52,1.52,,99442000.0,1.48,84373000.0,163654000.0,163654000.0,,150287000.0,13367000.0,1057226000.0,2227655000.0,,,24188000.0,,771642000.0,1057226000.0,1170429000.0,27130000.0,895272000.0,275157000.0,-27130000.0,248027000.0,2227655000.0,98900000.0,98858000.0,101159000.0
Universal Health Services Inc,UHS,549300YGMGQDO0NMJD09,352915,2015.0,Q3YTD,2015-01-01,2015-09-30,,5.12,5.12,,295697000.0,5.01,293371000.0,559381000.0,559381000.0,,506779000.0,52602000.0,3132993000.0,6728212000.0,,,68880000.0,,2293039000.0,3132993000.0,3595219000.0,84851000.0,2657616000.0,937603000.0,-84851000.0,852752000.0,6728212000.0,98900000.0,98858000.0,101159000.0
Universal Health Services Inc,UHS,549300YGMGQDO0NMJD09,352915,2015.0,Q3TTM,2014-10-01,2015-09-30,,6.87,6.87,,393815000.0,6.72,393940000.0,749873000.0,749873000.0,,679576000.0,70297000.0,4127586000.0,8904503000.0,,,68344000.0,,3054869000.0,4127586000.0,4776917000.0,116076000.0,3517028000.0,1259889000.0,-116076000.0,1143813000.0,8904503000.0,98900000.0,98858000.0,101159000.0
Universal Health Services Inc,UHS,549300YGMGQDO0NMJD09,352915,2015.0,Q2,2015-04-01,2015-06-30,2016-08-05 12:22:44+00:00,1.84,1.84,,97257000.0,1.8,106304000.0,201404000.0,201404000.0,,182193000.0,19211000.0,1044064000.0,2275204000.0,,,21801000.0,,776690000.0,1044064000.0,1231140000.0,27684000.0,895748000.0,335392000.0,-27684000.0,307708000.0,2275204000.0,99000000.0,99004000.0,100927000.0
Universal Health Services Inc,UHS,549300YGMGQDO0NMJD09,352915,2015.0,Q2YTD,2015-01-01,2015-06-30,,3.6,3.6,,196255000.0,3.53,208998000.0,395727000.0,395727000.0,,356492000.0,39235000.0,2075767000.0,4500557000.0,,,44692000.0,,1521397000.0,2075767000.0,2424790000.0,57721000.0,1762344000.0,662446000.0,-57721000.0,604725000.0,4500557000.0,99000000.0,99004000.0,100927000.0
Universal Health Services Inc,UHS,549300YGMGQDO0NMJD09,352915,2015.0,Q2TTM,2014-07-01,2015-06-30,,6.19,6.19,,387829000.0,6.06,358007000.0,682257000.0,682257000.0,,612086000.0,70171000.0,4023943000.0,8715565000.0,,,102762000.0,,3039688000.0,4023943000.0,4691622000.0,121079000.0,3530279000.0,1161343000.0,-121079000.0,1040264000.0,8715565000.0,99000000.0,99004000.0,100927000.0
Universal Health Services Inc,UHS,549300YGMGQDO0NMJD09,352915,2015.0,Q1,2015-01-01,2015-03-31,2016-05-06 06:07:01+00:00,1.76,1.76,,98998000.0,1.73,102694000.0,194323000.0,194323000.0,,174299000.0,20024000.0,1031703000.0,2225353000.0,,,22891000.0,,744707000.0,1031703000.0,1193650000.0,30037000.0,866596000.0,327054000.0,-30037000.0,297017000.0,2225353000.0,99000000.0,98910000.0,100647000.0
Universal Health Services Inc,UHS,549300YGMGQDO0NMJD09,352915,2015.0,Q1TTM,2014-04-01,2015-03-31,,5.88,5.88,,381263000.0,5.77,343434000.0,647467000.0,647467000.0,,581564000.0,65903000.0,3941799000.0,8492127000.0,,,102245000.0,,2947437000.0,3941799000.0,4550328000.0,128482000.0,3430945000.0,1119383000.0,-128482000.0,990901000.0,8492127000.0,99000000.0,98910000.0,100647000.0
Universal Health Services Inc,UHS,549300YGMGQDO0NMJD09,352915,2016.0,FY,2016-01-01,2016-12-31,2019-02-27 16:23:06+00:00,7.22,7.22,,416608000.0,7.14,409187000.0,747171000.0,747171000.0,,702409000.0,44762000.0,4585530000.0,9766210000.0,,0.0,91985000.0,,3390676000.0,4585530000.0,5180680000.0,125053000.0,3899269000.0,1281411000.0,-125053000.0,1156358000.0,9766210000.0,97300000.0,97208000.0,98380000.0
Universal Health Services Inc,UHS,549300YGMGQDO0NMJD09,352915,2016.0,Q4,2016-10-01,2016-12-31,,1.8,1.8,,107436000.0,1.78,102610000.0,178738000.0,178738000.0,,174208000.0,4530000.0,1156729000.0,2475685000.0,,,18928000.0,,878362000.0,1156729000.0,1318956000.0,32882000.0,1004726000.0,314230000.0,-32882000.0,281348000.0,2475685000.0,97300000.0,97208000.0,98380000.0
Universal Health Services Inc,UHS,549300YGMGQDO0NMJD09,352915,2016.0,Q3,2016-07-01,2016-09-30,2017-11-08 16:31:23+00:00,1.56,1.56,,103712000.0,1.54,88175000.0,157265000.0,157265000.0,,151865000.0,5400000.0,1149729000.0,2409872000.0,,,23799000.0,,855063000.0,1149729000.0,1260143000.0,32129000.0,982574000.0,277569000.0,-32129000.0,245440000.0,2409872000.0,97300000.0,97118000.0,98321000.0
Universal Health Services Inc,UHS,549300YGMGQDO0NMJD09,352915,2016.0,Q3YTD,2016-01-01,2016-09-30,,5.42,5.42,,309172000.0,5.36,306577000.0,568433000.0,568433000.0,,528201000.0,40232000.0,3428801000.0,7290525000.0,,,73057000.0,,2512314000.0,3428801000.0,3861724000.0,92171000.0,2894543000.0,967181000.0,-92171000.0,875010000.0,7290525000.0,97300000.0,97118000.0,98321000.0
Universal Health Services Inc,UHS,549300YGMGQDO0NMJD09,352915,2016.0,Q3TTM,2015-10-01,2016-09-30,,7.19,7.19,,412093000.0,7.11,408409000.0,759750000.0,759750000.0,,701950000.0,57800000.0,4508195000.0,9605764000.0,,,83335000.0,,3313168000.0,4508195000.0,5097569000.0,120814000.0,3808596000.0,1288973000.0,-120814000.0,1168159000.0,9605764000.0,97300000.0,97118000.0,98321000.0
Universal Health Services Inc,UHS,549300YGMGQDO0NMJD09,352915,2016.0,Q2,2016-04-01,2016-06-30,2017-08-07 16:17:31+00:00,1.91,1.91,,101411000.0,1.89,107397000.0,195449000.0,195449000.0,,185577000.0,9872000.0,1130933000.0,2430855000.0,,,24806000.0,,840417000.0,1130933000.0,1299922000.0,30442000.0,966634000.0,333288000.0,-30442000.0,302846000.0,2430855000.0,97200000.0,97109000.0,98389000.0
Universal Health Services Inc,UHS,549300YGMGQDO0NMJD09,352915,2016.0,Q2YTD,2016-01-01,2016-06-30,,3.86,3.86,,205460000.0,3.82,218402000.0,411168000.0,411168000.0,,376336000.0,34832000.0,2279072000.0,4880653000.0,,,49258000.0,,1657251000.0,2279072000.0,2601581000.0,60042000.0,1911969000.0,689612000.0,-60042000.0,629570000.0,4880653000.0,97200000.0,97109000.0,98389000.0
Universal Health Services Inc,UHS,549300YGMGQDO0NMJD09,352915,2016.0,Q2TTM,2015-07-01,2016-06-30,,7.15,7.15,,407823000.0,7.05,404607000.0,766139000.0,766139000.0,,700372000.0,65767000.0,4415692000.0,9423547000.0,,,83724000.0,,3229747000.0,4415692000.0,5007855000.0,115815000.0,3721294000.0,1286561000.0,-115815000.0,1170746000.0,9423547000.0,97200000.0,97109000.0,98389000.0
Universal Health Services Inc,UHS,549300YGMGQDO0NMJD09,352915,2016.0,Q1,2016-01-01,2016-03-31,2017-05-08 16:17:23+00:00,1.95,1.95,,104049000.0,1.93,111005000.0,215719000.0,215719000.0,,190759000.0,24960000.0,1148139000.0,2449798000.0,,,24452000.0,,816834000.0,1148139000.0,1301659000.0,29600000.0,945335000.0,356324000.0,-29600000.0,326724000.0,2449798000.0,97800000.0,97607000.0,98895000.0
Universal Health Services Inc,UHS,549300YGMGQDO0NMJD09,352915,2016.0,Q1TTM,2015-04-01,2016-03-31,,7.08,7.08,,403669000.0,6.96,403514000.0,772094000.0,772094000.0,,696988000.0,75106000.0,4328823000.0,9267896000.0,,,80719000.0,,3166020000.0,4328823000.0,4939073000.0,113057000.0,3650408000.0,1288665000.0,-113057000.0,1175608000.0,9267896000.0,97800000.0,97607000.0,98895000.0
Universal Health Services Inc,UHS,549300YGMGQDO0NMJD09,352915,2017.0,FY,2017-01-01,2017-12-31,2020-02-26 16:19:33+00:00,7.86,7.86,,447765000.0,7.81,363697000.0,771312000.0,771312000.0,,752303000.0,19009000.0,4980637000.0,10409865000.0,,0.0,103127000.0,,3598158000.0,4980637000.0,5429228000.0,145169000.0,4149050000.0,1280178000.0,-145169000.0,1135009000.0,10409865000.0,95700000.0,95652000.0,96325000.0
Universal Health Services Inc,UHS,549300YGMGQDO0NMJD09,352915,2017.0,Q4,2017-10-01,2017-12-31,,2.32,2.32,,113638000.0,2.31,76923000.0,225035000.0,225035000.0,,219609000.0,5426000.0,1254851000.0,2642787000.0,,,25714000.0,,909840000.0,1254851000.0,1387936000.0,36786000.0,1049192000.0,338744000.0,-36786000.0,301958000.0,2642787000.0,95700000.0,95652000.0,96325000.0
Universal Health Services Inc,UHS,549300YGMGQDO0NMJD09,352915,2017.0,Q3,2017-07-01,2017-09-30,2018-11-08 16:17:59+00:00,1.48,1.48,,110217000.0,1.47,74992000.0,145362000.0,145362000.0,,141245000.0,4117000.0,1251528000.0,2541864000.0,,,26197000.0,,896612000.0,1251528000.0,1290336000.0,36956000.0,1033026000.0,257310000.0,-36956000.0,220354000.0,2541864000.0,95400000.0,95246000.0,95977000.0
Universal Health Services Inc,UHS,549300YGMGQDO0NMJD09,352915,2017.0,Q3YTD,2017-01-01,2017-09-30,,5.54,5.54,,334127000.0,5.5,286774000.0,546277000.0,546277000.0,,532694000.0,13583000.0,3725786000.0,7767078000.0,,,77413000.0,,2688318000.0,3725786000.0,4041292000.0,108383000.0,3099858000.0,941434000.0,-108383000.0,833051000.0,7767078000.0,95400000.0,95246000.0,95977000.0
Universal Health Services Inc,UHS,549300YGMGQDO0NMJD09,352915,2017.0,Q3TTM,2016-10-01,2017-09-30,,7.34,7.34,,441563000.0,7.28,389384000.0,725015000.0,725015000.0,,706902000.0,18113000.0,4882515000.0,10242763000.0,,,96341000.0,,3566680000.0,4882515000.0,5360248000.0,141265000.0,4104584000.0,1255664000.0,-141265000.0,1114399000.0,10242763000.0,95400000.0,95246000.0,95977000.0
Universal Health Services Inc,UHS,549300YGMGQDO0NMJD09,352915,2017.0,Q2,2017-04-01,2017-06-30,2018-08-08 16:17:06+00:00,1.93,1.93,,113112000.0,1.91,103883000.0,190388000.0,190388000.0,,185394000.0,4994000.0,1236294000.0,2612356000.0,,,26027000.0,,906732000.0,1236294000.0,1376062000.0,35920000.0,1045871000.0,330191000.0,-35920000.0,294271000.0,2612356000.0,96100000.0,96247000.0,97042000.0
Universal Health Services Inc,UHS,549300YGMGQDO0NMJD09,352915,2017.0,Q2YTD,2017-01-01,2017-06-30,,4.06,4.06,,223910000.0,4.03,211782000.0,400915000.0,400915000.0,,391449000.0,9466000.0,2474258000.0,5225214000.0,,,51216000.0,,1791706000.0,2474258000.0,2750956000.0,71427000.0,2066832000.0,684124000.0,-71427000.0,612697000.0,5225214000.0,96100000.0,96247000.0,97042000.0
Universal Health Services Inc,UHS,549300YGMGQDO0NMJD09,352915,2017.0,Q2TTM,2016-07-01,2017-06-30,,7.42,7.42,,435058000.0,7.35,402567000.0,736918000.0,736918000.0,,717522000.0,19396000.0,4780716000.0,10110771000.0,,,93943000.0,,3525131000.0,4780716000.0,5330055000.0,136438000.0,4054132000.0,1275923000.0,-136438000.0,1139485000.0,10110771000.0,96100000.0,96247000.0,97042000.0
Universal Health Services Inc,UHS,549300YGMGQDO0NMJD09,352915,2017.0,Q1,2017-01-01,2017-03-31,2018-05-09 06:31:17+00:00,2.13,2.13,,110798000.0,2.12,107899000.0,210527000.0,210527000.0,,206055000.0,4472000.0,1237964000.0,2612858000.0,,,25189000.0,,884974000.0,1237964000.0,1374894000.0,35507000.0,1020961000.0,353933000.0,-35507000.0,318426000.0,2612858000.0,96700000.0,96585000.0,97372000.0
Universal Health Services Inc,UHS,549300YGMGQDO0NMJD09,352915,2017.0,Q1TTM,2016-04-01,2017-03-31,,7.4,7.4,,423357000.0,7.33,406081000.0,741979000.0,741979000.0,,717705000.0,24274000.0,4675355000.0,9929270000.0,,,92722000.0,,3458816000.0,4675355000.0,5253915000.0,130960000.0,3974895000.0,1279020000.0,-130960000.0,1148060000.0,9929270000.0,96700000.0,96585000.0,97372000.0
Universal Health Services Inc,UHS,549300YGMGQDO0NMJD09,352915,2018.0,FY,2018-01-01,2018-12-31,2020-02-26 16:19:33+00:00,8.35,8.35,,453045000.0,8.31,236642000.0,797883000.0,797883000.0,,779705000.0,18178000.0,5254536000.0,10772278000.0,,14219000.0,106094000.0,,3783341000.0,5254536000.0,5517742000.0,154956000.0,4342480000.0,1175262000.0,-140737000.0,1034525000.0,10772278000.0,93400000.0,93276000.0,93750000.0
Universal Health Services Inc,UHS,549300YGMGQDO0NMJD09,352915,2018.0,Q4,2018-10-01,2018-12-31,,1.73,1.73,,118075000.0,1.72,43828000.0,163622000.0,163622000.0,,158075000.0,5547000.0,1331704000.0,2754496000.0,,-12498000.0,26162000.0,,1018733000.0,1331704000.0,1422792000.0,39874000.0,1162970000.0,259822000.0,-52372000.0,207450000.0,2754496000.0,93400000.0,93276000.0,93750000.0
Universal Health Services Inc,UHS,549300YGMGQDO0NMJD09,352915,2018.0,Q3,2018-07-01,2018-09-30,2019-11-08 16:18:26+00:00,1.85,1.85,,112286000.0,1.84,54186000.0,174881000.0,174881000.0,,171746000.0,3135000.0,1316710000.0,2648913000.0,,11409000.0,26110000.0,,936643000.0,1316710000.0,1332203000.0,39506000.0,1075039000.0,257164000.0,-28097000.0,229067000.0,2648913000.0,92800000.0,92849000.0,93330000.0
Universal Health Services Inc,UHS,549300YGMGQDO0NMJD09,352915,2018.0,Q3YTD,2018-01-01,2018-09-30,,6.62,6.62,,334970000.0,6.59,192814000.0,634261000.0,634261000.0,,621630000.0,12631000.0,3922832000.0,8017782000.0,,26717000.0,79932000.0,,2764608000.0,3922832000.0,4094950000.0,115082000.0,3179510000.0,915440000.0,-88365000.0,827075000.0,8017782000.0,92800000.0,92849000.0,93330000.0
Universal Health Services Inc,UHS,549300YGMGQDO0NMJD09,352915,2018.0,Q3TTM,2017-10-01,2018-09-30,,8.94,8.94,,448608000.0,8.9,269737000.0,859296000.0,859296000.0,,841239000.0,18057000.0,5177683000.0,10660569000.0,,26717000.0,105646000.0,,3674448000.0,5177683000.0,5482886000.0,151868000.0,4228702000.0,1254184000.0,-125151000.0,1129033000.0,10660569000.0,92800000.0,92849000.0,93330000.0
Universal Health Services Inc,UHS,549300YGMGQDO0NMJD09,352915,2018.0,Q2,2018-04-01,2018-06-30,2019-08-08 16:18:07+00:00,2.4,2.4,,109581000.0,2.39,71059000.0,230711000.0,230711000.0,,226052000.0,4659000.0,1305974000.0,2681353000.0,,15308000.0,27119000.0,,914217000.0,1305974000.0,1375379000.0,38000000.0,1050917000.0,324462000.0,-22692000.0,301770000.0,2681353000.0,94200000.0,93842000.0,94281000.0
Universal Health Services Inc,UHS,549300YGMGQDO0NMJD09,352915,2018.0,Q2YTD,2018-01-01,2018-06-30,,4.77,4.77,,222684000.0,4.75,138628000.0,459380000.0,459380000.0,,449884000.0,9496000.0,2606122000.0,5368869000.0,,15308000.0,53822000.0,,1827965000.0,2606122000.0,2762747000.0,75576000.0,2104471000.0,658276000.0,-60268000.0,598008000.0,5368869000.0,94200000.0,93842000.0,94281000.0
Universal Health Services Inc,UHS,549300YGMGQDO0NMJD09,352915,2018.0,Q2TTM,2017-07-01,2018-06-30,,8.57,8.57,,446539000.0,8.53,290543000.0,829777000.0,829777000.0,,810738000.0,19039000.0,5112501000.0,10553520000.0,,15308000.0,105733000.0,,3634417000.0,5112501000.0,5441019000.0,149318000.0,4186689000.0,1254330000.0,-134010000.0,1120320000.0,10553520000.0,94200000.0,93842000.0,94281000.0
Universal Health Services Inc,UHS,549300YGMGQDO0NMJD09,352915,2018.0,Q1,2018-01-01,2018-03-31,2019-05-08 16:27:00+00:00,2.37,2.37,0.1,113103000.0,2.36,67569000.0,228669000.0,228669000.0,,223832000.0,4837000.0,1300148000.0,2687516000.0,,,26703000.0,,913748000.0,1300148000.0,1387368000.0,37576000.0,1053554000.0,333814000.0,-37576000.0,296238000.0,2687516000.0,94400000.0,94226000.0,94683000.0
Universal Health Services Inc,UHS,549300YGMGQDO0NMJD09,352915,2018.0,Q1TTM,2017-04-01,2018-03-31,,8.1,8.1,,450070000.0,8.05,323367000.0,789454000.0,789454000.0,,770080000.0,19374000.0,5042821000.0,10484523000.0,,,104641000.0,,3626932000.0,5042821000.0,5441702000.0,147238000.0,4181643000.0,1260059000.0,-147238000.0,1112821000.0,10484523000.0,94400000.0,94226000.0,94683000.0
Universal Health Services Inc,UHS,549300YGMGQDO0NMJD09,352915,2019.0,Q4,2019-10-01,2019-12-31,,2.82,2.82,,127656000.0,2.8,73148000.0,248010000.0,248010000.0,,245176000.0,2834000.0,1431640000.0,2896247000.0,,19338000.0,27489000.0,,968483000.0,1431640000.0,1464607000.0,39159000.0,1123628000.0,340979000.0,-19821000.0,321158000.0,2896247000.0,89000000.0,88762000.0,89040000.0
Universal Health Services Inc,UHS,549300YGMGQDO0NMJD09,352915,2019.0,FY,2019-01-01,2019-12-31,2020-02-26 16:19:33+00:00,9.16,9.16,,490392000.0,9.13,238794000.0,827543000.0,827543000.0,,814854000.0,12689000.0,5588893000.0,11378259000.0,,13162000.0,107809000.0,,3975257000.0,5588893000.0,5789366000.0,162733000.0,4573458000.0,1215908000.0,-149571000.0,1066337000.0,11378259000.0,89000000.0,88762000.0,89040000.0
Universal Health Services Inc,UHS,549300YGMGQDO0NMJD09,352915,2019.0,Q3YTD,2019-01-01,2019-09-30,,6.34,6.34,,362736000.0,6.33,165646000.0,579533000.0,579533000.0,,569678000.0,9855000.0,4157253000.0,8482012000.0,,-6176000.0,80320000.0,,3006774000.0,4157253000.0,4324759000.0,123574000.0,3449830000.0,874929000.0,-129750000.0,745179000.0,8482012000.0,88400000.0,87952000.0,88355000.0
Universal Health Services Inc,UHS,549300YGMGQDO0NMJD09,352915,2019.0,Q3TTM,2018-10-01,2019-09-30,,8.07,8.07,,480811000.0,8.05,209474000.0,743155000.0,743155000.0,,727753000.0,15402000.0,5488957000.0,11236508000.0,,-18674000.0,106482000.0,,4025507000.0,5488957000.0,5747551000.0,163448000.0,4612800000.0,1134751000.0,-182122000.0,952629000.0,11236508000.0,88400000.0,87952000.0,88355000.0
Universal Health Services Inc,UHS,549300YGMGQDO0NMJD09,352915,2019.0,Q3,2019-07-01,2019-09-30,2019-11-08 16:18:26+00:00,1.1,1.1,,121528000.0,1.1,37205000.0,100870000.0,100870000.0,,97190000.0,3680000.0,1408226000.0,2822453000.0,,-9407000.0,27660000.0,,1076110000.0,1408226000.0,1414227000.0,41447000.0,1225298000.0,188929000.0,-50854000.0,138075000.0,2822453000.0,88400000.0,87952000.0,88355000.0
Universal Health Services Inc,UHS,549300YGMGQDO0NMJD09,352915,2019.0,Q2YTD,2019-01-01,2019-06-30,,5.24,5.24,,241208000.0,5.23,128441000.0,478663000.0,478663000.0,,472488000.0,6175000.0,2749027000.0,5659559000.0,,3231000.0,52660000.0,,1930664000.0,2749027000.0,2910532000.0,82127000.0,2224532000.0,686000000.0,-78896000.0,607104000.0,5659559000.0,89300000.0,89136000.0,89235000.0
Universal Health Services Inc,UHS,549300YGMGQDO0NMJD09,352915,2019.0,Q2TTM,2018-07-01,2019-06-30,,8.82,8.82,,471569000.0,8.79,226455000.0,817166000.0,817166000.0,,802309000.0,14857000.0,5397441000.0,11062968000.0,,2142000.0,104932000.0,,3886040000.0,5397441000.0,5665527000.0,161507000.0,4462541000.0,1202986000.0,-159365000.0,1043621000.0,11062968000.0,89300000.0,89136000.0,89235000.0
Universal Health Services Inc,UHS,549300YGMGQDO0NMJD09,352915,2019.0,Q2,2019-04-01,2019-06-30,2019-08-08 16:18:07+00:00,2.67,2.67,,121168000.0,2.66,69543000.0,241265000.0,241265000.0,,238320000.0,2945000.0,1383481000.0,2855168000.0,,7732000.0,26535000.0,,978421000.0,1383481000.0,1471687000.0,42487000.0,1126124000.0,345563000.0,-34755000.0,310808000.0,2855168000.0,89300000.0,89136000.0,89235000.0
Universal Health Services Inc,UHS,549300YGMGQDO0NMJD09,352915,2019.0,Q1,2019-01-01,2019-03-31,2020-05-08 16:18:25+00:00,2.57,2.57,0.1,120040000.0,2.57,58898000.0,237398000.0,237398000.0,,234168000.0,3230000.0,1365546000.0,2804391000.0,,-4501000.0,26125000.0,,952243000.0,1365546000.0,1438845000.0,39640000.0,1098408000.0,340437000.0,-44141000.0,296296000.0,2804391000.0,91100000.0,90776000.0,90967000.0
Universal Health Services Inc,UHS,549300YGMGQDO0NMJD09,352915,2019.0,Q1TTM,2018-04-01,2019-03-31,,8.55,8.55,,459982000.0,8.52,227971000.0,806612000.0,806612000.0,,790041000.0,16571000.0,5319934000.0,10889153000.0,,9718000.0,105516000.0,,3821836000.0,5319934000.0,5569219000.0,157020000.0,4387334000.0,1181885000.0,-147302000.0,1034583000.0,10889153000.0,91100000.0,90776000.0,90967000.0
Universal Health Services Inc,UHS,549300YGMGQDO0NMJD09,352915,2020.0,Q1TTM,2019-04-01,2020-03-31,,8.23,8.23,,494746000.0,8.2,226219000.0,734605000.0,734605000.0,,722723000.0,11882000.0,5656016000.0,11403535000.0,,8103000.0,109977000.0,,4030631000.0,5656016000.0,5747519000.0,159444000.0,4635354000.0,1112165000.0,-151341000.0,960824000.0,11403535000.0,86600000.0,86212000.0,86455000.0
Universal Health Services Inc,UHS,549300YGMGQDO0NMJD09,352915,2020.0,Q1,2020-01-01,2020-03-31,2020-05-08 16:18:25+00:00,1.64,1.64,0.2,124394000.0,1.64,46323000.0,144460000.0,144460000.0,,142037000.0,2423000.0,1432669000.0,2829667000.0,,-9560000.0,28293000.0,,1007617000.0,1432669000.0,1396998000.0,36351000.0,1160304000.0,236694000.0,-45911000.0,190783000.0,2829667000.0,86600000.0,86212000.0,86455000.0
