company_name,company_ticker,company_lei,company_cik,year,quarter,start_date,end_date,filing_date,basicdilutedeps,basiceps,cashdividendspershare,depreciationexpense,dilutedeps,extraordinaryincome,impairmentexpense,incometaxexpense,netincome,netincomecontinuing,netincomediscontinued,netincometocommon,netincometononcontrollinginterest,operatingcostofrevenue,operatingrevenue,othergains,otherincome,otheroperatingexpenses,otherrevenue,otherspecialcharges,preferreddividends,totalcostofrevenue,totalgrossprofit,totalinterestexpense,totalinterestincome,totaloperatingexpenses,totaloperatingincome,totalotherincome,totalpretaxincome,totalrevenue,weightedavebasicdilutedsharesos,weightedavebasicsharesos,weightedavedilutedsharesos
American Electric Power Company Inc,AEP,1B4S6S7G0TW5EE83BO58,4904,2007.0,FY,2007-01-01,2007-12-31,2010-02-26 15:29:54+00:00,2.73,2.73,1.58,1513000000.0,2.72,-79000000.0,0.0,516000000.0,1098000000.0,1153000000.0,24000000.0,1089000000.0,6000000.0,7631000000.0,12101000000.0,6000000.0,33000000.0,1917000000.0,1279000000.0,,3000000.0,7631000000.0,5749000000.0,838000000.0,149000000.0,3430000000.0,2319000000.0,-656000000.0,1663000000.0,13380000000.0,398900000.0,398784745.0,400198799.0
American Electric Power Company Inc,AEP,1B4S6S7G0TW5EE83BO58,4904,2008.0,FY,2008-01-01,2008-12-31,2011-02-25 13:48:40+00:00,3.43,3.43,1.64,1483000000.0,3.42,0.0,-255000000.0,642000000.0,1388000000.0,1376000000.0,12000000.0,1380000000.0,5000000.0,8611000000.0,13326000000.0,3000000.0,,1814000000.0,1114000000.0,,3000000.0,8611000000.0,5829000000.0,957000000.0,185000000.0,3042000000.0,2787000000.0,-772000000.0,2015000000.0,14440000000.0,402300000.0,402083847.0,403640708.0
American Electric Power Company Inc,AEP,1B4S6S7G0TW5EE83BO58,4904,2008.0,Q3,2008-07-01,2008-09-30,2009-10-30 12:45:35+00:00,0.93,0.93,0.41,387000000.0,0.93,0.0,0.0,192000000.0,376000000.0,376000000.0,0.0,374000000.0,1000000.0,1874000000.0,4108000000.0,1000000.0,11000000.0,1199000000.0,83000000.0,-6000000.0,1000000.0,1874000000.0,2317000000.0,216000000.0,35000000.0,1580000000.0,737000000.0,-170000000.0,567000000.0,4191000000.0,402200000.0,402286779.0,403910309.0
American Electric Power Company Inc,AEP,1B4S6S7G0TW5EE83BO58,4904,2009.0,FY,2009-01-01,2009-12-31,2010-02-26 15:29:54+00:00,2.96,2.96,1.64,1597000000.0,2.96,-5000000.0,0.0,575000000.0,1365000000.0,1370000000.0,0.0,1357000000.0,5000000.0,7151000000.0,12733000000.0,7000000.0,82000000.0,1970000000.0,756000000.0,,3000000.0,7151000000.0,6338000000.0,973000000.0,58000000.0,3567000000.0,2771000000.0,-833000000.0,1938000000.0,13489000000.0,458400000.0,458677534.0,458982292.0
American Electric Power Company Inc,AEP,1B4S6S7G0TW5EE83BO58,4904,2009.0,Q4,2009-10-01,2009-12-31,,0.47,0.47,0.41,397000000.0,0.47,,,40000000.0,239000000.0,239000000.0,,238000000.0,,1837000000.0,3067000000.0,2000000.0,66000000.0,567000000.0,215000000.0,,1000000.0,1837000000.0,1445000000.0,247000000.0,-23000000.0,964000000.0,481000000.0,-204000000.0,277000000.0,3282000000.0,458400000.0,458677534.0,458982292.0
American Electric Power Company Inc,AEP,1B4S6S7G0TW5EE83BO58,4904,2009.0,Q3,2009-07-01,2009-09-30,2010-11-01 16:45:22+00:00,0.93,0.93,0.41,421000000.0,0.93,0.0,,208000000.0,446000000.0,446000000.0,,443000000.0,2000000.0,1820000000.0,3364000000.0,4000000.0,,448000000.0,183000000.0,,1000000.0,1820000000.0,1727000000.0,248000000.0,40000000.0,869000000.0,858000000.0,-208000000.0,650000000.0,3547000000.0,476300000.0,476948143.0,477111144.0
American Electric Power Company Inc,AEP,1B4S6S7G0TW5EE83BO58,4904,2009.0,Q3YTD,2009-01-01,2009-09-30,,2.49,2.49,1.23,1200000000.0,2.49,-5000000.0,,535000000.0,1126000000.0,1131000000.0,,1119000000.0,5000000.0,5314000000.0,9666000000.0,5000000.0,16000000.0,1403000000.0,541000000.0,,2000000.0,5314000000.0,4893000000.0,726000000.0,81000000.0,2603000000.0,2290000000.0,-629000000.0,1661000000.0,10207000000.0,476300000.0,476948143.0,477111144.0
American Electric Power Company Inc,AEP,1B4S6S7G0TW5EE83BO58,4904,2009.0,Q2YTD,2009-01-01,2009-06-30,,1.56,1.56,0.82,779000000.0,1.56,-5000000.0,,327000000.0,680000000.0,685000000.0,,676000000.0,3000000.0,3494000000.0,6302000000.0,1000000.0,16000000.0,955000000.0,358000000.0,,1000000.0,3494000000.0,3166000000.0,478000000.0,41000000.0,1734000000.0,1432000000.0,-421000000.0,1011000000.0,6660000000.0,471600000.0,472220041.0,472222817.0
American Electric Power Company Inc,AEP,1B4S6S7G0TW5EE83BO58,4904,2009.0,Q2,2009-04-01,2009-06-30,2010-07-30 13:31:45+00:00,0.67,0.67,0.41,397000000.0,0.67,-5000000.0,,148000000.0,317000000.0,322000000.0,,316000000.0,1000000.0,1660000000.0,3035000000.0,1000000.0,,463000000.0,167000000.0,,0.0,1660000000.0,1542000000.0,240000000.0,27000000.0,860000000.0,682000000.0,-213000000.0,469000000.0,3202000000.0,471600000.0,472220041.0,472222817.0
American Electric Power Company Inc,AEP,1B4S6S7G0TW5EE83BO58,4904,2009.0,Q1,2009-01-01,2009-03-31,2010-04-30 16:15:15+00:00,0.89,0.89,0.41,382000000.0,0.89,,,179000000.0,363000000.0,363000000.0,,360000000.0,2000000.0,1834000000.0,3267000000.0,0.0,16000000.0,492000000.0,191000000.0,,1000000.0,1834000000.0,1624000000.0,238000000.0,14000000.0,874000000.0,750000000.0,-208000000.0,542000000.0,3458000000.0,404500000.0,406826606.0,407381954.0
American Electric Power Company Inc,AEP,1B4S6S7G0TW5EE83BO58,4904,2010.0,FY,2010-01-01,2010-12-31,2013-02-26 14:40:37+00:00,2.53,2.53,1.71,1641000000.0,2.53,0.0,0.0,643000000.0,1218000000.0,1218000000.0,,1211000000.0,4000000.0,8161000000.0,13687000000.0,12000000.0,,1962000000.0,740000000.0,,3000000.0,8161000000.0,6266000000.0,999000000.0,185000000.0,3603000000.0,2663000000.0,-814000000.0,1849000000.0,14427000000.0,478700000.0,479373306.0,479601442.0
American Electric Power Company Inc,AEP,1B4S6S7G0TW5EE83BO58,4904,2010.0,Q4,2010-10-01,2010-12-31,,0.37,0.37,0.46,404000000.0,0.37,,,113000000.0,178000000.0,178000000.0,,176000000.0,1000000.0,1977000000.0,3219000000.0,4000000.0,,567000000.0,215000000.0,,1000000.0,1977000000.0,1457000000.0,249000000.0,50000000.0,971000000.0,486000000.0,-199000000.0,287000000.0,3434000000.0,478700000.0,479373306.0,479601442.0
American Electric Power Company Inc,AEP,1B4S6S7G0TW5EE83BO58,4904,2010.0,Q3YTD,2010-01-01,2010-09-30,,2.16,2.16,1.25,1237000000.0,2.16,,,530000000.0,1040000000.0,1040000000.0,,1035000000.0,3000000.0,6184000000.0,10468000000.0,8000000.0,,1395000000.0,525000000.0,,2000000.0,6184000000.0,4809000000.0,750000000.0,135000000.0,2632000000.0,2177000000.0,-615000000.0,1562000000.0,10993000000.0,478400000.0,479578139.0,479750447.0
American Electric Power Company Inc,AEP,1B4S6S7G0TW5EE83BO58,4904,2010.0,Q3TTM,2009-10-01,2010-09-30,,2.63,2.63,1.66,1634000000.0,2.63,,,570000000.0,1279000000.0,1279000000.0,,1273000000.0,3000000.0,8021000000.0,13535000000.0,10000000.0,66000000.0,1962000000.0,740000000.0,,3000000.0,8021000000.0,6254000000.0,997000000.0,112000000.0,3596000000.0,2658000000.0,-819000000.0,1839000000.0,14275000000.0,478400000.0,479578139.0,479750447.0
American Electric Power Company Inc,AEP,1B4S6S7G0TW5EE83BO58,4904,2010.0,Q3,2010-07-01,2010-09-30,2011-10-28 11:33:06+00:00,1.16,1.16,0.42,424000000.0,1.16,0.0,0.0,258000000.0,557000000.0,557000000.0,,555000000.0,1000000.0,2143000000.0,3876000000.0,3000000.0,,472000000.0,188000000.0,,1000000.0,2143000000.0,1921000000.0,251000000.0,38000000.0,896000000.0,1025000000.0,-213000000.0,812000000.0,4064000000.0,478400000.0,479578139.0,479750447.0
American Electric Power Company Inc,AEP,1B4S6S7G0TW5EE83BO58,4904,2010.0,Q2,2010-04-01,2010-06-30,2011-07-29 14:53:58+00:00,0.28,0.28,0.42,405000000.0,0.28,,,65000000.0,137000000.0,137000000.0,,136000000.0,1000000.0,2116000000.0,3186000000.0,1000000.0,,445000000.0,174000000.0,,0.0,2116000000.0,1244000000.0,249000000.0,56000000.0,850000000.0,394000000.0,-193000000.0,201000000.0,3360000000.0,485700000.0,479050774.0,479176543.0
American Electric Power Company Inc,AEP,1B4S6S7G0TW5EE83BO58,4904,2010.0,Q2YTD,2010-01-01,2010-06-30,,1.0,1.0,0.83,813000000.0,1.0,,,272000000.0,483000000.0,483000000.0,,480000000.0,2000000.0,4041000000.0,6592000000.0,5000000.0,,923000000.0,337000000.0,,1000000.0,4041000000.0,2888000000.0,499000000.0,97000000.0,1736000000.0,1152000000.0,-402000000.0,750000000.0,6929000000.0,485700000.0,479050774.0,479176543.0
American Electric Power Company Inc,AEP,1B4S6S7G0TW5EE83BO58,4904,2010.0,Q2TTM,2009-07-01,2010-06-30,,2.4,2.4,1.65,1631000000.0,2.4,,,520000000.0,1168000000.0,1168000000.0,,1161000000.0,4000000.0,7698000000.0,13023000000.0,11000000.0,66000000.0,1938000000.0,735000000.0,,3000000.0,7698000000.0,6060000000.0,994000000.0,114000000.0,3569000000.0,2491000000.0,-814000000.0,1677000000.0,13758000000.0,485700000.0,479050774.0,479176543.0
American Electric Power Company Inc,AEP,1B4S6S7G0TW5EE83BO58,4904,2010.0,Q1TTM,2009-04-01,2010-03-31,,2.79,2.79,1.64,1623000000.0,2.79,-5000000.0,,603000000.0,1348000000.0,1353000000.0,,1341000000.0,4000000.0,7242000000.0,12872000000.0,11000000.0,66000000.0,1956000000.0,728000000.0,,3000000.0,7242000000.0,6358000000.0,985000000.0,85000000.0,3579000000.0,2779000000.0,-834000000.0,1945000000.0,13600000000.0,477800000.0,478429535.0,478844632.0
American Electric Power Company Inc,AEP,1B4S6S7G0TW5EE83BO58,4904,2010.0,Q1,2010-01-01,2010-03-31,2011-05-03 13:03:39+00:00,0.72,0.72,0.41,408000000.0,0.72,,,207000000.0,346000000.0,346000000.0,,344000000.0,1000000.0,1925000000.0,3406000000.0,4000000.0,,478000000.0,163000000.0,,1000000.0,1925000000.0,1644000000.0,250000000.0,41000000.0,886000000.0,758000000.0,-209000000.0,549000000.0,3569000000.0,477800000.0,478429535.0,478844632.0
American Electric Power Company Inc,AEP,1B4S6S7G0TW5EE83BO58,4904,2011.0,Q4,2011-10-01,2011-12-31,,0.64,0.64,0.47,397000000.0,0.64,100000000.0,49000000.0,32000000.0,311000000.0,211000000.0,,308000000.0,,2087000000.0,3586000000.0,8000000.0,,568000000.0,-142000000.0,,3000000.0,2087000000.0,1357000000.0,210000000.0,102000000.0,1014000000.0,343000000.0,-108000000.0,235000000.0,3444000000.0,482800000.0,482169282.0,482460328.0
American Electric Power Company Inc,AEP,1B4S6S7G0TW5EE83BO58,4904,2011.0,FY,2011-01-01,2011-12-31,2014-02-25 14:26:50+00:00,4.02,4.02,1.85,1655000000.0,4.02,373000000.0,139000000.0,818000000.0,1949000000.0,1576000000.0,,1941000000.0,3000000.0,8480000000.0,14487000000.0,27000000.0,,2060000000.0,629000000.0,,5000000.0,8480000000.0,6636000000.0,933000000.0,518000000.0,3854000000.0,2782000000.0,-415000000.0,2367000000.0,15116000000.0,482800000.0,482169282.0,482460328.0
American Electric Power Company Inc,AEP,1B4S6S7G0TW5EE83BO58,4904,2011.0,Q3YTD,2011-01-01,2011-09-30,,3.38,3.38,1.38,1258000000.0,3.38,273000000.0,90000000.0,786000000.0,1638000000.0,1365000000.0,,1633000000.0,3000000.0,6393000000.0,10901000000.0,19000000.0,,1492000000.0,771000000.0,,2000000.0,6393000000.0,5279000000.0,723000000.0,416000000.0,2840000000.0,2439000000.0,-307000000.0,2132000000.0,11672000000.0,483300000.0,482498734.0,482796945.0
American Electric Power Company Inc,AEP,1B4S6S7G0TW5EE83BO58,4904,2011.0,Q3TTM,2010-10-01,2011-09-30,,3.75,3.75,1.84,1662000000.0,3.75,273000000.0,90000000.0,899000000.0,1816000000.0,1543000000.0,,1809000000.0,4000000.0,8370000000.0,14120000000.0,23000000.0,,2059000000.0,986000000.0,,3000000.0,8370000000.0,6736000000.0,972000000.0,466000000.0,3811000000.0,2925000000.0,-506000000.0,2419000000.0,15106000000.0,483300000.0,482498734.0,482796945.0
American Electric Power Company Inc,AEP,1B4S6S7G0TW5EE83BO58,4904,2011.0,Q3,2011-07-01,2011-09-30,2012-10-26 10:49:17+00:00,1.92,1.92,0.46,445000000.0,1.92,273000000.0,90000000.0,334000000.0,930000000.0,657000000.0,,928000000.0,1000000.0,2412000000.0,4044000000.0,7000000.0,,496000000.0,289000000.0,,1000000.0,2412000000.0,1921000000.0,242000000.0,336000000.0,1031000000.0,890000000.0,94000000.0,984000000.0,4333000000.0,483300000.0,482498734.0,482796945.0
American Electric Power Company Inc,AEP,1B4S6S7G0TW5EE83BO58,4904,2011.0,Q2YTD,2011-01-01,2011-06-30,,1.46,1.46,0.92,813000000.0,1.46,,,452000000.0,708000000.0,708000000.0,,705000000.0,2000000.0,3981000000.0,6857000000.0,12000000.0,,996000000.0,482000000.0,,1000000.0,3981000000.0,3358000000.0,481000000.0,80000000.0,1809000000.0,1549000000.0,-401000000.0,1148000000.0,7339000000.0,482200000.0,481928494.0,482203255.0
American Electric Power Company Inc,AEP,1B4S6S7G0TW5EE83BO58,4904,2011.0,Q2TTM,2010-07-01,2011-06-30,,2.99,2.99,1.8,1641000000.0,2.99,,,823000000.0,1443000000.0,1443000000.0,,1436000000.0,4000000.0,8101000000.0,13952000000.0,19000000.0,,2035000000.0,885000000.0,,3000000.0,8101000000.0,6736000000.0,981000000.0,168000000.0,3676000000.0,3060000000.0,-813000000.0,2247000000.0,14837000000.0,482200000.0,481928494.0,482203255.0
American Electric Power Company Inc,AEP,1B4S6S7G0TW5EE83BO58,4904,2011.0,Q2,2011-04-01,2011-06-30,2012-07-27 10:45:05+00:00,0.73,0.73,0.46,410000000.0,0.73,,,174000000.0,353000000.0,353000000.0,,352000000.0,1000000.0,1964000000.0,3360000000.0,6000000.0,,518000000.0,249000000.0,,0.0,1964000000.0,1645000000.0,239000000.0,43000000.0,928000000.0,717000000.0,-196000000.0,521000000.0,3609000000.0,482200000.0,481928494.0,482203255.0
American Electric Power Company Inc,AEP,1B4S6S7G0TW5EE83BO58,4904,2011.0,Q1TTM,2010-04-01,2011-03-31,,2.54,2.54,1.76,1636000000.0,2.54,,,714000000.0,1227000000.0,1227000000.0,,1220000000.0,4000000.0,8253000000.0,13778000000.0,14000000.0,,1962000000.0,810000000.0,,3000000.0,8253000000.0,6335000000.0,991000000.0,181000000.0,3598000000.0,2737000000.0,-810000000.0,1927000000.0,14588000000.0,483600000.0,481144270.0,481365806.0
American Electric Power Company Inc,AEP,1B4S6S7G0TW5EE83BO58,4904,2011.0,Q1,2011-01-01,2011-03-31,2012-04-27 13:01:54+00:00,0.73,0.73,0.46,403000000.0,0.73,,,278000000.0,355000000.0,355000000.0,,353000000.0,1000000.0,2017000000.0,3497000000.0,6000000.0,,478000000.0,233000000.0,,1000000.0,2017000000.0,1713000000.0,242000000.0,37000000.0,881000000.0,832000000.0,-205000000.0,627000000.0,3730000000.0,483600000.0,481144270.0,481365806.0
American Electric Power Company Inc,AEP,1B4S6S7G0TW5EE83BO58,4904,2012.0,FY,2012-01-01,2012-12-31,2013-02-26 14:40:37+00:00,2.6,2.6,1.88,1782000000.0,2.6,0.0,300000000.0,604000000.0,1262000000.0,1262000000.0,,1259000000.0,3000000.0,8242000000.0,13677000000.0,44000000.0,,1965000000.0,1268000000.0,,0.0,8242000000.0,6703000000.0,988000000.0,154000000.0,4047000000.0,2656000000.0,-834000000.0,1822000000.0,14945000000.0,484200000.0,484682469.0,485084694.0
American Electric Power Company Inc,AEP,1B4S6S7G0TW5EE83BO58,4904,2012.0,Q4,2012-10-01,2012-12-31,,0.05,0.05,0.47,429000000.0,0.05,,287000000.0,-16000000.0,21000000.0,21000000.0,,21000000.0,,2100000000.0,3265000000.0,11000000.0,,548000000.0,348000000.0,,,2100000000.0,1513000000.0,291000000.0,36000000.0,1264000000.0,249000000.0,-255000000.0,-6000000.0,3613000000.0,484200000.0,484682469.0,485084694.0
American Electric Power Company Inc,AEP,1B4S6S7G0TW5EE83BO58,4904,2012.0,Q3,2012-07-01,2012-09-30,2013-10-25 13:02:08+00:00,1.0,1.0,0.47,470000000.0,1.0,,13000000.0,241000000.0,488000000.0,488000000.0,,487000000.0,1000000.0,2282000000.0,3814000000.0,14000000.0,,479000000.0,342000000.0,,,2282000000.0,1874000000.0,233000000.0,36000000.0,962000000.0,912000000.0,-197000000.0,715000000.0,4156000000.0,487000000.0,484979543.0,485362858.0
American Electric Power Company Inc,AEP,1B4S6S7G0TW5EE83BO58,4904,2012.0,Q3YTD,2012-01-01,2012-09-30,,2.55,2.55,1.41,1353000000.0,2.55,,13000000.0,620000000.0,1241000000.0,1241000000.0,,1238000000.0,3000000.0,6142000000.0,10412000000.0,33000000.0,,1417000000.0,920000000.0,,,6142000000.0,5190000000.0,697000000.0,118000000.0,2783000000.0,2407000000.0,-579000000.0,1828000000.0,11332000000.0,487000000.0,484979543.0,485362858.0
American Electric Power Company Inc,AEP,1B4S6S7G0TW5EE83BO58,4904,2012.0,Q3TTM,2011-10-01,2012-09-30,,3.19,3.19,1.88,1750000000.0,3.19,100000000.0,62000000.0,652000000.0,1552000000.0,1452000000.0,,1546000000.0,3000000.0,8229000000.0,13998000000.0,41000000.0,,1985000000.0,778000000.0,,3000000.0,8229000000.0,6547000000.0,907000000.0,220000000.0,3797000000.0,2750000000.0,-687000000.0,2063000000.0,14776000000.0,487000000.0,484979543.0,485362858.0
American Electric Power Company Inc,AEP,1B4S6S7G0TW5EE83BO58,4904,2012.0,Q2YTD,2012-01-01,2012-06-30,,1.55,1.55,0.94,883000000.0,1.55,,,379000000.0,753000000.0,753000000.0,,751000000.0,2000000.0,3860000000.0,6598000000.0,19000000.0,,938000000.0,578000000.0,,,3860000000.0,3316000000.0,464000000.0,82000000.0,1821000000.0,1495000000.0,-382000000.0,1113000000.0,7176000000.0,482700000.0,484500029.0,484860690.0
American Electric Power Company Inc,AEP,1B4S6S7G0TW5EE83BO58,4904,2012.0,Q2TTM,2011-07-01,2012-06-30,,4.11,4.11,1.87,1725000000.0,4.11,373000000.0,139000000.0,745000000.0,1994000000.0,1621000000.0,,1987000000.0,3000000.0,8359000000.0,14228000000.0,34000000.0,,2002000000.0,725000000.0,,4000000.0,8359000000.0,6594000000.0,916000000.0,520000000.0,3866000000.0,2728000000.0,-396000000.0,2332000000.0,14953000000.0,482700000.0,484500029.0,484860690.0
American Electric Power Company Inc,AEP,1B4S6S7G0TW5EE83BO58,4904,2012.0,Q2,2012-04-01,2012-06-30,2013-07-26 11:44:52+00:00,0.75,0.75,0.47,460000000.0,0.75,,0.0,190000000.0,363000000.0,363000000.0,,362000000.0,1000000.0,1891000000.0,3235000000.0,10000000.0,,459000000.0,316000000.0,,,1891000000.0,1660000000.0,235000000.0,37000000.0,919000000.0,741000000.0,-198000000.0,543000000.0,3551000000.0,482700000.0,484500029.0,484860690.0
American Electric Power Company Inc,AEP,1B4S6S7G0TW5EE83BO58,4904,2012.0,Q1TTM,2011-04-01,2012-03-31,,4.09,4.09,1.86,1675000000.0,4.09,373000000.0,139000000.0,729000000.0,1984000000.0,1611000000.0,,1977000000.0,3000000.0,8432000000.0,14353000000.0,30000000.0,,2061000000.0,658000000.0,,4000000.0,8432000000.0,6579000000.0,920000000.0,526000000.0,3875000000.0,2704000000.0,-394000000.0,2310000000.0,15011000000.0,486300000.0,483828101.0,484248868.0
American Electric Power Company Inc,AEP,1B4S6S7G0TW5EE83BO58,4904,2012.0,Q1,2012-01-01,2012-03-31,2013-04-26 11:53:58+00:00,0.8,0.8,0.47,423000000.0,0.8,,,189000000.0,390000000.0,390000000.0,,389000000.0,1000000.0,1969000000.0,3363000000.0,9000000.0,,479000000.0,262000000.0,,,1969000000.0,1656000000.0,229000000.0,45000000.0,902000000.0,754000000.0,-184000000.0,570000000.0,3625000000.0,486300000.0,483828101.0,484248868.0
American Electric Power Company Inc,AEP,1B4S6S7G0TW5EE83BO58,4904,2013.0,FY,2013-01-01,2013-12-31,2016-02-23 18:04:17+00:00,3.04,3.04,1.95,1712500000.0,3.04,,226400000.0,677700000.0,1484200000.0,1473900000.0,10300000.0,1480500000.0,3700000.0,8007500000.0,14833700000.0,58300000.0,,2044600000.0,-20200000.0,,,8007500000.0,6806000000.0,890000000.0,160800000.0,3983500000.0,2822500000.0,-729200000.0,2093300000.0,14813500000.0,487000000.0,486619555.0,487040956.0
American Electric Power Company Inc,AEP,1B4S6S7G0TW5EE83BO58,4904,2013.0,Q4,2013-10-01,2013-12-31,,0.71,0.71,0.5,402500000.0,0.71,,-71600000.0,157700000.0,347200000.0,336900000.0,10300000.0,346500000.0,700000.0,1718500000.0,3595700000.0,19300000.0,,534600000.0,-366200000.0,,,1718500000.0,1511000000.0,205000000.0,34800000.0,865500000.0,645500000.0,-170200000.0,475300000.0,3229500000.0,487000000.0,486619555.0,487040956.0
American Electric Power Company Inc,AEP,1B4S6S7G0TW5EE83BO58,4904,2013.0,Q3YTD,2013-01-01,2013-09-30,,2.33,2.33,1.45,1310000000.0,2.33,,298000000.0,520000000.0,1137000000.0,1137000000.0,,1134000000.0,3000000.0,6289000000.0,11238000000.0,39000000.0,,1510000000.0,346000000.0,,,6289000000.0,5295000000.0,685000000.0,126000000.0,3118000000.0,2177000000.0,-559000000.0,1618000000.0,11584000000.0,486500000.0,486932747.0,487258905.0
American Electric Power Company Inc,AEP,1B4S6S7G0TW5EE83BO58,4904,2013.0,Q3TTM,2012-10-01,2013-09-30,,2.38,2.38,1.92,1739000000.0,2.38,,585000000.0,504000000.0,1158000000.0,1158000000.0,,1155000000.0,3000000.0,8389000000.0,14503000000.0,50000000.0,,2058000000.0,694000000.0,,,8389000000.0,6808000000.0,976000000.0,162000000.0,4382000000.0,2426000000.0,-814000000.0,1612000000.0,15197000000.0,486500000.0,486932747.0,487258905.0
American Electric Power Company Inc,AEP,1B4S6S7G0TW5EE83BO58,4904,2013.0,Q3,2013-07-01,2013-09-30,2014-10-23 17:28:03+00:00,0.89,0.89,0.49,447000000.0,0.89,,144000000.0,257000000.0,434000000.0,434000000.0,,433000000.0,1000000.0,2218000000.0,4041000000.0,11000000.0,,492000000.0,135000000.0,,,2218000000.0,1958000000.0,225000000.0,30000000.0,1083000000.0,875000000.0,-195000000.0,680000000.0,4176000000.0,486500000.0,486932747.0,487258905.0
American Electric Power Company Inc,AEP,1B4S6S7G0TW5EE83BO58,4904,2013.0,Q2YTD,2013-01-01,2013-06-30,,1.44,1.44,0.96,863000000.0,1.44,,154000000.0,263000000.0,703000000.0,703000000.0,,701000000.0,2000000.0,4071000000.0,7197000000.0,28000000.0,,1018000000.0,211000000.0,,,4071000000.0,3337000000.0,460000000.0,96000000.0,2035000000.0,1302000000.0,-364000000.0,938000000.0,7408000000.0,489900000.0,486293026.0,486763615.0
American Electric Power Company Inc,AEP,1B4S6S7G0TW5EE83BO58,4904,2013.0,Q2TTM,2012-07-01,2013-06-30,,2.49,2.49,1.9,1762000000.0,2.49,,454000000.0,488000000.0,1212000000.0,1212000000.0,,1209000000.0,3000000.0,8453000000.0,14276000000.0,53000000.0,,2045000000.0,901000000.0,,,8453000000.0,6724000000.0,984000000.0,168000000.0,4261000000.0,2463000000.0,-816000000.0,1647000000.0,15177000000.0,489900000.0,486293026.0,486763615.0
American Electric Power Company Inc,AEP,1B4S6S7G0TW5EE83BO58,4904,2013.0,Q2,2013-04-01,2013-06-30,2014-07-25 13:26:48+00:00,0.69,0.69,0.49,443000000.0,0.69,,154000000.0,68000000.0,339000000.0,339000000.0,,338000000.0,1000000.0,1931000000.0,3493000000.0,14000000.0,,507000000.0,89000000.0,,,1931000000.0,1651000000.0,228000000.0,74000000.0,1104000000.0,547000000.0,-154000000.0,393000000.0,3582000000.0,489900000.0,486293026.0,486763615.0
American Electric Power Company Inc,AEP,1B4S6S7G0TW5EE83BO58,4904,2013.0,Q1TTM,2012-04-01,2013-03-31,,2.55,2.55,1.88,1779000000.0,2.55,,300000000.0,610000000.0,1236000000.0,1236000000.0,,1233000000.0,3000000.0,8413000000.0,14018000000.0,49000000.0,,1997000000.0,1128000000.0,,,8413000000.0,6733000000.0,991000000.0,131000000.0,4076000000.0,2657000000.0,-860000000.0,1797000000.0,15146000000.0,484000000.0,485823668.0,486344036.0
American Electric Power Company Inc,AEP,1B4S6S7G0TW5EE83BO58,4904,2013.0,Q1,2013-01-01,2013-03-31,2014-04-25 13:07:17+00:00,0.75,0.75,0.47,420000000.0,0.75,,,195000000.0,364000000.0,364000000.0,,363000000.0,1000000.0,2140000000.0,3704000000.0,14000000.0,,511000000.0,122000000.0,,,2140000000.0,1686000000.0,232000000.0,22000000.0,931000000.0,755000000.0,-210000000.0,545000000.0,3826000000.0,484000000.0,485823668.0,486344036.0
American Electric Power Company Inc,AEP,1B4S6S7G0TW5EE83BO58,4904,2014.0,FY,2014-01-01,2014-12-31,2017-02-27 18:59:56+00:00,3.34,3.34,2.03,1897600000.0,3.34,,0.0,902600000.0,1638000000.0,1590500000.0,47500000.0,1633800000.0,4200000.0,9124300000.0,16333700000.0,90200000.0,,2229300000.0,44900000.0,,,9124300000.0,7254300000.0,868000000.0,143500000.0,4126900000.0,3127400000.0,-724500000.0,2402900000.0,16378600000.0,489200000.0,488592997.0,488899840.0
American Electric Power Company Inc,AEP,1B4S6S7G0TW5EE83BO58,4904,2014.0,Q4,2014-10-01,2014-12-31,,0.38,0.38,0.53,464600000.0,0.38,,,116600000.0,192000000.0,155500000.0,36500000.0,190800000.0,1200000.0,2048300000.0,3796700000.0,25200000.0,,598300000.0,-271100000.0,,,2048300000.0,1477300000.0,210000000.0,42500000.0,1062900000.0,414400000.0,-167500000.0,246900000.0,3525600000.0,489200000.0,488592997.0,488899840.0
American Electric Power Company Inc,AEP,1B4S6S7G0TW5EE83BO58,4904,2014.0,Q3,2014-07-01,2014-09-30,2015-10-22 16:59:57+00:00,1.01,1.01,0.5,499000000.0,1.01,,,264000000.0,494000000.0,483000000.0,11000000.0,493000000.0,1000000.0,2214000000.0,4133000000.0,24000000.0,,543000000.0,28000000.0,,,2214000000.0,1947000000.0,217000000.0,35000000.0,1042000000.0,905000000.0,-182000000.0,723000000.0,4161000000.0,488100000.0,488912892.0,488970647.0
American Electric Power Company Inc,AEP,1B4S6S7G0TW5EE83BO58,4904,2014.0,Q3YTD,2014-01-01,2014-09-30,,2.96,2.96,1.5,1433000000.0,2.96,,,786000000.0,1446000000.0,1435000000.0,11000000.0,1443000000.0,3000000.0,7076000000.0,12537000000.0,65000000.0,,1631000000.0,316000000.0,,,7076000000.0,5777000000.0,658000000.0,101000000.0,3064000000.0,2713000000.0,-557000000.0,2156000000.0,12853000000.0,488100000.0,488912892.0,488970647.0
American Electric Power Company Inc,AEP,1B4S6S7G0TW5EE83BO58,4904,2014.0,Q3TTM,2013-10-01,2014-09-30,,3.67,3.67,2.0,1866000000.0,3.67,,-72000000.0,950000000.0,1793000000.0,1782000000.0,11000000.0,1789000000.0,4000000.0,9250000000.0,16832000000.0,84000000.0,,2191000000.0,-206000000.0,,,9250000000.0,7376000000.0,879000000.0,136000000.0,3985000000.0,3391000000.0,-743000000.0,2648000000.0,16626000000.0,488100000.0,488912892.0,488970647.0
American Electric Power Company Inc,AEP,1B4S6S7G0TW5EE83BO58,4904,2014.0,Q2YTD,2014-01-01,2014-06-30,,1.95,1.95,1.0,934000000.0,1.95,,,522000000.0,952000000.0,952000000.0,,950000000.0,2000000.0,4862000000.0,8404000000.0,41000000.0,,1088000000.0,288000000.0,,,4862000000.0,3830000000.0,441000000.0,66000000.0,2022000000.0,1808000000.0,-375000000.0,1433000000.0,8692000000.0,487500000.0,488291576.0,488538227.0
American Electric Power Company Inc,AEP,1B4S6S7G0TW5EE83BO58,4904,2014.0,Q2TTM,2013-07-01,2014-06-30,,3.55,3.55,1.99,1814000000.0,3.55,,72000000.0,943000000.0,1733000000.0,1733000000.0,,1729000000.0,4000000.0,9254000000.0,16496000000.0,71000000.0,,2140000000.0,145000000.0,,,9254000000.0,7387000000.0,887000000.0,131000000.0,4026000000.0,3361000000.0,-756000000.0,2605000000.0,16641000000.0,487500000.0,488291576.0,488538227.0
American Electric Power Company Inc,AEP,1B4S6S7G0TW5EE83BO58,4904,2014.0,Q2,2014-04-01,2014-06-30,2015-07-23 17:01:32+00:00,0.8,0.8,0.5,443000000.0,0.8,,,215000000.0,391000000.0,391000000.0,,390000000.0,1000000.0,2276000000.0,3873000000.0,23000000.0,,558000000.0,171000000.0,,,2276000000.0,1768000000.0,221000000.0,37000000.0,1001000000.0,767000000.0,-184000000.0,583000000.0,4044000000.0,487500000.0,488291576.0,488538227.0
American Electric Power Company Inc,AEP,1B4S6S7G0TW5EE83BO58,4904,2014.0,Q1TTM,2013-04-01,2014-03-31,,3.44,3.44,1.98,1814000000.0,3.44,,226000000.0,796000000.0,1681000000.0,1681000000.0,,1677000000.0,4000000.0,8909000000.0,15876000000.0,62000000.0,,2089000000.0,303000000.0,,,8909000000.0,7270000000.0,894000000.0,168000000.0,4129000000.0,3141000000.0,-726000000.0,2415000000.0,16179000000.0,487000000.0,487867089.0,488271167.0
American Electric Power Company Inc,AEP,1B4S6S7G0TW5EE83BO58,4904,2014.0,Q1,2014-01-01,2014-03-31,2015-04-23 16:27:27+00:00,1.15,1.15,0.5,491000000.0,1.15,,,307000000.0,561000000.0,561000000.0,,560000000.0,1000000.0,2586000000.0,4531000000.0,18000000.0,,530000000.0,117000000.0,,,2586000000.0,2062000000.0,220000000.0,29000000.0,1021000000.0,1041000000.0,-191000000.0,850000000.0,4648000000.0,487000000.0,487867089.0,488271167.0
American Electric Power Company Inc,AEP,1B4S6S7G0TW5EE83BO58,4904,2015.0,FY,2015-01-01,2015-12-31,2018-02-22 17:53:21+00:00,4.17,4.17,2.15,2009700000.0,4.17,,0.0,919600000.0,2052300000.0,1768600000.0,283700000.0,2047100000.0,5200000.0,8812100000.0,16328600000.0,65300000.0,,2297900000.0,124600000.0,0.0,,8812100000.0,7641100000.0,873900000.0,163300000.0,4307600000.0,3333500000.0,-710600000.0,2622900000.0,16453200000.0,490900000.0,490340522.0,490574568.0
American Electric Power Company Inc,AEP,1B4S6S7G0TW5EE83BO58,4904,2015.0,Q4,2015-10-01,2015-12-31,,0.94,0.94,0.56,481700000.0,0.94,,,92500000.0,470700000.0,205200000.0,265500000.0,469600000.0,1100000.0,2025100000.0,3580300000.0,4700000.0,,641500000.0,34400000.0,,,2025100000.0,1589600000.0,215800000.0,42400000.0,1123200000.0,466400000.0,-173400000.0,293000000.0,3614700000.0,490900000.0,490340522.0,490574568.0
American Electric Power Company Inc,AEP,1B4S6S7G0TW5EE83BO58,4904,2015.0,Q3,2015-07-01,2015-09-30,2016-11-01 17:40:07+00:00,1.06,1.06,0.53,534900000.0,1.06,,0.0,275600000.0,519600000.0,511800000.0,7800000.0,518300000.0,1300000.0,2376600000.0,4401200000.0,11400000.0,,559700000.0,30200000.0,,,2376600000.0,2054800000.0,220200000.0,36000000.0,1094600000.0,960200000.0,-184200000.0,776000000.0,4431400000.0,489000000.0,490600000.0,490800000.0
American Electric Power Company Inc,AEP,1B4S6S7G0TW5EE83BO58,4904,2015.0,Q3YTD,2015-01-01,2015-09-30,,3.23,3.23,1.59,1528000000.0,3.23,,,827100000.0,1581600000.0,1563400000.0,18200000.0,1577500000.0,4100000.0,6787000000.0,12748300000.0,60600000.0,,1656400000.0,90200000.0,,,6787000000.0,6051500000.0,658100000.0,120900000.0,3184400000.0,2867100000.0,-537200000.0,2329900000.0,12838500000.0,489000000.0,490600000.0,490800000.0
American Electric Power Company Inc,AEP,1B4S6S7G0TW5EE83BO58,4904,2015.0,Q3TTM,2014-10-01,2015-09-30,,3.61,3.61,2.12,1992600000.0,3.61,,,943700000.0,1773600000.0,1718900000.0,54700000.0,1768300000.0,5300000.0,8835300000.0,16545000000.0,85800000.0,,2254700000.0,-180900000.0,,,8835300000.0,7528800000.0,868100000.0,163400000.0,4247300000.0,3281500000.0,-704700000.0,2576800000.0,16364100000.0,489000000.0,490600000.0,490800000.0
American Electric Power Company Inc,AEP,1B4S6S7G0TW5EE83BO58,4904,2015.0,Q2,2015-04-01,2015-06-30,2016-07-28 16:49:45+00:00,0.88,0.88,0.53,497700000.0,0.88,,,224300000.0,431300000.0,431400000.0,-100000.0,430000000.0,1300000.0,1959500000.0,3794200000.0,25400000.0,,565400000.0,32500000.0,,,1959500000.0,1867200000.0,219200000.0,45400000.0,1063100000.0,804100000.0,-173800000.0,630300000.0,3826700000.0,488600000.0,490200000.0,490484450.0
American Electric Power Company Inc,AEP,1B4S6S7G0TW5EE83BO58,4904,2015.0,Q2YTD,2015-01-01,2015-06-30,,2.17,2.17,1.06,993100000.0,2.17,,,551500000.0,1062000000.0,1051600000.0,10400000.0,1059200000.0,2800000.0,4410400000.0,8347100000.0,49200000.0,,1096700000.0,60000000.0,,,4410400000.0,3996700000.0,437900000.0,84900000.0,2089800000.0,1906900000.0,-353000000.0,1553900000.0,8407100000.0,488600000.0,490200000.0,490484450.0
American Electric Power Company Inc,AEP,1B4S6S7G0TW5EE83BO58,4904,2015.0,Q2TTM,2014-07-01,2015-06-30,,3.56,3.56,2.09,1956700000.0,3.56,,,932100000.0,1748000000.0,1690100000.0,57900000.0,1743000000.0,5000000.0,8672700000.0,16276800000.0,98400000.0,,2238000000.0,-183100000.0,,,8672700000.0,7421000000.0,864900000.0,162400000.0,4194700000.0,3226300000.0,-702500000.0,2523800000.0,16093700000.0,488600000.0,490200000.0,490484450.0
American Electric Power Company Inc,AEP,1B4S6S7G0TW5EE83BO58,4904,2015.0,Q1,2015-01-01,2015-03-31,2016-04-28 17:29:19+00:00,1.29,1.29,0.53,495400000.0,1.29,,,327200000.0,630700000.0,620200000.0,10500000.0,629200000.0,1500000.0,2450900000.0,4552900000.0,23800000.0,,531300000.0,27500000.0,,,2450900000.0,2129500000.0,218700000.0,39500000.0,1026700000.0,1102800000.0,-179200000.0,923600000.0,4580400000.0,487800000.0,489597986.0,489936726.0
American Electric Power Company Inc,AEP,1B4S6S7G0TW5EE83BO58,4904,2015.0,Q1TTM,2014-04-01,2015-03-31,,3.48,3.48,2.06,1902000000.0,3.48,,,922800000.0,1707700000.0,1649700000.0,58000000.0,1703000000.0,4700000.0,8989200000.0,16355600000.0,96000000.0,,2230600000.0,-44600000.0,,,8989200000.0,7321800000.0,866700000.0,154000000.0,4132600000.0,3189200000.0,-712700000.0,2476500000.0,16311000000.0,487800000.0,489597986.0,489936726.0
American Electric Power Company Inc,AEP,1B4S6S7G0TW5EE83BO58,4904,2016.0,Q3,2016-07-01,2016-09-30,2017-10-26 17:59:43+00:00,-1.56,-1.56,0.56,539300000.0,-1.56,,2264900000.0,-534500000.0,-764200000.0,-764200000.0,0.0,-765800000.0,1600000.0,2425200000.0,4607000000.0,25200000.0,,550700000.0,45200000.0,0.0,,2425200000.0,2227000000.0,225300000.0,29300000.0,3354900000.0,-1127900000.0,-196000000.0,-1323900000.0,4652200000.0,490900000.0,491697809.0,491813858.0
American Electric Power Company Inc,AEP,1B4S6S7G0TW5EE83BO58,4904,2016.0,Q3YTD,2016-01-01,2016-09-30,,0.48,0.48,1.68,1550200000.0,0.48,,2264900000.0,-369500000.0,670300000.0,672800000.0,-2500000.0,666900000.0,3400000.0,6810800000.0,12456000000.0,17800000.0,,1332900000.0,134000000.0,,,6810800000.0,5779200000.0,450200000.0,104500000.0,5148000000.0,631200000.0,-345700000.0,285500000.0,12590000000.0,490900000.0,491697809.0,491813858.0
American Electric Power Company Inc,AEP,1B4S6S7G0TW5EE83BO58,4904,2016.0,Q3TTM,2015-10-01,2016-09-30,,1.42,1.42,2.24,2031900000.0,1.42,,2264900000.0,-277000000.0,1141000000.0,878000000.0,263000000.0,1136500000.0,4500000.0,8835900000.0,16036300000.0,22500000.0,,1974400000.0,168400000.0,,,8835900000.0,7368800000.0,666000000.0,146900000.0,6271200000.0,1097600000.0,-519100000.0,578500000.0,16204700000.0,490900000.0,491697809.0,491813858.0
American Electric Power Company Inc,AEP,1B4S6S7G0TW5EE83BO58,4904,2016.0,Q2,2016-04-01,2016-06-30,2017-07-27 17:30:40+00:00,1.02,1.02,0.56,513800000.0,1.02,,0.0,165000000.0,503900000.0,506400000.0,-2500000.0,502100000.0,1800000.0,2263500000.0,3839700000.0,-7400000.0,,249400000.0,53200000.0,0.0,,2263500000.0,1629400000.0,224900000.0,37500000.0,763200000.0,866200000.0,-187400000.0,678800000.0,3892900000.0,492300000.0,491500000.0,491600000.0
American Electric Power Company Inc,AEP,1B4S6S7G0TW5EE83BO58,4904,2016.0,Q2YTD,2016-01-01,2016-06-30,,2.04,2.04,1.12,1010900000.0,2.04,,,165000000.0,1434500000.0,1437000000.0,-2500000.0,1432700000.0,1800000.0,4385600000.0,7849000000.0,-7400000.0,,782200000.0,88800000.0,,,4385600000.0,3552200000.0,224900000.0,75200000.0,1793100000.0,1759100000.0,-149700000.0,1609400000.0,7937800000.0,492300000.0,491500000.0,491600000.0
American Electric Power Company Inc,AEP,1B4S6S7G0TW5EE83BO58,4904,2016.0,Q2TTM,2015-07-01,2016-06-30,,4.04,4.04,2.21,2027500000.0,4.04,,,533100000.0,2424800000.0,2154000000.0,270800000.0,2420600000.0,4200000.0,8787300000.0,15830500000.0,8700000.0,,1983400000.0,153400000.0,,,8787300000.0,7196600000.0,660900000.0,153600000.0,4010900000.0,3185700000.0,-507300000.0,2678400000.0,15983900000.0,492300000.0,491500000.0,491600000.0
American Electric Power Company Inc,AEP,1B4S6S7G0TW5EE83BO58,4904,2016.0,Q1,2016-01-01,2016-03-31,2017-04-27 17:44:02+00:00,1.02,1.02,0.56,497100000.0,1.02,,0.0,,930600000.0,930600000.0,,930600000.0,,2122100000.0,4009300000.0,,,532800000.0,35600000.0,0.0,,2122100000.0,1922800000.0,,37700000.0,1029900000.0,892900000.0,37700000.0,930600000.0,4044900000.0,912400000.0,491108392.0,491332305.0
American Electric Power Company Inc,AEP,1B4S6S7G0TW5EE83BO58,4904,2016.0,Q1TTM,2015-04-01,2016-03-31,,3.9,3.9,2.18,2011400000.0,3.9,,,592400000.0,2352200000.0,2079000000.0,273200000.0,2348500000.0,3700000.0,8483300000.0,15785000000.0,41500000.0,,2299400000.0,132700000.0,,,8483300000.0,7434400000.0,655200000.0,161500000.0,4310800000.0,3123600000.0,-493700000.0,2629900000.0,15917700000.0,912400000.0,491108392.0,491332305.0
American Electric Power Company Inc,AEP,1B4S6S7G0TW5EE83BO58,4904,2017.0,Q2,2017-04-01,2017-06-30,2018-07-26 07:28:21+00:00,0.76,0.76,0.59,485500000.0,0.76,,,190600000.0,376200000.0,376200000.0,,375000000.0,1200000.0,1796500000.0,3508800000.0,16000000.0,,549700000.0,67700000.0,100000.0,,1796500000.0,1780000000.0,222900000.0,29000000.0,1035300000.0,744700000.0,-193900000.0,550800000.0,3576500000.0,493400000.0,491800000.0,492642100.0
American Electric Power Company Inc,AEP,1B4S6S7G0TW5EE83BO58,4904,2017.0,Q2YTD,2017-01-01,2017-06-30,,1.96,1.96,1.18,967400000.0,1.96,,,533800000.0,970400000.0,970400000.0,,967200000.0,3200000.0,3814000000.0,7403800000.0,43000000.0,,1113000000.0,106000000.0,-226400000.0,,3814000000.0,3695800000.0,444700000.0,64100000.0,1854000000.0,1841800000.0,-380600000.0,1461200000.0,7509800000.0,493400000.0,491800000.0,492642100.0
American Electric Power Company Inc,AEP,1B4S6S7G0TW5EE83BO58,4904,2017.0,Q1,2017-01-01,2017-03-31,2018-04-26 17:24:57+00:00,1.2,1.2,0.59,481900000.0,1.2,,,343200000.0,594200000.0,594200000.0,,592200000.0,2000000.0,2017500000.0,3895000000.0,27000000.0,,563300000.0,38300000.0,-226500000.0,,2017500000.0,1915800000.0,221800000.0,35100000.0,818700000.0,1097100000.0,-186700000.0,910400000.0,3933300000.0,493500000.0,491712042.0,492031975.0
American Electric Power Company Inc,AEP,1B4S6S7G0TW5EE83BO58,4904,2018.0,Q1,2018-01-01,2018-03-31,2019-04-25 18:13:15+00:00,0.92,0.92,0.62,539700000.0,0.92,,,102000000.0,456700000.0,456700000.0,,454400000.0,2300000.0,2368700000.0,4304800000.0,18500000.0,-76300000.0,584100000.0,,,,2368700000.0,1936100000.0,234000000.0,38200000.0,1123800000.0,812300000.0,-272100000.0,540200000.0,4304800000.0,493900000.0,492267402.0,493127300.0
