company_name,company_ticker,company_lei,company_cik,year,quarter,start_date,end_date,filing_date,basicdilutedeps,basiceps,cashdividendspershare,dilutedeps,impairmentexpense,incometaxexpense,netincome,netincomecontinuing,netincometocommon,operatingcostofrevenue,operatingrevenue,otheradjustmentstoconsolidatednetincome,othergains,otherincome,otherspecialcharges,restructuringcharge,sgaexpense,totalcostofrevenue,totalgrossprofit,totalinterestexpense,totaloperatingexpenses,totaloperatingincome,totalotherincome,totalpretaxincome,totalrevenue,weightedavebasicdilutedsharesos,weightedavebasicsharesos,weightedavedilutedsharesos
McCormick & Company Inc,MKC,549300JQQA6MQ4OJP259,63754,2008.0,FY,2007-12-01,2008-11-30,2011-01-26 17:39:36+00:00,1.98,1.98,,1.94,29000000.0,100600000.0,255800000.0,255800000.0,255800000.0,1888400000.0,3176600000.0,,18600000.0,18000000.0,,12100000.0,870600000.0,1888400000.0,1288200000.0,56700000.0,911700000.0,376500000.0,-38700000.0,337800000.0,3176600000.0,129200000.0,129200000.0,131900000.0
McCormick & Company Inc,MKC,549300JQQA6MQ4OJP259,63754,2009.0,FY,2008-12-01,2009-11-30,2012-01-27 10:06:33+00:00,2.29,2.29,0.96,2.27,,133000000.0,299800000.0,299800000.0,299800000.0,1864900000.0,3192100000.0,,16300000.0,2400000.0,,13700000.0,846600000.0,1864900000.0,1327200000.0,52800000.0,860300000.0,466900000.0,-50400000.0,416500000.0,3192100000.0,130800000.0,130800000.0,130800000.0
McCormick & Company Inc,MKC,549300JQQA6MQ4OJP259,63754,2009.0,Q3,2009-06-01,2009-08-31,2010-10-01 06:16:16+00:00,0.57,0.57,0.24,0.57,,32100000.0,75100000.0,75100000.0,75100000.0,472700000.0,791700000.0,,3100000.0,300000.0,,900000.0,201500000.0,472700000.0,319000000.0,12800000.0,202400000.0,116600000.0,-12500000.0,104100000.0,791700000.0,131800000.0,130900000.0,132400000.0
McCormick & Company Inc,MKC,549300JQQA6MQ4OJP259,63754,2010.0,Q4,2010-09-01,2010-11-30,,1.01,1.01,0.26,0.99,,46500000.0,133700000.0,133700000.0,133700000.0,533400000.0,979400000.0,,5900000.0,1100000.0,,,260500000.0,533400000.0,446000000.0,12300000.0,260500000.0,185500000.0,-11200000.0,174300000.0,979400000.0,132900000.0,132900000.0,132900000.0
McCormick & Company Inc,MKC,549300JQQA6MQ4OJP259,63754,2010.0,FY,2009-12-01,2010-11-30,2013-01-25 08:41:19+00:00,2.79,2.79,1.04,2.75,,118000000.0,370200000.0,370200000.0,370200000.0,1919100000.0,3336800000.0,,25500000.0,2200000.0,,,907900000.0,1919100000.0,1417700000.0,49300000.0,907900000.0,509800000.0,-47100000.0,462700000.0,3336800000.0,132900000.0,132900000.0,132900000.0
McCormick & Company Inc,MKC,549300JQQA6MQ4OJP259,63754,2010.0,Q3YTD,2009-12-01,2010-08-31,,1.78,1.78,0.78,1.76,,71500000.0,236500000.0,236500000.0,236500000.0,1385700000.0,2357400000.0,,19600000.0,1100000.0,,,647400000.0,1385700000.0,971700000.0,37000000.0,647400000.0,324300000.0,-35900000.0,288400000.0,2357400000.0,133000000.0,133300000.0,134900000.0
McCormick & Company Inc,MKC,549300JQQA6MQ4OJP259,63754,2010.0,Q3,2010-06-01,2010-08-31,2011-10-06 17:31:58+00:00,0.77,0.77,0.26,0.76,,18300000.0,102400000.0,102400000.0,102400000.0,459800000.0,794600000.0,,6600000.0,500000.0,,,208800000.0,459800000.0,334800000.0,12400000.0,208800000.0,126000000.0,-11900000.0,114100000.0,794600000.0,133000000.0,133300000.0,134900000.0
McCormick & Company Inc,MKC,549300JQQA6MQ4OJP259,63754,2010.0,Q2YTD,2009-12-01,2010-05-31,,1.01,1.01,0.52,1.0,,53200000.0,134100000.0,134100000.0,134100000.0,925900000.0,1562800000.0,,13000000.0,600000.0,,,438600000.0,925900000.0,636900000.0,24600000.0,438600000.0,198300000.0,-24000000.0,174300000.0,1562800000.0,132400000.0,133100000.0,134800000.0
McCormick & Company Inc,MKC,549300JQQA6MQ4OJP259,63754,2010.0,Q2,2010-03-01,2010-05-31,2011-07-01 10:38:36+00:00,0.5,0.5,0.26,0.49,,25700000.0,66200000.0,66200000.0,66200000.0,471600000.0,798300000.0,,6700000.0,0.0,,,229200000.0,471600000.0,326700000.0,12300000.0,229200000.0,97500000.0,-12300000.0,85200000.0,798300000.0,132400000.0,133100000.0,134800000.0
McCormick & Company Inc,MKC,549300JQQA6MQ4OJP259,63754,2010.0,Q1,2009-12-01,2010-02-28,2011-04-01 10:56:32+00:00,0.51,0.51,0.26,0.51,,27500000.0,67900000.0,67900000.0,67900000.0,454300000.0,764500000.0,,6300000.0,600000.0,,,209400000.0,454300000.0,310200000.0,12300000.0,209400000.0,100800000.0,-11700000.0,89100000.0,764500000.0,133100000.0,132300000.0,134000000.0
McCormick & Company Inc,MKC,549300JQQA6MQ4OJP259,63754,2011.0,Q4,2011-09-01,2011-11-30,,0.99,0.99,0.28,0.98,,51000000.0,131800000.0,137900000.0,131800000.0,631600000.0,1110700000.0,-6100000.0,10700000.0,-200000.0,,,287100000.0,631600000.0,479100000.0,13600000.0,287100000.0,192000000.0,-13800000.0,178200000.0,1110700000.0,132700000.0,132700000.0,132700000.0
McCormick & Company Inc,MKC,549300JQQA6MQ4OJP259,63754,2011.0,FY,2010-12-01,2011-11-30,2014-01-29 12:37:52+00:00,2.82,2.82,1.12,2.79,,142600000.0,374200000.0,374200000.0,374200000.0,2175100000.0,3697600000.0,,25400000.0,2300000.0,0.0,,982200000.0,2175100000.0,1522500000.0,51200000.0,982200000.0,540300000.0,-48900000.0,491400000.0,3697600000.0,132700000.0,132700000.0,132700000.0
McCormick & Company Inc,MKC,549300JQQA6MQ4OJP259,63754,2011.0,Q3YTD,2010-12-01,2011-08-31,,1.83,1.83,0.84,1.81,,91600000.0,242400000.0,236300000.0,242400000.0,1543500000.0,2586900000.0,6100000.0,14700000.0,2500000.0,,,695100000.0,1543500000.0,1043400000.0,37600000.0,695100000.0,348300000.0,-35100000.0,313200000.0,2586900000.0,133300000.0,132600000.0,134100000.0
McCormick & Company Inc,MKC,549300JQQA6MQ4OJP259,63754,2011.0,Q3TTM,2010-09-01,2011-08-31,,2.84,2.84,1.1,2.8,,138100000.0,376100000.0,370000000.0,376100000.0,2076900000.0,3566300000.0,6100000.0,20600000.0,3600000.0,,,955600000.0,2076900000.0,1489400000.0,49900000.0,955600000.0,533800000.0,-46300000.0,487500000.0,3566300000.0,133300000.0,132600000.0,134100000.0
McCormick & Company Inc,MKC,549300JQQA6MQ4OJP259,63754,2011.0,Q3,2011-06-01,2011-08-31,2012-09-28 09:27:19+00:00,0.69,0.69,0.28,0.69,,31200000.0,92000000.0,92000000.0,92000000.0,555900000.0,920400000.0,,6800000.0,1100000.0,,,236100000.0,555900000.0,364500000.0,13100000.0,236100000.0,128400000.0,-12000000.0,116400000.0,920400000.0,133300000.0,132600000.0,134100000.0
McCormick & Company Inc,MKC,549300JQQA6MQ4OJP259,63754,2011.0,Q2YTD,2010-12-01,2011-05-31,,1.14,1.14,0.56,1.12,,60400000.0,150400000.0,144300000.0,150400000.0,987600000.0,1666500000.0,6100000.0,7900000.0,1400000.0,,,459000000.0,987600000.0,678900000.0,24500000.0,459000000.0,219900000.0,-23100000.0,196800000.0,1666500000.0,131400000.0,132400000.0,134100000.0
McCormick & Company Inc,MKC,549300JQQA6MQ4OJP259,63754,2011.0,Q2TTM,2010-06-01,2011-05-31,,2.92,2.92,1.08,2.87,,125200000.0,386500000.0,380400000.0,386500000.0,1980800000.0,3440500000.0,6100000.0,20400000.0,3000000.0,,,928300000.0,1980800000.0,1459700000.0,49200000.0,928300000.0,531400000.0,-46200000.0,485200000.0,3440500000.0,131400000.0,132400000.0,134100000.0
McCormick & Company Inc,MKC,549300JQQA6MQ4OJP259,63754,2011.0,Q2,2011-03-01,2011-05-31,2012-07-02 11:52:47+00:00,0.56,0.56,0.28,0.55,,30400000.0,73600000.0,67500000.0,73600000.0,533000000.0,883700000.0,6100000.0,,900000.0,,,241400000.0,533000000.0,350700000.0,12300000.0,241400000.0,109300000.0,-11400000.0,97900000.0,883700000.0,131400000.0,132400000.0,134100000.0
McCormick & Company Inc,MKC,549300JQQA6MQ4OJP259,63754,2011.0,Q1TTM,2010-03-01,2011-02-28,,2.86,2.86,1.06,2.81,,120500000.0,379100000.0,379100000.0,379100000.0,1919400000.0,3355100000.0,,27100000.0,2100000.0,,,916100000.0,1919400000.0,1435700000.0,49200000.0,916100000.0,519600000.0,-47100000.0,472500000.0,3355100000.0,132400000.0,132900000.0,134600000.0
McCormick & Company Inc,MKC,549300JQQA6MQ4OJP259,63754,2011.0,Q1,2010-12-01,2011-02-28,2012-04-02 09:50:43+00:00,0.58,0.58,0.28,0.57,,30000000.0,76800000.0,76800000.0,76800000.0,454600000.0,782800000.0,,7900000.0,500000.0,,,217600000.0,454600000.0,328200000.0,12200000.0,217600000.0,110600000.0,-11700000.0,98900000.0,782800000.0,132400000.0,132900000.0,134600000.0
McCormick & Company Inc,MKC,549300JQQA6MQ4OJP259,63754,2012.0,Q4,2012-09-01,2012-11-30,,1.11,1.11,0.31,1.11,,46000000.0,148500000.0,148500000.0,148500000.0,663400000.0,1145800000.0,,7500000.0,700000.0,,,282100000.0,663400000.0,482400000.0,14000000.0,282100000.0,200300000.0,-13300000.0,187000000.0,1145800000.0,132700000.0,132700000.0,132700000.0
McCormick & Company Inc,MKC,549300JQQA6MQ4OJP259,63754,2012.0,FY,2011-12-01,2012-11-30,2015-01-29 15:39:34+00:00,3.07,3.07,1.24,3.04,,139800000.0,407800000.0,407800000.0,407800000.0,2396400000.0,4014200000.0,,21500000.0,2400000.0,0.0,,1039500000.0,2396400000.0,1617800000.0,54600000.0,1039500000.0,578300000.0,-52200000.0,526100000.0,4014200000.0,132700000.0,132700000.0,132700000.0
McCormick & Company Inc,MKC,549300JQQA6MQ4OJP259,63754,2012.0,Q3YTD,2011-12-01,2012-08-31,,1.96,1.96,0.93,1.93,,93800000.0,259300000.0,259300000.0,259300000.0,1733000000.0,2868400000.0,,14000000.0,1700000.0,,,757400000.0,1733000000.0,1135400000.0,40600000.0,757400000.0,378000000.0,-38900000.0,339100000.0,2868400000.0,132200000.0,132700000.0,134300000.0
McCormick & Company Inc,MKC,549300JQQA6MQ4OJP259,63754,2012.0,Q3TTM,2011-09-01,2012-08-31,,2.95,2.95,1.21,2.91,,144800000.0,391100000.0,397200000.0,391100000.0,2364600000.0,3979100000.0,-6100000.0,24700000.0,1500000.0,,,1044500000.0,2364600000.0,1614500000.0,54200000.0,1044500000.0,570000000.0,-52700000.0,517300000.0,3979100000.0,132200000.0,132700000.0,134300000.0
McCormick & Company Inc,MKC,549300JQQA6MQ4OJP259,63754,2012.0,Q3,2012-06-01,2012-08-31,2013-09-27 09:11:04+00:00,0.79,0.79,0.31,0.78,,33000000.0,104400000.0,104400000.0,104400000.0,586000000.0,977700000.0,,5500000.0,900000.0,,,247500000.0,586000000.0,391700000.0,13200000.0,247500000.0,144200000.0,-12300000.0,131900000.0,977700000.0,132200000.0,132700000.0,134300000.0
McCormick & Company Inc,MKC,549300JQQA6MQ4OJP259,63754,2012.0,Q2YTD,2011-12-01,2012-05-31,,1.17,1.17,0.62,1.15,,60800000.0,154900000.0,154900000.0,154900000.0,1147000000.0,1890700000.0,,8500000.0,800000.0,,,509900000.0,1147000000.0,743700000.0,27400000.0,509900000.0,233800000.0,-26600000.0,207200000.0,1890700000.0,131800000.0,132600000.0,134100000.0
McCormick & Company Inc,MKC,549300JQQA6MQ4OJP259,63754,2012.0,Q2TTM,2011-06-01,2012-05-31,,2.85,2.85,1.18,2.82,,143000000.0,378700000.0,384800000.0,378700000.0,2334500000.0,3921800000.0,-6100000.0,26000000.0,1700000.0,,,1033100000.0,2334500000.0,1587300000.0,54100000.0,1033100000.0,554200000.0,-52400000.0,501800000.0,3921800000.0,131800000.0,132600000.0,134100000.0
McCormick & Company Inc,MKC,549300JQQA6MQ4OJP259,63754,2012.0,Q2,2012-03-01,2012-05-31,2013-06-28 09:01:09+00:00,0.61,0.61,0.31,0.6,,30800000.0,80400000.0,80400000.0,80400000.0,595600000.0,984000000.0,,3900000.0,-100000.0,,,267100000.0,595600000.0,388400000.0,13900000.0,267100000.0,121300000.0,-14000000.0,107300000.0,984000000.0,131800000.0,132600000.0,134100000.0
McCormick & Company Inc,MKC,549300JQQA6MQ4OJP259,63754,2012.0,Q1TTM,2011-03-01,2012-02-29,,2.8,2.8,1.15,2.77,,142600000.0,371900000.0,371900000.0,371900000.0,2271900000.0,3821500000.0,,22100000.0,2700000.0,,,1007400000.0,2271900000.0,1549600000.0,52500000.0,1007400000.0,542200000.0,-49800000.0,492400000.0,3821500000.0,133000000.0,133100000.0,134500000.0
McCormick & Company Inc,MKC,549300JQQA6MQ4OJP259,63754,2012.0,Q1,2011-12-01,2012-02-29,2013-04-02 09:39:29+00:00,0.56,0.56,0.31,0.55,,30000000.0,74500000.0,74500000.0,74500000.0,551400000.0,906700000.0,,4600000.0,900000.0,,,242800000.0,551400000.0,355300000.0,13500000.0,242800000.0,112500000.0,-12600000.0,99900000.0,906700000.0,133000000.0,133100000.0,134500000.0
McCormick & Company Inc,MKC,549300JQQA6MQ4OJP259,63754,2013.0,FY,2012-12-01,2013-11-30,2016-01-28 16:22:09+00:00,2.94,2.94,1.36,2.91,,133600000.0,389000000.0,389000000.0,389000000.0,2457600000.0,4123400000.0,,23200000.0,2200000.0,40300000.0,,1075000000.0,2457600000.0,1665800000.0,53300000.0,1115300000.0,550500000.0,-51100000.0,499400000.0,4123400000.0,132100000.0,132100000.0,132100000.0
McCormick & Company Inc,MKC,549300JQQA6MQ4OJP259,63754,2013.0,Q4,2013-09-01,2013-11-30,,0.98,0.98,0.34,0.97,,39600000.0,130000000.0,130000000.0,130000000.0,667900000.0,1170000000.0,,6900000.0,500000.0,40300000.0,,287700000.0,667900000.0,502100000.0,11900000.0,328000000.0,174100000.0,-11400000.0,162700000.0,1170000000.0,132100000.0,132100000.0,132100000.0
McCormick & Company Inc,MKC,549300JQQA6MQ4OJP259,63754,2013.0,Q3YTD,2012-12-01,2013-08-31,,1.96,1.96,1.02,1.94,,94000000.0,259000000.0,259000000.0,259000000.0,1789700000.0,2953400000.0,,16300000.0,1700000.0,,,787300000.0,1789700000.0,1163700000.0,41400000.0,787300000.0,376400000.0,-39700000.0,336700000.0,2953400000.0,132200000.0,132100000.0,133500000.0
McCormick & Company Inc,MKC,549300JQQA6MQ4OJP259,63754,2013.0,Q3TTM,2012-09-01,2013-08-31,,3.07,3.07,1.33,3.05,,140000000.0,407500000.0,407500000.0,407500000.0,2453100000.0,4099200000.0,,23800000.0,2400000.0,,,1069400000.0,2453100000.0,1646100000.0,55400000.0,1069400000.0,576700000.0,-53000000.0,523700000.0,4099200000.0,132200000.0,132100000.0,133500000.0
McCormick & Company Inc,MKC,549300JQQA6MQ4OJP259,63754,2013.0,Q3,2013-06-01,2013-08-31,2014-10-02 13:04:18+00:00,0.79,0.79,0.34,0.78,,35300000.0,104400000.0,104400000.0,104400000.0,608800000.0,1016400000.0,,5000000.0,300000.0,,,259200000.0,608800000.0,407600000.0,14000000.0,259200000.0,148400000.0,-13700000.0,134700000.0,1016400000.0,132200000.0,132100000.0,133500000.0
McCormick & Company Inc,MKC,549300JQQA6MQ4OJP259,63754,2013.0,Q2YTD,2012-12-01,2013-05-31,,1.17,1.17,0.68,1.16,,58700000.0,154600000.0,154600000.0,154600000.0,1180900000.0,1937000000.0,,11300000.0,1400000.0,,,528100000.0,1180900000.0,756100000.0,27400000.0,528100000.0,228000000.0,-26000000.0,202000000.0,1937000000.0,131000000.0,132100000.0,133600000.0
McCormick & Company Inc,MKC,549300JQQA6MQ4OJP259,63754,2013.0,Q2TTM,2012-06-01,2013-05-31,,3.07,3.07,1.3,3.05,,137700000.0,407500000.0,407500000.0,407500000.0,2430300000.0,4060500000.0,,24300000.0,3000000.0,,,1057700000.0,2430300000.0,1630200000.0,54600000.0,1057700000.0,572500000.0,-51600000.0,520900000.0,4060500000.0,131000000.0,132100000.0,133600000.0
McCormick & Company Inc,MKC,549300JQQA6MQ4OJP259,63754,2013.0,Q2,2013-03-01,2013-05-31,2014-06-27 09:53:33+00:00,0.6,0.6,0.34,0.59,,30600000.0,78600000.0,78600000.0,78600000.0,608200000.0,1002600000.0,,5900000.0,800000.0,,,278400000.0,608200000.0,394400000.0,13500000.0,278400000.0,116000000.0,-12700000.0,103300000.0,1002600000.0,131000000.0,132100000.0,133600000.0
McCormick & Company Inc,MKC,549300JQQA6MQ4OJP259,63754,2013.0,Q1TTM,2012-03-01,2013-02-28,,3.08,3.08,1.27,3.06,,137900000.0,409300000.0,409300000.0,409300000.0,2417700000.0,4041900000.0,,22300000.0,2100000.0,,,1046400000.0,2417700000.0,1624200000.0,55000000.0,1046400000.0,577800000.0,-52900000.0,524900000.0,4041900000.0,133300000.0,132500000.0,134000000.0
McCormick & Company Inc,MKC,549300JQQA6MQ4OJP259,63754,2013.0,Q1,2012-12-01,2013-02-28,2014-03-26 14:38:21+00:00,0.57,0.57,0.34,0.57,,28100000.0,76000000.0,76000000.0,76000000.0,572700000.0,934400000.0,,5400000.0,600000.0,,,249700000.0,572700000.0,361700000.0,13900000.0,249700000.0,112000000.0,-13300000.0,98700000.0,934400000.0,133300000.0,132500000.0,134000000.0
McCormick & Company Inc,MKC,549300JQQA6MQ4OJP259,63754,2014.0,FY,2013-12-01,2014-11-30,2017-01-25 16:49:00+00:00,3.37,3.37,1.48,3.34,,145900000.0,437900000.0,437900000.0,437900000.0,2513000000.0,4243200000.0,,29400000.0,1100000.0,5200000.0,,1122000000.0,2513000000.0,1730200000.0,49700000.0,1127200000.0,603000000.0,-48600000.0,554400000.0,4243200000.0,129900000.0,129900000.0,129900000.0
McCormick & Company Inc,MKC,549300JQQA6MQ4OJP259,63754,2014.0,Q4,2014-09-01,2014-11-30,,1.14,1.14,,1.14,,48600000.0,148000000.0,148000000.0,148000000.0,667500000.0,1173600000.0,,9300000.0,700000.0,2900000.0,,303800000.0,667500000.0,506100000.0,12400000.0,306700000.0,199400000.0,-11700000.0,187300000.0,1173600000.0,129900000.0,129900000.0,129900000.0
McCormick & Company Inc,MKC,549300JQQA6MQ4OJP259,63754,2014.0,Q3,2014-06-01,2014-08-31,2015-10-05 17:15:51+00:00,0.95,0.95,0.74,0.94,,31100000.0,122900000.0,122900000.0,122900000.0,622700000.0,1042800000.0,,8800000.0,300000.0,2300000.0,,260500000.0,622700000.0,420100000.0,12400000.0,262800000.0,157300000.0,-12100000.0,145200000.0,1042800000.0,129400000.0,129600000.0,130600000.0
McCormick & Company Inc,MKC,549300JQQA6MQ4OJP259,63754,2014.0,Q3YTD,2013-12-01,2014-08-31,,2.23,2.23,1.48,2.2,,97300000.0,289900000.0,289900000.0,289900000.0,1845500000.0,3069600000.0,,20100000.0,400000.0,2300000.0,,818200000.0,1845500000.0,1224100000.0,37300000.0,820500000.0,403600000.0,-36900000.0,367100000.0,3069600000.0,129400000.0,129600000.0,130600000.0
McCormick & Company Inc,MKC,549300JQQA6MQ4OJP259,63754,2014.0,Q3TTM,2013-09-01,2014-08-31,,3.21,3.21,1.82,3.17,,136900000.0,419900000.0,419900000.0,419900000.0,2513400000.0,4239600000.0,,27000000.0,900000.0,42600000.0,,1105900000.0,2513400000.0,1726200000.0,49200000.0,1148500000.0,577700000.0,-48300000.0,529800000.0,4239600000.0,129400000.0,129600000.0,130600000.0
McCormick & Company Inc,MKC,549300JQQA6MQ4OJP259,63754,2014.0,Q2YTD,2013-12-01,2014-05-31,,1.28,1.28,0.74,1.26,,66200000.0,167000000.0,167000000.0,167000000.0,1222800000.0,2026800000.0,,11300000.0,100000.0,,,557700000.0,1222800000.0,804000000.0,24900000.0,557700000.0,246300000.0,-24800000.0,221900000.0,2026800000.0,130000000.0,130200000.0,131200000.0
McCormick & Company Inc,MKC,549300JQQA6MQ4OJP259,63754,2014.0,Q2TTM,2013-06-01,2014-05-31,,3.05,3.05,1.42,3.01,,141100000.0,401400000.0,401400000.0,401400000.0,2499500000.0,4213200000.0,,23200000.0,900000.0,40300000.0,,1104600000.0,2499500000.0,1713700000.0,50800000.0,1144900000.0,568800000.0,-49900000.0,519300000.0,4213200000.0,130000000.0,130200000.0,131200000.0
McCormick & Company Inc,MKC,549300JQQA6MQ4OJP259,63754,2014.0,Q2,2014-03-01,2014-05-31,2015-07-01 17:29:46+00:00,0.65,0.65,0.37,0.64,,31200000.0,84500000.0,84500000.0,84500000.0,620900000.0,1033400000.0,,6200000.0,300000.0,,,290800000.0,620900000.0,412500000.0,12500000.0,290800000.0,121700000.0,-12200000.0,109500000.0,1033400000.0,130000000.0,130200000.0,131200000.0
McCormick & Company Inc,MKC,549300JQQA6MQ4OJP259,63754,2014.0,Q1TTM,2013-03-01,2014-02-28,,3.0,3.0,1.39,2.96,,140500000.0,395500000.0,395500000.0,395500000.0,2486800000.0,4182400000.0,,22900000.0,1400000.0,40300000.0,,1092200000.0,2486800000.0,1695600000.0,51800000.0,1132500000.0,563100000.0,-50400000.0,513100000.0,4182400000.0,131000000.0,131100000.0,132200000.0
McCormick & Company Inc,MKC,549300JQQA6MQ4OJP259,63754,2014.0,Q1,2013-12-01,2014-02-28,2015-03-31 16:28:56+00:00,0.63,0.63,0.37,0.62,,35000000.0,82500000.0,82500000.0,82500000.0,601900000.0,993400000.0,,5100000.0,-200000.0,,,266900000.0,601900000.0,391500000.0,12400000.0,266900000.0,124600000.0,-12600000.0,112400000.0,993400000.0,131000000.0,131100000.0,132200000.0
McCormick & Company Inc,MKC,549300JQQA6MQ4OJP259,63754,2015.0,FY,2014-12-01,2015-11-30,2018-01-25 16:59:25+00:00,3.14,3.14,1.6,3.11,,131300000.0,401600000.0,401600000.0,401600000.0,2559000000.0,4296300000.0,,36700000.0,1100000.0,61500000.0,0.0,1127400000.0,2559000000.0,1737300000.0,53300000.0,1188900000.0,548400000.0,-52200000.0,496200000.0,4296300000.0,128000000.0,128000000.0,128000000.0
McCormick & Company Inc,MKC,549300JQQA6MQ4OJP259,63754,2015.0,Q4,2015-09-01,2015-11-30,,1.17,1.17,-0.4,1.15,,59400000.0,149200000.0,149200000.0,149200000.0,680200000.0,1201900000.0,,9700000.0,100000.0,2400000.0,,307100000.0,680200000.0,521700000.0,13800000.0,309500000.0,212200000.0,-13700000.0,198900000.0,1201900000.0,128000000.0,128000000.0,128000000.0
McCormick & Company Inc,MKC,549300JQQA6MQ4OJP259,63754,2015.0,Q3,2015-06-01,2015-08-31,2016-10-03 19:02:40+00:00,0.76,0.76,0.8,0.76,,37400000.0,97600000.0,97600000.0,97600000.0,638000000.0,1059900000.0,,9700000.0,200000.0,11700000.0,,271500000.0,638000000.0,421900000.0,13600000.0,283200000.0,138700000.0,-13400000.0,125300000.0,1059900000.0,128400000.0,128000000.0,129200000.0
McCormick & Company Inc,MKC,549300JQQA6MQ4OJP259,63754,2015.0,Q3YTD,2014-12-01,2015-08-31,,1.97,1.97,2.0,1.96,,71900000.0,252400000.0,252400000.0,252400000.0,1878800000.0,3094400000.0,,27000000.0,1000000.0,59100000.0,,820300000.0,1878800000.0,1215600000.0,39500000.0,879400000.0,336200000.0,-38500000.0,297300000.0,3094400000.0,128400000.0,128000000.0,129200000.0
McCormick & Company Inc,MKC,549300JQQA6MQ4OJP259,63754,2015.0,Q3TTM,2014-09-01,2015-08-31,,3.11,3.11,2.0,3.1,,120500000.0,400400000.0,400400000.0,400400000.0,2546300000.0,4268000000.0,,36300000.0,1700000.0,62000000.0,,1124100000.0,2546300000.0,1721700000.0,51900000.0,1186100000.0,535600000.0,-50200000.0,484600000.0,4268000000.0,128400000.0,128000000.0,129200000.0
McCormick & Company Inc,MKC,549300JQQA6MQ4OJP259,63754,2015.0,Q2,2015-03-01,2015-05-31,2016-06-30 17:43:32+00:00,0.66,0.66,0.8,0.65,,14500000.0,84300000.0,84300000.0,84300000.0,620100000.0,1024100000.0,,7400000.0,600000.0,19000000.0,,281200000.0,620100000.0,404000000.0,13000000.0,300200000.0,103800000.0,-12400000.0,91400000.0,1024100000.0,127700000.0,127900000.0,129000000.0
McCormick & Company Inc,MKC,549300JQQA6MQ4OJP259,63754,2015.0,Q2YTD,2014-12-01,2015-05-31,,1.21,1.21,1.2,1.2,,34500000.0,154800000.0,154800000.0,154800000.0,1240800000.0,2034500000.0,,17300000.0,800000.0,47400000.0,,548800000.0,1240800000.0,793700000.0,25900000.0,596200000.0,197500000.0,-25100000.0,172000000.0,2034500000.0,127700000.0,127900000.0,129000000.0
McCormick & Company Inc,MKC,549300JQQA6MQ4OJP259,63754,2015.0,Q2TTM,2014-06-01,2015-05-31,,3.3,3.3,1.94,3.28,,114200000.0,425700000.0,425700000.0,425700000.0,2531000000.0,4250900000.0,,35400000.0,1800000.0,52600000.0,,1113100000.0,2531000000.0,1719900000.0,50700000.0,1165700000.0,554200000.0,-48900000.0,504500000.0,4250900000.0,127700000.0,127900000.0,129000000.0
McCormick & Company Inc,MKC,549300JQQA6MQ4OJP259,63754,2015.0,Q1,2014-12-01,2015-02-28,2016-03-29 16:05:51+00:00,0.55,0.55,0.4,0.55,,20000000.0,70500000.0,70500000.0,70500000.0,620700000.0,1010400000.0,,9900000.0,200000.0,28400000.0,,267600000.0,620700000.0,389700000.0,12900000.0,296000000.0,93700000.0,-12700000.0,80600000.0,1010400000.0,128200000.0,128200000.0,129300000.0
McCormick & Company Inc,MKC,549300JQQA6MQ4OJP259,63754,2015.0,Q1TTM,2014-03-01,2015-02-28,,3.29,3.29,1.51,3.27,,130900000.0,425900000.0,425900000.0,425900000.0,2531800000.0,4260200000.0,,34200000.0,1500000.0,33600000.0,,1122700000.0,2531800000.0,1728400000.0,50200000.0,1156300000.0,572100000.0,-48700000.0,522600000.0,4260200000.0,128200000.0,128200000.0,129300000.0
McCormick & Company Inc,MKC,549300JQQA6MQ4OJP259,63754,2016.0,FY,2015-12-01,2016-11-30,2019-01-24 20:24:46+00:00,3.73,3.73,1.72,3.69,,153000000.0,472300000.0,472300000.0,472300000.0,2579800000.0,4411500000.0,,36100000.0,4200000.0,15700000.0,0.0,1175000000.0,2579800000.0,1831700000.0,56000000.0,1190700000.0,641000000.0,-51800000.0,589200000.0,4411500000.0,126600000.0,126600000.0,126600000.0
McCormick & Company Inc,MKC,549300JQQA6MQ4OJP259,63754,2016.0,Q4,2016-09-01,2016-11-30,,1.25,1.25,-0.43,1.23,,61500000.0,157400000.0,157400000.0,157400000.0,687000000.0,1227000000.0,,11900000.0,2200000.0,5900000.0,,315000000.0,687000000.0,540000000.0,14300000.0,320900000.0,219100000.0,-12100000.0,207000000.0,1227000000.0,126600000.0,126600000.0,126600000.0
McCormick & Company Inc,MKC,549300JQQA6MQ4OJP259,63754,2016.0,Q3,2016-06-01,2016-08-31,2017-09-28 17:27:17+00:00,1.01,1.01,0.86,1.0,,34300000.0,127700000.0,127700000.0,127700000.0,637100000.0,1091000000.0,,8100000.0,200000.0,4300000.0,0.0,281800000.0,637100000.0,453900000.0,14100000.0,286100000.0,167800000.0,-13900000.0,153900000.0,1091000000.0,126400000.0,126400000.0,127900000.0
McCormick & Company Inc,MKC,549300JQQA6MQ4OJP259,63754,2016.0,Q3YTD,2015-12-01,2016-08-31,,2.48,2.48,2.15,2.46,,91500000.0,314900000.0,314900000.0,314900000.0,1892800000.0,3184500000.0,,24200000.0,2000000.0,9800000.0,,860000000.0,1892800000.0,1291700000.0,41700000.0,869800000.0,421900000.0,-39700000.0,382200000.0,3184500000.0,126400000.0,126400000.0,127900000.0
McCormick & Company Inc,MKC,549300JQQA6MQ4OJP259,63754,2016.0,Q3TTM,2015-09-01,2016-08-31,,3.65,3.65,1.75,3.61,,150900000.0,464100000.0,464100000.0,464100000.0,2573000000.0,4386400000.0,,33900000.0,2100000.0,12200000.0,,1167100000.0,2573000000.0,1813400000.0,55500000.0,1179300000.0,634100000.0,-53400000.0,581100000.0,4386400000.0,126400000.0,126400000.0,127900000.0
McCormick & Company Inc,MKC,549300JQQA6MQ4OJP259,63754,2016.0,Q2,2016-03-01,2016-05-31,2017-06-29 17:50:17+00:00,0.74,0.74,0.86,0.73,,25900000.0,93800000.0,93800000.0,93800000.0,630500000.0,1063300000.0,,7700000.0,700000.0,3900000.0,,303900000.0,630500000.0,432800000.0,13700000.0,307800000.0,125000000.0,-13000000.0,112000000.0,1063300000.0,126800000.0,126900000.0,128300000.0
McCormick & Company Inc,MKC,549300JQQA6MQ4OJP259,63754,2016.0,Q2YTD,2015-12-01,2016-05-31,,1.47,1.47,1.29,1.46,,57200000.0,187200000.0,187200000.0,187200000.0,1255700000.0,2093500000.0,,16100000.0,1800000.0,5500000.0,,578200000.0,1255700000.0,837800000.0,27600000.0,583700000.0,254100000.0,-25800000.0,228300000.0,2093500000.0,126800000.0,126900000.0,128300000.0
McCormick & Company Inc,MKC,549300JQQA6MQ4OJP259,63754,2016.0,Q2TTM,2015-06-01,2016-05-31,,3.4,3.4,1.69,3.37,,154000000.0,434000000.0,434000000.0,434000000.0,2573900000.0,4355300000.0,,35500000.0,2100000.0,19600000.0,,1156800000.0,2573900000.0,1781400000.0,55000000.0,1176400000.0,605000000.0,-52900000.0,552500000.0,4355300000.0,126800000.0,126900000.0,128300000.0
McCormick & Company Inc,MKC,549300JQQA6MQ4OJP259,63754,2016.0,Q1,2015-12-01,2016-02-29,2017-03-28 16:40:22+00:00,0.73,0.73,0.43,0.73,,31300000.0,93400000.0,93400000.0,93400000.0,625200000.0,1030200000.0,,8400000.0,1100000.0,1600000.0,,274300000.0,625200000.0,405000000.0,13900000.0,275900000.0,129100000.0,-12800000.0,116300000.0,1030200000.0,127900000.0,127100000.0,128300000.0
McCormick & Company Inc,MKC,549300JQQA6MQ4OJP259,63754,2016.0,Q1TTM,2015-03-01,2016-02-29,,3.32,3.32,1.63,3.29,,142600000.0,424500000.0,424500000.0,424500000.0,2563500000.0,4316100000.0,,35200000.0,2000000.0,34700000.0,,1134100000.0,2563500000.0,1752600000.0,54300000.0,1168800000.0,583800000.0,-52300000.0,531900000.0,4316100000.0,127900000.0,127100000.0,128300000.0
McCormick & Company Inc,MKC,549300JQQA6MQ4OJP259,63754,2017.0,FY,2016-12-01,2017-11-30,2020-01-28 17:23:28+00:00,3.77,3.77,1.88,3.72,,151300000.0,477400000.0,477400000.0,477400000.0,2936300000.0,4730300000.0,,33900000.0,-9300000.0,22200000.0,40800000.0,1031200000.0,2936300000.0,1794000000.0,95700000.0,1094200000.0,699800000.0,-105000000.0,594800000.0,4730300000.0,126800000.0,126800000.0,126800000.0
McCormick & Company Inc,MKC,549300JQQA6MQ4OJP259,63754,2017.0,Q4,2017-09-01,2017-11-30,,1.36,1.36,-0.47,1.34,,57700000.0,175700000.0,175700000.0,175700000.0,935100000.0,1387100000.0,,10300000.0,3600000.0,9200000.0,16300000.0,162200000.0,935100000.0,452000000.0,44800000.0,187700000.0,264300000.0,-41200000.0,223100000.0,1387100000.0,126800000.0,126800000.0,126800000.0
McCormick & Company Inc,MKC,549300JQQA6MQ4OJP259,63754,2017.0,Q3,2017-06-01,2017-08-31,2018-09-27 17:19:55+00:00,0.86,0.86,0.94,0.85,,33000000.0,108200000.0,108200000.0,108200000.0,700800000.0,1185200000.0,,8200000.0,-14200000.0,4700000.0,24500000.0,286500000.0,700800000.0,484400000.0,21500000.0,315700000.0,168700000.0,-35700000.0,133000000.0,1185200000.0,125800000.0,126300000.0,127800000.0
McCormick & Company Inc,MKC,549300JQQA6MQ4OJP259,63754,2017.0,Q3YTD,2016-12-01,2017-08-31,,2.41,2.41,2.35,2.38,,93600000.0,301700000.0,301700000.0,301700000.0,2001200000.0,3343200000.0,,23600000.0,-12900000.0,13000000.0,24500000.0,869000000.0,2001200000.0,1342000000.0,50900000.0,906500000.0,435500000.0,-63800000.0,371700000.0,3343200000.0,125800000.0,126300000.0,127800000.0
McCormick & Company Inc,MKC,549300JQQA6MQ4OJP259,63754,2017.0,Q3TTM,2016-09-01,2017-08-31,,3.66,3.66,1.92,3.61,,155100000.0,459100000.0,459100000.0,459100000.0,2688200000.0,4570200000.0,,35500000.0,-10700000.0,18900000.0,24500000.0,1184000000.0,2688200000.0,1882000000.0,65200000.0,1227400000.0,654600000.0,-75900000.0,578700000.0,4570200000.0,125800000.0,126300000.0,127800000.0
McCormick & Company Inc,MKC,549300JQQA6MQ4OJP259,63754,2017.0,Q2,2017-03-01,2017-05-31,2018-06-28 16:44:16+00:00,0.8,0.8,0.94,0.79,,27300000.0,100000000.0,100000000.0,100000000.0,669700000.0,1114300000.0,,8400000.0,1200000.0,4700000.0,0.0,307300000.0,669700000.0,444600000.0,14900000.0,312000000.0,132600000.0,-13700000.0,118900000.0,1114300000.0,125000000.0,124700000.0,126400000.0
McCormick & Company Inc,MKC,549300JQQA6MQ4OJP259,63754,2017.0,Q2YTD,2016-12-01,2017-05-31,,1.55,1.55,1.41,1.53,,60600000.0,193500000.0,193500000.0,193500000.0,1300400000.0,2158000000.0,,15400000.0,1300000.0,8300000.0,,582500000.0,1300400000.0,857600000.0,29400000.0,590800000.0,266800000.0,-28100000.0,238700000.0,2158000000.0,125000000.0,124700000.0,126400000.0
McCormick & Company Inc,MKC,549300JQQA6MQ4OJP259,63754,2017.0,Q2TTM,2016-06-01,2017-05-31,,3.81,3.81,1.84,3.76,,156400000.0,478600000.0,478600000.0,478600000.0,2624500000.0,4476000000.0,,35400000.0,3700000.0,18500000.0,,1179300000.0,2624500000.0,1851500000.0,57800000.0,1197800000.0,653700000.0,-54100000.0,599600000.0,4476000000.0,125000000.0,124700000.0,126400000.0
McCormick & Company Inc,MKC,549300JQQA6MQ4OJP259,63754,2017.0,Q1,2016-12-01,2017-02-28,2018-03-27 17:23:18+00:00,0.75,0.75,0.47,0.74,,33300000.0,93500000.0,93500000.0,93500000.0,630700000.0,1043700000.0,,7000000.0,100000.0,3600000.0,0.0,275200000.0,630700000.0,413000000.0,14500000.0,278800000.0,134200000.0,-14400000.0,119800000.0,1043700000.0,124700000.0,125100000.0,126900000.0
McCormick & Company Inc,MKC,549300JQQA6MQ4OJP259,63754,2017.0,Q1TTM,2016-03-01,2017-02-28,,3.75,3.75,1.76,3.7,,155000000.0,472400000.0,472400000.0,472400000.0,2585300000.0,4425000000.0,,34700000.0,3200000.0,17700000.0,,1175900000.0,2585300000.0,1839700000.0,56600000.0,1193600000.0,646100000.0,-53400000.0,592700000.0,4425000000.0,124700000.0,125100000.0,126900000.0
McCormick & Company Inc,MKC,549300JQQA6MQ4OJP259,63754,2018.0,FY,2017-12-01,2018-11-30,2020-01-28 17:23:28+00:00,7.1,7.1,2.08,7.0,,-157300000.0,933400000.0,933400000.0,933400000.0,3209500000.0,5302800000.0,,34800000.0,24800000.0,16300000.0,22500000.0,1163400000.0,3209500000.0,2093300000.0,174600000.0,1202200000.0,891100000.0,-149800000.0,741300000.0,5302800000.0,131500000.0,131500000.0,131500000.0
McCormick & Company Inc,MKC,549300JQQA6MQ4OJP259,63754,2018.0,Q4,2018-09-01,2018-11-30,,1.62,1.62,-3.12,1.59,,55800000.0,214000000.0,214000000.0,214000000.0,862900000.0,1467900000.0,,10900000.0,11300000.0,2400000.0,400000.0,310700000.0,862900000.0,605000000.0,43900000.0,313500000.0,291500000.0,-32600000.0,258900000.0,1467900000.0,131500000.0,131500000.0,131500000.0
McCormick & Company Inc,MKC,549300JQQA6MQ4OJP259,63754,2018.0,Q3,2018-06-01,2018-08-31,2019-10-01 16:29:36+00:00,1.32,1.32,2.08,1.3,,24900000.0,173500000.0,173500000.0,173500000.0,795700000.0,1318200000.0,,8400000.0,4800000.0,3300000.0,5600000.0,283700000.0,795700000.0,522500000.0,44700000.0,292600000.0,229900000.0,-39900000.0,190000000.0,1318200000.0,131400000.0,131600000.0,133200000.0
McCormick & Company Inc,MKC,549300JQQA6MQ4OJP259,63754,2018.0,Q3YTD,2017-12-01,2018-08-31,,5.48,5.48,5.2,5.41,,-213100000.0,719400000.0,719400000.0,719400000.0,2346600000.0,3834900000.0,,23900000.0,13500000.0,13900000.0,22100000.0,852700000.0,2346600000.0,1488300000.0,130700000.0,888700000.0,599600000.0,-117200000.0,482400000.0,3834900000.0,131400000.0,131600000.0,133200000.0
McCormick & Company Inc,MKC,549300JQQA6MQ4OJP259,63754,2018.0,Q3TTM,2017-09-01,2018-08-31,,6.84,6.84,4.73,6.75,,-155400000.0,895100000.0,895100000.0,895100000.0,3281700000.0,5222000000.0,,34200000.0,17100000.0,23100000.0,38400000.0,1014900000.0,3281700000.0,1940300000.0,175500000.0,1076400000.0,863900000.0,-158400000.0,705500000.0,5222000000.0,131400000.0,131600000.0,133200000.0
McCormick & Company Inc,MKC,549300JQQA6MQ4OJP259,63754,2018.0,Q2,2018-03-01,2018-05-31,2019-06-27 17:44:13+00:00,0.94,0.94,2.08,0.93,,33100000.0,123300000.0,123300000.0,123300000.0,795900000.0,1301300000.0,,7400000.0,4600000.0,8400000.0,7800000.0,300600000.0,795900000.0,505400000.0,44200000.0,316800000.0,188600000.0,-39600000.0,149000000.0,1301300000.0,131200000.0,131400000.0,132900000.0
McCormick & Company Inc,MKC,549300JQQA6MQ4OJP259,63754,2018.0,Q2YTD,2017-12-01,2018-05-31,,4.16,4.16,3.12,4.11,,-238000000.0,545900000.0,545900000.0,545900000.0,1550900000.0,2516700000.0,,15500000.0,8700000.0,10600000.0,16500000.0,569000000.0,1550900000.0,965800000.0,86000000.0,596100000.0,369700000.0,-77300000.0,292400000.0,2516700000.0,131200000.0,131400000.0,132900000.0
McCormick & Company Inc,MKC,549300JQQA6MQ4OJP259,63754,2018.0,Q2TTM,2017-06-01,2018-05-31,,6.38,6.38,3.59,6.3,,-147300000.0,829800000.0,829800000.0,829800000.0,3186800000.0,5089000000.0,,34000000.0,-1900000.0,24500000.0,57300000.0,1017700000.0,3186800000.0,1902200000.0,152300000.0,1099500000.0,802700000.0,-154200000.0,648500000.0,5089000000.0,131200000.0,131400000.0,132900000.0
McCormick & Company Inc,MKC,549300JQQA6MQ4OJP259,63754,2018.0,Q1,2017-12-01,2018-02-28,2019-03-26 17:24:43+00:00,3.22,3.22,1.04,3.18,,-271100000.0,422600000.0,422600000.0,422600000.0,755000000.0,1215400000.0,,8100000.0,4100000.0,2200000.0,8700000.0,268400000.0,755000000.0,460400000.0,41800000.0,279300000.0,181100000.0,-37700000.0,143400000.0,1215400000.0,131200000.0,131200000.0,132900000.0
McCormick & Company Inc,MKC,549300JQQA6MQ4OJP259,63754,2019.0,Q4,2019-09-01,2019-11-30,,1.6,1.6,-1.14,1.58,,66400000.0,213400000.0,213400000.0,213400000.0,854800000.0,1484800000.0,,11700000.0,7400000.0,3900000.0,,326900000.0,854800000.0,630000000.0,38500000.0,330800000.0,299200000.0,-31100000.0,268100000.0,1484800000.0,132600000.0,132600000.0,132600000.0
McCormick & Company Inc,MKC,549300JQQA6MQ4OJP259,63754,2019.0,FY,2018-12-01,2019-11-30,2020-01-28 17:23:28+00:00,5.3,5.3,2.28,5.24,,157400000.0,702700000.0,702700000.0,702700000.0,3202100000.0,5347400000.0,,40900000.0,26700000.0,20800000.0,0.0,1166800000.0,3202100000.0,2145300000.0,165200000.0,1187600000.0,957700000.0,-138500000.0,819200000.0,5347400000.0,132600000.0,132600000.0,132600000.0
McCormick & Company Inc,MKC,549300JQQA6MQ4OJP259,63754,2019.0,Q3YTD,2018-12-01,2019-08-31,,3.7,3.7,3.42,3.66,,91000000.0,489300000.0,489300000.0,489300000.0,2347300000.0,3862600000.0,,29200000.0,19300000.0,16900000.0,,839900000.0,2347300000.0,1515300000.0,126700000.0,856800000.0,658500000.0,-107400000.0,551100000.0,3862600000.0,132300000.0,132800000.0,134200000.0
McCormick & Company Inc,MKC,549300JQQA6MQ4OJP259,63754,2019.0,Q3TTM,2018-09-01,2019-08-31,,5.32,5.32,0.3,5.25,,146800000.0,703300000.0,703300000.0,703300000.0,3210200000.0,5330500000.0,,40100000.0,30600000.0,19300000.0,400000.0,1150600000.0,3210200000.0,2120300000.0,170600000.0,1170300000.0,950000000.0,-140000000.0,810000000.0,5330500000.0,132300000.0,132800000.0,134200000.0
McCormick & Company Inc,MKC,549300JQQA6MQ4OJP259,63754,2019.0,Q3,2019-06-01,2019-08-31,2019-10-01 16:29:36+00:00,1.45,1.45,2.28,1.43,,36800000.0,191900000.0,191900000.0,191900000.0,789300000.0,1329200000.0,,9600000.0,6900000.0,7700000.0,0.0,278700000.0,789300000.0,539900000.0,41300000.0,286400000.0,253500000.0,-34400000.0,219100000.0,1329200000.0,132300000.0,132800000.0,134200000.0
McCormick & Company Inc,MKC,549300JQQA6MQ4OJP259,63754,2019.0,Q2,2019-03-01,2019-05-31,2020-06-25 17:03:12+00:00,1.13,1.13,0.0,1.12,,32100000.0,149400000.0,149400000.0,149400000.0,793400000.0,1301900000.0,,9500000.0,6300000.0,7100000.0,,293300000.0,793400000.0,508500000.0,42400000.0,300400000.0,208100000.0,-36100000.0,172000000.0,1301900000.0,132200000.0,132300000.0,133900000.0
McCormick & Company Inc,MKC,549300JQQA6MQ4OJP259,63754,2019.0,Q2YTD,2018-12-01,2019-05-31,,2.25,2.25,1.14,2.23,,54200000.0,297400000.0,297400000.0,297400000.0,1558000000.0,2533400000.0,,19600000.0,12400000.0,9200000.0,,561200000.0,1558000000.0,975400000.0,85400000.0,570400000.0,405000000.0,-73000000.0,332000000.0,2533400000.0,132200000.0,132300000.0,133900000.0
McCormick & Company Inc,MKC,549300JQQA6MQ4OJP259,63754,2019.0,Q2TTM,2018-06-01,2019-05-31,,5.19,5.19,0.1,5.12,,134900000.0,684900000.0,684900000.0,684900000.0,3216600000.0,5319500000.0,,38900000.0,28500000.0,14900000.0,6000000.0,1155600000.0,3216600000.0,2102900000.0,174000000.0,1176500000.0,926400000.0,-145500000.0,780900000.0,5319500000.0,132200000.0,132300000.0,133900000.0
McCormick & Company Inc,MKC,549300JQQA6MQ4OJP259,63754,2019.0,Q1,2018-12-01,2019-02-28,2020-03-31 16:36:17+00:00,1.12,1.12,1.14,1.11,,22100000.0,148000000.0,148000000.0,148000000.0,764600000.0,1231500000.0,,10100000.0,6100000.0,2100000.0,,267900000.0,764600000.0,466900000.0,43000000.0,270000000.0,196900000.0,-36900000.0,160000000.0,1231500000.0,132100000.0,132200000.0,133800000.0
McCormick & Company Inc,MKC,549300JQQA6MQ4OJP259,63754,2019.0,Q1TTM,2018-03-01,2019-02-28,,5.0,5.0,2.18,4.93,,135900000.0,658800000.0,658800000.0,658800000.0,3219100000.0,5318900000.0,,36800000.0,26800000.0,16200000.0,13800000.0,1162900000.0,3219100000.0,2099800000.0,175800000.0,1192900000.0,906900000.0,-149000000.0,757900000.0,5318900000.0,132100000.0,132200000.0,133800000.0
McCormick & Company Inc,MKC,549300JQQA6MQ4OJP259,63754,2020.0,Q2YTD,2019-12-01,2020-05-31,,2.56,2.56,2.48,2.54,,70500000.0,340600000.0,340600000.0,340600000.0,1563700000.0,2613100000.0,,20600000.0,8600000.0,3900000.0,,593900000.0,1563700000.0,1049400000.0,69700000.0,597800000.0,451600000.0,-61100000.0,390500000.0,2613100000.0,133300000.0,133100000.0,134300000.0
McCormick & Company Inc,MKC,549300JQQA6MQ4OJP259,63754,2020.0,Q2TTM,2019-06-01,2020-05-31,,5.61,5.61,3.62,5.55,,173700000.0,745900000.0,745900000.0,745900000.0,3207800000.0,5427100000.0,,41900000.0,22900000.0,15500000.0,,1199500000.0,3207800000.0,2219300000.0,149500000.0,1215000000.0,1004300000.0,-126600000.0,877700000.0,5427100000.0,133300000.0,133100000.0,134300000.0
McCormick & Company Inc,MKC,549300JQQA6MQ4OJP259,63754,2020.0,Q2,2020-03-01,2020-05-31,2020-06-25 17:03:12+00:00,1.47,1.47,1.24,1.46,,40400000.0,195900000.0,195900000.0,195900000.0,821600000.0,1401100000.0,,10200000.0,3100000.0,2900000.0,,319200000.0,821600000.0,579500000.0,34400000.0,322100000.0,257400000.0,-31300000.0,226100000.0,1401100000.0,133300000.0,133100000.0,134300000.0
McCormick & Company Inc,MKC,549300JQQA6MQ4OJP259,63754,2020.0,Q1TTM,2019-03-01,2020-02-29,,5.27,5.27,2.38,5.21,,165400000.0,699400000.0,699400000.0,699400000.0,3179600000.0,5327900000.0,,41200000.0,26100000.0,19700000.0,,1173600000.0,3179600000.0,2148300000.0,157500000.0,1193300000.0,955000000.0,-131400000.0,823600000.0,5327900000.0,132800000.0,133000000.0,134300000.0
McCormick & Company Inc,MKC,549300JQQA6MQ4OJP259,63754,2020.0,Q1,2019-12-01,2020-02-29,2020-03-31 16:36:17+00:00,1.09,1.09,1.24,1.08,,30100000.0,144700000.0,144700000.0,144700000.0,742100000.0,1212000000.0,,10400000.0,5500000.0,1000000.0,,274700000.0,742100000.0,469900000.0,35300000.0,275700000.0,194200000.0,-29800000.0,164400000.0,1212000000.0,132800000.0,133000000.0,134300000.0
