company_name,company_ticker,company_lei,company_cik,year,quarter,start_date,end_date,filing_date,basicdilutedeps,basiceps,cashdividendspershare,depreciationexpense,dilutedeps,explorationexpense,impairmentexpense,incometaxexpense,marketingexpense,netincome,netincomecontinuing,netincomediscontinued,netincometocommon,operatingcostofrevenue,operatingrevenue,otheradjustmentstoconsolidatednetincome,otheradjustmentstonetincometocommon,othergains,otherincome,otheroperatingexpenses,otherrevenue,otherspecialcharges,sgaexpense,totalcostofrevenue,totalgrossprofit,totalinterestexpense,totalinterestincome,totaloperatingexpenses,totaloperatingincome,totalotherincome,totalpretaxincome,totalrevenue,weightedavebasicdilutedsharesos,weightedavebasicsharesos,weightedavedilutedsharesos
Marathon Oil Corp,MRO,1FRVQX2CRLGC1XLP5727,101778,2007.0,FY,2007-01-01,2007-12-31,2010-02-26 16:09:10+00:00,5.73,5.73,0.92,1564000000.0,5.69,454000000.0,0.0,2802000000.0,,3956000000.0,3766000000.0,190000000.0,3956000000.0,49129000000.0,64096000000.0,,,,182000000.0,5919000000.0,74000000.0,-36000000.0,1315000000.0,49129000000.0,15041000000.0,17000000.0,578000000.0,9216000000.0,5825000000.0,743000000.0,6568000000.0,64170000000.0,690400000.0,690400000.0,695300000.0
Marathon Oil Corp,MRO,1FRVQX2CRLGC1XLP5727,101778,2008.0,FY,2008-01-01,2008-12-31,2011-02-25 19:57:38+00:00,,,,,,,,,,,,,3528000000.0,,,,,,,,,,,59512000000.0,17265000000.0,,,11251000000.0,6014000000.0,737000000.0,,76777000000.0,,709900000.0,712700000.0
Marathon Oil Corp,MRO,1FRVQX2CRLGC1XLP5727,101778,2008.0,Q3,2008-07-01,2008-09-30,2009-11-06 14:56:32+00:00,2.92,2.92,0.24,584000000.0,2.9,108000000.0,,1601000000.0,,2064000000.0,1992000000.0,72000000.0,2064000000.0,16978000000.0,22969000000.0,,,,,1643000000.0,47000000.0,-15000000.0,349000000.0,16978000000.0,6038000000.0,,224000000.0,2669000000.0,3369000000.0,224000000.0,3593000000.0,23016000000.0,706800000.0,706800000.0,711700000.0
Marathon Oil Corp,MRO,1FRVQX2CRLGC1XLP5727,101778,2008.0,Q2,2008-04-01,2008-06-30,2009-08-28 13:09:00+00:00,1.09,1.09,0.24,493000000.0,1.08,130000000.0,,806000000.0,,774000000.0,768000000.0,6000000.0,774000000.0,17985000000.0,21889000000.0,,,,,1648000000.0,45000000.0,-12000000.0,361000000.0,17985000000.0,3949000000.0,,245000000.0,2620000000.0,1329000000.0,245000000.0,1574000000.0,21934000000.0,710100000.0,710100000.0,716700000.0
Marathon Oil Corp,MRO,1FRVQX2CRLGC1XLP5727,101778,2009.0,Q4,2009-10-01,2009-12-31,,0.5,0.5,0.24,-57000000.0,0.5,126000000.0,18000000.0,489000000.0,,355000000.0,-282000000.0,637000000.0,355000000.0,-27410000000.0,-29231000000.0,,,,,-1490000000.0,-22000000.0,-2000000.0,-484000000.0,-27410000000.0,-1843000000.0,,161000000.0,-1889000000.0,46000000.0,161000000.0,207000000.0,-29253000000.0,710200000.0,709000000.0,711000000.0
Marathon Oil Corp,MRO,1FRVQX2CRLGC1XLP5727,101778,2009.0,FY,2009-01-01,2009-12-31,2012-02-29 15:09:41+00:00,2.06,2.06,0.96,1934000000.0,2.06,307000000.0,18000000.0,2047000000.0,,1463000000.0,716000000.0,747000000.0,1463000000.0,3170000000.0,8524000000.0,,,,,319000000.0,90000000.0,-202000000.0,451000000.0,3170000000.0,5444000000.0,0.0,146000000.0,2827000000.0,2617000000.0,146000000.0,2763000000.0,8614000000.0,710200000.0,709000000.0,711000000.0
Marathon Oil Corp,MRO,1FRVQX2CRLGC1XLP5727,101778,2009.0,Q3YTD,2009-01-01,2009-09-30,,1.56,1.56,0.72,1991000000.0,1.56,181000000.0,,1558000000.0,,1108000000.0,998000000.0,110000000.0,1108000000.0,30580000000.0,37755000000.0,,,,,1809000000.0,112000000.0,-200000000.0,935000000.0,30580000000.0,7287000000.0,,-15000000.0,4716000000.0,2571000000.0,-15000000.0,2556000000.0,37867000000.0,712100000.0,712100000.0,712100000.0
Marathon Oil Corp,MRO,1FRVQX2CRLGC1XLP5727,101778,2009.0,Q3,2009-07-01,2009-09-30,2010-11-05 17:43:28+00:00,,,,,,,,,,,,,413000000.0,,,,,,,,,,,10963000000.0,3434000000.0,,,2492000000.0,942000000.0,40000000.0,,14397000000.0,,712100000.0,712100000.0
Marathon Oil Corp,MRO,1FRVQX2CRLGC1XLP5727,101778,2009.0,Q2YTD,2009-01-01,2009-06-30,,0.98,0.98,0.48,1361000000.0,0.98,126000000.0,,968000000.0,,695000000.0,606000000.0,89000000.0,695000000.0,18359000000.0,23318000000.0,,,,,1578000000.0,77000000.0,-195000000.0,612000000.0,18359000000.0,5036000000.0,,20000000.0,3482000000.0,1554000000.0,20000000.0,1574000000.0,23395000000.0,712100000.0,712100000.0,712100000.0
Marathon Oil Corp,MRO,1FRVQX2CRLGC1XLP5727,101778,2009.0,Q2,2009-04-01,2009-06-30,2010-09-02 14:08:57+00:00,0.58,0.58,0.24,683000000.0,0.58,64000000.0,15000000.0,702000000.0,,413000000.0,328000000.0,85000000.0,413000000.0,9760000000.0,13039000000.0,,,,,1432000000.0,25000000.0,-191000000.0,321000000.0,9760000000.0,3304000000.0,0.0,50000000.0,2324000000.0,980000000.0,50000000.0,1030000000.0,13064000000.0,709000000.0,709000000.0,709000000.0
Marathon Oil Corp,MRO,1FRVQX2CRLGC1XLP5727,101778,2009.0,Q1,2009-01-01,2009-03-31,2010-05-10 15:50:10+00:00,0.4,0.4,0.24,660000000.0,0.4,62000000.0,0.0,257000000.0,,282000000.0,265000000.0,17000000.0,282000000.0,7357000000.0,10176000000.0,,,,,1371000000.0,52000000.0,-4000000.0,291000000.0,7357000000.0,2871000000.0,,31000000.0,2380000000.0,491000000.0,31000000.0,522000000.0,10228000000.0,705000000.0,705000000.0,705000000.0
Marathon Oil Corp,MRO,1FRVQX2CRLGC1XLP5727,101778,2010.0,Q4,2010-10-01,2010-12-31,,2.62,2.62,0.74,1398000000.0,2.61,373000000.0,414000000.0,1423000000.0,,1859000000.0,716000000.0,686000000.0,1402000000.0,-23540000000.0,-23493000000.0,457000000.0,457000000.0,-457000000.0,314000000.0,-848000000.0,61000000.0,-754000000.0,155000000.0,-23540000000.0,108000000.0,,-57000000.0,-1201000000.0,2309000000.0,317000000.0,2596000000.0,-23432000000.0,709400000.0,710000000.0,712000000.0
Marathon Oil Corp,MRO,1FRVQX2CRLGC1XLP5727,101778,2010.0,FY,2010-01-01,2010-12-31,2013-02-22 12:40:55+00:00,3.62,3.62,0.99,2056000000.0,3.61,498000000.0,447000000.0,2175000000.0,,2568000000.0,1882000000.0,686000000.0,2568000000.0,4786000000.0,11690000000.0,,,,344000000.0,371000000.0,73000000.0,-766000000.0,491000000.0,4786000000.0,6977000000.0,92000000.0,-75000000.0,3097000000.0,3880000000.0,177000000.0,4057000000.0,11763000000.0,709400000.0,710000000.0,712000000.0
Marathon Oil Corp,MRO,1FRVQX2CRLGC1XLP5727,101778,2010.0,Q3YTD,2010-01-01,2010-09-30,,1.0,2.62,0.74,1595000000.0,2.62,282000000.0,439000000.0,1521000000.0,,1862000000.0,1298000000.0,564000000.0,1862000000.0,15063000000.0,22293000000.0,,,,,1648000000.0,60000000.0,-10000000.0,524000000.0,15063000000.0,7290000000.0,92000000.0,99000000.0,4478000000.0,2812000000.0,7000000.0,2819000000.0,22353000000.0,,710000000.0,712000000.0
Marathon Oil Corp,MRO,1FRVQX2CRLGC1XLP5727,101778,2010.0,Q3TTM,2009-10-01,2010-09-30,,2.08,3.12,0.98,1559000000.0,3.12,408000000.0,439000000.0,2019000000.0,,2217000000.0,1029000000.0,1188000000.0,2217000000.0,-9847000000.0,-6760000000.0,,,,,-2325000000.0,38000000.0,-12000000.0,40000000.0,-9847000000.0,3125000000.0,92000000.0,124000000.0,109000000.0,3016000000.0,32000000.0,3048000000.0,-6722000000.0,,710000000.0,712000000.0
Marathon Oil Corp,MRO,1FRVQX2CRLGC1XLP5727,101778,2010.0,Q2YTD,2010-01-01,2010-06-30,,1.0,1.0,0.25,658000000.0,1.0,125000000.0,33000000.0,752000000.0,,709000000.0,1166000000.0,,1166000000.0,28326000000.0,35183000000.0,-457000000.0,-457000000.0,457000000.0,30000000.0,1219000000.0,12000000.0,-12000000.0,336000000.0,28326000000.0,6869000000.0,92000000.0,-18000000.0,4298000000.0,1571000000.0,-140000000.0,1461000000.0,35195000000.0,710000000.0,710000000.0,710000000.0
Marathon Oil Corp,MRO,1FRVQX2CRLGC1XLP5727,101778,2010.0,Q2TTM,2009-07-01,2010-06-30,,2.08,2.08,0.73,1231000000.0,2.08,306000000.0,51000000.0,1831000000.0,,1477000000.0,1276000000.0,658000000.0,1934000000.0,13137000000.0,20389000000.0,-457000000.0,-457000000.0,457000000.0,30000000.0,-40000000.0,25000000.0,-19000000.0,175000000.0,13137000000.0,7277000000.0,92000000.0,108000000.0,3643000000.0,2634000000.0,-14000000.0,2650000000.0,20414000000.0,710000000.0,710000000.0,710000000.0
Marathon Oil Corp,MRO,1FRVQX2CRLGC1XLP5727,101778,2010.0,Q2,2010-04-01,2010-06-30,2011-08-08 15:34:59+00:00,1.0,1.0,0.25,416000000.0,1.0,125000000.0,5000000.0,441000000.0,,709000000.0,374000000.0,335000000.0,709000000.0,1230000000.0,2807000000.0,,,,,87000000.0,3000000.0,-10000000.0,118000000.0,1230000000.0,1580000000.0,92000000.0,68000000.0,741000000.0,839000000.0,-24000000.0,815000000.0,2810000000.0,709000000.0,710000000.0,712000000.0
Marathon Oil Corp,MRO,1FRVQX2CRLGC1XLP5727,101778,2010.0,Q1,2010-01-01,2010-03-31,2011-05-06 10:51:12+00:00,,,,,,,,,,,457000000.0,,457000000.0,,,,,,,,,,,12726000000.0,3939000000.0,,,2939000000.0,,-30000000.0,,16665000000.0,,714100000.0,714100000.0
Marathon Oil Corp,MRO,1FRVQX2CRLGC1XLP5727,101778,2010.0,Q1TTM,2009-04-01,2010-03-31,,2.29,2.29,0.71,1274000000.0,2.29,245000000.0,18000000.0,1790000000.0,,1181000000.0,908000000.0,730000000.0,1638000000.0,8539000000.0,15013000000.0,-457000000.0,-457000000.0,457000000.0,30000000.0,-52000000.0,38000000.0,-198000000.0,160000000.0,8539000000.0,6512000000.0,,115000000.0,3386000000.0,2126000000.0,85000000.0,2241000000.0,15051000000.0,,714100000.0,714100000.0
Marathon Oil Corp,MRO,1FRVQX2CRLGC1XLP5727,101778,2011.0,Q4,2011-10-01,2011-12-31,,2.75,2.75,0.55,1699000000.0,2.74,496000000.0,3000000.0,2109000000.0,,1950000000.0,1420000000.0,530000000.0,1950000000.0,4182000000.0,10855000000.0,,,,,69000000.0,42000000.0,-58000000.0,1066000000.0,4182000000.0,6715000000.0,279000000.0,368000000.0,3275000000.0,3440000000.0,89000000.0,3529000000.0,10897000000.0,709900000.0,710000000.0,714000000.0
Marathon Oil Corp,MRO,1FRVQX2CRLGC1XLP5727,101778,2011.0,FY,2011-01-01,2011-12-31,2014-02-28 08:20:38+00:00,4.15,4.15,0.8,2263000000.0,4.13,641000000.0,310000000.0,2726000000.0,,2946000000.0,1718000000.0,1228000000.0,2946000000.0,5849000000.0,14669000000.0,,,,,193000000.0,48000000.0,-103000000.0,1196000000.0,5849000000.0,8868000000.0,279000000.0,355000000.0,4500000000.0,4368000000.0,76000000.0,4444000000.0,14717000000.0,709900000.0,710000000.0,714000000.0
Marathon Oil Corp,MRO,1FRVQX2CRLGC1XLP5727,101778,2011.0,Q3YTD,2011-01-01,2011-09-30,,0.57,3.37,0.65,1716000000.0,3.35,504000000.0,307000000.0,2051000000.0,,2397000000.0,1158000000.0,1239000000.0,2397000000.0,4671000000.0,11014000000.0,,,,,354000000.0,36000000.0,-63000000.0,371000000.0,4671000000.0,6379000000.0,279000000.0,298000000.0,3189000000.0,3190000000.0,19000000.0,3209000000.0,11050000000.0,710500000.0,711000000.0,714000000.0
Marathon Oil Corp,MRO,1FRVQX2CRLGC1XLP5727,101778,2011.0,Q3TTM,2010-10-01,2011-09-30,,3.19,4.37,0.9,2177000000.0,4.34,720000000.0,315000000.0,2705000000.0,,3103000000.0,1742000000.0,1361000000.0,3103000000.0,-5606000000.0,411000000.0,,,,344000000.0,-923000000.0,49000000.0,-819000000.0,338000000.0,-5606000000.0,6066000000.0,279000000.0,124000000.0,1808000000.0,4258000000.0,189000000.0,4447000000.0,460000000.0,710500000.0,711000000.0,714000000.0
Marathon Oil Corp,MRO,1FRVQX2CRLGC1XLP5727,101778,2011.0,Q2YTD,2011-01-01,2011-06-30,,1.4,1.4,0.25,564000000.0,1.39,145000000.0,307000000.0,617000000.0,,996000000.0,298000000.0,698000000.0,996000000.0,1667000000.0,3814000000.0,,,,,124000000.0,6000000.0,-45000000.0,130000000.0,1667000000.0,2153000000.0,,-13000000.0,1225000000.0,928000000.0,-13000000.0,915000000.0,3820000000.0,711400000.0,713000000.0,717000000.0
Marathon Oil Corp,MRO,1FRVQX2CRLGC1XLP5727,101778,2011.0,Q2TTM,2010-07-01,2011-06-30,,4.02,4.02,0.99,1962000000.0,4.0,518000000.0,721000000.0,2040000000.0,,2855000000.0,1014000000.0,1384000000.0,2398000000.0,-21873000000.0,-19679000000.0,457000000.0,457000000.0,-457000000.0,314000000.0,-724000000.0,67000000.0,-799000000.0,285000000.0,-21873000000.0,2261000000.0,,-70000000.0,24000000.0,3237000000.0,304000000.0,3511000000.0,-19612000000.0,711400000.0,713000000.0,717000000.0
Marathon Oil Corp,MRO,1FRVQX2CRLGC1XLP5727,101778,2011.0,Q2,2011-04-01,2011-06-30,2012-08-03 17:02:59+00:00,,,,,,,,,,,,,996000000.0,,,,,,,,,,,1667000000.0,2033000000.0,,,1225000000.0,808000000.0,107000000.0,,3700000000.0,,,
Marathon Oil Corp,MRO,1FRVQX2CRLGC1XLP5727,101778,2011.0,Q1TTM,2010-04-01,2011-03-31,,3.62,4.38,1.0,2042000000.0,4.36,630000000.0,13000000.0,2198000000.0,,3107000000.0,1880000000.0,1227000000.0,3107000000.0,-6536000000.0,-1271000000.0,,,,344000000.0,-975000000.0,56000000.0,-771000000.0,330000000.0,-6536000000.0,5321000000.0,371000000.0,53000000.0,1269000000.0,4052000000.0,26000000.0,4078000000.0,-1215000000.0,,711000000.0,715000000.0
Marathon Oil Corp,MRO,1FRVQX2CRLGC1XLP5727,101778,2012.0,Q4,2012-10-01,2012-12-31,,1.01,1.01,0.34,809000000.0,1.01,380000000.0,101000000.0,42000000.0,,715000000.0,-11000000.0,726000000.0,715000000.0,2227000000.0,4280000000.0,,,,,120000000.0,5000000.0,,498000000.0,2227000000.0,2058000000.0,,-119000000.0,1908000000.0,150000000.0,-119000000.0,31000000.0,4285000000.0,706300000.0,706000000.0,710000000.0
Marathon Oil Corp,MRO,1FRVQX2CRLGC1XLP5727,101778,2012.0,FY,2012-01-01,2012-12-31,2015-03-02 09:06:42+00:00,2.24,2.24,0.68,2008000000.0,2.23,685000000.0,371000000.0,2248000000.0,,1582000000.0,856000000.0,726000000.0,1582000000.0,4813000000.0,12463000000.0,,,,,243000000.0,23000000.0,,1040000000.0,4813000000.0,7673000000.0,,-222000000.0,4347000000.0,3326000000.0,-222000000.0,3104000000.0,12486000000.0,706300000.0,706000000.0,710000000.0
Marathon Oil Corp,MRO,1FRVQX2CRLGC1XLP5727,101778,2012.0,Q3,2012-07-01,2012-09-30,2013-11-05 17:39:22+00:00,0.64,0.64,0.17,625000000.0,0.63,170000000.0,8000000.0,1279000000.0,,450000000.0,450000000.0,,450000000.0,1230000000.0,4146000000.0,,,,,55000000.0,15000000.0,,291000000.0,1230000000.0,2931000000.0,,-53000000.0,1149000000.0,1782000000.0,-53000000.0,1729000000.0,4161000000.0,703100000.0,706000000.0,709000000.0
Marathon Oil Corp,MRO,1FRVQX2CRLGC1XLP5727,101778,2012.0,Q3YTD,2012-01-01,2012-09-30,,1.23,1.23,0.34,1199000000.0,1.22,305000000.0,270000000.0,2206000000.0,,867000000.0,867000000.0,,867000000.0,2586000000.0,8183000000.0,,,,,123000000.0,18000000.0,,542000000.0,2586000000.0,5615000000.0,,-103000000.0,2439000000.0,3176000000.0,-103000000.0,3073000000.0,8201000000.0,703100000.0,706000000.0,709000000.0
Marathon Oil Corp,MRO,1FRVQX2CRLGC1XLP5727,101778,2012.0,Q3TTM,2011-10-01,2012-09-30,,3.98,3.98,0.89,2898000000.0,3.96,801000000.0,273000000.0,4315000000.0,,2817000000.0,2287000000.0,530000000.0,2817000000.0,6768000000.0,19038000000.0,,,,,192000000.0,60000000.0,-58000000.0,1608000000.0,6768000000.0,12330000000.0,279000000.0,265000000.0,5714000000.0,6616000000.0,-14000000.0,6602000000.0,19098000000.0,703100000.0,706000000.0,709000000.0
Marathon Oil Corp,MRO,1FRVQX2CRLGC1XLP5727,101778,2012.0,Q2YTD,2012-01-01,2012-06-30,,1.15,1.15,0.34,1154000000.0,1.15,307000000.0,263000000.0,1952000000.0,,810000000.0,810000000.0,,810000000.0,2596000000.0,7769000000.0,,,,,123000000.0,23000000.0,28000000.0,512000000.0,2596000000.0,5196000000.0,,-47000000.0,2387000000.0,2809000000.0,-47000000.0,2762000000.0,7792000000.0,701800000.0,706000000.0,709000000.0
Marathon Oil Corp,MRO,1FRVQX2CRLGC1XLP5727,101778,2012.0,Q2TTM,2011-07-01,2012-06-30,,5.3,2.5,0.64,2218000000.0,2.5,573000000.0,266000000.0,3525000000.0,,1764000000.0,1775000000.0,-11000000.0,1764000000.0,5374000000.0,15073000000.0,,,,,78000000.0,49000000.0,-25000000.0,1441000000.0,5374000000.0,9748000000.0,,103000000.0,4551000000.0,5197000000.0,103000000.0,5300000000.0,15122000000.0,701800000.0,706000000.0,709000000.0
Marathon Oil Corp,MRO,1FRVQX2CRLGC1XLP5727,101778,2012.0,Q1,2012-01-01,2012-03-31,2013-05-09 17:47:32+00:00,0.59,0.59,0.17,574000000.0,0.59,135000000.0,262000000.0,927000000.0,,417000000.0,417000000.0,,417000000.0,1356000000.0,4037000000.0,,,,,68000000.0,3000000.0,,251000000.0,1356000000.0,2684000000.0,,-50000000.0,1290000000.0,1394000000.0,-50000000.0,1344000000.0,4040000000.0,706800000.0,706000000.0,710000000.0
Marathon Oil Corp,MRO,1FRVQX2CRLGC1XLP5727,101778,2012.0,Q1TTM,2011-04-01,2012-03-31,,4.74,4.74,0.97,2837000000.0,4.72,776000000.0,572000000.0,3653000000.0,,3363000000.0,2135000000.0,1228000000.0,3363000000.0,7205000000.0,18706000000.0,,,,,261000000.0,51000000.0,-103000000.0,1447000000.0,7205000000.0,11552000000.0,279000000.0,305000000.0,5790000000.0,5762000000.0,26000000.0,5788000000.0,18757000000.0,706800000.0,706000000.0,710000000.0
Marathon Oil Corp,MRO,1FRVQX2CRLGC1XLP5727,101778,2013.0,Q4,2013-10-01,2013-12-31,,0.55,0.55,0.19,407000000.0,0.53,148000000.0,47000000.0,-913000000.0,,375000000.0,-262000000.0,637000000.0,375000000.0,940000000.0,820000000.0,,,,,77000000.0,26000000.0,-4000000.0,256000000.0,940000000.0,-94000000.0,,-150000000.0,931000000.0,-1025000000.0,-150000000.0,-1175000000.0,846000000.0,704000000.0,705000000.0,709000000.0
Marathon Oil Corp,MRO,1FRVQX2CRLGC1XLP5727,101778,2013.0,FY,2013-01-01,2013-12-31,2015-03-02 09:06:42+00:00,2.49,2.49,0.72,2500000000.0,2.47,891000000.0,96000000.0,1462000000.0,,1753000000.0,931000000.0,822000000.0,1753000000.0,4232000000.0,11719000000.0,,,,,345000000.0,64000000.0,,1048000000.0,4232000000.0,7551000000.0,,-278000000.0,4880000000.0,2671000000.0,-278000000.0,2393000000.0,11783000000.0,704000000.0,705000000.0,709000000.0
Marathon Oil Corp,MRO,1FRVQX2CRLGC1XLP5727,101778,2013.0,Q3YTD,2013-01-01,2013-09-30,,1.94,1.94,0.53,2093000000.0,1.94,743000000.0,49000000.0,2375000000.0,,1378000000.0,1193000000.0,185000000.0,1378000000.0,3292000000.0,10899000000.0,,,,,268000000.0,38000000.0,4000000.0,792000000.0,3292000000.0,7645000000.0,,-128000000.0,3949000000.0,3696000000.0,-128000000.0,3568000000.0,10937000000.0,711300000.0,707000000.0,711000000.0
Marathon Oil Corp,MRO,1FRVQX2CRLGC1XLP5727,101778,2013.0,Q3TTM,2012-10-01,2013-09-30,,2.95,2.95,0.87,2902000000.0,2.95,1123000000.0,150000000.0,2417000000.0,,2093000000.0,1182000000.0,911000000.0,2093000000.0,5519000000.0,15179000000.0,,,,,388000000.0,43000000.0,4000000.0,1290000000.0,5519000000.0,9703000000.0,,-247000000.0,5857000000.0,3846000000.0,-247000000.0,3599000000.0,15222000000.0,711300000.0,707000000.0,711000000.0
Marathon Oil Corp,MRO,1FRVQX2CRLGC1XLP5727,101778,2013.0,Q3,2013-07-01,2013-09-30,2014-11-04 17:02:33+00:00,0.8,0.8,0.19,657000000.0,0.8,83000000.0,11000000.0,359000000.0,,569000000.0,396000000.0,173000000.0,569000000.0,1203000000.0,3000000000.0,,,,,89000000.0,19000000.0,6000000.0,258000000.0,1203000000.0,1816000000.0,,43000000.0,1104000000.0,712000000.0,43000000.0,755000000.0,3019000000.0,711300000.0,707000000.0,711000000.0
Marathon Oil Corp,MRO,1FRVQX2CRLGC1XLP5727,101778,2013.0,Q2YTD,2013-01-01,2013-06-30,,1.14,1.14,0.34,1373000000.0,1.14,590000000.0,38000000.0,1588000000.0,,809000000.0,624000000.0,185000000.0,809000000.0,2053000000.0,6998000000.0,,,,,177000000.0,19000000.0,-2000000.0,514000000.0,2053000000.0,4964000000.0,,-62000000.0,2690000000.0,2274000000.0,-62000000.0,2212000000.0,7017000000.0,710000000.0,710000000.0,714000000.0
Marathon Oil Corp,MRO,1FRVQX2CRLGC1XLP5727,101778,2013.0,Q2TTM,2012-07-01,2013-06-30,,2.79,2.79,0.85,2807000000.0,2.78,1140000000.0,147000000.0,2909000000.0,,1974000000.0,1063000000.0,911000000.0,1974000000.0,5510000000.0,15424000000.0,,,,,352000000.0,39000000.0,-2000000.0,1303000000.0,5510000000.0,9953000000.0,,-234000000.0,5747000000.0,4206000000.0,-234000000.0,3972000000.0,15463000000.0,710000000.0,710000000.0,714000000.0
Marathon Oil Corp,MRO,1FRVQX2CRLGC1XLP5727,101778,2013.0,Q2,2013-04-01,2013-06-30,2014-08-07 16:50:31+00:00,0.6,0.6,0.17,626000000.0,0.6,125000000.0,0.0,563000000.0,,426000000.0,241000000.0,185000000.0,426000000.0,1046000000.0,3010000000.0,,,,,93000000.0,10000000.0,107000000.0,229000000.0,1046000000.0,1974000000.0,,10000000.0,1180000000.0,794000000.0,10000000.0,804000000.0,3020000000.0,710000000.0,710000000.0,714000000.0
Marathon Oil Corp,MRO,1FRVQX2CRLGC1XLP5727,101778,2013.0,Q1TTM,2012-04-01,2013-03-31,,2.19,2.19,0.68,2181000000.0,2.18,1015000000.0,147000000.0,2346000000.0,,1548000000.0,822000000.0,726000000.0,1548000000.0,4464000000.0,12414000000.0,,,,,259000000.0,29000000.0,-109000000.0,1074000000.0,4464000000.0,7979000000.0,,-244000000.0,4567000000.0,3412000000.0,-244000000.0,3168000000.0,12443000000.0,709300000.0,708000000.0,712000000.0
Marathon Oil Corp,MRO,1FRVQX2CRLGC1XLP5727,101778,2013.0,Q1,2013-01-01,2013-03-31,2014-05-07 17:25:59+00:00,0.54,0.54,0.17,720000000.0,0.54,463000000.0,38000000.0,987000000.0,,383000000.0,380000000.0,3000000.0,383000000.0,993000000.0,3784000000.0,,,,,84000000.0,9000000.0,-109000000.0,283000000.0,993000000.0,2800000000.0,,46000000.0,1479000000.0,1321000000.0,46000000.0,1367000000.0,3793000000.0,709300000.0,708000000.0,712000000.0
Marathon Oil Corp,MRO,1FRVQX2CRLGC1XLP5727,101778,2014.0,FY,2014-01-01,2014-12-31,2017-02-24 08:14:39+00:00,4.48,4.48,0.8,2861000000.0,4.46,793000000.0,132000000.0,392000000.0,,3046000000.0,969000000.0,2077000000.0,3046000000.0,4351000000.0,11180000000.0,,,,,406000000.0,78000000.0,,1116000000.0,4351000000.0,6907000000.0,,-238000000.0,5308000000.0,1599000000.0,-238000000.0,1361000000.0,11258000000.0,679900000.0,680000000.0,683000000.0
Marathon Oil Corp,MRO,1FRVQX2CRLGC1XLP5727,101778,2014.0,Q4,2014-10-01,2014-12-31,,1.38,1.38,0.21,747000000.0,1.37,476000000.0,2000000.0,-498000000.0,,926000000.0,-235000000.0,1161000000.0,926000000.0,875000000.0,1829000000.0,,,,,84000000.0,23000000.0,-85000000.0,311000000.0,875000000.0,977000000.0,,-175000000.0,1535000000.0,-558000000.0,-175000000.0,-733000000.0,1852000000.0,679900000.0,680000000.0,683000000.0
Marathon Oil Corp,MRO,1FRVQX2CRLGC1XLP5727,101778,2014.0,Q3,2014-07-01,2014-09-30,2015-11-05 16:40:21+00:00,0.64,0.64,0.21,737000000.0,0.64,96000000.0,109000000.0,149000000.0,,431000000.0,304000000.0,127000000.0,431000000.0,1147000000.0,2956000000.0,,,,,115000000.0,15000000.0,,259000000.0,1147000000.0,1824000000.0,,-55000000.0,1316000000.0,508000000.0,-55000000.0,453000000.0,2971000000.0,673400000.0,675000000.0,678000000.0
Marathon Oil Corp,MRO,1FRVQX2CRLGC1XLP5727,101778,2014.0,Q3YTD,2014-01-01,2014-09-30,,3.1,3.1,0.59,2114000000.0,3.09,317000000.0,130000000.0,890000000.0,,2120000000.0,1204000000.0,916000000.0,2120000000.0,3476000000.0,9351000000.0,,,,,322000000.0,55000000.0,85000000.0,805000000.0,3476000000.0,5930000000.0,,-63000000.0,3773000000.0,2157000000.0,-63000000.0,2094000000.0,9406000000.0,673400000.0,675000000.0,678000000.0
Marathon Oil Corp,MRO,1FRVQX2CRLGC1XLP5727,101778,2014.0,Q3TTM,2013-10-01,2014-09-30,,3.65,3.65,0.78,2521000000.0,3.62,465000000.0,177000000.0,-23000000.0,,2495000000.0,942000000.0,1553000000.0,2495000000.0,4416000000.0,10171000000.0,,,,,399000000.0,81000000.0,81000000.0,1061000000.0,4416000000.0,5836000000.0,,-213000000.0,4704000000.0,1132000000.0,-213000000.0,919000000.0,10252000000.0,673400000.0,675000000.0,678000000.0
Marathon Oil Corp,MRO,1FRVQX2CRLGC1XLP5727,101778,2014.0,Q2YTD,2014-01-01,2014-06-30,,2.46,2.46,0.38,1377000000.0,2.45,221000000.0,21000000.0,741000000.0,,1689000000.0,900000000.0,789000000.0,1689000000.0,2329000000.0,6395000000.0,,,,,207000000.0,40000000.0,85000000.0,546000000.0,2329000000.0,4106000000.0,,-8000000.0,2457000000.0,1649000000.0,-8000000.0,1641000000.0,6435000000.0,675000000.0,676000000.0,679000000.0
Marathon Oil Corp,MRO,1FRVQX2CRLGC1XLP5727,101778,2014.0,Q2TTM,2013-07-01,2014-06-30,,3.81,3.81,0.76,2504000000.0,3.78,522000000.0,79000000.0,615000000.0,,2633000000.0,1207000000.0,1426000000.0,2633000000.0,4508000000.0,11116000000.0,,,,,375000000.0,85000000.0,87000000.0,1080000000.0,4508000000.0,6693000000.0,,-224000000.0,4647000000.0,2046000000.0,-224000000.0,1822000000.0,11201000000.0,675000000.0,676000000.0,679000000.0
Marathon Oil Corp,MRO,1FRVQX2CRLGC1XLP5727,101778,2014.0,Q2,2014-04-01,2014-06-30,2014-08-07 16:50:31+00:00,0.8,0.8,0.19,680000000.0,0.8,145000000.0,4000000.0,151000000.0,,540000000.0,360000000.0,180000000.0,540000000.0,1176000000.0,2888000000.0,,,,,109000000.0,20000000.0,87000000.0,240000000.0,1176000000.0,1732000000.0,,44000000.0,1265000000.0,467000000.0,44000000.0,511000000.0,2908000000.0,675000000.0,676000000.0,679000000.0
Marathon Oil Corp,MRO,1FRVQX2CRLGC1XLP5727,101778,2014.0,Q1TTM,2013-04-01,2014-03-31,,3.61,3.61,0.74,2450000000.0,3.58,502000000.0,75000000.0,1027000000.0,,2519000000.0,1088000000.0,1431000000.0,2519000000.0,4378000000.0,11238000000.0,,,,,359000000.0,75000000.0,107000000.0,1069000000.0,4378000000.0,6935000000.0,,-258000000.0,4562000000.0,2373000000.0,-258000000.0,2115000000.0,11313000000.0,692200000.0,693000000.0,696000000.0
Marathon Oil Corp,MRO,1FRVQX2CRLGC1XLP5727,101778,2014.0,Q1,2014-01-01,2014-03-31,2015-05-07 16:13:38+00:00,1.66,1.66,0.19,643000000.0,1.65,73000000.0,17000000.0,200000000.0,,1149000000.0,398000000.0,751000000.0,1149000000.0,1084000000.0,2829000000.0,,,,,95000000.0,20000000.0,,290000000.0,1084000000.0,1765000000.0,,-49000000.0,1118000000.0,647000000.0,-49000000.0,598000000.0,2849000000.0,692200000.0,693000000.0,696000000.0
Marathon Oil Corp,MRO,1FRVQX2CRLGC1XLP5727,101778,2015.0,FY,2015-01-01,2015-12-31,2018-02-22 17:14:17+00:00,-3.26,-3.26,0.68,2721000000.0,-3.26,971000000.0,721000000.0,-738000000.0,979000000.0,-2204000000.0,-1701000000.0,-503000000.0,-2204000000.0,500000000.0,4900000000.0,,,,,216000000.0,53000000.0,,998000000.0,500000000.0,4453000000.0,0.0,-286000000.0,6606000000.0,-2153000000.0,-286000000.0,-2439000000.0,4953000000.0,676100000.0,677000000.0,677000000.0
Marathon Oil Corp,MRO,1FRVQX2CRLGC1XLP5727,101778,2015.0,Q4,2015-10-01,2015-12-31,,-1.17,-1.17,0.05,432000000.0,-1.17,185000000.0,340000000.0,-192000000.0,979000000.0,-793000000.0,-290000000.0,-503000000.0,-793000000.0,-1271000000.0,552000000.0,,,,,25000000.0,15000000.0,,253000000.0,-1271000000.0,1838000000.0,,-106000000.0,2214000000.0,-376000000.0,-106000000.0,-482000000.0,567000000.0,676100000.0,677000000.0,677000000.0
Marathon Oil Corp,MRO,1FRVQX2CRLGC1XLP5727,101778,2015.0,Q3,2015-07-01,2015-09-30,2016-11-03 16:43:19+00:00,-1.11,-1.11,0.21,717000000.0,-1.11,585000000.0,337000000.0,-396000000.0,,-749000000.0,-749000000.0,,-749000000.0,490000000.0,1311000000.0,,,,,46000000.0,12000000.0,,218000000.0,490000000.0,833000000.0,,-75000000.0,1903000000.0,-1070000000.0,-75000000.0,-1145000000.0,1323000000.0,674800000.0,677000000.0,677000000.0
Marathon Oil Corp,MRO,1FRVQX2CRLGC1XLP5727,101778,2015.0,Q3YTD,2015-01-01,2015-09-30,,-2.09,-2.09,0.63,2289000000.0,-2.09,786000000.0,381000000.0,-546000000.0,,-1411000000.0,-1411000000.0,,-1411000000.0,1771000000.0,4348000000.0,,,,,191000000.0,38000000.0,,745000000.0,1771000000.0,2615000000.0,,-180000000.0,4392000000.0,-1777000000.0,-180000000.0,-1957000000.0,4386000000.0,674800000.0,677000000.0,677000000.0
Marathon Oil Corp,MRO,1FRVQX2CRLGC1XLP5727,101778,2015.0,Q3TTM,2014-10-01,2015-09-30,,-0.71,-0.71,0.84,3036000000.0,-0.72,1262000000.0,383000000.0,-1044000000.0,,-485000000.0,-1646000000.0,1161000000.0,-485000000.0,2646000000.0,6177000000.0,,,,,275000000.0,61000000.0,-85000000.0,1056000000.0,2646000000.0,3592000000.0,,-355000000.0,5927000000.0,-2335000000.0,-355000000.0,-2690000000.0,6238000000.0,674800000.0,677000000.0,677000000.0
Marathon Oil Corp,MRO,1FRVQX2CRLGC1XLP5727,101778,2015.0,Q2,2015-04-01,2015-06-30,2016-08-04 16:41:12+00:00,-0.57,-0.57,0.21,751000000.0,-0.57,111000000.0,44000000.0,-6000000.0,,-386000000.0,-386000000.0,,-386000000.0,632000000.0,1516000000.0,,,,,78000000.0,15000000.0,,249000000.0,632000000.0,899000000.0,,-58000000.0,1233000000.0,-334000000.0,-58000000.0,-392000000.0,1531000000.0,677200000.0,677000000.0,677000000.0
Marathon Oil Corp,MRO,1FRVQX2CRLGC1XLP5727,101778,2015.0,Q2YTD,2015-01-01,2015-06-30,,-0.98,-0.98,0.42,1572000000.0,-0.98,201000000.0,44000000.0,-150000000.0,,-662000000.0,-662000000.0,,-662000000.0,1281000000.0,3037000000.0,,,,,145000000.0,26000000.0,,527000000.0,1281000000.0,1782000000.0,,-105000000.0,2489000000.0,-707000000.0,-105000000.0,-812000000.0,3063000000.0,677200000.0,677000000.0,677000000.0
Marathon Oil Corp,MRO,1FRVQX2CRLGC1XLP5727,101778,2015.0,Q2TTM,2014-07-01,2015-06-30,,1.04,1.04,0.84,3056000000.0,1.03,773000000.0,155000000.0,-499000000.0,,695000000.0,-593000000.0,1288000000.0,695000000.0,3303000000.0,7822000000.0,,,,,344000000.0,64000000.0,-85000000.0,1097000000.0,3303000000.0,4583000000.0,,-335000000.0,5340000000.0,-757000000.0,-335000000.0,-1092000000.0,7886000000.0,677200000.0,677000000.0,677000000.0
Marathon Oil Corp,MRO,1FRVQX2CRLGC1XLP5727,101778,2015.0,Q1,2015-01-01,2015-03-31,2016-05-05 16:38:28+00:00,-0.41,-0.41,0.21,821000000.0,-0.41,90000000.0,0.0,-144000000.0,,-276000000.0,-276000000.0,,-276000000.0,649000000.0,1521000000.0,,,,,67000000.0,11000000.0,,278000000.0,649000000.0,883000000.0,,-47000000.0,1256000000.0,-373000000.0,-47000000.0,-420000000.0,1532000000.0,673200000.0,675000000.0,675000000.0
Marathon Oil Corp,MRO,1FRVQX2CRLGC1XLP5727,101778,2015.0,Q1TTM,2014-04-01,2015-03-31,,2.41,2.41,0.82,2985000000.0,2.4,807000000.0,115000000.0,-342000000.0,,1621000000.0,153000000.0,1468000000.0,1621000000.0,3847000000.0,9194000000.0,,,,,375000000.0,69000000.0,2000000.0,1088000000.0,3847000000.0,5416000000.0,,-233000000.0,5372000000.0,44000000.0,-233000000.0,-189000000.0,9263000000.0,673200000.0,675000000.0,675000000.0
Marathon Oil Corp,MRO,1FRVQX2CRLGC1XLP5727,101778,2016.0,FY,2016-01-01,2016-12-31,2019-02-21 16:53:44+00:00,-2.61,-2.61,0.2,2156000000.0,-2.61,323000000.0,67000000.0,923000000.0,720000000.0,-2140000000.0,-2087000000.0,-53000000.0,-2140000000.0,245000000.0,3411000000.0,,,,-102000000.0,151000000.0,-13000000.0,-389000000.0,855000000.0,245000000.0,3153000000.0,0.0,-332000000.0,3883000000.0,-730000000.0,-434000000.0,-1164000000.0,3398000000.0,819900000.0,819000000.0,819000000.0
Marathon Oil Corp,MRO,1FRVQX2CRLGC1XLP5727,101778,2016.0,Q4,2016-10-01,2016-12-31,,-1.62,-1.62,-0.15,573000000.0,-1.62,34000000.0,19000000.0,1337000000.0,188000000.0,-1371000000.0,-1383000000.0,12000000.0,-1371000000.0,44000000.0,786000000.0,,,,-102000000.0,38000000.0,-51000000.0,-389000000.0,96000000.0,44000000.0,691000000.0,,-76000000.0,559000000.0,132000000.0,-178000000.0,-46000000.0,735000000.0,819900000.0,819000000.0,819000000.0
Marathon Oil Corp,MRO,1FRVQX2CRLGC1XLP5727,101778,2016.0,Q3,2016-07-01,2016-09-30,2017-11-02 16:37:43+00:00,-0.23,-0.23,0.05,522000000.0,-0.23,83000000.0,47000000.0,-107000000.0,160000000.0,-192000000.0,-206000000.0,14000000.0,-192000000.0,80000000.0,967000000.0,,,,,35000000.0,23000000.0,,287000000.0,80000000.0,910000000.0,0.0,-89000000.0,1134000000.0,-224000000.0,-89000000.0,-313000000.0,990000000.0,834800000.0,847000000.0,847000000.0
Marathon Oil Corp,MRO,1FRVQX2CRLGC1XLP5727,101778,2016.0,Q3YTD,2016-01-01,2016-09-30,,-0.99,-0.99,0.15,1583000000.0,-0.99,289000000.0,48000000.0,-414000000.0,532000000.0,-769000000.0,-704000000.0,-65000000.0,-769000000.0,201000000.0,2625000000.0,,,,,113000000.0,38000000.0,,759000000.0,201000000.0,2462000000.0,,-256000000.0,3324000000.0,-862000000.0,-256000000.0,-1118000000.0,2663000000.0,834800000.0,847000000.0,847000000.0
Marathon Oil Corp,MRO,1FRVQX2CRLGC1XLP5727,101778,2016.0,Q3TTM,2015-10-01,2016-09-30,,-2.16,-2.16,0.2,2015000000.0,-2.16,474000000.0,388000000.0,-606000000.0,1511000000.0,-1562000000.0,-994000000.0,-568000000.0,-1562000000.0,-1070000000.0,3177000000.0,,,,,138000000.0,53000000.0,,1012000000.0,-1070000000.0,4300000000.0,,-362000000.0,5538000000.0,-1238000000.0,-362000000.0,-1600000000.0,3230000000.0,834800000.0,847000000.0,847000000.0
Marathon Oil Corp,MRO,1FRVQX2CRLGC1XLP5727,101778,2016.0,Q2,2016-04-01,2016-06-30,2017-08-03 16:38:34+00:00,-0.2,-0.2,0.05,512000000.0,-0.2,182000000.0,0.0,-54000000.0,185000000.0,-170000000.0,-138000000.0,-32000000.0,-170000000.0,75000000.0,1092000000.0,,,,,35000000.0,11000000.0,,218000000.0,75000000.0,1028000000.0,,-88000000.0,1132000000.0,-104000000.0,-88000000.0,-192000000.0,1103000000.0,850000000.0,848000000.0,848000000.0
Marathon Oil Corp,MRO,1FRVQX2CRLGC1XLP5727,101778,2016.0,Q2YTD,2016-01-01,2016-06-30,,-0.76,-0.76,0.1,1061000000.0,-0.76,206000000.0,1000000.0,-307000000.0,372000000.0,-577000000.0,-498000000.0,-79000000.0,-577000000.0,121000000.0,1658000000.0,,,,,78000000.0,15000000.0,,472000000.0,121000000.0,1552000000.0,,-167000000.0,2190000000.0,-638000000.0,-167000000.0,-805000000.0,1673000000.0,850000000.0,848000000.0,848000000.0
Marathon Oil Corp,MRO,1FRVQX2CRLGC1XLP5727,101778,2016.0,Q2TTM,2015-07-01,2016-06-30,,-3.04,-3.04,0.36,2210000000.0,-3.04,976000000.0,678000000.0,-895000000.0,1351000000.0,-2119000000.0,-1537000000.0,-582000000.0,-2119000000.0,-660000000.0,3521000000.0,,,,,149000000.0,42000000.0,,943000000.0,-660000000.0,4223000000.0,,-348000000.0,6307000000.0,-2084000000.0,-348000000.0,-2432000000.0,3563000000.0,850000000.0,848000000.0,848000000.0
Marathon Oil Corp,MRO,1FRVQX2CRLGC1XLP5727,101778,2016.0,Q1,2016-01-01,2016-03-31,2017-05-05 16:50:12+00:00,-0.56,-0.56,0.05,549000000.0,-0.56,24000000.0,1000000.0,-253000000.0,187000000.0,-407000000.0,-360000000.0,-47000000.0,-407000000.0,46000000.0,566000000.0,,,,,43000000.0,4000000.0,,254000000.0,46000000.0,524000000.0,,-79000000.0,1058000000.0,-534000000.0,-79000000.0,-613000000.0,570000000.0,726800000.0,730000000.0,730000000.0
Marathon Oil Corp,MRO,1FRVQX2CRLGC1XLP5727,101778,2016.0,Q1TTM,2015-04-01,2016-03-31,,-3.41,-3.41,0.52,2449000000.0,-3.41,905000000.0,722000000.0,-847000000.0,1166000000.0,-2335000000.0,-1785000000.0,-550000000.0,-2335000000.0,-103000000.0,3945000000.0,,,,,192000000.0,46000000.0,,974000000.0,-103000000.0,4094000000.0,,-318000000.0,6408000000.0,-2314000000.0,-318000000.0,-2632000000.0,3991000000.0,726800000.0,730000000.0,730000000.0
Marathon Oil Corp,MRO,1FRVQX2CRLGC1XLP5727,101778,2017.0,FY,2017-01-01,2017-12-31,2020-02-20 16:42:06+00:00,-6.73,-6.73,0.2,2372000000.0,-6.73,409000000.0,229000000.0,376000000.0,,-5723000000.0,-830000000.0,-4893000000.0,-5723000000.0,884000000.0,4665000000.0,,,,-19000000.0,183000000.0,42000000.0,-58000000.0,802000000.0,884000000.0,3823000000.0,51000000.0,-270000000.0,3937000000.0,-114000000.0,-340000000.0,-454000000.0,4707000000.0,850400000.0,850000000.0,850000000.0
Marathon Oil Corp,MRO,1FRVQX2CRLGC1XLP5727,101778,2017.0,Q4,2017-10-01,2017-12-31,,-0.03,-0.03,0.05,583000000.0,-0.03,57000000.0,24000000.0,160000000.0,-331000000.0,-28000000.0,-28000000.0,,-28000000.0,566000000.0,1447000000.0,,,,-3000000.0,-54000000.0,-104000000.0,-39000000.0,326000000.0,566000000.0,777000000.0,5000000.0,-71000000.0,566000000.0,211000000.0,-79000000.0,132000000.0,1343000000.0,850400000.0,850000000.0,850000000.0
Marathon Oil Corp,MRO,1FRVQX2CRLGC1XLP5727,101778,2017.0,Q3,2017-07-01,2017-09-30,2018-11-08 16:46:51+00:00,-0.7,-0.7,0.05,641000000.0,-0.7,294000000.0,201000000.0,141000000.0,,-599000000.0,-599000000.0,0.0,-599000000.0,246000000.0,1247000000.0,,,,-5000000.0,153000000.0,-14000000.0,-19000000.0,89000000.0,246000000.0,987000000.0,46000000.0,-35000000.0,1359000000.0,-372000000.0,-86000000.0,-458000000.0,1233000000.0,855700000.0,850000000.0,850000000.0
Marathon Oil Corp,MRO,1FRVQX2CRLGC1XLP5727,101778,2017.0,Q3YTD,2017-01-01,2017-09-30,,-6.7,-6.7,0.15,1789000000.0,-6.7,352000000.0,205000000.0,216000000.0,331000000.0,-5695000000.0,-802000000.0,-4893000000.0,-5695000000.0,318000000.0,3218000000.0,,,,-16000000.0,237000000.0,146000000.0,-19000000.0,476000000.0,318000000.0,3046000000.0,46000000.0,-199000000.0,3371000000.0,-325000000.0,-261000000.0,-586000000.0,3364000000.0,855700000.0,850000000.0,850000000.0
Marathon Oil Corp,MRO,1FRVQX2CRLGC1XLP5727,101778,2017.0,Q3TTM,2016-10-01,2017-09-30,,-8.32,-8.32,0.2,2362000000.0,-8.32,386000000.0,224000000.0,1553000000.0,519000000.0,-7066000000.0,-2185000000.0,-4881000000.0,-7066000000.0,362000000.0,4004000000.0,,,,-118000000.0,275000000.0,95000000.0,-408000000.0,572000000.0,362000000.0,3737000000.0,46000000.0,-275000000.0,3930000000.0,-193000000.0,-439000000.0,-632000000.0,4099000000.0,855700000.0,850000000.0,850000000.0
Marathon Oil Corp,MRO,1FRVQX2CRLGC1XLP5727,101778,2017.0,Q2,2017-04-01,2017-06-30,2018-08-02 16:38:17+00:00,-0.16,-0.16,0.05,592000000.0,-0.16,30000000.0,0.0,41000000.0,178000000.0,-139000000.0,-153000000.0,14000000.0,-139000000.0,38000000.0,994000000.0,,,,-1000000.0,45000000.0,65000000.0,,201000000.0,38000000.0,1021000000.0,,-86000000.0,1046000000.0,-25000000.0,-87000000.0,-112000000.0,1059000000.0,868800000.0,850000000.0,850000000.0
Marathon Oil Corp,MRO,1FRVQX2CRLGC1XLP5727,101778,2017.0,Q2YTD,2017-01-01,2017-06-30,,-6.0,-6.0,0.1,1148000000.0,-6.0,58000000.0,4000000.0,75000000.0,331000000.0,-5096000000.0,-203000000.0,-4893000000.0,-5096000000.0,72000000.0,1971000000.0,,,,-11000000.0,84000000.0,160000000.0,,387000000.0,72000000.0,2059000000.0,,-164000000.0,2012000000.0,47000000.0,-175000000.0,-128000000.0,2131000000.0,868800000.0,850000000.0,850000000.0
Marathon Oil Corp,MRO,1FRVQX2CRLGC1XLP5727,101778,2017.0,Q2TTM,2016-07-01,2017-06-30,,-7.85,-7.85,0.2,2243000000.0,-7.85,175000000.0,70000000.0,1305000000.0,679000000.0,-6659000000.0,-1792000000.0,-4867000000.0,-6659000000.0,196000000.0,3724000000.0,,,,-113000000.0,157000000.0,132000000.0,-389000000.0,770000000.0,196000000.0,3660000000.0,,-329000000.0,3705000000.0,-45000000.0,-442000000.0,-487000000.0,3856000000.0,868800000.0,850000000.0,850000000.0
Marathon Oil Corp,MRO,1FRVQX2CRLGC1XLP5727,101778,2017.0,Q1,2017-01-01,2017-03-31,2018-05-03 16:36:10+00:00,-5.84,-5.84,0.05,556000000.0,-5.84,28000000.0,4000000.0,34000000.0,153000000.0,-4957000000.0,-50000000.0,-4907000000.0,-4957000000.0,34000000.0,977000000.0,,,,-10000000.0,39000000.0,95000000.0,,186000000.0,34000000.0,1038000000.0,,-78000000.0,966000000.0,72000000.0,-88000000.0,-16000000.0,1072000000.0,848800000.0,849000000.0,849000000.0
Marathon Oil Corp,MRO,1FRVQX2CRLGC1XLP5727,101778,2017.0,Q1TTM,2016-04-01,2017-03-31,,-7.89,-7.89,0.2,2163000000.0,-7.89,327000000.0,70000000.0,1210000000.0,686000000.0,-6690000000.0,-1777000000.0,-4913000000.0,-6690000000.0,233000000.0,3822000000.0,,,,-112000000.0,147000000.0,78000000.0,-389000000.0,787000000.0,233000000.0,3667000000.0,,-331000000.0,3791000000.0,-124000000.0,-443000000.0,-567000000.0,3900000000.0,848800000.0,849000000.0,849000000.0
Marathon Oil Corp,MRO,1FRVQX2CRLGC1XLP5727,101778,2018.0,FY,2018-01-01,2018-12-31,2020-02-20 16:42:06+00:00,1.3,1.3,0.2,2441000000.0,1.29,289000000.0,75000000.0,331000000.0,,1096000000.0,1096000000.0,0.0,1096000000.0,842000000.0,6127000000.0,,,,-14000000.0,299000000.0,136000000.0,-319000000.0,969000000.0,842000000.0,5421000000.0,0.0,-226000000.0,3754000000.0,1667000000.0,-240000000.0,1427000000.0,6263000000.0,843100000.0,846000000.0,847000000.0
Marathon Oil Corp,MRO,1FRVQX2CRLGC1XLP5727,101778,2018.0,Q4,2018-10-01,2018-12-31,,0.47,0.47,0.05,613000000.0,0.46,116000000.0,25000000.0,16000000.0,-217000000.0,390000000.0,390000000.0,,390000000.0,422000000.0,1444000000.0,,,,-3000000.0,84000000.0,325000000.0,4000000.0,255000000.0,422000000.0,1347000000.0,,-58000000.0,880000000.0,467000000.0,-61000000.0,406000000.0,1769000000.0,843100000.0,846000000.0,847000000.0
Marathon Oil Corp,MRO,1FRVQX2CRLGC1XLP5727,101778,2018.0,Q3,2018-07-01,2018-09-30,2019-11-07 16:34:06+00:00,0.3,0.3,0.05,626000000.0,0.3,56000000.0,8000000.0,103000000.0,,254000000.0,254000000.0,,254000000.0,215000000.0,1602000000.0,,,,-8000000.0,86000000.0,49000000.0,-16000000.0,253000000.0,215000000.0,1436000000.0,,-58000000.0,1013000000.0,423000000.0,-66000000.0,357000000.0,1651000000.0,846700000.0,848000000.0,849000000.0
Marathon Oil Corp,MRO,1FRVQX2CRLGC1XLP5727,101778,2018.0,Q3YTD,2018-01-01,2018-09-30,,0.83,0.83,0.15,1828000000.0,0.83,173000000.0,50000000.0,315000000.0,217000000.0,706000000.0,706000000.0,,706000000.0,420000000.0,4683000000.0,,,,-11000000.0,215000000.0,-189000000.0,-323000000.0,714000000.0,420000000.0,4074000000.0,,-168000000.0,2874000000.0,1200000000.0,-179000000.0,1021000000.0,4494000000.0,846700000.0,848000000.0,849000000.0
Marathon Oil Corp,MRO,1FRVQX2CRLGC1XLP5727,101778,2018.0,Q3TTM,2017-10-01,2018-09-30,,0.8,0.8,0.2,2411000000.0,0.8,230000000.0,74000000.0,475000000.0,-114000000.0,678000000.0,678000000.0,,678000000.0,986000000.0,6130000000.0,,,,-14000000.0,161000000.0,-293000000.0,-362000000.0,1040000000.0,986000000.0,4851000000.0,5000000.0,-239000000.0,3440000000.0,1411000000.0,-258000000.0,1153000000.0,5837000000.0,846700000.0,848000000.0,849000000.0
Marathon Oil Corp,MRO,1FRVQX2CRLGC1XLP5727,101778,2018.0,Q2,2018-04-01,2018-06-30,2019-08-08 16:35:53+00:00,0.11,0.11,0.05,612000000.0,0.11,65000000.0,34000000.0,44000000.0,,96000000.0,96000000.0,,96000000.0,205000000.0,1507000000.0,,,,0.0,65000000.0,-140000000.0,-50000000.0,231000000.0,205000000.0,1162000000.0,,-65000000.0,957000000.0,205000000.0,-65000000.0,140000000.0,1367000000.0,872700000.0,854000000.0,855000000.0
Marathon Oil Corp,MRO,1FRVQX2CRLGC1XLP5727,101778,2018.0,Q2YTD,2018-01-01,2018-06-30,,0.53,0.53,0.1,1202000000.0,0.53,117000000.0,42000000.0,212000000.0,217000000.0,452000000.0,452000000.0,,452000000.0,205000000.0,3081000000.0,,,,-3000000.0,129000000.0,-238000000.0,-307000000.0,461000000.0,205000000.0,2638000000.0,,-110000000.0,1861000000.0,777000000.0,-113000000.0,664000000.0,2843000000.0,872700000.0,854000000.0,855000000.0
Marathon Oil Corp,MRO,1FRVQX2CRLGC1XLP5727,101778,2018.0,Q2TTM,2017-07-01,2018-06-30,,-0.2,-0.2,0.2,2426000000.0,-0.2,468000000.0,267000000.0,513000000.0,-114000000.0,-175000000.0,-175000000.0,,-175000000.0,1017000000.0,5775000000.0,,,,-11000000.0,228000000.0,-356000000.0,-365000000.0,876000000.0,1017000000.0,4402000000.0,51000000.0,-216000000.0,3786000000.0,616000000.0,-278000000.0,338000000.0,5419000000.0,872700000.0,854000000.0,855000000.0
Marathon Oil Corp,MRO,1FRVQX2CRLGC1XLP5727,101778,2018.0,Q1,2018-01-01,2018-03-31,2019-05-02 16:35:37+00:00,0.42,0.42,0.05,590000000.0,0.42,52000000.0,8000000.0,168000000.0,217000000.0,356000000.0,356000000.0,,356000000.0,,1574000000.0,,,,-3000000.0,64000000.0,-98000000.0,-257000000.0,230000000.0,,1476000000.0,,-45000000.0,904000000.0,572000000.0,-48000000.0,524000000.0,1476000000.0,847600000.0,851000000.0,852000000.0
Marathon Oil Corp,MRO,1FRVQX2CRLGC1XLP5727,101778,2018.0,Q1TTM,2017-04-01,2018-03-31,,-0.47,-0.47,0.2,2406000000.0,-0.47,433000000.0,233000000.0,510000000.0,64000000.0,-410000000.0,-424000000.0,14000000.0,-410000000.0,850000000.0,5262000000.0,,,,-12000000.0,208000000.0,-151000000.0,-315000000.0,846000000.0,850000000.0,4261000000.0,51000000.0,-237000000.0,3875000000.0,386000000.0,-300000000.0,86000000.0,5111000000.0,847600000.0,851000000.0,852000000.0
Marathon Oil Corp,MRO,1FRVQX2CRLGC1XLP5727,101778,2019.0,Q4,2019-10-01,2019-12-31,,-0.03,-0.03,0.05,616000000.0,-0.03,42000000.0,,17000000.0,,-20000000.0,-20000000.0,,-20000000.0,169000000.0,1257000000.0,,,,-6000000.0,79000000.0,-36000000.0,6000000.0,236000000.0,169000000.0,1052000000.0,3000000.0,-67000000.0,979000000.0,73000000.0,-76000000.0,-3000000.0,1221000000.0,813600000.0,810000000.0,810000000.0
Marathon Oil Corp,MRO,1FRVQX2CRLGC1XLP5727,101778,2019.0,FY,2019-01-01,2019-12-31,2020-02-20 16:42:06+00:00,0.59,0.59,0.2,2397000000.0,0.59,149000000.0,24000000.0,-88000000.0,,480000000.0,480000000.0,0.0,480000000.0,712000000.0,5150000000.0,,,,3000000.0,311000000.0,-10000000.0,-50000000.0,961000000.0,712000000.0,4428000000.0,3000000.0,-244000000.0,3792000000.0,636000000.0,-244000000.0,392000000.0,5140000000.0,813600000.0,810000000.0,810000000.0
Marathon Oil Corp,MRO,1FRVQX2CRLGC1XLP5727,101778,2019.0,Q3YTD,2019-01-01,2019-09-30,,0.62,0.62,0.15,1781000000.0,0.62,107000000.0,24000000.0,-105000000.0,,500000000.0,500000000.0,,500000000.0,543000000.0,3893000000.0,,,,9000000.0,232000000.0,26000000.0,-56000000.0,725000000.0,543000000.0,3376000000.0,,-177000000.0,2813000000.0,563000000.0,-168000000.0,395000000.0,3919000000.0,785700000.0,802000000.0,803000000.0
Marathon Oil Corp,MRO,1FRVQX2CRLGC1XLP5727,101778,2019.0,Q3TTM,2018-10-01,2019-09-30,,1.09,1.09,0.2,2394000000.0,1.08,223000000.0,49000000.0,-89000000.0,-217000000.0,890000000.0,890000000.0,,890000000.0,965000000.0,5337000000.0,,,,6000000.0,316000000.0,351000000.0,-52000000.0,980000000.0,965000000.0,4723000000.0,,-235000000.0,3693000000.0,1030000000.0,-229000000.0,801000000.0,5688000000.0,785700000.0,802000000.0,803000000.0
Marathon Oil Corp,MRO,1FRVQX2CRLGC1XLP5727,101778,2019.0,Q3,2019-07-01,2019-09-30,2019-11-07 16:34:06+00:00,0.21,0.21,0.05,622000000.0,0.21,22000000.0,0.0,10000000.0,,165000000.0,165000000.0,,165000000.0,163000000.0,1270000000.0,,,,2000000.0,81000000.0,53000000.0,-22000000.0,220000000.0,163000000.0,1160000000.0,,-64000000.0,923000000.0,237000000.0,-62000000.0,175000000.0,1323000000.0,785700000.0,802000000.0,803000000.0
Marathon Oil Corp,MRO,1FRVQX2CRLGC1XLP5727,101778,2019.0,Q2YTD,2019-01-01,2019-06-30,,0.41,0.41,0.1,1159000000.0,0.41,85000000.0,24000000.0,-115000000.0,,335000000.0,335000000.0,,335000000.0,380000000.0,2623000000.0,,,,7000000.0,151000000.0,-27000000.0,-34000000.0,505000000.0,380000000.0,2216000000.0,,-113000000.0,1890000000.0,326000000.0,-106000000.0,220000000.0,2596000000.0,805000000.0,813000000.0,814000000.0
Marathon Oil Corp,MRO,1FRVQX2CRLGC1XLP5727,101778,2019.0,Q2TTM,2018-07-01,2019-06-30,,1.18,1.18,0.2,2398000000.0,1.17,257000000.0,57000000.0,4000000.0,-217000000.0,979000000.0,979000000.0,,979000000.0,1017000000.0,5669000000.0,,,,-4000000.0,321000000.0,347000000.0,-46000000.0,1013000000.0,1017000000.0,4999000000.0,,-229000000.0,3783000000.0,1216000000.0,-233000000.0,983000000.0,6016000000.0,805000000.0,813000000.0,814000000.0
Marathon Oil Corp,MRO,1FRVQX2CRLGC1XLP5727,101778,2019.0,Q2,2019-04-01,2019-06-30,2019-08-08 16:35:53+00:00,0.2,0.2,0.05,605000000.0,0.2,26000000.0,18000000.0,32000000.0,,161000000.0,161000000.0,,161000000.0,193000000.0,1412000000.0,,,,2000000.0,79000000.0,29000000.0,8000000.0,257000000.0,193000000.0,1248000000.0,,-64000000.0,993000000.0,255000000.0,-62000000.0,193000000.0,1441000000.0,805000000.0,813000000.0,814000000.0
Marathon Oil Corp,MRO,1FRVQX2CRLGC1XLP5727,101778,2019.0,Q1,2019-01-01,2019-03-31,2020-05-07 16:33:58+00:00,0.21,0.21,0.05,554000000.0,0.21,59000000.0,6000000.0,-147000000.0,,174000000.0,174000000.0,,174000000.0,187000000.0,1211000000.0,,,,5000000.0,72000000.0,-56000000.0,-42000000.0,248000000.0,187000000.0,968000000.0,,-49000000.0,897000000.0,71000000.0,-44000000.0,27000000.0,1155000000.0,828600000.0,819000000.0,820000000.0
Marathon Oil Corp,MRO,1FRVQX2CRLGC1XLP5727,101778,2019.0,Q1TTM,2018-04-01,2019-03-31,,1.09,1.09,0.2,2405000000.0,1.08,296000000.0,73000000.0,16000000.0,-217000000.0,914000000.0,914000000.0,,914000000.0,1029000000.0,5764000000.0,,,,-6000000.0,307000000.0,178000000.0,-104000000.0,987000000.0,1029000000.0,4913000000.0,,-230000000.0,3747000000.0,1166000000.0,-236000000.0,930000000.0,5942000000.0,828600000.0,819000000.0,820000000.0
Marathon Oil Corp,MRO,1FRVQX2CRLGC1XLP5727,101778,2020.0,Q1TTM,2019-04-01,2020-03-31,,0.32,0.32,0.2,2487000000.0,0.32,118000000.0,115000000.0,56000000.0,,260000000.0,260000000.0,,260000000.0,685000000.0,4951000000.0,,,,-2000000.0,305000000.0,255000000.0,-17000000.0,933000000.0,685000000.0,4521000000.0,3000000.0,-259000000.0,3941000000.0,580000000.0,-264000000.0,316000000.0,5206000000.0,766700000.0,794000000.0,794000000.0
Marathon Oil Corp,MRO,1FRVQX2CRLGC1XLP5727,101778,2020.0,Q1,2020-01-01,2020-03-31,2020-05-07 16:33:58+00:00,-0.06,-0.06,0.05,644000000.0,-0.06,28000000.0,97000000.0,-3000000.0,,-46000000.0,-46000000.0,,-46000000.0,160000000.0,1012000000.0,,,,0.0,66000000.0,209000000.0,-9000000.0,220000000.0,160000000.0,1061000000.0,,-64000000.0,1046000000.0,15000000.0,-64000000.0,-49000000.0,1221000000.0,766700000.0,794000000.0,794000000.0
