company_name,company_ticker,company_lei,company_cik,year,quarter,start_date,end_date,filing_date,basicdilutedeps,basiceps,cashdividendspershare,dilutedeps,incometaxexpense,netincome,netincomecontinuing,netincomediscontinued,netincometocommon,netincometononcontrollinginterest,operatingcostofrevenue,operatingrevenue,otherincome,otheroperatingexpenses,otherrevenue,sgaexpense,totalcostofrevenue,totalgrossprofit,totalinterestexpense,totalinterestincome,totaloperatingexpenses,totaloperatingincome,totalotherincome,totalpretaxincome,totalrevenue,weightedavebasicdilutedsharesos,weightedavebasicsharesos,weightedavedilutedsharesos
Rockwell Automation Inc,ROK,VH3R4HHBHH12O0EXZJ88,1024478,2007.0,FY,2006-10-01,2007-09-30,2009-11-18 15:33:39+00:00,9.37,9.37,1.16,9.23,219300000.0,1487800000.0,569300000.0,918500000.0,1487800000.0,,2906600000.0,5003900000.0,,,33300000.0,1278600000.0,2906600000.0,2130600000.0,63400000.0,,1278600000.0,852000000.0,-63400000.0,788600000.0,5037200000.0,158800000.0,158700000.0,161200000.0
Rockwell Automation Inc,ROK,VH3R4HHBHH12O0EXZJ88,1024478,2008.0,FY,2007-10-01,2008-09-30,2010-11-18 11:39:32+00:00,3.94,3.94,1.16,3.89,231300000.0,577600000.0,577600000.0,,577600000.0,,3357100000.0,5697800000.0,,-18500000.0,,1482100000.0,3357100000.0,2340700000.0,68200000.0,,1463600000.0,877100000.0,-68200000.0,808900000.0,5697800000.0,146600000.0,146500000.0,148100000.0
Rockwell Automation Inc,ROK,VH3R4HHBHH12O0EXZJ88,1024478,2008.0,Q3,2008-04-01,2008-06-30,2009-08-04 10:40:25+00:00,1.04,1.04,0.58,1.03,60900000.0,152600000.0,152600000.0,0.0,152600000.0,,869400000.0,1475000000.0,,,2100000.0,377600000.0,869400000.0,607700000.0,16600000.0,,377600000.0,230100000.0,-16600000.0,213500000.0,1477100000.0,146700000.0,146300000.0,148100000.0
Rockwell Automation Inc,ROK,VH3R4HHBHH12O0EXZJ88,1024478,2009.0,Q4,2009-07-01,2009-09-30,,0.21,0.21,,0.2,-100000.0,28900000.0,28900000.0,,28900000.0,,709100000.0,1074400000.0,,7000000.0,2500000.0,316800000.0,709100000.0,367800000.0,15200000.0,,323800000.0,44000000.0,-15200000.0,28800000.0,1076900000.0,141500000.0,141600000.0,142400000.0
Rockwell Automation Inc,ROK,VH3R4HHBHH12O0EXZJ88,1024478,2009.0,FY,2008-10-01,2009-09-30,2011-11-14 13:43:57+00:00,1.56,1.56,1.16,1.55,56000000.0,220700000.0,217900000.0,2800000.0,220700000.0,,2763000000.0,4332500000.0,,6700000.0,,1228000000.0,2763000000.0,1569500000.0,60900000.0,,1234700000.0,334800000.0,-60900000.0,273900000.0,4332500000.0,141500000.0,141600000.0,142400000.0
Rockwell Automation Inc,ROK,VH3R4HHBHH12O0EXZJ88,1024478,2009.0,Q3,2009-04-01,2009-06-30,2010-08-05 11:47:35+00:00,0.23,0.23,0.58,0.23,17400000.0,32800000.0,32800000.0,,32800000.0,,640600000.0,1010800000.0,,-400000.0,,305000000.0,640600000.0,370200000.0,15400000.0,,304600000.0,65600000.0,-15400000.0,50200000.0,1010800000.0,142600000.0,141700000.0,142300000.0
Rockwell Automation Inc,ROK,VH3R4HHBHH12O0EXZJ88,1024478,2009.0,Q3YTD,2008-10-01,2009-06-30,,1.35,1.35,1.16,1.35,56100000.0,191800000.0,189000000.0,2800000.0,191800000.0,,2053900000.0,3258100000.0,,-300000.0,-2500000.0,911200000.0,2053900000.0,1201700000.0,45700000.0,,910900000.0,290800000.0,-45700000.0,245100000.0,3255600000.0,142600000.0,141700000.0,142300000.0
Rockwell Automation Inc,ROK,VH3R4HHBHH12O0EXZJ88,1024478,2009.0,Q2YTD,2008-10-01,2009-03-31,,1.12,1.12,0.58,1.12,38700000.0,159000000.0,156200000.0,2800000.0,159000000.0,,1413300000.0,2247300000.0,,100000.0,-2500000.0,606200000.0,1413300000.0,831500000.0,30300000.0,,606300000.0,225200000.0,-30300000.0,194900000.0,2244800000.0,140000000.0,141500000.0,142000000.0
Rockwell Automation Inc,ROK,VH3R4HHBHH12O0EXZJ88,1024478,2009.0,Q2,2009-01-01,2009-03-31,2010-05-05 15:17:20+00:00,0.29,0.29,0.29,0.29,14800000.0,40600000.0,40600000.0,,40600000.0,,694500000.0,1058100000.0,,100000.0,,292800000.0,694500000.0,363600000.0,15300000.0,,292900000.0,70700000.0,-15300000.0,55400000.0,1058100000.0,140000000.0,141500000.0,142000000.0
Rockwell Automation Inc,ROK,VH3R4HHBHH12O0EXZJ88,1024478,2009.0,Q1,2008-10-01,2008-12-31,2010-02-08 16:05:40+00:00,0.83,0.83,0.29,0.83,23900000.0,118400000.0,115600000.0,2800000.0,118400000.0,,718800000.0,1189200000.0,,,-2500000.0,313400000.0,718800000.0,467900000.0,15000000.0,,313400000.0,154500000.0,-15000000.0,139500000.0,1186700000.0,142700000.0,141600000.0,142100000.0
Rockwell Automation Inc,ROK,VH3R4HHBHH12O0EXZJ88,1024478,2010.0,Q4,2010-07-01,2010-09-30,,0.92,0.92,,0.91,26500000.0,131300000.0,131300000.0,,131300000.0,,827700000.0,1356900000.0,,1900000.0,,354300000.0,827700000.0,529200000.0,15200000.0,,356200000.0,173000000.0,-15200000.0,157800000.0,1356900000.0,142400000.0,142000000.0,144000000.0
Rockwell Automation Inc,ROK,VH3R4HHBHH12O0EXZJ88,1024478,2010.0,FY,2009-10-01,2010-09-30,2012-11-19 16:14:47+00:00,3.26,3.26,1.22,3.22,103800000.0,464300000.0,440400000.0,23900000.0,464300000.0,,2920600000.0,4857000000.0,,8400000.0,,1323300000.0,2920600000.0,1936400000.0,60500000.0,,1331700000.0,604700000.0,-60500000.0,544200000.0,4857000000.0,142400000.0,142000000.0,144000000.0
Rockwell Automation Inc,ROK,VH3R4HHBHH12O0EXZJ88,1024478,2010.0,Q3YTD,2009-10-01,2010-06-30,,2.34,2.34,1.22,2.31,77300000.0,333000000.0,309100000.0,23900000.0,333000000.0,,2092900000.0,3500100000.0,,6500000.0,,969000000.0,2092900000.0,1407200000.0,45300000.0,,975500000.0,431700000.0,-45300000.0,386400000.0,3500100000.0,142100000.0,142000000.0,144300000.0
Rockwell Automation Inc,ROK,VH3R4HHBHH12O0EXZJ88,1024478,2010.0,Q3TTM,2009-07-01,2010-06-30,,2.55,2.55,1.22,2.51,77200000.0,361900000.0,338000000.0,23900000.0,361900000.0,,2802000000.0,4574500000.0,,13500000.0,2500000.0,1285800000.0,2802000000.0,1775000000.0,60500000.0,,1299300000.0,475700000.0,-60500000.0,415200000.0,4577000000.0,142100000.0,142000000.0,144300000.0
Rockwell Automation Inc,ROK,VH3R4HHBHH12O0EXZJ88,1024478,2010.0,Q3,2010-04-01,2010-06-30,2011-08-04 11:34:53+00:00,0.84,0.84,0.64,0.83,36100000.0,119400000.0,119400000.0,,119400000.0,,760800000.0,1268100000.0,,3700000.0,,333300000.0,760800000.0,507300000.0,14800000.0,,337000000.0,170300000.0,-14800000.0,155500000.0,1268100000.0,142100000.0,142000000.0,144300000.0
Rockwell Automation Inc,ROK,VH3R4HHBHH12O0EXZJ88,1024478,2010.0,Q2YTD,2009-10-01,2010-03-31,,1.5,1.5,0.58,1.48,41200000.0,213600000.0,189700000.0,23900000.0,213600000.0,,1332100000.0,2232000000.0,,2800000.0,,635700000.0,1332100000.0,899900000.0,30500000.0,,638500000.0,261400000.0,-30500000.0,230900000.0,2232000000.0,142700000.0,142400000.0,144400000.0
Rockwell Automation Inc,ROK,VH3R4HHBHH12O0EXZJ88,1024478,2010.0,Q2TTM,2009-04-01,2010-03-31,,1.94,1.94,1.16,1.91,58500000.0,275300000.0,251400000.0,23900000.0,275300000.0,,2681800000.0,4317200000.0,,9400000.0,2500000.0,1257500000.0,2681800000.0,1637900000.0,61100000.0,,1266900000.0,371000000.0,-61100000.0,309900000.0,4319700000.0,142700000.0,142400000.0,144400000.0
Rockwell Automation Inc,ROK,VH3R4HHBHH12O0EXZJ88,1024478,2010.0,Q2,2010-01-01,2010-03-31,2011-05-05 12:01:08+00:00,0.96,0.96,0.29,0.95,21700000.0,137000000.0,111900000.0,25100000.0,137000000.0,,691400000.0,1164500000.0,,1200000.0,,323200000.0,691400000.0,473100000.0,15100000.0,,324400000.0,148700000.0,-15100000.0,133600000.0,1164500000.0,142700000.0,142400000.0,144400000.0
Rockwell Automation Inc,ROK,VH3R4HHBHH12O0EXZJ88,1024478,2010.0,Q1TTM,2009-01-01,2009-12-31,,1.27,1.27,1.16,1.25,51600000.0,178900000.0,180100000.0,-1200000.0,178900000.0,,2684900000.0,4210800000.0,,8300000.0,2500000.0,1227100000.0,2684900000.0,1528400000.0,61300000.0,,1235400000.0,293000000.0,-61300000.0,231700000.0,4213300000.0,141900000.0,142000000.0,143700000.0
Rockwell Automation Inc,ROK,VH3R4HHBHH12O0EXZJ88,1024478,2010.0,Q1,2009-10-01,2009-12-31,2011-02-03 11:47:45+00:00,0.54,0.54,0.29,0.53,19500000.0,76600000.0,77800000.0,-1200000.0,76600000.0,,640700000.0,1067500000.0,,1600000.0,,312500000.0,640700000.0,426800000.0,15400000.0,,314100000.0,112700000.0,-15400000.0,97300000.0,1067500000.0,141900000.0,142000000.0,143700000.0
Rockwell Automation Inc,ROK,VH3R4HHBHH12O0EXZJ88,1024478,2011.0,Q4,2011-07-01,2011-09-30,,1.41,1.41,,1.39,54300000.0,201800000.0,201800000.0,,201800000.0,,991100000.0,1654300000.0,,4400000.0,,388100000.0,991100000.0,663200000.0,14600000.0,,392500000.0,270700000.0,-14600000.0,256100000.0,1654300000.0,143000000.0,142700000.0,145200000.0
Rockwell Automation Inc,ROK,VH3R4HHBHH12O0EXZJ88,1024478,2011.0,FY,2010-10-01,2011-09-30,2013-11-18 16:27:01+00:00,4.88,4.88,1.475,4.8,170500000.0,697800000.0,697100000.0,700000.0,697800000.0,,3610000000.0,6000400000.0,,2100000.0,,1461200000.0,3610000000.0,2390400000.0,59500000.0,,1463300000.0,927100000.0,-59500000.0,867600000.0,6000400000.0,143000000.0,142700000.0,145200000.0
Rockwell Automation Inc,ROK,VH3R4HHBHH12O0EXZJ88,1024478,2011.0,Q3YTD,2010-10-01,2011-06-30,,3.47,3.47,1.48,3.41,116200000.0,496000000.0,495300000.0,700000.0,496000000.0,,2618900000.0,4346100000.0,,-2300000.0,,1073100000.0,2618900000.0,1727200000.0,44900000.0,,1070800000.0,656400000.0,-44900000.0,611500000.0,4346100000.0,143600000.0,143400000.0,145900000.0
Rockwell Automation Inc,ROK,VH3R4HHBHH12O0EXZJ88,1024478,2011.0,Q3TTM,2010-07-01,2011-06-30,,4.39,4.39,1.47,4.32,142700000.0,627300000.0,626600000.0,700000.0,627300000.0,,3446600000.0,5703000000.0,,-400000.0,,1427400000.0,3446600000.0,2256400000.0,60100000.0,,1427000000.0,829400000.0,-60100000.0,769300000.0,5703000000.0,143600000.0,143400000.0,145900000.0
Rockwell Automation Inc,ROK,VH3R4HHBHH12O0EXZJ88,1024478,2011.0,Q3,2011-04-01,2011-06-30,2012-08-02 11:24:49+00:00,1.25,1.25,0.775,1.23,42400000.0,179500000.0,178800000.0,700000.0,179500000.0,,909400000.0,1516200000.0,,900000.0,,370000000.0,909400000.0,606800000.0,14700000.0,,370900000.0,235900000.0,-14700000.0,221200000.0,1516200000.0,143600000.0,143400000.0,145900000.0
Rockwell Automation Inc,ROK,VH3R4HHBHH12O0EXZJ88,1024478,2011.0,Q2,2011-01-01,2011-03-31,2012-05-03 10:15:42+00:00,1.16,1.16,0.35,1.14,37200000.0,166400000.0,166400000.0,,166400000.0,,887600000.0,1464100000.0,,1400000.0,,356100000.0,887600000.0,576500000.0,15400000.0,,357500000.0,219000000.0,-15400000.0,203600000.0,1464100000.0,143400000.0,143400000.0,146300000.0
Rockwell Automation Inc,ROK,VH3R4HHBHH12O0EXZJ88,1024478,2011.0,Q2YTD,2010-10-01,2011-03-31,,2.22,2.22,0.7,2.18,73800000.0,316500000.0,316500000.0,,316500000.0,,1709500000.0,2829900000.0,,-3200000.0,,703100000.0,1709500000.0,1120400000.0,30200000.0,,699900000.0,420500000.0,-30200000.0,390300000.0,2829900000.0,143400000.0,143400000.0,146300000.0
Rockwell Automation Inc,ROK,VH3R4HHBHH12O0EXZJ88,1024478,2011.0,Q2TTM,2010-04-01,2011-03-31,,3.98,3.98,1.34,3.92,136400000.0,567200000.0,567200000.0,,567200000.0,,3298000000.0,5454900000.0,,2400000.0,,1390700000.0,3298000000.0,2156900000.0,60200000.0,,1393100000.0,763800000.0,-60200000.0,703600000.0,5454900000.0,143400000.0,143400000.0,146300000.0
Rockwell Automation Inc,ROK,VH3R4HHBHH12O0EXZJ88,1024478,2011.0,Q1,2010-10-01,2010-12-31,2012-02-08 11:31:02+00:00,1.06,1.06,0.35,1.04,36600000.0,150100000.0,150100000.0,,150100000.0,,821900000.0,1365800000.0,,-4600000.0,,347000000.0,821900000.0,543900000.0,14800000.0,,342400000.0,201500000.0,-14800000.0,186700000.0,1365800000.0,141600000.0,141800000.0,144500000.0
Rockwell Automation Inc,ROK,VH3R4HHBHH12O0EXZJ88,1024478,2011.0,Q1TTM,2010-01-01,2010-12-31,,3.78,3.78,1.28,3.73,120900000.0,537800000.0,512700000.0,25100000.0,537800000.0,,3101800000.0,5155300000.0,,2200000.0,,1357800000.0,3101800000.0,2053500000.0,59900000.0,,1360000000.0,693500000.0,-59900000.0,633600000.0,5155300000.0,141600000.0,141800000.0,144500000.0
Rockwell Automation Inc,ROK,VH3R4HHBHH12O0EXZJ88,1024478,2012.0,FY,2011-10-01,2012-09-30,2014-11-18 15:33:33+00:00,5.2,5.2,1.745,5.13,228900000.0,737000000.0,737000000.0,,737000000.0,,3736700000.0,6259400000.0,,5000000.0,,1491700000.0,3736700000.0,2522700000.0,60100000.0,,1496700000.0,1026000000.0,-60100000.0,965900000.0,6259400000.0,141700000.0,141500000.0,143400000.0
Rockwell Automation Inc,ROK,VH3R4HHBHH12O0EXZJ88,1024478,2012.0,Q4,2012-07-01,2012-09-30,,1.39,1.39,,1.37,59700000.0,195200000.0,195200000.0,,195200000.0,,1009800000.0,1664000000.0,,-2000000.0,,386400000.0,1009800000.0,654200000.0,14900000.0,,384400000.0,269800000.0,-14900000.0,254900000.0,1664000000.0,141700000.0,141500000.0,143400000.0
Rockwell Automation Inc,ROK,VH3R4HHBHH12O0EXZJ88,1024478,2012.0,Q3,2012-04-01,2012-06-30,2013-08-07 11:04:41+00:00,1.34,1.34,0.895,1.33,54100000.0,190700000.0,190700000.0,,190700000.0,,928900000.0,1560400000.0,,1700000.0,,369800000.0,928900000.0,631500000.0,15200000.0,,371500000.0,260000000.0,-15200000.0,244800000.0,1560400000.0,142300000.0,141700000.0,143500000.0
Rockwell Automation Inc,ROK,VH3R4HHBHH12O0EXZJ88,1024478,2012.0,Q3YTD,2011-10-01,2012-06-30,,3.81,3.81,1.75,3.76,169200000.0,541800000.0,541800000.0,,541800000.0,,2726900000.0,4595400000.0,,7000000.0,,1105300000.0,2726900000.0,1868500000.0,45200000.0,,1112300000.0,756200000.0,-45200000.0,711000000.0,4595400000.0,142300000.0,141700000.0,143500000.0
Rockwell Automation Inc,ROK,VH3R4HHBHH12O0EXZJ88,1024478,2012.0,Q3TTM,2011-07-01,2012-06-30,,5.22,5.22,1.75,5.15,223500000.0,743600000.0,743600000.0,,743600000.0,,3718000000.0,6249700000.0,,11400000.0,,1493400000.0,3718000000.0,2531700000.0,59800000.0,,1504800000.0,1026900000.0,-59800000.0,967100000.0,6249700000.0,142300000.0,141700000.0,143500000.0
Rockwell Automation Inc,ROK,VH3R4HHBHH12O0EXZJ88,1024478,2012.0,Q2YTD,2011-10-01,2012-03-31,,2.47,2.47,0.85,2.43,115100000.0,351100000.0,351100000.0,,351100000.0,,1798000000.0,3035000000.0,,5300000.0,,735500000.0,1798000000.0,1237000000.0,30000000.0,,740800000.0,496200000.0,-30000000.0,466200000.0,3035000000.0,142200000.0,142500000.0,144700000.0
Rockwell Automation Inc,ROK,VH3R4HHBHH12O0EXZJ88,1024478,2012.0,Q2TTM,2011-04-01,2012-03-31,,5.13,5.13,1.63,5.05,211800000.0,732400000.0,731700000.0,700000.0,732400000.0,,3698500000.0,6205500000.0,,10600000.0,,1493600000.0,3698500000.0,2507000000.0,59300000.0,,1504200000.0,1002800000.0,-59300000.0,943500000.0,6205500000.0,142200000.0,142500000.0,144700000.0
Rockwell Automation Inc,ROK,VH3R4HHBHH12O0EXZJ88,1024478,2012.0,Q2,2012-01-01,2012-03-31,2013-05-02 12:07:16+00:00,1.18,1.18,0.425,1.16,55500000.0,167800000.0,167800000.0,,167800000.0,,942800000.0,1561100000.0,,6900000.0,,373100000.0,942800000.0,618300000.0,15000000.0,,380000000.0,238300000.0,-15000000.0,223300000.0,1561100000.0,142200000.0,142500000.0,144700000.0
Rockwell Automation Inc,ROK,VH3R4HHBHH12O0EXZJ88,1024478,2012.0,Q1TTM,2011-01-01,2011-12-31,,5.11,5.11,1.55,5.03,193500000.0,731000000.0,730300000.0,700000.0,731000000.0,,3643300000.0,6108500000.0,,5100000.0,,1476600000.0,3643300000.0,2465200000.0,59700000.0,,1481700000.0,983500000.0,-59700000.0,923800000.0,6108500000.0,142100000.0,141800000.0,143900000.0
Rockwell Automation Inc,ROK,VH3R4HHBHH12O0EXZJ88,1024478,2012.0,Q1,2011-10-01,2011-12-31,2013-02-06 11:51:58+00:00,1.29,1.29,0.425,1.27,59600000.0,183300000.0,183300000.0,,183300000.0,,855200000.0,1473900000.0,,-1600000.0,,362400000.0,855200000.0,618700000.0,15000000.0,,360800000.0,257900000.0,-15000000.0,242900000.0,1473900000.0,142100000.0,141800000.0,143900000.0
Rockwell Automation Inc,ROK,VH3R4HHBHH12O0EXZJ88,1024478,2013.0,FY,2012-10-01,2013-09-30,2015-11-17 12:43:45+00:00,5.43,5.43,1.98,5.36,224600000.0,756300000.0,756300000.0,,756300000.0,,3778100000.0,6351900000.0,,-5700000.0,,1537700000.0,3778100000.0,2573800000.0,60900000.0,,1532000000.0,1041800000.0,-60900000.0,980900000.0,6351900000.0,139300000.0,139200000.0,140900000.0
Rockwell Automation Inc,ROK,VH3R4HHBHH12O0EXZJ88,1024478,2013.0,Q4,2013-07-01,2013-09-30,,1.56,1.56,,1.53,63900000.0,215300000.0,215300000.0,,215300000.0,,1018500000.0,1715700000.0,,-600000.0,,403700000.0,1018500000.0,697200000.0,14900000.0,,403100000.0,294100000.0,-14900000.0,279200000.0,1715700000.0,139300000.0,139200000.0,140900000.0
Rockwell Automation Inc,ROK,VH3R4HHBHH12O0EXZJ88,1024478,2013.0,Q3YTD,2012-10-01,2013-06-30,,3.87,3.87,1.98,3.83,160700000.0,541000000.0,541000000.0,,541000000.0,,2759600000.0,4636200000.0,,-5100000.0,,1134000000.0,2759600000.0,1876600000.0,46000000.0,,1128900000.0,747700000.0,-46000000.0,701700000.0,4636200000.0,139500000.0,138900000.0,140400000.0
Rockwell Automation Inc,ROK,VH3R4HHBHH12O0EXZJ88,1024478,2013.0,Q3TTM,2012-07-01,2013-06-30,,5.26,5.26,1.98,5.2,220400000.0,736200000.0,736200000.0,,736200000.0,,3769400000.0,6300200000.0,,-7100000.0,,1520400000.0,3769400000.0,2530800000.0,60900000.0,,1513300000.0,1017500000.0,-60900000.0,956600000.0,6300200000.0,139500000.0,138900000.0,140400000.0
Rockwell Automation Inc,ROK,VH3R4HHBHH12O0EXZJ88,1024478,2013.0,Q3,2013-04-01,2013-06-30,2014-08-05 15:32:36+00:00,1.46,1.46,1.04,1.45,53700000.0,203700000.0,203700000.0,,203700000.0,,971300000.0,1624200000.0,,-3500000.0,,383700000.0,971300000.0,652900000.0,15300000.0,,380200000.0,272700000.0,-15300000.0,257400000.0,1624200000.0,139500000.0,138900000.0,140400000.0
Rockwell Automation Inc,ROK,VH3R4HHBHH12O0EXZJ88,1024478,2013.0,Q2YTD,2012-10-01,2013-03-31,,2.41,2.41,0.94,2.38,107000000.0,337300000.0,337300000.0,,337300000.0,,1788300000.0,3012000000.0,,-1600000.0,,750300000.0,1788300000.0,1223700000.0,30700000.0,,748700000.0,475000000.0,-30700000.0,444300000.0,3012000000.0,140700000.0,140000000.0,141800000.0
Rockwell Automation Inc,ROK,VH3R4HHBHH12O0EXZJ88,1024478,2013.0,Q2TTM,2012-04-01,2013-03-31,,5.14,5.14,1.83,5.08,220800000.0,723200000.0,723200000.0,,723200000.0,,3727000000.0,6236400000.0,,-1900000.0,,1506500000.0,3727000000.0,2509400000.0,60800000.0,,1504600000.0,1004800000.0,-60800000.0,944000000.0,6236400000.0,140700000.0,140000000.0,141800000.0
Rockwell Automation Inc,ROK,VH3R4HHBHH12O0EXZJ88,1024478,2013.0,Q2,2013-01-01,2013-03-31,2014-05-05 12:56:05+00:00,1.25,1.25,0.47,1.24,51200000.0,175900000.0,175900000.0,,175900000.0,,906400000.0,1522800000.0,,-2800000.0,,376800000.0,906400000.0,616400000.0,15300000.0,,374000000.0,242400000.0,-15300000.0,227100000.0,1522800000.0,140700000.0,140000000.0,141800000.0
Rockwell Automation Inc,ROK,VH3R4HHBHH12O0EXZJ88,1024478,2013.0,Q1TTM,2012-01-01,2012-12-31,,5.07,5.07,1.79,5.0,225100000.0,715100000.0,715100000.0,,715100000.0,,3763400000.0,6274700000.0,,7800000.0,,1502800000.0,3763400000.0,2511300000.0,60500000.0,,1510600000.0,1000700000.0,-60500000.0,940200000.0,6274700000.0,139100000.0,139300000.0,141200000.0
Rockwell Automation Inc,ROK,VH3R4HHBHH12O0EXZJ88,1024478,2013.0,Q1,2012-10-01,2012-12-31,2014-02-06 10:58:12+00:00,1.16,1.16,0.47,1.14,55800000.0,161400000.0,161400000.0,,161400000.0,,881900000.0,1489200000.0,,1200000.0,,373500000.0,881900000.0,607300000.0,15400000.0,,374700000.0,232600000.0,-15400000.0,217200000.0,1489200000.0,139100000.0,139300000.0,141200000.0
Rockwell Automation Inc,ROK,VH3R4HHBHH12O0EXZJ88,1024478,2014.0,FY,2013-10-01,2014-09-30,2016-11-15 13:03:41+00:00,5.98,5.98,2.32,5.91,307400000.0,826800000.0,826800000.0,,826800000.0,,3869600000.0,6623500000.0,,-9700000.0,,1570100000.0,3869600000.0,2753900000.0,59300000.0,,1560400000.0,1193500000.0,-59300000.0,1134200000.0,6623500000.0,138300000.0,138000000.0,139700000.0
Rockwell Automation Inc,ROK,VH3R4HHBHH12O0EXZJ88,1024478,2014.0,Q4,2014-07-01,2014-09-30,,1.81,1.81,,1.79,90300000.0,248700000.0,248700000.0,,248700000.0,,1028900000.0,1781800000.0,,1100000.0,,397800000.0,1028900000.0,752900000.0,15000000.0,,398900000.0,354000000.0,-15000000.0,339000000.0,1781800000.0,138300000.0,138000000.0,139700000.0
Rockwell Automation Inc,ROK,VH3R4HHBHH12O0EXZJ88,1024478,2014.0,Q3YTD,2013-10-01,2014-06-30,,4.17,4.17,2.32,4.12,217100000.0,578100000.0,578100000.0,,578100000.0,,2840700000.0,4841700000.0,,-10800000.0,,1172300000.0,2840700000.0,2001000000.0,44300000.0,,1161500000.0,839500000.0,-44300000.0,795200000.0,4841700000.0,138700000.0,138000000.0,139600000.0
Rockwell Automation Inc,ROK,VH3R4HHBHH12O0EXZJ88,1024478,2014.0,Q3TTM,2013-07-01,2014-06-30,,5.73,5.73,2.32,5.65,281000000.0,793400000.0,793400000.0,,793400000.0,,3859200000.0,6557400000.0,,-11400000.0,,1576000000.0,3859200000.0,2698200000.0,59200000.0,,1564600000.0,1133600000.0,-59200000.0,1074400000.0,6557400000.0,138700000.0,138000000.0,139600000.0
Rockwell Automation Inc,ROK,VH3R4HHBHH12O0EXZJ88,1024478,2014.0,Q3,2014-04-01,2014-06-30,2015-08-04 12:53:22+00:00,1.44,1.44,1.16,1.43,74300000.0,199700000.0,199700000.0,,199700000.0,,968000000.0,1649500000.0,,-1300000.0,,394400000.0,968000000.0,681500000.0,14400000.0,,393100000.0,288400000.0,-14400000.0,274000000.0,1649500000.0,138700000.0,138000000.0,139600000.0
Rockwell Automation Inc,ROK,VH3R4HHBHH12O0EXZJ88,1024478,2014.0,Q2YTD,2013-10-01,2014-03-31,,2.73,2.73,1.16,2.69,142800000.0,378400000.0,378400000.0,,378400000.0,,1872700000.0,3192200000.0,,-9500000.0,,777900000.0,1872700000.0,1319500000.0,29900000.0,,768400000.0,551100000.0,-29900000.0,521200000.0,3192200000.0,138700000.0,138500000.0,140200000.0
Rockwell Automation Inc,ROK,VH3R4HHBHH12O0EXZJ88,1024478,2014.0,Q2TTM,2013-04-01,2014-03-31,,5.75,5.75,2.2,5.67,260400000.0,797400000.0,797400000.0,,797400000.0,,3862500000.0,6532100000.0,,-13600000.0,,1565300000.0,3862500000.0,2669600000.0,60100000.0,,1551700000.0,1117900000.0,-60100000.0,1057800000.0,6532100000.0,138700000.0,138500000.0,140200000.0
Rockwell Automation Inc,ROK,VH3R4HHBHH12O0EXZJ88,1024478,2014.0,Q2,2014-01-01,2014-03-31,2015-05-06 14:00:26+00:00,1.3,1.3,0.58,1.28,68100000.0,180300000.0,180300000.0,,180300000.0,,944700000.0,1600500000.0,,-100000.0,,392500000.0,944700000.0,655800000.0,15000000.0,,392400000.0,263400000.0,-15000000.0,248400000.0,1600500000.0,138700000.0,138500000.0,140200000.0
Rockwell Automation Inc,ROK,VH3R4HHBHH12O0EXZJ88,1024478,2014.0,Q1TTM,2013-01-01,2013-12-31,,5.7,5.7,2.09,5.63,243500000.0,793000000.0,793000000.0,,793000000.0,,3824200000.0,6454400000.0,,-16300000.0,,1549600000.0,3824200000.0,2630200000.0,60400000.0,,1533300000.0,1096900000.0,-60400000.0,1036500000.0,6454400000.0,138500000.0,138600000.0,140400000.0
Rockwell Automation Inc,ROK,VH3R4HHBHH12O0EXZJ88,1024478,2014.0,Q1,2013-10-01,2013-12-31,2015-02-05 14:45:29+00:00,1.43,1.43,0.58,1.41,74700000.0,198100000.0,198100000.0,,198100000.0,,928000000.0,1591700000.0,,-9400000.0,,385400000.0,928000000.0,663700000.0,14900000.0,,376000000.0,287700000.0,-14900000.0,272800000.0,1591700000.0,138500000.0,138600000.0,140400000.0
Rockwell Automation Inc,ROK,VH3R4HHBHH12O0EXZJ88,1024478,2015.0,FY,2014-10-01,2015-09-30,2017-11-15 11:51:58+00:00,6.15,6.15,2.6,6.09,299900000.0,827600000.0,827600000.0,,827600000.0,,3604800000.0,6307900000.0,,5500000.0,,1506400000.0,3604800000.0,2703100000.0,63700000.0,,1511900000.0,1191200000.0,-63700000.0,1127500000.0,6307900000.0,134600000.0,134500000.0,135700000.0
Rockwell Automation Inc,ROK,VH3R4HHBHH12O0EXZJ88,1024478,2015.0,Q4,2015-07-01,2015-09-30,,1.51,1.51,,1.5,77600000.0,201300000.0,201300000.0,,201300000.0,,943300000.0,1607500000.0,,7900000.0,,360700000.0,943300000.0,664200000.0,16700000.0,,368600000.0,295600000.0,-16700000.0,278900000.0,1607500000.0,134600000.0,134500000.0,135700000.0
Rockwell Automation Inc,ROK,VH3R4HHBHH12O0EXZJ88,1024478,2015.0,Q3,2015-04-01,2015-06-30,2016-08-03 12:37:57+00:00,1.53,1.53,1.3,1.52,78500000.0,206100000.0,206100000.0,,206100000.0,,897000000.0,1575200000.0,,800000.0,,376400000.0,897000000.0,678200000.0,16400000.0,,377200000.0,301000000.0,-16400000.0,284600000.0,1575200000.0,134700000.0,134300000.0,135500000.0
Rockwell Automation Inc,ROK,VH3R4HHBHH12O0EXZJ88,1024478,2015.0,Q3YTD,2014-10-01,2015-06-30,,4.64,4.64,2.6,4.59,222300000.0,626300000.0,626300000.0,,626300000.0,,2661500000.0,4700400000.0,,-2400000.0,,1145700000.0,2661500000.0,2038900000.0,47000000.0,,1143300000.0,895600000.0,-47000000.0,848600000.0,4700400000.0,134700000.0,134300000.0,135500000.0
Rockwell Automation Inc,ROK,VH3R4HHBHH12O0EXZJ88,1024478,2015.0,Q3TTM,2014-07-01,2015-06-30,,6.45,6.45,2.6,6.38,312600000.0,875000000.0,875000000.0,,875000000.0,,3690400000.0,6482200000.0,,-1300000.0,,1543500000.0,3690400000.0,2791800000.0,62000000.0,,1542200000.0,1249600000.0,-62000000.0,1187600000.0,6482200000.0,134700000.0,134300000.0,135500000.0
Rockwell Automation Inc,ROK,VH3R4HHBHH12O0EXZJ88,1024478,2015.0,Q2,2015-01-01,2015-03-31,2016-05-04 11:43:39+00:00,1.53,1.53,0.65,1.51,70500000.0,206000000.0,206000000.0,,206000000.0,,877600000.0,1550800000.0,,-1400000.0,,382400000.0,877600000.0,673200000.0,15700000.0,,381000000.0,292200000.0,-15700000.0,276500000.0,1550800000.0,134600000.0,134900000.0,136000000.0
Rockwell Automation Inc,ROK,VH3R4HHBHH12O0EXZJ88,1024478,2015.0,Q2YTD,2014-10-01,2015-03-31,,3.11,3.11,1.3,3.07,143800000.0,420200000.0,420200000.0,,420200000.0,,1764500000.0,3125200000.0,,-3200000.0,,769300000.0,1764500000.0,1360700000.0,30600000.0,,766100000.0,594600000.0,-30600000.0,564000000.0,3125200000.0,134600000.0,134900000.0,136000000.0
Rockwell Automation Inc,ROK,VH3R4HHBHH12O0EXZJ88,1024478,2015.0,Q2TTM,2014-04-01,2015-03-31,,6.36,6.36,2.46,6.29,308400000.0,868600000.0,868600000.0,,868600000.0,,3761400000.0,6556500000.0,,-3400000.0,,1561500000.0,3761400000.0,2795100000.0,60000000.0,,1558100000.0,1237000000.0,-60000000.0,1177000000.0,6556500000.0,134600000.0,134900000.0,136000000.0
Rockwell Automation Inc,ROK,VH3R4HHBHH12O0EXZJ88,1024478,2015.0,Q1,2014-10-01,2014-12-31,2016-02-03 12:07:03+00:00,1.58,1.58,0.65,1.56,73300000.0,214200000.0,214200000.0,,214200000.0,,886900000.0,1574400000.0,,-1800000.0,,386900000.0,886900000.0,687500000.0,14900000.0,,385100000.0,302400000.0,-14900000.0,287500000.0,1574400000.0,135600000.0,135600000.0,136900000.0
Rockwell Automation Inc,ROK,VH3R4HHBHH12O0EXZJ88,1024478,2015.0,Q1TTM,2014-01-01,2014-12-31,,6.13,6.13,2.39,6.06,306000000.0,842900000.0,842900000.0,,842900000.0,,3828500000.0,6606200000.0,,-2100000.0,,1571600000.0,3828500000.0,2777700000.0,59300000.0,,1569500000.0,1208200000.0,-59300000.0,1148900000.0,6606200000.0,135600000.0,135600000.0,136900000.0
Rockwell Automation Inc,ROK,VH3R4HHBHH12O0EXZJ88,1024478,2016.0,FY,2015-10-01,2016-09-30,2018-11-09 12:00:41+00:00,5.6,5.6,2.9,5.56,213400000.0,729700000.0,729700000.0,,729700000.0,,3404000000.0,5879500000.0,,-6300000.0,,1467400000.0,3404000000.0,2475500000.0,71300000.0,,1461100000.0,1014400000.0,-71300000.0,943100000.0,5879500000.0,130300000.0,130200000.0,131100000.0
Rockwell Automation Inc,ROK,VH3R4HHBHH12O0EXZJ88,1024478,2016.0,Q4,2016-07-01,2016-09-30,,1.43,1.43,,1.42,51700000.0,185200000.0,185200000.0,,185200000.0,,886700000.0,1538600000.0,,-5300000.0,,402100000.0,886700000.0,651900000.0,18200000.0,,396800000.0,255100000.0,-18200000.0,236900000.0,1538600000.0,130300000.0,130200000.0,131100000.0
Rockwell Automation Inc,ROK,VH3R4HHBHH12O0EXZJ88,1024478,2016.0,Q3,2016-04-01,2016-06-30,2017-08-02 12:40:08+00:00,1.47,1.47,1.45,1.46,61300000.0,191000000.0,191000000.0,,191000000.0,,857200000.0,1474000000.0,,-300000.0,,346700000.0,857200000.0,616800000.0,18100000.0,,346400000.0,270400000.0,-18100000.0,252300000.0,1474000000.0,129900000.0,129800000.0,130800000.0
Rockwell Automation Inc,ROK,VH3R4HHBHH12O0EXZJ88,1024478,2016.0,Q3YTD,2015-10-01,2016-06-30,,4.17,4.17,2.9,4.14,161700000.0,544500000.0,544500000.0,,544500000.0,,2517300000.0,4340900000.0,,-1000000.0,,1065300000.0,2517300000.0,1823600000.0,53100000.0,,1064300000.0,759300000.0,-53100000.0,706200000.0,4340900000.0,129900000.0,129800000.0,130800000.0
Rockwell Automation Inc,ROK,VH3R4HHBHH12O0EXZJ88,1024478,2016.0,Q3TTM,2015-07-01,2016-06-30,,5.68,5.68,2.9,5.64,239300000.0,745800000.0,745800000.0,,745800000.0,,3460600000.0,5948400000.0,,6900000.0,,1426000000.0,3460600000.0,2487800000.0,69800000.0,,1432900000.0,1054900000.0,-69800000.0,985100000.0,5948400000.0,129900000.0,129800000.0,130800000.0
Rockwell Automation Inc,ROK,VH3R4HHBHH12O0EXZJ88,1024478,2016.0,Q2,2016-01-01,2016-03-31,2017-05-05 14:32:08+00:00,1.29,1.29,0.725,1.28,49000000.0,168000000.0,168000000.0,,168000000.0,,846200000.0,1440300000.0,,800000.0,,358700000.0,846200000.0,594100000.0,17600000.0,,359500000.0,234600000.0,-17600000.0,217000000.0,1440300000.0,130200000.0,130500000.0,131300000.0
Rockwell Automation Inc,ROK,VH3R4HHBHH12O0EXZJ88,1024478,2016.0,Q2YTD,2015-10-01,2016-03-31,,2.7,2.7,1.45,2.68,100400000.0,353500000.0,353500000.0,,353500000.0,,1660100000.0,2866900000.0,,-700000.0,,718600000.0,1660100000.0,1206800000.0,35000000.0,,717900000.0,488900000.0,-35000000.0,453900000.0,2866900000.0,130200000.0,130500000.0,131300000.0
Rockwell Automation Inc,ROK,VH3R4HHBHH12O0EXZJ88,1024478,2016.0,Q2TTM,2015-04-01,2016-03-31,,5.74,5.74,2.75,5.7,256500000.0,760900000.0,760900000.0,,760900000.0,,3500400000.0,6049600000.0,,8000000.0,,1455700000.0,3500400000.0,2549200000.0,68100000.0,,1463700000.0,1085500000.0,-68100000.0,1017400000.0,6049600000.0,130200000.0,130500000.0,131300000.0
Rockwell Automation Inc,ROK,VH3R4HHBHH12O0EXZJ88,1024478,2016.0,Q1,2015-10-01,2015-12-31,2017-02-02 13:39:32+00:00,1.41,1.41,0.725,1.4,51400000.0,185500000.0,185500000.0,,185500000.0,,813900000.0,1426600000.0,,-1500000.0,,359900000.0,813900000.0,612700000.0,17400000.0,,358400000.0,254300000.0,-17400000.0,236900000.0,1426600000.0,131600000.0,131800000.0,132600000.0
Rockwell Automation Inc,ROK,VH3R4HHBHH12O0EXZJ88,1024478,2016.0,Q1TTM,2015-01-01,2015-12-31,,5.98,5.98,2.68,5.93,278000000.0,798900000.0,798900000.0,,798900000.0,,3531800000.0,6160100000.0,,5800000.0,,1479400000.0,3531800000.0,2628300000.0,66200000.0,,1485200000.0,1143100000.0,-66200000.0,1076900000.0,6160100000.0,131600000.0,131800000.0,132600000.0
Rockwell Automation Inc,ROK,VH3R4HHBHH12O0EXZJ88,1024478,2017.0,FY,2016-10-01,2017-09-30,2019-11-12 10:58:12+00:00,6.42,6.42,3.04,6.35,211700000.0,825700000.0,825700000.0,,825700000.0,,3643400000.0,6311300000.0,,-3300000.0,,1557600000.0,3643400000.0,2667900000.0,76200000.0,,1554300000.0,1113600000.0,-76200000.0,1037400000.0,6311300000.0,128600000.0,128400000.0,129900000.0
Rockwell Automation Inc,ROK,VH3R4HHBHH12O0EXZJ88,1024478,2017.0,Q4,2017-07-01,2017-09-30,,1.59,1.59,,1.58,68900000.0,204600000.0,204600000.0,,204600000.0,,976100000.0,1667500000.0,,6800000.0,,391600000.0,976100000.0,691400000.0,19500000.0,,398400000.0,293000000.0,-19500000.0,273500000.0,1667500000.0,128600000.0,128400000.0,129900000.0
Rockwell Automation Inc,ROK,VH3R4HHBHH12O0EXZJ88,1024478,2017.0,Q3,2017-04-01,2017-06-30,2018-07-27 09:17:36+00:00,1.69,1.69,1.52,1.67,59100000.0,216900000.0,216900000.0,,216900000.0,,921500000.0,1599200000.0,,-4200000.0,,386800000.0,921500000.0,677700000.0,19100000.0,,382600000.0,295100000.0,-19100000.0,276000000.0,1599200000.0,128300000.0,128400000.0,129900000.0
Rockwell Automation Inc,ROK,VH3R4HHBHH12O0EXZJ88,1024478,2017.0,Q3YTD,2016-10-01,2017-06-30,,4.83,4.83,3.04,4.77,142800000.0,621100000.0,621100000.0,,621100000.0,,2667300000.0,4643800000.0,,-10100000.0,,1166000000.0,2667300000.0,1976500000.0,56700000.0,,1155900000.0,820600000.0,-56700000.0,763900000.0,4643800000.0,128300000.0,128400000.0,129900000.0
Rockwell Automation Inc,ROK,VH3R4HHBHH12O0EXZJ88,1024478,2017.0,Q3TTM,2016-07-01,2017-06-30,,6.26,6.26,3.04,6.19,194500000.0,806300000.0,806300000.0,,806300000.0,,3554000000.0,6182400000.0,,-15400000.0,,1568100000.0,3554000000.0,2628400000.0,74900000.0,,1552700000.0,1075700000.0,-74900000.0,1000800000.0,6182400000.0,128300000.0,128400000.0,129900000.0
Rockwell Automation Inc,ROK,VH3R4HHBHH12O0EXZJ88,1024478,2017.0,Q2,2017-01-01,2017-03-31,2018-05-02 11:49:15+00:00,1.47,1.47,0.76,1.45,40800000.0,189500000.0,189500000.0,,189500000.0,,897800000.0,1554300000.0,,-1900000.0,,409200000.0,897800000.0,656500000.0,18900000.0,,407300000.0,249200000.0,-18900000.0,230300000.0,1554300000.0,128900000.0,128700000.0,130300000.0
Rockwell Automation Inc,ROK,VH3R4HHBHH12O0EXZJ88,1024478,2017.0,Q2YTD,2016-10-01,2017-03-31,,3.14,3.14,1.52,3.1,83700000.0,404200000.0,404200000.0,,404200000.0,,1745800000.0,3044600000.0,,-5900000.0,,779200000.0,1745800000.0,1298800000.0,37600000.0,,773300000.0,525500000.0,-37600000.0,487900000.0,3044600000.0,128900000.0,128700000.0,130300000.0
Rockwell Automation Inc,ROK,VH3R4HHBHH12O0EXZJ88,1024478,2017.0,Q2TTM,2016-04-01,2017-03-31,,6.04,6.04,2.97,5.98,196700000.0,780400000.0,780400000.0,,780400000.0,,3489700000.0,6057200000.0,,-11500000.0,,1528000000.0,3489700000.0,2567500000.0,73900000.0,,1516500000.0,1051000000.0,-73900000.0,977100000.0,6057200000.0,128900000.0,128700000.0,130300000.0
Rockwell Automation Inc,ROK,VH3R4HHBHH12O0EXZJ88,1024478,2017.0,Q1,2016-10-01,2016-12-31,2018-01-31 16:02:22+00:00,1.67,1.67,0.76,1.65,42900000.0,214700000.0,214700000.0,,214700000.0,,848000000.0,1490300000.0,,-4000000.0,,370000000.0,848000000.0,642300000.0,18700000.0,,366000000.0,276300000.0,-18700000.0,257600000.0,1490300000.0,128600000.0,128300000.0,129700000.0
Rockwell Automation Inc,ROK,VH3R4HHBHH12O0EXZJ88,1024478,2017.0,Q1TTM,2016-01-01,2016-12-31,,5.86,5.86,2.94,5.81,204900000.0,758900000.0,758900000.0,,758900000.0,,3438100000.0,5943200000.0,,-8800000.0,,1477500000.0,3438100000.0,2505100000.0,72600000.0,,1468700000.0,1036400000.0,-72600000.0,963800000.0,5943200000.0,128600000.0,128300000.0,129700000.0
Rockwell Automation Inc,ROK,VH3R4HHBHH12O0EXZJ88,1024478,2018.0,FY,2017-10-01,2018-09-30,2019-11-12 10:58:12+00:00,4.27,4.27,3.51,4.21,795300000.0,535500000.0,535500000.0,,535500000.0,,3781100000.0,6666000000.0,,-106800000.0,,1587900000.0,3781100000.0,2884900000.0,73000000.0,,1481100000.0,1403800000.0,-73000000.0,1330800000.0,6666000000.0,125400000.0,125400000.0,126900000.0
Rockwell Automation Inc,ROK,VH3R4HHBHH12O0EXZJ88,1024478,2018.0,Q4,2018-07-01,2018-09-30,,2.72,2.72,,2.7,135800000.0,345900000.0,345900000.0,,345900000.0,,993400000.0,1729500000.0,,-179900000.0,,415100000.0,993400000.0,736100000.0,19200000.0,,235200000.0,500900000.0,-19200000.0,481700000.0,1729500000.0,125400000.0,125400000.0,126900000.0
Rockwell Automation Inc,ROK,VH3R4HHBHH12O0EXZJ88,1024478,2018.0,Q3,2018-04-01,2018-06-30,2019-07-25 13:30:49+00:00,1.6,1.6,1.84,1.58,53100000.0,198600000.0,198600000.0,,198600000.0,,954000000.0,1698700000.0,,76900000.0,,399600000.0,954000000.0,744700000.0,16500000.0,,476500000.0,268200000.0,-16500000.0,251700000.0,1698700000.0,124100000.0,124400000.0,125800000.0
Rockwell Automation Inc,ROK,VH3R4HHBHH12O0EXZJ88,1024478,2018.0,Q3YTD,2017-10-01,2018-06-30,,1.55,1.55,3.51,1.51,659500000.0,189600000.0,189600000.0,,189600000.0,,2787700000.0,4936500000.0,,73100000.0,,1172800000.0,2787700000.0,2148800000.0,53800000.0,,1245900000.0,902900000.0,-53800000.0,849100000.0,4936500000.0,124100000.0,124400000.0,125800000.0
Rockwell Automation Inc,ROK,VH3R4HHBHH12O0EXZJ88,1024478,2018.0,Q3TTM,2017-07-01,2018-06-30,,3.14,3.14,3.51,3.09,728400000.0,394200000.0,394200000.0,,394200000.0,,3763800000.0,6604000000.0,,79900000.0,,1564400000.0,3763800000.0,2840200000.0,73300000.0,,1644300000.0,1195900000.0,-73300000.0,1122600000.0,6604000000.0,124100000.0,124400000.0,125800000.0
Rockwell Automation Inc,ROK,VH3R4HHBHH12O0EXZJ88,1024478,2018.0,Q2,2018-01-01,2018-03-31,2019-04-25 13:05:20+00:00,1.79,1.79,0.835,1.77,72200000.0,227400000.0,227400000.0,,227400000.0,,947300000.0,1651200000.0,,400000.0,,386600000.0,947300000.0,703900000.0,17300000.0,,387000000.0,316900000.0,-17300000.0,299600000.0,1651200000.0,127000000.0,126900000.0,128500000.0
Rockwell Automation Inc,ROK,VH3R4HHBHH12O0EXZJ88,1024478,2018.0,Q2YTD,2017-10-01,2018-03-31,,-0.05,-0.05,1.67,-0.07,606400000.0,-9000000.0,-9000000.0,,-9000000.0,,1833700000.0,3237800000.0,,-3800000.0,,773200000.0,1833700000.0,1404100000.0,37300000.0,,769400000.0,634700000.0,-37300000.0,597400000.0,3237800000.0,127000000.0,126900000.0,128500000.0
Rockwell Automation Inc,ROK,VH3R4HHBHH12O0EXZJ88,1024478,2018.0,Q2TTM,2017-04-01,2018-03-31,,3.23,3.23,3.19,3.18,734400000.0,412500000.0,412500000.0,,412500000.0,,3731300000.0,6504500000.0,,-1200000.0,,1551600000.0,3731300000.0,2773200000.0,75900000.0,,1550400000.0,1222800000.0,-75900000.0,1146900000.0,6504500000.0,127000000.0,126900000.0,128500000.0
Rockwell Automation Inc,ROK,VH3R4HHBHH12O0EXZJ88,1024478,2018.0,Q1,2017-10-01,2017-12-31,2019-01-31 13:01:51+00:00,-1.84,-1.84,0.835,-1.84,534200000.0,-236400000.0,-236400000.0,,-236400000.0,,886400000.0,1586600000.0,,-4200000.0,,386600000.0,886400000.0,700200000.0,20000000.0,,382400000.0,317800000.0,-20000000.0,297800000.0,1586600000.0,128500000.0,128200000.0,128200000.0
Rockwell Automation Inc,ROK,VH3R4HHBHH12O0EXZJ88,1024478,2018.0,Q1TTM,2017-01-01,2017-12-31,,2.91,2.91,3.12,2.86,703000000.0,374600000.0,374600000.0,,374600000.0,,3681800000.0,6407600000.0,,-3500000.0,,1574200000.0,3681800000.0,2725800000.0,77500000.0,,1570700000.0,1155100000.0,-77500000.0,1077600000.0,6407600000.0,128500000.0,128200000.0,128200000.0
Rockwell Automation Inc,ROK,VH3R4HHBHH12O0EXZJ88,1024478,2019.0,Q4,2019-07-01,2019-09-30,,0.08,0.08,0.97,0.09,48300000.0,8100000.0,8100000.0,,8100000.0,,-845300000.0,-1569300000.0,1446900000.0,348900000.0,,405100000.0,-845300000.0,-724000000.0,27000000.0,114500000.0,754000000.0,-1478000000.0,1534400000.0,56400000.0,-1569300000.0,118300000.0,118300000.0,119300000.0
Rockwell Automation Inc,ROK,VH3R4HHBHH12O0EXZJ88,1024478,2019.0,FY,2018-10-01,2019-09-30,2019-11-12 10:58:12+00:00,5.88,5.88,3.88,5.83,205200000.0,695800000.0,695800000.0,,695800000.0,,3794700000.0,6694800000.0,,362400000.0,,1538500000.0,3794700000.0,2900100000.0,98200000.0,,1900900000.0,999200000.0,-98200000.0,901000000.0,6694800000.0,118300000.0,118300000.0,119300000.0
Rockwell Automation Inc,ROK,VH3R4HHBHH12O0EXZJ88,1024478,2019.0,Q3YTD,2018-10-01,2019-06-30,,5.8,5.8,2.91,5.74,156900000.0,687700000.0,687700000.0,,687700000.0,,4640000000.0,8264100000.0,-1446900000.0,13500000.0,,1133400000.0,4640000000.0,3624100000.0,71200000.0,-114500000.0,1146900000.0,2477200000.0,-1632600000.0,844600000.0,8264100000.0,117700000.0,117600000.0,118600000.0
Rockwell Automation Inc,ROK,VH3R4HHBHH12O0EXZJ88,1024478,2019.0,Q3TTM,2018-07-01,2019-06-30,,8.52,8.52,2.91,8.44,292700000.0,1033600000.0,1033600000.0,,1033600000.0,,5633400000.0,9993600000.0,-1446900000.0,-166400000.0,,1548500000.0,5633400000.0,4360200000.0,90400000.0,-114500000.0,1382100000.0,2978100000.0,-1651800000.0,1326300000.0,9993600000.0,117700000.0,117600000.0,118600000.0
Rockwell Automation Inc,ROK,VH3R4HHBHH12O0EXZJ88,1024478,2019.0,Q3,2019-04-01,2019-06-30,2019-07-25 13:30:49+00:00,2.22,2.22,1.94,2.2,60000000.0,261400000.0,261400000.0,,261400000.0,,934800000.0,1665100000.0,,20400000.0,,361700000.0,934800000.0,730300000.0,26800000.0,,382100000.0,348200000.0,-26800000.0,321400000.0,1665100000.0,117700000.0,117600000.0,118600000.0
Rockwell Automation Inc,ROK,VH3R4HHBHH12O0EXZJ88,1024478,2019.0,Q2,2019-01-01,2019-03-31,2020-04-28 13:46:06+00:00,2.91,2.91,0.97,2.88,56400000.0,346000000.0,346000000.0,,346000000.0,0.0,1898000000.0,3314400000.0,-708200000.0,-4700000.0,,385000000.0,1898000000.0,1416400000.0,23700000.0,98200000.0,380300000.0,1036100000.0,-633700000.0,402400000.0,3314400000.0,118900000.0,118900000.0,120000000.0
Rockwell Automation Inc,ROK,VH3R4HHBHH12O0EXZJ88,1024478,2019.0,Q2YTD,2018-10-01,2019-03-31,,3.58,3.58,0.97,3.54,96900000.0,426300000.0,426300000.0,,426300000.0,,3705200000.0,6599000000.0,-1446900000.0,-6900000.0,,771700000.0,3705200000.0,2893800000.0,44400000.0,-114500000.0,764800000.0,2129000000.0,-1605800000.0,523200000.0,6599000000.0,118900000.0,118900000.0,120000000.0
Rockwell Automation Inc,ROK,VH3R4HHBHH12O0EXZJ88,1024478,2019.0,Q2TTM,2018-04-01,2019-03-31,,7.9,7.9,2.81,7.82,285800000.0,970800000.0,970800000.0,,970800000.0,,5652600000.0,10027200000.0,-1446900000.0,-109900000.0,,1586400000.0,5652600000.0,4374600000.0,80100000.0,-114500000.0,1476500000.0,2898100000.0,-1641500000.0,1256600000.0,10027200000.0,118900000.0,118900000.0,120000000.0
Rockwell Automation Inc,ROK,VH3R4HHBHH12O0EXZJ88,1024478,2019.0,Q1,2018-10-01,2018-12-31,2020-01-29 14:36:35+00:00,0.67,0.67,0.97,0.66,40500000.0,80300000.0,80300000.0,,80300000.0,0.0,1807200000.0,3284600000.0,-738700000.0,-2200000.0,,386700000.0,1807200000.0,1477400000.0,20700000.0,-212700000.0,384500000.0,1092900000.0,-972100000.0,120800000.0,3284600000.0,119900000.0,120300000.0,121500000.0
Rockwell Automation Inc,ROK,VH3R4HHBHH12O0EXZJ88,1024478,2019.0,Q1TTM,2018-01-01,2018-12-31,,6.78,6.78,2.68,6.71,301600000.0,852200000.0,852200000.0,,852200000.0,,4701900000.0,8364000000.0,-738700000.0,-104800000.0,,1588000000.0,4701900000.0,3662100000.0,73700000.0,-212700000.0,1483200000.0,2178900000.0,-1025100000.0,1153800000.0,8364000000.0,119900000.0,120300000.0,121500000.0
Rockwell Automation Inc,ROK,VH3R4HHBHH12O0EXZJ88,1024478,2020.0,Q2YTD,2019-10-01,2020-03-31,,3.82,3.82,1.02,3.79,56700000.0,445300000.0,445300000.0,,442900000.0,2400000.0,3928200000.0,6731600000.0,-1401700000.0,18800000.0,,755200000.0,3928200000.0,2803400000.0,51900000.0,-73800000.0,774000000.0,2029400000.0,-1527400000.0,502000000.0,6731600000.0,116000000.0,116000000.0,116600000.0
Rockwell Automation Inc,ROK,VH3R4HHBHH12O0EXZJ88,1024478,2020.0,Q2TTM,2019-04-01,2020-03-31,,6.12,6.12,3.93,6.08,165000000.0,714800000.0,714800000.0,,712400000.0,2400000.0,4017700000.0,6827400000.0,45200000.0,388100000.0,,1522000000.0,4017700000.0,2809700000.0,105700000.0,40700000.0,1910100000.0,899600000.0,-19800000.0,879800000.0,6827400000.0,116000000.0,116000000.0,116600000.0
Rockwell Automation Inc,ROK,VH3R4HHBHH12O0EXZJ88,1024478,2020.0,Q2,2020-01-01,2020-03-31,2020-04-28 13:46:06+00:00,1.14,1.14,1.02,1.13,37500000.0,129900000.0,129900000.0,,132200000.0,-2300000.0,1965000000.0,3362600000.0,-698800000.0,9100000.0,,352000000.0,1965000000.0,1397600000.0,25500000.0,-144800000.0,361100000.0,1036500000.0,-869100000.0,167400000.0,3362600000.0,116000000.0,116000000.0,116600000.0
Rockwell Automation Inc,ROK,VH3R4HHBHH12O0EXZJ88,1024478,2020.0,Q1TTM,2019-01-01,2019-12-31,,7.89,7.89,3.88,7.83,183900000.0,930900000.0,930900000.0,,926200000.0,4700000.0,3950700000.0,6779200000.0,35800000.0,374300000.0,,1555000000.0,3950700000.0,2828500000.0,103900000.0,283700000.0,1929300000.0,899200000.0,215600000.0,1114800000.0,6779200000.0,115900000.0,115700000.0,116600000.0
Rockwell Automation Inc,ROK,VH3R4HHBHH12O0EXZJ88,1024478,2020.0,Q1,2019-10-01,2019-12-31,2020-01-29 14:36:35+00:00,2.68,2.68,1.02,2.66,19200000.0,315400000.0,315400000.0,,310700000.0,4700000.0,1963200000.0,3369000000.0,-702900000.0,9700000.0,,403200000.0,1963200000.0,1405800000.0,26400000.0,71000000.0,412900000.0,992900000.0,-658300000.0,334600000.0,3369000000.0,115900000.0,115700000.0,116600000.0
