company_name,company_ticker,company_lei,company_cik,year,quarter,start_date,end_date,filing_date,basicdilutedeps,basiceps,cashdividendspershare,depreciationexpense,dilutedeps,incometaxexpense,netincome,netincomecontinuing,netincomediscontinued,netincometocommon,operatingcostofrevenue,operatingrevenue,otherincome,otheroperatingexpenses,otherrevenue,otherspecialcharges,restructuringcharge,sgaexpense,totalcostofrevenue,totalgrossprofit,totalinterestexpense,totaloperatingexpenses,totaloperatingincome,totalotherincome,totalpretaxincome,totalrevenue,weightedavebasicdilutedsharesos,weightedavebasicsharesos,weightedavedilutedsharesos
McDonald's Corp,MCD,UE2136O97NLB5BYP9H04,63908,2007.0,FY,2007-01-01,2007-12-31,2010-02-26 10:45:54+00:00,2.02,2.02,1.5,,1.98,1237100000.0,2395100000.0,2335000000.0,60100000.0,2395100000.0,6627100000.0,22786600000.0,103200000.0,-11100000.0,,,1670300000.0,10621300000.0,6627100000.0,16159500000.0,410100000.0,12280500000.0,3879000000.0,-306900000.0,3572100000.0,22786600000.0,1185700000.0,1188300000.0,1211800000.0
McDonald's Corp,MCD,UE2136O97NLB5BYP9H04,63908,2008.0,FY,2008-01-01,2008-12-31,2011-02-25 11:12:02+00:00,3.83,3.83,1.625,,3.76,1844800000.0,4313200000.0,4313200000.0,,4313200000.0,6816400000.0,23522400000.0,237700000.0,-165200000.0,,,6000000.0,10422300000.0,6816400000.0,16706000000.0,522600000.0,10263100000.0,6442900000.0,-284900000.0,6158000000.0,23522400000.0,1126200000.0,1126600000.0,1146000000.0
McDonald's Corp,MCD,UE2136O97NLB5BYP9H04,63908,2008.0,Q3,2008-07-01,2008-09-30,2009-11-05 10:42:26+00:00,1.07,1.07,0.875,,1.05,507600000.0,1191300000.0,1191300000.0,,1191300000.0,3904100000.0,6267300000.0,6800000.0,-42600000.0,,,0.0,582100000.0,3904100000.0,2363200000.0,131600000.0,539500000.0,1823700000.0,-124800000.0,1698900000.0,6267300000.0,1113400000.0,1116600000.0,1136000000.0
McDonald's Corp,MCD,UE2136O97NLB5BYP9H04,63908,2008.0,Q2,2008-04-01,2008-06-30,2009-08-06 11:12:45+00:00,1.05,1.05,0.375,,1.04,508300000.0,1190500000.0,1190500000.0,,1190500000.0,3850500000.0,6075300000.0,190900000.0,-28600000.0,,,500000.0,598700000.0,3850500000.0,2224800000.0,146300000.0,570600000.0,1654200000.0,44600000.0,1698800000.0,6075300000.0,1133800000.0,1128900000.0,1148800000.0
McDonald's Corp,MCD,UE2136O97NLB5BYP9H04,63908,2009.0,FY,2009-01-01,2009-12-31,2011-02-25 11:12:02+00:00,4.17,4.17,2.05,,4.11,1936000000.0,4551000000.0,4551000000.0,,4551000000.0,6479700000.0,22744700000.0,119200000.0,-222300000.0,,,-61100000.0,9707400000.0,6479700000.0,16265000000.0,473200000.0,9424000000.0,6841000000.0,-354000000.0,6487000000.0,22744700000.0,1091400000.0,1092200000.0,1107400000.0
McDonald's Corp,MCD,UE2136O97NLB5BYP9H04,63908,2009.0,Q4,2009-10-01,2009-12-31,,1.13,1.13,,,1.11,484200000.0,1216800000.0,1216800000.0,,1216800000.0,-3853200000.0,5973400000.0,-9500000.0,-66700000.0,,600000.0,-62000000.0,8129000000.0,-3853200000.0,9826600000.0,115200000.0,8000900000.0,1826300000.0,-124700000.0,1701000000.0,5973400000.0,1091400000.0,1092200000.0,1107400000.0
McDonald's Corp,MCD,UE2136O97NLB5BYP9H04,63908,2009.0,Q3,2009-07-01,2009-09-30,2009-11-05 10:42:26+00:00,1.16,1.16,1.05,,1.15,560600000.0,1261000000.0,1261000000.0,,1261000000.0,3638400000.0,6046700000.0,6000000.0,-72600000.0,,-600000.0,-1500000.0,549600000.0,3638400000.0,2408300000.0,117800000.0,474900000.0,1932800000.0,-111800000.0,1821600000.0,6046700000.0,1087100000.0,1084500000.0,1098200000.0
McDonald's Corp,MCD,UE2136O97NLB5BYP9H04,63908,2009.0,Q3YTD,2009-01-01,2009-09-30,,3.04,3.04,2.05,,3.0,1451800000.0,3334200000.0,3334200000.0,,3334200000.0,10332900000.0,16771300000.0,128700000.0,-155600000.0,,-600000.0,900000.0,1578400000.0,10332900000.0,6438400000.0,358000000.0,1423100000.0,5014700000.0,-229300000.0,4786000000.0,16771300000.0,1087100000.0,1084500000.0,1098200000.0
McDonald's Corp,MCD,UE2136O97NLB5BYP9H04,63908,2009.0,Q2,2009-04-01,2009-06-30,2009-08-06 11:12:45+00:00,1.0,1.0,0.5,,0.98,498300000.0,1093700000.0,1093700000.0,,1093700000.0,3477300000.0,5647200000.0,29800000.0,-44300000.0,,,1200000.0,531500000.0,3477300000.0,2169900000.0,119300000.0,488400000.0,1681500000.0,-89500000.0,1592000000.0,5647200000.0,1093700000.0,1097300000.0,1111400000.0
McDonald's Corp,MCD,UE2136O97NLB5BYP9H04,63908,2009.0,Q2YTD,2009-01-01,2009-06-30,,1.88,1.88,1.0,,1.85,891200000.0,2073200000.0,2073200000.0,,2073200000.0,6694500000.0,10724600000.0,122700000.0,-83000000.0,,,2400000.0,1028800000.0,6694500000.0,4030100000.0,240200000.0,948200000.0,3081900000.0,-117500000.0,2964400000.0,10724600000.0,1093700000.0,1097300000.0,1111400000.0
McDonald's Corp,MCD,UE2136O97NLB5BYP9H04,63908,2009.0,Q1,2009-01-01,2009-03-31,2010-05-06 10:56:54+00:00,0.88,0.88,0.5,,0.87,392900000.0,979500000.0,979500000.0,,979500000.0,3217200000.0,5077400000.0,92900000.0,-38700000.0,,,1200000.0,497300000.0,3217200000.0,1860200000.0,120900000.0,459800000.0,1400400000.0,-28000000.0,1372400000.0,5077400000.0,1113100000.0,1109600000.0,1124400000.0
McDonald's Corp,MCD,UE2136O97NLB5BYP9H04,63908,2010.0,Q4,2010-10-01,2010-12-31,,1.18,1.18,,,1.16,491300000.0,1242300000.0,1242300000.0,,1242300000.0,-4019800000.0,6214100000.0,-6600000.0,-36400000.0,,,-12100000.0,8425200000.0,-4019800000.0,10233900000.0,117000000.0,8376700000.0,1857200000.0,-123600000.0,1733600000.0,6214100000.0,1066000000.0,1066000000.0,1080300000.0
McDonald's Corp,MCD,UE2136O97NLB5BYP9H04,63908,2010.0,FY,2010-01-01,2010-12-31,2013-02-25 11:19:42+00:00,4.64,4.64,2.26,,4.58,2054000000.0,4946300000.0,4946300000.0,,4946300000.0,6677900000.0,24074600000.0,-21900000.0,-198200000.0,,,29100000.0,10092700000.0,6677900000.0,17396700000.0,450900000.0,9923600000.0,7473100000.0,-472800000.0,7000300000.0,24074600000.0,1066000000.0,1066000000.0,1080300000.0
McDonald's Corp,MCD,UE2136O97NLB5BYP9H04,63908,2010.0,Q3,2010-07-01,2010-09-30,2010-11-05 09:01:08+00:00,1.31,1.31,1.16,,1.29,586100000.0,1388400000.0,1388400000.0,,1388400000.0,3698400000.0,6304900000.0,-7200000.0,-49900000.0,,,3600000.0,556300000.0,3698400000.0,2606500000.0,114800000.0,510000000.0,2096500000.0,-122000000.0,1974500000.0,6304900000.0,1059800000.0,1061000000.0,1074900000.0
McDonald's Corp,MCD,UE2136O97NLB5BYP9H04,63908,2010.0,Q3YTD,2010-01-01,2010-09-30,,3.46,3.46,2.26,,3.42,1562700000.0,3704000000.0,3704000000.0,,3704000000.0,10697700000.0,17860500000.0,-15300000.0,-161800000.0,,,41200000.0,1667500000.0,10697700000.0,7162800000.0,333900000.0,1546900000.0,5615900000.0,-349200000.0,5266700000.0,17860500000.0,1059800000.0,1061000000.0,1074900000.0
McDonald's Corp,MCD,UE2136O97NLB5BYP9H04,63908,2010.0,Q3TTM,2009-10-01,2010-09-30,,4.59,4.59,2.26,,4.53,2046900000.0,4920800000.0,4920800000.0,,4920800000.0,6844500000.0,23833900000.0,-24800000.0,-228500000.0,,600000.0,-20800000.0,9796500000.0,6844500000.0,16989400000.0,449100000.0,9547800000.0,7442200000.0,-473900000.0,6967700000.0,23833900000.0,1059800000.0,1061000000.0,1074900000.0
McDonald's Corp,MCD,UE2136O97NLB5BYP9H04,63908,2010.0,Q2,2010-04-01,2010-06-30,2010-08-05 11:10:50+00:00,1.14,1.14,0.55,,1.13,509500000.0,1225800000.0,1225800000.0,,1225800000.0,3549100000.0,5945500000.0,-1900000.0,-20600000.0,,,6800000.0,564900000.0,3549100000.0,2396400000.0,108100000.0,551100000.0,1845300000.0,-110000000.0,1735300000.0,5945500000.0,1075300000.0,1072100000.0,1085900000.0
McDonald's Corp,MCD,UE2136O97NLB5BYP9H04,63908,2010.0,Q2YTD,2010-01-01,2010-06-30,,2.15,2.15,1.1,,2.13,976600000.0,2315600000.0,2315600000.0,,2315600000.0,6999300000.0,11555600000.0,-8100000.0,-111900000.0,,,37600000.0,1111200000.0,6999300000.0,4556300000.0,219100000.0,1036900000.0,3519400000.0,-227200000.0,3292200000.0,11555600000.0,1075300000.0,1072100000.0,1085900000.0
McDonald's Corp,MCD,UE2136O97NLB5BYP9H04,63908,2010.0,Q2TTM,2009-07-01,2010-06-30,,4.44,4.44,2.15,,4.39,2021400000.0,4793400000.0,4793400000.0,,4793400000.0,6784500000.0,23575700000.0,-11600000.0,-251200000.0,,,-25900000.0,9789800000.0,6784500000.0,16791200000.0,452100000.0,9512700000.0,7278500000.0,-463700000.0,6814800000.0,23575700000.0,1075300000.0,1072100000.0,1085900000.0
McDonald's Corp,MCD,UE2136O97NLB5BYP9H04,63908,2010.0,Q1,2010-01-01,2010-03-31,2010-05-06 10:56:54+00:00,1.01,1.01,0.55,,1.0,467100000.0,1089800000.0,1089800000.0,,1089800000.0,3450200000.0,5610100000.0,-6200000.0,-91300000.0,,,30800000.0,546300000.0,3450200000.0,2159900000.0,111000000.0,485800000.0,1674100000.0,-117200000.0,1556900000.0,5610100000.0,1079000000.0,1076000000.0,1090100000.0
McDonald's Corp,MCD,UE2136O97NLB5BYP9H04,63908,2010.0,Q1TTM,2009-04-01,2010-03-31,,4.3,4.3,2.1,,4.24,2010200000.0,4661300000.0,4661300000.0,,4661300000.0,6712700000.0,23277400000.0,20100000.0,-274900000.0,,,-31500000.0,9756400000.0,6712700000.0,16564700000.0,463300000.0,9450000000.0,7114700000.0,-443200000.0,6671500000.0,23277400000.0,1079000000.0,1076000000.0,1090100000.0
McDonald's Corp,MCD,UE2136O97NLB5BYP9H04,63908,2011.0,Q4,2011-10-01,2011-12-31,,1.34,1.34,,,1.32,607100000.0,1376600000.0,1376600000.0,,1376600000.0,-4561600000.0,6822700000.0,-9400000.0,-71800000.0,,,4200000.0,9331900000.0,-4561600000.0,11384300000.0,126900000.0,9264300000.0,2120000000.0,-136300000.0,1983700000.0,6822700000.0,1032500000.0,1032100000.0,1044900000.0
McDonald's Corp,MCD,UE2136O97NLB5BYP9H04,63908,2011.0,FY,2011-01-01,2011-12-31,2014-02-24 13:26:44+00:00,5.33,5.33,2.53,,5.27,2509100000.0,5503100000.0,5503100000.0,,5503100000.0,7648700000.0,27006000000.0,-24700000.0,-236800000.0,,,,11064400000.0,7648700000.0,19357300000.0,492800000.0,10827600000.0,8529700000.0,-517500000.0,8012200000.0,27006000000.0,1032500000.0,1032100000.0,1044900000.0
McDonald's Corp,MCD,UE2136O97NLB5BYP9H04,63908,2011.0,Q3YTD,2011-01-01,2011-09-30,,3.99,3.99,2.53,,3.95,1902000000.0,4126500000.0,4126500000.0,,4126500000.0,12210300000.0,20183300000.0,-15300000.0,-165000000.0,,,-4200000.0,1732500000.0,12210300000.0,7973000000.0,365900000.0,1563300000.0,6409700000.0,-381200000.0,6028500000.0,20183300000.0,1025400000.0,1028800000.0,1041300000.0
McDonald's Corp,MCD,UE2136O97NLB5BYP9H04,63908,2011.0,Q3TTM,2010-10-01,2011-09-30,,5.17,5.17,2.53,,5.11,2393300000.0,5368800000.0,5368800000.0,,5368800000.0,8190500000.0,26397400000.0,-21900000.0,-201400000.0,,,-16300000.0,10157700000.0,8190500000.0,18206900000.0,482900000.0,9940000000.0,8266900000.0,-504800000.0,7762100000.0,26397400000.0,1025400000.0,1028800000.0,1041300000.0
McDonald's Corp,MCD,UE2136O97NLB5BYP9H04,63908,2011.0,Q2,2011-04-01,2011-06-30,2011-08-05 09:57:51+00:00,1.36,1.36,0.61,,1.35,656200000.0,1410200000.0,1410200000.0,,1410200000.0,4179800000.0,6905400000.0,-900000.0,-53900000.0,,,2400000.0,588000000.0,4179800000.0,2725600000.0,121800000.0,536500000.0,2189100000.0,-122700000.0,2066400000.0,6905400000.0,1036900000.0,1035600000.0,1047700000.0
McDonald's Corp,MCD,UE2136O97NLB5BYP9H04,63908,2011.0,Q2YTD,2011-01-01,2011-06-30,,2.52,2.52,1.22,,2.5,1146100000.0,2619200000.0,2619200000.0,,2619200000.0,7950800000.0,13017000000.0,-7800000.0,-102800000.0,,,2400000.0,1151600000.0,7950800000.0,5066200000.0,241900000.0,1051200000.0,4015000000.0,-249700000.0,3765300000.0,13017000000.0,1036900000.0,1035600000.0,1047700000.0
McDonald's Corp,MCD,UE2136O97NLB5BYP9H04,63908,2011.0,Q2TTM,2010-07-01,2011-06-30,,5.01,5.01,2.38,,4.95,2223500000.0,5249900000.0,5249900000.0,,5249900000.0,7629400000.0,25536000000.0,-21600000.0,-189100000.0,,,-6100000.0,10133100000.0,7629400000.0,17906600000.0,473700000.0,9937900000.0,7968700000.0,-495300000.0,7473400000.0,25536000000.0,1036900000.0,1035600000.0,1047700000.0
McDonald's Corp,MCD,UE2136O97NLB5BYP9H04,63908,2011.0,Q1,2011-01-01,2011-03-31,2011-05-06 09:42:50+00:00,1.16,1.16,0.61,,1.15,489900000.0,1209000000.0,1209000000.0,,1209000000.0,3771000000.0,6111600000.0,-6900000.0,-48900000.0,,,,563600000.0,3771000000.0,2340600000.0,120100000.0,514700000.0,1825900000.0,-127000000.0,1698900000.0,6111600000.0,1042200000.0,1042400000.0,1054600000.0
McDonald's Corp,MCD,UE2136O97NLB5BYP9H04,63908,2011.0,Q1TTM,2010-04-01,2011-03-31,,4.79,4.79,2.32,,4.73,2076800000.0,5065500000.0,5065500000.0,,5065500000.0,6998700000.0,24576100000.0,-22600000.0,-155800000.0,,,-1700000.0,10110000000.0,6998700000.0,17577400000.0,460000000.0,9952500000.0,7624900000.0,-482600000.0,7142300000.0,24576100000.0,1042200000.0,1042400000.0,1054600000.0
McDonald's Corp,MCD,UE2136O97NLB5BYP9H04,63908,2012.0,Q4,2012-10-01,2012-12-31,,1.39,1.39,,,1.38,671900000.0,1396100000.0,1396100000.0,,1396100000.0,-4681700000.0,6952100000.0,-200000.0,-87800000.0,,,-6200000.0,9530000000.0,-4681700000.0,11633800000.0,129600000.0,9436000000.0,2197800000.0,-129800000.0,2068000000.0,6952100000.0,1010100000.0,1010100000.0,1020200000.0
McDonald's Corp,MCD,UE2136O97NLB5BYP9H04,63908,2012.0,FY,2012-01-01,2012-12-31,2015-02-24 14:40:58+00:00,5.41,5.41,2.87,,5.36,2614200000.0,5464800000.0,5464800000.0,,5464800000.0,7845200000.0,27567000000.0,-9000000.0,-243500000.0,,,,11360700000.0,7845200000.0,19721800000.0,516600000.0,11117200000.0,8604600000.0,-525600000.0,8079000000.0,27567000000.0,1010100000.0,1010100000.0,1020200000.0
McDonald's Corp,MCD,UE2136O97NLB5BYP9H04,63908,2012.0,Q3,2012-07-01,2012-09-30,2012-11-01 10:54:19+00:00,1.45,1.45,1.47,,1.43,698600000.0,1455000000.0,1455000000.0,,1455000000.0,4297800000.0,7152400000.0,-5500000.0,-59700000.0,,,6200000.0,620900000.0,4297800000.0,2854600000.0,128100000.0,567400000.0,2287200000.0,-133600000.0,2153600000.0,7152400000.0,1003400000.0,1006100000.0,1015400000.0
McDonald's Corp,MCD,UE2136O97NLB5BYP9H04,63908,2012.0,Q3YTD,2012-01-01,2012-09-30,,4.02,4.02,2.87,,3.98,1942300000.0,4068700000.0,4068700000.0,,4068700000.0,12526900000.0,20614900000.0,-8800000.0,-155700000.0,,,6200000.0,1830700000.0,12526900000.0,8088000000.0,387000000.0,1681200000.0,6406800000.0,-395800000.0,6011000000.0,20614900000.0,1003400000.0,1006100000.0,1015400000.0
McDonald's Corp,MCD,UE2136O97NLB5BYP9H04,63908,2012.0,Q3TTM,2011-10-01,2012-09-30,,5.36,5.36,2.87,,5.3,2549400000.0,5445300000.0,5445300000.0,,5445300000.0,7965300000.0,27437600000.0,-18200000.0,-227500000.0,,,10400000.0,11162600000.0,7965300000.0,19472300000.0,513900000.0,10945500000.0,8526800000.0,-532100000.0,7994700000.0,27437600000.0,1003400000.0,1006100000.0,1015400000.0
McDonald's Corp,MCD,UE2136O97NLB5BYP9H04,63908,2012.0,Q2,2012-04-01,2012-06-30,2012-08-06 10:32:47+00:00,1.33,1.33,0.7,,1.32,662900000.0,1347000000.0,1347000000.0,,1347000000.0,4200000000.0,6915900000.0,-15100000.0,-56400000.0,,,,617300000.0,4200000000.0,2715900000.0,130000000.0,560900000.0,2155000000.0,-145100000.0,2009900000.0,6915900000.0,1012800000.0,1013800000.0,1023900000.0
McDonald's Corp,MCD,UE2136O97NLB5BYP9H04,63908,2012.0,Q2YTD,2012-01-01,2012-06-30,,2.57,2.57,1.4,,2.55,1243700000.0,2613700000.0,2613700000.0,,2613700000.0,8229100000.0,13462500000.0,-3300000.0,-96000000.0,,,,1209800000.0,8229100000.0,5233400000.0,258900000.0,1113800000.0,4119600000.0,-262200000.0,3857400000.0,13462500000.0,1012800000.0,1013800000.0,1023900000.0
McDonald's Corp,MCD,UE2136O97NLB5BYP9H04,63908,2012.0,Q2TTM,2011-07-01,2012-06-30,,5.38,5.38,2.71,,5.32,2606700000.0,5497600000.0,5497600000.0,,5497600000.0,7927000000.0,27451500000.0,-20200000.0,-230000000.0,,,-2400000.0,11122600000.0,7927000000.0,19524500000.0,509800000.0,10890200000.0,8634300000.0,-530000000.0,8104300000.0,27451500000.0,1012800000.0,1013800000.0,1023900000.0
McDonald's Corp,MCD,UE2136O97NLB5BYP9H04,63908,2012.0,Q1,2012-01-01,2012-03-31,2012-05-08 10:39:16+00:00,1.24,1.24,0.7,,1.23,580800000.0,1266700000.0,1266700000.0,,1266700000.0,4029100000.0,6546600000.0,11800000.0,-39600000.0,,,,592500000.0,4029100000.0,2517500000.0,128900000.0,552900000.0,1964600000.0,-117100000.0,1847500000.0,6546600000.0,1021500000.0,1018200000.0,1030000000.0
McDonald's Corp,MCD,UE2136O97NLB5BYP9H04,63908,2012.0,Q1TTM,2011-04-01,2012-03-31,,5.41,5.41,2.62,,5.35,2600000000.0,5560800000.0,5560800000.0,,5560800000.0,7906800000.0,27441000000.0,-6000000.0,-227500000.0,,,,11093300000.0,7906800000.0,19534200000.0,501600000.0,10865800000.0,8668400000.0,-507600000.0,8160800000.0,27441000000.0,1021500000.0,1018200000.0,1030000000.0
McDonald's Corp,MCD,UE2136O97NLB5BYP9H04,63908,2013.0,Q4,2013-10-01,2013-12-31,,1.4,1.4,,,1.39,658200000.0,1397000000.0,1397000000.0,,1397000000.0,-4866900000.0,7093200000.0,-11700000.0,-85400000.0,,,,9845100000.0,-4866900000.0,11960100000.0,133500000.0,9759700000.0,2200400000.0,-145200000.0,2055200000.0,7093200000.0,999267000.0,998400000.0,1006000000.0
McDonald's Corp,MCD,UE2136O97NLB5BYP9H04,63908,2013.0,FY,2013-01-01,2013-12-31,2015-02-24 14:40:58+00:00,5.59,5.59,3.12,,5.55,2618600000.0,5585900000.0,5585900000.0,,5585900000.0,7985700000.0,28105700000.0,-37900000.0,-247200000.0,,,,11602900000.0,7985700000.0,20120000000.0,521900000.0,11355700000.0,8764300000.0,-559800000.0,8204500000.0,28105700000.0,999267000.0,998400000.0,1006000000.0
McDonald's Corp,MCD,UE2136O97NLB5BYP9H04,63908,2013.0,Q3,2013-07-01,2013-09-30,2013-10-30 10:02:44+00:00,1.53,1.53,1.58,,1.52,750400000.0,1522200000.0,1522200000.0,,1522200000.0,4412800000.0,7323400000.0,-13600000.0,-60400000.0,,,,554300000.0,4412800000.0,2910600000.0,130500000.0,493900000.0,2416700000.0,-144100000.0,2272600000.0,7323400000.0,994900000.0,997300000.0,1004200000.0
McDonald's Corp,MCD,UE2136O97NLB5BYP9H04,63908,2013.0,Q3YTD,2013-01-01,2013-09-30,,4.19,4.19,3.12,,4.16,1960400000.0,4188900000.0,4188900000.0,,4188900000.0,12852600000.0,21012500000.0,-26200000.0,-161800000.0,,,,1757800000.0,12852600000.0,8159900000.0,388400000.0,1596000000.0,6563900000.0,-414600000.0,6149300000.0,21012500000.0,994900000.0,997300000.0,1004200000.0
McDonald's Corp,MCD,UE2136O97NLB5BYP9H04,63908,2013.0,Q3TTM,2012-10-01,2013-09-30,,5.58,5.58,3.12,,5.54,2632300000.0,5585000000.0,5585000000.0,,5585000000.0,8170900000.0,27964600000.0,-26400000.0,-249600000.0,,,-6200000.0,11287800000.0,8170900000.0,19793700000.0,518000000.0,11032000000.0,8761700000.0,-544400000.0,8217300000.0,27964600000.0,994900000.0,997300000.0,1004200000.0
McDonald's Corp,MCD,UE2136O97NLB5BYP9H04,63908,2013.0,Q2,2013-04-01,2013-06-30,2013-07-31 10:44:00+00:00,1.39,1.39,0.77,,1.38,663400000.0,1396500000.0,1396500000.0,,1396500000.0,4318600000.0,7083800000.0,-8000000.0,-39500000.0,,,,607000000.0,4318600000.0,2765200000.0,129800000.0,567500000.0,2197700000.0,-137800000.0,2059900000.0,7083800000.0,1004700000.0,1001400000.0,1008700000.0
McDonald's Corp,MCD,UE2136O97NLB5BYP9H04,63908,2013.0,Q2YTD,2013-01-01,2013-06-30,,2.66,2.66,1.54,,2.64,1210000000.0,2666700000.0,2666700000.0,,2666700000.0,8439800000.0,13689100000.0,-12600000.0,-101400000.0,,,,1203500000.0,8439800000.0,5249300000.0,257900000.0,1102100000.0,4147200000.0,-270500000.0,3876700000.0,13689100000.0,1004700000.0,1001400000.0,1008700000.0
McDonald's Corp,MCD,UE2136O97NLB5BYP9H04,63908,2013.0,Q2TTM,2012-07-01,2013-06-30,,5.5,5.5,3.01,,5.45,2580500000.0,5517800000.0,5517800000.0,,5517800000.0,8055900000.0,27793600000.0,-18300000.0,-248900000.0,,,,11354400000.0,8055900000.0,19737700000.0,515600000.0,11105500000.0,8632200000.0,-533900000.0,8098300000.0,27793600000.0,1004700000.0,1001400000.0,1008700000.0
McDonald's Corp,MCD,UE2136O97NLB5BYP9H04,63908,2013.0,Q1,2013-01-01,2013-03-31,2013-05-01 13:10:46+00:00,1.27,1.27,0.77,,1.26,546600000.0,1270200000.0,1270200000.0,,1270200000.0,4121200000.0,6605300000.0,-4600000.0,-61900000.0,,,,596500000.0,4121200000.0,2484100000.0,128100000.0,534600000.0,1949500000.0,-132700000.0,1816800000.0,6605300000.0,1000200000.0,1002700000.0,1010800000.0
McDonald's Corp,MCD,UE2136O97NLB5BYP9H04,63908,2013.0,Q1TTM,2012-04-01,2013-03-31,,5.44,5.44,2.94,,5.39,2580000000.0,5468300000.0,5468300000.0,,5468300000.0,7937300000.0,27625700000.0,-25400000.0,-265800000.0,,,,11364700000.0,7937300000.0,19688400000.0,515800000.0,11098900000.0,8589500000.0,-541200000.0,8048300000.0,27625700000.0,1000200000.0,1002700000.0,1010800000.0
McDonald's Corp,MCD,UE2136O97NLB5BYP9H04,63908,2014.0,FY,2014-01-01,2014-12-31,2017-03-01 12:16:56+00:00,4.85,4.85,3.28,,4.82,2614200000.0,4757800000.0,4757800000.0,,4757800000.0,7827000000.0,27441300000.0,-800000.0,18600000.0,,,,11646500000.0,7827000000.0,19614300000.0,576400000.0,11665100000.0,7949200000.0,-577200000.0,7372000000.0,27441300000.0,981000000.0,980500000.0,986300000.0
McDonald's Corp,MCD,UE2136O97NLB5BYP9H04,63908,2014.0,Q4,2014-10-01,2014-12-31,,1.14,1.14,,,1.12,498600000.0,1097500000.0,1097500000.0,,1097500000.0,-5060500000.0,6572200000.0,-1900000.0,59900000.0,,,,9821100000.0,-5060500000.0,11632700000.0,153700000.0,9881000000.0,1751700000.0,-155600000.0,1596100000.0,6572200000.0,981000000.0,980500000.0,986300000.0
McDonald's Corp,MCD,UE2136O97NLB5BYP9H04,63908,2014.0,Q3,2014-07-01,2014-09-30,2014-11-03 11:03:15+00:00,1.09,1.09,1.66,,1.09,852700000.0,1068400000.0,1068400000.0,,1068400000.0,4305900000.0,6987100000.0,-2100000.0,32900000.0,,,,575800000.0,4305900000.0,2681200000.0,149300000.0,608700000.0,2072500000.0,-151400000.0,1921100000.0,6987100000.0,980200000.0,978700000.0,983800000.0
McDonald's Corp,MCD,UE2136O97NLB5BYP9H04,63908,2014.0,Q3YTD,2014-01-01,2014-09-30,,3.71,3.71,3.28,,3.7,2115600000.0,3660300000.0,3660300000.0,,3660300000.0,12887500000.0,20869100000.0,1100000.0,-41300000.0,,,,1825400000.0,12887500000.0,7981600000.0,422700000.0,1784100000.0,6197500000.0,-421600000.0,5775900000.0,20869100000.0,980200000.0,978700000.0,983800000.0
McDonald's Corp,MCD,UE2136O97NLB5BYP9H04,63908,2014.0,Q3TTM,2013-10-01,2014-09-30,,5.11,5.11,3.28,,5.09,2773800000.0,5057300000.0,5057300000.0,,5057300000.0,8020600000.0,27962300000.0,-10600000.0,-126700000.0,,,,11670500000.0,8020600000.0,19941700000.0,556200000.0,11543800000.0,8397900000.0,-566800000.0,7831100000.0,27962300000.0,980200000.0,978700000.0,983800000.0
McDonald's Corp,MCD,UE2136O97NLB5BYP9H04,63908,2014.0,Q2,2014-04-01,2014-06-30,2014-08-04 10:40:32+00:00,1.4,1.4,0.81,,1.4,684400000.0,1387100000.0,1387100000.0,,1387100000.0,4397400000.0,7181700000.0,20400000.0,-33900000.0,,,,629200000.0,4397400000.0,2784300000.0,137900000.0,595300000.0,2189000000.0,-117500000.0,2071500000.0,7181700000.0,990800000.0,987400000.0,993200000.0
McDonald's Corp,MCD,UE2136O97NLB5BYP9H04,63908,2014.0,Q2YTD,2014-01-01,2014-06-30,,2.62,2.62,1.62,,2.61,1262900000.0,2591900000.0,2591900000.0,,2591900000.0,8581600000.0,13882000000.0,3200000.0,-74200000.0,,,,1249600000.0,8581600000.0,5300400000.0,273400000.0,1175400000.0,4125000000.0,-270200000.0,3854800000.0,13882000000.0,990800000.0,987400000.0,993200000.0
McDonald's Corp,MCD,UE2136O97NLB5BYP9H04,63908,2014.0,Q2TTM,2013-07-01,2014-06-30,,5.55,5.55,3.2,,5.52,2671500000.0,5511100000.0,5511100000.0,,5511100000.0,8127500000.0,28298600000.0,-22100000.0,-220000000.0,,,,11649000000.0,8127500000.0,20171100000.0,537400000.0,11429000000.0,8742100000.0,-559500000.0,8182600000.0,28298600000.0,990800000.0,987400000.0,993200000.0
McDonald's Corp,MCD,UE2136O97NLB5BYP9H04,63908,2014.0,Q1,2014-01-01,2014-03-31,2014-05-06 10:04:09+00:00,1.22,1.22,0.81,,1.21,578500000.0,1204800000.0,1204800000.0,,1204800000.0,4184200000.0,6700300000.0,-17200000.0,-40300000.0,,,,620400000.0,4184200000.0,2516100000.0,135500000.0,580100000.0,1936000000.0,-152700000.0,1783300000.0,6700300000.0,987500000.0,989600000.0,995900000.0
McDonald's Corp,MCD,UE2136O97NLB5BYP9H04,63908,2014.0,Q1TTM,2013-04-01,2014-03-31,,5.54,5.54,3.16,,5.5,2650500000.0,5520500000.0,5520500000.0,,5520500000.0,8048700000.0,28200700000.0,-50500000.0,-225600000.0,,,,11626800000.0,8048700000.0,20152000000.0,529300000.0,11401200000.0,8750800000.0,-579800000.0,8171000000.0,28200700000.0,987500000.0,989600000.0,995900000.0
McDonald's Corp,MCD,UE2136O97NLB5BYP9H04,63908,2015.0,FY,2015-01-01,2015-12-31,2018-02-23 12:45:01+00:00,4.82,4.82,3.44,,4.8,2026400000.0,4529300000.0,4529300000.0,,4529300000.0,7199100000.0,25413000000.0,48500000.0,209400000.0,,,,10859000000.0,7199100000.0,18213900000.0,638300000.0,11068400000.0,7145500000.0,-589800000.0,6555700000.0,25413000000.0,939700000.0,939400000.0,944600000.0
McDonald's Corp,MCD,UE2136O97NLB5BYP9H04,63908,2015.0,Q4,2015-10-01,2015-12-31,,1.31,1.31,0.89,,1.3,504600000.0,1206200000.0,1206200000.0,,1206200000.0,-4589900000.0,6341300000.0,11300000.0,-49000000.0,,,,9099800000.0,-4589900000.0,10931200000.0,180900000.0,9050800000.0,1880400000.0,-169600000.0,1710800000.0,6341300000.0,939700000.0,939400000.0,944600000.0
McDonald's Corp,MCD,UE2136O97NLB5BYP9H04,63908,2015.0,Q3,2015-07-01,2015-09-30,2015-11-04 10:43:52+00:00,1.41,1.41,0.85,,1.4,569200000.0,1309200000.0,1309200000.0,,1309200000.0,4023800000.0,6615100000.0,9000000.0,-23000000.0,,,,584000000.0,4023800000.0,2591300000.0,160900000.0,561000000.0,2030300000.0,-151900000.0,1878400000.0,6615100000.0,928500000.0,930300000.0,934800000.0
McDonald's Corp,MCD,UE2136O97NLB5BYP9H04,63908,2015.0,Q3YTD,2015-01-01,2015-09-30,,3.51,3.51,2.55,,3.5,1521800000.0,3323100000.0,3323100000.0,,3323100000.0,11789000000.0,19071700000.0,37200000.0,258400000.0,,,,1759200000.0,11789000000.0,7282700000.0,457400000.0,2017600000.0,5265100000.0,-420200000.0,4844900000.0,19071700000.0,928500000.0,930300000.0,934800000.0
McDonald's Corp,MCD,UE2136O97NLB5BYP9H04,63908,2015.0,Q3TTM,2014-10-01,2015-09-30,,4.65,4.65,2.55,,4.62,2020400000.0,4420600000.0,4420600000.0,,4420600000.0,6728500000.0,25643900000.0,35300000.0,318300000.0,,,,11580300000.0,6728500000.0,18915400000.0,611100000.0,11898600000.0,7016800000.0,-575800000.0,6441000000.0,25643900000.0,928500000.0,930300000.0,934800000.0
McDonald's Corp,MCD,UE2136O97NLB5BYP9H04,63908,2015.0,Q2,2015-04-01,2015-06-30,2015-08-05 11:29:14+00:00,1.26,1.26,0.85,,1.26,510000000.0,1202400000.0,1202400000.0,,1202400000.0,4007300000.0,6497700000.0,12300000.0,48700000.0,,,,592400000.0,4007300000.0,2490400000.0,149200000.0,641100000.0,1849300000.0,-136900000.0,1712400000.0,6497700000.0,954300000.0,953200000.0,957600000.0
McDonald's Corp,MCD,UE2136O97NLB5BYP9H04,63908,2015.0,Q2YTD,2015-01-01,2015-06-30,,2.1,2.1,1.7,,2.1,952600000.0,2013900000.0,2013900000.0,,2013900000.0,7765200000.0,12456600000.0,28200000.0,281400000.0,,,,1175200000.0,7765200000.0,4691400000.0,296500000.0,1456600000.0,3234800000.0,-268300000.0,2966500000.0,12456600000.0,954300000.0,953200000.0,957600000.0
McDonald's Corp,MCD,UE2136O97NLB5BYP9H04,63908,2015.0,Q2TTM,2014-07-01,2015-06-30,,4.33,4.33,3.36,,4.31,2303900000.0,4179800000.0,4179800000.0,,4179800000.0,7010600000.0,26015900000.0,24200000.0,374200000.0,,,,11572100000.0,7010600000.0,19005300000.0,599500000.0,11946300000.0,7059000000.0,-575300000.0,6483700000.0,26015900000.0,954300000.0,953200000.0,957600000.0
McDonald's Corp,MCD,UE2136O97NLB5BYP9H04,63908,2015.0,Q1,2015-01-01,2015-03-31,2016-05-06 10:08:50+00:00,0.84,0.84,0.85,,0.84,442600000.0,811500000.0,811500000.0,,811500000.0,3757900000.0,5958900000.0,15900000.0,232700000.0,,,,582800000.0,3757900000.0,2201000000.0,147300000.0,815500000.0,1385500000.0,-131400000.0,1254100000.0,5958900000.0,966100000.0,960600000.0,965500000.0
McDonald's Corp,MCD,UE2136O97NLB5BYP9H04,63908,2015.0,Q1TTM,2014-04-01,2015-03-31,,4.47,4.47,3.32,,4.45,2478300000.0,4364500000.0,4364500000.0,,4364500000.0,7400700000.0,26699900000.0,32300000.0,291600000.0,,,,11608900000.0,7400700000.0,19299200000.0,588200000.0,11900500000.0,7398700000.0,-555900000.0,6842800000.0,26699900000.0,966100000.0,960600000.0,965500000.0
McDonald's Corp,MCD,UE2136O97NLB5BYP9H04,63908,2016.0,FY,2016-01-01,2016-12-31,2019-02-22 09:48:25+00:00,5.49,5.49,3.61,,5.44,2179500000.0,4686500000.0,4686500000.0,,4686500000.0,6615300000.0,24621900000.0,6300000.0,75700000.0,,,,10186400000.0,6615300000.0,18006600000.0,884800000.0,10262100000.0,7744500000.0,-878500000.0,6866000000.0,24621900000.0,853600000.0,854400000.0,861200000.0
McDonald's Corp,MCD,UE2136O97NLB5BYP9H04,63908,2016.0,Q4,2016-10-01,2016-12-31,,1.43,1.43,0.94,,1.44,541500000.0,1193400000.0,1193400000.0,,1193400000.0,-4331200000.0,6028900000.0,-12900000.0,-38300000.0,,,,8429400000.0,-4331200000.0,10360100000.0,221200000.0,8391100000.0,1969000000.0,-234100000.0,1734900000.0,6028900000.0,853600000.0,854400000.0,861200000.0
McDonald's Corp,MCD,UE2136O97NLB5BYP9H04,63908,2016.0,Q3,2016-07-01,2016-09-30,2017-11-02 12:45:45+00:00,1.52,1.52,0.89,,1.5,629100000.0,1275400000.0,1275400000.0,,1275400000.0,3677100000.0,6424100000.0,-11400000.0,26800000.0,,,,582900000.0,3677100000.0,2747000000.0,221400000.0,609700000.0,2137300000.0,-232800000.0,1904500000.0,6424100000.0,839100000.0,841400000.0,847700000.0
McDonald's Corp,MCD,UE2136O97NLB5BYP9H04,63908,2016.0,Q3YTD,2016-01-01,2016-09-30,,4.06,4.06,2.67,,4.0,1638000000.0,3493100000.0,3493100000.0,,3493100000.0,10946500000.0,18593000000.0,19200000.0,114000000.0,,,,1757000000.0,10946500000.0,7646500000.0,663600000.0,1871000000.0,5775500000.0,-644400000.0,5131100000.0,18593000000.0,839100000.0,841400000.0,847700000.0
McDonald's Corp,MCD,UE2136O97NLB5BYP9H04,63908,2016.0,Q3TTM,2015-10-01,2016-09-30,,5.37,5.37,3.56,,5.3,2142600000.0,4699300000.0,4699300000.0,,4699300000.0,6356600000.0,24934300000.0,30500000.0,65000000.0,,,,10856800000.0,6356600000.0,18577700000.0,844500000.0,10921800000.0,7655900000.0,-814000000.0,6841900000.0,24934300000.0,839100000.0,841400000.0,847700000.0
McDonald's Corp,MCD,UE2136O97NLB5BYP9H04,63908,2016.0,Q2,2016-04-01,2016-06-30,2016-08-04 14:37:27+00:00,1.27,1.27,0.89,,1.25,557300000.0,1092900000.0,1092900000.0,,1092900000.0,3679000000.0,6265000000.0,16200000.0,132000000.0,,,,596100000.0,3679000000.0,2586000000.0,223900000.0,728100000.0,1857900000.0,-207700000.0,1650200000.0,6265000000.0,860600000.0,864000000.0,871200000.0
McDonald's Corp,MCD,UE2136O97NLB5BYP9H04,63908,2016.0,Q2YTD,2016-01-01,2016-06-30,,2.54,2.54,1.78,,2.5,1008900000.0,2217700000.0,2217700000.0,,2217700000.0,7269400000.0,12168900000.0,30600000.0,87200000.0,,,,1174100000.0,7269400000.0,4899500000.0,442200000.0,1261300000.0,3638200000.0,-411600000.0,3226600000.0,12168900000.0,860600000.0,864000000.0,871200000.0
McDonald's Corp,MCD,UE2136O97NLB5BYP9H04,63908,2016.0,Q2TTM,2015-07-01,2016-06-30,,5.26,5.26,3.52,,5.2,2082700000.0,4733100000.0,4733100000.0,,4733100000.0,6703300000.0,25125300000.0,50900000.0,15200000.0,,,,10857900000.0,6703300000.0,18422000000.0,784000000.0,10873100000.0,7548900000.0,-733100000.0,6815800000.0,25125300000.0,860600000.0,864000000.0,871200000.0
McDonald's Corp,MCD,UE2136O97NLB5BYP9H04,63908,2016.0,Q1,2016-01-01,2016-03-31,2017-05-08 16:10:35+00:00,1.27,1.27,0.89,,1.25,451600000.0,1124800000.0,1124800000.0,,1124800000.0,3590400000.0,5903900000.0,14400000.0,-44800000.0,,,,578000000.0,3590400000.0,2313500000.0,218300000.0,533200000.0,1780300000.0,-203900000.0,1576400000.0,5903900000.0,885700000.0,888900000.0,896300000.0
McDonald's Corp,MCD,UE2136O97NLB5BYP9H04,63908,2016.0,Q1TTM,2015-04-01,2016-03-31,,5.25,5.25,3.48,,5.21,2035400000.0,4842600000.0,4842600000.0,,4842600000.0,7031600000.0,25358000000.0,47000000.0,-68100000.0,,,,10854200000.0,7031600000.0,18326400000.0,709300000.0,10786100000.0,7540300000.0,-662300000.0,6878000000.0,25358000000.0,885700000.0,888900000.0,896300000.0
McDonald's Corp,MCD,UE2136O97NLB5BYP9H04,63908,2017.0,FY,2017-01-01,2017-12-31,2020-02-26 11:58:02+00:00,6.43,6.43,3.83,,6.37,3381200000.0,5192300000.0,5192300000.0,,5192300000.0,8671100000.0,22820400000.0,-57900000.0,-1163200000.0,,,,5759800000.0,8671100000.0,14149300000.0,921300000.0,4596600000.0,9552700000.0,-979200000.0,8573500000.0,22820400000.0,807500000.0,807400000.0,815500000.0
McDonald's Corp,MCD,UE2136O97NLB5BYP9H04,63908,2017.0,Q4,2017-10-01,2017-12-31,,0.89,0.89,,,0.88,1186400000.0,698700000.0,698700000.0,,698700000.0,-853800000.0,5340200000.0,-24000000.0,-96300000.0,,,,4146100000.0,-853800000.0,6194000000.0,235100000.0,4049800000.0,2144200000.0,-259100000.0,1885100000.0,5340200000.0,807500000.0,807400000.0,815500000.0
McDonald's Corp,MCD,UE2136O97NLB5BYP9H04,63908,2017.0,Q3,2017-07-01,2017-09-30,2018-11-01 12:52:42+00:00,2.34,2.34,1.95,,2.32,935800000.0,1883700000.0,1883700000.0,,1883700000.0,2937100000.0,5754600000.0,-23200000.0,-828900000.0,,,,567000000.0,2937100000.0,2817500000.0,236700000.0,-261900000.0,3079400000.0,-259900000.0,2819500000.0,5754600000.0,805000000.0,805300000.0,813500000.0
McDonald's Corp,MCD,UE2136O97NLB5BYP9H04,63908,2017.0,Q3YTD,2017-01-01,2017-09-30,,5.54,5.54,3.83,,5.49,2194800000.0,4493600000.0,4493600000.0,,4493600000.0,9524900000.0,17480200000.0,-33900000.0,-1066900000.0,,,,1613700000.0,9524900000.0,7955300000.0,686200000.0,546800000.0,7408500000.0,-720100000.0,6688400000.0,17480200000.0,805000000.0,805300000.0,813500000.0
McDonald's Corp,MCD,UE2136O97NLB5BYP9H04,63908,2017.0,Q3TTM,2016-10-01,2017-09-30,,6.97,6.97,4.77,,6.93,2736300000.0,5687000000.0,5687000000.0,,5687000000.0,5193700000.0,23509100000.0,-46800000.0,-1105200000.0,,,,10043100000.0,5193700000.0,18315400000.0,907400000.0,8937900000.0,9377500000.0,-954200000.0,8423300000.0,23509100000.0,805000000.0,805300000.0,813500000.0
McDonald's Corp,MCD,UE2136O97NLB5BYP9H04,63908,2017.0,Q2,2017-04-01,2017-06-30,2018-08-02 16:16:54+00:00,1.72,1.72,0.94,,1.7,666300000.0,1395100000.0,1395100000.0,,1395100000.0,3341300000.0,6049700000.0,-2800000.0,-112100000.0,,,,525400000.0,3341300000.0,2708400000.0,230900000.0,413300000.0,2295100000.0,-233700000.0,2061400000.0,6049700000.0,811100000.0,811600000.0,819200000.0
McDonald's Corp,MCD,UE2136O97NLB5BYP9H04,63908,2017.0,Q2YTD,2017-01-01,2017-06-30,,3.2,3.2,1.88,,3.17,1259000000.0,2609900000.0,2609900000.0,,2609900000.0,6587800000.0,11725600000.0,-10700000.0,-238000000.0,,,,1046700000.0,6587800000.0,5137800000.0,449500000.0,808700000.0,4329100000.0,-460200000.0,3868900000.0,11725600000.0,811100000.0,811600000.0,819200000.0
McDonald's Corp,MCD,UE2136O97NLB5BYP9H04,63908,2017.0,Q2TTM,2016-07-01,2017-06-30,,6.15,6.15,3.71,,6.11,2429600000.0,5078700000.0,5078700000.0,,5078700000.0,5933700000.0,24178600000.0,-35000000.0,-249500000.0,,,,10059000000.0,5933700000.0,18244900000.0,892100000.0,9809500000.0,8435400000.0,-927100000.0,7508300000.0,24178600000.0,811100000.0,811600000.0,819200000.0
McDonald's Corp,MCD,UE2136O97NLB5BYP9H04,63908,2017.0,Q1,2017-01-01,2017-03-31,2018-05-08 11:54:40+00:00,1.48,1.48,0.94,,1.47,592700000.0,1214800000.0,1214800000.0,,1214800000.0,3246500000.0,5675900000.0,-7900000.0,-125900000.0,,,,521300000.0,3246500000.0,2429400000.0,218600000.0,395400000.0,2034000000.0,-226500000.0,1807500000.0,5675900000.0,820800000.0,818800000.0,825200000.0
McDonald's Corp,MCD,UE2136O97NLB5BYP9H04,63908,2017.0,Q1TTM,2016-04-01,2017-03-31,,5.7,5.7,3.66,,5.66,2320600000.0,4776500000.0,4776500000.0,,4776500000.0,6271400000.0,24393900000.0,-16000000.0,-5400000.0,,,,10129700000.0,6271400000.0,18122500000.0,885100000.0,10124300000.0,7998200000.0,-901100000.0,7097100000.0,24393900000.0,820800000.0,818800000.0,825200000.0
McDonald's Corp,MCD,UE2136O97NLB5BYP9H04,63908,2018.0,FY,2018-01-01,2018-12-31,2020-02-26 11:58:02+00:00,7.61,7.61,4.19,,7.54,1891800000.0,5924300000.0,5924300000.0,,5924300000.0,7301300000.0,21025200000.0,-25300000.0,-236800000.0,,,,5138100000.0,7301300000.0,13723900000.0,981200000.0,4901300000.0,8822600000.0,-1006500000.0,7816100000.0,21025200000.0,778500000.0,778200000.0,785600000.0
McDonald's Corp,MCD,UE2136O97NLB5BYP9H04,63908,2018.0,Q4,2018-10-01,2018-12-31,,1.83,1.83,,,1.82,336100000.0,1415300000.0,1415300000.0,,1415300000.0,-471600000.0,5163000000.0,6000000.0,87400000.0,,,,3547700000.0,-471600000.0,5634600000.0,254100000.0,3635100000.0,1999500000.0,-248100000.0,1751400000.0,5163000000.0,778500000.0,778200000.0,785600000.0
McDonald's Corp,MCD,UE2136O97NLB5BYP9H04,63908,2018.0,Q3,2018-07-01,2018-09-30,2019-11-04 12:05:50+00:00,2.12,2.12,2.17,,2.1,521400000.0,1637300000.0,1637300000.0,,1637300000.0,2547300000.0,5369400000.0,-8900000.0,-110800000.0,,,,515200000.0,2547300000.0,2822100000.0,250100000.0,404400000.0,2417700000.0,-259000000.0,2158700000.0,5369400000.0,772300000.0,772800000.0,779600000.0
McDonald's Corp,MCD,UE2136O97NLB5BYP9H04,63908,2018.0,Q3YTD,2018-01-01,2018-09-30,,5.78,5.78,4.19,,5.72,1555700000.0,4509000000.0,4509000000.0,,4509000000.0,7772900000.0,15862200000.0,-31300000.0,-324200000.0,,,,1590400000.0,7772900000.0,8089300000.0,727100000.0,1266200000.0,6823100000.0,-758400000.0,6064700000.0,15862200000.0,772300000.0,772800000.0,779600000.0
McDonald's Corp,MCD,UE2136O97NLB5BYP9H04,63908,2018.0,Q3TTM,2017-10-01,2018-09-30,,6.67,6.67,4.19,,6.6,2742100000.0,5207700000.0,5207700000.0,,5207700000.0,6919100000.0,21202400000.0,-55300000.0,-420500000.0,,,,5736500000.0,6919100000.0,14283300000.0,962200000.0,5316000000.0,8967300000.0,-1017500000.0,7949800000.0,21202400000.0,772300000.0,772800000.0,779600000.0
McDonald's Corp,MCD,UE2136O97NLB5BYP9H04,63908,2018.0,Q2,2018-04-01,2018-06-30,2019-08-06 15:35:56+00:00,1.92,1.92,1.01,,1.9,521800000.0,1496300000.0,1496300000.0,,1496300000.0,2614400000.0,5353900000.0,-4000000.0,-64900000.0,,,,542100000.0,2614400000.0,2739500000.0,240200000.0,477200000.0,2262300000.0,-244200000.0,2018100000.0,5353900000.0,779300000.0,780000000.0,787100000.0
McDonald's Corp,MCD,UE2136O97NLB5BYP9H04,63908,2018.0,Q2YTD,2018-01-01,2018-06-30,,3.66,3.66,2.02,,3.62,1034300000.0,2871700000.0,2871700000.0,,2871700000.0,5225600000.0,10492800000.0,-22400000.0,-213400000.0,,,,1075200000.0,5225600000.0,5267200000.0,477000000.0,861800000.0,4405400000.0,-499400000.0,3906000000.0,10492800000.0,779300000.0,780000000.0,787100000.0
McDonald's Corp,MCD,UE2136O97NLB5BYP9H04,63908,2018.0,Q2TTM,2017-07-01,2018-06-30,,6.89,6.89,3.97,,6.82,3156500000.0,5454100000.0,5454100000.0,,5454100000.0,7308900000.0,21587600000.0,-69600000.0,-1138600000.0,,,,5788300000.0,7308900000.0,14278700000.0,948800000.0,4649700000.0,9629000000.0,-1018400000.0,8610600000.0,21587600000.0,779300000.0,780000000.0,787100000.0
McDonald's Corp,MCD,UE2136O97NLB5BYP9H04,63908,2018.0,Q1,2018-01-01,2018-03-31,2019-05-08 16:37:59+00:00,1.74,1.74,1.01,,1.72,512500000.0,1375400000.0,1375400000.0,,1375400000.0,2611200000.0,5138900000.0,-18400000.0,-148500000.0,,,,533100000.0,2611200000.0,2527700000.0,236800000.0,384600000.0,2143100000.0,-255200000.0,1887900000.0,5138900000.0,790500000.0,790900000.0,798700000.0
McDonald's Corp,MCD,UE2136O97NLB5BYP9H04,63908,2018.0,Q1TTM,2017-04-01,2018-03-31,,6.69,6.69,3.9,,6.62,3301000000.0,5352900000.0,5352900000.0,,5352900000.0,8035800000.0,22283400000.0,-68400000.0,-1185800000.0,,,,5771600000.0,8035800000.0,14247600000.0,939500000.0,4585800000.0,9661800000.0,-1007900000.0,8653900000.0,22283400000.0,790500000.0,790900000.0,798700000.0
McDonald's Corp,MCD,UE2136O97NLB5BYP9H04,63908,2019.0,Q4,2019-10-01,2019-12-31,,2.09,2.09,,-61400000.0,2.08,454600000.0,1572200000.0,1572200000.0,,1572200000.0,-201500000.0,5349000000.0,17200000.0,-115300000.0,-68500000.0,,,3366100000.0,-201500000.0,5482000000.0,283000000.0,3189400000.0,2292600000.0,-265800000.0,2026800000.0,5280500000.0,757900000.0,758100000.0,764900000.0
McDonald's Corp,MCD,UE2136O97NLB5BYP9H04,63908,2019.0,FY,2019-01-01,2019-12-31,2020-02-26 11:58:02+00:00,7.95,7.95,4.73,,7.88,1992700000.0,6025400000.0,6025400000.0,,6025400000.0,7256800000.0,21076500000.0,70200000.0,-183900000.0,,,,4933800000.0,7256800000.0,13819700000.0,1121900000.0,4749900000.0,9069800000.0,-1051700000.0,8018100000.0,21076500000.0,757900000.0,758100000.0,764900000.0
McDonald's Corp,MCD,UE2136O97NLB5BYP9H04,63908,2019.0,Q3,2019-07-01,2019-09-30,2019-11-04 12:05:50+00:00,2.13,2.13,2.41,,2.11,544300000.0,1607900000.0,1607900000.0,,1607900000.0,2527200000.0,5430600000.0,23500000.0,-49500000.0,,,,543600000.0,2527200000.0,2903400000.0,280600000.0,494100000.0,2409300000.0,-257100000.0,2152200000.0,5430600000.0,754900000.0,756600000.0,763900000.0
McDonald's Corp,MCD,UE2136O97NLB5BYP9H04,63908,2019.0,Q3YTD,2019-01-01,2019-09-30,,5.86,5.86,4.73,61400000.0,5.8,1538100000.0,4453200000.0,4453200000.0,,4453200000.0,7458300000.0,15727500000.0,53000000.0,-68600000.0,68500000.0,,,1567700000.0,7458300000.0,8337700000.0,838900000.0,1560500000.0,6777200000.0,-785900000.0,5991300000.0,15796000000.0,754900000.0,756600000.0,763900000.0
McDonald's Corp,MCD,UE2136O97NLB5BYP9H04,63908,2019.0,Q3TTM,2018-10-01,2019-09-30,,7.69,7.69,4.73,61400000.0,7.62,1874200000.0,5868500000.0,5868500000.0,,5868500000.0,6986700000.0,20890500000.0,59000000.0,18800000.0,68500000.0,,,5115400000.0,6986700000.0,13972300000.0,1093000000.0,5195600000.0,8776700000.0,-1034000000.0,7742700000.0,20959000000.0,754900000.0,756600000.0,763900000.0
McDonald's Corp,MCD,UE2136O97NLB5BYP9H04,63908,2019.0,Q2YTD,2019-01-01,2019-06-30,,3.73,3.73,2.32,61400000.0,3.69,993800000.0,2845300000.0,2845300000.0,,2845300000.0,4931100000.0,10296900000.0,29500000.0,-19100000.0,68500000.0,,,1024100000.0,4931100000.0,5434300000.0,558300000.0,1066400000.0,4367900000.0,-528800000.0,3839100000.0,10365400000.0,762300000.0,761800000.0,768700000.0
McDonald's Corp,MCD,UE2136O97NLB5BYP9H04,63908,2019.0,Q2TTM,2018-07-01,2019-06-30,,7.68,7.68,4.49,61400000.0,7.61,1851300000.0,5897900000.0,5897900000.0,,5897900000.0,7006800000.0,20829300000.0,26600000.0,-42500000.0,68500000.0,,,5087000000.0,7006800000.0,13891000000.0,1062500000.0,5105900000.0,8785100000.0,-1035900000.0,7749200000.0,20897800000.0,762300000.0,761800000.0,768700000.0
McDonald's Corp,MCD,UE2136O97NLB5BYP9H04,63908,2019.0,Q2,2019-04-01,2019-06-30,2019-08-06 15:35:56+00:00,1.99,1.99,1.16,,1.97,490900000.0,1516900000.0,1516900000.0,,1516900000.0,2511800000.0,5341300000.0,18100000.0,22500000.0,,,,533100000.0,2511800000.0,2829500000.0,284200000.0,555600000.0,2273900000.0,-266100000.0,2007800000.0,5341300000.0,762300000.0,761800000.0,768700000.0
McDonald's Corp,MCD,UE2136O97NLB5BYP9H04,63908,2019.0,Q1,2019-01-01,2019-03-31,2020-05-07 13:33:15+00:00,1.74,1.74,1.16,61400000.0,1.72,502900000.0,1328400000.0,1328400000.0,,1328400000.0,2419300000.0,4955600000.0,11400000.0,-41600000.0,68500000.0,,,491000000.0,2419300000.0,2604800000.0,274100000.0,510800000.0,2094000000.0,-262700000.0,1831300000.0,5024100000.0,763400000.0,764900000.0,771600000.0
McDonald's Corp,MCD,UE2136O97NLB5BYP9H04,63908,2019.0,Q1TTM,2018-04-01,2019-03-31,,7.61,7.61,4.34,61400000.0,7.54,1882200000.0,5877300000.0,5877300000.0,,5877300000.0,7109400000.0,20841900000.0,4500000.0,-129900000.0,68500000.0,,,5096000000.0,7109400000.0,13801000000.0,1018500000.0,5027500000.0,8773500000.0,-1014000000.0,7759500000.0,20910400000.0,763400000.0,764900000.0,771600000.0
McDonald's Corp,MCD,UE2136O97NLB5BYP9H04,63908,2020.0,Q1TTM,2019-04-01,2020-03-31,,7.7,7.7,4.82,12100000.0,7.63,1827800000.0,5803900000.0,5803900000.0,,5803900000.0,7144500000.0,20754700000.0,90100000.0,-83800000.0,12100000.0,,,5024600000.0,7144500000.0,13622300000.0,1127800000.0,4952900000.0,8669400000.0,-1037700000.0,7631700000.0,20766800000.0,742900000.0,744800000.0,750700000.0
McDonald's Corp,MCD,UE2136O97NLB5BYP9H04,63908,2020.0,Q1,2020-01-01,2020-03-31,2020-05-07 13:33:15+00:00,1.49,1.49,1.25,73500000.0,1.47,338000000.0,1106900000.0,1106900000.0,,1106900000.0,2307000000.0,4633800000.0,31300000.0,58500000.0,80600000.0,,,581800000.0,2307000000.0,2407400000.0,280000000.0,713800000.0,1693600000.0,-248700000.0,1444900000.0,4714400000.0,742900000.0,744800000.0,750700000.0
