company_name,company_ticker,company_lei,company_cik,year,quarter,start_date,end_date,filing_date,amortizationexpense,basicdilutedeps,basiceps,cashdividendspershare,dilutedeps,impairmentexpense,incometaxexpense,marketingexpense,netincome,netincomecontinuing,netincomediscontinued,netincometocommon,netincometononcontrollinginterest,operatingcostofrevenue,operatingrevenue,othergains,otherincome,rdexpense,restructuringcharge,sgaexpense,totalcostofrevenue,totalgrossprofit,totalinterestexpense,totalinterestincome,totaloperatingexpenses,totaloperatingincome,totalotherincome,totalpretaxincome,totalrevenue,weightedavebasicdilutedsharesos,weightedavebasicsharesos,weightedavedilutedsharesos
NortonLifeLock Inc.,NLOK,YF6ZV0M6AU4FY94MK914,849399,2008.0,FY,2007-04-05,2008-03-28,2010-05-21 19:08:36+00:00,225000000.0,0.47,0.47,,0.46,95000000.0,213000000.0,2415000000.0,410000000.0,410000000.0,,410000000.0,,1220000000.0,5874000000.0,,63000000.0,895000000.0,74000000.0,348000000.0,1220000000.0,4654000000.0,119000000.0,77000000.0,4052000000.0,602000000.0,21000000.0,623000000.0,5874000000.0,872300000.0,868000000.0,884000000.0
NortonLifeLock Inc.,NLOK,YF6ZV0M6AU4FY94MK914,849399,2009.0,Q2YTD,2009-04-03,2009-10-02,,125000000.0,0.28,0.28,,0.28,3000000.0,110000000.0,1135000000.0,229000000.0,229000000.0,,229000000.0,,571000000.0,2906000000.0,-18000000.0,8000000.0,431000000.0,59000000.0,173000000.0,571000000.0,2335000000.0,63000000.0,3000000.0,1926000000.0,409000000.0,-52000000.0,357000000.0,2906000000.0,815800000.0,812000000.0,819000000.0
NortonLifeLock Inc.,NLOK,YF6ZV0M6AU4FY94MK914,849399,2009.0,Q2,2009-07-04,2009-10-02,2010-11-03 16:50:13+00:00,63000000.0,0.19,0.19,,0.19,0.0,68000000.0,576000000.0,155000000.0,155000000.0,,155000000.0,0.0,259000000.0,1474000000.0,-6000000.0,2000000.0,210000000.0,25000000.0,84000000.0,259000000.0,1215000000.0,31000000.0,1000000.0,958000000.0,257000000.0,-28000000.0,229000000.0,1474000000.0,815800000.0,812000000.0,819000000.0
NortonLifeLock Inc.,NLOK,YF6ZV0M6AU4FY94MK914,849399,2009.0,Q1,2009-04-03,2009-07-03,2010-08-04 16:30:56+00:00,62000000.0,0.09,0.09,,0.09,3000000.0,42000000.0,559000000.0,74000000.0,74000000.0,,74000000.0,,312000000.0,1432000000.0,-12000000.0,6000000.0,221000000.0,34000000.0,89000000.0,312000000.0,1120000000.0,32000000.0,2000000.0,968000000.0,152000000.0,-24000000.0,128000000.0,1432000000.0,822200000.0,816000000.0,827000000.0
NortonLifeLock Inc.,NLOK,YF6ZV0M6AU4FY94MK914,849399,2009.0,Q4,2009-01-03,2009-04-03,,48000000.0,-0.2,-0.2,,-0.2,439000000.0,51000000.0,670000000.0,-195000000.0,-195000000.0,,-195000000.0,,357000000.0,1730000000.0,-19000000.0,-17000000.0,245000000.0,-10000000.0,87000000.0,357000000.0,1373000000.0,31000000.0,29000000.0,1479000000.0,-106000000.0,-19000000.0,-125000000.0,1730000000.0,830600000.0,831000000.0,831000000.0
NortonLifeLock Inc.,NLOK,YF6ZV0M6AU4FY94MK914,849399,2009.0,FY,2008-03-29,2009-04-03,2011-05-20 17:26:47+00:00,233000000.0,-8.17,-8.17,,-8.17,7465000000.0,183000000.0,2386000000.0,-6786000000.0,-6786000000.0,,-6786000000.0,0.0,1227000000.0,6150000000.0,-53000000.0,8000000.0,870000000.0,96000000.0,343000000.0,1227000000.0,4923000000.0,125000000.0,37000000.0,11393000000.0,-6470000000.0,-80000000.0,-6550000000.0,6150000000.0,830600000.0,831000000.0,831000000.0
NortonLifeLock Inc.,NLOK,YF6ZV0M6AU4FY94MK914,849399,2009.0,Q3YTD,2008-03-29,2009-01-02,,185000000.0,-7.97,-7.97,,-7.97,7026000000.0,132000000.0,1716000000.0,-6591000000.0,-6591000000.0,,-6591000000.0,,870000000.0,4420000000.0,-34000000.0,25000000.0,625000000.0,106000000.0,256000000.0,870000000.0,3550000000.0,94000000.0,8000000.0,9914000000.0,-6364000000.0,-61000000.0,-6425000000.0,4420000000.0,826700000.0,827000000.0,827000000.0
NortonLifeLock Inc.,NLOK,YF6ZV0M6AU4FY94MK914,849399,2009.0,Q3,2008-10-04,2009-01-02,2010-02-05 17:13:33+00:00,60000000.0,-8.25,-8.25,,-8.25,7023000000.0,22000000.0,581000000.0,-6820000000.0,-6820000000.0,,-6820000000.0,,299000000.0,1514000000.0,-16000000.0,17000000.0,194000000.0,47000000.0,83000000.0,299000000.0,1215000000.0,31000000.0,5000000.0,7988000000.0,-6773000000.0,-9000000.0,-6782000000.0,1514000000.0,826700000.0,827000000.0,827000000.0
NortonLifeLock Inc.,NLOK,YF6ZV0M6AU4FY94MK914,849399,2010.0,Q4,2010-01-02,2010-04-02,,61000000.0,0.23,0.23,,0.22,17000000.0,23000000.0,597000000.0,184000000.0,184000000.0,,184000000.0,,276000000.0,1531000000.0,27000000.0,3000000.0,216000000.0,30000000.0,87000000.0,276000000.0,1255000000.0,33000000.0,-37000000.0,1008000000.0,247000000.0,-67000000.0,180000000.0,1531000000.0,811400000.0,810000000.0,819000000.0
NortonLifeLock Inc.,NLOK,YF6ZV0M6AU4FY94MK914,849399,2010.0,FY,2009-04-04,2010-04-02,2012-05-21 17:20:44+00:00,247000000.0,0.88,0.88,,0.87,30000000.0,112000000.0,2367000000.0,714000000.0,714000000.0,,714000000.0,,1105000000.0,5985000000.0,,55000000.0,857000000.0,94000000.0,352000000.0,1105000000.0,4880000000.0,129000000.0,-33000000.0,3947000000.0,933000000.0,-107000000.0,826000000.0,5985000000.0,811400000.0,810000000.0,819000000.0
NortonLifeLock Inc.,NLOK,YF6ZV0M6AU4FY94MK914,849399,2010.0,Q3YTD,2009-04-04,2010-01-01,,186000000.0,0.65,0.65,,0.65,13000000.0,89000000.0,1770000000.0,530000000.0,530000000.0,,530000000.0,,829000000.0,4454000000.0,-27000000.0,52000000.0,641000000.0,64000000.0,265000000.0,829000000.0,3625000000.0,96000000.0,4000000.0,2939000000.0,686000000.0,-40000000.0,646000000.0,4454000000.0,813500000.0,809000000.0,819000000.0
NortonLifeLock Inc.,NLOK,YF6ZV0M6AU4FY94MK914,849399,2010.0,Q3,2009-10-03,2010-01-01,2011-02-02 17:04:29+00:00,61000000.0,0.37,0.37,,0.37,10000000.0,-21000000.0,635000000.0,301000000.0,301000000.0,,301000000.0,,258000000.0,1548000000.0,-9000000.0,44000000.0,210000000.0,5000000.0,92000000.0,258000000.0,1290000000.0,33000000.0,1000000.0,1013000000.0,277000000.0,12000000.0,289000000.0,1548000000.0,813500000.0,809000000.0,819000000.0
NortonLifeLock Inc.,NLOK,YF6ZV0M6AU4FY94MK914,849399,2010.0,Q2YTD,2009-04-04,2009-10-02,,125000000.0,0.28,0.28,,0.28,3000000.0,110000000.0,1135000000.0,229000000.0,229000000.0,,229000000.0,,571000000.0,2906000000.0,-18000000.0,8000000.0,431000000.0,59000000.0,173000000.0,571000000.0,2335000000.0,63000000.0,3000000.0,1926000000.0,409000000.0,-52000000.0,357000000.0,2906000000.0,815800000.0,812000000.0,819000000.0
NortonLifeLock Inc.,NLOK,YF6ZV0M6AU4FY94MK914,849399,2011.0,Q4,2011-01-01,2011-04-01,,72000000.0,0.23,0.23,,0.22,28000000.0,30000000.0,733000000.0,166000000.0,166000000.0,,168000000.0,-2000000.0,270000000.0,1673000000.0,21000000.0,1000000.0,226000000.0,4000000.0,101000000.0,270000000.0,1403000000.0,37000000.0,-28000000.0,1164000000.0,239000000.0,-64000000.0,175000000.0,1673000000.0,775300000.0,778000000.0,786000000.0
NortonLifeLock Inc.,NLOK,YF6ZV0M6AU4FY94MK914,849399,2011.0,FY,2010-04-03,2011-04-01,2013-05-17 16:21:43+00:00,270000000.0,0.77,0.77,,0.76,29000000.0,105000000.0,2622000000.0,593000000.0,593000000.0,,597000000.0,-4000000.0,1045000000.0,6190000000.0,,-2000000.0,862000000.0,92000000.0,390000000.0,1045000000.0,5145000000.0,159000000.0,-21000000.0,4265000000.0,880000000.0,-182000000.0,698000000.0,6190000000.0,775300000.0,778000000.0,786000000.0
NortonLifeLock Inc.,NLOK,YF6ZV0M6AU4FY94MK914,849399,2011.0,Q3YTD,2010-04-03,2010-12-31,,198000000.0,0.54,0.54,,0.54,1000000.0,75000000.0,1889000000.0,427000000.0,427000000.0,,429000000.0,-2000000.0,775000000.0,4517000000.0,-21000000.0,-3000000.0,636000000.0,88000000.0,289000000.0,775000000.0,3742000000.0,122000000.0,7000000.0,3101000000.0,641000000.0,-118000000.0,523000000.0,4517000000.0,776500000.0,770000000.0,778000000.0
NortonLifeLock Inc.,NLOK,YF6ZV0M6AU4FY94MK914,849399,2011.0,Q3TTM,2010-01-02,2010-12-31,,259000000.0,0.77,0.77,,0.76,18000000.0,98000000.0,2486000000.0,611000000.0,611000000.0,,613000000.0,-2000000.0,1051000000.0,6048000000.0,6000000.0,,852000000.0,118000000.0,376000000.0,1051000000.0,4997000000.0,155000000.0,-30000000.0,4109000000.0,888000000.0,-185000000.0,703000000.0,6048000000.0,776500000.0,770000000.0,778000000.0
NortonLifeLock Inc.,NLOK,YF6ZV0M6AU4FY94MK914,849399,2011.0,Q3,2010-10-02,2010-12-31,2012-01-31 17:08:28+00:00,70000000.0,0.17,0.17,,0.17,,35000000.0,704000000.0,132000000.0,132000000.0,,132000000.0,,264000000.0,1604000000.0,-10000000.0,-18000000.0,220000000.0,20000000.0,97000000.0,264000000.0,1340000000.0,37000000.0,3000000.0,1111000000.0,229000000.0,-52000000.0,177000000.0,1604000000.0,776500000.0,770000000.0,778000000.0
NortonLifeLock Inc.,NLOK,YF6ZV0M6AU4FY94MK914,849399,2011.0,Q2YTD,2010-04-03,2010-10-01,,128000000.0,0.37,0.37,,0.37,1000000.0,40000000.0,1185000000.0,295000000.0,295000000.0,,297000000.0,-2000000.0,511000000.0,2913000000.0,-11000000.0,15000000.0,416000000.0,68000000.0,192000000.0,511000000.0,2402000000.0,85000000.0,4000000.0,1990000000.0,412000000.0,-66000000.0,346000000.0,2913000000.0,800000000.0,782000000.0,786000000.0
NortonLifeLock Inc.,NLOK,YF6ZV0M6AU4FY94MK914,849399,2011.0,Q2TTM,2009-10-03,2010-10-01,,250000000.0,0.97,0.97,,0.96,28000000.0,42000000.0,2417000000.0,780000000.0,780000000.0,,782000000.0,-2000000.0,1045000000.0,5992000000.0,7000000.0,62000000.0,842000000.0,103000000.0,371000000.0,1045000000.0,4947000000.0,151000000.0,-32000000.0,4011000000.0,936000000.0,-121000000.0,815000000.0,5992000000.0,800000000.0,782000000.0,786000000.0
NortonLifeLock Inc.,NLOK,YF6ZV0M6AU4FY94MK914,849399,2011.0,Q2,2010-07-03,2010-10-01,2011-11-01 17:29:09+00:00,67000000.0,0.17,0.17,,0.17,1000000.0,44000000.0,612000000.0,134000000.0,134000000.0,,136000000.0,-2000000.0,246000000.0,1480000000.0,-4000000.0,14000000.0,208000000.0,28000000.0,100000000.0,246000000.0,1234000000.0,52000000.0,2000000.0,1016000000.0,218000000.0,-36000000.0,182000000.0,1480000000.0,800000000.0,782000000.0,786000000.0
NortonLifeLock Inc.,NLOK,YF6ZV0M6AU4FY94MK914,849399,2011.0,Q1TTM,2009-07-04,2010-07-02,,246000000.0,0.99,0.99,,0.98,27000000.0,66000000.0,2381000000.0,801000000.0,801000000.0,,801000000.0,,1058000000.0,5986000000.0,5000000.0,50000000.0,844000000.0,100000000.0,355000000.0,1058000000.0,4928000000.0,130000000.0,-33000000.0,3953000000.0,975000000.0,-113000000.0,862000000.0,5986000000.0,805000000.0,796000000.0,805000000.0
NortonLifeLock Inc.,NLOK,YF6ZV0M6AU4FY94MK914,849399,2011.0,Q1,2010-04-03,2010-07-02,2011-08-03 16:23:16+00:00,61000000.0,0.2,0.2,,0.2,,-4000000.0,573000000.0,161000000.0,161000000.0,,161000000.0,,265000000.0,1433000000.0,-7000000.0,1000000.0,208000000.0,40000000.0,92000000.0,265000000.0,1168000000.0,33000000.0,2000000.0,974000000.0,194000000.0,-30000000.0,164000000.0,1433000000.0,805000000.0,796000000.0,805000000.0
NortonLifeLock Inc.,NLOK,YF6ZV0M6AU4FY94MK914,849399,2012.0,Q4,2011-12-31,2012-03-30,,72000000.0,0.76,0.78,,0.78,4000000.0,142000000.0,716000000.0,574000000.0,574000000.0,,574000000.0,,287000000.0,1681000000.0,,-2000000.0,241000000.0,31000000.0,113000000.0,287000000.0,1394000000.0,28000000.0,529000000.0,1177000000.0,217000000.0,499000000.0,716000000.0,1681000000.0,751300000.0,741000000.0,748000000.0
NortonLifeLock Inc.,NLOK,YF6ZV0M6AU4FY94MK914,849399,2012.0,FY,2011-04-02,2012-03-30,2014-05-16 16:13:22+00:00,289000000.0,1.58,1.6,,1.59,4000000.0,308000000.0,2789000000.0,1187000000.0,1187000000.0,,1187000000.0,0.0,1082000000.0,6730000000.0,,-6000000.0,969000000.0,56000000.0,437000000.0,1082000000.0,5648000000.0,115000000.0,512000000.0,4544000000.0,1104000000.0,391000000.0,1495000000.0,6730000000.0,751300000.0,741000000.0,748000000.0
NortonLifeLock Inc.,NLOK,YF6ZV0M6AU4FY94MK914,849399,2012.0,Q3YTD,2011-04-02,2011-12-30,,217000000.0,0.82,0.82,,0.81,,166000000.0,2073000000.0,613000000.0,613000000.0,,613000000.0,,795000000.0,5049000000.0,,-4000000.0,728000000.0,25000000.0,324000000.0,795000000.0,4254000000.0,87000000.0,-17000000.0,3367000000.0,887000000.0,-108000000.0,779000000.0,5049000000.0,727300000.0,734000000.0,740000000.0
NortonLifeLock Inc.,NLOK,YF6ZV0M6AU4FY94MK914,849399,2012.0,Q3TTM,2011-01-01,2011-12-30,,289000000.0,1.05,1.05,,1.03,28000000.0,196000000.0,2806000000.0,779000000.0,779000000.0,,781000000.0,-2000000.0,1065000000.0,6722000000.0,21000000.0,-3000000.0,954000000.0,29000000.0,425000000.0,1065000000.0,5657000000.0,124000000.0,-45000000.0,4531000000.0,1126000000.0,-172000000.0,954000000.0,6722000000.0,727300000.0,734000000.0,740000000.0
NortonLifeLock Inc.,NLOK,YF6ZV0M6AU4FY94MK914,849399,2012.0,Q3,2011-10-01,2011-12-30,2013-01-29 15:16:22+00:00,73000000.0,0.33,0.33,,0.32,,32000000.0,711000000.0,241000000.0,241000000.0,,240000000.0,1000000.0,271000000.0,1715000000.0,,-2000000.0,242000000.0,5000000.0,113000000.0,271000000.0,1444000000.0,27000000.0,2000000.0,1144000000.0,300000000.0,-27000000.0,273000000.0,1715000000.0,727300000.0,734000000.0,740000000.0
NortonLifeLock Inc.,NLOK,YF6ZV0M6AU4FY94MK914,849399,2012.0,Q2YTD,2011-04-02,2011-09-30,,144000000.0,0.49,0.49,,0.49,,134000000.0,1362000000.0,372000000.0,372000000.0,,373000000.0,-1000000.0,524000000.0,3334000000.0,,-2000000.0,486000000.0,20000000.0,211000000.0,524000000.0,2810000000.0,60000000.0,-19000000.0,2223000000.0,587000000.0,-81000000.0,506000000.0,3334000000.0,758300000.0,745000000.0,751000000.0
NortonLifeLock Inc.,NLOK,YF6ZV0M6AU4FY94MK914,849399,2012.0,Q2TTM,2010-10-02,2011-09-30,,286000000.0,0.89,0.89,,0.88,28000000.0,199000000.0,2799000000.0,670000000.0,670000000.0,,673000000.0,-3000000.0,1058000000.0,6611000000.0,11000000.0,-19000000.0,932000000.0,44000000.0,409000000.0,1058000000.0,5553000000.0,134000000.0,-44000000.0,4498000000.0,1055000000.0,-197000000.0,858000000.0,6611000000.0,758300000.0,745000000.0,751000000.0
NortonLifeLock Inc.,NLOK,YF6ZV0M6AU4FY94MK914,849399,2012.0,Q2,2011-07-02,2011-09-30,2012-10-30 15:33:22+00:00,73000000.0,0.24,0.24,,0.24,,67000000.0,697000000.0,182000000.0,182000000.0,,182000000.0,,265000000.0,1681000000.0,,2000000.0,247000000.0,8000000.0,106000000.0,265000000.0,1416000000.0,28000000.0,-10000000.0,1131000000.0,285000000.0,-36000000.0,249000000.0,1681000000.0,758300000.0,745000000.0,751000000.0
NortonLifeLock Inc.,NLOK,YF6ZV0M6AU4FY94MK914,849399,2012.0,Q1TTM,2010-07-03,2011-07-01,,280000000.0,0.82,0.82,,0.81,29000000.0,176000000.0,2714000000.0,622000000.0,622000000.0,,627000000.0,-5000000.0,1039000000.0,6410000000.0,7000000.0,-7000000.0,893000000.0,64000000.0,403000000.0,1039000000.0,5371000000.0,158000000.0,-32000000.0,4383000000.0,988000000.0,-197000000.0,791000000.0,6410000000.0,764000000.0,755000000.0,765000000.0
NortonLifeLock Inc.,NLOK,YF6ZV0M6AU4FY94MK914,849399,2012.0,Q1,2011-04-02,2011-07-01,2012-07-31 14:05:10+00:00,71000000.0,0.25,0.25,,0.25,,67000000.0,665000000.0,190000000.0,190000000.0,,191000000.0,-1000000.0,259000000.0,1653000000.0,,-4000000.0,239000000.0,12000000.0,105000000.0,259000000.0,1394000000.0,32000000.0,-9000000.0,1092000000.0,302000000.0,-45000000.0,257000000.0,1653000000.0,764000000.0,755000000.0,765000000.0
NortonLifeLock Inc.,NLOK,YF6ZV0M6AU4FY94MK914,849399,2013.0,Q4,2012-12-29,2013-03-29,,71000000.0,0.26,0.28,,0.26,,43000000.0,730000000.0,190000000.0,190000000.0,,190000000.0,,308000000.0,1748000000.0,,12000000.0,281000000.0,-8000000.0,111000000.0,308000000.0,1440000000.0,37000000.0,3000000.0,1185000000.0,255000000.0,-22000000.0,233000000.0,1748000000.0,699100000.0,701000000.0,711000000.0
NortonLifeLock Inc.,NLOK,YF6ZV0M6AU4FY94MK914,849399,2013.0,FY,2012-03-31,2013-03-29,2015-05-22 17:02:56+00:00,286000000.0,1.08,1.08,0.0,1.06,,251000000.0,2789000000.0,755000000.0,755000000.0,,755000000.0,,1175000000.0,6906000000.0,,27000000.0,1026000000.0,77000000.0,447000000.0,1175000000.0,5731000000.0,139000000.0,12000000.0,4625000000.0,1106000000.0,-100000000.0,1006000000.0,6906000000.0,699100000.0,701000000.0,711000000.0
NortonLifeLock Inc.,NLOK,YF6ZV0M6AU4FY94MK914,849399,2013.0,Q3YTD,2012-03-31,2012-12-28,,215000000.0,0.82,0.8,,0.8,,208000000.0,2059000000.0,565000000.0,565000000.0,,565000000.0,,867000000.0,5158000000.0,,15000000.0,745000000.0,85000000.0,336000000.0,867000000.0,4291000000.0,102000000.0,9000000.0,3440000000.0,851000000.0,-78000000.0,773000000.0,5158000000.0,696800000.0,693000000.0,702000000.0
NortonLifeLock Inc.,NLOK,YF6ZV0M6AU4FY94MK914,849399,2013.0,Q3TTM,2011-12-31,2012-12-28,,287000000.0,1.58,1.58,,1.58,4000000.0,350000000.0,2775000000.0,1139000000.0,1139000000.0,,1139000000.0,,1154000000.0,6839000000.0,,13000000.0,986000000.0,116000000.0,449000000.0,1154000000.0,5685000000.0,130000000.0,538000000.0,4617000000.0,1068000000.0,421000000.0,1489000000.0,6839000000.0,696800000.0,693000000.0,702000000.0
NortonLifeLock Inc.,NLOK,YF6ZV0M6AU4FY94MK914,849399,2013.0,Q3,2012-09-29,2012-12-28,2014-02-03 16:48:18+00:00,71000000.0,0.31,0.31,,0.31,,74000000.0,724000000.0,216000000.0,216000000.0,,216000000.0,0.0,299000000.0,1791000000.0,,20000000.0,249000000.0,27000000.0,117000000.0,299000000.0,1492000000.0,38000000.0,4000000.0,1188000000.0,304000000.0,-14000000.0,290000000.0,1791000000.0,696800000.0,693000000.0,702000000.0
NortonLifeLock Inc.,NLOK,YF6ZV0M6AU4FY94MK914,849399,2013.0,Q2YTD,2012-03-31,2012-09-28,,144000000.0,0.51,0.49,,0.49,,134000000.0,1335000000.0,349000000.0,349000000.0,,349000000.0,,568000000.0,3367000000.0,,-5000000.0,496000000.0,58000000.0,219000000.0,568000000.0,2799000000.0,64000000.0,5000000.0,2252000000.0,547000000.0,-64000000.0,483000000.0,3367000000.0,700000000.0,702000000.0,708000000.0
NortonLifeLock Inc.,NLOK,YF6ZV0M6AU4FY94MK914,849399,2013.0,Q2TTM,2011-10-01,2012-09-28,,289000000.0,1.6,1.6,,1.59,4000000.0,308000000.0,2762000000.0,1164000000.0,1164000000.0,,1163000000.0,1000000.0,1126000000.0,6763000000.0,,-9000000.0,979000000.0,94000000.0,445000000.0,1126000000.0,5637000000.0,119000000.0,536000000.0,4573000000.0,1064000000.0,408000000.0,1472000000.0,6763000000.0,700000000.0,702000000.0,708000000.0
NortonLifeLock Inc.,NLOK,YF6ZV0M6AU4FY94MK914,849399,2013.0,Q2,2012-06-30,2012-09-28,2013-10-29 14:45:16+00:00,72000000.0,0.27,0.27,,0.27,,76000000.0,667000000.0,189000000.0,189000000.0,,189000000.0,0.0,284000000.0,1699000000.0,,1000000.0,247000000.0,23000000.0,109000000.0,284000000.0,1415000000.0,35000000.0,2000000.0,1118000000.0,297000000.0,-32000000.0,265000000.0,1699000000.0,700000000.0,702000000.0,708000000.0
NortonLifeLock Inc.,NLOK,YF6ZV0M6AU4FY94MK914,849399,2013.0,Q1TTM,2011-07-02,2012-06-29,,290000000.0,1.57,1.57,,1.56,4000000.0,299000000.0,2792000000.0,1157000000.0,1157000000.0,,1156000000.0,1000000.0,1107000000.0,6745000000.0,,-8000000.0,979000000.0,79000000.0,442000000.0,1107000000.0,5638000000.0,112000000.0,524000000.0,4586000000.0,1052000000.0,404000000.0,1456000000.0,6745000000.0,666700000.0,716000000.0,720000000.0
NortonLifeLock Inc.,NLOK,YF6ZV0M6AU4FY94MK914,849399,2013.0,Q1,2012-03-31,2012-06-29,2013-07-31 16:46:21+00:00,72000000.0,0.24,0.22,,0.22,,58000000.0,668000000.0,160000000.0,160000000.0,,160000000.0,0.0,284000000.0,1668000000.0,,-6000000.0,249000000.0,35000000.0,110000000.0,284000000.0,1384000000.0,29000000.0,3000000.0,1134000000.0,250000000.0,-32000000.0,218000000.0,1668000000.0,666700000.0,716000000.0,720000000.0
NortonLifeLock Inc.,NLOK,YF6ZV0M6AU4FY94MK914,849399,2014.0,Q4,2013-12-28,2014-03-28,,28000000.0,0.31,0.31,0.15,0.32,,81000000.0,585000000.0,217000000.0,217000000.0,,217000000.0,,282000000.0,1625000000.0,,8000000.0,277000000.0,32000000.0,115000000.0,282000000.0,1343000000.0,19000000.0,3000000.0,1037000000.0,306000000.0,-8000000.0,298000000.0,1625000000.0,696100000.0,696000000.0,704000000.0
NortonLifeLock Inc.,NLOK,YF6ZV0M6AU4FY94MK914,849399,2014.0,FY,2013-03-30,2014-03-28,2015-05-22 17:02:56+00:00,156000000.0,1.29,1.29,0.6,1.28,,258000000.0,2439000000.0,898000000.0,898000000.0,,898000000.0,,1149000000.0,6676000000.0,,45000000.0,1039000000.0,264000000.0,446000000.0,1149000000.0,5527000000.0,84000000.0,12000000.0,4344000000.0,1183000000.0,-27000000.0,1156000000.0,6676000000.0,696100000.0,696000000.0,704000000.0
NortonLifeLock Inc.,NLOK,YF6ZV0M6AU4FY94MK914,849399,2014.0,Q3YTD,2013-03-30,2013-12-27,,128000000.0,0.98,0.98,0.45,0.96,,177000000.0,1854000000.0,681000000.0,681000000.0,,681000000.0,,867000000.0,5051000000.0,,37000000.0,762000000.0,232000000.0,331000000.0,867000000.0,4184000000.0,65000000.0,9000000.0,3307000000.0,877000000.0,-19000000.0,858000000.0,5051000000.0,690200000.0,696000000.0,702000000.0
NortonLifeLock Inc.,NLOK,YF6ZV0M6AU4FY94MK914,849399,2014.0,Q3TTM,2012-12-29,2013-12-27,,199000000.0,1.24,1.26,0.45,1.22,,220000000.0,2584000000.0,871000000.0,871000000.0,,871000000.0,,1175000000.0,6799000000.0,,49000000.0,1043000000.0,224000000.0,442000000.0,1175000000.0,5624000000.0,102000000.0,12000000.0,4492000000.0,1132000000.0,-41000000.0,1091000000.0,6799000000.0,690200000.0,696000000.0,702000000.0
NortonLifeLock Inc.,NLOK,YF6ZV0M6AU4FY94MK914,849399,2014.0,Q3,2013-09-28,2013-12-27,2015-02-09 16:07:42+00:00,28000000.0,0.41,0.41,0.15,0.4,,104000000.0,610000000.0,283000000.0,283000000.0,,283000000.0,,283000000.0,1705000000.0,,-1000000.0,252000000.0,29000000.0,98000000.0,283000000.0,1422000000.0,20000000.0,3000000.0,1017000000.0,405000000.0,-18000000.0,387000000.0,1705000000.0,690200000.0,696000000.0,702000000.0
NortonLifeLock Inc.,NLOK,YF6ZV0M6AU4FY94MK914,849399,2014.0,Q2YTD,2013-03-30,2013-09-27,,100000000.0,0.57,0.57,0.3,0.56,,73000000.0,1244000000.0,398000000.0,398000000.0,,398000000.0,,584000000.0,3346000000.0,,38000000.0,510000000.0,203000000.0,233000000.0,584000000.0,2762000000.0,45000000.0,6000000.0,2290000000.0,472000000.0,-1000000.0,471000000.0,3346000000.0,708800000.0,699000000.0,707000000.0
NortonLifeLock Inc.,NLOK,YF6ZV0M6AU4FY94MK914,849399,2014.0,Q2TTM,2012-09-29,2013-09-27,,242000000.0,1.14,1.16,0.3,1.13,,190000000.0,2698000000.0,804000000.0,804000000.0,,804000000.0,,1191000000.0,6885000000.0,,70000000.0,1040000000.0,222000000.0,461000000.0,1191000000.0,5694000000.0,120000000.0,13000000.0,4663000000.0,1031000000.0,-37000000.0,994000000.0,6885000000.0,708800000.0,699000000.0,707000000.0
NortonLifeLock Inc.,NLOK,YF6ZV0M6AU4FY94MK914,849399,2014.0,Q2,2013-06-29,2013-09-27,2014-11-07 16:34:58+00:00,29000000.0,0.34,0.34,0.15,0.34,,10000000.0,592000000.0,241000000.0,241000000.0,,241000000.0,,284000000.0,1637000000.0,,20000000.0,248000000.0,122000000.0,114000000.0,284000000.0,1353000000.0,20000000.0,3000000.0,1105000000.0,248000000.0,3000000.0,251000000.0,1637000000.0,708800000.0,699000000.0,707000000.0
NortonLifeLock Inc.,NLOK,YF6ZV0M6AU4FY94MK914,849399,2014.0,Q1TTM,2012-06-30,2013-06-28,,285000000.0,1.07,1.09,0.15,1.06,,256000000.0,2773000000.0,752000000.0,752000000.0,,752000000.0,,1191000000.0,6947000000.0,,51000000.0,1039000000.0,123000000.0,456000000.0,1191000000.0,5756000000.0,135000000.0,12000000.0,4676000000.0,1080000000.0,-72000000.0,1008000000.0,6947000000.0,682600000.0,697000000.0,707000000.0
NortonLifeLock Inc.,NLOK,YF6ZV0M6AU4FY94MK914,849399,2014.0,Q1,2013-03-30,2013-06-28,2014-08-08 16:07:42+00:00,71000000.0,0.23,0.23,0.15,0.22,,63000000.0,652000000.0,157000000.0,157000000.0,,157000000.0,,300000000.0,1709000000.0,,18000000.0,262000000.0,81000000.0,119000000.0,300000000.0,1409000000.0,25000000.0,3000000.0,1185000000.0,224000000.0,-4000000.0,220000000.0,1709000000.0,682600000.0,697000000.0,707000000.0
NortonLifeLock Inc.,NLOK,YF6ZV0M6AU4FY94MK914,849399,2015.0,FY,2014-03-29,2015-04-03,2017-05-19 16:25:17+00:00,87000000.0,1.27,1.27,0.6,1.26,,-8000000.0,1650000000.0,878000000.0,109000000.0,769000000.0,878000000.0,,727000000.0,3956000000.0,,14000000.0,812000000.0,164000000.0,362000000.0,727000000.0,3229000000.0,78000000.0,11000000.0,3075000000.0,154000000.0,-53000000.0,101000000.0,3956000000.0,691300000.0,689000000.0,696000000.0
NortonLifeLock Inc.,NLOK,YF6ZV0M6AU4FY94MK914,849399,2015.0,Q4,2015-01-03,2015-04-03,,10000000.0,0.26,0.26,0.15,0.25,,-210000000.0,38000000.0,176000000.0,-346000000.0,522000000.0,176000000.0,,-37000000.0,-366000000.0,,11000000.0,-16000000.0,114000000.0,75000000.0,-37000000.0,-329000000.0,19000000.0,2000000.0,221000000.0,-550000000.0,-6000000.0,-556000000.0,-366000000.0,691300000.0,689000000.0,696000000.0
NortonLifeLock Inc.,NLOK,YF6ZV0M6AU4FY94MK914,849399,2015.0,Q3,2014-10-04,2015-01-02,2016-02-04 16:06:32+00:00,21000000.0,0.32,0.32,0.15,0.32,,44000000.0,403000000.0,222000000.0,-25000000.0,247000000.0,222000000.0,,177000000.0,970000000.0,,1000000.0,244000000.0,,91000000.0,177000000.0,793000000.0,19000000.0,3000000.0,759000000.0,34000000.0,-15000000.0,19000000.0,970000000.0,693800000.0,689000000.0,689000000.0
NortonLifeLock Inc.,NLOK,YF6ZV0M6AU4FY94MK914,849399,2015.0,Q3YTD,2014-03-29,2015-01-02,,77000000.0,1.01,1.01,0.45,1.01,,202000000.0,1612000000.0,702000000.0,455000000.0,247000000.0,702000000.0,,764000000.0,4322000000.0,,3000000.0,828000000.0,50000000.0,287000000.0,764000000.0,3558000000.0,59000000.0,9000000.0,2854000000.0,704000000.0,-47000000.0,657000000.0,4322000000.0,693800000.0,689000000.0,689000000.0
NortonLifeLock Inc.,NLOK,YF6ZV0M6AU4FY94MK914,849399,2015.0,Q3TTM,2013-12-28,2015-01-02,,105000000.0,1.32,1.32,0.6,1.33,,283000000.0,2197000000.0,919000000.0,672000000.0,247000000.0,919000000.0,,1046000000.0,5947000000.0,,11000000.0,1105000000.0,82000000.0,402000000.0,1046000000.0,4901000000.0,78000000.0,12000000.0,3891000000.0,1010000000.0,-55000000.0,955000000.0,5947000000.0,693800000.0,689000000.0,689000000.0
NortonLifeLock Inc.,NLOK,YF6ZV0M6AU4FY94MK914,849399,2015.0,Q2,2014-07-05,2014-10-03,2015-11-06 16:04:23+00:00,27000000.0,0.35,0.35,0.15,0.35,,89000000.0,565000000.0,244000000.0,244000000.0,,244000000.0,,278000000.0,1617000000.0,,1000000.0,276000000.0,30000000.0,93000000.0,278000000.0,1339000000.0,19000000.0,3000000.0,991000000.0,348000000.0,-15000000.0,333000000.0,1617000000.0,697100000.0,690000000.0,696000000.0
NortonLifeLock Inc.,NLOK,YF6ZV0M6AU4FY94MK914,849399,2015.0,Q2YTD,2014-03-29,2014-10-03,,56000000.0,0.69,0.69,0.3,0.69,,158000000.0,1209000000.0,480000000.0,480000000.0,,480000000.0,,587000000.0,3352000000.0,,2000000.0,584000000.0,50000000.0,196000000.0,587000000.0,2765000000.0,40000000.0,6000000.0,2095000000.0,670000000.0,-32000000.0,638000000.0,3352000000.0,697100000.0,690000000.0,696000000.0
NortonLifeLock Inc.,NLOK,YF6ZV0M6AU4FY94MK914,849399,2015.0,Q2TTM,2013-09-28,2014-10-03,,112000000.0,1.41,1.41,0.6,1.41,,343000000.0,2404000000.0,980000000.0,980000000.0,,980000000.0,,1152000000.0,6682000000.0,,9000000.0,1113000000.0,111000000.0,409000000.0,1152000000.0,5530000000.0,79000000.0,12000000.0,4149000000.0,1381000000.0,-58000000.0,1323000000.0,6682000000.0,697100000.0,690000000.0,696000000.0
NortonLifeLock Inc.,NLOK,YF6ZV0M6AU4FY94MK914,849399,2015.0,Q1TTM,2013-06-29,2014-07-04,,114000000.0,1.4,1.4,0.6,1.4,,264000000.0,2431000000.0,977000000.0,977000000.0,,977000000.0,,1158000000.0,6702000000.0,,28000000.0,1085000000.0,203000000.0,430000000.0,1158000000.0,5544000000.0,80000000.0,12000000.0,4263000000.0,1281000000.0,-40000000.0,1241000000.0,6702000000.0,694100000.0,692000000.0,697000000.0
NortonLifeLock Inc.,NLOK,YF6ZV0M6AU4FY94MK914,849399,2015.0,Q1,2014-03-29,2014-07-04,2015-08-12 16:01:36+00:00,29000000.0,0.34,0.34,0.15,0.34,,69000000.0,644000000.0,236000000.0,236000000.0,,236000000.0,,309000000.0,1735000000.0,,1000000.0,308000000.0,20000000.0,103000000.0,309000000.0,1426000000.0,21000000.0,3000000.0,1104000000.0,322000000.0,-17000000.0,305000000.0,1735000000.0,694100000.0,692000000.0,697000000.0
NortonLifeLock Inc.,NLOK,YF6ZV0M6AU4FY94MK914,849399,2016.0,FY,2015-04-04,2016-04-01,2018-10-26 16:07:43+00:00,57000000.0,3.71,3.71,4.6,3.71,,1213000000.0,1292000000.0,2488000000.0,-821000000.0,3309000000.0,2488000000.0,,615000000.0,3600000000.0,,10000000.0,748000000.0,136000000.0,295000000.0,615000000.0,2985000000.0,75000000.0,,2528000000.0,457000000.0,-65000000.0,392000000.0,3600000000.0,670600000.0,670000000.0,670000000.0
NortonLifeLock Inc.,NLOK,YF6ZV0M6AU4FY94MK914,849399,2016.0,Q4,2016-01-02,2016-04-01,,16000000.0,3.05,3.05,4.15,3.06,,1129000000.0,308000000.0,2045000000.0,-1013000000.0,3058000000.0,2045000000.0,,147000000.0,873000000.0,,13000000.0,111000000.0,86000000.0,77000000.0,147000000.0,726000000.0,19000000.0,-6000000.0,598000000.0,128000000.0,-12000000.0,116000000.0,873000000.0,670600000.0,670000000.0,670000000.0
NortonLifeLock Inc.,NLOK,YF6ZV0M6AU4FY94MK914,849399,2016.0,Q3,2015-10-03,2016-01-01,2017-02-03 16:02:46+00:00,13000000.0,0.26,0.26,0.15,0.25,,15000000.0,308000000.0,170000000.0,114000000.0,56000000.0,170000000.0,,150000000.0,909000000.0,,-1000000.0,174000000.0,50000000.0,68000000.0,150000000.0,759000000.0,17000000.0,1000000.0,613000000.0,146000000.0,-17000000.0,129000000.0,909000000.0,653800000.0,665000000.0,671000000.0
NortonLifeLock Inc.,NLOK,YF6ZV0M6AU4FY94MK914,849399,2016.0,Q3YTD,2015-04-04,2016-01-01,,41000000.0,0.66,0.66,0.45,0.65,,84000000.0,984000000.0,443000000.0,192000000.0,251000000.0,443000000.0,,468000000.0,2727000000.0,,-3000000.0,637000000.0,50000000.0,218000000.0,468000000.0,2259000000.0,56000000.0,6000000.0,1930000000.0,329000000.0,-53000000.0,276000000.0,2727000000.0,653800000.0,665000000.0,671000000.0
NortonLifeLock Inc.,NLOK,YF6ZV0M6AU4FY94MK914,849399,2016.0,Q3TTM,2015-01-03,2016-01-01,,51000000.0,0.92,0.92,0.6,0.9,,-126000000.0,1022000000.0,619000000.0,-154000000.0,773000000.0,619000000.0,,431000000.0,2361000000.0,,8000000.0,621000000.0,164000000.0,293000000.0,431000000.0,1930000000.0,75000000.0,8000000.0,2151000000.0,-221000000.0,-59000000.0,-280000000.0,2361000000.0,653800000.0,665000000.0,671000000.0
NortonLifeLock Inc.,NLOK,YF6ZV0M6AU4FY94MK914,849399,2016.0,Q2,2015-07-04,2015-10-02,2016-11-04 16:02:37+00:00,14000000.0,0.23,0.23,0.15,0.23,,34000000.0,336000000.0,156000000.0,53000000.0,103000000.0,156000000.0,,160000000.0,906000000.0,,4000000.0,230000000.0,,66000000.0,160000000.0,746000000.0,19000000.0,2000000.0,646000000.0,100000000.0,-13000000.0,87000000.0,906000000.0,678300000.0,682000000.0,687000000.0
NortonLifeLock Inc.,NLOK,YF6ZV0M6AU4FY94MK914,849399,2016.0,Q2YTD,2015-04-04,2015-10-02,,28000000.0,0.4,0.4,0.3,0.4,,69000000.0,676000000.0,273000000.0,78000000.0,195000000.0,273000000.0,,318000000.0,1818000000.0,,-2000000.0,463000000.0,,150000000.0,318000000.0,1500000000.0,39000000.0,5000000.0,1317000000.0,183000000.0,-36000000.0,147000000.0,1818000000.0,678300000.0,682000000.0,687000000.0
NortonLifeLock Inc.,NLOK,YF6ZV0M6AU4FY94MK914,849399,2016.0,Q2TTM,2014-10-04,2015-10-02,,59000000.0,0.98,0.98,0.6,0.97,,-97000000.0,1117000000.0,671000000.0,-293000000.0,964000000.0,671000000.0,,458000000.0,2422000000.0,,10000000.0,691000000.0,114000000.0,316000000.0,458000000.0,1964000000.0,77000000.0,10000000.0,2297000000.0,-333000000.0,-57000000.0,-390000000.0,2422000000.0,678300000.0,682000000.0,687000000.0
NortonLifeLock Inc.,NLOK,YF6ZV0M6AU4FY94MK914,849399,2016.0,Q1,2015-04-04,2015-07-03,2016-08-05 16:04:17+00:00,14000000.0,0.17,0.17,0.15,0.17,,35000000.0,340000000.0,117000000.0,25000000.0,92000000.0,117000000.0,,158000000.0,912000000.0,,-6000000.0,233000000.0,,84000000.0,158000000.0,754000000.0,20000000.0,3000000.0,671000000.0,83000000.0,-23000000.0,60000000.0,912000000.0,688200000.0,682000000.0,691000000.0
NortonLifeLock Inc.,NLOK,YF6ZV0M6AU4FY94MK914,849399,2016.0,Q1TTM,2014-07-05,2015-07-03,,72000000.0,1.1,1.1,0.6,1.09,,-42000000.0,1346000000.0,759000000.0,-102000000.0,861000000.0,759000000.0,,576000000.0,3133000000.0,,7000000.0,737000000.0,144000000.0,343000000.0,576000000.0,2557000000.0,77000000.0,11000000.0,2642000000.0,-85000000.0,-59000000.0,-144000000.0,3133000000.0,688200000.0,682000000.0,691000000.0
NortonLifeLock Inc.,NLOK,YF6ZV0M6AU4FY94MK914,849399,2017.0,FY,2016-04-02,2017-03-31,2019-05-24 16:10:39+00:00,147000000.0,-0.17,-0.17,0.3,-0.17,,-26000000.0,1459000000.0,-106000000.0,-236000000.0,130000000.0,-106000000.0,,853000000.0,4019000000.0,,46000000.0,823000000.0,273000000.0,564000000.0,853000000.0,3166000000.0,208000000.0,,3266000000.0,-100000000.0,-162000000.0,-262000000.0,4019000000.0,623500000.0,618000000.0,618000000.0
NortonLifeLock Inc.,NLOK,YF6ZV0M6AU4FY94MK914,849399,2017.0,Q4,2016-12-31,2017-03-31,,56000000.0,-0.23,-0.23,-0.22,-0.23,,-71000000.0,453000000.0,-143000000.0,-177000000.0,34000000.0,-143000000.0,,259000000.0,1115000000.0,,18000000.0,48000000.0,273000000.0,204000000.0,259000000.0,856000000.0,74000000.0,-14000000.0,1034000000.0,-178000000.0,-70000000.0,-248000000.0,1115000000.0,623500000.0,618000000.0,618000000.0
NortonLifeLock Inc.,NLOK,YF6ZV0M6AU4FY94MK914,849399,2017.0,Q3,2016-10-01,2016-12-30,2018-02-02 16:55:31+00:00,43000000.0,0.07,0.07,0.075,0.07,,-5000000.0,377000000.0,46000000.0,-56000000.0,102000000.0,46000000.0,,235000000.0,1041000000.0,,5000000.0,271000000.0,,131000000.0,235000000.0,806000000.0,55000000.0,5000000.0,822000000.0,-16000000.0,-45000000.0,-61000000.0,1041000000.0,657100000.0,620000000.0,620000000.0
NortonLifeLock Inc.,NLOK,YF6ZV0M6AU4FY94MK914,849399,2017.0,Q3YTD,2016-04-02,2016-12-30,,91000000.0,0.06,0.06,0.22,0.06,,45000000.0,1006000000.0,37000000.0,-59000000.0,96000000.0,37000000.0,,594000000.0,2904000000.0,,28000000.0,775000000.0,,360000000.0,594000000.0,2310000000.0,134000000.0,14000000.0,2232000000.0,78000000.0,-92000000.0,-14000000.0,2904000000.0,657100000.0,620000000.0,620000000.0
NortonLifeLock Inc.,NLOK,YF6ZV0M6AU4FY94MK914,849399,2017.0,Q3TTM,2016-01-02,2016-12-30,,107000000.0,3.11,3.11,4.37,3.12,,1174000000.0,1314000000.0,2082000000.0,-1072000000.0,3154000000.0,2082000000.0,,741000000.0,3777000000.0,,41000000.0,886000000.0,86000000.0,437000000.0,741000000.0,3036000000.0,153000000.0,8000000.0,2830000000.0,206000000.0,-104000000.0,102000000.0,3777000000.0,657100000.0,620000000.0,620000000.0
NortonLifeLock Inc.,NLOK,YF6ZV0M6AU4FY94MK914,849399,2017.0,Q2YTD,2016-04-02,2016-09-30,,48000000.0,-0.01,-0.01,0.15,-0.01,,50000000.0,629000000.0,-9000000.0,-3000000.0,-6000000.0,-9000000.0,,359000000.0,1863000000.0,,23000000.0,504000000.0,,229000000.0,359000000.0,1504000000.0,79000000.0,9000000.0,1410000000.0,94000000.0,-47000000.0,47000000.0,1863000000.0,620000000.0,626100000.0,626100000.0
NortonLifeLock Inc.,NLOK,YF6ZV0M6AU4FY94MK914,849399,2017.0,Q2TTM,2015-10-03,2016-09-30,,77000000.0,3.3,3.3,4.45,3.3,,1194000000.0,1245000000.0,2206000000.0,-902000000.0,3108000000.0,2206000000.0,,656000000.0,3645000000.0,,35000000.0,789000000.0,136000000.0,374000000.0,656000000.0,2989000000.0,115000000.0,4000000.0,2621000000.0,368000000.0,-76000000.0,292000000.0,3645000000.0,620000000.0,626100000.0,626100000.0
NortonLifeLock Inc.,NLOK,YF6ZV0M6AU4FY94MK914,849399,2017.0,Q1,2016-04-02,2016-07-01,2017-08-04 16:04:57+00:00,14000000.0,0.22,0.22,0.075,0.22,,31000000.0,291000000.0,135000000.0,66000000.0,69000000.0,135000000.0,,149000000.0,884000000.0,,13000000.0,240000000.0,,84000000.0,149000000.0,735000000.0,27000000.0,5000000.0,629000000.0,106000000.0,-9000000.0,97000000.0,884000000.0,613600000.0,613000000.0,620000000.0
NortonLifeLock Inc.,NLOK,YF6ZV0M6AU4FY94MK914,849399,2017.0,Q1TTM,2015-07-04,2016-07-01,,57000000.0,3.76,3.76,4.52,3.76,,1209000000.0,1243000000.0,2506000000.0,-780000000.0,3286000000.0,2506000000.0,,606000000.0,3572000000.0,,29000000.0,755000000.0,136000000.0,295000000.0,606000000.0,2966000000.0,82000000.0,2000000.0,2486000000.0,480000000.0,-51000000.0,429000000.0,3572000000.0,613600000.0,613000000.0,620000000.0
NortonLifeLock Inc.,NLOK,YF6ZV0M6AU4FY94MK914,849399,2018.0,FY,2017-04-01,2018-03-30,2020-05-28 16:34:42+00:00,87000000.0,1.85,1.85,0.3,1.7,,-720000000.0,841000000.0,1138000000.0,964000000.0,174000000.0,1138000000.0,,463000000.0,2559000000.0,,654000000.0,455000000.0,380000000.0,487000000.0,463000000.0,2096000000.0,256000000.0,,2250000000.0,-154000000.0,398000000.0,244000000.0,2559000000.0,615100000.0,616000000.0,668000000.0
NortonLifeLock Inc.,NLOK,YF6ZV0M6AU4FY94MK914,849399,2018.0,Q4,2017-12-30,2018-03-30,,-79000000.0,-0.08,-0.08,0.07,-0.07,,-37000000.0,-398000000.0,-59000000.0,-221000000.0,162000000.0,-59000000.0,,-305000000.0,-1065000000.0,,-4000000.0,-244000000.0,102000000.0,56000000.0,-305000000.0,-760000000.0,57000000.0,,-563000000.0,-197000000.0,-61000000.0,-258000000.0,-1065000000.0,615100000.0,616000000.0,668000000.0
NortonLifeLock Inc.,NLOK,YF6ZV0M6AU4FY94MK914,849399,2018.0,Q3,2017-09-30,2017-12-29,2019-02-04 16:21:14+00:00,52000000.0,2.17,2.17,0.075,2.01,,-606000000.0,372000000.0,1342000000.0,1311000000.0,31000000.0,1342000000.0,,249000000.0,1209000000.0,,667000000.0,225000000.0,93000000.0,122000000.0,249000000.0,960000000.0,58000000.0,,864000000.0,96000000.0,609000000.0,705000000.0,1209000000.0,618400000.0,619000000.0,667000000.0
NortonLifeLock Inc.,NLOK,YF6ZV0M6AU4FY94MK914,849399,2018.0,Q3YTD,2017-04-01,2017-12-29,,166000000.0,1.93,1.93,0.22,1.77,,-683000000.0,1239000000.0,1197000000.0,1185000000.0,12000000.0,1197000000.0,,768000000.0,3624000000.0,,658000000.0,699000000.0,278000000.0,431000000.0,768000000.0,2856000000.0,199000000.0,,2813000000.0,43000000.0,459000000.0,502000000.0,3624000000.0,618400000.0,619000000.0,667000000.0
NortonLifeLock Inc.,NLOK,YF6ZV0M6AU4FY94MK914,849399,2018.0,Q3TTM,2016-12-31,2017-12-29,,222000000.0,1.7,1.7,0.3,1.54,,-754000000.0,1692000000.0,1054000000.0,1008000000.0,46000000.0,1054000000.0,,1027000000.0,4739000000.0,,676000000.0,747000000.0,551000000.0,635000000.0,1027000000.0,3712000000.0,273000000.0,-14000000.0,3847000000.0,-135000000.0,389000000.0,254000000.0,4739000000.0,618400000.0,619000000.0,667000000.0
NortonLifeLock Inc.,NLOK,YF6ZV0M6AU4FY94MK914,849399,2018.0,Q2,2017-07-01,2017-09-29,2018-11-16 16:07:55+00:00,55000000.0,-0.02,-0.02,0.075,-0.02,,-53000000.0,434000000.0,-12000000.0,-16000000.0,4000000.0,-12000000.0,,262000000.0,1240000000.0,,-3000000.0,241000000.0,97000000.0,160000000.0,262000000.0,978000000.0,57000000.0,,987000000.0,-9000000.0,-60000000.0,-69000000.0,1240000000.0,615000000.0,600000000.0,600000000.0
NortonLifeLock Inc.,NLOK,YF6ZV0M6AU4FY94MK914,849399,2018.0,Q2YTD,2017-04-01,2017-09-29,,114000000.0,-0.24,-0.24,0.15,-0.24,,-77000000.0,867000000.0,-145000000.0,-126000000.0,-19000000.0,-145000000.0,,519000000.0,2415000000.0,,-9000000.0,474000000.0,185000000.0,309000000.0,519000000.0,1896000000.0,141000000.0,,1949000000.0,-53000000.0,-150000000.0,-203000000.0,2415000000.0,615000000.0,600000000.0,600000000.0
NortonLifeLock Inc.,NLOK,YF6ZV0M6AU4FY94MK914,849399,2018.0,Q2TTM,2016-10-01,2017-09-29,,213000000.0,-0.4,-0.4,0.3,-0.4,,-153000000.0,1697000000.0,-242000000.0,-359000000.0,117000000.0,-242000000.0,,1013000000.0,4571000000.0,,14000000.0,793000000.0,458000000.0,644000000.0,1013000000.0,3558000000.0,270000000.0,-9000000.0,3805000000.0,-247000000.0,-265000000.0,-512000000.0,4571000000.0,615000000.0,600000000.0,600000000.0
NortonLifeLock Inc.,NLOK,YF6ZV0M6AU4FY94MK914,849399,2018.0,Q1,2017-04-01,2017-06-30,2018-11-16 16:03:55+00:00,59000000.0,-0.22,-0.22,0.075,-0.22,,-24000000.0,433000000.0,-133000000.0,-110000000.0,-23000000.0,-133000000.0,,257000000.0,1175000000.0,,-6000000.0,233000000.0,88000000.0,149000000.0,257000000.0,918000000.0,84000000.0,,962000000.0,-44000000.0,-90000000.0,-134000000.0,1175000000.0,609000000.0,604500000.0,604500000.0
NortonLifeLock Inc.,NLOK,YF6ZV0M6AU4FY94MK914,849399,2018.0,Q1TTM,2016-07-02,2017-06-30,,192000000.0,-0.61,-0.61,0.3,-0.61,,-81000000.0,1601000000.0,-374000000.0,-412000000.0,38000000.0,-374000000.0,,961000000.0,4310000000.0,,27000000.0,816000000.0,361000000.0,629000000.0,961000000.0,3349000000.0,265000000.0,-5000000.0,3599000000.0,-250000000.0,-243000000.0,-493000000.0,4310000000.0,609000000.0,604500000.0,604500000.0
NortonLifeLock Inc.,NLOK,YF6ZV0M6AU4FY94MK914,849399,2019.0,FY,2018-03-31,2019-03-29,2020-05-28 16:34:42+00:00,80000000.0,0.05,0.05,0.3,0.05,,3000000.0,712000000.0,31000000.0,-110000000.0,141000000.0,31000000.0,,455000000.0,2456000000.0,,-57000000.0,420000000.0,221000000.0,410000000.0,455000000.0,2001000000.0,208000000.0,,1843000000.0,158000000.0,-265000000.0,-107000000.0,2456000000.0,620000000.0,632000000.0,632000000.0
NortonLifeLock Inc.,NLOK,YF6ZV0M6AU4FY94MK914,849399,2019.0,Q4,2018-12-29,2019-03-29,,-12000000.0,0.06,0.06,0.07,0.06,,-33000000.0,-15000000.0,34000000.0,36000000.0,-2000000.0,34000000.0,,-20000000.0,73000000.0,,3000000.0,-32000000.0,23000000.0,78000000.0,-20000000.0,93000000.0,51000000.0,,42000000.0,51000000.0,-48000000.0,3000000.0,73000000.0,620000000.0,632000000.0,632000000.0
NortonLifeLock Inc.,NLOK,YF6ZV0M6AU4FY94MK914,849399,2019.0,Q3,2018-09-29,2018-12-28,2020-02-07 16:06:07+00:00,19000000.0,0.1,0.1,0.075,0.1,,10000000.0,166000000.0,65000000.0,-19000000.0,84000000.0,65000000.0,,110000000.0,615000000.0,,-18000000.0,110000000.0,50000000.0,98000000.0,110000000.0,505000000.0,53000000.0,,443000000.0,62000000.0,-71000000.0,-9000000.0,615000000.0,650000000.0,637000000.0,637000000.0
NortonLifeLock Inc.,NLOK,YF6ZV0M6AU4FY94MK914,849399,2019.0,Q3YTD,2018-03-31,2018-12-28,,92000000.0,-0.01,-0.01,0.22,-0.01,,36000000.0,727000000.0,-3000000.0,-146000000.0,143000000.0,-3000000.0,,475000000.0,2383000000.0,,-60000000.0,452000000.0,198000000.0,332000000.0,475000000.0,1908000000.0,157000000.0,,1801000000.0,107000000.0,-217000000.0,-110000000.0,2383000000.0,650000000.0,637000000.0,637000000.0
NortonLifeLock Inc.,NLOK,YF6ZV0M6AU4FY94MK914,849399,2019.0,Q3TTM,2017-12-30,2018-12-28,,13000000.0,-0.09,-0.09,0.3,-0.08,,-1000000.0,329000000.0,-62000000.0,-367000000.0,305000000.0,-62000000.0,,170000000.0,1318000000.0,,-64000000.0,208000000.0,300000000.0,388000000.0,170000000.0,1148000000.0,214000000.0,,1238000000.0,-90000000.0,-278000000.0,-368000000.0,1318000000.0,650000000.0,637000000.0,637000000.0
NortonLifeLock Inc.,NLOK,YF6ZV0M6AU4FY94MK914,849399,2019.0,Q2,2018-06-30,2018-09-28,2019-11-08 16:17:41+00:00,20000000.0,-0.01,-0.01,0.075,-0.01,,30000000.0,175000000.0,-8000000.0,-62000000.0,54000000.0,-8000000.0,,116000000.0,612000000.0,,-23000000.0,105000000.0,52000000.0,101000000.0,116000000.0,496000000.0,52000000.0,,453000000.0,43000000.0,-75000000.0,-32000000.0,612000000.0,800000000.0,630000000.0,630000000.0
NortonLifeLock Inc.,NLOK,YF6ZV0M6AU4FY94MK914,849399,2019.0,Q2YTD,2018-03-31,2018-09-28,,73000000.0,-0.11,-0.11,0.15,-0.11,,26000000.0,561000000.0,-68000000.0,-127000000.0,59000000.0,-68000000.0,,365000000.0,1768000000.0,,-42000000.0,342000000.0,148000000.0,234000000.0,365000000.0,1403000000.0,104000000.0,,1358000000.0,45000000.0,-146000000.0,-101000000.0,1768000000.0,800000000.0,630000000.0,630000000.0
NortonLifeLock Inc.,NLOK,YF6ZV0M6AU4FY94MK914,849399,2019.0,Q2TTM,2017-09-30,2018-09-28,,46000000.0,1.98,1.98,0.3,1.83,,-617000000.0,535000000.0,1215000000.0,963000000.0,252000000.0,1215000000.0,,309000000.0,1912000000.0,,621000000.0,323000000.0,343000000.0,412000000.0,309000000.0,1603000000.0,219000000.0,,1659000000.0,-56000000.0,402000000.0,346000000.0,1912000000.0,800000000.0,630000000.0,630000000.0
NortonLifeLock Inc.,NLOK,YF6ZV0M6AU4FY94MK914,849399,2019.0,Q1,2018-03-31,2018-06-29,2019-08-09 16:08:23+00:00,53000000.0,-0.1,-0.1,0.075,-0.1,,-4000000.0,386000000.0,-60000000.0,-65000000.0,5000000.0,-60000000.0,,249000000.0,1156000000.0,,-19000000.0,237000000.0,96000000.0,133000000.0,249000000.0,907000000.0,52000000.0,,905000000.0,2000000.0,-71000000.0,-69000000.0,1156000000.0,600000000.0,624000000.0,624000000.0
NortonLifeLock Inc.,NLOK,YF6ZV0M6AU4FY94MK914,849399,2019.0,Q1TTM,2017-07-01,2018-06-29,,81000000.0,1.97,1.97,0.3,1.82,,-700000000.0,794000000.0,1211000000.0,1009000000.0,202000000.0,1211000000.0,,455000000.0,2540000000.0,,641000000.0,459000000.0,388000000.0,471000000.0,455000000.0,2085000000.0,224000000.0,,2193000000.0,-108000000.0,417000000.0,309000000.0,2540000000.0,600000000.0,624000000.0,624000000.0
NortonLifeLock Inc.,NLOK,YF6ZV0M6AU4FY94MK914,849399,2020.0,Q4,2020-01-04,2020-04-03,,-13000000.0,0.43,0.43,-0.15,0.39,,82000000.0,-59000000.0,231000000.0,164000000.0,67000000.0,231000000.0,,-82000000.0,17000000.0,,263000000.0,-71000000.0,126000000.0,83000000.0,-82000000.0,99000000.0,50000000.0,,66000000.0,33000000.0,213000000.0,246000000.0,17000000.0,615000000.0,615000000.0,643000000.0
NortonLifeLock Inc.,NLOK,YF6ZV0M6AU4FY94MK914,849399,2020.0,FY,2019-03-30,2020-04-03,2020-05-28 16:34:42+00:00,79000000.0,6.32,6.32,0.125,6.05,,241000000.0,701000000.0,3887000000.0,578000000.0,3309000000.0,3887000000.0,,393000000.0,2490000000.0,,660000000.0,328000000.0,266000000.0,368000000.0,393000000.0,2097000000.0,196000000.0,,1742000000.0,355000000.0,464000000.0,819000000.0,2490000000.0,615000000.0,615000000.0,643000000.0
NortonLifeLock Inc.,NLOK,YF6ZV0M6AU4FY94MK914,849399,2020.0,Q3YTD,2019-03-30,2020-01-03,,92000000.0,5.89,5.89,0.28,5.66,,159000000.0,760000000.0,3656000000.0,414000000.0,3242000000.0,3656000000.0,,475000000.0,2473000000.0,,397000000.0,399000000.0,140000000.0,285000000.0,475000000.0,1998000000.0,146000000.0,,1676000000.0,322000000.0,251000000.0,573000000.0,2473000000.0,621200000.0,621000000.0,647000000.0
NortonLifeLock Inc.,NLOK,YF6ZV0M6AU4FY94MK914,849399,2020.0,Q3TTM,2018-12-29,2020-01-03,,80000000.0,5.95,5.95,0.35,5.72,,126000000.0,745000000.0,3690000000.0,450000000.0,3240000000.0,3690000000.0,,455000000.0,2546000000.0,,400000000.0,367000000.0,163000000.0,363000000.0,455000000.0,2091000000.0,197000000.0,,1718000000.0,373000000.0,203000000.0,576000000.0,2546000000.0,621200000.0,621000000.0,647000000.0
NortonLifeLock Inc.,NLOK,YF6ZV0M6AU4FY94MK914,849399,2020.0,Q3,2019-10-05,2020-01-03,2020-02-07 16:06:07+00:00,20000000.0,4.58,4.58,0.125,4.4,,57000000.0,178000000.0,2845000000.0,353000000.0,2492000000.0,2845000000.0,,103000000.0,618000000.0,,399000000.0,72000000.0,98000000.0,85000000.0,103000000.0,515000000.0,51000000.0,,453000000.0,62000000.0,348000000.0,410000000.0,618000000.0,621200000.0,621000000.0,647000000.0
NortonLifeLock Inc.,NLOK,YF6ZV0M6AU4FY94MK914,849399,2020.0,Q2YTD,2019-03-30,2019-10-04,,72000000.0,1.31,1.31,0.15,1.26,,102000000.0,582000000.0,811000000.0,61000000.0,750000000.0,811000000.0,,372000000.0,1855000000.0,,-2000000.0,327000000.0,42000000.0,200000000.0,372000000.0,1483000000.0,95000000.0,,1223000000.0,260000000.0,-97000000.0,163000000.0,1855000000.0,618100000.0,620000000.0,644000000.0
NortonLifeLock Inc.,NLOK,YF6ZV0M6AU4FY94MK914,849399,2020.0,Q2TTM,2018-09-29,2019-10-04,,79000000.0,1.47,1.47,0.3,1.42,,79000000.0,733000000.0,910000000.0,78000000.0,832000000.0,910000000.0,,462000000.0,2543000000.0,,-17000000.0,405000000.0,115000000.0,376000000.0,462000000.0,2081000000.0,199000000.0,,1708000000.0,373000000.0,-216000000.0,157000000.0,2543000000.0,618100000.0,620000000.0,644000000.0
NortonLifeLock Inc.,NLOK,YF6ZV0M6AU4FY94MK914,849399,2020.0,Q2,2019-07-06,2019-10-04,2019-11-08 16:17:41+00:00,21000000.0,1.27,1.27,0.075,1.22,,20000000.0,189000000.0,785000000.0,35000000.0,750000000.0,785000000.0,,100000000.0,608000000.0,,-2000000.0,86000000.0,17000000.0,92000000.0,100000000.0,508000000.0,46000000.0,,405000000.0,103000000.0,-48000000.0,55000000.0,608000000.0,618100000.0,620000000.0,644000000.0
NortonLifeLock Inc.,NLOK,YF6ZV0M6AU4FY94MK914,849399,2020.0,Q1TTM,2018-06-30,2019-07-05,,78000000.0,0.19,0.19,0.3,0.19,,89000000.0,719000000.0,117000000.0,-19000000.0,136000000.0,117000000.0,,478000000.0,2547000000.0,,-38000000.0,424000000.0,150000000.0,385000000.0,478000000.0,2069000000.0,205000000.0,,1756000000.0,313000000.0,-243000000.0,70000000.0,2547000000.0,650000000.0,619000000.0,642000000.0
NortonLifeLock Inc.,NLOK,YF6ZV0M6AU4FY94MK914,849399,2020.0,Q1,2019-03-30,2019-07-05,2019-08-09 16:08:23+00:00,51000000.0,0.04,0.04,0.075,0.04,,82000000.0,393000000.0,26000000.0,26000000.0,0.0,26000000.0,,272000000.0,1247000000.0,,0.0,241000000.0,25000000.0,108000000.0,272000000.0,975000000.0,49000000.0,,818000000.0,157000000.0,-49000000.0,108000000.0,1247000000.0,650000000.0,619000000.0,642000000.0
