company_name,company_ticker,company_lei,company_cik,year,quarter,start_date,end_date,filing_date,basicdilutedeps,basiceps,cashdividendspershare,depreciationexpense,dilutedeps,extraordinaryincome,impairmentexpense,incometaxexpense,netincome,netincomecontinuing,netincometocommon,netincometononcontrollinginterest,operatingcostofrevenue,operatingrevenue,otherincome,sgaexpense,totalcostofrevenue,totalgrossprofit,totalinterestexpense,totaloperatingexpenses,totaloperatingincome,totalotherincome,totalpretaxincome,totalrevenue,weightedavebasicdilutedsharesos,weightedavebasicsharesos,weightedavedilutedsharesos
CenturyLink Inc,CTL,8M3THTGWLTYZVE6BBY25,18926,2008.0,FY,2008-01-01,2008-12-31,2011-03-30 09:17:49+00:00,3.53,3.53,2.1675,523786000.0,3.52,0.0,,194357000.0,367030000.0,367030000.0,365732000.0,1298000.0,955473000.0,2599747000.0,42252000.0,399136000.0,955473000.0,1644274000.0,202217000.0,922922000.0,721352000.0,-159965000.0,561387000.0,2599747000.0,103600000.0,102268000.0,102560000.0
CenturyLink Inc,CTL,8M3THTGWLTYZVE6BBY25,18926,2009.0,FY,2009-01-01,2009-12-31,2012-02-28 06:08:12+00:00,3.23,3.23,,975000000.0,3.23,136000000.0,,302000000.0,647000000.0,511000000.0,647000000.0,,1801000000.0,4974000000.0,-53000000.0,965000000.0,1801000000.0,3173000000.0,367000000.0,1940000000.0,1233000000.0,-420000000.0,813000000.0,4974000000.0,200300000.0,198813000.0,199057000.0
CenturyLink Inc,CTL,8M3THTGWLTYZVE6BBY25,18926,2009.0,Q3,2009-07-01,2009-09-30,2010-11-05 18:23:15+00:00,0.94,0.94,0.7,362202000.0,0.94,,,99876000.0,148047000.0,148047000.0,147635000.0,412000.0,684865000.0,1874325000.0,9362000.0,448275000.0,684865000.0,1189460000.0,140422000.0,810477000.0,378983000.0,-131060000.0,247923000.0,1874325000.0,157100000.0,298133000.0,298403000.0
CenturyLink Inc,CTL,8M3THTGWLTYZVE6BBY25,18926,2009.0,Q2,2009-04-01,2009-06-30,2010-08-06 16:38:43+00:00,0.68,0.68,0.7,128552000.0,0.68,,,42813000.0,69328000.0,69328000.0,69030000.0,298000.0,235732000.0,634469000.0,7635000.0,120742000.0,235732000.0,398737000.0,44937000.0,249294000.0,149443000.0,-37302000.0,112141000.0,634469000.0,101500000.0,99414000.0,99450000.0
CenturyLink Inc,CTL,8M3THTGWLTYZVE6BBY25,18926,2010.0,FY,2010-01-01,2010-12-31,2012-02-28 06:08:12+00:00,3.13,3.13,,1434000000.0,3.13,,,583000000.0,948000000.0,948000000.0,948000000.0,,2544000000.0,7042000000.0,15000000.0,1004000000.0,2544000000.0,4498000000.0,544000000.0,2438000000.0,2060000000.0,-529000000.0,1531000000.0,7042000000.0,302900000.0,300619000.0,301297000.0
CenturyLink Inc,CTL,8M3THTGWLTYZVE6BBY25,18926,2010.0,Q4,2010-10-01,2010-12-31,,0.74,0.74,-2.18,364887000.0,0.74,,,134531000.0,223917000.0,223917000.0,224628000.0,-711000.0,694475000.0,1721544000.0,-6808000.0,176400000.0,694475000.0,1027069000.0,120526000.0,541287000.0,485782000.0,-127334000.0,358448000.0,1721544000.0,302900000.0,300619000.0,301297000.0
CenturyLink Inc,CTL,8M3THTGWLTYZVE6BBY25,18926,2010.0,Q3,2010-07-01,2010-09-30,2011-11-07 17:11:24+00:00,0.76,0.76,0.725,358000000.0,0.76,,,140000000.0,232000000.0,232000000.0,232000000.0,,641000000.0,1748000000.0,4000000.0,243000000.0,641000000.0,1107000000.0,138000000.0,601000000.0,506000000.0,-134000000.0,372000000.0,1748000000.0,305300000.0,300702000.0,301386000.0
CenturyLink Inc,CTL,8M3THTGWLTYZVE6BBY25,18926,2010.0,Q3YTD,2010-01-01,2010-09-30,,2.39,2.39,2.18,1069113000.0,2.39,,,448469000.0,724083000.0,724083000.0,723372000.0,711000.0,1849525000.0,5320456000.0,21808000.0,827600000.0,1849525000.0,3470931000.0,423474000.0,1896713000.0,1574218000.0,-401666000.0,1172552000.0,5320456000.0,305300000.0,300702000.0,301386000.0
CenturyLink Inc,CTL,8M3THTGWLTYZVE6BBY25,18926,2010.0,Q2,2010-04-01,2010-06-30,2010-08-06 16:38:43+00:00,0.79,0.79,0.725,357951000.0,0.79,,,147921000.0,239126000.0,239126000.0,238771000.0,355000.0,589420000.0,1772030000.0,7308000.0,301671000.0,589420000.0,1182610000.0,143249000.0,659622000.0,522988000.0,-135941000.0,387047000.0,1772030000.0,302200000.0,300058000.0,300605000.0
CenturyLink Inc,CTL,8M3THTGWLTYZVE6BBY25,18926,2010.0,Q2YTD,2010-01-01,2010-06-30,,1.63,1.63,1.45,711113000.0,1.63,,,308469000.0,492083000.0,492083000.0,491372000.0,711000.0,1208525000.0,3572456000.0,17808000.0,584600000.0,1208525000.0,2363931000.0,285474000.0,1295713000.0,1068218000.0,-267666000.0,800552000.0,3572456000.0,302200000.0,300058000.0,300605000.0
CenturyLink Inc,CTL,8M3THTGWLTYZVE6BBY25,18926,2010.0,Q1,2010-01-01,2010-03-31,2011-05-06 13:25:42+00:00,0.84,0.84,0.725,353162000.0,0.84,,,160548000.0,252957000.0,252957000.0,252601000.0,356000.0,619105000.0,1800426000.0,10500000.0,282929000.0,619105000.0,1181321000.0,142225000.0,636091000.0,545230000.0,-131725000.0,413505000.0,1800426000.0,300700000.0,299413000.0,299997000.0
CenturyLink Inc,CTL,8M3THTGWLTYZVE6BBY25,18926,2011.0,Q4,2011-10-01,2011-12-31,,-0.02,-0.02,-2.18,1234000000.0,-0.02,,,90000000.0,120000000.0,120000000.0,120000000.0,,1968000000.0,4653000000.0,7000000.0,900000000.0,1968000000.0,2685000000.0,348000000.0,2134000000.0,551000000.0,-341000000.0,210000000.0,4653000000.0,535500000.0,532780000.0,534121000.0
CenturyLink Inc,CTL,8M3THTGWLTYZVE6BBY25,18926,2011.0,FY,2011-01-01,2011-12-31,2014-02-27 14:30:52+00:00,1.07,1.07,,4026000000.0,1.07,,0.0,375000000.0,573000000.0,573000000.0,573000000.0,,6325000000.0,15351000000.0,3000000.0,2975000000.0,6325000000.0,9026000000.0,1080000000.0,7001000000.0,2025000000.0,-1077000000.0,948000000.0,15351000000.0,535500000.0,532780000.0,534121000.0
CenturyLink Inc,CTL,8M3THTGWLTYZVE6BBY25,18926,2011.0,Q3,2011-07-01,2011-09-30,2011-11-07 17:11:24+00:00,0.23,0.23,0.725,1225000000.0,0.23,,,94000000.0,140000000.0,140000000.0,140000000.0,,1950000000.0,4596000000.0,7000000.0,870000000.0,1950000000.0,2646000000.0,324000000.0,2095000000.0,551000000.0,-317000000.0,234000000.0,4596000000.0,608700000.0,612277000.0,613686000.0
CenturyLink Inc,CTL,8M3THTGWLTYZVE6BBY25,18926,2011.0,Q3YTD,2011-01-01,2011-09-30,,1.09,1.09,2.18,2792000000.0,1.09,,,285000000.0,453000000.0,453000000.0,453000000.0,,4357000000.0,10698000000.0,-4000000.0,2075000000.0,4357000000.0,6341000000.0,732000000.0,4867000000.0,1474000000.0,-736000000.0,738000000.0,10698000000.0,608700000.0,612277000.0,613686000.0
CenturyLink Inc,CTL,8M3THTGWLTYZVE6BBY25,18926,2011.0,Q3TTM,2010-10-01,2011-09-30,,1.83,1.83,,3156887000.0,1.83,,,419531000.0,676917000.0,676917000.0,677628000.0,-711000.0,5051475000.0,12419544000.0,-10808000.0,2251400000.0,5051475000.0,7368069000.0,852526000.0,5408287000.0,1959782000.0,-863334000.0,1096448000.0,12419544000.0,608700000.0,612277000.0,613686000.0
CenturyLink Inc,CTL,8M3THTGWLTYZVE6BBY25,18926,2011.0,Q2,2011-04-01,2011-06-30,2011-08-09 16:17:51+00:00,0.17,0.17,0.725,1198000000.0,0.17,,,63000000.0,102000000.0,102000000.0,102000000.0,,1781000000.0,4406000000.0,-14000000.0,968000000.0,1781000000.0,2625000000.0,280000000.0,2166000000.0,459000000.0,-294000000.0,165000000.0,4406000000.0,600000000.0,598884000.0,600259000.0
CenturyLink Inc,CTL,8M3THTGWLTYZVE6BBY25,18926,2011.0,Q2YTD,2011-01-01,2011-06-30,,0.86,0.86,1.45,1567000000.0,0.86,,,191000000.0,313000000.0,313000000.0,313000000.0,,2407000000.0,6102000000.0,-11000000.0,1205000000.0,2407000000.0,3695000000.0,408000000.0,2772000000.0,923000000.0,-419000000.0,504000000.0,6102000000.0,600000000.0,598884000.0,600259000.0
CenturyLink Inc,CTL,8M3THTGWLTYZVE6BBY25,18926,2011.0,Q2TTM,2010-07-01,2011-06-30,,2.36,2.36,,2289887000.0,2.36,,,465531000.0,768917000.0,768917000.0,769628000.0,-711000.0,3742475000.0,9571544000.0,-13808000.0,1624400000.0,3742475000.0,5829069000.0,666526000.0,3914287000.0,1914782000.0,-680334000.0,1234448000.0,9571544000.0,600000000.0,598884000.0,600259000.0
CenturyLink Inc,CTL,8M3THTGWLTYZVE6BBY25,18926,2011.0,Q1,2011-01-01,2011-03-31,2012-05-10 16:14:21+00:00,0.69,0.69,0.725,369000000.0,0.69,,,128000000.0,211000000.0,211000000.0,211000000.0,,626000000.0,1696000000.0,3000000.0,237000000.0,626000000.0,1070000000.0,128000000.0,606000000.0,464000000.0,-125000000.0,339000000.0,1696000000.0,305800000.0,303832000.0,304479000.0
CenturyLink Inc,CTL,8M3THTGWLTYZVE6BBY25,18926,2011.0,Q1TTM,2010-04-01,2011-03-31,,2.98,2.98,,1449838000.0,2.98,,,550452000.0,906043000.0,906043000.0,906399000.0,-356000.0,2550895000.0,6937574000.0,7500000.0,958071000.0,2550895000.0,4386679000.0,529775000.0,2407909000.0,1978770000.0,-522275000.0,1456495000.0,6937574000.0,305800000.0,303832000.0,304479000.0
CenturyLink Inc,CTL,8M3THTGWLTYZVE6BBY25,18926,2012.0,Q4,2012-10-01,2012-12-31,,-0.02,0.38,-2.18,1220000000.0,0.38,,,141000000.0,233000000.0,233000000.0,233000000.0,,1907000000.0,4583000000.0,,790000000.0,1907000000.0,2676000000.0,292000000.0,2010000000.0,666000000.0,-292000000.0,374000000.0,4583000000.0,25900000000.0,620205000.0,622285000.0
CenturyLink Inc,CTL,8M3THTGWLTYZVE6BBY25,18926,2012.0,FY,2012-01-01,2012-12-31,2015-02-24 17:24:37+00:00,0.03,1.25,,4780000000.0,1.25,,0.0,473000000.0,777000000.0,777000000.0,777000000.0,,7639000000.0,18376000000.0,35000000.0,3244000000.0,7639000000.0,10737000000.0,1498000000.0,8024000000.0,2713000000.0,-1463000000.0,1250000000.0,18376000000.0,25900000000.0,620205000.0,622285000.0
CenturyLink Inc,CTL,8M3THTGWLTYZVE6BBY25,18926,2012.0,Q3,2012-07-01,2012-09-30,2012-11-08 16:53:17+00:00,0.05,0.43,0.725,1144000000.0,0.43,,,152000000.0,270000000.0,270000000.0,270000000.0,,1943000000.0,4571000000.0,12000000.0,748000000.0,1943000000.0,2628000000.0,326000000.0,1892000000.0,736000000.0,-314000000.0,422000000.0,4571000000.0,5400000000.0,621148000.0,623296000.0
CenturyLink Inc,CTL,8M3THTGWLTYZVE6BBY25,18926,2012.0,Q3YTD,2012-01-01,2012-09-30,,0.05,0.87,2.18,3560000000.0,0.87,,,332000000.0,544000000.0,544000000.0,544000000.0,,5732000000.0,13793000000.0,35000000.0,2454000000.0,5732000000.0,8061000000.0,1206000000.0,6014000000.0,2047000000.0,-1171000000.0,876000000.0,13793000000.0,5400000000.0,621148000.0,623296000.0
CenturyLink Inc,CTL,8M3THTGWLTYZVE6BBY25,18926,2012.0,Q3TTM,2011-10-01,2012-09-30,,0.03,0.85,,4794000000.0,0.85,,,422000000.0,664000000.0,664000000.0,664000000.0,,7700000000.0,18446000000.0,42000000.0,3354000000.0,7700000000.0,10746000000.0,1554000000.0,8148000000.0,2598000000.0,-1512000000.0,1086000000.0,18446000000.0,5400000000.0,621148000.0,623296000.0
CenturyLink Inc,CTL,8M3THTGWLTYZVE6BBY25,18926,2012.0,Q2,2012-04-01,2012-06-30,2012-08-09 15:03:26+00:00,-0.01,0.12,0.725,1208000000.0,0.12,,,49000000.0,74000000.0,74000000.0,74000000.0,,1912000000.0,4612000000.0,3000000.0,835000000.0,1912000000.0,2700000000.0,537000000.0,2043000000.0,657000000.0,-534000000.0,123000000.0,4612000000.0,-7400000000.0,619887000.0,621839000.0
CenturyLink Inc,CTL,8M3THTGWLTYZVE6BBY25,18926,2012.0,Q2YTD,2012-01-01,2012-06-30,,,0.44,1.45,2416000000.0,0.44,,,180000000.0,274000000.0,274000000.0,274000000.0,,3789000000.0,9222000000.0,23000000.0,1706000000.0,3789000000.0,5433000000.0,880000000.0,4122000000.0,1311000000.0,-857000000.0,454000000.0,9222000000.0,-7400000000.0,619887000.0,621839000.0
CenturyLink Inc,CTL,8M3THTGWLTYZVE6BBY25,18926,2012.0,Q2TTM,2011-07-01,2012-06-30,,0.21,0.65,,4875000000.0,0.65,,,364000000.0,534000000.0,534000000.0,534000000.0,,7707000000.0,18471000000.0,37000000.0,3476000000.0,7707000000.0,10764000000.0,1552000000.0,8351000000.0,2413000000.0,-1515000000.0,898000000.0,18471000000.0,-7400000000.0,619887000.0,621839000.0
CenturyLink Inc,CTL,8M3THTGWLTYZVE6BBY25,18926,2012.0,Q1,2012-01-01,2012-03-31,2012-05-10 16:14:21+00:00,0.01,0.32,0.725,1208000000.0,0.32,,,131000000.0,200000000.0,200000000.0,200000000.0,,1877000000.0,4610000000.0,20000000.0,871000000.0,1877000000.0,2733000000.0,343000000.0,2079000000.0,654000000.0,-323000000.0,331000000.0,4610000000.0,20000000000.0,618208000.0,620350000.0
CenturyLink Inc,CTL,8M3THTGWLTYZVE6BBY25,18926,2012.0,Q1TTM,2011-04-01,2012-03-31,,0.39,0.7,,4865000000.0,0.7,,,378000000.0,562000000.0,562000000.0,562000000.0,,7576000000.0,18265000000.0,20000000.0,3609000000.0,7576000000.0,10689000000.0,1295000000.0,8474000000.0,2215000000.0,-1275000000.0,940000000.0,18265000000.0,20000000000.0,618208000.0,620350000.0
CenturyLink Inc,CTL,8M3THTGWLTYZVE6BBY25,18926,2013.0,Q4,2013-10-01,2013-12-31,,0.43,0.43,-1.62,1166000000.0,0.44,,-8000000.0,91000000.0,239000000.0,239000000.0,239000000.0,,1920000000.0,4542000000.0,7000000.0,823000000.0,1920000000.0,2622000000.0,318000000.0,1981000000.0,641000000.0,-311000000.0,330000000.0,4542000000.0,597500000.0,600892000.0,600892000.0
CenturyLink Inc,CTL,8M3THTGWLTYZVE6BBY25,18926,2013.0,FY,2013-01-01,2013-12-31,2015-02-24 17:24:37+00:00,-0.4,-0.4,,4541000000.0,-0.4,,1092000000.0,463000000.0,-239000000.0,-239000000.0,-239000000.0,,7507000000.0,18095000000.0,59000000.0,3502000000.0,7507000000.0,10588000000.0,1288000000.0,9135000000.0,1453000000.0,-1229000000.0,224000000.0,18095000000.0,597500000.0,600892000.0,600892000.0
CenturyLink Inc,CTL,8M3THTGWLTYZVE6BBY25,18926,2013.0,Q3,2013-07-01,2013-09-30,2013-11-07 20:50:31+00:00,-1.76,-1.76,0.54,1135000000.0,-1.76,,1100000000.0,40000000.0,-1045000000.0,-1045000000.0,-1045000000.0,,1918000000.0,4515000000.0,9000000.0,1047000000.0,1918000000.0,2597000000.0,329000000.0,3282000000.0,-685000000.0,-320000000.0,-1005000000.0,4515000000.0,593800000.0,594587000.0,594587000.0
CenturyLink Inc,CTL,8M3THTGWLTYZVE6BBY25,18926,2013.0,Q3YTD,2013-01-01,2013-09-30,,-0.83,-0.83,1.62,3375000000.0,-0.84,,1100000000.0,372000000.0,-478000000.0,-478000000.0,-478000000.0,,5587000000.0,13553000000.0,52000000.0,2679000000.0,5587000000.0,7966000000.0,970000000.0,7154000000.0,812000000.0,-918000000.0,-106000000.0,13553000000.0,593800000.0,594587000.0,594587000.0
CenturyLink Inc,CTL,8M3THTGWLTYZVE6BBY25,18926,2013.0,Q3TTM,2012-10-01,2013-09-30,,-0.85,-0.45,-0.55,4595000000.0,-0.46,,1100000000.0,513000000.0,-245000000.0,-245000000.0,-245000000.0,,7494000000.0,18136000000.0,52000000.0,3469000000.0,7494000000.0,10642000000.0,1262000000.0,9164000000.0,1478000000.0,-1210000000.0,268000000.0,18136000000.0,593800000.0,594587000.0,594587000.0
CenturyLink Inc,CTL,8M3THTGWLTYZVE6BBY25,18926,2013.0,Q2,2013-04-01,2013-06-30,2013-08-08 16:19:31+00:00,0.45,0.45,0.54,1123000000.0,0.44,,,125000000.0,269000000.0,269000000.0,269000000.0,,1873000000.0,4525000000.0,4000000.0,814000000.0,1873000000.0,2652000000.0,325000000.0,1937000000.0,715000000.0,-321000000.0,394000000.0,4525000000.0,597800000.0,604302000.0,605602000.0
CenturyLink Inc,CTL,8M3THTGWLTYZVE6BBY25,18926,2013.0,Q2YTD,2013-01-01,2013-06-30,,0.93,0.93,1.08,2240000000.0,0.92,,,332000000.0,567000000.0,567000000.0,567000000.0,,3669000000.0,9038000000.0,43000000.0,1632000000.0,3669000000.0,5369000000.0,641000000.0,3872000000.0,1497000000.0,-598000000.0,899000000.0,9038000000.0,597800000.0,604302000.0,605602000.0
CenturyLink Inc,CTL,8M3THTGWLTYZVE6BBY25,18926,2013.0,Q2TTM,2012-07-01,2013-06-30,,0.96,1.74,-0.37,4604000000.0,1.73,,,625000000.0,1070000000.0,1070000000.0,1070000000.0,,7519000000.0,18192000000.0,55000000.0,3170000000.0,7519000000.0,10673000000.0,1259000000.0,7774000000.0,2899000000.0,-1204000000.0,1695000000.0,18192000000.0,597800000.0,604302000.0,605602000.0
CenturyLink Inc,CTL,8M3THTGWLTYZVE6BBY25,18926,2013.0,Q1,2013-01-01,2013-03-31,2013-05-10 12:17:08+00:00,0.48,0.48,0.54,1117000000.0,0.48,,,207000000.0,298000000.0,298000000.0,298000000.0,,1796000000.0,4513000000.0,39000000.0,818000000.0,1796000000.0,2717000000.0,316000000.0,1935000000.0,782000000.0,-277000000.0,505000000.0,4513000000.0,620800000.0,619423000.0,621074000.0
CenturyLink Inc,CTL,8M3THTGWLTYZVE6BBY25,18926,2013.0,Q1TTM,2012-04-01,2013-03-31,,0.5,1.41,-0.18,4689000000.0,1.41,,,549000000.0,875000000.0,875000000.0,875000000.0,,7558000000.0,18279000000.0,54000000.0,3191000000.0,7558000000.0,10721000000.0,1471000000.0,7880000000.0,2841000000.0,-1417000000.0,1424000000.0,18279000000.0,620800000.0,619423000.0,621074000.0
CenturyLink Inc,CTL,8M3THTGWLTYZVE6BBY25,18926,2014.0,FY,2014-01-01,2014-12-31,2017-02-22 22:01:24+00:00,1.36,1.36,,4428000000.0,1.36,,,338000000.0,772000000.0,772000000.0,772000000.0,,7846000000.0,18031000000.0,11000000.0,3347000000.0,7846000000.0,10185000000.0,1311000000.0,7775000000.0,2410000000.0,-1300000000.0,1110000000.0,18031000000.0,567600000.0,568435000.0,569739000.0
CenturyLink Inc,CTL,8M3THTGWLTYZVE6BBY25,18926,2014.0,Q4,2014-10-01,2014-12-31,,0.71,0.34,-1.62,1131000000.0,0.34,,,-31000000.0,188000000.0,188000000.0,188000000.0,,1974000000.0,4438000000.0,4000000.0,850000000.0,1974000000.0,2464000000.0,330000000.0,1981000000.0,483000000.0,-326000000.0,157000000.0,4438000000.0,567600000.0,568435000.0,569739000.0
CenturyLink Inc,CTL,8M3THTGWLTYZVE6BBY25,18926,2014.0,Q3,2014-07-01,2014-09-30,2015-11-05 17:04:08+00:00,0.33,0.33,0.54,1097000000.0,0.33,,,111000000.0,188000000.0,188000000.0,188000000.0,,1975000000.0,4514000000.0,5000000.0,823000000.0,1975000000.0,2539000000.0,325000000.0,1920000000.0,619000000.0,-320000000.0,299000000.0,4514000000.0,569700000.0,565965000.0,567432000.0
CenturyLink Inc,CTL,8M3THTGWLTYZVE6BBY25,18926,2014.0,Q3YTD,2014-01-01,2014-09-30,,0.65,1.02,1.62,3297000000.0,1.02,,,369000000.0,584000000.0,584000000.0,584000000.0,,5872000000.0,13593000000.0,7000000.0,2497000000.0,5872000000.0,7721000000.0,981000000.0,5794000000.0,1927000000.0,-974000000.0,953000000.0,13593000000.0,569700000.0,565965000.0,567432000.0
CenturyLink Inc,CTL,8M3THTGWLTYZVE6BBY25,18926,2014.0,Q3TTM,2013-10-01,2014-09-30,,1.08,1.45,,4463000000.0,1.46,,-8000000.0,460000000.0,823000000.0,823000000.0,823000000.0,,7792000000.0,18135000000.0,14000000.0,3320000000.0,7792000000.0,10343000000.0,1299000000.0,7775000000.0,2568000000.0,-1285000000.0,1283000000.0,18135000000.0,569700000.0,565965000.0,567432000.0
CenturyLink Inc,CTL,8M3THTGWLTYZVE6BBY25,18926,2014.0,Q2YTD,2014-01-01,2014-06-30,,0.32,0.69,1.08,2200000000.0,0.69,,,258000000.0,396000000.0,396000000.0,396000000.0,,3897000000.0,9079000000.0,2000000.0,1674000000.0,3897000000.0,5182000000.0,656000000.0,3874000000.0,1308000000.0,-654000000.0,654000000.0,9079000000.0,567600000.0,567915000.0,569032000.0
CenturyLink Inc,CTL,8M3THTGWLTYZVE6BBY25,18926,2014.0,Q2TTM,2013-07-01,2014-06-30,,-1.01,-0.64,,4501000000.0,-0.63,,1092000000.0,389000000.0,-410000000.0,-410000000.0,-410000000.0,,7735000000.0,18136000000.0,18000000.0,3544000000.0,7735000000.0,10401000000.0,1303000000.0,9137000000.0,1264000000.0,-1285000000.0,-21000000.0,18136000000.0,567600000.0,567915000.0,569032000.0
CenturyLink Inc,CTL,8M3THTGWLTYZVE6BBY25,18926,2014.0,Q2,2014-04-01,2014-06-30,2015-08-06 15:05:31+00:00,0.34,0.34,0.54,1093000000.0,0.34,,,130000000.0,193000000.0,193000000.0,193000000.0,,1962000000.0,4541000000.0,-7000000.0,831000000.0,1962000000.0,2579000000.0,325000000.0,1924000000.0,655000000.0,-332000000.0,323000000.0,4541000000.0,567600000.0,567915000.0,569032000.0
CenturyLink Inc,CTL,8M3THTGWLTYZVE6BBY25,18926,2014.0,Q1,2014-01-01,2014-03-31,2014-05-08 18:29:11+00:00,-0.02,0.35,0.54,1107000000.0,0.35,,,128000000.0,203000000.0,203000000.0,203000000.0,,1935000000.0,4538000000.0,9000000.0,843000000.0,1935000000.0,2603000000.0,331000000.0,1950000000.0,653000000.0,-322000000.0,331000000.0,4538000000.0,-10150000000.0,574535000.0,575456000.0
CenturyLink Inc,CTL,8M3THTGWLTYZVE6BBY25,18926,2014.0,Q1TTM,2013-04-01,2014-03-31,,-0.9,-0.53,,4531000000.0,-0.53,,1092000000.0,384000000.0,-334000000.0,-334000000.0,-334000000.0,,7646000000.0,18120000000.0,29000000.0,3527000000.0,7646000000.0,10474000000.0,1303000000.0,9150000000.0,1324000000.0,-1274000000.0,50000000.0,18120000000.0,-10150000000.0,574535000.0,575456000.0
CenturyLink Inc,CTL,8M3THTGWLTYZVE6BBY25,18926,2015.0,FY,2015-01-01,2015-12-31,2018-02-28 21:59:48+00:00,1.58,1.58,,4189000000.0,1.58,,,438000000.0,878000000.0,878000000.0,878000000.0,,7778000000.0,17900000000.0,49000000.0,3354000000.0,7778000000.0,10122000000.0,1312000000.0,7543000000.0,2579000000.0,-1263000000.0,1316000000.0,17900000000.0,555700000.0,554278000.0,555093000.0
CenturyLink Inc,CTL,8M3THTGWLTYZVE6BBY25,18926,2015.0,Q4,2015-10-01,2015-12-31,,0.61,0.61,-1.62,1053000000.0,0.61,,,92000000.0,338000000.0,338000000.0,338000000.0,,1915000000.0,4476000000.0,33000000.0,783000000.0,1915000000.0,2561000000.0,328000000.0,1836000000.0,725000000.0,-295000000.0,430000000.0,4476000000.0,555700000.0,554278000.0,555093000.0
CenturyLink Inc,CTL,8M3THTGWLTYZVE6BBY25,18926,2015.0,Q3,2015-07-01,2015-09-30,2016-11-04 13:58:04+00:00,0.37,0.37,0.54,1048000000.0,0.37,,,124000000.0,205000000.0,205000000.0,205000000.0,,1993000000.0,4554000000.0,2000000.0,857000000.0,1993000000.0,2561000000.0,329000000.0,1905000000.0,656000000.0,-327000000.0,329000000.0,4554000000.0,554100000.0,554897000.0,555156000.0
CenturyLink Inc,CTL,8M3THTGWLTYZVE6BBY25,18926,2015.0,Q3YTD,2015-01-01,2015-09-30,,0.97,0.97,1.62,3136000000.0,0.97,,,346000000.0,540000000.0,540000000.0,540000000.0,,5863000000.0,13424000000.0,16000000.0,2571000000.0,5863000000.0,7561000000.0,984000000.0,5707000000.0,1854000000.0,-968000000.0,886000000.0,13424000000.0,554100000.0,554897000.0,555156000.0
CenturyLink Inc,CTL,8M3THTGWLTYZVE6BBY25,18926,2015.0,Q3TTM,2014-10-01,2015-09-30,,1.68,1.31,,4267000000.0,1.31,,,315000000.0,728000000.0,728000000.0,728000000.0,,7837000000.0,17862000000.0,20000000.0,3421000000.0,7837000000.0,10025000000.0,1314000000.0,7688000000.0,2337000000.0,-1294000000.0,1043000000.0,17862000000.0,554100000.0,554897000.0,555156000.0
CenturyLink Inc,CTL,8M3THTGWLTYZVE6BBY25,18926,2015.0,Q2,2015-04-01,2015-06-30,2016-08-04 16:22:14+00:00,0.26,0.26,0.54,1048000000.0,0.26,,,91000000.0,143000000.0,143000000.0,143000000.0,,1959000000.0,4419000000.0,12000000.0,863000000.0,1959000000.0,2460000000.0,327000000.0,1911000000.0,549000000.0,-315000000.0,234000000.0,4419000000.0,550000000.0,558640000.0,559220000.0
CenturyLink Inc,CTL,8M3THTGWLTYZVE6BBY25,18926,2015.0,Q2YTD,2015-01-01,2015-06-30,,0.6,0.6,1.08,2088000000.0,0.6,,,222000000.0,335000000.0,335000000.0,335000000.0,,3870000000.0,8870000000.0,14000000.0,1714000000.0,3870000000.0,5000000000.0,655000000.0,3802000000.0,1198000000.0,-641000000.0,557000000.0,8870000000.0,550000000.0,558640000.0,559220000.0
CenturyLink Inc,CTL,8M3THTGWLTYZVE6BBY25,18926,2015.0,Q2TTM,2014-07-01,2015-06-30,,1.64,1.27,,4316000000.0,1.27,,,302000000.0,711000000.0,711000000.0,711000000.0,,7819000000.0,17822000000.0,23000000.0,3387000000.0,7819000000.0,10003000000.0,1310000000.0,7703000000.0,2300000000.0,-1287000000.0,1013000000.0,17822000000.0,550000000.0,558640000.0,559220000.0
CenturyLink Inc,CTL,8M3THTGWLTYZVE6BBY25,18926,2015.0,Q1,2015-01-01,2015-03-31,2016-05-05 11:47:12+00:00,0.34,0.34,0.54,1040000000.0,0.34,,,131000000.0,192000000.0,192000000.0,192000000.0,,1911000000.0,4451000000.0,2000000.0,851000000.0,1911000000.0,2540000000.0,328000000.0,1891000000.0,649000000.0,-326000000.0,323000000.0,4451000000.0,564700000.0,561969000.0,563505000.0
CenturyLink Inc,CTL,8M3THTGWLTYZVE6BBY25,18926,2015.0,Q1TTM,2014-04-01,2015-03-31,,1.72,1.35,,4361000000.0,1.35,,,341000000.0,761000000.0,761000000.0,761000000.0,,7822000000.0,17944000000.0,4000000.0,3355000000.0,7822000000.0,10122000000.0,1308000000.0,7716000000.0,2406000000.0,-1304000000.0,1102000000.0,17944000000.0,564700000.0,561969000.0,563505000.0
CenturyLink Inc,CTL,8M3THTGWLTYZVE6BBY25,18926,2016.0,FY,2016-01-01,2016-12-31,2019-03-11 06:23:52+00:00,1.16,1.16,2.16,3916000000.0,1.16,,0.0,394000000.0,626000000.0,626000000.0,626000000.0,,7774000000.0,17470000000.0,5000000.0,3447000000.0,7774000000.0,9696000000.0,1318000000.0,7363000000.0,2333000000.0,-1313000000.0,1020000000.0,17470000000.0,539700000.0,539549000.0,540679000.0
CenturyLink Inc,CTL,8M3THTGWLTYZVE6BBY25,18926,2016.0,Q4,2016-10-01,2016-12-31,,0.08,0.08,0.54,958000000.0,0.08,,,32000000.0,42000000.0,42000000.0,42000000.0,,1929000000.0,4289000000.0,-11000000.0,997000000.0,1929000000.0,2360000000.0,320000000.0,1955000000.0,405000000.0,-331000000.0,74000000.0,4289000000.0,539700000.0,539549000.0,540679000.0
CenturyLink Inc,CTL,8M3THTGWLTYZVE6BBY25,18926,2016.0,Q3,2016-07-01,2016-09-30,2017-11-09 09:51:26+00:00,0.28,0.28,0.54,995000000.0,0.28,,,97000000.0,152000000.0,152000000.0,152000000.0,,1996000000.0,4382000000.0,-17000000.0,798000000.0,1996000000.0,2386000000.0,327000000.0,1793000000.0,593000000.0,-344000000.0,249000000.0,4382000000.0,542900000.0,539806000.0,540917000.0
CenturyLink Inc,CTL,8M3THTGWLTYZVE6BBY25,18926,2016.0,Q3YTD,2016-01-01,2016-09-30,,1.08,1.08,1.62,2958000000.0,1.08,,,362000000.0,584000000.0,584000000.0,584000000.0,,5845000000.0,13181000000.0,16000000.0,2450000000.0,5845000000.0,7336000000.0,998000000.0,5408000000.0,1928000000.0,-982000000.0,946000000.0,13181000000.0,542900000.0,539806000.0,540917000.0
CenturyLink Inc,CTL,8M3THTGWLTYZVE6BBY25,18926,2016.0,Q3TTM,2015-10-01,2016-09-30,,1.69,1.69,,4011000000.0,1.69,,,454000000.0,922000000.0,922000000.0,922000000.0,,7760000000.0,17657000000.0,49000000.0,3233000000.0,7760000000.0,9897000000.0,1326000000.0,7244000000.0,2653000000.0,-1277000000.0,1376000000.0,17657000000.0,542900000.0,539806000.0,540917000.0
CenturyLink Inc,CTL,8M3THTGWLTYZVE6BBY25,18926,2016.0,Q2,2016-04-01,2016-06-30,2017-08-04 18:29:08+00:00,0.36,0.36,0.54,987000000.0,0.36,,,121000000.0,196000000.0,196000000.0,196000000.0,,1949000000.0,4398000000.0,10000000.0,815000000.0,1949000000.0,2449000000.0,340000000.0,1802000000.0,647000000.0,-330000000.0,317000000.0,4398000000.0,544400000.0,539627000.0,540375000.0
CenturyLink Inc,CTL,8M3THTGWLTYZVE6BBY25,18926,2016.0,Q2YTD,2016-01-01,2016-06-30,,0.8,0.8,1.08,1963000000.0,0.8,,,265000000.0,432000000.0,432000000.0,432000000.0,,3849000000.0,8799000000.0,33000000.0,1652000000.0,3849000000.0,4950000000.0,671000000.0,3615000000.0,1335000000.0,-638000000.0,697000000.0,8799000000.0,544400000.0,539627000.0,540375000.0
CenturyLink Inc,CTL,8M3THTGWLTYZVE6BBY25,18926,2016.0,Q2TTM,2015-07-01,2016-06-30,,1.78,1.78,,4064000000.0,1.78,,,481000000.0,975000000.0,975000000.0,975000000.0,,7757000000.0,17829000000.0,68000000.0,3292000000.0,7757000000.0,10072000000.0,1328000000.0,7356000000.0,2716000000.0,-1260000000.0,1456000000.0,17829000000.0,544400000.0,539627000.0,540375000.0
CenturyLink Inc,CTL,8M3THTGWLTYZVE6BBY25,18926,2016.0,Q1,2016-01-01,2016-03-31,2017-05-04 19:02:20+00:00,0.44,0.44,0.54,976000000.0,0.44,,,144000000.0,236000000.0,236000000.0,236000000.0,,1900000000.0,4401000000.0,23000000.0,837000000.0,1900000000.0,2501000000.0,331000000.0,1813000000.0,688000000.0,-308000000.0,380000000.0,4401000000.0,536400000.0,538799000.0,540187000.0
CenturyLink Inc,CTL,8M3THTGWLTYZVE6BBY25,18926,2016.0,Q1TTM,2015-04-01,2016-03-31,,1.68,1.68,,4125000000.0,1.68,,,451000000.0,922000000.0,922000000.0,922000000.0,,7767000000.0,17850000000.0,70000000.0,3340000000.0,7767000000.0,10083000000.0,1315000000.0,7465000000.0,2618000000.0,-1245000000.0,1373000000.0,17850000000.0,536400000.0,538799000.0,540187000.0
CenturyLink Inc,CTL,8M3THTGWLTYZVE6BBY25,18926,2017.0,FY,2017-01-01,2017-12-31,2020-02-28 16:25:37+00:00,2.21,2.21,2.16,3936000000.0,2.21,,0.0,-849000000.0,1389000000.0,1389000000.0,1389000000.0,,8203000000.0,17656000000.0,12000000.0,3508000000.0,8203000000.0,9453000000.0,1481000000.0,7444000000.0,2009000000.0,-1469000000.0,540000000.0,17656000000.0,628500000.0,627808000.0,628693000.0
CenturyLink Inc,CTL,8M3THTGWLTYZVE6BBY25,18926,2017.0,Q4,2017-10-01,2017-12-31,,1.71,1.71,0.54,1197000000.0,1.71,,,-1063000000.0,1117000000.0,1117000000.0,1117000000.0,,2498000000.0,5323000000.0,11000000.0,1104000000.0,2498000000.0,2825000000.0,481000000.0,2301000000.0,524000000.0,-470000000.0,54000000.0,5323000000.0,628500000.0,627808000.0,628693000.0
CenturyLink Inc,CTL,8M3THTGWLTYZVE6BBY25,18926,2017.0,Q3,2017-07-01,2017-09-30,2018-11-09 16:28:00+00:00,0.17,0.17,0.54,910000000.0,0.17,,,47000000.0,92000000.0,92000000.0,92000000.0,,1927000000.0,4034000000.0,14000000.0,710000000.0,1927000000.0,2107000000.0,362000000.0,1620000000.0,487000000.0,-348000000.0,139000000.0,4034000000.0,541200000.0,541521000.0,541963000.0
CenturyLink Inc,CTL,8M3THTGWLTYZVE6BBY25,18926,2017.0,Q3YTD,2017-01-01,2017-09-30,,0.5,0.5,1.62,2739000000.0,0.5,,,214000000.0,272000000.0,272000000.0,272000000.0,,5705000000.0,12333000000.0,1000000.0,2404000000.0,5705000000.0,6628000000.0,1000000000.0,5143000000.0,1485000000.0,-999000000.0,486000000.0,12333000000.0,541200000.0,541521000.0,541963000.0
CenturyLink Inc,CTL,8M3THTGWLTYZVE6BBY25,18926,2017.0,Q3TTM,2016-10-01,2017-09-30,,0.58,0.58,2.16,3697000000.0,0.58,,,246000000.0,314000000.0,314000000.0,314000000.0,,7634000000.0,16622000000.0,-10000000.0,3401000000.0,7634000000.0,8988000000.0,1320000000.0,7098000000.0,1890000000.0,-1330000000.0,560000000.0,16622000000.0,541200000.0,541521000.0,541963000.0
CenturyLink Inc,CTL,8M3THTGWLTYZVE6BBY25,18926,2017.0,Q2,2017-04-01,2017-06-30,2018-08-09 16:19:18+00:00,0.03,0.03,0.54,949000000.0,0.03,,,23000000.0,17000000.0,17000000.0,17000000.0,,1890000000.0,4090000000.0,-7000000.0,884000000.0,1890000000.0,2200000000.0,320000000.0,1833000000.0,367000000.0,-327000000.0,40000000.0,4090000000.0,566700000.0,541361000.0,542151000.0
CenturyLink Inc,CTL,8M3THTGWLTYZVE6BBY25,18926,2017.0,Q2YTD,2017-01-01,2017-06-30,,0.33,0.33,1.08,1829000000.0,0.33,,,167000000.0,180000000.0,180000000.0,180000000.0,,3778000000.0,8299000000.0,-13000000.0,1694000000.0,3778000000.0,4521000000.0,638000000.0,3523000000.0,998000000.0,-651000000.0,347000000.0,8299000000.0,566700000.0,541361000.0,542151000.0
CenturyLink Inc,CTL,8M3THTGWLTYZVE6BBY25,18926,2017.0,Q2TTM,2016-07-01,2017-06-30,,0.69,0.69,2.16,3782000000.0,0.69,,,296000000.0,374000000.0,374000000.0,374000000.0,,7703000000.0,16970000000.0,-41000000.0,3489000000.0,7703000000.0,9267000000.0,1285000000.0,7271000000.0,1996000000.0,-1326000000.0,670000000.0,16970000000.0,566700000.0,541361000.0,542151000.0
CenturyLink Inc,CTL,8M3THTGWLTYZVE6BBY25,18926,2017.0,Q1,2017-01-01,2017-03-31,2018-05-10 17:18:02+00:00,0.3,0.3,0.54,880000000.0,0.3,,,144000000.0,163000000.0,163000000.0,163000000.0,,1888000000.0,4209000000.0,-6000000.0,810000000.0,1888000000.0,2321000000.0,318000000.0,1690000000.0,631000000.0,-324000000.0,307000000.0,4209000000.0,543300000.0,540458000.0,541522000.0
CenturyLink Inc,CTL,8M3THTGWLTYZVE6BBY25,18926,2017.0,Q1TTM,2016-04-01,2017-03-31,,1.02,1.02,2.16,3820000000.0,1.02,,,394000000.0,553000000.0,553000000.0,553000000.0,,7762000000.0,17278000000.0,-24000000.0,3420000000.0,7762000000.0,9516000000.0,1305000000.0,7240000000.0,2276000000.0,-1329000000.0,947000000.0,17278000000.0,543300000.0,540458000.0,541522000.0
CenturyLink Inc,CTL,8M3THTGWLTYZVE6BBY25,18926,2018.0,FY,2018-01-01,2018-12-31,2020-02-28 16:25:37+00:00,-1.63,-1.63,2.16,5120000000.0,-1.63,,2726000000.0,170000000.0,-1733000000.0,-1733000000.0,-1733000000.0,,10862000000.0,23443000000.0,44000000.0,4165000000.0,10862000000.0,12581000000.0,2177000000.0,12011000000.0,570000000.0,-2133000000.0,-1563000000.0,23443000000.0,1063200000.0,1065866000.0,1065866000.0
CenturyLink Inc,CTL,8M3THTGWLTYZVE6BBY25,18926,2018.0,Q4,2018-10-01,2018-12-31,,-2.26,-2.26,0.54,1262000000.0,-2.26,,2726000000.0,47000000.0,-2412000000.0,-2412000000.0,-2412000000.0,,2657000000.0,5778000000.0,15000000.0,974000000.0,2657000000.0,3121000000.0,539000000.0,4962000000.0,-1841000000.0,-524000000.0,-2365000000.0,5778000000.0,1063200000.0,1065866000.0,1065866000.0
CenturyLink Inc,CTL,8M3THTGWLTYZVE6BBY25,18926,2018.0,Q3,2018-07-01,2018-09-30,2019-11-07 16:23:09+00:00,0.25,0.25,0.54,1285000000.0,0.25,,0.0,57000000.0,272000000.0,272000000.0,272000000.0,,2672000000.0,5818000000.0,-8000000.0,967000000.0,2672000000.0,3146000000.0,557000000.0,2252000000.0,894000000.0,-565000000.0,329000000.0,5818000000.0,1088000000.0,1066904000.0,1072351000.0
CenturyLink Inc,CTL,8M3THTGWLTYZVE6BBY25,18926,2018.0,Q3YTD,2018-01-01,2018-09-30,,0.63,0.63,1.62,3858000000.0,0.63,,,123000000.0,679000000.0,679000000.0,679000000.0,,8205000000.0,17665000000.0,29000000.0,3191000000.0,8205000000.0,9460000000.0,1638000000.0,7049000000.0,2411000000.0,-1609000000.0,802000000.0,17665000000.0,1088000000.0,1066904000.0,1072351000.0
CenturyLink Inc,CTL,8M3THTGWLTYZVE6BBY25,18926,2018.0,Q3TTM,2017-10-01,2018-09-30,,2.34,2.34,2.16,5055000000.0,2.34,,,-940000000.0,1796000000.0,1796000000.0,1796000000.0,,10703000000.0,22988000000.0,40000000.0,4295000000.0,10703000000.0,12285000000.0,2119000000.0,9350000000.0,2935000000.0,-2079000000.0,856000000.0,22988000000.0,1088000000.0,1066904000.0,1072351000.0
CenturyLink Inc,CTL,8M3THTGWLTYZVE6BBY25,18926,2018.0,Q2,2018-04-01,2018-06-30,2019-08-08 16:21:34+00:00,0.27,0.27,0.54,1290000000.0,0.27,,0.0,-55000000.0,292000000.0,292000000.0,292000000.0,,2730000000.0,5902000000.0,16000000.0,1115000000.0,2730000000.0,3172000000.0,546000000.0,2405000000.0,767000000.0,-530000000.0,237000000.0,5902000000.0,1081500000.0,1064711000.0,1068819000.0
CenturyLink Inc,CTL,8M3THTGWLTYZVE6BBY25,18926,2018.0,Q2YTD,2018-01-01,2018-06-30,,0.38,0.38,1.08,2573000000.0,0.38,,,66000000.0,407000000.0,407000000.0,407000000.0,,5533000000.0,11847000000.0,37000000.0,2224000000.0,5533000000.0,6314000000.0,1081000000.0,4797000000.0,1517000000.0,-1044000000.0,473000000.0,11847000000.0,1081500000.0,1064711000.0,1068819000.0
CenturyLink Inc,CTL,8M3THTGWLTYZVE6BBY25,18926,2018.0,Q2TTM,2017-07-01,2018-06-30,,2.26,2.26,2.16,4680000000.0,2.26,,,-950000000.0,1616000000.0,1616000000.0,1616000000.0,,9958000000.0,21204000000.0,62000000.0,4038000000.0,9958000000.0,11246000000.0,1924000000.0,8718000000.0,2528000000.0,-1862000000.0,666000000.0,21204000000.0,1081500000.0,1064711000.0,1068819000.0
CenturyLink Inc,CTL,8M3THTGWLTYZVE6BBY25,18926,2018.0,Q1,2018-01-01,2018-03-31,2019-05-09 18:26:37+00:00,0.11,0.11,0.54,1283000000.0,0.11,,0.0,121000000.0,115000000.0,115000000.0,115000000.0,,2803000000.0,5945000000.0,21000000.0,1109000000.0,2803000000.0,3142000000.0,535000000.0,2392000000.0,750000000.0,-514000000.0,236000000.0,5945000000.0,1045500000.0,1065796000.0,1069183000.0
CenturyLink Inc,CTL,8M3THTGWLTYZVE6BBY25,18926,2018.0,Q1TTM,2017-04-01,2018-03-31,,2.02,2.02,2.16,4339000000.0,2.02,,,-872000000.0,1341000000.0,1341000000.0,1341000000.0,,9118000000.0,19392000000.0,39000000.0,3807000000.0,9118000000.0,10274000000.0,1698000000.0,8146000000.0,2128000000.0,-1659000000.0,469000000.0,19392000000.0,1045500000.0,1065796000.0,1069183000.0
CenturyLink Inc,CTL,8M3THTGWLTYZVE6BBY25,18926,2019.0,Q4,2019-10-01,2019-12-31,,0.22,0.22,0.25,1210000000.0,0.22,,,126000000.0,223000000.0,223000000.0,223000000.0,,2741000000.0,5790000000.0,-14000000.0,992000000.0,2741000000.0,3049000000.0,484000000.0,2202000000.0,847000000.0,-498000000.0,349000000.0,5790000000.0,1070900000.0,1071441000.0,1071441000.0
CenturyLink Inc,CTL,8M3THTGWLTYZVE6BBY25,18926,2019.0,FY,2019-01-01,2019-12-31,2020-02-28 16:25:37+00:00,-4.92,-4.92,1.0,4829000000.0,-4.92,,6506000000.0,503000000.0,-5269000000.0,-5269000000.0,-5269000000.0,,10077000000.0,22401000000.0,-19000000.0,3715000000.0,10077000000.0,12324000000.0,2021000000.0,15050000000.0,-2726000000.0,-2040000000.0,-4766000000.0,22401000000.0,1070900000.0,1071441000.0,1071441000.0
CenturyLink Inc,CTL,8M3THTGWLTYZVE6BBY25,18926,2019.0,Q3YTD,2019-01-01,2019-09-30,,-5.14,-5.14,0.75,3619000000.0,-5.14,,6506000000.0,377000000.0,-5492000000.0,-5492000000.0,-5492000000.0,,7336000000.0,16611000000.0,-5000000.0,2723000000.0,7336000000.0,9275000000.0,1537000000.0,12848000000.0,-3573000000.0,-1542000000.0,-5115000000.0,16611000000.0,1078600000.0,1072543000.0,1074790000.0
CenturyLink Inc,CTL,8M3THTGWLTYZVE6BBY25,18926,2019.0,Q3TTM,2018-10-01,2019-09-30,,-7.4,-7.4,1.29,4881000000.0,-7.4,,9232000000.0,424000000.0,-7904000000.0,-7904000000.0,-7904000000.0,,9993000000.0,22389000000.0,10000000.0,3697000000.0,9993000000.0,12396000000.0,2076000000.0,17810000000.0,-5414000000.0,-2066000000.0,-7480000000.0,22389000000.0,1078600000.0,1072543000.0,1074790000.0
CenturyLink Inc,CTL,8M3THTGWLTYZVE6BBY25,18926,2019.0,Q3,2019-07-01,2019-09-30,2019-11-07 16:23:09+00:00,0.28,0.28,0.25,1235000000.0,0.28,,0.0,108000000.0,302000000.0,302000000.0,302000000.0,,2590000000.0,5606000000.0,-44000000.0,831000000.0,2590000000.0,3016000000.0,496000000.0,2066000000.0,950000000.0,-540000000.0,410000000.0,5606000000.0,1078600000.0,1072543000.0,1074790000.0
CenturyLink Inc,CTL,8M3THTGWLTYZVE6BBY25,18926,2019.0,Q2YTD,2019-01-01,2019-06-30,,-5.42,-5.42,0.5,2384000000.0,-5.42,,6506000000.0,269000000.0,-5794000000.0,-5794000000.0,-5794000000.0,,4746000000.0,11005000000.0,39000000.0,1892000000.0,4746000000.0,6259000000.0,1041000000.0,10782000000.0,-4523000000.0,-1002000000.0,-5525000000.0,11005000000.0,1060000000.0,1071341000.0,1072813000.0
CenturyLink Inc,CTL,8M3THTGWLTYZVE6BBY25,18926,2019.0,Q2TTM,2018-07-01,2019-06-30,,-7.43,-7.43,1.58,4931000000.0,-7.43,,9232000000.0,373000000.0,-7934000000.0,-7934000000.0,-7934000000.0,,10075000000.0,22601000000.0,46000000.0,3833000000.0,10075000000.0,12526000000.0,2137000000.0,17996000000.0,-5470000000.0,-2091000000.0,-7561000000.0,22601000000.0,1060000000.0,1071341000.0,1072813000.0
CenturyLink Inc,CTL,8M3THTGWLTYZVE6BBY25,18926,2019.0,Q2,2019-04-01,2019-06-30,2019-08-08 16:21:34+00:00,0.35,0.35,0.25,1196000000.0,0.35,,0.0,131000000.0,371000000.0,371000000.0,371000000.0,,2446000000.0,5578000000.0,44000000.0,960000000.0,2446000000.0,3132000000.0,518000000.0,2156000000.0,976000000.0,-474000000.0,502000000.0,5578000000.0,1060000000.0,1071341000.0,1072813000.0
CenturyLink Inc,CTL,8M3THTGWLTYZVE6BBY25,18926,2019.0,Q1,2019-01-01,2019-03-31,2020-05-07 16:31:16+00:00,-5.77,-5.77,0.25,1188000000.0,-5.77,,6506000000.0,138000000.0,-6165000000.0,-6165000000.0,-6165000000.0,,2300000000.0,5427000000.0,-5000000.0,932000000.0,2300000000.0,3127000000.0,523000000.0,8626000000.0,-5499000000.0,-528000000.0,-6027000000.0,5427000000.0,1068500000.0,1068878000.0,1068878000.0
CenturyLink Inc,CTL,8M3THTGWLTYZVE6BBY25,18926,2019.0,Q1TTM,2018-04-01,2019-03-31,,-7.51,-7.51,1.87,5025000000.0,-7.51,,9232000000.0,187000000.0,-8013000000.0,-8013000000.0,-8013000000.0,,10359000000.0,22925000000.0,18000000.0,3988000000.0,10359000000.0,12566000000.0,2165000000.0,18245000000.0,-5679000000.0,-2147000000.0,-7826000000.0,22925000000.0,1068500000.0,1068878000.0,1068878000.0
CenturyLink Inc,CTL,8M3THTGWLTYZVE6BBY25,18926,2020.0,Q1TTM,2019-04-01,2020-03-31,,1.14,1.14,1.0,4801000000.0,1.14,,,484000000.0,1210000000.0,1210000000.0,1210000000.0,,10012000000.0,22202000000.0,-112000000.0,3636000000.0,10012000000.0,12190000000.0,1947000000.0,8437000000.0,3753000000.0,-2059000000.0,1694000000.0,22202000000.0,1082800000.0,1075459000.0,1081754000.0
CenturyLink Inc,CTL,8M3THTGWLTYZVE6BBY25,18926,2020.0,Q1,2020-01-01,2020-03-31,2020-05-07 16:31:16+00:00,0.29,0.29,0.25,1160000000.0,0.29,,0.0,119000000.0,314000000.0,314000000.0,314000000.0,,2235000000.0,5228000000.0,-98000000.0,853000000.0,2235000000.0,2993000000.0,449000000.0,2013000000.0,980000000.0,-547000000.0,433000000.0,5228000000.0,1082800000.0,1075459000.0,1081754000.0
