company_name,company_ticker,company_lei,company_cik,year,quarter,start_date,end_date,filing_date,basicdilutedeps,basiceps,cashdividendspershare,dilutedeps,impairmentexpense,incometaxexpense,netincome,netincomecontinuing,netincomediscontinued,netincometocommon,operatingcostofrevenue,operatingrevenue,otheradjustmentstoconsolidatednetincome,othercostofrevenue,otheroperatingexpenses,otherspecialcharges,restructuringcharge,sgaexpense,totalcostofrevenue,totalgrossprofit,totalinterestexpense,totalinterestincome,totaloperatingexpenses,totaloperatingincome,totalotherincome,totalpretaxincome,totalrevenue,weightedavebasicdilutedsharesos,weightedavebasicsharesos,weightedavedilutedsharesos
Textron Inc,TXT,3PPKBHUG1HD6BO7RNR87,217346,2007.0,FY,2006-12-31,2007-12-29,2010-02-25 12:02:30+00:00,3.67,3.67,0.85,3.6,,368000000.0,1834000000.0,866000000.0,102000000.0,1834000000.0,9099000000.0,12395000000.0,866000000.0,33000000.0,,0.0,,1545000000.0,9132000000.0,3263000000.0,507000000.0,23000000.0,1545000000.0,1718000000.0,-484000000.0,1234000000.0,12395000000.0,499700000.0,499700000.0,509400000.0
Textron Inc,TXT,3PPKBHUG1HD6BO7RNR87,217346,2008.0,FY,2007-12-30,2009-01-03,2011-03-01 12:07:14+00:00,1.97,1.97,0.92,1.94,,305000000.0,486000000.0,324000000.0,162000000.0,486000000.0,10583000000.0,14010000000.0,,234000000.0,,526000000.0,,1590000000.0,10817000000.0,3193000000.0,448000000.0,,2116000000.0,1077000000.0,-448000000.0,629000000.0,14010000000.0,246700000.0,246700000.0,250500000.0
Textron Inc,TXT,3PPKBHUG1HD6BO7RNR87,217346,2008.0,Q3,2008-06-29,2008-09-27,2009-10-30 14:16:27+00:00,0.85,0.85,0.23,0.83,,116000000.0,206000000.0,205000000.0,1000000.0,206000000.0,2595000000.0,3471000000.0,,34000000.0,,0.0,0.0,419000000.0,2629000000.0,842000000.0,102000000.0,,419000000.0,423000000.0,-102000000.0,321000000.0,3471000000.0,242400000.0,242400000.0,248200000.0
Textron Inc,TXT,3PPKBHUG1HD6BO7RNR87,217346,2008.0,Q2,2008-03-30,2008-06-28,2009-07-31 11:58:35+00:00,1.03,1.03,0.23,1.01,,125000000.0,258000000.0,250000000.0,8000000.0,258000000.0,2775000000.0,3684000000.0,,40000000.0,,0.0,0.0,393000000.0,2815000000.0,869000000.0,101000000.0,,393000000.0,476000000.0,-101000000.0,375000000.0,3684000000.0,250500000.0,250500000.0,255400000.0
Textron Inc,TXT,3PPKBHUG1HD6BO7RNR87,217346,2009.0,Q4,2009-10-04,2010-01-02,,0.09,-0.26,0.02,-0.26,,-5000000.0,-63000000.0,-60000000.0,-3000000.0,-63000000.0,2323000000.0,2813000000.0,,61000000.0,1000000.0,114000000.0,,304000000.0,2384000000.0,429000000.0,75000000.0,,419000000.0,10000000.0,-75000000.0,-65000000.0,2813000000.0,262923000.0,262923000.0,262923000.0
Textron Inc,TXT,3PPKBHUG1HD6BO7RNR87,217346,2009.0,FY,2009-01-04,2010-01-02,2012-02-23 14:38:27+00:00,-0.12,-0.12,0.08,-0.12,,-76000000.0,-31000000.0,-73000000.0,42000000.0,-31000000.0,8468000000.0,10500000000.0,,267000000.0,,267000000.0,,1338000000.0,8735000000.0,1765000000.0,309000000.0,,1605000000.0,160000000.0,-309000000.0,-149000000.0,10500000000.0,262923000.0,262923000.0,262923000.0
Textron Inc,TXT,3PPKBHUG1HD6BO7RNR87,217346,2009.0,Q3YTD,2009-01-04,2009-10-03,,0.08,0.08,0.04,0.08,,-71000000.0,32000000.0,-13000000.0,45000000.0,32000000.0,6145000000.0,7687000000.0,,206000000.0,-1000000.0,153000000.0,,1034000000.0,6351000000.0,1336000000.0,234000000.0,,1186000000.0,150000000.0,-234000000.0,-84000000.0,7687000000.0,400000000.0,400000000.0,400000000.0
Textron Inc,TXT,3PPKBHUG1HD6BO7RNR87,217346,2009.0,Q3,2009-07-05,2009-10-03,2010-10-28 11:27:25+00:00,0.01,0.01,0.02,0.01,,-11000000.0,4000000.0,6000000.0,-2000000.0,4000000.0,2047000000.0,2549000000.0,,43000000.0,,42000000.0,,348000000.0,2090000000.0,459000000.0,74000000.0,,390000000.0,69000000.0,-74000000.0,-5000000.0,2549000000.0,400000000.0,400000000.0,400000000.0
Textron Inc,TXT,3PPKBHUG1HD6BO7RNR87,217346,2009.0,Q2YTD,2009-01-04,2009-07-04,,0.11,0.11,0.04,0.11,,-60000000.0,28000000.0,-19000000.0,47000000.0,28000000.0,4098000000.0,5138000000.0,,163000000.0,-1000000.0,111000000.0,,686000000.0,4261000000.0,877000000.0,160000000.0,,796000000.0,81000000.0,-160000000.0,-79000000.0,5138000000.0,263600000.0,263600000.0,263600000.0
Textron Inc,TXT,3PPKBHUG1HD6BO7RNR87,217346,2009.0,Q2,2009-04-05,2009-07-04,2010-07-29 14:01:43+00:00,-0.22,-0.22,0.02,-0.22,,-58000000.0,-58000000.0,-62000000.0,4000000.0,-58000000.0,2099000000.0,2612000000.0,,87000000.0,,129000000.0,,340000000.0,2186000000.0,426000000.0,77000000.0,,469000000.0,-43000000.0,-77000000.0,-120000000.0,2612000000.0,263600000.0,263600000.0,263600000.0
Textron Inc,TXT,3PPKBHUG1HD6BO7RNR87,217346,2009.0,Q1,2009-01-04,2009-04-04,2010-04-30 11:10:54+00:00,,0.35,0.02,0.35,,-2000000.0,86000000.0,43000000.0,43000000.0,86000000.0,1999000000.0,2526000000.0,,76000000.0,-1000000.0,-18000000.0,,346000000.0,2075000000.0,451000000.0,83000000.0,,327000000.0,124000000.0,-83000000.0,41000000.0,2526000000.0,,245700000.0,245700000.0
Textron Inc,TXT,3PPKBHUG1HD6BO7RNR87,217346,2010.0,Q4,2010-10-03,2011-01-01,,0.21,0.21,0.02,0.21,,-18000000.0,60000000.0,63000000.0,-3000000.0,60000000.0,2604000000.0,3127000000.0,,15000000.0,,64000000.0,-10000000.0,346000000.0,2619000000.0,508000000.0,63000000.0,,400000000.0,108000000.0,-63000000.0,45000000.0,3127000000.0,274452000.0,274452000.0,307100000.0
Textron Inc,TXT,3PPKBHUG1HD6BO7RNR87,217346,2010.0,FY,2010-01-03,2011-01-01,2013-02-15 06:06:55+00:00,0.31,0.31,0.08,0.28,,-6000000.0,86000000.0,92000000.0,-6000000.0,86000000.0,8605000000.0,10525000000.0,,143000000.0,,190000000.0,,1231000000.0,8748000000.0,1777000000.0,270000000.0,,1421000000.0,356000000.0,-270000000.0,86000000.0,10525000000.0,274452000.0,274452000.0,307100000.0
Textron Inc,TXT,3PPKBHUG1HD6BO7RNR87,217346,2010.0,Q3TTM,2009-10-04,2010-10-02,,0.19,-0.16,0.08,-0.19,,7000000.0,-37000000.0,-31000000.0,-6000000.0,-37000000.0,8324000000.0,10211000000.0,,189000000.0,1000000.0,240000000.0,10000000.0,1189000000.0,8513000000.0,1698000000.0,282000000.0,,1440000000.0,258000000.0,-282000000.0,-24000000.0,10211000000.0,274896000.0,274896000.0,274896000.0
Textron Inc,TXT,3PPKBHUG1HD6BO7RNR87,217346,2010.0,Q3YTD,2010-01-03,2010-10-02,,0.1,0.1,0.06,0.07,,12000000.0,26000000.0,29000000.0,-3000000.0,26000000.0,6001000000.0,7398000000.0,,128000000.0,,126000000.0,10000000.0,885000000.0,6129000000.0,1269000000.0,207000000.0,,1021000000.0,248000000.0,-207000000.0,41000000.0,7398000000.0,274896000.0,274896000.0,274896000.0
Textron Inc,TXT,3PPKBHUG1HD6BO7RNR87,217346,2010.0,Q3,2010-07-04,2010-10-02,2011-10-28 14:32:35+00:00,-0.17,-0.17,0.02,-0.17,,-21000000.0,-48000000.0,-48000000.0,,-48000000.0,2037000000.0,2479000000.0,,29000000.0,,114000000.0,,301000000.0,2066000000.0,413000000.0,67000000.0,,415000000.0,-2000000.0,-67000000.0,-69000000.0,2479000000.0,274896000.0,274896000.0,274896000.0
Textron Inc,TXT,3PPKBHUG1HD6BO7RNR87,217346,2010.0,Q2TTM,2009-07-05,2010-07-03,,0.05,0.05,0.08,0.05,,17000000.0,15000000.0,23000000.0,-8000000.0,15000000.0,8334000000.0,10281000000.0,,203000000.0,1000000.0,168000000.0,10000000.0,1236000000.0,8537000000.0,1744000000.0,289000000.0,,1415000000.0,329000000.0,-289000000.0,40000000.0,10281000000.0,274098000.0,274098000.0,303700000.0
Textron Inc,TXT,3PPKBHUG1HD6BO7RNR87,217346,2010.0,Q2YTD,2010-01-03,2010-07-03,,0.27,0.27,0.04,0.24,,33000000.0,74000000.0,77000000.0,-3000000.0,74000000.0,3964000000.0,4919000000.0,,99000000.0,,12000000.0,10000000.0,584000000.0,4063000000.0,856000000.0,140000000.0,,606000000.0,250000000.0,-140000000.0,110000000.0,4919000000.0,274098000.0,274098000.0,303700000.0
Textron Inc,TXT,3PPKBHUG1HD6BO7RNR87,217346,2010.0,Q2,2010-04-04,2010-07-03,2011-07-29 10:43:29+00:00,0.3,0.3,0.02,0.27,,18000000.0,82000000.0,81000000.0,1000000.0,82000000.0,2188000000.0,2709000000.0,,44000000.0,,,10000000.0,299000000.0,2232000000.0,477000000.0,69000000.0,,309000000.0,168000000.0,-69000000.0,99000000.0,2709000000.0,274098000.0,274098000.0,303700000.0
Textron Inc,TXT,3PPKBHUG1HD6BO7RNR87,217346,2010.0,Q1TTM,2009-04-05,2010-04-03,,-0.47,-0.47,0.08,-0.47,,-59000000.0,-125000000.0,-120000000.0,-5000000.0,-125000000.0,8245000000.0,10184000000.0,,246000000.0,1000000.0,297000000.0,,1277000000.0,8491000000.0,1693000000.0,297000000.0,,1575000000.0,118000000.0,-297000000.0,-179000000.0,10184000000.0,266700000.0,266700000.0,266700000.0
Textron Inc,TXT,3PPKBHUG1HD6BO7RNR87,217346,2010.0,Q1,2010-01-03,2010-04-03,2011-04-28 15:52:17+00:00,-0.03,-0.03,0.02,-0.03,,15000000.0,-8000000.0,-4000000.0,-4000000.0,-8000000.0,1776000000.0,2210000000.0,,55000000.0,,12000000.0,,285000000.0,1831000000.0,379000000.0,71000000.0,,297000000.0,82000000.0,-71000000.0,11000000.0,2210000000.0,266700000.0,266700000.0,266700000.0
Textron Inc,TXT,3PPKBHUG1HD6BO7RNR87,217346,2011.0,Q4,2011-10-02,2011-12-31,,-0.06,-0.06,0.02,-0.06,,-13000000.0,-19000000.0,-17000000.0,-2000000.0,-19000000.0,2715000000.0,3254000000.0,,-27000000.0,,3000000.0,,345000000.0,2688000000.0,566000000.0,62000000.0,-186000000.0,348000000.0,218000000.0,-248000000.0,-30000000.0,3254000000.0,277684000.0,277684000.0,306300000.0
Textron Inc,TXT,3PPKBHUG1HD6BO7RNR87,217346,2011.0,FY,2011-01-02,2011-12-31,2014-02-14 06:01:36+00:00,0.87,0.87,0.08,0.79,,95000000.0,242000000.0,242000000.0,,242000000.0,9308000000.0,11275000000.0,,,,3000000.0,,1195000000.0,9308000000.0,1967000000.0,246000000.0,-186000000.0,1198000000.0,769000000.0,-432000000.0,337000000.0,11275000000.0,277684000.0,277684000.0,306300000.0
Textron Inc,TXT,3PPKBHUG1HD6BO7RNR87,217346,2011.0,Q3YTD,2011-01-02,2011-10-01,,0.93,0.93,0.06,0.85,,108000000.0,261000000.0,259000000.0,2000000.0,261000000.0,6593000000.0,8021000000.0,,27000000.0,,,,850000000.0,6620000000.0,1401000000.0,184000000.0,,850000000.0,551000000.0,-184000000.0,367000000.0,8021000000.0,278090000.0,278090000.0,302100000.0
Textron Inc,TXT,3PPKBHUG1HD6BO7RNR87,217346,2011.0,Q3TTM,2010-10-03,2011-10-01,,1.14,1.14,0.08,1.06,,90000000.0,321000000.0,322000000.0,-1000000.0,321000000.0,9197000000.0,11148000000.0,,42000000.0,,64000000.0,-10000000.0,1196000000.0,9239000000.0,1909000000.0,247000000.0,,1250000000.0,659000000.0,-247000000.0,412000000.0,11148000000.0,278090000.0,278090000.0,302100000.0
Textron Inc,TXT,3PPKBHUG1HD6BO7RNR87,217346,2011.0,Q3,2011-07-03,2011-10-01,2012-10-25 09:19:38+00:00,0.51,0.51,0.02,0.47,,50000000.0,142000000.0,136000000.0,6000000.0,142000000.0,2313000000.0,2814000000.0,,3000000.0,,,,251000000.0,2316000000.0,498000000.0,61000000.0,,251000000.0,247000000.0,-61000000.0,186000000.0,2814000000.0,278090000.0,278090000.0,302100000.0
Textron Inc,TXT,3PPKBHUG1HD6BO7RNR87,217346,2011.0,Q2YTD,2011-01-02,2011-07-02,,0.42,0.42,0.04,0.38,,58000000.0,119000000.0,123000000.0,-4000000.0,119000000.0,4280000000.0,5207000000.0,,24000000.0,,,,599000000.0,4304000000.0,903000000.0,123000000.0,,599000000.0,304000000.0,-123000000.0,181000000.0,5207000000.0,277406000.0,277406000.0,310300000.0
Textron Inc,TXT,3PPKBHUG1HD6BO7RNR87,217346,2011.0,Q2TTM,2010-07-04,2011-07-02,,0.46,0.46,0.08,0.42,,19000000.0,131000000.0,138000000.0,-7000000.0,131000000.0,8921000000.0,10813000000.0,,68000000.0,,178000000.0,-10000000.0,1246000000.0,8989000000.0,1824000000.0,253000000.0,,1414000000.0,410000000.0,-253000000.0,157000000.0,10813000000.0,277406000.0,277406000.0,310300000.0
Textron Inc,TXT,3PPKBHUG1HD6BO7RNR87,217346,2011.0,Q2,2011-04-03,2011-07-02,2012-07-26 09:07:09+00:00,0.32,0.32,0.02,0.29,,43000000.0,90000000.0,92000000.0,-2000000.0,90000000.0,2225000000.0,2728000000.0,,12000000.0,,,,295000000.0,2237000000.0,491000000.0,61000000.0,,295000000.0,196000000.0,-61000000.0,135000000.0,2728000000.0,277406000.0,277406000.0,310300000.0
Textron Inc,TXT,3PPKBHUG1HD6BO7RNR87,217346,2011.0,Q1TTM,2010-04-04,2011-04-02,,0.44,0.44,0.08,0.4,,-6000000.0,123000000.0,127000000.0,-4000000.0,123000000.0,8884000000.0,10794000000.0,,100000000.0,,178000000.0,,1250000000.0,8984000000.0,1810000000.0,261000000.0,,1428000000.0,382000000.0,-261000000.0,121000000.0,10794000000.0,276358000.0,276358000.0,322200000.0
Textron Inc,TXT,3PPKBHUG1HD6BO7RNR87,217346,2011.0,Q1,2011-01-02,2011-04-02,2012-04-26 11:11:21+00:00,0.1,0.1,0.02,0.09,,15000000.0,29000000.0,31000000.0,-2000000.0,29000000.0,2055000000.0,2479000000.0,,12000000.0,,,,304000000.0,2067000000.0,412000000.0,62000000.0,,304000000.0,108000000.0,-62000000.0,46000000.0,2479000000.0,276358000.0,276358000.0,322200000.0
Textron Inc,TXT,3PPKBHUG1HD6BO7RNR87,217346,2012.0,Q4,2012-09-30,2012-12-29,,0.53,0.53,0.02,0.51,,54000000.0,148000000.0,146000000.0,2000000.0,148000000.0,2797000000.0,3362000000.0,,,,,,313000000.0,2797000000.0,565000000.0,52000000.0,,313000000.0,252000000.0,-52000000.0,200000000.0,3362000000.0,280182000.0,280182000.0,280182000.0
Textron Inc,TXT,3PPKBHUG1HD6BO7RNR87,217346,2012.0,FY,2012-01-01,2012-12-29,2015-02-25 13:56:08+00:00,2.1,2.1,0.08,2.0,,260000000.0,589000000.0,581000000.0,8000000.0,589000000.0,10019000000.0,12237000000.0,,,,,,1165000000.0,10019000000.0,2218000000.0,212000000.0,,1165000000.0,1053000000.0,-212000000.0,841000000.0,12237000000.0,280182000.0,280182000.0,280182000.0
Textron Inc,TXT,3PPKBHUG1HD6BO7RNR87,217346,2012.0,Q3YTD,2012-01-01,2012-09-29,,1.57,1.57,0.06,1.49,,206000000.0,441000000.0,435000000.0,6000000.0,441000000.0,7222000000.0,8875000000.0,,,,,,852000000.0,7222000000.0,1653000000.0,160000000.0,,852000000.0,801000000.0,-160000000.0,641000000.0,8875000000.0,281813000.0,281813000.0,281813000.0
Textron Inc,TXT,3PPKBHUG1HD6BO7RNR87,217346,2012.0,Q3TTM,2011-10-02,2012-09-29,,1.51,1.51,0.08,1.43,,193000000.0,422000000.0,418000000.0,4000000.0,422000000.0,9937000000.0,12129000000.0,,-27000000.0,,3000000.0,,1197000000.0,9910000000.0,2219000000.0,222000000.0,-186000000.0,1200000000.0,1019000000.0,-408000000.0,611000000.0,12129000000.0,281813000.0,281813000.0,281813000.0
Textron Inc,TXT,3PPKBHUG1HD6BO7RNR87,217346,2012.0,Q3,2012-07-01,2012-09-29,2013-10-24 10:58:41+00:00,0.54,0.54,0.02,0.51,,67000000.0,151000000.0,142000000.0,9000000.0,151000000.0,2475000000.0,3000000000.0,,,,,,264000000.0,2475000000.0,525000000.0,52000000.0,,264000000.0,261000000.0,-52000000.0,209000000.0,3000000000.0,281813000.0,281813000.0,281813000.0
Textron Inc,TXT,3PPKBHUG1HD6BO7RNR87,217346,2012.0,Q2YTD,2012-01-01,2012-06-30,,1.03,1.03,0.04,0.98,,139000000.0,290000000.0,293000000.0,-3000000.0,290000000.0,4747000000.0,5875000000.0,,,,,,588000000.0,4747000000.0,1128000000.0,108000000.0,,588000000.0,540000000.0,-108000000.0,432000000.0,5875000000.0,281114000.0,281114000.0,296600000.0
Textron Inc,TXT,3PPKBHUG1HD6BO7RNR87,217346,2012.0,Q2TTM,2011-07-03,2012-06-30,,1.48,1.48,0.08,1.39,,176000000.0,413000000.0,412000000.0,1000000.0,413000000.0,9775000000.0,11943000000.0,,-24000000.0,,3000000.0,,1184000000.0,9751000000.0,2192000000.0,231000000.0,-186000000.0,1187000000.0,1005000000.0,-417000000.0,588000000.0,11943000000.0,281114000.0,281114000.0,296600000.0
Textron Inc,TXT,3PPKBHUG1HD6BO7RNR87,217346,2012.0,Q2,2012-04-01,2012-06-30,2013-07-24 16:49:12+00:00,0.61,0.61,0.02,0.58,,82000000.0,172000000.0,173000000.0,-1000000.0,172000000.0,2435000000.0,3019000000.0,,,,,,276000000.0,2435000000.0,584000000.0,53000000.0,,276000000.0,308000000.0,-53000000.0,255000000.0,3019000000.0,281114000.0,281114000.0,296600000.0
Textron Inc,TXT,3PPKBHUG1HD6BO7RNR87,217346,2012.0,Q1TTM,2011-04-03,2012-03-31,,1.19,1.19,0.08,1.1,,137000000.0,331000000.0,331000000.0,,331000000.0,9565000000.0,11652000000.0,,-12000000.0,,3000000.0,,1203000000.0,9553000000.0,2099000000.0,239000000.0,-186000000.0,1206000000.0,893000000.0,-425000000.0,468000000.0,11652000000.0,280022000.0,280022000.0,295000000.0
Textron Inc,TXT,3PPKBHUG1HD6BO7RNR87,217346,2012.0,Q1,2012-01-01,2012-03-31,2013-04-25 09:12:27+00:00,0.42,0.42,0.02,0.4,,57000000.0,118000000.0,120000000.0,-2000000.0,118000000.0,2312000000.0,2856000000.0,,,,,,312000000.0,2312000000.0,544000000.0,55000000.0,,312000000.0,232000000.0,-55000000.0,177000000.0,2856000000.0,280022000.0,280022000.0,295000000.0
Textron Inc,TXT,3PPKBHUG1HD6BO7RNR87,217346,2013.0,FY,2012-12-30,2013-12-28,2016-02-24 15:55:32+00:00,1.78,1.78,0.08,1.75,,176000000.0,498000000.0,498000000.0,,498000000.0,10131000000.0,12104000000.0,,,,,,1126000000.0,10131000000.0,1973000000.0,173000000.0,,1126000000.0,847000000.0,-173000000.0,674000000.0,12104000000.0,279299000.0,279299000.0,279299000.0
Textron Inc,TXT,3PPKBHUG1HD6BO7RNR87,217346,2013.0,Q4,2013-09-29,2013-12-28,,0.59,0.59,0.02,0.59,,52000000.0,167000000.0,171000000.0,-4000000.0,167000000.0,2938000000.0,3506000000.0,,,,,,306000000.0,2938000000.0,568000000.0,39000000.0,,306000000.0,262000000.0,-39000000.0,223000000.0,3506000000.0,279299000.0,279299000.0,279299000.0
Textron Inc,TXT,3PPKBHUG1HD6BO7RNR87,217346,2013.0,Q3YTD,2012-12-30,2013-09-28,,1.19,1.19,0.06,1.16,,124000000.0,331000000.0,327000000.0,4000000.0,331000000.0,7193000000.0,8598000000.0,,,,,,820000000.0,7193000000.0,1405000000.0,134000000.0,,820000000.0,585000000.0,-134000000.0,451000000.0,8598000000.0,281525000.0,281525000.0,281525000.0
Textron Inc,TXT,3PPKBHUG1HD6BO7RNR87,217346,2013.0,Q3TTM,2012-09-30,2013-09-28,,1.72,1.72,0.08,1.67,,178000000.0,479000000.0,473000000.0,6000000.0,479000000.0,9990000000.0,11960000000.0,,,,,,1133000000.0,9990000000.0,1970000000.0,186000000.0,,1133000000.0,837000000.0,-186000000.0,651000000.0,11960000000.0,281525000.0,281525000.0,281525000.0
Textron Inc,TXT,3PPKBHUG1HD6BO7RNR87,217346,2013.0,Q3,2013-06-30,2013-09-28,2014-10-24 06:05:10+00:00,0.35,0.35,0.02,0.35,,47000000.0,99000000.0,98000000.0,1000000.0,99000000.0,2473000000.0,2904000000.0,,,,,,245000000.0,2473000000.0,431000000.0,41000000.0,,245000000.0,186000000.0,-41000000.0,145000000.0,2904000000.0,281525000.0,281525000.0,281525000.0
Textron Inc,TXT,3PPKBHUG1HD6BO7RNR87,217346,2013.0,Q2YTD,2012-12-30,2013-06-29,,0.84,0.84,0.04,0.81,,77000000.0,232000000.0,229000000.0,3000000.0,232000000.0,4720000000.0,5694000000.0,,,,,,575000000.0,4720000000.0,974000000.0,93000000.0,,575000000.0,399000000.0,-93000000.0,306000000.0,5694000000.0,280163000.0,280163000.0,280163000.0
Textron Inc,TXT,3PPKBHUG1HD6BO7RNR87,217346,2013.0,Q2TTM,2012-07-01,2013-06-29,,1.91,1.91,0.08,1.83,,198000000.0,531000000.0,517000000.0,14000000.0,531000000.0,9992000000.0,12056000000.0,,,,,,1152000000.0,9992000000.0,2064000000.0,197000000.0,,1152000000.0,912000000.0,-197000000.0,715000000.0,12056000000.0,280163000.0,280163000.0,280163000.0
Textron Inc,TXT,3PPKBHUG1HD6BO7RNR87,217346,2013.0,Q2,2013-03-31,2013-06-29,2014-07-23 16:28:23+00:00,0.4,0.4,0.02,0.4,,49000000.0,113000000.0,114000000.0,-1000000.0,113000000.0,2338000000.0,2839000000.0,,,,,,296000000.0,2338000000.0,501000000.0,42000000.0,,296000000.0,205000000.0,-42000000.0,163000000.0,2839000000.0,280163000.0,280163000.0,280163000.0
Textron Inc,TXT,3PPKBHUG1HD6BO7RNR87,217346,2013.0,Q1TTM,2012-04-01,2013-03-30,,2.12,2.12,0.08,2.01,,231000000.0,590000000.0,576000000.0,14000000.0,590000000.0,10089000000.0,12236000000.0,,,,,,1132000000.0,10089000000.0,2147000000.0,208000000.0,,1132000000.0,1015000000.0,-208000000.0,807000000.0,12236000000.0,273200000.0,273200000.0,290200000.0
Textron Inc,TXT,3PPKBHUG1HD6BO7RNR87,217346,2013.0,Q1,2012-12-30,2013-03-30,2014-05-01 15:07:15+00:00,0.44,0.44,0.02,0.41,,28000000.0,119000000.0,115000000.0,4000000.0,119000000.0,2382000000.0,2855000000.0,,,,,,279000000.0,2382000000.0,473000000.0,51000000.0,,279000000.0,194000000.0,-51000000.0,143000000.0,2855000000.0,273200000.0,273200000.0,290200000.0
Textron Inc,TXT,3PPKBHUG1HD6BO7RNR87,217346,2014.0,FY,2013-12-29,2015-01-03,2017-02-22 14:49:44+00:00,2.15,2.15,0.08,2.13,,248000000.0,600000000.0,605000000.0,-5000000.0,600000000.0,11421000000.0,13878000000.0,,,,52000000.0,,1361000000.0,11421000000.0,2457000000.0,191000000.0,,1413000000.0,1044000000.0,-191000000.0,853000000.0,13878000000.0,279409000.0,279409000.0,279409000.0
Textron Inc,TXT,3PPKBHUG1HD6BO7RNR87,217346,2014.0,Q4,2014-09-28,2015-01-03,,0.76,0.76,0.02,0.75,,74000000.0,212000000.0,213000000.0,-1000000.0,212000000.0,3344000000.0,4096000000.0,,,,52000000.0,-39000000.0,402000000.0,3344000000.0,752000000.0,50000000.0,,415000000.0,337000000.0,-50000000.0,287000000.0,4096000000.0,279409000.0,279409000.0,279409000.0
Textron Inc,TXT,3PPKBHUG1HD6BO7RNR87,217346,2014.0,Q3,2014-06-29,2014-09-27,2015-10-28 15:26:42+00:00,0.57,0.57,0.02,0.57,,71000000.0,159000000.0,160000000.0,-1000000.0,159000000.0,2845000000.0,3430000000.0,,,,,3000000.0,304000000.0,2845000000.0,585000000.0,47000000.0,,307000000.0,278000000.0,-47000000.0,231000000.0,3430000000.0,278860000.0,278860000.0,278860000.0
Textron Inc,TXT,3PPKBHUG1HD6BO7RNR87,217346,2014.0,Q3YTD,2013-12-29,2014-09-27,,1.39,1.39,0.06,1.38,,174000000.0,388000000.0,392000000.0,-4000000.0,388000000.0,8077000000.0,9782000000.0,,,,,39000000.0,959000000.0,8077000000.0,1705000000.0,141000000.0,,998000000.0,707000000.0,-141000000.0,566000000.0,9782000000.0,278860000.0,278860000.0,278860000.0
Textron Inc,TXT,3PPKBHUG1HD6BO7RNR87,217346,2014.0,Q3TTM,2013-09-29,2014-09-27,,1.98,1.98,0.08,1.97,,226000000.0,555000000.0,563000000.0,-8000000.0,555000000.0,11015000000.0,13288000000.0,,,,,39000000.0,1265000000.0,11015000000.0,2273000000.0,180000000.0,,1304000000.0,969000000.0,-180000000.0,789000000.0,13288000000.0,278860000.0,278860000.0,278860000.0
Textron Inc,TXT,3PPKBHUG1HD6BO7RNR87,217346,2014.0,Q2YTD,2013-12-29,2014-06-28,,0.82,0.82,0.04,0.81,,103000000.0,229000000.0,232000000.0,-3000000.0,229000000.0,5232000000.0,6352000000.0,,,,,36000000.0,655000000.0,5232000000.0,1120000000.0,94000000.0,,691000000.0,429000000.0,-94000000.0,335000000.0,6352000000.0,280280000.0,280280000.0,280280000.0
Textron Inc,TXT,3PPKBHUG1HD6BO7RNR87,217346,2014.0,Q2TTM,2013-06-30,2014-06-28,,1.76,1.76,0.08,1.75,,202000000.0,495000000.0,501000000.0,-6000000.0,495000000.0,10643000000.0,12762000000.0,,,,,36000000.0,1206000000.0,10643000000.0,2119000000.0,174000000.0,,1242000000.0,877000000.0,-174000000.0,703000000.0,12762000000.0,280280000.0,280280000.0,280280000.0
Textron Inc,TXT,3PPKBHUG1HD6BO7RNR87,217346,2014.0,Q2,2014-03-30,2014-06-28,2015-07-29 15:00:54+00:00,0.52,0.52,0.02,0.51,,65000000.0,144000000.0,145000000.0,-1000000.0,144000000.0,2875000000.0,3505000000.0,,,,,20000000.0,353000000.0,2875000000.0,630000000.0,47000000.0,,373000000.0,257000000.0,-47000000.0,210000000.0,3505000000.0,280280000.0,280280000.0,280280000.0
Textron Inc,TXT,3PPKBHUG1HD6BO7RNR87,217346,2014.0,Q1TTM,2013-03-31,2014-03-29,,1.64,1.64,0.08,1.64,,186000000.0,464000000.0,470000000.0,-6000000.0,464000000.0,10106000000.0,12096000000.0,,,,,16000000.0,1149000000.0,10106000000.0,1990000000.0,169000000.0,,1165000000.0,825000000.0,-169000000.0,656000000.0,12096000000.0,281094000.0,281094000.0,281094000.0
Textron Inc,TXT,3PPKBHUG1HD6BO7RNR87,217346,2014.0,Q1,2013-12-29,2014-03-29,2015-04-29 13:57:06+00:00,0.3,0.3,0.02,0.3,,38000000.0,85000000.0,87000000.0,-2000000.0,85000000.0,2357000000.0,2847000000.0,,,,,16000000.0,302000000.0,2357000000.0,490000000.0,47000000.0,,318000000.0,172000000.0,-47000000.0,125000000.0,2847000000.0,281094000.0,281094000.0,281094000.0
Textron Inc,TXT,3PPKBHUG1HD6BO7RNR87,217346,2015.0,FY,2015-01-04,2016-01-02,2018-02-15 06:04:15+00:00,2.52,2.52,0.08,2.5,,273000000.0,697000000.0,698000000.0,-1000000.0,697000000.0,10979000000.0,13423000000.0,,,,,,1304000000.0,10979000000.0,2444000000.0,169000000.0,,1304000000.0,1140000000.0,-169000000.0,971000000.0,13423000000.0,276682000.0,276682000.0,276682000.0
Textron Inc,TXT,3PPKBHUG1HD6BO7RNR87,217346,2015.0,Q4,2015-10-04,2016-01-02,,0.82,0.82,0.02,0.81,,69000000.0,226000000.0,225000000.0,1000000.0,226000000.0,3251000000.0,3923000000.0,,,,,,335000000.0,3251000000.0,672000000.0,43000000.0,,335000000.0,337000000.0,-43000000.0,294000000.0,3923000000.0,276682000.0,276682000.0,276682000.0
Textron Inc,TXT,3PPKBHUG1HD6BO7RNR87,217346,2015.0,Q3,2015-07-05,2015-10-03,2016-10-27 09:19:19+00:00,0.64,0.64,0.02,0.63,,76000000.0,176000000.0,176000000.0,,176000000.0,2584000000.0,3180000000.0,,,,,,303000000.0,2584000000.0,596000000.0,41000000.0,,303000000.0,293000000.0,-41000000.0,252000000.0,3180000000.0,276334000.0,276334000.0,276334000.0
Textron Inc,TXT,3PPKBHUG1HD6BO7RNR87,217346,2015.0,Q3YTD,2015-01-04,2015-10-03,,1.7,1.7,0.06,1.69,,204000000.0,471000000.0,473000000.0,-2000000.0,471000000.0,7728000000.0,9500000000.0,,,,,,969000000.0,7728000000.0,1772000000.0,126000000.0,,969000000.0,803000000.0,-126000000.0,677000000.0,9500000000.0,276334000.0,276334000.0,276334000.0
Textron Inc,TXT,3PPKBHUG1HD6BO7RNR87,217346,2015.0,Q3TTM,2014-09-28,2015-10-03,,2.46,2.46,0.08,2.44,,278000000.0,683000000.0,686000000.0,-3000000.0,683000000.0,11072000000.0,13596000000.0,,,,52000000.0,-39000000.0,1371000000.0,11072000000.0,2524000000.0,176000000.0,,1384000000.0,1140000000.0,-176000000.0,964000000.0,13596000000.0,276334000.0,276334000.0,276334000.0
Textron Inc,TXT,3PPKBHUG1HD6BO7RNR87,217346,2015.0,Q2,2015-04-05,2015-07-04,2016-07-28 10:31:44+00:00,0.6,0.6,0.02,0.6,,72000000.0,167000000.0,169000000.0,-2000000.0,167000000.0,2635000000.0,3247000000.0,,,,,,329000000.0,2635000000.0,612000000.0,42000000.0,,329000000.0,283000000.0,-42000000.0,241000000.0,3247000000.0,277715000.0,277715000.0,277715000.0
Textron Inc,TXT,3PPKBHUG1HD6BO7RNR87,217346,2015.0,Q2YTD,2015-01-04,2015-07-04,,1.06,1.06,0.04,1.06,,128000000.0,295000000.0,297000000.0,-2000000.0,295000000.0,5144000000.0,6320000000.0,,,,,,666000000.0,5144000000.0,1176000000.0,85000000.0,,666000000.0,510000000.0,-85000000.0,425000000.0,6320000000.0,277715000.0,277715000.0,277715000.0
Textron Inc,TXT,3PPKBHUG1HD6BO7RNR87,217346,2015.0,Q2TTM,2014-06-29,2015-07-04,,2.39,2.39,0.08,2.38,,273000000.0,666000000.0,670000000.0,-4000000.0,666000000.0,11333000000.0,13846000000.0,,,,52000000.0,-36000000.0,1372000000.0,11333000000.0,2513000000.0,182000000.0,,1388000000.0,1125000000.0,-182000000.0,943000000.0,13846000000.0,277715000.0,277715000.0,277715000.0
Textron Inc,TXT,3PPKBHUG1HD6BO7RNR87,217346,2015.0,Q1,2015-01-04,2015-04-04,2016-04-28 06:03:01+00:00,0.46,0.46,0.02,0.46,,56000000.0,128000000.0,128000000.0,,128000000.0,2509000000.0,3073000000.0,,,,,,337000000.0,2509000000.0,564000000.0,43000000.0,,337000000.0,227000000.0,-43000000.0,184000000.0,3073000000.0,277902000.0,277902000.0,277902000.0
Textron Inc,TXT,3PPKBHUG1HD6BO7RNR87,217346,2015.0,Q1TTM,2014-03-30,2015-04-04,,2.31,2.31,0.08,2.29,,266000000.0,643000000.0,646000000.0,-3000000.0,643000000.0,11573000000.0,14104000000.0,,,,52000000.0,-16000000.0,1396000000.0,11573000000.0,2531000000.0,187000000.0,,1432000000.0,1099000000.0,-187000000.0,912000000.0,14104000000.0,277902000.0,277902000.0,277902000.0
Textron Inc,TXT,3PPKBHUG1HD6BO7RNR87,217346,2016.0,FY,2016-01-03,2016-12-31,2019-02-14 06:09:26+00:00,3.55,3.55,0.08,3.53,,33000000.0,962000000.0,843000000.0,119000000.0,962000000.0,11298000000.0,13788000000.0,,,,123000000.0,,1317000000.0,11298000000.0,2490000000.0,174000000.0,,1440000000.0,1050000000.0,-174000000.0,876000000.0,13788000000.0,270774000.0,270774000.0,270774000.0
Textron Inc,TXT,3PPKBHUG1HD6BO7RNR87,217346,2016.0,Q4,2016-10-02,2016-12-31,,0.78,0.78,0.02,0.78,,79000000.0,214000000.0,215000000.0,-1000000.0,214000000.0,3113000000.0,3825000000.0,,,,8000000.0,,368000000.0,3113000000.0,712000000.0,42000000.0,,376000000.0,336000000.0,-42000000.0,294000000.0,3825000000.0,270774000.0,270774000.0,270774000.0
Textron Inc,TXT,3PPKBHUG1HD6BO7RNR87,217346,2016.0,Q3,2016-07-03,2016-10-01,2017-10-27 11:07:57+00:00,1.56,1.56,0.02,1.55,,-192000000.0,421000000.0,299000000.0,122000000.0,421000000.0,2661000000.0,3251000000.0,,,,115000000.0,,323000000.0,2661000000.0,590000000.0,45000000.0,,438000000.0,152000000.0,-45000000.0,107000000.0,3251000000.0,270560000.0,270560000.0,270560000.0
Textron Inc,TXT,3PPKBHUG1HD6BO7RNR87,217346,2016.0,Q3YTD,2016-01-03,2016-10-01,,2.77,2.77,0.06,2.75,,-46000000.0,748000000.0,628000000.0,120000000.0,748000000.0,8185000000.0,9963000000.0,,,,115000000.0,,949000000.0,8185000000.0,1778000000.0,132000000.0,,1064000000.0,714000000.0,-132000000.0,582000000.0,9963000000.0,270560000.0,270560000.0,270560000.0
Textron Inc,TXT,3PPKBHUG1HD6BO7RNR87,217346,2016.0,Q3TTM,2015-10-04,2016-10-01,,3.59,3.59,0.08,3.56,,23000000.0,974000000.0,853000000.0,121000000.0,974000000.0,11436000000.0,13886000000.0,,,,115000000.0,,1284000000.0,11436000000.0,2450000000.0,175000000.0,,1399000000.0,1051000000.0,-175000000.0,876000000.0,13886000000.0,270560000.0,270560000.0,270560000.0
Textron Inc,TXT,3PPKBHUG1HD6BO7RNR87,217346,2016.0,Q2,2016-04-03,2016-07-02,2017-07-27 09:22:43+00:00,0.66,0.66,0.02,0.65,,82000000.0,177000000.0,178000000.0,-1000000.0,177000000.0,2889000000.0,3511000000.0,,,,,,318000000.0,2889000000.0,622000000.0,44000000.0,,318000000.0,304000000.0,-44000000.0,260000000.0,3511000000.0,269888000.0,269888000.0,269888000.0
Textron Inc,TXT,3PPKBHUG1HD6BO7RNR87,217346,2016.0,Q2YTD,2016-01-03,2016-07-02,,1.21,1.21,0.04,1.2,,146000000.0,327000000.0,329000000.0,-2000000.0,327000000.0,5524000000.0,6712000000.0,,,,,,626000000.0,5524000000.0,1188000000.0,87000000.0,,626000000.0,562000000.0,-87000000.0,475000000.0,6712000000.0,269888000.0,269888000.0,269888000.0
Textron Inc,TXT,3PPKBHUG1HD6BO7RNR87,217346,2016.0,Q2TTM,2015-07-05,2016-07-02,,2.67,2.67,0.08,2.64,,291000000.0,729000000.0,730000000.0,-1000000.0,729000000.0,11359000000.0,13815000000.0,,,,,,1264000000.0,11359000000.0,2456000000.0,171000000.0,,1264000000.0,1192000000.0,-171000000.0,1021000000.0,13815000000.0,269888000.0,269888000.0,269888000.0
Textron Inc,TXT,3PPKBHUG1HD6BO7RNR87,217346,2016.0,Q1,2016-01-03,2016-04-02,2017-04-26 15:34:02+00:00,0.55,0.55,0.02,0.55,,64000000.0,150000000.0,151000000.0,-1000000.0,150000000.0,2635000000.0,3201000000.0,,,,,,308000000.0,2635000000.0,566000000.0,43000000.0,,308000000.0,258000000.0,-43000000.0,215000000.0,3201000000.0,271660000.0,271660000.0,271660000.0
Textron Inc,TXT,3PPKBHUG1HD6BO7RNR87,217346,2016.0,Q1TTM,2015-04-05,2016-04-02,,2.61,2.61,0.08,2.59,,281000000.0,719000000.0,721000000.0,-2000000.0,719000000.0,11105000000.0,13551000000.0,,,,,,1275000000.0,11105000000.0,2446000000.0,169000000.0,,1275000000.0,1171000000.0,-169000000.0,1002000000.0,13551000000.0,271660000.0,271660000.0,271660000.0
Textron Inc,TXT,3PPKBHUG1HD6BO7RNR87,217346,2017.0,FY,2017-01-01,2017-12-30,2020-02-25 16:11:56+00:00,,,0.08,,,456000000.0,307000000.0,306000000.0,1000000.0,307000000.0,11827000000.0,14198000000.0,,,,130000000.0,,1334000000.0,11827000000.0,2371000000.0,174000000.0,29000000.0,1464000000.0,907000000.0,-145000000.0,762000000.0,14198000000.0,266380000.0,266380000.0,266380000.0
Textron Inc,TXT,3PPKBHUG1HD6BO7RNR87,217346,2017.0,Q4,2017-10-01,2017-12-30,,-1.54,-1.54,0.02,-1.54,,329000000.0,-106000000.0,-106000000.0,,-106000000.0,3376000000.0,4017000000.0,,,,55000000.0,,347000000.0,3376000000.0,641000000.0,45000000.0,29000000.0,402000000.0,239000000.0,-16000000.0,223000000.0,4017000000.0,266380000.0,266380000.0,266380000.0
Textron Inc,TXT,3PPKBHUG1HD6BO7RNR87,217346,2017.0,Q3,2017-07-02,2017-09-30,2018-10-25 14:38:04+00:00,0.6,0.6,0.02,0.6,,44000000.0,159000000.0,159000000.0,,159000000.0,2877000000.0,3484000000.0,,,,25000000.0,,335000000.0,2877000000.0,607000000.0,44000000.0,,360000000.0,247000000.0,-44000000.0,203000000.0,3484000000.0,264624000.0,264624000.0,264624000.0
Textron Inc,TXT,3PPKBHUG1HD6BO7RNR87,217346,2017.0,Q3YTD,2017-01-01,2017-09-30,,1.54,1.54,0.06,1.54,,127000000.0,413000000.0,412000000.0,1000000.0,413000000.0,8451000000.0,10181000000.0,,,,75000000.0,,987000000.0,8451000000.0,1730000000.0,129000000.0,,1062000000.0,668000000.0,-129000000.0,539000000.0,10181000000.0,264624000.0,264624000.0,264624000.0
Textron Inc,TXT,3PPKBHUG1HD6BO7RNR87,217346,2017.0,Q3TTM,2016-10-02,2017-09-30,,2.32,2.32,0.08,2.32,,206000000.0,627000000.0,627000000.0,,627000000.0,11564000000.0,14006000000.0,,,,83000000.0,,1355000000.0,11564000000.0,2442000000.0,171000000.0,,1438000000.0,1004000000.0,-171000000.0,833000000.0,14006000000.0,264624000.0,264624000.0,264624000.0
Textron Inc,TXT,3PPKBHUG1HD6BO7RNR87,217346,2017.0,Q2,2017-04-02,2017-07-01,2018-07-26 08:56:12+00:00,0.57,0.57,0.02,0.57,,62000000.0,153000000.0,153000000.0,,153000000.0,2990000000.0,3604000000.0,,,,13000000.0,,343000000.0,2990000000.0,614000000.0,43000000.0,,356000000.0,258000000.0,-43000000.0,215000000.0,3604000000.0,267114000.0,267114000.0,267114000.0
Textron Inc,TXT,3PPKBHUG1HD6BO7RNR87,217346,2017.0,Q2YTD,2017-01-01,2017-07-01,,0.94,0.94,0.04,0.94,,83000000.0,254000000.0,253000000.0,1000000.0,254000000.0,5574000000.0,6697000000.0,,,,50000000.0,,652000000.0,5574000000.0,1123000000.0,85000000.0,,702000000.0,421000000.0,-85000000.0,336000000.0,6697000000.0,267114000.0,267114000.0,267114000.0
Textron Inc,TXT,3PPKBHUG1HD6BO7RNR87,217346,2017.0,Q2TTM,2016-07-03,2017-07-01,,3.28,3.28,0.08,3.27,,-30000000.0,889000000.0,767000000.0,122000000.0,889000000.0,11348000000.0,13773000000.0,,,,173000000.0,,1343000000.0,11348000000.0,2425000000.0,172000000.0,,1516000000.0,909000000.0,-172000000.0,737000000.0,13773000000.0,267114000.0,267114000.0,267114000.0
Textron Inc,TXT,3PPKBHUG1HD6BO7RNR87,217346,2017.0,Q1,2017-01-01,2017-04-01,2018-04-25 15:54:08+00:00,0.37,0.37,0.02,0.37,,21000000.0,101000000.0,100000000.0,1000000.0,101000000.0,2584000000.0,3093000000.0,,,,37000000.0,,309000000.0,2584000000.0,509000000.0,42000000.0,,346000000.0,163000000.0,-42000000.0,121000000.0,3093000000.0,270489000.0,270489000.0,270489000.0
Textron Inc,TXT,3PPKBHUG1HD6BO7RNR87,217346,2017.0,Q1TTM,2016-04-03,2017-04-01,,3.37,3.37,0.08,3.35,,-10000000.0,913000000.0,792000000.0,121000000.0,913000000.0,11247000000.0,13680000000.0,,,,160000000.0,,1318000000.0,11247000000.0,2433000000.0,173000000.0,,1478000000.0,955000000.0,-173000000.0,782000000.0,13680000000.0,270489000.0,270489000.0,270489000.0
Textron Inc,TXT,3PPKBHUG1HD6BO7RNR87,217346,2018.0,FY,2017-12-31,2018-12-29,2020-02-25 16:11:56+00:00,,,0.08,,,162000000.0,1222000000.0,1222000000.0,,1222000000.0,11594000000.0,13972000000.0,,,,-371000000.0,,1275000000.0,11594000000.0,2378000000.0,166000000.0,76000000.0,904000000.0,1474000000.0,-90000000.0,1384000000.0,13972000000.0,250196000.0,250196000.0,250196000.0
Textron Inc,TXT,3PPKBHUG1HD6BO7RNR87,217346,2018.0,Q4,2018-09-30,2018-12-29,,-3.9,-3.9,0.02,-3.85,,32000000.0,246000000.0,246000000.0,,246000000.0,3124000000.0,3750000000.0,,,,73000000.0,,271000000.0,3124000000.0,626000000.0,42000000.0,38000000.0,344000000.0,282000000.0,-4000000.0,278000000.0,3750000000.0,250196000.0,250196000.0,250196000.0
Textron Inc,TXT,3PPKBHUG1HD6BO7RNR87,217346,2018.0,Q3,2018-07-01,2018-09-29,2019-10-23 14:06:56+00:00,2.29,2.29,0.02,2.26,,65000000.0,563000000.0,563000000.0,,563000000.0,2687000000.0,3200000000.0,,,,-444000000.0,,307000000.0,2687000000.0,513000000.0,41000000.0,19000000.0,-137000000.0,650000000.0,-22000000.0,628000000.0,3200000000.0,246136000.0,246136000.0,246136000.0
Textron Inc,TXT,3PPKBHUG1HD6BO7RNR87,217346,2018.0,Q3YTD,2017-12-31,2018-09-29,,3.9,3.9,0.06,3.85,,130000000.0,976000000.0,976000000.0,,976000000.0,8470000000.0,10222000000.0,,,,-444000000.0,,1004000000.0,8470000000.0,1752000000.0,124000000.0,38000000.0,560000000.0,1192000000.0,-86000000.0,1106000000.0,10222000000.0,246136000.0,246136000.0,246136000.0
Textron Inc,TXT,3PPKBHUG1HD6BO7RNR87,217346,2018.0,Q3TTM,2017-10-01,2018-09-29,,2.36,2.36,0.08,2.31,,459000000.0,870000000.0,870000000.0,,870000000.0,11846000000.0,14239000000.0,,,,-389000000.0,,1351000000.0,11846000000.0,2393000000.0,169000000.0,67000000.0,962000000.0,1431000000.0,-102000000.0,1329000000.0,14239000000.0,246136000.0,246136000.0,246136000.0
Textron Inc,TXT,3PPKBHUG1HD6BO7RNR87,217346,2018.0,Q2YTD,2017-12-31,2018-06-30,,1.61,1.61,0.04,1.59,,65000000.0,413000000.0,413000000.0,,413000000.0,5783000000.0,7022000000.0,,,,,,697000000.0,5783000000.0,1239000000.0,83000000.0,19000000.0,697000000.0,542000000.0,-64000000.0,478000000.0,7022000000.0,253904000.0,253904000.0,253904000.0
Textron Inc,TXT,3PPKBHUG1HD6BO7RNR87,217346,2018.0,Q2TTM,2017-07-02,2018-06-30,,0.67,0.67,0.08,0.65,,438000000.0,466000000.0,466000000.0,,466000000.0,12036000000.0,14523000000.0,,,,80000000.0,,1379000000.0,12036000000.0,2487000000.0,172000000.0,48000000.0,1459000000.0,1028000000.0,-124000000.0,904000000.0,14523000000.0,253904000.0,253904000.0,253904000.0
Textron Inc,TXT,3PPKBHUG1HD6BO7RNR87,217346,2018.0,Q2,2018-04-01,2018-06-30,2018-07-26 08:56:12+00:00,0.88,0.88,0.02,0.87,,36000000.0,224000000.0,224000000.0,,224000000.0,3054000000.0,3726000000.0,,,,0.0,,370000000.0,3054000000.0,672000000.0,42000000.0,,370000000.0,302000000.0,-42000000.0,260000000.0,3726000000.0,253904000.0,253904000.0,253904000.0
Textron Inc,TXT,3PPKBHUG1HD6BO7RNR87,217346,2018.0,Q1,2017-12-31,2018-03-31,2019-04-24 15:34:41+00:00,0.73,0.73,0.02,0.72,,29000000.0,189000000.0,189000000.0,,189000000.0,2729000000.0,3296000000.0,,,,,,327000000.0,2729000000.0,567000000.0,41000000.0,19000000.0,327000000.0,240000000.0,-22000000.0,218000000.0,3296000000.0,260497000.0,260497000.0,260497000.0
Textron Inc,TXT,3PPKBHUG1HD6BO7RNR87,217346,2018.0,Q1TTM,2017-04-02,2018-03-31,,0.36,0.36,0.08,0.35,,464000000.0,395000000.0,395000000.0,,395000000.0,11972000000.0,14401000000.0,,,,93000000.0,,1352000000.0,11972000000.0,2429000000.0,173000000.0,48000000.0,1445000000.0,984000000.0,-125000000.0,859000000.0,14401000000.0,260497000.0,260497000.0,260497000.0
Textron Inc,TXT,3PPKBHUG1HD6BO7RNR87,217346,2019.0,FY,2018-12-30,2020-01-04,2020-02-25 16:11:56+00:00,,,0.08,,,127000000.0,815000000.0,815000000.0,,815000000.0,11406000000.0,13630000000.0,,,,72000000.0,,1152000000.0,11406000000.0,2224000000.0,171000000.0,113000000.0,1224000000.0,1000000000.0,-58000000.0,942000000.0,13630000000.0,231315000.0,231315000.0,231315000.0
Textron Inc,TXT,3PPKBHUG1HD6BO7RNR87,217346,2019.0,Q3,2019-06-30,2019-09-28,2019-10-23 14:06:56+00:00,0.96,0.96,0.02,0.95,,21000000.0,220000000.0,220000000.0,,220000000.0,2747000000.0,3259000000.0,,,,,,255000000.0,2747000000.0,512000000.0,44000000.0,28000000.0,255000000.0,257000000.0,-16000000.0,241000000.0,3259000000.0,229755000.0,229755000.0,229755000.0
Textron Inc,TXT,3PPKBHUG1HD6BO7RNR87,217346,2019.0,Q1,2018-12-30,2019-03-30,2020-05-01 10:31:43+00:00,0.76,0.76,0.02,0.76,,33000000.0,179000000.0,179000000.0,,179000000.0,2577000000.0,3109000000.0,,,,,,307000000.0,2577000000.0,532000000.0,42000000.0,29000000.0,307000000.0,225000000.0,-13000000.0,212000000.0,3109000000.0,234839000.0,234839000.0,234839000.0
Textron Inc,TXT,3PPKBHUG1HD6BO7RNR87,217346,2019.0,Q1TTM,2018-04-01,2019-03-30,,0.03,0.03,0.08,0.04,,166000000.0,1212000000.0,1212000000.0,,1212000000.0,11442000000.0,13785000000.0,,,,-371000000.0,,1255000000.0,11442000000.0,2343000000.0,167000000.0,86000000.0,884000000.0,1459000000.0,-81000000.0,1378000000.0,13785000000.0,234839000.0,234839000.0,234839000.0
Textron Inc,TXT,3PPKBHUG1HD6BO7RNR87,217346,2020.0,Q1TTM,2019-03-31,2020-04-04,,-0.54,-0.54,0.08,-0.54,39000000.0,113000000.0,686000000.0,686000000.0,,686000000.0,11216000000.0,13298000000.0,,,,72000000.0,,1108000000.0,11216000000.0,2082000000.0,169000000.0,105000000.0,1219000000.0,863000000.0,-64000000.0,799000000.0,13298000000.0,228311000.0,228311000.0,228311000.0
Textron Inc,TXT,3PPKBHUG1HD6BO7RNR87,217346,2020.0,Q1,2020-01-05,2020-04-04,2020-05-01 10:31:43+00:00,0.22,0.22,0.02,0.22,39000000.0,19000000.0,50000000.0,50000000.0,,50000000.0,2387000000.0,2777000000.0,,,,,,263000000.0,2387000000.0,390000000.0,40000000.0,21000000.0,302000000.0,88000000.0,-19000000.0,69000000.0,2777000000.0,228311000.0,228311000.0,228311000.0
