company_name,company_ticker,company_lei,company_cik,year,quarter,start_date,end_date,filing_date,amortizationexpense,basicdilutedeps,basiceps,cashdividendspershare,depreciationexpense,dilutedeps,incometaxexpense,netincome,netincomecontinuing,netincomediscontinued,netincometocommon,netincometononcontrollinginterest,operatingcostofrevenue,operatingrevenue,othercostofrevenue,otherincome,restructuringcharge,sgaexpense,totalcostofrevenue,totalgrossprofit,totalinterestexpense,totalinterestincome,totaloperatingexpenses,totaloperatingincome,totalotherincome,totalpretaxincome,totalrevenue,weightedavebasicdilutedsharesos,weightedavebasicsharesos,weightedavedilutedsharesos
Marriott International Inc,MAR,225YDZ14ZO8E1TXUSU86,1048286,2008.0,Q1,2008-06-14,2008-09-05,2009-10-09 10:23:59+00:00,,0.27,0.27,0.0869,,0.25,103000000.0,84000000.0,84000000.0,0.0,94000000.0,-10000000.0,2593000000.0,2963000000.0,0.0,7000000.0,0.0,167000000.0,2593000000.0,370000000.0,33000000.0,10000000.0,167000000.0,203000000.0,-16000000.0,187000000.0,2963000000.0,348100000.0,348100000.0,376000000.0
Marriott International Inc,MAR,225YDZ14ZO8E1TXUSU86,1048286,2008.0,Q2,2008-03-22,2008-06-13,2009-07-17 16:49:25+00:00,,0.44,0.44,0.0872,,0.42,139000000.0,155000000.0,151000000.0,4000000.0,157000000.0,-2000000.0,2688000000.0,3185000000.0,,9000000.0,0.0,184000000.0,2688000000.0,497000000.0,38000000.0,6000000.0,184000000.0,313000000.0,-23000000.0,290000000.0,3185000000.0,356800000.0,356800000.0,373800000.0
Marriott International Inc,MAR,225YDZ14ZO8E1TXUSU86,1048286,2008.0,FY,2006-12-30,2007-12-28,2010-02-12 16:10:55+00:00,,1.83,1.83,0.2844,,1.73,441000000.0,695000000.0,696000000.0,-1000000.0,696000000.0,-1000000.0,11034000000.0,12990000000.0,0.0,97000000.0,0.0,773000000.0,11034000000.0,1956000000.0,184000000.0,41000000.0,773000000.0,1183000000.0,-46000000.0,1137000000.0,12990000000.0,380300000.0,380300000.0,402300000.0
Marriott International Inc,MAR,225YDZ14ZO8E1TXUSU86,1048286,2009.0,FY,2009-01-03,2010-01-01,2012-02-16 15:34:57+00:00,,-0.97,-0.97,0.0866,,-0.97,-65000000.0,-353000000.0,-353000000.0,,-346000000.0,-7000000.0,9673000000.0,10908000000.0,614000000.0,-107000000.0,51000000.0,722000000.0,10287000000.0,621000000.0,118000000.0,-41000000.0,773000000.0,-152000000.0,-266000000.0,-418000000.0,10908000000.0,356700000.0,356700000.0,356700000.0
Marriott International Inc,MAR,225YDZ14ZO8E1TXUSU86,1048286,2009.0,Q4,2009-09-12,2010-01-01,,,0.23,0.23,,,0.23,101000000.0,81000000.0,81000000.0,,83000000.0,-2000000.0,5180000000.0,5875000000.0,,29000000.0,9000000.0,431000000.0,5180000000.0,695000000.0,63000000.0,-39000000.0,440000000.0,255000000.0,-73000000.0,182000000.0,5875000000.0,356400000.0,356400000.0,356400000.0
Marriott International Inc,MAR,225YDZ14ZO8E1TXUSU86,1048286,2009.0,Q1TTM,2008-09-06,2009-09-11,,,0.38,0.38,,,0.38,128000000.0,142000000.0,143000000.0,-1000000.0,136000000.0,6000000.0,10651000000.0,12498000000.0,614000000.0,-49000000.0,9000000.0,750000000.0,11265000000.0,1233000000.0,178000000.0,24000000.0,759000000.0,474000000.0,-203000000.0,271000000.0,12498000000.0,355700000.0,355700000.0,355700000.0
Marriott International Inc,MAR,225YDZ14ZO8E1TXUSU86,1048286,2009.0,Q1,2009-06-20,2009-09-11,2010-10-08 12:17:58+00:00,,-1.31,-1.31,0.0,,-1.31,-210000000.0,-469000000.0,-469000000.0,,-466000000.0,-3000000.0,2210000000.0,2471000000.0,614000000.0,-139000000.0,9000000.0,144000000.0,2824000000.0,-353000000.0,27000000.0,-7000000.0,153000000.0,-506000000.0,-173000000.0,-679000000.0,2471000000.0,355700000.0,355700000.0,355700000.0
Marriott International Inc,MAR,225YDZ14ZO8E1TXUSU86,1048286,2009.0,Q3YTD,2009-01-03,2009-09-11,,,-1.27,-1.27,0.18,,-1.27,-133000000.0,-459000000.0,-459000000.0,,-452000000.0,-7000000.0,6730000000.0,7528000000.0,614000000.0,-111000000.0,44000000.0,507000000.0,7344000000.0,184000000.0,84000000.0,-30000000.0,551000000.0,-367000000.0,-225000000.0,-592000000.0,7528000000.0,356700000.0,356700000.0,356700000.0
Marriott International Inc,MAR,225YDZ14ZO8E1TXUSU86,1048286,2009.0,Q2TTM,2008-06-14,2009-06-19,,,0.04,0.04,0.3,,0.04,33000000.0,22000000.0,27000000.0,-5000000.0,16000000.0,6000000.0,10246000000.0,11875000000.0,614000000.0,-55000000.0,42000000.0,713000000.0,10860000000.0,1015000000.0,168000000.0,23000000.0,755000000.0,260000000.0,-200000000.0,60000000.0,11875000000.0,370000000.0,370000000.0,370000000.0
Marriott International Inc,MAR,225YDZ14ZO8E1TXUSU86,1048286,2009.0,Q2,2009-03-28,2009-06-19,2010-07-16 16:27:59+00:00,,0.1,0.1,0.0,,0.1,44000000.0,35000000.0,35000000.0,,37000000.0,-2000000.0,2283000000.0,2562000000.0,,3000000.0,33000000.0,147000000.0,2283000000.0,279000000.0,28000000.0,5000000.0,180000000.0,99000000.0,-20000000.0,79000000.0,2562000000.0,370000000.0,370000000.0,370000000.0
Marriott International Inc,MAR,225YDZ14ZO8E1TXUSU86,1048286,2009.0,Q2YTD,2009-06-20,2009-06-19,,,-1.16,-1.16,0.16,,-1.16,-166000000.0,-434000000.0,-434000000.0,,-429000000.0,-5000000.0,4493000000.0,5033000000.0,614000000.0,-136000000.0,42000000.0,291000000.0,5107000000.0,-74000000.0,55000000.0,-2000000.0,333000000.0,-407000000.0,-193000000.0,-600000000.0,5033000000.0,370000000.0,370000000.0,370000000.0
Marriott International Inc,MAR,225YDZ14ZO8E1TXUSU86,1048286,2010.0,FY,2010-01-02,2010-12-31,2013-02-20 11:12:43+00:00,,1.26,1.26,0.2075,,1.21,93000000.0,458000000.0,458000000.0,,458000000.0,,10216000000.0,11691000000.0,0.0,35000000.0,,780000000.0,10216000000.0,1475000000.0,180000000.0,1000000.0,780000000.0,695000000.0,-144000000.0,551000000.0,11691000000.0,363500000.0,363500000.0,378500000.0
Marriott International Inc,MAR,225YDZ14ZO8E1TXUSU86,1048286,2010.0,Q4,2010-09-11,2010-12-31,,,0.48,0.48,0.04,,0.48,-63000000.0,173000000.0,173000000.0,,173000000.0,,3169000000.0,3642000000.0,,28000000.0,,351000000.0,3169000000.0,473000000.0,50000000.0,10000000.0,351000000.0,122000000.0,-12000000.0,110000000.0,3642000000.0,363500000.0,363500000.0,378500000.0
Marriott International Inc,MAR,225YDZ14ZO8E1TXUSU86,1048286,2010.0,Q3,2010-06-19,2010-09-10,2011-10-07 10:17:53+00:00,,0.23,0.23,0.04,,0.22,45000000.0,83000000.0,83000000.0,,83000000.0,,2332000000.0,2648000000.0,0.0,3000000.0,,149000000.0,2332000000.0,316000000.0,41000000.0,-1000000.0,149000000.0,167000000.0,-39000000.0,128000000.0,2648000000.0,360900000.0,360900000.0,377300000.0
Marriott International Inc,MAR,225YDZ14ZO8E1TXUSU86,1048286,2010.0,Q3YTD,2010-01-02,2010-09-10,,,0.79,0.79,0.08,,0.79,156000000.0,285000000.0,285000000.0,,285000000.0,,7047000000.0,8049000000.0,,7000000.0,,429000000.0,7047000000.0,1002000000.0,130000000.0,-9000000.0,429000000.0,573000000.0,-132000000.0,441000000.0,8049000000.0,360900000.0,360900000.0,377300000.0
Marriott International Inc,MAR,225YDZ14ZO8E1TXUSU86,1048286,2010.0,Q3TTM,2009-09-12,2010-09-10,,,1.08,1.08,0.08,,1.08,224000000.0,391000000.0,391000000.0,,391000000.0,,9990000000.0,11429000000.0,,11000000.0,7000000.0,644000000.0,9990000000.0,1439000000.0,164000000.0,-20000000.0,651000000.0,788000000.0,-173000000.0,615000000.0,11429000000.0,363100000.0,363100000.0,363100000.0
Marriott International Inc,MAR,225YDZ14ZO8E1TXUSU86,1048286,2010.0,Q2,2010-03-27,2010-06-18,2011-07-15 10:43:55+00:00,,0.33,0.33,0.04,,0.31,65000000.0,119000000.0,119000000.0,,119000000.0,,2403000000.0,2771000000.0,,3000000.0,,142000000.0,2403000000.0,368000000.0,44000000.0,-1000000.0,142000000.0,226000000.0,-42000000.0,184000000.0,2771000000.0,360600000.0,360600000.0,383900000.0
Marriott International Inc,MAR,225YDZ14ZO8E1TXUSU86,1048286,2010.0,Q2YTD,2010-01-02,2010-06-18,,,0.56,0.56,0.04,,0.56,111000000.0,202000000.0,202000000.0,,202000000.0,,4715000000.0,5401000000.0,,4000000.0,,280000000.0,4715000000.0,686000000.0,89000000.0,-8000000.0,280000000.0,406000000.0,-93000000.0,313000000.0,5401000000.0,360600000.0,360600000.0,383900000.0
Marriott International Inc,MAR,225YDZ14ZO8E1TXUSU86,1048286,2010.0,Q2TTM,2009-06-20,2010-06-18,,,0.79,0.79,0.04,,0.79,212000000.0,283000000.0,283000000.0,,285000000.0,-2000000.0,9895000000.0,11276000000.0,,33000000.0,9000000.0,711000000.0,9895000000.0,1381000000.0,152000000.0,-47000000.0,720000000.0,661000000.0,-166000000.0,495000000.0,11276000000.0,360600000.0,360600000.0,383900000.0
Marriott International Inc,MAR,225YDZ14ZO8E1TXUSU86,1048286,2010.0,Q1,2010-01-02,2010-03-26,2011-04-22 12:12:07+00:00,,0.23,0.23,0.04,,0.22,46000000.0,83000000.0,83000000.0,,83000000.0,,2312000000.0,2630000000.0,,1000000.0,,138000000.0,2312000000.0,318000000.0,45000000.0,-7000000.0,138000000.0,180000000.0,-51000000.0,129000000.0,2630000000.0,360900000.0,360900000.0,377300000.0
Marriott International Inc,MAR,225YDZ14ZO8E1TXUSU86,1048286,2010.0,Q1TTM,2009-03-28,2010-03-26,,,0.56,0.56,0.09,,0.56,191000000.0,199000000.0,199000000.0,,203000000.0,-4000000.0,9775000000.0,11067000000.0,,33000000.0,42000000.0,716000000.0,9775000000.0,1292000000.0,136000000.0,-41000000.0,758000000.0,534000000.0,-144000000.0,390000000.0,11067000000.0,360900000.0,360900000.0,377300000.0
Marriott International Inc,MAR,225YDZ14ZO8E1TXUSU86,1048286,2011.0,FY,2011-01-01,2011-12-30,2014-02-20 13:27:51+00:00,,0.56,0.56,,,0.55,158000000.0,198000000.0,198000000.0,,198000000.0,,10715000000.0,12317000000.0,324000000.0,-7000000.0,,752000000.0,11039000000.0,1278000000.0,164000000.0,1000000.0,752000000.0,526000000.0,-170000000.0,356000000.0,12317000000.0,353600000.0,353600000.0,360000000.0
Marriott International Inc,MAR,225YDZ14ZO8E1TXUSU86,1048286,2011.0,Q4,2011-09-10,2011-12-30,,,0.4,0.4,0.1,,0.4,61000000.0,141000000.0,141000000.0,,141000000.0,,3192000000.0,3693000000.0,,4000000.0,,254000000.0,3192000000.0,501000000.0,47000000.0,-2000000.0,254000000.0,247000000.0,-45000000.0,202000000.0,3693000000.0,353600000.0,353600000.0,360000000.0
Marriott International Inc,MAR,225YDZ14ZO8E1TXUSU86,1048286,2011.0,Q3YTD,2011-01-01,2011-09-09,,,0.17,0.17,0.29,,0.17,97000000.0,57000000.0,57000000.0,,57000000.0,,7523000000.0,8624000000.0,324000000.0,-11000000.0,,498000000.0,7847000000.0,777000000.0,117000000.0,3000000.0,498000000.0,279000000.0,-125000000.0,154000000.0,8624000000.0,345400000.0,345400000.0,345400000.0
Marriott International Inc,MAR,225YDZ14ZO8E1TXUSU86,1048286,2011.0,Q3TTM,2010-09-11,2011-09-09,,,0.67,0.67,0.33,,0.67,34000000.0,230000000.0,230000000.0,,230000000.0,,10692000000.0,12266000000.0,324000000.0,17000000.0,,849000000.0,11016000000.0,1250000000.0,167000000.0,13000000.0,849000000.0,401000000.0,-137000000.0,264000000.0,12266000000.0,345400000.0,345400000.0,345400000.0
Marriott International Inc,MAR,225YDZ14ZO8E1TXUSU86,1048286,2011.0,Q3,2011-06-18,2011-09-09,2012-10-04 11:15:09+00:00,,-0.52,-0.52,0.1,,-0.52,-20000000.0,-179000000.0,-179000000.0,,-179000000.0,,2514000000.0,2874000000.0,324000000.0,-16000000.0,,180000000.0,2838000000.0,36000000.0,39000000.0,0.0,180000000.0,-144000000.0,-55000000.0,-199000000.0,2874000000.0,345400000.0,345400000.0,345400000.0
Marriott International Inc,MAR,225YDZ14ZO8E1TXUSU86,1048286,2011.0,Q2,2011-03-26,2011-06-17,2012-07-12 11:12:08+00:00,,0.38,0.38,0.1,,0.37,66000000.0,135000000.0,135000000.0,,135000000.0,,2581000000.0,2972000000.0,,3000000.0,,159000000.0,2581000000.0,391000000.0,37000000.0,3000000.0,159000000.0,232000000.0,-31000000.0,201000000.0,2972000000.0,355300000.0,355300000.0,364900000.0
Marriott International Inc,MAR,225YDZ14ZO8E1TXUSU86,1048286,2011.0,Q2YTD,2011-01-01,2011-06-17,,,0.66,0.66,0.18,,0.66,117000000.0,236000000.0,236000000.0,,236000000.0,,5009000000.0,5750000000.0,,5000000.0,,318000000.0,5009000000.0,741000000.0,78000000.0,3000000.0,318000000.0,423000000.0,-70000000.0,353000000.0,5750000000.0,355300000.0,355300000.0,364900000.0
Marriott International Inc,MAR,225YDZ14ZO8E1TXUSU86,1048286,2011.0,Q2TTM,2010-06-19,2011-06-17,,,1.38,1.38,0.26,,1.38,99000000.0,492000000.0,492000000.0,,492000000.0,,10510000000.0,12040000000.0,,36000000.0,,818000000.0,10510000000.0,1530000000.0,169000000.0,12000000.0,818000000.0,712000000.0,-121000000.0,591000000.0,12040000000.0,355300000.0,355300000.0,364900000.0
Marriott International Inc,MAR,225YDZ14ZO8E1TXUSU86,1048286,2011.0,Q1,2011-01-01,2011-03-25,2012-04-19 11:15:14+00:00,,0.27,0.27,0.0875,,0.26,51000000.0,101000000.0,101000000.0,,101000000.0,,2428000000.0,2778000000.0,,2000000.0,,159000000.0,2428000000.0,350000000.0,41000000.0,0.0,159000000.0,191000000.0,-39000000.0,152000000.0,2778000000.0,374100000.0,374100000.0,388500000.0
Marriott International Inc,MAR,225YDZ14ZO8E1TXUSU86,1048286,2011.0,Q1TTM,2010-03-27,2011-03-25,,,1.27,1.27,0.2,,1.27,98000000.0,476000000.0,476000000.0,,476000000.0,,10332000000.0,11839000000.0,,36000000.0,,801000000.0,10332000000.0,1507000000.0,176000000.0,8000000.0,801000000.0,706000000.0,-132000000.0,574000000.0,11839000000.0,374100000.0,374100000.0,388500000.0
Marriott International Inc,MAR,225YDZ14ZO8E1TXUSU86,1048286,2012.0,Q4,2012-09-08,2012-12-28,,102000000.0,0.57,0.57,-0.36,,0.56,90000000.0,181000000.0,181000000.0,,181000000.0,,3203000000.0,3757000000.0,,-1000000.0,,143000000.0,3203000000.0,554000000.0,41000000.0,4000000.0,245000000.0,309000000.0,-38000000.0,271000000.0,3757000000.0,322600000.0,322600000.0,322600000.0
Marriott International Inc,MAR,225YDZ14ZO8E1TXUSU86,1048286,2012.0,FY,2011-12-31,2012-12-28,2015-02-19 12:08:23+00:00,102000000.0,1.77,1.77,,,1.72,278000000.0,571000000.0,571000000.0,,571000000.0,,10190000000.0,11814000000.0,,42000000.0,,582000000.0,10190000000.0,1624000000.0,137000000.0,4000000.0,684000000.0,940000000.0,-91000000.0,849000000.0,11814000000.0,322600000.0,322600000.0,322600000.0
Marriott International Inc,MAR,225YDZ14ZO8E1TXUSU86,1048286,2012.0,Q3,2012-06-16,2012-09-07,2013-10-31 11:17:21+00:00,,0.45,0.45,0.13,,0.44,79000000.0,143000000.0,143000000.0,,143000000.0,,2384000000.0,2729000000.0,,36000000.0,,132000000.0,2384000000.0,345000000.0,29000000.0,2000000.0,132000000.0,213000000.0,9000000.0,222000000.0,2729000000.0,317800000.0,317800000.0,325000000.0
Marriott International Inc,MAR,225YDZ14ZO8E1TXUSU86,1048286,2012.0,Q3YTD,2011-12-31,2012-09-07,,,1.2,1.2,0.36,,1.16,188000000.0,390000000.0,390000000.0,,390000000.0,,6987000000.0,8057000000.0,,43000000.0,,439000000.0,6987000000.0,1070000000.0,96000000.0,,439000000.0,631000000.0,-53000000.0,578000000.0,8057000000.0,317800000.0,317800000.0,325000000.0
Marriott International Inc,MAR,225YDZ14ZO8E1TXUSU86,1048286,2012.0,Q3TTM,2011-09-10,2012-09-07,,,1.67,1.67,0.45,,1.67,249000000.0,531000000.0,531000000.0,,531000000.0,,10179000000.0,11750000000.0,,47000000.0,,693000000.0,10179000000.0,1571000000.0,143000000.0,-2000000.0,693000000.0,878000000.0,-98000000.0,780000000.0,11750000000.0,317800000.0,317800000.0,325000000.0
Marriott International Inc,MAR,225YDZ14ZO8E1TXUSU86,1048286,2012.0,Q2YTD,2011-12-31,2012-06-15,,,0.75,0.75,0.23,,0.72,109000000.0,247000000.0,247000000.0,,247000000.0,,4603000000.0,5328000000.0,,7000000.0,,307000000.0,4603000000.0,725000000.0,67000000.0,-2000000.0,307000000.0,418000000.0,-62000000.0,356000000.0,5328000000.0,327900000.0,327900000.0,327900000.0
Marriott International Inc,MAR,225YDZ14ZO8E1TXUSU86,1048286,2012.0,Q2TTM,2011-06-18,2012-06-15,,,0.64,0.64,0.42,,0.64,150000000.0,209000000.0,209000000.0,,209000000.0,,10309000000.0,11895000000.0,324000000.0,-5000000.0,,741000000.0,10633000000.0,1262000000.0,153000000.0,-4000000.0,741000000.0,521000000.0,-162000000.0,359000000.0,11895000000.0,327900000.0,327900000.0,327900000.0
Marriott International Inc,MAR,225YDZ14ZO8E1TXUSU86,1048286,2012.0,Q2,2012-03-24,2012-06-15,2013-08-01 11:42:22+00:00,,0.44,0.44,0.13,,0.42,66000000.0,143000000.0,143000000.0,,143000000.0,,2373000000.0,2776000000.0,,5000000.0,,160000000.0,2373000000.0,403000000.0,34000000.0,-5000000.0,160000000.0,243000000.0,-34000000.0,209000000.0,2776000000.0,327900000.0,327900000.0,327900000.0
Marriott International Inc,MAR,225YDZ14ZO8E1TXUSU86,1048286,2012.0,Q1,2011-12-31,2012-03-23,2013-05-02 11:27:32+00:00,,0.31,0.31,0.1,,0.3,43000000.0,104000000.0,104000000.0,,104000000.0,,2230000000.0,2552000000.0,,2000000.0,,147000000.0,2230000000.0,322000000.0,33000000.0,3000000.0,147000000.0,175000000.0,-28000000.0,147000000.0,2552000000.0,335500000.0,335500000.0,346700000.0
Marriott International Inc,MAR,225YDZ14ZO8E1TXUSU86,1048286,2012.0,Q1TTM,2011-03-26,2012-03-23,,,0.6,0.6,0.41,,0.6,150000000.0,201000000.0,201000000.0,,201000000.0,,10517000000.0,12091000000.0,324000000.0,-7000000.0,,740000000.0,10841000000.0,1250000000.0,156000000.0,4000000.0,740000000.0,510000000.0,-159000000.0,351000000.0,12091000000.0,335500000.0,335500000.0,346700000.0
Marriott International Inc,MAR,225YDZ14ZO8E1TXUSU86,1048286,2013.0,FY,2012-12-29,2013-12-31,2016-02-18 12:08:18+00:00,127000000.0,2.05,2.05,,,2.0,271000000.0,626000000.0,626000000.0,,626000000.0,,11020000000.0,12784000000.0,,11000000.0,,649000000.0,11020000000.0,1764000000.0,120000000.0,18000000.0,776000000.0,988000000.0,-91000000.0,897000000.0,12784000000.0,305000000.0,305000000.0,305000000.0
Marriott International Inc,MAR,225YDZ14ZO8E1TXUSU86,1048286,2013.0,Q4,2013-10-01,2013-12-31,,127000000.0,0.5,0.5,-0.47,-92000000.0,0.48,59000000.0,151000000.0,151000000.0,,151000000.0,,2768000000.0,3219000000.0,,-3000000.0,,178000000.0,2768000000.0,451000000.0,32000000.0,7000000.0,213000000.0,238000000.0,-28000000.0,210000000.0,3219000000.0,305000000.0,305000000.0,305000000.0
Marriott International Inc,MAR,225YDZ14ZO8E1TXUSU86,1048286,2013.0,Q3YTD,2012-12-29,2013-09-30,,,1.55,1.55,0.47,92000000.0,1.52,212000000.0,475000000.0,475000000.0,,475000000.0,,8252000000.0,9565000000.0,,14000000.0,,471000000.0,8252000000.0,1313000000.0,88000000.0,11000000.0,563000000.0,750000000.0,-63000000.0,687000000.0,9565000000.0,301900000.0,301900000.0,301900000.0
Marriott International Inc,MAR,225YDZ14ZO8E1TXUSU86,1048286,2013.0,Q3TTM,2012-09-08,2013-09-30,,102000000.0,2.12,2.12,0.11,92000000.0,2.08,302000000.0,656000000.0,656000000.0,,656000000.0,,11455000000.0,13322000000.0,,13000000.0,,614000000.0,11455000000.0,1867000000.0,129000000.0,15000000.0,808000000.0,1059000000.0,-101000000.0,958000000.0,13322000000.0,301900000.0,301900000.0,301900000.0
Marriott International Inc,MAR,225YDZ14ZO8E1TXUSU86,1048286,2013.0,Q3,2013-07-01,2013-09-30,2014-10-29 12:15:01+00:00,,0.53,0.53,0.17,34000000.0,0.52,63000000.0,160000000.0,160000000.0,,160000000.0,,2734000000.0,3160000000.0,,1000000.0,,147000000.0,2734000000.0,426000000.0,28000000.0,5000000.0,181000000.0,245000000.0,-22000000.0,223000000.0,3160000000.0,301900000.0,301900000.0,301900000.0
Marriott International Inc,MAR,225YDZ14ZO8E1TXUSU86,1048286,2013.0,Q2YTD,2012-12-29,2013-06-30,,,1.02,1.02,0.3,58000000.0,1.0,149000000.0,315000000.0,315000000.0,,315000000.0,,5518000000.0,6405000000.0,,13000000.0,,324000000.0,5518000000.0,887000000.0,60000000.0,6000000.0,382000000.0,505000000.0,-41000000.0,464000000.0,6405000000.0,306700000.0,306700000.0,306700000.0
Marriott International Inc,MAR,225YDZ14ZO8E1TXUSU86,1048286,2013.0,Q2TTM,2012-06-16,2013-06-30,,102000000.0,2.04,2.04,0.07,58000000.0,2.0,318000000.0,639000000.0,639000000.0,,639000000.0,,11105000000.0,12891000000.0,,48000000.0,,599000000.0,11105000000.0,1786000000.0,130000000.0,12000000.0,759000000.0,1027000000.0,-70000000.0,957000000.0,12891000000.0,306700000.0,306700000.0,306700000.0
Marriott International Inc,MAR,225YDZ14ZO8E1TXUSU86,1048286,2013.0,Q2,2013-04-01,2013-06-30,2014-09-05 13:20:43+00:00,,0.58,0.58,0.17,33000000.0,0.57,84000000.0,179000000.0,179000000.0,,179000000.0,,2791000000.0,3263000000.0,,10000000.0,,160000000.0,2791000000.0,472000000.0,29000000.0,3000000.0,193000000.0,279000000.0,-16000000.0,263000000.0,3263000000.0,306700000.0,306700000.0,306700000.0
Marriott International Inc,MAR,225YDZ14ZO8E1TXUSU86,1048286,2013.0,Q1TTM,2012-03-24,2013-03-31,,102000000.0,1.9,1.9,0.03,25000000.0,1.85,300000000.0,603000000.0,603000000.0,,603000000.0,,10687000000.0,12404000000.0,,43000000.0,,599000000.0,10687000000.0,1717000000.0,135000000.0,4000000.0,726000000.0,991000000.0,-88000000.0,903000000.0,12404000000.0,311800000.0,311800000.0,311800000.0
Marriott International Inc,MAR,225YDZ14ZO8E1TXUSU86,1048286,2013.0,Q1,2012-12-29,2013-03-31,2014-04-30 11:07:29+00:00,,0.44,0.44,0.13,25000000.0,0.43,65000000.0,136000000.0,136000000.0,,136000000.0,,2727000000.0,3142000000.0,,3000000.0,,164000000.0,2727000000.0,415000000.0,31000000.0,3000000.0,189000000.0,226000000.0,-25000000.0,201000000.0,3142000000.0,311800000.0,311800000.0,311800000.0
Marriott International Inc,MAR,225YDZ14ZO8E1TXUSU86,1048286,2014.0,FY,2014-01-01,2014-12-31,2017-02-21 15:55:33+00:00,,2.6,2.6,,148000000.0,2.54,335000000.0,753000000.0,753000000.0,,753000000.0,,11830000000.0,13796000000.0,,8000000.0,0.0,659000000.0,11830000000.0,1966000000.0,115000000.0,36000000.0,807000000.0,1159000000.0,-71000000.0,1088000000.0,13796000000.0,289900000.0,289900000.0,289900000.0
Marriott International Inc,MAR,225YDZ14ZO8E1TXUSU86,1048286,2014.0,Q4,2014-10-01,2014-12-31,,-116000000.0,0.7,0.7,-0.57,148000000.0,0.68,85000000.0,197000000.0,197000000.0,,197000000.0,,3056000000.0,3559000000.0,,4000000.0,,180000000.0,3056000000.0,503000000.0,26000000.0,13000000.0,212000000.0,291000000.0,-9000000.0,282000000.0,3559000000.0,289900000.0,289900000.0,289900000.0
Marriott International Inc,MAR,225YDZ14ZO8E1TXUSU86,1048286,2014.0,Q3,2014-07-01,2014-09-30,2015-10-29 11:49:02+00:00,33000000.0,0.66,0.66,0.2,,0.65,98000000.0,192000000.0,192000000.0,,192000000.0,,2957000000.0,3460000000.0,,1000000.0,,172000000.0,2957000000.0,503000000.0,29000000.0,20000000.0,205000000.0,298000000.0,-8000000.0,290000000.0,3460000000.0,288900000.0,288900000.0,288900000.0
Marriott International Inc,MAR,225YDZ14ZO8E1TXUSU86,1048286,2014.0,Q3YTD,2014-01-01,2014-09-30,,116000000.0,1.9,1.9,0.57,,1.86,250000000.0,556000000.0,556000000.0,,556000000.0,,8774000000.0,10237000000.0,,4000000.0,,479000000.0,8774000000.0,1463000000.0,89000000.0,23000000.0,595000000.0,868000000.0,-62000000.0,806000000.0,10237000000.0,288900000.0,288900000.0,288900000.0
Marriott International Inc,MAR,225YDZ14ZO8E1TXUSU86,1048286,2014.0,Q3TTM,2013-10-01,2014-09-30,,243000000.0,2.4,2.4,0.1,-92000000.0,2.34,309000000.0,707000000.0,707000000.0,,707000000.0,,11542000000.0,13456000000.0,,1000000.0,,657000000.0,11542000000.0,1914000000.0,121000000.0,30000000.0,808000000.0,1106000000.0,-90000000.0,1016000000.0,13456000000.0,288900000.0,288900000.0,288900000.0
Marriott International Inc,MAR,225YDZ14ZO8E1TXUSU86,1048286,2014.0,Q2YTD,2014-01-01,2014-06-30,,83000000.0,1.24,1.24,0.37,,1.21,152000000.0,364000000.0,364000000.0,,364000000.0,,5817000000.0,6777000000.0,,3000000.0,,307000000.0,5817000000.0,960000000.0,60000000.0,3000000.0,390000000.0,570000000.0,-54000000.0,516000000.0,6777000000.0,292500000.0,292500000.0,292500000.0
Marriott International Inc,MAR,225YDZ14ZO8E1TXUSU86,1048286,2014.0,Q2TTM,2013-07-01,2014-06-30,,210000000.0,2.27,2.27,0.07,-58000000.0,2.21,274000000.0,675000000.0,675000000.0,,675000000.0,,11319000000.0,13156000000.0,,1000000.0,,632000000.0,11319000000.0,1837000000.0,120000000.0,15000000.0,784000000.0,1053000000.0,-104000000.0,949000000.0,13156000000.0,292500000.0,292500000.0,292500000.0
Marriott International Inc,MAR,225YDZ14ZO8E1TXUSU86,1048286,2014.0,Q2,2014-04-01,2014-06-30,2015-07-30 11:49:31+00:00,47000000.0,0.66,0.66,0.2,,0.64,93000000.0,192000000.0,192000000.0,,192000000.0,,2962000000.0,3484000000.0,,3000000.0,,159000000.0,2962000000.0,522000000.0,30000000.0,-4000000.0,206000000.0,316000000.0,-31000000.0,285000000.0,3484000000.0,292500000.0,292500000.0,292500000.0
Marriott International Inc,MAR,225YDZ14ZO8E1TXUSU86,1048286,2014.0,Q1TTM,2013-04-01,2014-03-31,,163000000.0,2.19,2.19,0.04,-25000000.0,2.14,265000000.0,662000000.0,662000000.0,,662000000.0,,11148000000.0,12935000000.0,,8000000.0,,633000000.0,11148000000.0,1787000000.0,119000000.0,22000000.0,771000000.0,1016000000.0,-89000000.0,927000000.0,12935000000.0,296100000.0,296100000.0,296100000.0
Marriott International Inc,MAR,225YDZ14ZO8E1TXUSU86,1048286,2014.0,Q1,2014-01-01,2014-03-31,2015-04-30 11:31:27+00:00,36000000.0,0.58,0.58,0.17,,0.57,59000000.0,172000000.0,172000000.0,,172000000.0,,2855000000.0,3293000000.0,,0.0,,148000000.0,2855000000.0,438000000.0,30000000.0,7000000.0,184000000.0,254000000.0,-23000000.0,231000000.0,3293000000.0,296100000.0,296100000.0,296100000.0
Marriott International Inc,MAR,225YDZ14ZO8E1TXUSU86,1048286,2015.0,FY,2015-01-01,2015-12-31,2018-02-15 15:50:50+00:00,,3.22,3.22,,139000000.0,3.15,396000000.0,859000000.0,859000000.0,,859000000.0,,12363000000.0,14486000000.0,,27000000.0,0.0,634000000.0,12363000000.0,2123000000.0,167000000.0,45000000.0,773000000.0,1350000000.0,-95000000.0,1255000000.0,14486000000.0,267300000.0,267300000.0,267300000.0
Marriott International Inc,MAR,225YDZ14ZO8E1TXUSU86,1048286,2015.0,Q4,2015-10-01,2015-12-31,,-44000000.0,0.79,0.79,-0.7,76000000.0,0.77,82000000.0,202000000.0,202000000.0,,202000000.0,,3176000000.0,3706000000.0,,7000000.0,,188000000.0,3176000000.0,530000000.0,46000000.0,13000000.0,220000000.0,310000000.0,-26000000.0,284000000.0,3706000000.0,267300000.0,267300000.0,267300000.0
Marriott International Inc,MAR,225YDZ14ZO8E1TXUSU86,1048286,2015.0,Q3,2015-07-01,2015-09-30,2016-11-09 12:46:28+00:00,,0.8,0.8,0.25,31000000.0,0.78,99000000.0,210000000.0,210000000.0,,210000000.0,,3059000000.0,3578000000.0,,0.0,0.0,149000000.0,3059000000.0,519000000.0,43000000.0,13000000.0,180000000.0,339000000.0,-30000000.0,309000000.0,3578000000.0,262200000.0,262200000.0,262200000.0
Marriott International Inc,MAR,225YDZ14ZO8E1TXUSU86,1048286,2015.0,Q3YTD,2015-01-01,2015-09-30,,44000000.0,2.43,2.43,0.7,63000000.0,2.38,314000000.0,657000000.0,657000000.0,,657000000.0,,9187000000.0,10780000000.0,,20000000.0,,446000000.0,9187000000.0,1593000000.0,121000000.0,32000000.0,553000000.0,1040000000.0,-69000000.0,971000000.0,10780000000.0,262200000.0,262200000.0,262200000.0
Marriott International Inc,MAR,225YDZ14ZO8E1TXUSU86,1048286,2015.0,Q3TTM,2014-10-01,2015-09-30,,-72000000.0,3.13,3.13,0.13,211000000.0,3.06,399000000.0,854000000.0,854000000.0,,854000000.0,,12243000000.0,14339000000.0,,24000000.0,,626000000.0,12243000000.0,2096000000.0,147000000.0,45000000.0,765000000.0,1331000000.0,-78000000.0,1253000000.0,14339000000.0,262200000.0,262200000.0,262200000.0
Marriott International Inc,MAR,225YDZ14ZO8E1TXUSU86,1048286,2015.0,Q2,2015-04-01,2015-06-30,2016-07-28 12:26:44+00:00,,0.88,0.88,0.25,32000000.0,0.87,115000000.0,240000000.0,240000000.0,,240000000.0,,3136000000.0,3689000000.0,,20000000.0,,152000000.0,3136000000.0,553000000.0,42000000.0,8000000.0,184000000.0,369000000.0,-14000000.0,355000000.0,3689000000.0,272400000.0,272400000.0,272400000.0
Marriott International Inc,MAR,225YDZ14ZO8E1TXUSU86,1048286,2015.0,Q2YTD,2015-01-01,2015-06-30,,44000000.0,1.63,1.63,0.45,32000000.0,1.6,215000000.0,447000000.0,447000000.0,,447000000.0,,6128000000.0,7202000000.0,,20000000.0,,297000000.0,6128000000.0,1074000000.0,78000000.0,19000000.0,373000000.0,701000000.0,-39000000.0,662000000.0,7202000000.0,272400000.0,272400000.0,272400000.0
Marriott International Inc,MAR,225YDZ14ZO8E1TXUSU86,1048286,2015.0,Q2TTM,2014-07-01,2015-06-30,,-39000000.0,2.99,2.99,0.08,180000000.0,2.93,398000000.0,836000000.0,836000000.0,,836000000.0,,12141000000.0,14221000000.0,,25000000.0,,649000000.0,12141000000.0,2080000000.0,133000000.0,52000000.0,790000000.0,1290000000.0,-56000000.0,1234000000.0,14221000000.0,272400000.0,272400000.0,272400000.0
Marriott International Inc,MAR,225YDZ14ZO8E1TXUSU86,1048286,2015.0,Q1,2015-01-01,2015-03-31,2016-04-28 13:03:52+00:00,44000000.0,0.75,0.75,0.2,,0.73,100000000.0,207000000.0,207000000.0,,207000000.0,,2992000000.0,3513000000.0,,0.0,,145000000.0,2992000000.0,521000000.0,36000000.0,11000000.0,189000000.0,332000000.0,-25000000.0,307000000.0,3513000000.0,277700000.0,277700000.0,277700000.0
Marriott International Inc,MAR,225YDZ14ZO8E1TXUSU86,1048286,2015.0,Q1TTM,2014-04-01,2015-03-31,,8000000.0,2.77,2.77,0.03,148000000.0,2.7,376000000.0,788000000.0,788000000.0,,788000000.0,,11967000000.0,14016000000.0,,8000000.0,,656000000.0,11967000000.0,2049000000.0,121000000.0,40000000.0,812000000.0,1237000000.0,-73000000.0,1164000000.0,14016000000.0,277700000.0,277700000.0,277700000.0
Marriott International Inc,MAR,225YDZ14ZO8E1TXUSU86,1048286,2016.0,FY,2016-01-01,2016-12-31,2019-03-01 12:09:20+00:00,,2.78,2.78,,119000000.0,2.73,431000000.0,808000000.0,808000000.0,,808000000.0,,12735000000.0,15407000000.0,,5000000.0,386000000.0,743000000.0,12735000000.0,2672000000.0,234000000.0,44000000.0,1248000000.0,1424000000.0,-185000000.0,1239000000.0,15407000000.0,290600000.0,290600000.0,296000000.0
Marriott International Inc,MAR,225YDZ14ZO8E1TXUSU86,1048286,2016.0,Q4,2016-10-01,2016-12-31,,,0.69,0.69,-0.85,22000000.0,0.66,166000000.0,272000000.0,272000000.0,,272000000.0,,2863000000.0,3791000000.0,,2000000.0,136000000.0,273000000.0,2863000000.0,928000000.0,75000000.0,14000000.0,431000000.0,497000000.0,-59000000.0,438000000.0,3791000000.0,290600000.0,290600000.0,296000000.0
Marriott International Inc,MAR,225YDZ14ZO8E1TXUSU86,1048286,2016.0,Q3,2016-07-01,2016-09-30,2017-11-08 13:28:18+00:00,,0.26,0.26,0.3,36000000.0,0.26,61000000.0,70000000.0,70000000.0,,70000000.0,,3346000000.0,3942000000.0,,3000000.0,228000000.0,161000000.0,3346000000.0,596000000.0,55000000.0,12000000.0,425000000.0,171000000.0,-40000000.0,131000000.0,3942000000.0,266200000.0,266200000.0,266200000.0
Marriott International Inc,MAR,225YDZ14ZO8E1TXUSU86,1048286,2016.0,Q3YTD,2016-01-01,2016-09-30,,,2.09,2.09,0.85,97000000.0,2.07,265000000.0,536000000.0,536000000.0,,536000000.0,,9872000000.0,11616000000.0,,3000000.0,250000000.0,470000000.0,9872000000.0,1744000000.0,159000000.0,30000000.0,817000000.0,927000000.0,-126000000.0,801000000.0,11616000000.0,266200000.0,266200000.0,266200000.0
Marriott International Inc,MAR,225YDZ14ZO8E1TXUSU86,1048286,2016.0,Q3TTM,2015-10-01,2016-09-30,,-44000000.0,2.88,2.88,0.15,173000000.0,2.84,347000000.0,738000000.0,738000000.0,,738000000.0,,13048000000.0,15322000000.0,,10000000.0,250000000.0,658000000.0,13048000000.0,2274000000.0,205000000.0,43000000.0,1037000000.0,1237000000.0,-152000000.0,1085000000.0,15322000000.0,266200000.0,266200000.0,266200000.0
Marriott International Inc,MAR,225YDZ14ZO8E1TXUSU86,1048286,2016.0,Q2,2016-04-01,2016-06-30,2017-08-08 14:23:36+00:00,,0.97,0.97,0.3,30000000.0,0.96,97000000.0,247000000.0,247000000.0,,247000000.0,,3315000000.0,3902000000.0,,0.0,14000000.0,154000000.0,3315000000.0,587000000.0,57000000.0,12000000.0,198000000.0,389000000.0,-45000000.0,344000000.0,3902000000.0,254300000.0,254300000.0,254300000.0
Marriott International Inc,MAR,225YDZ14ZO8E1TXUSU86,1048286,2016.0,Q2YTD,2016-01-01,2016-06-30,,,1.83,1.83,0.55,61000000.0,1.81,204000000.0,466000000.0,466000000.0,,466000000.0,,6526000000.0,7674000000.0,,,22000000.0,309000000.0,6526000000.0,1148000000.0,104000000.0,18000000.0,392000000.0,756000000.0,-86000000.0,670000000.0,7674000000.0,254300000.0,254300000.0,254300000.0
Marriott International Inc,MAR,225YDZ14ZO8E1TXUSU86,1048286,2016.0,Q2TTM,2015-07-01,2016-06-30,,-44000000.0,3.42,3.42,0.1,168000000.0,3.36,385000000.0,878000000.0,878000000.0,,878000000.0,,12761000000.0,14958000000.0,,7000000.0,22000000.0,646000000.0,12761000000.0,2197000000.0,193000000.0,44000000.0,792000000.0,1405000000.0,-142000000.0,1263000000.0,14958000000.0,254300000.0,254300000.0,254300000.0
Marriott International Inc,MAR,225YDZ14ZO8E1TXUSU86,1048286,2016.0,Q1,2016-01-01,2016-03-31,2017-05-09 12:07:40+00:00,,0.86,0.86,0.25,31000000.0,0.85,107000000.0,219000000.0,219000000.0,,219000000.0,,3211000000.0,3772000000.0,,0.0,8000000.0,155000000.0,3211000000.0,561000000.0,47000000.0,6000000.0,194000000.0,367000000.0,-41000000.0,326000000.0,3772000000.0,254400000.0,254400000.0,254400000.0
Marriott International Inc,MAR,225YDZ14ZO8E1TXUSU86,1048286,2016.0,Q1TTM,2015-04-01,2016-03-31,,-44000000.0,3.33,3.33,0.05,170000000.0,3.27,403000000.0,871000000.0,871000000.0,,871000000.0,,12582000000.0,14745000000.0,,27000000.0,8000000.0,644000000.0,12582000000.0,2163000000.0,178000000.0,40000000.0,778000000.0,1385000000.0,-111000000.0,1274000000.0,14745000000.0,254400000.0,254400000.0,254400000.0
Marriott International Inc,MAR,225YDZ14ZO8E1TXUSU86,1048286,2017.0,FY,2017-01-01,2017-12-31,2020-02-27 11:40:50+00:00,,3.89,3.89,1.29,229000000.0,3.84,1523000000.0,1459000000.0,1459000000.0,,1459000000.0,,16639000000.0,20452000000.0,,688000000.0,159000000.0,921000000.0,16639000000.0,3813000000.0,288000000.0,78000000.0,1309000000.0,2504000000.0,478000000.0,2982000000.0,20452000000.0,375100000.0,375100000.0,379900000.0
Marriott International Inc,MAR,225YDZ14ZO8E1TXUSU86,1048286,2017.0,Q4,2017-10-01,2017-12-31,,-11000000.0,0.35,0.34,-0.96,104000000.0,0.32,920000000.0,114000000.0,114000000.0,,114000000.0,,4394000000.0,5240000000.0,,657000000.0,59000000.0,270000000.0,4394000000.0,846000000.0,72000000.0,25000000.0,422000000.0,424000000.0,610000000.0,1034000000.0,5240000000.0,375100000.0,375100000.0,379900000.0
Marriott International Inc,MAR,225YDZ14ZO8E1TXUSU86,1048286,2017.0,Q3,2017-07-01,2017-09-30,2018-11-06 11:43:01+00:00,,1.3,1.3,0.33,54000000.0,1.29,253000000.0,485000000.0,485000000.0,,485000000.0,,4001000000.0,5078000000.0,,6000000.0,28000000.0,205000000.0,4001000000.0,1077000000.0,73000000.0,15000000.0,287000000.0,790000000.0,-52000000.0,738000000.0,5078000000.0,373100000.0,373100000.0,376000000.0
Marriott International Inc,MAR,225YDZ14ZO8E1TXUSU86,1048286,2017.0,Q3YTD,2017-01-01,2017-09-30,,11000000.0,3.54,3.55,0.96,125000000.0,3.52,603000000.0,1345000000.0,1345000000.0,,1345000000.0,,12245000000.0,15212000000.0,,31000000.0,100000000.0,651000000.0,12245000000.0,2967000000.0,216000000.0,53000000.0,887000000.0,2080000000.0,-132000000.0,1948000000.0,15212000000.0,373100000.0,373100000.0,376000000.0
Marriott International Inc,MAR,225YDZ14ZO8E1TXUSU86,1048286,2017.0,Q3TTM,2016-10-01,2017-09-30,,11000000.0,4.23,4.24,0.11,147000000.0,4.18,769000000.0,1617000000.0,1617000000.0,,1617000000.0,,15108000000.0,19003000000.0,,33000000.0,236000000.0,924000000.0,15108000000.0,3895000000.0,291000000.0,67000000.0,1318000000.0,2577000000.0,-191000000.0,2386000000.0,19003000000.0,373100000.0,373100000.0,376000000.0
Marriott International Inc,MAR,225YDZ14ZO8E1TXUSU86,1048286,2017.0,Q2,2017-04-01,2017-06-30,2018-08-07 11:54:54+00:00,,1.29,1.29,0.33,71000000.0,1.28,227000000.0,489000000.0,489000000.0,,489000000.0,,4141000000.0,5211000000.0,,25000000.0,21000000.0,234000000.0,4141000000.0,1070000000.0,73000000.0,20000000.0,326000000.0,744000000.0,-28000000.0,716000000.0,5211000000.0,379100000.0,379100000.0,382000000.0
Marriott International Inc,MAR,225YDZ14ZO8E1TXUSU86,1048286,2017.0,Q2YTD,2017-01-01,2017-06-30,,11000000.0,2.24,2.25,0.63,71000000.0,2.23,350000000.0,860000000.0,860000000.0,,860000000.0,,8244000000.0,10134000000.0,,25000000.0,72000000.0,446000000.0,8244000000.0,1890000000.0,143000000.0,38000000.0,600000000.0,1290000000.0,-80000000.0,1210000000.0,10134000000.0,379100000.0,379100000.0,382000000.0
Marriott International Inc,MAR,225YDZ14ZO8E1TXUSU86,1048286,2017.0,Q2TTM,2016-07-01,2017-06-30,,11000000.0,3.19,3.2,0.08,129000000.0,3.15,577000000.0,1202000000.0,1202000000.0,,1202000000.0,,14453000000.0,17867000000.0,,30000000.0,436000000.0,880000000.0,14453000000.0,3414000000.0,273000000.0,64000000.0,1456000000.0,1958000000.0,-179000000.0,1779000000.0,17867000000.0,379100000.0,379100000.0,382000000.0
Marriott International Inc,MAR,225YDZ14ZO8E1TXUSU86,1048286,2017.0,Q1,2017-01-01,2017-03-31,2018-05-10 09:50:00+00:00,11000000.0,0.95,0.96,0.3,,0.95,123000000.0,371000000.0,371000000.0,,371000000.0,,4103000000.0,4923000000.0,,0.0,51000000.0,212000000.0,4103000000.0,820000000.0,70000000.0,18000000.0,274000000.0,546000000.0,-52000000.0,494000000.0,4923000000.0,384900000.0,384900000.0,384900000.0
Marriott International Inc,MAR,225YDZ14ZO8E1TXUSU86,1048286,2017.0,Q1TTM,2016-04-01,2017-03-31,,11000000.0,2.87,2.88,0.05,88000000.0,2.83,447000000.0,960000000.0,960000000.0,,960000000.0,,13627000000.0,16558000000.0,,5000000.0,429000000.0,800000000.0,13627000000.0,2931000000.0,257000000.0,56000000.0,1328000000.0,1603000000.0,-196000000.0,1407000000.0,16558000000.0,384900000.0,384900000.0,384900000.0
Marriott International Inc,MAR,225YDZ14ZO8E1TXUSU86,1048286,2018.0,FY,2018-01-01,2018-12-31,2020-02-27 11:40:50+00:00,,5.45,5.45,1.56,226000000.0,5.38,438000000.0,1907000000.0,1907000000.0,,1907000000.0,,17084000000.0,20758000000.0,,194000000.0,155000000.0,927000000.0,17084000000.0,3674000000.0,340000000.0,125000000.0,1308000000.0,2366000000.0,-21000000.0,2345000000.0,20758000000.0,349900000.0,349900000.0,354500000.0
Marriott International Inc,MAR,225YDZ14ZO8E1TXUSU86,1048286,2018.0,Q4,2018-10-01,2018-12-31,,,0.94,0.94,,62000000.0,0.92,28000000.0,317000000.0,317000000.0,,317000000.0,,4472000000.0,5289000000.0,,3000000.0,91000000.0,242000000.0,4472000000.0,817000000.0,94000000.0,14000000.0,395000000.0,422000000.0,-77000000.0,345000000.0,5289000000.0,349900000.0,349900000.0,354500000.0
Marriott International Inc,MAR,225YDZ14ZO8E1TXUSU86,1048286,2018.0,Q3,2018-07-01,2018-09-30,2019-11-05 14:32:59+00:00,,1.45,1.45,,52000000.0,1.43,91000000.0,503000000.0,503000000.0,,503000000.0,,4170000000.0,5051000000.0,,18000000.0,12000000.0,221000000.0,4170000000.0,881000000.0,86000000.0,66000000.0,285000000.0,596000000.0,-2000000.0,594000000.0,5051000000.0,346900000.0,346900000.0,351700000.0
Marriott International Inc,MAR,225YDZ14ZO8E1TXUSU86,1048286,2018.0,Q3YTD,2018-01-01,2018-09-30,,,4.51,4.51,,164000000.0,4.46,410000000.0,1590000000.0,1590000000.0,,1590000000.0,,12612000000.0,15469000000.0,,191000000.0,64000000.0,685000000.0,12612000000.0,2857000000.0,246000000.0,111000000.0,913000000.0,1944000000.0,56000000.0,2000000000.0,15469000000.0,346900000.0,346900000.0,351700000.0
Marriott International Inc,MAR,225YDZ14ZO8E1TXUSU86,1048286,2018.0,Q3TTM,2017-10-01,2018-09-30,,-11000000.0,4.86,4.85,-0.96,268000000.0,4.78,1330000000.0,1704000000.0,1704000000.0,,1704000000.0,,17006000000.0,20709000000.0,,848000000.0,123000000.0,955000000.0,17006000000.0,3703000000.0,318000000.0,136000000.0,1335000000.0,2368000000.0,666000000.0,3034000000.0,20709000000.0,346900000.0,346900000.0,351700000.0
Marriott International Inc,MAR,225YDZ14ZO8E1TXUSU86,1048286,2018.0,Q2,2018-04-01,2018-06-30,2019-08-06 13:22:17+00:00,,1.89,1.89,,58000000.0,1.87,207000000.0,667000000.0,667000000.0,,667000000.0,,4298000000.0,5409000000.0,,114000000.0,18000000.0,217000000.0,4298000000.0,1111000000.0,85000000.0,27000000.0,293000000.0,818000000.0,56000000.0,874000000.0,5409000000.0,352900000.0,352900000.0,356700000.0
Marriott International Inc,MAR,225YDZ14ZO8E1TXUSU86,1048286,2018.0,Q2YTD,2018-01-01,2018-06-30,,,3.06,3.06,,112000000.0,3.03,319000000.0,1087000000.0,1087000000.0,,1087000000.0,,8442000000.0,10418000000.0,,173000000.0,52000000.0,464000000.0,8442000000.0,1976000000.0,160000000.0,45000000.0,628000000.0,1348000000.0,58000000.0,1406000000.0,10418000000.0,352900000.0,352900000.0,356700000.0
Marriott International Inc,MAR,225YDZ14ZO8E1TXUSU86,1048286,2018.0,Q2TTM,2017-07-01,2018-06-30,,-11000000.0,4.71,4.7,-0.63,270000000.0,4.64,1492000000.0,1686000000.0,1686000000.0,,1686000000.0,,16837000000.0,20736000000.0,,836000000.0,139000000.0,939000000.0,16837000000.0,3899000000.0,305000000.0,85000000.0,1337000000.0,2562000000.0,616000000.0,3178000000.0,20736000000.0,352900000.0,352900000.0,356700000.0
Marriott International Inc,MAR,225YDZ14ZO8E1TXUSU86,1048286,2018.0,Q1,2018-01-01,2018-03-31,2019-05-10 06:03:18+00:00,,1.17,1.17,0.33,54000000.0,1.16,112000000.0,420000000.0,420000000.0,,420000000.0,,4144000000.0,5009000000.0,,59000000.0,34000000.0,247000000.0,4144000000.0,865000000.0,75000000.0,18000000.0,335000000.0,530000000.0,2000000.0,532000000.0,5009000000.0,359000000.0,359000000.0,362100000.0
Marriott International Inc,MAR,225YDZ14ZO8E1TXUSU86,1048286,2018.0,Q1TTM,2017-04-01,2018-03-31,,-11000000.0,4.11,4.1,-0.3,283000000.0,4.05,1512000000.0,1508000000.0,1508000000.0,,1508000000.0,,16680000000.0,20538000000.0,,747000000.0,142000000.0,956000000.0,16680000000.0,3858000000.0,293000000.0,78000000.0,1370000000.0,2488000000.0,532000000.0,3020000000.0,20538000000.0,359000000.0,359000000.0,362100000.0
Marriott International Inc,MAR,225YDZ14ZO8E1TXUSU86,1048286,2019.0,Q4,2019-10-01,2019-12-31,,,0.86,0.86,,179000000.0,0.86,47000000.0,279000000.0,279000000.0,,279000000.0,,4704000000.0,5371000000.0,,138000000.0,-53000000.0,267000000.0,4704000000.0,667000000.0,95000000.0,9000000.0,393000000.0,274000000.0,52000000.0,326000000.0,5371000000.0,332400000.0,332400000.0,335000000.0
Marriott International Inc,MAR,225YDZ14ZO8E1TXUSU86,1048286,2019.0,FY,2019-01-01,2019-12-31,2020-02-27 11:40:50+00:00,,3.83,3.83,1.85,341000000.0,3.8,326000000.0,1273000000.0,1273000000.0,,1273000000.0,,17755000000.0,20972000000.0,,154000000.0,138000000.0,938000000.0,17755000000.0,3217000000.0,394000000.0,39000000.0,1417000000.0,1800000000.0,-201000000.0,1599000000.0,20972000000.0,332400000.0,332400000.0,335000000.0
Marriott International Inc,MAR,225YDZ14ZO8E1TXUSU86,1048286,2019.0,Q3,2019-07-01,2019-09-30,2019-11-05 14:32:59+00:00,,1.17,1.17,,52000000.0,1.16,140000000.0,387000000.0,387000000.0,,387000000.0,,4396000000.0,5284000000.0,,10000000.0,9000000.0,220000000.0,4396000000.0,888000000.0,100000000.0,10000000.0,281000000.0,607000000.0,-80000000.0,527000000.0,5284000000.0,330800000.0,330800000.0,333600000.0
Marriott International Inc,MAR,225YDZ14ZO8E1TXUSU86,1048286,2019.0,Q3YTD,2019-01-01,2019-09-30,,,2.97,2.97,,162000000.0,2.94,279000000.0,994000000.0,994000000.0,,994000000.0,,13051000000.0,15601000000.0,,16000000.0,191000000.0,671000000.0,13051000000.0,2550000000.0,299000000.0,30000000.0,1024000000.0,1526000000.0,-253000000.0,1273000000.0,15601000000.0,330800000.0,330800000.0,333600000.0
Marriott International Inc,MAR,225YDZ14ZO8E1TXUSU86,1048286,2019.0,Q3TTM,2018-10-01,2019-09-30,,,3.91,3.91,,224000000.0,3.86,307000000.0,1311000000.0,1311000000.0,,1311000000.0,,17523000000.0,20890000000.0,,19000000.0,282000000.0,913000000.0,17523000000.0,3367000000.0,393000000.0,44000000.0,1419000000.0,1948000000.0,-330000000.0,1618000000.0,20890000000.0,330800000.0,330800000.0,333600000.0
Marriott International Inc,MAR,225YDZ14ZO8E1TXUSU86,1048286,2019.0,Q2,2019-04-01,2019-06-30,2019-08-06 13:22:17+00:00,,0.7,0.7,,56000000.0,0.69,82000000.0,232000000.0,232000000.0,,232000000.0,,4438000000.0,5305000000.0,,1000000.0,173000000.0,229000000.0,4438000000.0,867000000.0,102000000.0,6000000.0,458000000.0,409000000.0,-95000000.0,314000000.0,5305000000.0,331400000.0,331400000.0,336200000.0
Marriott International Inc,MAR,225YDZ14ZO8E1TXUSU86,1048286,2019.0,Q2YTD,2019-01-01,2019-06-30,,,1.8,1.8,,110000000.0,1.78,139000000.0,607000000.0,607000000.0,,607000000.0,,8655000000.0,10317000000.0,,6000000.0,182000000.0,451000000.0,8655000000.0,1662000000.0,199000000.0,20000000.0,743000000.0,919000000.0,-173000000.0,746000000.0,10317000000.0,331400000.0,331400000.0,336200000.0
Marriott International Inc,MAR,225YDZ14ZO8E1TXUSU86,1048286,2019.0,Q2TTM,2018-07-01,2019-06-30,,,4.19,4.19,,224000000.0,4.13,258000000.0,1427000000.0,1427000000.0,,1427000000.0,,17297000000.0,20657000000.0,,27000000.0,285000000.0,914000000.0,17297000000.0,3360000000.0,379000000.0,100000000.0,1423000000.0,1937000000.0,-252000000.0,1685000000.0,20657000000.0,331400000.0,331400000.0,336200000.0
Marriott International Inc,MAR,225YDZ14ZO8E1TXUSU86,1048286,2019.0,Q1,2019-01-01,2019-03-31,2019-05-10 06:03:18+00:00,,1.1,1.1,0.41,54000000.0,1.09,57000000.0,375000000.0,375000000.0,,375000000.0,,4217000000.0,5012000000.0,,5000000.0,9000000.0,222000000.0,4217000000.0,795000000.0,97000000.0,14000000.0,285000000.0,510000000.0,-78000000.0,432000000.0,5012000000.0,340900000.0,340900000.0,344000000.0
Marriott International Inc,MAR,225YDZ14ZO8E1TXUSU86,1048286,2019.0,Q1TTM,2018-04-01,2019-03-31,,,5.38,5.38,,226000000.0,5.31,383000000.0,1862000000.0,1862000000.0,,1862000000.0,,17157000000.0,20761000000.0,,140000000.0,130000000.0,902000000.0,17157000000.0,3604000000.0,362000000.0,121000000.0,1258000000.0,2346000000.0,-101000000.0,2245000000.0,20761000000.0,340900000.0,340900000.0,344000000.0
