company_name,company_ticker,company_lei,company_cik,year,quarter,start_date,end_date,filing_date,basicdilutedeps,basiceps,cashdividendspershare,dilutedeps,impairmentexpense,incometaxexpense,netincome,netincomecontinuing,netincomediscontinued,netincometocommon,operatingcostofrevenue,operatingrevenue,otherspecialcharges,sgaexpense,totalcostofrevenue,totalgrossprofit,totalinterestexpense,totaloperatingexpenses,totaloperatingincome,totalotherincome,totalpretaxincome,totalrevenue,weightedavebasicdilutedsharesos,weightedavebasicsharesos,weightedavedilutedsharesos
TJX Companies Inc,TJX,V167QI9I69W364E2DY52,109198,2008.0,FY,2007-01-28,2008-01-26,2010-03-30 12:40:24+00:00,1.74,1.74,0.36,1.66,,477655000.0,771750000.0,782432000.0,-10682000.0,771750000.0,13883952000.0,18336726000.0,197022000.0,2997263000.0,13883952000.0,4452774000.0,-1598000.0,3194285000.0,1258489000.0,1598000.0,1260087000.0,18336726000.0,443500000.0,443050000.0,468046000.0
TJX Companies Inc,TJX,V167QI9I69W364E2DY52,109198,2009.0,FY,2008-01-27,2009-01-31,2011-03-29 17:35:14+00:00,2.1,2.1,0.44,2.0,,536054000.0,880617000.0,914886000.0,-34269000.0,880617000.0,14429185000.0,18999505000.0,-30500000.0,3135589000.0,14429185000.0,4570320000.0,14291000.0,3105089000.0,1465231000.0,-14291000.0,1450940000.0,18999505000.0,419300000.0,419076000.0,442255000.0
TJX Companies Inc,TJX,V167QI9I69W364E2DY52,109198,2009.0,Q3,2008-07-27,2008-10-25,2009-12-01 15:33:58+00:00,,0.57,0.11,0.54,,164141000.0,235849000.0,254117000.0,-18268000.0,235849000.0,3536990000.0,4761530000.0,-7000000.0,807833000.0,3536990000.0,1224540000.0,5449000.0,800833000.0,423707000.0,-5449000.0,418258000.0,4761530000.0,,417107000.0,440749000.0
TJX Companies Inc,TJX,V167QI9I69W364E2DY52,109198,2009.0,Q2,2008-04-27,2008-07-26,2009-08-28 15:55:34+00:00,0.48,0.48,0.11,0.45,,125302000.0,200223000.0,212073000.0,-11850000.0,200223000.0,3447443000.0,4554395000.0,,766936000.0,3447443000.0,1106952000.0,2641000.0,766936000.0,340016000.0,-2641000.0,337375000.0,4554395000.0,417100000.0,421289000.0,445423000.0
TJX Companies Inc,TJX,V167QI9I69W364E2DY52,109198,2010.0,Q4,2009-11-01,2010-01-30,,-0.5,-0.5,-0.12,-0.49,,238238000.0,394998000.0,394998000.0,,394998000.0,4358602000.0,5941746000.0,,938914000.0,4358602000.0,1583144000.0,10994000.0,938914000.0,644230000.0,-10994000.0,633236000.0,5941746000.0,836900000.0,835592000.0,855239000.0
TJX Companies Inc,TJX,V167QI9I69W364E2DY52,109198,2010.0,FY,2009-02-01,2010-01-30,2012-03-27 16:52:26+00:00,1.45,1.45,0.24,1.42,,737990000.0,1213572000.0,1213572000.0,,1213572000.0,14968429000.0,20288444000.0,,3328944000.0,14968429000.0,5320015000.0,39509000.0,3328944000.0,1991071000.0,-39509000.0,1951562000.0,20288444000.0,836900000.0,835592000.0,855239000.0
TJX Companies Inc,TJX,V167QI9I69W364E2DY52,109198,2010.0,Q3,2009-08-02,2009-10-31,2010-11-24 10:24:51+00:00,0.82,0.82,0.12,0.81,,218206000.0,347799000.0,347799000.0,,347799000.0,3802179000.0,5244946000.0,,864097000.0,3802179000.0,1442767000.0,12665000.0,864097000.0,578670000.0,-12665000.0,566005000.0,5244946000.0,424100000.0,421654000.0,428092000.0
TJX Companies Inc,TJX,V167QI9I69W364E2DY52,109198,2010.0,Q3YTD,2009-02-01,2009-10-31,,1.95,1.95,0.36,1.91,,499752000.0,818574000.0,818574000.0,,818574000.0,10609827000.0,14346698000.0,,2390030000.0,10609827000.0,3736871000.0,28515000.0,2390030000.0,1346841000.0,-28515000.0,1318326000.0,14346698000.0,424100000.0,421654000.0,428092000.0
TJX Companies Inc,TJX,V167QI9I69W364E2DY52,109198,2010.0,Q2,2009-05-03,2009-08-01,2010-08-27 11:29:38+00:00,0.62,0.62,0.12,0.61,,151540000.0,261561000.0,261561000.0,,261561000.0,3534302000.0,4747528000.0,,790876000.0,3534302000.0,1213226000.0,9249000.0,790876000.0,422350000.0,-9249000.0,413101000.0,4747528000.0,421900000.0,423891000.0,430453000.0
TJX Companies Inc,TJX,V167QI9I69W364E2DY52,109198,2010.0,Q2YTD,2009-02-01,2009-08-01,,1.13,1.13,0.24,1.1,,281546000.0,470775000.0,470775000.0,,470775000.0,6807648000.0,9101752000.0,,1525933000.0,6807648000.0,2294104000.0,15850000.0,1525933000.0,768171000.0,-15850000.0,752321000.0,9101752000.0,421900000.0,423891000.0,430453000.0
TJX Companies Inc,TJX,V167QI9I69W364E2DY52,109198,2010.0,Q1,2009-02-01,2009-05-02,2010-05-28 13:39:25+00:00,0.51,0.51,0.12,0.49,,130006000.0,209214000.0,209214000.0,,209214000.0,3273346000.0,4354224000.0,,735057000.0,3273346000.0,1080878000.0,6601000.0,735057000.0,345821000.0,-6601000.0,339220000.0,4354224000.0,410200000.0,412544000.0,431920000.0
TJX Companies Inc,TJX,V167QI9I69W364E2DY52,109198,2011.0,Q4,2010-10-31,2011-01-29,,-0.83,-0.83,-0.15,-0.81,,203524000.0,334414000.0,330803000.0,3611000.0,334414000.0,4666173000.0,6331726000.0,,1122081000.0,4666173000.0,1665553000.0,9145000.0,1122081000.0,543472000.0,-9145000.0,534327000.0,6331726000.0,799500000.0,800291000.0,812826000.0
TJX Companies Inc,TJX,V167QI9I69W364E2DY52,109198,2011.0,FY,2010-01-31,2011-01-29,2013-04-02 15:52:29+00:00,1.68,1.68,0.3,1.65,,824562000.0,1343141000.0,1339530000.0,3611000.0,1343141000.0,16040461000.0,21942193000.0,-11550000.0,3710053000.0,16040461000.0,5901732000.0,39137000.0,3698503000.0,2203229000.0,-39137000.0,2164092000.0,21942193000.0,799500000.0,800291000.0,812826000.0
TJX Companies Inc,TJX,V167QI9I69W364E2DY52,109198,2011.0,Q3YTD,2010-01-31,2010-10-30,,2.51,2.51,0.45,2.46,,621038000.0,1008727000.0,1008727000.0,,1008727000.0,11374288000.0,15610467000.0,-11550000.0,2587972000.0,11374288000.0,4236179000.0,29992000.0,2576422000.0,1659757000.0,-29992000.0,1629765000.0,15610467000.0,396100000.0,397217000.0,403040000.0
TJX Companies Inc,TJX,V167QI9I69W364E2DY52,109198,2011.0,Q3TTM,2009-11-01,2010-10-30,,2.01,2.01,0.33,1.97,,859276000.0,1403725000.0,1403725000.0,,1403725000.0,15732890000.0,21552213000.0,-11550000.0,3526886000.0,15732890000.0,5819323000.0,40986000.0,3515336000.0,2303987000.0,-40986000.0,2263001000.0,21552213000.0,396100000.0,397217000.0,403040000.0
TJX Companies Inc,TJX,V167QI9I69W364E2DY52,109198,2011.0,Q3,2010-08-01,2010-10-30,2011-12-01 15:05:19+00:00,0.94,0.94,0.15,0.92,,224808000.0,372309000.0,372309000.0,,372309000.0,4006404000.0,5525847000.0,,912808000.0,4006404000.0,1519443000.0,9518000.0,912808000.0,606635000.0,-9518000.0,597117000.0,5525847000.0,396100000.0,397217000.0,403040000.0
TJX Companies Inc,TJX,V167QI9I69W364E2DY52,109198,2011.0,Q2YTD,2010-01-31,2010-07-31,,1.57,1.57,0.3,1.54,,396230000.0,636418000.0,636418000.0,,636418000.0,7367884000.0,10084620000.0,-11550000.0,1675164000.0,7367884000.0,2716736000.0,20474000.0,1663614000.0,1053122000.0,-20474000.0,1032648000.0,10084620000.0,401300000.0,403708000.0,409742000.0
TJX Companies Inc,TJX,V167QI9I69W364E2DY52,109198,2011.0,Q2TTM,2009-08-02,2010-07-31,,1.89,1.89,0.3,1.86,,852674000.0,1379215000.0,1379215000.0,,1379215000.0,15528665000.0,21271312000.0,-11550000.0,3478175000.0,15528665000.0,5742647000.0,44133000.0,3466625000.0,2276022000.0,-44133000.0,2231889000.0,21271312000.0,401300000.0,403708000.0,409742000.0
TJX Companies Inc,TJX,V167QI9I69W364E2DY52,109198,2011.0,Q2,2010-05-02,2010-07-31,2011-08-26 12:31:26+00:00,0.76,0.76,0.15,0.74,,191363000.0,304984000.0,304984000.0,,304984000.0,3719210000.0,5068080000.0,-11550000.0,853801000.0,3719210000.0,1348870000.0,10272000.0,842251000.0,506619000.0,-10272000.0,496347000.0,5068080000.0,401300000.0,403708000.0,409742000.0
TJX Companies Inc,TJX,V167QI9I69W364E2DY52,109198,2011.0,Q1TTM,2009-05-03,2010-05-01,,1.75,1.75,0.27,1.73,,812851000.0,1335792000.0,1335792000.0,,1335792000.0,15343757000.0,20950760000.0,,3415250000.0,15343757000.0,5607003000.0,43110000.0,3415250000.0,2191753000.0,-43110000.0,2148643000.0,20950760000.0,409200000.0,408053000.0,414400000.0
TJX Companies Inc,TJX,V167QI9I69W364E2DY52,109198,2011.0,Q1,2010-01-31,2010-05-01,2011-05-27 12:48:35+00:00,0.81,0.81,0.15,0.8,,204867000.0,331434000.0,331434000.0,,331434000.0,3648674000.0,5016540000.0,,821363000.0,3648674000.0,1367866000.0,10202000.0,821363000.0,546503000.0,-10202000.0,536301000.0,5016540000.0,409200000.0,408053000.0,414400000.0
TJX Companies Inc,TJX,V167QI9I69W364E2DY52,109198,2012.0,FY,2011-01-30,2012-01-28,2014-04-01 16:15:44+00:00,1.97,1.97,0.38,1.93,,915324000.0,1496090000.0,1496090000.0,,1496090000.0,16854249000.0,23191455000.0,,3890144000.0,16854249000.0,6337206000.0,35648000.0,3890144000.0,2447062000.0,-35648000.0,2411414000.0,23191455000.0,759400000.0,761109000.0,773772000.0
TJX Companies Inc,TJX,V167QI9I69W364E2DY52,109198,2012.0,Q4,2011-10-30,2012-01-28,,0.63,0.63,0.1,0.61,,283265000.0,475314000.0,475314000.0,,475314000.0,4884369000.0,6709758000.0,,1057739000.0,4884369000.0,1825389000.0,9071000.0,1057739000.0,767650000.0,-9071000.0,758579000.0,6709758000.0,759400000.0,761109000.0,773772000.0
TJX Companies Inc,TJX,V167QI9I69W364E2DY52,109198,2012.0,Q3YTD,2011-01-30,2011-10-29,,1.34,1.34,0.29,1.32,,632059000.0,1020776000.0,1020776000.0,,1020776000.0,11969880000.0,16481697000.0,,2832405000.0,11969880000.0,4511817000.0,26577000.0,2832405000.0,1679412000.0,-26577000.0,1652835000.0,16481697000.0,752800000.0,754273000.0,766052000.0
TJX Companies Inc,TJX,V167QI9I69W364E2DY52,109198,2012.0,Q3TTM,2010-10-31,2011-10-29,,0.51,0.51,0.13,0.51,,835583000.0,1355190000.0,1351579000.0,3611000.0,1355190000.0,16636053000.0,22813423000.0,,3954486000.0,16636053000.0,6177370000.0,35722000.0,3954486000.0,2222884000.0,-35722000.0,2187162000.0,22813423000.0,752800000.0,754273000.0,766052000.0
TJX Companies Inc,TJX,V167QI9I69W364E2DY52,109198,2012.0,Q3,2011-07-31,2011-10-29,2012-11-29 15:10:19+00:00,0.54,0.54,0.095,0.53,,257265000.0,406487000.0,406487000.0,,406487000.0,4166587000.0,5793128000.0,,954238000.0,4166587000.0,1626541000.0,8551000.0,954238000.0,672303000.0,-8551000.0,663752000.0,5793128000.0,752800000.0,754273000.0,766052000.0
TJX Companies Inc,TJX,V167QI9I69W364E2DY52,109198,2012.0,Q2YTD,2011-01-30,2011-07-30,,0.8,0.8,0.19,0.79,,374794000.0,614289000.0,614289000.0,,614289000.0,7803293000.0,10688569000.0,,1878167000.0,7803293000.0,2885276000.0,18026000.0,1878167000.0,1007109000.0,-18026000.0,989083000.0,10688569000.0,757300000.0,763715000.0,775251000.0
TJX Companies Inc,TJX,V167QI9I69W364E2DY52,109198,2012.0,Q2TTM,2010-08-01,2011-07-30,,0.91,0.91,0.19,0.9,,803126000.0,1321012000.0,1317401000.0,3611000.0,1321012000.0,16475870000.0,22546142000.0,,3913056000.0,16475870000.0,6070272000.0,36689000.0,3913056000.0,2157216000.0,-36689000.0,2120527000.0,22546142000.0,757300000.0,763715000.0,775251000.0
TJX Companies Inc,TJX,V167QI9I69W364E2DY52,109198,2012.0,Q2,2011-05-01,2011-07-30,2012-08-24 14:57:11+00:00,0.46,0.46,0.095,0.45,,211099000.0,348338000.0,348338000.0,,348338000.0,3976035000.0,5468274000.0,,923693000.0,3976035000.0,1492239000.0,9109000.0,923693000.0,568546000.0,-9109000.0,559437000.0,5468274000.0,757300000.0,763715000.0,775251000.0
TJX Companies Inc,TJX,V167QI9I69W364E2DY52,109198,2012.0,Q1TTM,2010-05-02,2011-04-30,,1.21,1.21,0.25,1.19,,783390000.0,1277658000.0,1274047000.0,3611000.0,1277658000.0,16219045000.0,22145948000.0,-11550000.0,3843164000.0,16219045000.0,5926903000.0,37852000.0,3831614000.0,2095289000.0,-37852000.0,2057437000.0,22145948000.0,782200000.0,775956000.0,788009000.0
TJX Companies Inc,TJX,V167QI9I69W364E2DY52,109198,2012.0,Q1,2011-01-30,2011-04-30,2012-05-25 14:47:34+00:00,0.34,0.34,0.095,0.34,,163695000.0,265951000.0,265951000.0,,265951000.0,3827258000.0,5220295000.0,,954474000.0,3827258000.0,1393037000.0,8917000.0,954474000.0,438563000.0,-8917000.0,429646000.0,5220295000.0,782200000.0,775956000.0,788009000.0
TJX Companies Inc,TJX,V167QI9I69W364E2DY52,109198,2013.0,FY,2012-01-29,2013-02-02,2015-03-31 16:42:30+00:00,2.6,2.6,0.46,2.55,,1170664000.0,1906687000.0,1906687000.0,,1906687000.0,18521400000.0,25878372000.0,,4250446000.0,18521400000.0,7356972000.0,29175000.0,4250446000.0,3106526000.0,-29175000.0,3077351000.0,25878372000.0,733300000.0,733588000.0,747555000.0
TJX Companies Inc,TJX,V167QI9I69W364E2DY52,109198,2013.0,Q4,2012-10-28,2013-02-02,,0.84,0.84,0.12,0.82,,359843000.0,604844000.0,604844000.0,,604844000.0,5514526000.0,7723814000.0,,1239524000.0,5514526000.0,2209288000.0,5077000.0,1239524000.0,969764000.0,-5077000.0,964687000.0,7723814000.0,733300000.0,733588000.0,747555000.0
TJX Companies Inc,TJX,V167QI9I69W364E2DY52,109198,2013.0,Q3YTD,2012-01-29,2012-10-27,,1.76,1.76,0.35,1.73,,810821000.0,1301843000.0,1301843000.0,,1301843000.0,13006874000.0,18154558000.0,,3010922000.0,13006874000.0,5147684000.0,24098000.0,3010922000.0,2136762000.0,-24098000.0,2112664000.0,18154558000.0,732600000.0,731575000.0,745741000.0
TJX Companies Inc,TJX,V167QI9I69W364E2DY52,109198,2013.0,Q3TTM,2011-10-30,2012-10-27,,2.39,2.39,0.44,2.34,,1094086000.0,1777157000.0,1777157000.0,,1777157000.0,17891243000.0,24864316000.0,,4068661000.0,17891243000.0,6973073000.0,33169000.0,4068661000.0,2904412000.0,-33169000.0,2871243000.0,24864316000.0,732600000.0,731575000.0,745741000.0
TJX Companies Inc,TJX,V167QI9I69W364E2DY52,109198,2013.0,Q3,2012-07-29,2012-10-27,2013-12-03 15:15:59+00:00,0.63,0.63,0.115,0.62,,286918000.0,461551000.0,461551000.0,,461551000.0,4566073000.0,6410913000.0,,1090282000.0,4566073000.0,1844840000.0,6089000.0,1090282000.0,754558000.0,-6089000.0,748469000.0,6410913000.0,732600000.0,731575000.0,745741000.0
TJX Companies Inc,TJX,V167QI9I69W364E2DY52,109198,2013.0,Q2YTD,2012-01-29,2012-07-28,,1.13,1.13,0.23,1.11,,523903000.0,840292000.0,840292000.0,,840292000.0,8440801000.0,11743645000.0,,1920640000.0,8440801000.0,3302844000.0,18009000.0,1920640000.0,1382204000.0,-18009000.0,1364195000.0,11743645000.0,738800000.0,736830000.0,751243000.0
TJX Companies Inc,TJX,V167QI9I69W364E2DY52,109198,2013.0,Q2TTM,2011-07-31,2012-07-28,,2.3,2.3,0.42,2.25,,1064433000.0,1722093000.0,1722093000.0,,1722093000.0,17491757000.0,24246531000.0,,3932617000.0,17491757000.0,6754774000.0,35631000.0,3932617000.0,2822157000.0,-35631000.0,2786526000.0,24246531000.0,738800000.0,736830000.0,751243000.0
TJX Companies Inc,TJX,V167QI9I69W364E2DY52,109198,2013.0,Q2,2012-04-29,2012-07-28,2013-08-30 13:44:54+00:00,0.57,0.57,0.115,0.56,,261698000.0,421092000.0,421092000.0,,421092000.0,4275073000.0,5945559000.0,,978514000.0,4275073000.0,1670486000.0,9182000.0,978514000.0,691972000.0,-9182000.0,682790000.0,5945559000.0,738800000.0,736830000.0,751243000.0
TJX Companies Inc,TJX,V167QI9I69W364E2DY52,109198,2013.0,Q1TTM,2011-05-01,2012-04-28,,2.19,2.19,0.4,2.14,,1013834000.0,1649339000.0,1649339000.0,,1649339000.0,17192719000.0,23769246000.0,,3877796000.0,17192719000.0,6576527000.0,35558000.0,3877796000.0,2698731000.0,-35558000.0,2663173000.0,23769246000.0,748600000.0,742233000.0,756016000.0
TJX Companies Inc,TJX,V167QI9I69W364E2DY52,109198,2013.0,Q1,2012-01-29,2012-04-28,2013-05-31 14:32:30+00:00,0.56,0.56,0.115,0.55,,262205000.0,419200000.0,419200000.0,,419200000.0,4165728000.0,5798086000.0,,942126000.0,4165728000.0,1632358000.0,8827000.0,942126000.0,690232000.0,-8827000.0,681405000.0,5798086000.0,748600000.0,742233000.0,756016000.0
TJX Companies Inc,TJX,V167QI9I69W364E2DY52,109198,2014.0,FY,2013-02-03,2014-02-01,2016-03-29 16:10:58+00:00,3.0,3.0,0.58,2.94,,1182093000.0,2137396000.0,2137396000.0,,2137396000.0,19605037000.0,27422696000.0,,4467089000.0,19605037000.0,7817659000.0,31081000.0,4467089000.0,3350570000.0,-31081000.0,3319489000.0,27422696000.0,712500000.0,713470000.0,726376000.0
TJX Companies Inc,TJX,V167QI9I69W364E2DY52,109198,2014.0,Q4,2013-11-03,2014-02-01,,0.82,0.82,0.14,0.8,,353494000.0,582292000.0,582292000.0,,582292000.0,5650300000.0,7808787000.0,,1215192000.0,5650300000.0,2158487000.0,7509000.0,1215192000.0,943295000.0,-7509000.0,935786000.0,7808787000.0,712500000.0,713470000.0,726376000.0
TJX Companies Inc,TJX,V167QI9I69W364E2DY52,109198,2014.0,Q3,2013-08-04,2013-11-02,2014-12-02 14:45:18+00:00,0.88,0.88,0.145,0.86,,256717000.0,622655000.0,622655000.0,,622655000.0,4934465000.0,6981876000.0,,1158668000.0,4934465000.0,2047411000.0,9371000.0,1158668000.0,888743000.0,-9371000.0,879372000.0,6981876000.0,707600000.0,711595000.0,724108000.0
TJX Companies Inc,TJX,V167QI9I69W364E2DY52,109198,2014.0,Q3YTD,2013-02-03,2013-11-02,,2.18,2.18,0.43,2.14,,828599000.0,1555104000.0,1555104000.0,,1555104000.0,13954737000.0,19613909000.0,,3251897000.0,13954737000.0,5659172000.0,23572000.0,3251897000.0,2407275000.0,-23572000.0,2383703000.0,19613909000.0,707600000.0,711595000.0,724108000.0
TJX Companies Inc,TJX,V167QI9I69W364E2DY52,109198,2014.0,Q3TTM,2012-10-28,2013-11-02,,3.02,3.02,0.55,2.96,,1188442000.0,2159948000.0,2159948000.0,,2159948000.0,19469263000.0,27337723000.0,,4491421000.0,19469263000.0,7868460000.0,28649000.0,4491421000.0,3377039000.0,-28649000.0,3348390000.0,27337723000.0,707600000.0,711595000.0,724108000.0
TJX Companies Inc,TJX,V167QI9I69W364E2DY52,109198,2014.0,Q2YTD,2013-02-03,2013-08-03,,1.3,1.3,0.29,1.28,,571882000.0,932449000.0,932449000.0,,932449000.0,9020272000.0,12632033000.0,,2093229000.0,9020272000.0,3611761000.0,14201000.0,2093229000.0,1518532000.0,-14201000.0,1504331000.0,12632033000.0,715800000.0,715706000.0,728599000.0
TJX Companies Inc,TJX,V167QI9I69W364E2DY52,109198,2014.0,Q2TTM,2012-07-29,2013-08-03,,2.77,2.77,0.52,2.72,,1218643000.0,1998844000.0,1998844000.0,,1998844000.0,19100871000.0,26766760000.0,,4423035000.0,19100871000.0,7665889000.0,25367000.0,4423035000.0,3242854000.0,-25367000.0,3217487000.0,26766760000.0,715800000.0,715706000.0,728599000.0
TJX Companies Inc,TJX,V167QI9I69W364E2DY52,109198,2014.0,Q2,2013-05-05,2013-08-03,2014-08-29 11:22:39+00:00,0.67,0.67,0.145,0.66,,292887000.0,479559000.0,479559000.0,,479559000.0,4586739000.0,6442424000.0,,1074320000.0,4586739000.0,1855685000.0,8919000.0,1074320000.0,781365000.0,-8919000.0,772446000.0,6442424000.0,715800000.0,715706000.0,728599000.0
TJX Companies Inc,TJX,V167QI9I69W364E2DY52,109198,2014.0,Q1TTM,2012-04-29,2013-05-04,,2.67,2.67,0.49,2.62,,1187454000.0,1940377000.0,1940377000.0,,1940377000.0,18789205000.0,26269895000.0,,4327229000.0,18789205000.0,7480690000.0,25630000.0,4327229000.0,3153461000.0,-25630000.0,3127831000.0,26269895000.0,718900000.0,719528000.0,732555000.0
TJX Companies Inc,TJX,V167QI9I69W364E2DY52,109198,2014.0,Q1,2013-02-03,2013-05-04,2014-05-30 15:19:26+00:00,0.63,0.63,0.145,0.62,,278995000.0,452890000.0,452890000.0,,452890000.0,4433533000.0,6189609000.0,,1018909000.0,4433533000.0,1756076000.0,5282000.0,1018909000.0,737167000.0,-5282000.0,731885000.0,6189609000.0,718900000.0,719528000.0,732555000.0
TJX Companies Inc,TJX,V167QI9I69W364E2DY52,109198,2015.0,FY,2014-02-02,2015-01-31,2017-03-28 15:26:41+00:00,3.2,3.2,0.7,3.15,,1334756000.0,2215128000.0,2215128000.0,,2215128000.0,20776522000.0,29078407000.0,,4695384000.0,20776522000.0,8301885000.0,56617000.0,4695384000.0,3606501000.0,-56617000.0,3549884000.0,29078407000.0,692200000.0,692691000.0,703545000.0
TJX Companies Inc,TJX,V167QI9I69W364E2DY52,109198,2015.0,Q4,2014-11-02,2015-01-31,,0.94,0.94,0.17,0.93,,381405000.0,648230000.0,648230000.0,,648230000.0,5959037000.0,8303953000.0,,1306279000.0,5959037000.0,2344916000.0,9002000.0,1306279000.0,1038637000.0,-9002000.0,1029635000.0,8303953000.0,692200000.0,692691000.0,703545000.0
TJX Companies Inc,TJX,V167QI9I69W364E2DY52,109198,2015.0,Q3,2014-08-03,2014-11-01,2015-12-01 15:06:36+00:00,0.86,0.86,0.175,0.85,,364143000.0,594957000.0,594957000.0,,594957000.0,5203629000.0,7366066000.0,,1193297000.0,5203629000.0,2162437000.0,10040000.0,1193297000.0,969140000.0,-10040000.0,959100000.0,7366066000.0,691800000.0,690183000.0,701005000.0
TJX Companies Inc,TJX,V167QI9I69W364E2DY52,109198,2015.0,Q3YTD,2014-02-02,2014-11-01,,2.26,2.26,0.52,2.22,,953351000.0,1566898000.0,1566898000.0,,1566898000.0,14817485000.0,20774454000.0,,3389105000.0,14817485000.0,5956969000.0,47615000.0,3389105000.0,2567864000.0,-47615000.0,2520249000.0,20774454000.0,691800000.0,690183000.0,701005000.0
TJX Companies Inc,TJX,V167QI9I69W364E2DY52,109198,2015.0,Q3TTM,2013-11-03,2014-11-01,,3.08,3.08,0.67,3.02,,1306845000.0,2149190000.0,2149190000.0,,2149190000.0,20467785000.0,28583241000.0,,4604297000.0,20467785000.0,8115456000.0,55124000.0,4604297000.0,3511159000.0,-55124000.0,3456035000.0,28583241000.0,691800000.0,690183000.0,701005000.0
TJX Companies Inc,TJX,V167QI9I69W364E2DY52,109198,2015.0,Q2,2014-05-04,2014-08-02,2015-08-28 13:56:23+00:00,0.75,0.75,0.175,0.73,,312994000.0,517624000.0,517624000.0,,517624000.0,4935856000.0,6917212000.0,,1122758000.0,4935856000.0,1981356000.0,27980000.0,1122758000.0,858598000.0,-27980000.0,830618000.0,6917212000.0,690200000.0,694217000.0,705200000.0
TJX Companies Inc,TJX,V167QI9I69W364E2DY52,109198,2015.0,Q2YTD,2014-02-02,2014-08-02,,1.4,1.4,0.35,1.37,,589208000.0,971941000.0,971941000.0,,971941000.0,9613856000.0,13408388000.0,,2195808000.0,9613856000.0,3794532000.0,37575000.0,2195808000.0,1598724000.0,-37575000.0,1561149000.0,13408388000.0,690200000.0,694217000.0,705200000.0
TJX Companies Inc,TJX,V167QI9I69W364E2DY52,109198,2015.0,Q2TTM,2013-08-04,2014-08-02,,3.1,3.1,0.64,3.03,,1199419000.0,2176888000.0,2176888000.0,,2176888000.0,20198621000.0,28199051000.0,,4569668000.0,20198621000.0,8000430000.0,54455000.0,4569668000.0,3430762000.0,-54455000.0,3376307000.0,28199051000.0,690200000.0,694217000.0,705200000.0
TJX Companies Inc,TJX,V167QI9I69W364E2DY52,109198,2015.0,Q1,2014-02-02,2014-05-03,2015-05-29 15:21:26+00:00,0.65,0.65,0.175,0.64,,276214000.0,454317000.0,454317000.0,,454317000.0,4678000000.0,6491176000.0,,1073050000.0,4678000000.0,1813176000.0,9595000.0,1073050000.0,740126000.0,-9595000.0,730531000.0,6491176000.0,698900000.0,701027000.0,712902000.0
TJX Companies Inc,TJX,V167QI9I69W364E2DY52,109198,2015.0,Q1TTM,2013-05-05,2014-05-03,,3.02,3.02,0.61,2.96,,1179312000.0,2138823000.0,2138823000.0,,2138823000.0,19849504000.0,27724263000.0,,4521230000.0,19849504000.0,7874759000.0,35394000.0,4521230000.0,3353529000.0,-35394000.0,3318135000.0,27724263000.0,698900000.0,701027000.0,712902000.0
TJX Companies Inc,TJX,V167QI9I69W364E2DY52,109198,2016.0,FY,2015-02-01,2016-01-30,2018-04-04 15:19:20+00:00,3.38,3.38,0.84,3.33,,1380642000.0,2277658000.0,2277658000.0,,2277658000.0,22034523000.0,30944938000.0,,5205715000.0,22034523000.0,8910415000.0,46400000.0,5205715000.0,3704700000.0,-46400000.0,3658300000.0,30944938000.0,673900000.0,673484000.0,683251000.0
TJX Companies Inc,TJX,V167QI9I69W364E2DY52,109198,2016.0,Q4,2015-11-01,2016-01-30,,0.99,0.99,0.21,0.98,,399335000.0,666466000.0,666466000.0,,666466000.0,6388192000.0,8962075000.0,,1497119000.0,6388192000.0,2573883000.0,10963000.0,1497119000.0,1076764000.0,-10963000.0,1065801000.0,8962075000.0,673900000.0,673484000.0,683251000.0
TJX Companies Inc,TJX,V167QI9I69W364E2DY52,109198,2016.0,Q3,2015-08-02,2015-10-31,2016-11-30 14:42:09+00:00,0.88,0.88,0.21,0.86,,353934000.0,587256000.0,587256000.0,,587256000.0,5506899000.0,7753495000.0,,1292401000.0,5506899000.0,2246596000.0,13005000.0,1292401000.0,954195000.0,-13005000.0,941190000.0,7753495000.0,667300000.0,671154000.0,680844000.0
TJX Companies Inc,TJX,V167QI9I69W364E2DY52,109198,2016.0,Q3YTD,2015-02-01,2015-10-31,,2.39,2.39,0.63,2.35,,981307000.0,1611192000.0,1611192000.0,,1611192000.0,15646331000.0,21982863000.0,,3708596000.0,15646331000.0,6336532000.0,35437000.0,3708596000.0,2627936000.0,-35437000.0,2592499000.0,21982863000.0,667300000.0,671154000.0,680844000.0
TJX Companies Inc,TJX,V167QI9I69W364E2DY52,109198,2016.0,Q3TTM,2014-11-02,2015-10-31,,3.33,3.33,0.8,3.28,,1362712000.0,2259422000.0,2259422000.0,,2259422000.0,21605368000.0,30286816000.0,,5014875000.0,21605368000.0,8681448000.0,44439000.0,5014875000.0,3666573000.0,-44439000.0,3622134000.0,30286816000.0,667300000.0,671154000.0,680844000.0
TJX Companies Inc,TJX,V167QI9I69W364E2DY52,109198,2016.0,Q2,2015-05-03,2015-08-01,2016-08-26 14:37:01+00:00,0.81,0.81,0.21,0.8,,336859000.0,549335000.0,549335000.0,,549335000.0,5219191000.0,7363731000.0,,1247538000.0,5219191000.0,2144540000.0,10808000.0,1247538000.0,897002000.0,-10808000.0,886194000.0,7363731000.0,678200000.0,676082000.0,685322000.0
TJX Companies Inc,TJX,V167QI9I69W364E2DY52,109198,2016.0,Q2YTD,2015-02-01,2015-08-01,,1.51,1.51,0.42,1.49,,627373000.0,1023936000.0,1023936000.0,,1023936000.0,10139432000.0,14229368000.0,,2416195000.0,10139432000.0,4089936000.0,22432000.0,2416195000.0,1673741000.0,-22432000.0,1651309000.0,14229368000.0,678200000.0,676082000.0,685322000.0
TJX Companies Inc,TJX,V167QI9I69W364E2DY52,109198,2016.0,Q2TTM,2014-08-03,2015-08-01,,3.31,3.31,0.77,3.27,,1372921000.0,2267123000.0,2267123000.0,,2267123000.0,21302098000.0,29899387000.0,,4915771000.0,21302098000.0,8597289000.0,41474000.0,4915771000.0,3681518000.0,-41474000.0,3640044000.0,29899387000.0,678200000.0,676082000.0,685322000.0
TJX Companies Inc,TJX,V167QI9I69W364E2DY52,109198,2016.0,Q1,2015-02-01,2015-05-02,2016-05-27 13:52:09+00:00,0.7,0.7,0.21,0.69,,290514000.0,474601000.0,474601000.0,,474601000.0,4920241000.0,6865637000.0,,1168657000.0,4920241000.0,1945396000.0,11624000.0,1168657000.0,776739000.0,-11624000.0,765115000.0,6865637000.0,678000000.0,681369000.0,691206000.0
TJX Companies Inc,TJX,V167QI9I69W364E2DY52,109198,2016.0,Q1TTM,2014-05-04,2015-05-02,,3.25,3.25,0.73,3.2,,1349056000.0,2235412000.0,2235412000.0,,2235412000.0,21018763000.0,29452868000.0,,4790991000.0,21018763000.0,8434105000.0,58646000.0,4790991000.0,3643114000.0,-58646000.0,3584468000.0,29452868000.0,678000000.0,681369000.0,691206000.0
TJX Companies Inc,TJX,V167QI9I69W364E2DY52,109198,2017.0,FY,2016-01-31,2017-01-28,2019-04-03 12:16:07+00:00,1.75,1.75,0.52,1.73,0.0,1424809000.0,2298234000.0,2298234000.0,,2298234000.0,23565754000.0,33183744000.0,31173000.0,5768467000.0,23565754000.0,9617990000.0,95307000.0,5799640000.0,3818350000.0,-95307000.0,3723043000.0,33183744000.0,1313300000.0,1311294000.0,1328864000.0
TJX Companies Inc,TJX,V167QI9I69W364E2DY52,109198,2017.0,Q4,2016-10-30,2017-01-28,,-0.71,-0.71,-0.26,-0.7,,415731000.0,677928000.0,677928000.0,,677928000.0,6786777000.0,9467647000.0,,1577595000.0,6786777000.0,2680870000.0,9616000.0,1577595000.0,1103275000.0,-9616000.0,1093659000.0,9467647000.0,1313300000.0,1311294000.0,1328864000.0
TJX Companies Inc,TJX,V167QI9I69W364E2DY52,109198,2017.0,Q3,2016-07-31,2016-10-29,2017-11-28 15:38:04+00:00,0.84,0.84,0.26,0.83,,340047000.0,549786000.0,549786000.0,,549786000.0,5843873000.0,8291688000.0,31173000.0,1462574000.0,5843873000.0,2447815000.0,64235000.0,1493747000.0,954068000.0,-64235000.0,889833000.0,8291688000.0,654500000.0,653559000.0,661721000.0
TJX Companies Inc,TJX,V167QI9I69W364E2DY52,109198,2017.0,Q3YTD,2016-01-31,2016-10-29,,2.46,2.46,0.78,2.43,,1009078000.0,1620306000.0,1620306000.0,,1620306000.0,16778977000.0,23716097000.0,31173000.0,4190872000.0,16778977000.0,6937120000.0,85691000.0,4222045000.0,2715075000.0,-85691000.0,2629384000.0,23716097000.0,654500000.0,653559000.0,661721000.0
TJX Companies Inc,TJX,V167QI9I69W364E2DY52,109198,2017.0,Q3TTM,2015-11-01,2016-10-29,,3.45,3.45,0.99,3.41,,1408413000.0,2286772000.0,2286772000.0,,2286772000.0,23167169000.0,32678172000.0,31173000.0,5687991000.0,23167169000.0,9511003000.0,96654000.0,5719164000.0,3791839000.0,-96654000.0,3695185000.0,32678172000.0,654500000.0,653559000.0,661721000.0
TJX Companies Inc,TJX,V167QI9I69W364E2DY52,109198,2017.0,Q2,2016-05-01,2016-07-30,2017-08-25 11:31:07+00:00,0.85,0.85,0.26,0.84,,352408000.0,562174000.0,562174000.0,,562174000.0,5562961000.0,7882053000.0,,1393248000.0,5562961000.0,2319092000.0,11262000.0,1393248000.0,925844000.0,-11262000.0,914582000.0,7882053000.0,661400000.0,658117000.0,666606000.0
TJX Companies Inc,TJX,V167QI9I69W364E2DY52,109198,2017.0,Q2YTD,2016-01-31,2016-07-30,,1.62,1.62,0.52,1.6,,669031000.0,1070520000.0,1070520000.0,,1070520000.0,10935104000.0,15424409000.0,,2728298000.0,10935104000.0,4489305000.0,21456000.0,2728298000.0,1761007000.0,-21456000.0,1739551000.0,15424409000.0,661400000.0,658117000.0,666606000.0
TJX Companies Inc,TJX,V167QI9I69W364E2DY52,109198,2017.0,Q2TTM,2015-08-02,2016-07-30,,3.49,3.49,0.94,3.44,,1422300000.0,2324242000.0,2324242000.0,,2324242000.0,22830195000.0,32139979000.0,,5517818000.0,22830195000.0,9309784000.0,45424000.0,5517818000.0,3791966000.0,-45424000.0,3746542000.0,32139979000.0,661400000.0,658117000.0,666606000.0
TJX Companies Inc,TJX,V167QI9I69W364E2DY52,109198,2017.0,Q1,2016-01-31,2016-04-30,2017-05-26 12:00:06+00:00,0.77,0.77,0.26,0.76,,316623000.0,508346000.0,508346000.0,,508346000.0,5372143000.0,7542356000.0,,1335050000.0,5372143000.0,2170213000.0,10194000.0,1335050000.0,835163000.0,-10194000.0,824969000.0,7542356000.0,660200000.0,661515000.0,670388000.0
TJX Companies Inc,TJX,V167QI9I69W364E2DY52,109198,2017.0,Q1TTM,2015-05-03,2016-04-30,,3.45,3.45,0.89,3.4,,1406751000.0,2311403000.0,2311403000.0,,2311403000.0,22486425000.0,31621657000.0,,5372108000.0,22486425000.0,9135232000.0,44970000.0,5372108000.0,3763124000.0,-44970000.0,3718154000.0,31621657000.0,660200000.0,661515000.0,670388000.0
TJX Companies Inc,TJX,V167QI9I69W364E2DY52,109198,2018.0,FY,2017-01-29,2018-02-03,2020-03-27 12:02:19+00:00,2.05,2.05,0.63,2.02,99250000.0,1248640000.0,2607948000.0,2607948000.0,,2607948000.0,25502167000.0,35864664000.0,0.0,6375071000.0,25502167000.0,10362497000.0,31588000.0,6474321000.0,3888176000.0,-31588000.0,3856588000.0,35864664000.0,1272200000.0,1273654000.0,1292209000.0
TJX Companies Inc,TJX,V167QI9I69W364E2DY52,109198,2018.0,Q4,2017-10-29,2018-02-03,,-0.16,-0.16,-0.15,-0.15,99250000.0,235104000.0,877276000.0,877276000.0,,877276000.0,7849400000.0,10960720000.0,,1895601000.0,7849400000.0,3111320000.0,4089000.0,1994851000.0,1116469000.0,-4089000.0,1112380000.0,10960720000.0,1272200000.0,1273654000.0,1292209000.0
TJX Companies Inc,TJX,V167QI9I69W364E2DY52,109198,2018.0,Q3,2017-07-30,2017-10-28,2018-12-04 12:03:37+00:00,0.51,0.51,0.1563,0.5,,378564000.0,641436000.0,641436000.0,,641436000.0,6150020000.0,8762220000.0,0.0,1584219000.0,6150020000.0,2612200000.0,7981000.0,1584219000.0,1027981000.0,-7981000.0,1020000000.0,8762220000.0,1257700000.0,1268044000.0,1285762000.0
TJX Companies Inc,TJX,V167QI9I69W364E2DY52,109198,2018.0,Q3YTD,2017-01-29,2017-10-28,,2.21,2.21,0.78,2.17,,1013536000.0,1730672000.0,1730672000.0,,1730672000.0,17652767000.0,24903944000.0,,4479470000.0,17652767000.0,7251177000.0,27499000.0,4479470000.0,2771707000.0,-27499000.0,2744208000.0,24903944000.0,1257700000.0,1268044000.0,1285762000.0
TJX Companies Inc,TJX,V167QI9I69W364E2DY52,109198,2018.0,Q3TTM,2016-10-30,2017-10-28,,1.5,1.5,0.52,1.47,,1429267000.0,2408600000.0,2408600000.0,,2408600000.0,24439544000.0,34371591000.0,,6057065000.0,24439544000.0,9932047000.0,37115000.0,6057065000.0,3874982000.0,-37115000.0,3837867000.0,34371591000.0,1257700000.0,1268044000.0,1285762000.0
TJX Companies Inc,TJX,V167QI9I69W364E2DY52,109198,2018.0,Q2,2017-04-30,2017-07-29,2018-08-31 12:05:30+00:00,0.87,0.87,0.3125,0.85,,338743000.0,552957000.0,552957000.0,,552957000.0,5972675000.0,8357700000.0,,1483648000.0,5972675000.0,2385025000.0,9677000.0,1483648000.0,901377000.0,-9677000.0,891700000.0,8357700000.0,635600000.0,639127000.0,648317000.0
TJX Companies Inc,TJX,V167QI9I69W364E2DY52,109198,2018.0,Q2YTD,2017-01-29,2017-07-29,,1.7,1.7,0.63,1.67,,634972000.0,1089236000.0,1089236000.0,,1089236000.0,11502747000.0,16141724000.0,,2895251000.0,11502747000.0,4638977000.0,19518000.0,2895251000.0,1743726000.0,-19518000.0,1724208000.0,16141724000.0,635600000.0,639127000.0,648317000.0
TJX Companies Inc,TJX,V167QI9I69W364E2DY52,109198,2018.0,Q2TTM,2016-07-31,2017-07-29,,1.83,1.83,0.63,1.8,,1390750000.0,2316950000.0,2316950000.0,,2316950000.0,24133397000.0,33901059000.0,31173000.0,5935420000.0,24133397000.0,9767662000.0,93369000.0,5966593000.0,3801069000.0,-93369000.0,3707700000.0,33901059000.0,635600000.0,639127000.0,648317000.0
TJX Companies Inc,TJX,V167QI9I69W364E2DY52,109198,2018.0,Q1,2017-01-29,2017-04-29,2018-06-01 12:36:03+00:00,0.83,0.83,0.3125,0.82,,296229000.0,536279000.0,536279000.0,,536279000.0,5530072000.0,7784024000.0,,1411603000.0,5530072000.0,2253952000.0,9841000.0,1411603000.0,842349000.0,-9841000.0,832508000.0,7784024000.0,646100000.0,644425000.0,654799000.0
TJX Companies Inc,TJX,V167QI9I69W364E2DY52,109198,2018.0,Q1TTM,2016-05-01,2017-04-29,,1.81,1.81,0.57,1.79,,1404415000.0,2326167000.0,2326167000.0,,2326167000.0,23723683000.0,33425412000.0,31173000.0,5845020000.0,23723683000.0,9701729000.0,94954000.0,5876193000.0,3825536000.0,-94954000.0,3730582000.0,33425412000.0,646100000.0,644425000.0,654799000.0
TJX Companies Inc,TJX,V167QI9I69W364E2DY52,109198,2019.0,FY,2018-02-04,2019-02-02,2020-03-27 12:02:19+00:00,2.47,2.47,0.78,2.43,0.0,1113413000.0,3059798000.0,3059798000.0,,3059798000.0,27831177000.0,38972934000.0,36122000.0,6923564000.0,27831177000.0,11141757000.0,8860000.0,6959686000.0,4182071000.0,-8860000.0,4173211000.0,38972934000.0,1238800000.0,1241153000.0,1259252000.0
TJX Companies Inc,TJX,V167QI9I69W364E2DY52,109198,2019.0,Q4,2018-11-04,2019-02-02,,0.69,0.69,0.39,0.68,,337040000.0,841538000.0,841538000.0,,841538000.0,8033640000.0,11127340000.0,,1916627000.0,8033640000.0,3093700000.0,-1505000.0,1916627000.0,1177073000.0,1505000.0,1178578000.0,11127340000.0,1238800000.0,1241153000.0,1259252000.0
TJX Companies Inc,TJX,V167QI9I69W364E2DY52,109198,2019.0,Q3,2018-08-05,2018-11-03,2019-12-03 14:20:49+00:00,0.62,0.62,0.195,0.61,,284265000.0,762253000.0,762253000.0,,762253000.0,6983483000.0,9825759000.0,36122000.0,1756448000.0,6983483000.0,2842276000.0,3188000.0,1792570000.0,1049706000.0,-3188000.0,1046518000.0,9825759000.0,1229400000.0,1236842000.0,1257562000.0
TJX Companies Inc,TJX,V167QI9I69W364E2DY52,109198,2019.0,Q3YTD,2018-02-04,2018-11-03,,1.78,1.78,0.39,1.75,,776373000.0,2218260000.0,2218260000.0,,2218260000.0,19797537000.0,27845594000.0,36122000.0,5006937000.0,19797537000.0,8048057000.0,10365000.0,5043059000.0,3004998000.0,-10365000.0,2994633000.0,27845594000.0,1229400000.0,1236842000.0,1257562000.0
TJX Companies Inc,TJX,V167QI9I69W364E2DY52,109198,2019.0,Q3TTM,2017-10-29,2018-11-03,,1.62,1.62,0.24,1.6,99250000.0,1011477000.0,3095536000.0,3095536000.0,,3095536000.0,27646937000.0,38806314000.0,36122000.0,6902538000.0,27646937000.0,11159377000.0,14454000.0,7037910000.0,4121467000.0,-14454000.0,4107013000.0,38806314000.0,1229400000.0,1236842000.0,1257562000.0
TJX Companies Inc,TJX,V167QI9I69W364E2DY52,109198,2019.0,Q2,2018-05-06,2018-08-04,2019-08-30 11:22:08+00:00,0.59,0.59,0.195,0.58,,252931000.0,739626000.0,739626000.0,,739626000.0,6635815000.0,9331115000.0,,1699714000.0,6635815000.0,2695300000.0,3029000.0,1699714000.0,995586000.0,-3029000.0,992557000.0,9331115000.0,1253600000.0,1246851000.0,1265920000.0
TJX Companies Inc,TJX,V167QI9I69W364E2DY52,109198,2019.0,Q2YTD,2018-02-04,2018-08-04,,1.16,1.16,0.2,1.14,,492108000.0,1456007000.0,1456007000.0,,1456007000.0,12814054000.0,18019835000.0,,3250489000.0,12814054000.0,5205781000.0,7177000.0,3250489000.0,1955292000.0,-7177000.0,1948115000.0,18019835000.0,1253600000.0,1246851000.0,1265920000.0
TJX Companies Inc,TJX,V167QI9I69W364E2DY52,109198,2019.0,Q2TTM,2017-07-30,2018-08-04,,1.51,1.51,0.2,1.49,99250000.0,1105776000.0,2974719000.0,2974719000.0,,2974719000.0,26813474000.0,37742775000.0,,6730309000.0,26813474000.0,10929301000.0,19247000.0,6829559000.0,4099742000.0,-19247000.0,4080495000.0,37742775000.0,1253600000.0,1246851000.0,1265920000.0
TJX Companies Inc,TJX,V167QI9I69W364E2DY52,109198,2019.0,Q1,2018-02-04,2018-05-05,2019-05-31 11:50:28+00:00,0.57,0.57,0.195,0.56,,239177000.0,716381000.0,716381000.0,,716381000.0,6178239000.0,8688720000.0,,1550775000.0,6178239000.0,2510481000.0,4148000.0,1550775000.0,959706000.0,-4148000.0,955558000.0,8688720000.0,1256800000.0,1253224000.0,1268872000.0
TJX Companies Inc,TJX,V167QI9I69W364E2DY52,109198,2019.0,Q1TTM,2017-04-30,2018-05-05,,1.79,1.79,0.32,1.76,99250000.0,1191588000.0,2788050000.0,2788050000.0,,2788050000.0,26150334000.0,36769360000.0,,6514243000.0,26150334000.0,10619026000.0,25895000.0,6613493000.0,4005533000.0,-25895000.0,3979638000.0,36769360000.0,1256800000.0,1253224000.0,1268872000.0
TJX Companies Inc,TJX,V167QI9I69W364E2DY52,109198,2020.0,Q4,2019-11-03,2020-02-01,,0.81,0.81,0.23,0.8,,341485000.0,984790000.0,984790000.0,,984790000.0,8741805000.0,12206462000.0,,2135329000.0,8741805000.0,3464657000.0,3053000.0,2135329000.0,1329328000.0,-3053000.0,1326275000.0,12206462000.0,1207500000.0,1208163000.0,1226519000.0
TJX Companies Inc,TJX,V167QI9I69W364E2DY52,109198,2020.0,FY,2019-02-03,2020-02-01,2020-03-27 12:02:19+00:00,2.71,2.71,0.92,2.67,0.0,1133990000.0,3272193000.0,3272193000.0,,3272193000.0,29845780000.0,41716977000.0,0.0,7454988000.0,29845780000.0,11871197000.0,10026000.0,7454988000.0,4416209000.0,-10026000.0,4406183000.0,41716977000.0,1207500000.0,1208163000.0,1226519000.0
TJX Companies Inc,TJX,V167QI9I69W364E2DY52,109198,2020.0,Q3YTD,2019-02-03,2019-11-02,,1.9,1.9,0.69,1.87,,792505000.0,2287403000.0,2287403000.0,,2287403000.0,21103975000.0,29510515000.0,,5319659000.0,21103975000.0,8406540000.0,6973000.0,5319659000.0,3086881000.0,-6973000.0,3079908000.0,29510515000.0,1200400000.0,1206369000.0,1224288000.0
TJX Companies Inc,TJX,V167QI9I69W364E2DY52,109198,2020.0,Q3TTM,2018-11-04,2019-11-02,,2.59,2.59,1.08,2.55,,1129545000.0,3128941000.0,3128941000.0,,3128941000.0,29137615000.0,40637855000.0,,7236286000.0,29137615000.0,11500240000.0,5468000.0,7236286000.0,4263954000.0,-5468000.0,4258486000.0,40637855000.0,1200400000.0,1206369000.0,1224288000.0
TJX Companies Inc,TJX,V167QI9I69W364E2DY52,109198,2020.0,Q3,2019-08-04,2019-11-02,2019-12-03 14:20:49+00:00,0.69,0.69,0.23,0.68,,293856000.0,828263000.0,828263000.0,,828263000.0,7440033000.0,10451334000.0,0.0,1885923000.0,7440033000.0,3011301000.0,3259000.0,1885923000.0,1125378000.0,-3259000.0,1122119000.0,10451334000.0,1200400000.0,1206369000.0,1224288000.0
TJX Companies Inc,TJX,V167QI9I69W364E2DY52,109198,2020.0,Q2YTD,2019-02-03,2019-08-03,,1.21,1.21,0.46,1.19,,498649000.0,1459140000.0,1459140000.0,,1459140000.0,13663942000.0,19059181000.0,,3433736000.0,13663942000.0,5395239000.0,3714000.0,3433736000.0,1961503000.0,-3714000.0,1957789000.0,19059181000.0,1204700000.0,1210525000.0,1228986000.0
TJX Companies Inc,TJX,V167QI9I69W364E2DY52,109198,2020.0,Q2TTM,2018-08-05,2019-08-03,,2.52,2.52,1.05,2.48,,1119954000.0,3062931000.0,3062931000.0,,3062931000.0,28681065000.0,40012280000.0,36122000.0,7106811000.0,28681065000.0,11331215000.0,5397000.0,7142933000.0,4188282000.0,-5397000.0,4182885000.0,40012280000.0,1204700000.0,1210525000.0,1228986000.0
TJX Companies Inc,TJX,V167QI9I69W364E2DY52,109198,2020.0,Q2,2019-05-05,2019-08-03,2019-08-30 11:22:08+00:00,0.63,0.63,0.23,0.62,,262345000.0,758962000.0,758962000.0,,758962000.0,7026057000.0,9781596000.0,,1731335000.0,7026057000.0,2755539000.0,2897000.0,1731335000.0,1024204000.0,-2897000.0,1021307000.0,9781596000.0,1204700000.0,1210525000.0,1228986000.0
TJX Companies Inc,TJX,V167QI9I69W364E2DY52,109198,2020.0,Q1,2019-02-03,2019-05-04,2020-05-21 13:14:10+00:00,0.58,0.58,0.23,0.57,,236304000.0,700178000.0,700178000.0,,700178000.0,6637885000.0,9277585000.0,,1702401000.0,6637885000.0,2639700000.0,817000.0,1702401000.0,937299000.0,-817000.0,936482000.0,9277585000.0,1207200000.0,1214531000.0,1233407000.0
TJX Companies Inc,TJX,V167QI9I69W364E2DY52,109198,2020.0,Q1TTM,2018-05-06,2019-05-04,,2.48,2.48,1.01,2.44,,1110540000.0,3043595000.0,3043595000.0,,3043595000.0,28290823000.0,39561799000.0,36122000.0,7075190000.0,28290823000.0,11270976000.0,5529000.0,7111312000.0,4159664000.0,-5529000.0,4154135000.0,39561799000.0,1207200000.0,1214531000.0,1233407000.0
