company_name,company_ticker,company_lei,company_cik,year,quarter,start_date,end_date,filing_date,basicdilutedeps,basiceps,cashdividendspershare,depreciationexpense,dilutedeps,incometaxexpense,netincome,netincomecontinuing,netincomediscontinued,netincometocommon,operatingcostofrevenue,operatingrevenue,otherincome,otheroperatingexpenses,otherspecialcharges,restructuringcharge,sgaexpense,totalcostofrevenue,totalgrossprofit,totalinterestexpense,totalinterestincome,totaloperatingexpenses,totaloperatingincome,totalotherincome,totalpretaxincome,totalrevenue,weightedavebasicdilutedsharesos,weightedavebasicsharesos,weightedavedilutedsharesos
Rowan Companies PLC,RDC,549300NEY1GYM14FVV75,85408,2007.0,FY,2007-01-01,2007-12-31,2010-03-01 17:28:17+00:00,4.36,4.36,,118796000.0,4.31,255286000.0,483800000.0,483800000.0,,483800000.0,591412000.0,2095021000.0,226000.0,596541000.0,-40506000.0,,94905000.0,591412000.0,1503609000.0,15936000.0,20923000.0,769736000.0,733873000.0,5213000.0,739086000.0,2095021000.0,111000000.0,111000000.0,112300000.0
Rowan Companies PLC,RDC,549300NEY1GYM14FVV75,85408,2008.0,FY,2008-01-01,2008-12-31,2011-03-01 10:22:50+00:00,3.8,3.8,,141395000.0,3.77,226463000.0,427628000.0,427628000.0,,427628000.0,629795000.0,2212736000.0,-9129000.0,624815000.0,-67789000.0,,226397000.0,629795000.0,1582941000.0,1198000.0,6295000.0,924818000.0,658123000.0,-4032000.0,654091000.0,2212736000.0,112500000.0,112500000.0,113400000.0
Rowan Companies PLC,RDC,549300NEY1GYM14FVV75,85408,2008.0,Q3,2008-07-01,2008-09-30,2009-11-06 15:59:44+00:00,1.01,1.01,,36230000.0,1.0,57219000.0,114114000.0,114114000.0,,114114000.0,163330000.0,527058000.0,-1924000.0,149174000.0,-21447000.0,,27595000.0,163330000.0,363728000.0,0.0,1081000.0,191552000.0,172176000.0,-843000.0,171333000.0,527058000.0,113000000.0,113000000.0,114100000.0
Rowan Companies PLC,RDC,549300NEY1GYM14FVV75,85408,2009.0,Q4,2009-10-01,2009-12-31,,-2.7,-2.7,,-2915000.0,-2.7,6828000.0,60829000.0,21657000.0,39172000.0,60829000.0,854000.0,-327386000.0,-6127000.0,-355145000.0,-1207000.0,,-7437000.0,854000.0,-328240000.0,4073000.0,221000.0,-366704000.0,38464000.0,-9979000.0,28485000.0,-327386000.0,,,
Rowan Companies PLC,RDC,549300NEY1GYM14FVV75,85408,2009.0,FY,2009-01-01,2009-12-31,2012-02-27 21:36:09+00:00,,,,123940000.0,,119186000.0,367504000.0,328332000.0,39172000.0,367504000.0,404313000.0,1043003000.0,12000.0,0.0,-5543000.0,,65953000.0,404313000.0,638690000.0,8028000.0,1194000.0,184350000.0,454340000.0,-6822000.0,447518000.0,1043003000.0,,,
Rowan Companies PLC,RDC,549300NEY1GYM14FVV75,85408,2009.0,Q3YTD,2009-01-01,2009-09-30,,2.7,2.7,,126855000.0,2.7,112358000.0,306675000.0,306675000.0,,306675000.0,403459000.0,1370389000.0,6139000.0,355145000.0,-4336000.0,,73390000.0,403459000.0,966930000.0,3955000.0,973000.0,551054000.0,415876000.0,3157000.0,419033000.0,1370389000.0,113600000.0,113600000.0,113600000.0
Rowan Companies PLC,RDC,549300NEY1GYM14FVV75,85408,2009.0,Q3,2009-07-01,2009-09-30,2010-11-05 17:25:36+00:00,0.69,0.69,,43747000.0,0.69,7978000.0,78392000.0,78392000.0,,78392000.0,121238000.0,393421000.0,2303000.0,116949000.0,305000.0,,24094000.0,121238000.0,272183000.0,3462000.0,441000.0,185095000.0,87088000.0,-718000.0,86370000.0,393421000.0,113600000.0,113600000.0,113600000.0
Rowan Companies PLC,RDC,549300NEY1GYM14FVV75,85408,2009.0,Q2YTD,2009-01-01,2009-06-30,,2.01,2.01,,83108000.0,2.01,104380000.0,228283000.0,228283000.0,,228283000.0,282221000.0,976968000.0,3836000.0,238196000.0,-4641000.0,,49296000.0,282221000.0,694747000.0,493000.0,532000.0,365959000.0,328788000.0,3875000.0,332663000.0,976968000.0,113600000.0,113600000.0,113600000.0
Rowan Companies PLC,RDC,549300NEY1GYM14FVV75,85408,2009.0,Q2,2009-04-01,2009-06-30,2010-08-04 17:06:21+00:00,0.85,0.85,,42609000.0,0.85,36469000.0,96583000.0,96583000.0,,96583000.0,136840000.0,482160000.0,2422000.0,147388000.0,60000.0,,24720000.0,136840000.0,345320000.0,114000.0,201000.0,214777000.0,130543000.0,2509000.0,133052000.0,482160000.0,113600000.0,113600000.0,113600000.0
Rowan Companies PLC,RDC,549300NEY1GYM14FVV75,85408,2009.0,Q1,2009-01-01,2009-03-31,2010-05-07 14:49:28+00:00,1.16,1.16,,40499000.0,1.16,67911000.0,131700000.0,131700000.0,,131700000.0,145381000.0,494808000.0,1414000.0,90808000.0,-4701000.0,,24576000.0,145381000.0,349427000.0,379000.0,331000.0,151182000.0,198245000.0,1366000.0,199611000.0,494808000.0,113500000.0,113500000.0,113500000.0
Rowan Companies PLC,RDC,549300NEY1GYM14FVV75,85408,2010.0,Q4,2010-10-01,2010-12-31,,-0.57,-0.57,,23816000.0,-0.56,24563000.0,57285000.0,59391000.0,-2106000.0,57285000.0,67900000.0,64561000.0,-1990000.0,-84570000.0,-147000.0,,-28429000.0,67900000.0,-3339000.0,495000.0,448000.0,-89330000.0,85991000.0,-2037000.0,83954000.0,64561000.0,,,
Rowan Companies PLC,RDC,549300NEY1GYM14FVV75,85408,2010.0,FY,2010-01-01,2010-12-31,2013-03-01 17:24:49+00:00,,,,138301000.0,,91934000.0,279995000.0,267601000.0,12394000.0,279995000.0,416832000.0,1017705000.0,-461000.0,,402000.0,,83908000.0,416832000.0,600873000.0,19555000.0,1289000.0,222611000.0,378262000.0,-18727000.0,359535000.0,1017705000.0,,,
Rowan Companies PLC,RDC,549300NEY1GYM14FVV75,85408,2010.0,Q3YTD,2010-01-01,2010-09-30,,0.57,0.57,,114485000.0,0.56,67371000.0,222710000.0,208210000.0,14500000.0,222710000.0,348932000.0,953144000.0,1529000.0,84570000.0,549000.0,,112337000.0,348932000.0,604212000.0,19060000.0,841000.0,311941000.0,292271000.0,-16690000.0,275581000.0,953144000.0,,,
Rowan Companies PLC,RDC,549300NEY1GYM14FVV75,85408,2010.0,Q3TTM,2009-10-01,2010-09-30,,-2.13,-2.13,,111570000.0,-2.14,74199000.0,283539000.0,229867000.0,53672000.0,283539000.0,349786000.0,625758000.0,-4598000.0,-270575000.0,-658000.0,,104900000.0,349786000.0,275972000.0,23133000.0,1062000.0,-54763000.0,330735000.0,-26669000.0,304066000.0,625758000.0,,,
Rowan Companies PLC,RDC,549300NEY1GYM14FVV75,85408,2010.0,Q3,2010-07-01,2010-09-30,2011-11-03 16:02:56+00:00,,,,35065000.0,,6338000.0,67171000.0,60142000.0,7029000.0,67171000.0,106941000.0,238559000.0,-307000.0,,695000.0,,21390000.0,106941000.0,131618000.0,8130000.0,449000.0,57150000.0,74468000.0,-7988000.0,66480000.0,238559000.0,,,
Rowan Companies PLC,RDC,549300NEY1GYM14FVV75,85408,2010.0,Q2YTD,2010-01-01,2010-06-30,,0.57,0.57,,79420000.0,0.56,61033000.0,155539000.0,148068000.0,7471000.0,155539000.0,241991000.0,714585000.0,1836000.0,84570000.0,-146000.0,,90947000.0,241991000.0,472594000.0,10930000.0,392000.0,254791000.0,217803000.0,-8702000.0,209101000.0,714585000.0,,,
Rowan Companies PLC,RDC,549300NEY1GYM14FVV75,85408,2010.0,Q2TTM,2009-07-01,2010-06-30,,-1.44,-1.44,,120252000.0,-1.45,75839000.0,294760000.0,248117000.0,46643000.0,294760000.0,364083000.0,780620000.0,-1988000.0,-153626000.0,-1048000.0,,107604000.0,364083000.0,416537000.0,18465000.0,1054000.0,73182000.0,343355000.0,-19399000.0,323956000.0,780620000.0,,,
Rowan Companies PLC,RDC,549300NEY1GYM14FVV75,85408,2010.0,Q2,2010-04-01,2010-06-30,2011-08-04 10:28:46+00:00,,,,33928000.0,,31505000.0,90916000.0,83445000.0,7471000.0,90916000.0,105444000.0,282180000.0,291000.0,,-17000.0,,23126000.0,105444000.0,176736000.0,5251000.0,211000.0,57037000.0,119699000.0,-4749000.0,114950000.0,282180000.0,,,
Rowan Companies PLC,RDC,549300NEY1GYM14FVV75,85408,2010.0,Q1TTM,2009-04-01,2010-03-31,,-0.59,-0.59,,128933000.0,-0.6,80803000.0,300427000.0,261255000.0,39172000.0,300427000.0,395479000.0,980600000.0,143000.0,-6238000.0,-971000.0,,109198000.0,395479000.0,585121000.0,13328000.0,1044000.0,230922000.0,354199000.0,-12141000.0,342058000.0,980600000.0,113400000.0,113400000.0,115400000.0
Rowan Companies PLC,RDC,549300NEY1GYM14FVV75,85408,2010.0,Q1,2010-01-01,2010-03-31,2011-05-03 17:04:47+00:00,0.57,0.57,,45492000.0,0.56,29528000.0,64623000.0,64623000.0,,64623000.0,136547000.0,432405000.0,1545000.0,84570000.0,-129000.0,,67821000.0,136547000.0,295858000.0,5679000.0,181000.0,197754000.0,98104000.0,-3953000.0,94151000.0,432405000.0,113400000.0,113400000.0,115400000.0
Rowan Companies PLC,RDC,549300NEY1GYM14FVV75,85408,2011.0,Q4,2011-10-01,2011-12-31,,,,,54636000.0,,-4649000.0,45101000.0,33117000.0,11984000.0,45101000.0,162508000.0,275068000.0,1015000.0,,-169000.0,,27962000.0,162508000.0,112560000.0,3070000.0,392000.0,82429000.0,30131000.0,-1663000.0,28468000.0,275068000.0,,,
Rowan Companies PLC,RDC,549300NEY1GYM14FVV75,85408,2011.0,FY,2011-01-01,2011-12-31,2014-03-03 17:09:23+00:00,,,,183903000.0,,-5659000.0,736841000.0,135739000.0,601102000.0,736841000.0,508066000.0,939229000.0,-162000.0,,-1577000.0,,99254000.0,508066000.0,431163000.0,20071000.0,730000.0,281580000.0,149583000.0,-19503000.0,130080000.0,939229000.0,,,
Rowan Companies PLC,RDC,549300NEY1GYM14FVV75,85408,2011.0,Q3TTM,2010-10-01,2011-09-30,,-0.57,-0.57,,153083000.0,-0.56,23553000.0,749025000.0,162013000.0,587012000.0,749025000.0,413458000.0,728722000.0,-3167000.0,-84570000.0,-1555000.0,,42863000.0,413458000.0,315264000.0,17496000.0,786000.0,109821000.0,205443000.0,-19877000.0,185566000.0,728722000.0,,,
Rowan Companies PLC,RDC,549300NEY1GYM14FVV75,85408,2011.0,Q3YTD,2011-01-01,2011-09-30,,,,,129267000.0,,-1010000.0,691740000.0,102622000.0,589118000.0,691740000.0,345558000.0,664161000.0,-1177000.0,,-1408000.0,,71292000.0,345558000.0,318603000.0,17001000.0,338000.0,199151000.0,119452000.0,-17840000.0,101612000.0,664161000.0,,,
Rowan Companies PLC,RDC,549300NEY1GYM14FVV75,85408,2011.0,Q3,2011-07-01,2011-09-30,2012-11-08 16:27:39+00:00,,,,50306000.0,,-3876000.0,193809000.0,31424000.0,162385000.0,193809000.0,129767000.0,234698000.0,-458000.0,,14000.0,,22649000.0,129767000.0,104931000.0,4233000.0,277000.0,72969000.0,31962000.0,-4414000.0,27548000.0,234698000.0,,,
Rowan Companies PLC,RDC,549300NEY1GYM14FVV75,85408,2011.0,Q2TTM,2010-07-01,2011-06-30,,-0.57,-0.57,,137842000.0,-0.56,33767000.0,622387000.0,190731000.0,431656000.0,622387000.0,390632000.0,732583000.0,-3016000.0,-84570000.0,-874000.0,,41604000.0,390632000.0,341951000.0,21393000.0,958000.0,94002000.0,247949000.0,-23451000.0,224498000.0,732583000.0,,,
Rowan Companies PLC,RDC,549300NEY1GYM14FVV75,85408,2011.0,Q2YTD,2011-01-01,2011-06-30,,,,,78961000.0,,2866000.0,497931000.0,71198000.0,426733000.0,497931000.0,215791000.0,429463000.0,-719000.0,,-1422000.0,,48643000.0,215791000.0,213672000.0,12768000.0,61000.0,126182000.0,87490000.0,-13426000.0,74064000.0,429463000.0,,,
Rowan Companies PLC,RDC,549300NEY1GYM14FVV75,85408,2011.0,Q2,2011-04-01,2011-06-30,2012-08-03 17:44:05+00:00,,,,40807000.0,,280000.0,465859000.0,44403000.0,421456000.0,465859000.0,104517000.0,223497000.0,365000.0,,-1391000.0,,27829000.0,104517000.0,118980000.0,7449000.0,32000.0,67245000.0,51735000.0,-7052000.0,44683000.0,223497000.0,,,
Rowan Companies PLC,RDC,549300NEY1GYM14FVV75,85408,2011.0,Q1TTM,2010-04-01,2011-03-31,,-0.57,-0.57,,130963000.0,-0.56,64992000.0,247444000.0,229773000.0,17671000.0,247444000.0,391559000.0,791266000.0,-3090000.0,-84570000.0,500000.0,,36901000.0,391559000.0,399707000.0,19195000.0,1137000.0,83794000.0,315913000.0,-21148000.0,294765000.0,791266000.0,,,
Rowan Companies PLC,RDC,549300NEY1GYM14FVV75,85408,2011.0,Q1,2011-01-01,2011-03-31,2012-05-02 16:14:39+00:00,,,,38154000.0,,2586000.0,32072000.0,26795000.0,5277000.0,32072000.0,111274000.0,205966000.0,-1084000.0,,-31000.0,,20814000.0,111274000.0,94692000.0,5319000.0,29000.0,58937000.0,35755000.0,-6374000.0,29381000.0,205966000.0,,,
Rowan Companies PLC,RDC,549300NEY1GYM14FVV75,85408,2012.0,Q4,2012-10-01,2012-12-31,,,,,64577000.0,,-22687000.0,54071000.0,70537000.0,-16466000.0,54071000.0,193768000.0,354202000.0,-97000.0,,-4524000.0,,39879000.0,193768000.0,160434000.0,12777000.0,222000.0,99932000.0,60502000.0,-12652000.0,47850000.0,354202000.0,,,
Rowan Companies PLC,RDC,549300NEY1GYM14FVV75,85408,2012.0,FY,2012-01-01,2012-12-31,2015-03-02 17:18:08+00:00,,,,247900000.0,,-19829000.0,180602000.0,203299000.0,-22697000.0,180602000.0,752173000.0,1392607000.0,613000.0,,-7202000.0,,144684000.0,752173000.0,640434000.0,72940000.0,745000.0,385382000.0,255052000.0,-71582000.0,183470000.0,1392607000.0,,,
Rowan Companies PLC,RDC,549300NEY1GYM14FVV75,85408,2012.0,Q3TTM,2011-10-01,2012-09-30,,,,,237959000.0,,-1791000.0,171632000.0,165879000.0,5753000.0,171632000.0,720913000.0,1313473000.0,1725000.0,,-2847000.0,,132767000.0,720913000.0,592560000.0,63233000.0,915000.0,367879000.0,224681000.0,-60593000.0,164088000.0,1313473000.0,,,
Rowan Companies PLC,RDC,549300NEY1GYM14FVV75,85408,2012.0,Q3YTD,2012-01-01,2012-09-30,,,,,183323000.0,,2858000.0,126531000.0,132762000.0,-6231000.0,126531000.0,558405000.0,1038405000.0,710000.0,,-2678000.0,,104805000.0,558405000.0,480000000.0,60163000.0,523000.0,285450000.0,194550000.0,-58930000.0,135620000.0,1038405000.0,,,
Rowan Companies PLC,RDC,549300NEY1GYM14FVV75,85408,2012.0,Q3,2012-07-01,2012-09-30,2013-11-08 15:06:47+00:00,,,,63027000.0,,8533000.0,27579000.0,26415000.0,1164000.0,27579000.0,188152000.0,353910000.0,-505000.0,,-559000.0,,43954000.0,188152000.0,165758000.0,24146000.0,263000.0,106422000.0,59336000.0,-24388000.0,34948000.0,353910000.0,,,
Rowan Companies PLC,RDC,549300NEY1GYM14FVV75,85408,2012.0,Q2TTM,2011-07-01,2012-06-30,,,,,225238000.0,,-14200000.0,337862000.0,170888000.0,166974000.0,337862000.0,662528000.0,1194261000.0,1772000.0,,-2274000.0,,111462000.0,662528000.0,531733000.0,43320000.0,929000.0,334426000.0,197307000.0,-40619000.0,156688000.0,1194261000.0,,,
Rowan Companies PLC,RDC,549300NEY1GYM14FVV75,85408,2012.0,Q2YTD,2012-01-01,2012-06-30,,,,,120296000.0,,-5675000.0,98952000.0,106347000.0,-7395000.0,98952000.0,370253000.0,684495000.0,1215000.0,,-2119000.0,,60851000.0,370253000.0,314242000.0,36017000.0,260000.0,179028000.0,135214000.0,-34542000.0,100672000.0,684495000.0,,,
Rowan Companies PLC,RDC,549300NEY1GYM14FVV75,85408,2012.0,Q2,2012-04-01,2012-06-30,2013-08-07 18:12:38+00:00,,,,61330000.0,,-5171000.0,49435000.0,50848000.0,-1413000.0,49435000.0,188114000.0,351018000.0,-122000.0,,-2063000.0,,33224000.0,188114000.0,162904000.0,24760000.0,146000.0,92491000.0,70413000.0,-24736000.0,45677000.0,351018000.0,,,
Rowan Companies PLC,RDC,549300NEY1GYM14FVV75,85408,2012.0,Q1TTM,2011-04-01,2012-03-31,,,,,204715000.0,,-8749000.0,754286000.0,164443000.0,589843000.0,754286000.0,578931000.0,1066740000.0,2259000.0,,-1602000.0,,106067000.0,578931000.0,487809000.0,26009000.0,815000.0,309180000.0,178629000.0,-22935000.0,155694000.0,1066740000.0,,,
Rowan Companies PLC,RDC,549300NEY1GYM14FVV75,85408,2012.0,Q1,2012-01-01,2012-03-31,2013-05-10 17:09:39+00:00,,,,58966000.0,,-504000.0,49517000.0,55499000.0,-5982000.0,49517000.0,182139000.0,333477000.0,1337000.0,,-56000.0,,27627000.0,182139000.0,151338000.0,11257000.0,114000.0,86537000.0,64801000.0,-9806000.0,54995000.0,333477000.0,,,
Rowan Companies PLC,RDC,549300NEY1GYM14FVV75,85408,2013.0,Q4,2013-10-01,2013-12-31,,,,,70587000.0,,-5811000.0,49698000.0,49698000.0,,49698000.0,223553000.0,393355000.0,-616000.0,,-1140000.0,,39869000.0,223553000.0,169802000.0,16417000.0,434000.0,109316000.0,60486000.0,-16599000.0,43887000.0,393355000.0,,,
Rowan Companies PLC,RDC,549300NEY1GYM14FVV75,85408,2013.0,FY,2013-01-01,2013-12-31,2015-03-02 17:18:08+00:00,,,,271008000.0,,8663000.0,252576000.0,252576000.0,0.0,252576000.0,860893000.0,1579284000.0,-2221000.0,,-20119000.0,,135826000.0,860893000.0,718391000.0,69794000.0,1578000.0,386715000.0,331676000.0,-70437000.0,261239000.0,1579284000.0,,,
Rowan Companies PLC,RDC,549300NEY1GYM14FVV75,85408,2013.0,Q3TTM,2012-10-01,2013-09-30,,,,,264998000.0,,-8213000.0,256949000.0,273415000.0,-16466000.0,256949000.0,831108000.0,1540131000.0,-1702000.0,,-23503000.0,,135836000.0,831108000.0,709023000.0,66154000.0,1366000.0,377331000.0,331692000.0,-66490000.0,265202000.0,1540131000.0,,,
Rowan Companies PLC,RDC,549300NEY1GYM14FVV75,85408,2013.0,Q3YTD,2013-01-01,2013-09-30,,,,,200421000.0,,14474000.0,202878000.0,202878000.0,,202878000.0,637340000.0,1185929000.0,-1605000.0,,-18979000.0,,95957000.0,637340000.0,548589000.0,53377000.0,1144000.0,277399000.0,271190000.0,-53838000.0,217352000.0,1185929000.0,,,
Rowan Companies PLC,RDC,549300NEY1GYM14FVV75,85408,2013.0,Q3,2013-07-01,2013-09-30,2014-11-07 11:18:46+00:00,,,0.0,69274000.0,,-453000.0,51900000.0,51900000.0,0.0,51900000.0,211827000.0,382808000.0,-368000.0,,-65000.0,,33263000.0,211827000.0,170981000.0,17111000.0,417000.0,102472000.0,68509000.0,-17062000.0,51447000.0,382808000.0,,,
Rowan Companies PLC,RDC,549300NEY1GYM14FVV75,85408,2013.0,Q2TTM,2012-07-01,2013-06-30,,,,,258751000.0,,773000.0,232628000.0,247930000.0,-15302000.0,232628000.0,807433000.0,1511233000.0,-1839000.0,,-23997000.0,,146527000.0,807433000.0,703800000.0,73189000.0,1212000.0,381281000.0,322519000.0,-73816000.0,248703000.0,1511233000.0,,,
Rowan Companies PLC,RDC,549300NEY1GYM14FVV75,85408,2013.0,Q2YTD,2013-01-01,2013-06-30,,,,,131147000.0,,14927000.0,150978000.0,150978000.0,,150978000.0,425513000.0,803121000.0,-1237000.0,,-18914000.0,,62694000.0,425513000.0,377608000.0,36266000.0,727000.0,174927000.0,202681000.0,-36776000.0,165905000.0,803121000.0,,,
Rowan Companies PLC,RDC,549300NEY1GYM14FVV75,85408,2013.0,Q2,2013-04-01,2013-06-30,2014-08-08 14:19:47+00:00,,,0.0,66531000.0,,11663000.0,82844000.0,82844000.0,0.0,82844000.0,216044000.0,408883000.0,-443000.0,,-19222000.0,,33263000.0,216044000.0,192839000.0,17685000.0,368000.0,80572000.0,112267000.0,-17760000.0,94507000.0,408883000.0,,,
Rowan Companies PLC,RDC,549300NEY1GYM14FVV75,85408,2013.0,Q1TTM,2012-04-01,2013-03-31,,,,,253550000.0,,-16061000.0,199219000.0,215934000.0,-16715000.0,199219000.0,779503000.0,1453368000.0,-1518000.0,,-6838000.0,,146488000.0,779503000.0,673865000.0,80264000.0,990000.0,393200000.0,280665000.0,-80792000.0,199873000.0,1453368000.0,,,
Rowan Companies PLC,RDC,549300NEY1GYM14FVV75,85408,2013.0,Q1,2013-01-01,2013-03-31,2014-05-12 17:15:39+00:00,,,,64616000.0,,3264000.0,68134000.0,68134000.0,0.0,68134000.0,209469000.0,394238000.0,-794000.0,,308000.0,,29431000.0,209469000.0,184769000.0,18581000.0,359000.0,94355000.0,90414000.0,-19016000.0,71398000.0,394238000.0,,,
Rowan Companies PLC,RDC,549300NEY1GYM14FVV75,85408,2014.0,FY,2014-01-01,2014-12-31,2017-02-24 13:33:01+00:00,,,,322600000.0,,-150700000.0,-114900000.0,-118900000.0,4000000.0,-114900000.0,991300000.0,1824400000.0,-800000.0,,-22600000.0,,699800000.0,991300000.0,833100000.0,103900000.0,1800000.0,999800000.0,-166700000.0,-102900000.0,-269600000.0,1824400000.0,,,
Rowan Companies PLC,RDC,549300NEY1GYM14FVV75,85408,2014.0,Q4,2014-10-01,2014-12-31,,,,-0.2,92546000.0,,-114535000.0,-326936000.0,-326913000.0,-23000.0,-326936000.0,279446000.0,556228000.0,-173000.0,,-3445000.0,,599443000.0,279446000.0,276782000.0,29592000.0,79000.0,688544000.0,-411762000.0,-29686000.0,-441448000.0,556228000.0,,,
Rowan Companies PLC,RDC,549300NEY1GYM14FVV75,85408,2014.0,Q3TTM,2013-10-01,2014-09-30,,,,0.2,300641000.0,,-41976000.0,261734000.0,257711000.0,4023000.0,261734000.0,935407000.0,1661527000.0,-1243000.0,,-20295000.0,,140226000.0,935407000.0,726120000.0,90725000.0,2155000.0,420572000.0,305548000.0,-89813000.0,215735000.0,1661527000.0,,,
Rowan Companies PLC,RDC,549300NEY1GYM14FVV75,85408,2014.0,Q3,2014-07-01,2014-09-30,2015-11-03 17:22:45+00:00,,,0.1,81503000.0,,-38428000.0,119597000.0,119597000.0,0.0,119597000.0,246907000.0,467692000.0,269000.0,,58000.0,,33040000.0,246907000.0,220785000.0,25656000.0,372000.0,114601000.0,106184000.0,-25015000.0,81169000.0,467692000.0,,,
Rowan Companies PLC,RDC,549300NEY1GYM14FVV75,85408,2014.0,Q3YTD,2014-01-01,2014-09-30,,,,0.2,230054000.0,,-36165000.0,212036000.0,208013000.0,4023000.0,212036000.0,711854000.0,1268172000.0,-627000.0,,-19155000.0,,100357000.0,711854000.0,556318000.0,74308000.0,1721000.0,311256000.0,245062000.0,-73214000.0,171848000.0,1268172000.0,,,
Rowan Companies PLC,RDC,549300NEY1GYM14FVV75,85408,2014.0,Q2TTM,2013-07-01,2014-06-30,,,,0.1,288412000.0,,-4001000.0,194037000.0,190014000.0,4023000.0,194037000.0,900327000.0,1576643000.0,-1880000.0,,-20418000.0,,140449000.0,900327000.0,676316000.0,82180000.0,2200000.0,408443000.0,267873000.0,-81860000.0,186013000.0,1576643000.0,,,
Rowan Companies PLC,RDC,549300NEY1GYM14FVV75,85408,2014.0,Q2,2014-04-01,2014-06-30,2015-08-05 16:30:09+00:00,,,0.1,77678000.0,,1982000.0,32844000.0,32864000.0,-20000.0,32844000.0,244578000.0,422878000.0,-545000.0,,859000.0,,37442000.0,244578000.0,178300000.0,27692000.0,762000.0,115979000.0,62321000.0,-27475000.0,34846000.0,422878000.0,,,
Rowan Companies PLC,RDC,549300NEY1GYM14FVV75,85408,2014.0,Q2YTD,2014-01-01,2014-06-30,,,,0.1,148551000.0,,2263000.0,92439000.0,88416000.0,4023000.0,92439000.0,464947000.0,800480000.0,-896000.0,,-19213000.0,,67317000.0,464947000.0,335533000.0,48652000.0,1349000.0,196655000.0,138878000.0,-48199000.0,90679000.0,800480000.0,,,
Rowan Companies PLC,RDC,549300NEY1GYM14FVV75,85408,2014.0,Q1TTM,2013-04-01,2014-03-31,,,,,277265000.0,,5680000.0,244037000.0,239994000.0,4043000.0,244037000.0,871793000.0,1562648000.0,-1778000.0,,-40499000.0,,136270000.0,871793000.0,690855000.0,72173000.0,1806000.0,373036000.0,317819000.0,-72145000.0,245674000.0,1562648000.0,,,
Rowan Companies PLC,RDC,549300NEY1GYM14FVV75,85408,2014.0,Q1,2014-01-01,2014-03-31,2015-05-06 19:32:47+00:00,,,0.0,70873000.0,,281000.0,59595000.0,55552000.0,4043000.0,59595000.0,220369000.0,377602000.0,-351000.0,,-20072000.0,,29875000.0,220369000.0,157233000.0,20960000.0,587000.0,80676000.0,76557000.0,-20724000.0,55833000.0,377602000.0,,,
Rowan Companies PLC,RDC,549300NEY1GYM14FVV75,85408,2015.0,FY,2015-01-01,2015-12-31,2018-02-28 13:22:48+00:00,,,0.4,391400000.0,,64400000.0,93300000.0,93300000.0,,93300000.0,993100000.0,2137000000.0,-3700000.0,0.0,-7700000.0,,453100000.0,993100000.0,1143900000.0,146800000.0,1100000.0,836800000.0,307100000.0,-149400000.0,157700000.0,2137000000.0,,,
Rowan Companies PLC,RDC,549300NEY1GYM14FVV75,85408,2015.0,Q4,2015-10-01,2015-12-31,,0.25,0.25,-0.3,102220000.0,0.25,13573000.0,124296000.0,124296000.0,,124296000.0,235822000.0,535825000.0,-779000.0,,-9825000.0,,27356000.0,235822000.0,300003000.0,41914000.0,310000.0,119751000.0,180252000.0,-42383000.0,137869000.0,535825000.0,,,
Rowan Companies PLC,RDC,549300NEY1GYM14FVV75,85408,2015.0,Q3,2015-07-01,2015-09-30,2016-11-01 14:58:00+00:00,-1.92,-1.92,0.1,104100000.0,-1.92,25900000.0,-239400000.0,-239400000.0,,-239400000.0,247600000.0,545400000.0,-1800000.0,,2300000.0,,362000000.0,247600000.0,297800000.0,41300000.0,200000.0,468400000.0,-170600000.0,-42900000.0,-213500000.0,545400000.0,124700000.0,124700000.0,124700000.0
Rowan Companies PLC,RDC,549300NEY1GYM14FVV75,85408,2015.0,Q3YTD,2015-01-01,2015-09-30,,-0.25,-0.25,0.3,289180000.0,-0.25,50827000.0,-30996000.0,-30996000.0,,-30996000.0,757278000.0,1601175000.0,-2921000.0,,2125000.0,,425744000.0,757278000.0,843897000.0,104886000.0,790000.0,717049000.0,126848000.0,-107017000.0,19831000.0,1601175000.0,124700000.0,124700000.0,124700000.0
Rowan Companies PLC,RDC,549300NEY1GYM14FVV75,85408,2015.0,Q3TTM,2014-10-01,2015-09-30,,-0.25,-0.25,0.1,381726000.0,-0.25,-63708000.0,-357932000.0,-357909000.0,-23000.0,-357932000.0,1036724000.0,2157403000.0,-3094000.0,,-1320000.0,,1025187000.0,1036724000.0,1120679000.0,134478000.0,869000.0,1405593000.0,-284914000.0,-136703000.0,-421617000.0,2157403000.0,124700000.0,124700000.0,124700000.0
Rowan Companies PLC,RDC,549300NEY1GYM14FVV75,85408,2015.0,Q2,2015-04-01,2015-06-30,2016-08-02 12:06:53+00:00,0.68,0.68,0.1,95390000.0,0.68,7686000.0,84735000.0,84735000.0,,84735000.0,253944000.0,508736000.0,-80000.0,,338000.0,,36158000.0,253944000.0,254792000.0,30840000.0,435000.0,131886000.0,122906000.0,-30485000.0,92421000.0,508736000.0,124600000.0,124600000.0,124600000.0
Rowan Companies PLC,RDC,549300NEY1GYM14FVV75,85408,2015.0,Q2YTD,2015-01-01,2015-06-30,,1.67,1.67,0.2,185080000.0,1.67,24927000.0,208404000.0,208404000.0,,208404000.0,509678000.0,1055775000.0,-1121000.0,,-175000.0,,63744000.0,509678000.0,546097000.0,63586000.0,590000.0,248649000.0,297448000.0,-64117000.0,233331000.0,1055775000.0,124600000.0,124600000.0,124600000.0
Rowan Companies PLC,RDC,549300NEY1GYM14FVV75,85408,2015.0,Q2TTM,2014-07-01,2015-06-30,,1.67,1.67,0.1,359129000.0,1.67,-128036000.0,1065000.0,1088000.0,-23000.0,1065000.0,1036031000.0,2079695000.0,-1025000.0,,-3562000.0,,696227000.0,1036031000.0,1043664000.0,118834000.0,1041000.0,1051794000.0,-8130000.0,-118818000.0,-126948000.0,2079695000.0,124600000.0,124600000.0,124600000.0
Rowan Companies PLC,RDC,549300NEY1GYM14FVV75,85408,2015.0,Q1,2015-01-01,2015-03-31,2016-05-04 13:34:32+00:00,0.99,0.99,0.1,89690000.0,0.99,17241000.0,123669000.0,123669000.0,,123669000.0,255734000.0,547039000.0,-1041000.0,,-513000.0,,27586000.0,255734000.0,291305000.0,32746000.0,155000.0,116763000.0,174542000.0,-33632000.0,140910000.0,547039000.0,124900000.0,124900000.0,124900000.0
Rowan Companies PLC,RDC,549300NEY1GYM14FVV75,85408,2015.0,Q1TTM,2014-04-01,2015-03-31,,0.99,0.99,0.1,341417000.0,0.99,-133740000.0,-50826000.0,-50783000.0,-43000.0,-50826000.0,1026665000.0,1993837000.0,-1490000.0,,-3041000.0,,697511000.0,1026665000.0,967172000.0,115686000.0,1368000.0,1035887000.0,-68715000.0,-115808000.0,-184523000.0,1993837000.0,124900000.0,124900000.0,124900000.0
Rowan Companies PLC,RDC,549300NEY1GYM14FVV75,85408,2016.0,FY,2016-01-01,2016-12-31,2019-02-27 13:31:40+00:00,,,,402900000.0,,5000000.0,320600000.0,320600000.0,,320600000.0,779700000.0,1843200000.0,-8300000.0,0.0,8700000.0,0.0,135100000.0,779700000.0,1063500000.0,186700000.0,3800000.0,546700000.0,516800000.0,-191200000.0,325600000.0,1843200000.0,,,
Rowan Companies PLC,RDC,549300NEY1GYM14FVV75,85408,2016.0,Q4,2016-10-01,2016-12-31,,-2.75,-2.75,,101700000.0,-2.74,-9700000.0,-24400000.0,-24400000.0,,-24400000.0,181400000.0,351800000.0,-2900000.0,,3400000.0,,25700000.0,181400000.0,170400000.0,72500000.0,1700000.0,130800000.0,39600000.0,-73700000.0,-34100000.0,351800000.0,,,
Rowan Companies PLC,RDC,549300NEY1GYM14FVV75,85408,2016.0,Q3,2016-07-01,2016-09-30,2017-11-01 13:01:07+00:00,0.04,0.04,,102200000.0,0.04,-12200000.0,5500000.0,5500000.0,,5500000.0,186000000.0,379400000.0,-2100000.0,,1200000.0,,56400000.0,186000000.0,193400000.0,39400000.0,1200000.0,159800000.0,33600000.0,-40300000.0,-6700000.0,379400000.0,137500000.0,137500000.0,137500000.0
Rowan Companies PLC,RDC,549300NEY1GYM14FVV75,85408,2016.0,Q3YTD,2016-01-01,2016-09-30,,2.75,2.75,,301200000.0,2.74,14700000.0,345000000.0,345000000.0,,345000000.0,598300000.0,1491400000.0,-5400000.0,,5300000.0,,109400000.0,598300000.0,893100000.0,114200000.0,2100000.0,415900000.0,477200000.0,-117500000.0,359700000.0,1491400000.0,137500000.0,137500000.0,137500000.0
Rowan Companies PLC,RDC,549300NEY1GYM14FVV75,85408,2016.0,Q3TTM,2015-10-01,2016-09-30,,3.0,3.0,-0.3,403420000.0,2.99,28273000.0,469296000.0,469296000.0,,469296000.0,834122000.0,2027225000.0,-6179000.0,,-4525000.0,,136756000.0,834122000.0,1193103000.0,156114000.0,2410000.0,535651000.0,657452000.0,-159883000.0,497569000.0,2027225000.0,137500000.0,137500000.0,137500000.0
Rowan Companies PLC,RDC,549300NEY1GYM14FVV75,85408,2016.0,Q2,2016-04-01,2016-06-30,2017-08-02 16:43:49+00:00,1.73,1.73,,100100000.0,1.72,22800000.0,216700000.0,216700000.0,,216700000.0,207500000.0,611800000.0,-700000.0,,1900000.0,,26100000.0,207500000.0,404300000.0,36500000.0,500000.0,128100000.0,276200000.0,-36700000.0,239500000.0,611800000.0,125300000.0,125300000.0,126000000.0
Rowan Companies PLC,RDC,549300NEY1GYM14FVV75,85408,2016.0,Q2YTD,2016-01-01,2016-06-30,,2.71,2.71,,199000000.0,2.7,26900000.0,339500000.0,339500000.0,,339500000.0,412300000.0,1112000000.0,-3300000.0,,4100000.0,,53000000.0,412300000.0,699700000.0,74800000.0,900000.0,256100000.0,443600000.0,-77200000.0,366400000.0,1112000000.0,125300000.0,125300000.0,126000000.0
Rowan Companies PLC,RDC,549300NEY1GYM14FVV75,85408,2016.0,Q2TTM,2015-07-01,2016-06-30,,1.04,1.04,-0.2,405320000.0,1.03,66373000.0,224396000.0,224396000.0,,224396000.0,895722000.0,2193225000.0,-5879000.0,,-3425000.0,,442356000.0,895722000.0,1297503000.0,158014000.0,1410000.0,844251000.0,453252000.0,-162483000.0,290769000.0,2193225000.0,125300000.0,125300000.0,126000000.0
Rowan Companies PLC,RDC,549300NEY1GYM14FVV75,85408,2016.0,Q1,2016-01-01,2016-03-31,2017-05-02 14:39:22+00:00,0.98,0.98,,98900000.0,0.98,4100000.0,122800000.0,122800000.0,,122800000.0,204800000.0,500200000.0,-2600000.0,,2200000.0,,26900000.0,204800000.0,295400000.0,38300000.0,400000.0,128000000.0,167400000.0,-40500000.0,126900000.0,500200000.0,125300000.0,125300000.0,125300000.0
Rowan Companies PLC,RDC,549300NEY1GYM14FVV75,85408,2016.0,Q1TTM,2015-04-01,2016-03-31,,-0.01,-0.01,-0.1,400610000.0,-0.01,51259000.0,92431000.0,92431000.0,,92431000.0,942166000.0,2090161000.0,-5259000.0,,-4987000.0,,452414000.0,942166000.0,1147995000.0,152354000.0,1345000.0,848037000.0,299958000.0,-156268000.0,143690000.0,2090161000.0,125300000.0,125300000.0,125300000.0
Rowan Companies PLC,RDC,549300NEY1GYM14FVV75,85408,2017.0,FY,2017-01-01,2017-12-31,2019-02-27 13:31:40+00:00,,,,403700000.0,,26600000.0,72700000.0,72700000.0,,72700000.0,685000000.0,1282800000.0,-500000.0,-157400000.0,9400000.0,0.0,104600000.0,685000000.0,597800000.0,154000000.0,16300000.0,360300000.0,237500000.0,-138200000.0,99300000.0,1282800000.0,,,
Rowan Companies PLC,RDC,549300NEY1GYM14FVV75,85408,2017.0,Q4,2017-10-01,2017-12-31,,0.32,0.32,,99700000.0,0.33,-2700000.0,112000000.0,112000000.0,,112000000.0,176200000.0,296700000.0,-4200000.0,-157400000.0,100000.0,,33300000.0,176200000.0,120500000.0,38700000.0,7400000.0,-24300000.0,144800000.0,-35500000.0,109300000.0,296700000.0,,,
Rowan Companies PLC,RDC,549300NEY1GYM14FVV75,85408,2017.0,Q3,2017-07-01,2017-09-30,2018-10-31 12:25:45+00:00,-0.17,-0.17,,103400000.0,-0.17,-21800000.0,-20900000.0,-20900000.0,,-20900000.0,168700000.0,291600000.0,800000.0,,2800000.0,,24900000.0,168700000.0,122900000.0,39000000.0,3700000.0,131100000.0,-8200000.0,-34500000.0,-42700000.0,291600000.0,126200000.0,122900000.0,122900000.0
Rowan Companies PLC,RDC,549300NEY1GYM14FVV75,85408,2017.0,Q3YTD,2017-01-01,2017-09-30,,-0.32,-0.32,,304000000.0,-0.33,29300000.0,-39300000.0,-39300000.0,,-39300000.0,508800000.0,986100000.0,3700000.0,,9300000.0,,71300000.0,508800000.0,477300000.0,115300000.0,8900000.0,384600000.0,92700000.0,-102700000.0,-10000000.0,986100000.0,126200000.0,122900000.0,122900000.0
Rowan Companies PLC,RDC,549300NEY1GYM14FVV75,85408,2017.0,Q3TTM,2016-10-01,2017-09-30,,-3.07,-3.07,,405700000.0,-3.07,19600000.0,-63700000.0,-63700000.0,,-63700000.0,690200000.0,1337900000.0,800000.0,,12700000.0,,97000000.0,690200000.0,647700000.0,187800000.0,10600000.0,515400000.0,132300000.0,-176400000.0,-44100000.0,1337900000.0,126200000.0,122900000.0,122900000.0
Rowan Companies PLC,RDC,549300NEY1GYM14FVV75,85408,2017.0,Q2,2017-04-01,2017-06-30,2018-08-01 13:11:22+00:00,-0.23,-0.23,,101500000.0,-0.23,21400000.0,-28700000.0,-28700000.0,,-28700000.0,168800000.0,320200000.0,1400000.0,,3100000.0,,22200000.0,168800000.0,151400000.0,36500000.0,3200000.0,126800000.0,24600000.0,-31900000.0,-7300000.0,320200000.0,126300000.0,124800000.0,124800000.0
Rowan Companies PLC,RDC,549300NEY1GYM14FVV75,85408,2017.0,Q2YTD,2017-01-01,2017-06-30,,-0.15,-0.15,,200600000.0,-0.16,51100000.0,-18400000.0,-18400000.0,,-18400000.0,340100000.0,694500000.0,2900000.0,,6500000.0,,46400000.0,340100000.0,354400000.0,76300000.0,5200000.0,253500000.0,100900000.0,-68200000.0,32700000.0,694500000.0,126300000.0,124800000.0,124800000.0
Rowan Companies PLC,RDC,549300NEY1GYM14FVV75,85408,2017.0,Q2TTM,2016-07-01,2017-06-30,,-2.86,-2.86,,404500000.0,-2.86,29200000.0,-37300000.0,-37300000.0,,-37300000.0,707500000.0,1425700000.0,-2100000.0,,11100000.0,,128500000.0,707500000.0,718200000.0,188200000.0,8100000.0,544100000.0,174100000.0,-182200000.0,-8100000.0,1425700000.0,126300000.0,124800000.0,124800000.0
Rowan Companies PLC,RDC,549300NEY1GYM14FVV75,85408,2017.0,Q1,2017-01-01,2017-03-31,2018-05-01 12:54:16+00:00,0.08,0.08,,99100000.0,0.07,29700000.0,10300000.0,10300000.0,,10300000.0,171300000.0,374300000.0,1500000.0,,3400000.0,,24200000.0,171300000.0,203000000.0,39800000.0,2000000.0,126700000.0,76300000.0,-36300000.0,40000000.0,374300000.0,128800000.0,128800000.0,147100000.0
Rowan Companies PLC,RDC,549300NEY1GYM14FVV75,85408,2017.0,Q1TTM,2016-04-01,2017-03-31,,-0.9,-0.9,,403100000.0,-0.91,30600000.0,208100000.0,208100000.0,,208100000.0,746200000.0,1717300000.0,-4200000.0,,9900000.0,,132400000.0,746200000.0,971100000.0,188200000.0,5400000.0,545400000.0,425700000.0,-187000000.0,238700000.0,1717300000.0,128800000.0,128800000.0,147100000.0
Rowan Companies PLC,RDC,549300NEY1GYM14FVV75,85408,2018.0,Q4,2018-10-01,2018-12-31,,2.62,2.62,,94600000.0,2.62,-57400000.0,-14300000.0,-14300000.0,,-14300000.0,166700000.0,179400000.0,1400000.0,-65800000.0,7100000.0,8900000.0,18700000.0,166700000.0,12700000.0,39700000.0,17400000.0,63500000.0,-50800000.0,-20900000.0,-71700000.0,179400000.0,,,
Rowan Companies PLC,RDC,549300NEY1GYM14FVV75,85408,2018.0,FY,2018-01-01,2018-12-31,2019-02-27 13:31:40+00:00,,,,388900000.0,,-51600000.0,-347400000.0,-347400000.0,,-347400000.0,682700000.0,824800000.0,12000000.0,-65800000.0,12100000.0,8900000.0,96100000.0,682700000.0,142100000.0,156300000.0,43400000.0,440200000.0,-298100000.0,-100900000.0,-399000000.0,824800000.0,,,
Rowan Companies PLC,RDC,549300NEY1GYM14FVV75,85408,2018.0,Q3YTD,2018-01-01,2018-09-30,,-2.62,-2.62,,294300000.0,-2.62,5800000.0,-333100000.0,-333100000.0,,-333100000.0,516000000.0,645400000.0,10600000.0,,5000000.0,,77400000.0,516000000.0,129400000.0,116600000.0,26000000.0,376700000.0,-247300000.0,-80000000.0,-327300000.0,645400000.0,127100000.0,127500000.0,127500000.0
Rowan Companies PLC,RDC,549300NEY1GYM14FVV75,85408,2018.0,Q3TTM,2017-10-01,2018-09-30,,-2.3,-2.3,,394000000.0,-2.29,3100000.0,-221100000.0,-221100000.0,,-221100000.0,692200000.0,942100000.0,6400000.0,-157400000.0,5100000.0,,110700000.0,692200000.0,249900000.0,155300000.0,33400000.0,352400000.0,-102500000.0,-115500000.0,-218000000.0,942100000.0,127100000.0,127500000.0,127500000.0
Rowan Companies PLC,RDC,549300NEY1GYM14FVV75,85408,2018.0,Q3,2018-07-01,2018-09-30,2018-10-31 12:25:45+00:00,-1.13,-1.13,,99000000.0,-1.13,3500000.0,-144100000.0,-144100000.0,,-144100000.0,182300000.0,192900000.0,4000000.0,,1500000.0,,26600000.0,182300000.0,10600000.0,39200000.0,11100000.0,127100000.0,-116500000.0,-24100000.0,-140600000.0,192900000.0,127100000.0,127500000.0,127500000.0
Rowan Companies PLC,RDC,549300NEY1GYM14FVV75,85408,2018.0,Q2YTD,2018-01-01,2018-06-30,,-1.49,-1.49,,195300000.0,-1.49,2300000.0,-189000000.0,-189000000.0,,-189000000.0,333700000.0,452500000.0,6600000.0,,3500000.0,,50800000.0,333700000.0,118800000.0,77400000.0,14900000.0,249600000.0,-130800000.0,-55900000.0,-186700000.0,452500000.0,127000000.0,127800000.0,127800000.0
Rowan Companies PLC,RDC,549300NEY1GYM14FVV75,85408,2018.0,Q2TTM,2017-07-01,2018-06-30,,-1.34,-1.34,,398400000.0,-1.33,-22200000.0,-97900000.0,-97900000.0,,-97900000.0,678600000.0,1040800000.0,3200000.0,-157400000.0,6400000.0,,109000000.0,678600000.0,362200000.0,155100000.0,26000000.0,356400000.0,5800000.0,-125900000.0,-120100000.0,1040800000.0,127000000.0,127800000.0,127800000.0
Rowan Companies PLC,RDC,549300NEY1GYM14FVV75,85408,2018.0,Q2,2018-04-01,2018-06-30,2018-08-01 13:11:22+00:00,-0.6,-0.6,,97400000.0,-0.6,-3900000.0,-76700000.0,-76700000.0,,-76700000.0,176300000.0,241300000.0,8800000.0,,2200000.0,,25200000.0,176300000.0,65000000.0,38900000.0,9300000.0,124800000.0,-59800000.0,-20800000.0,-80600000.0,241300000.0,127000000.0,127800000.0,127800000.0
Rowan Companies PLC,RDC,549300NEY1GYM14FVV75,85408,2018.0,Q1,2018-01-01,2018-03-31,2018-05-01 12:54:16+00:00,-0.89,-0.89,,97900000.0,-0.89,6200000.0,-112300000.0,-112300000.0,,-112300000.0,157400000.0,211200000.0,-2200000.0,,1300000.0,,25600000.0,157400000.0,53800000.0,38500000.0,5600000.0,124800000.0,-71000000.0,-35100000.0,-106100000.0,211200000.0,126200000.0,126200000.0,126200000.0
Rowan Companies PLC,RDC,549300NEY1GYM14FVV75,85408,2018.0,Q1TTM,2017-04-01,2018-03-31,,-0.97,-0.97,,402500000.0,-0.96,3100000.0,-49900000.0,-49900000.0,,-49900000.0,671100000.0,1119700000.0,-4200000.0,-157400000.0,7300000.0,,106000000.0,671100000.0,448600000.0,152700000.0,19900000.0,358400000.0,90200000.0,-137000000.0,-46800000.0,1119700000.0,126200000.0,126200000.0,126200000.0
