company_name,company_ticker,company_lei,company_cik,year,quarter,start_date,end_date,filing_date,amortizationexpense,basicdilutedeps,basiceps,cashdividendspershare,depreciationexpense,dilutedeps,explorationexpense,impairmentexpense,incometaxexpense,netincome,netincomecontinuing,netincomediscontinued,netincometocommon,netincometononcontrollinginterest,operatingcostofrevenue,operatingrevenue,otheradjustmentstonetincometocommon,othercostofrevenue,othergains,otherincome,otheroperatingexpenses,otherspecialcharges,sgaexpense,totalcostofrevenue,totalgrossprofit,totalinterestexpense,totalinterestincome,totaloperatingexpenses,totaloperatingincome,totalotherincome,totalpretaxincome,totalrevenue,weightedavebasicdilutedsharesos,weightedavebasicsharesos,weightedavedilutedsharesos
ConocoPhillips,COP,WPTL2Z3FIYTHSP5V2253,1163165,2007.0,FY,2007-01-01,2007-12-31,2010-02-25 17:30:06+00:00,,7.32,7.32,,8298000000.0,7.22,1007000000.0,442000000.0,11381000000.0,11978000000.0,11978000000.0,,11891000000.0,87000000.0,134112000000.0,187437000000.0,,18990000000.0,,2172000000.0,341000000.0,4588000000.0,2306000000.0,153102000000.0,34335000000.0,1253000000.0,5087000000.0,16982000000.0,17353000000.0,6006000000.0,23359000000.0,187437000000.0,1624500000.0,1623994000.0,1645919000.0
ConocoPhillips,COP,WPTL2Z3FIYTHSP5V2253,1163165,2008.0,FY,2008-01-01,2008-12-31,2010-02-25 17:30:06+00:00,,-11.16,-11.16,,9012000000.0,-11.16,1337000000.0,34539000000.0,13405000000.0,-16928000000.0,-16928000000.0,,-16998000000.0,70000000.0,180481000000.0,246182000000.0,,20637000000.0,,-117000000.0,418000000.0,0.0,2229000000.0,201118000000.0,45064000000.0,935000000.0,,47535000000.0,-2471000000.0,-1052000000.0,-3523000000.0,246182000000.0,1523100000.0,1523432000.0,1523432000.0
ConocoPhillips,COP,WPTL2Z3FIYTHSP5V2253,1163165,2008.0,Q3,2008-07-01,2008-09-30,2009-11-03 17:29:13+00:00,,3.43,3.43,0.47,2361000000.0,3.39,267000000.0,57000000.0,4279000000.0,5203000000.0,5203000000.0,,5188000000.0,15000000.0,52667000000.0,70044000000.0,,5619000000.0,,61000000.0,114000000.0,0.0,513000000.0,58286000000.0,11758000000.0,239000000.0,1214000000.0,3312000000.0,8446000000.0,1036000000.0,9482000000.0,70044000000.0,1512500000.0,1510897000.0,1528187000.0
ConocoPhillips,COP,WPTL2Z3FIYTHSP5V2253,1163165,2008.0,Q2,2008-04-01,2008-06-30,2009-08-04 17:30:34+00:00,,3.54,3.54,0.47,2178000000.0,3.5,288000000.0,19000000.0,4356000000.0,5456000000.0,5439000000.0,,5439000000.0,,54325000000.0,71411000000.0,,5796000000.0,-17000000.0,130000000.0,96000000.0,0.0,629000000.0,60121000000.0,11290000000.0,210000000.0,1812000000.0,3210000000.0,8080000000.0,1732000000.0,9812000000.0,71411000000.0,1536400000.0,1534975000.0,1555447000.0
ConocoPhillips,COP,WPTL2Z3FIYTHSP5V2253,1163165,2009.0,Q4,2009-10-01,2009-12-31,,,0.55,0.55,-1.41,2391000000.0,0.53,328000000.0,476000000.0,1419000000.0,842000000.0,842000000.0,,813000000.0,45000000.0,32744000000.0,40665000000.0,-16000000.0,4145000000.0,,252000000.0,114000000.0,-211000000.0,452000000.0,36889000000.0,3776000000.0,375000000.0,2158000000.0,3550000000.0,226000000.0,2035000000.0,2261000000.0,40665000000.0,1491200000.0,1487650000.0,1497608000.0
ConocoPhillips,COP,WPTL2Z3FIYTHSP5V2253,1163165,2009.0,FY,2009-01-01,2009-12-31,2012-02-21 17:28:08+00:00,,2.96,2.96,,9295000000.0,2.94,1182000000.0,535000000.0,5090000000.0,4492000000.0,4492000000.0,,4414000000.0,78000000.0,112772000000.0,149341000000.0,,15529000000.0,,404000000.0,422000000.0,-160000000.0,1830000000.0,128301000000.0,21040000000.0,1289000000.0,2531000000.0,13104000000.0,7936000000.0,1646000000.0,9582000000.0,149341000000.0,1491200000.0,1487650000.0,1497608000.0
ConocoPhillips,COP,WPTL2Z3FIYTHSP5V2253,1163165,2009.0,Q3,2009-07-01,2009-09-30,2009-11-03 17:29:13+00:00,,1.0,1.0,0.47,2327000000.0,1.0,386000000.0,56000000.0,1427000000.0,1520000000.0,1520000000.0,,1503000000.0,17000000.0,30542000000.0,41305000000.0,,4205000000.0,,17000000.0,96000000.0,0.0,427000000.0,34747000000.0,6558000000.0,336000000.0,,3292000000.0,3266000000.0,-319000000.0,2947000000.0,41305000000.0,1503000000.0,1488352000.0,1498204000.0
ConocoPhillips,COP,WPTL2Z3FIYTHSP5V2253,1163165,2009.0,Q3YTD,2009-01-01,2009-09-30,,,2.41,2.41,1.41,6904000000.0,2.41,854000000.0,59000000.0,3671000000.0,3650000000.0,3650000000.0,,3601000000.0,33000000.0,80028000000.0,108676000000.0,16000000.0,11384000000.0,,152000000.0,308000000.0,51000000.0,1378000000.0,91412000000.0,17264000000.0,914000000.0,373000000.0,9554000000.0,7710000000.0,-389000000.0,7321000000.0,108676000000.0,1503000000.0,1488352000.0,1498204000.0
ConocoPhillips,COP,WPTL2Z3FIYTHSP5V2253,1163165,2009.0,Q2,2009-04-01,2009-06-30,2009-08-04 17:30:34+00:00,,0.87,0.87,0.47,2347000000.0,0.87,243000000.0,0.0,1068000000.0,1314000000.0,1314000000.0,,1298000000.0,,27182000000.0,36630000000.0,16000000.0,3715000000.0,,142000000.0,108000000.0,51000000.0,476000000.0,30897000000.0,5733000000.0,268000000.0,,3225000000.0,2508000000.0,-126000000.0,2382000000.0,36630000000.0,1492000000.0,1486496000.0,1495700000.0
ConocoPhillips,COP,WPTL2Z3FIYTHSP5V2253,1163165,2009.0,Q2YTD,2009-01-01,2009-06-30,,,1.41,1.41,0.94,4577000000.0,1.41,468000000.0,3000000.0,2244000000.0,2130000000.0,2130000000.0,,2098000000.0,16000000.0,49486000000.0,67371000000.0,16000000.0,7179000000.0,,135000000.0,212000000.0,51000000.0,951000000.0,56665000000.0,10706000000.0,578000000.0,373000000.0,6262000000.0,4444000000.0,-70000000.0,4374000000.0,67371000000.0,1492000000.0,1486496000.0,1495700000.0
ConocoPhillips,COP,WPTL2Z3FIYTHSP5V2253,1163165,2009.0,Q1,2009-01-01,2009-03-31,2010-05-04 17:02:17+00:00,,0.54,0.54,0.47,2230000000.0,0.54,225000000.0,3000000.0,1176000000.0,816000000.0,816000000.0,,800000000.0,16000000.0,22304000000.0,30741000000.0,,3464000000.0,,-7000000.0,104000000.0,,475000000.0,25768000000.0,4973000000.0,310000000.0,373000000.0,3037000000.0,1936000000.0,56000000.0,1992000000.0,30741000000.0,1481500000.0,1485890000.0,1495247000.0
ConocoPhillips,COP,WPTL2Z3FIYTHSP5V2253,1163165,2010.0,Q4,2010-10-01,2010-12-31,,409000000.0,1.42,1.42,0.55,1160000000.0,1.4,277000000.0,-1601000000.0,1476000000.0,2053000000.0,941000000.0,1112000000.0,2041000000.0,12000000.0,-74308000000.0,-86345000000.0,,-9723000000.0,,-2613000000.0,-337000000.0,-5563000000.0,-566000000.0,-84031000000.0,-2314000000.0,253000000.0,1376000000.0,-6221000000.0,3907000000.0,-1490000000.0,2417000000.0,-86345000000.0,1478900000.0,1479330000.0,1491067000.0
ConocoPhillips,COP,WPTL2Z3FIYTHSP5V2253,1163165,2010.0,FY,2010-01-01,2010-12-31,2013-02-19 17:09:15+00:00,409000000.0,7.68,7.68,2.15,8004000000.0,7.62,1125000000.0,81000000.0,7570000000.0,11417000000.0,10305000000.0,1112000000.0,11358000000.0,59000000.0,31081000000.0,56215000000.0,,2788000000.0,,185000000.0,,-5563000000.0,809000000.0,33869000000.0,22346000000.0,1167000000.0,1376000000.0,4865000000.0,17481000000.0,394000000.0,17875000000.0,56215000000.0,1478900000.0,1479330000.0,1491067000.0
ConocoPhillips,COP,WPTL2Z3FIYTHSP5V2253,1163165,2010.0,Q3,2010-07-01,2010-09-30,2010-11-02 17:23:58+00:00,,2.06,2.06,0.55,2246000000.0,2.05,252000000.0,59000000.0,2205000000.0,3069000000.0,3069000000.0,,3055000000.0,14000000.0,36634000000.0,49549000000.0,,4227000000.0,,10000000.0,110000000.0,,493000000.0,40861000000.0,8688000000.0,264000000.0,,3160000000.0,5528000000.0,-254000000.0,5274000000.0,49549000000.0,1483000000.0,1481522000.0,1493080000.0
ConocoPhillips,COP,WPTL2Z3FIYTHSP5V2253,1163165,2010.0,Q3YTD,2010-01-01,2010-09-30,,,6.26,6.26,1.6,6844000000.0,6.22,848000000.0,1682000000.0,6094000000.0,9364000000.0,9364000000.0,,9317000000.0,47000000.0,105389000000.0,142560000000.0,,12511000000.0,,2798000000.0,337000000.0,,1375000000.0,117900000000.0,24660000000.0,914000000.0,,11086000000.0,13574000000.0,1884000000.0,15458000000.0,142560000000.0,1483000000.0,1481522000.0,1493080000.0
ConocoPhillips,COP,WPTL2Z3FIYTHSP5V2253,1163165,2010.0,Q3TTM,2009-10-01,2010-09-30,,,6.81,6.81,0.19,9235000000.0,6.75,1176000000.0,2158000000.0,7513000000.0,10206000000.0,10206000000.0,,10130000000.0,92000000.0,138133000000.0,183225000000.0,-16000000.0,16656000000.0,,3050000000.0,451000000.0,-211000000.0,1827000000.0,154789000000.0,28436000000.0,1289000000.0,2158000000.0,14636000000.0,13800000000.0,3919000000.0,17719000000.0,183225000000.0,1483000000.0,1481522000.0,1493080000.0
ConocoPhillips,COP,WPTL2Z3FIYTHSP5V2253,1163165,2010.0,Q2,2010-04-01,2010-06-30,2010-08-04 18:18:23+00:00,,2.79,2.79,0.55,2280000000.0,2.77,213000000.0,1532000000.0,2011000000.0,4183000000.0,4183000000.0,,4164000000.0,19000000.0,34707000000.0,47249000000.0,,4247000000.0,,2824000000.0,113000000.0,,438000000.0,38954000000.0,8295000000.0,349000000.0,,4576000000.0,3719000000.0,2475000000.0,6194000000.0,47249000000.0,1492500000.0,1489814000.0,1501257000.0
ConocoPhillips,COP,WPTL2Z3FIYTHSP5V2253,1163165,2010.0,Q2YTD,2010-01-01,2010-06-30,,,4.2,4.2,1.05,4598000000.0,4.17,596000000.0,1623000000.0,3889000000.0,6295000000.0,6295000000.0,,6262000000.0,33000000.0,68755000000.0,93011000000.0,,8284000000.0,,2788000000.0,227000000.0,,882000000.0,77039000000.0,15972000000.0,650000000.0,,7926000000.0,8046000000.0,2138000000.0,10184000000.0,93011000000.0,1492500000.0,1489814000.0,1501257000.0
ConocoPhillips,COP,WPTL2Z3FIYTHSP5V2253,1163165,2010.0,Q2TTM,2009-07-01,2010-06-30,,,5.75,5.75,0.11,9316000000.0,5.7,1310000000.0,2155000000.0,6735000000.0,8657000000.0,8657000000.0,,8578000000.0,95000000.0,132041000000.0,174981000000.0,-16000000.0,16634000000.0,,3057000000.0,437000000.0,-211000000.0,1761000000.0,148675000000.0,26306000000.0,1361000000.0,2158000000.0,14768000000.0,11538000000.0,3854000000.0,15392000000.0,174981000000.0,1492500000.0,1489814000.0,1501257000.0
ConocoPhillips,COP,WPTL2Z3FIYTHSP5V2253,1163165,2010.0,Q1,2010-01-01,2010-03-31,2010-05-04 17:02:17+00:00,,1.41,1.41,0.5,2318000000.0,1.4,383000000.0,91000000.0,1878000000.0,2112000000.0,2112000000.0,,2098000000.0,14000000.0,34048000000.0,45762000000.0,,4037000000.0,,-36000000.0,114000000.0,,444000000.0,38085000000.0,7677000000.0,301000000.0,,3350000000.0,4327000000.0,-337000000.0,3990000000.0,45762000000.0,1487900000.0,1492861000.0,1503565000.0
ConocoPhillips,COP,WPTL2Z3FIYTHSP5V2253,1163165,2010.0,Q1TTM,2009-04-01,2010-03-31,,,3.83,3.83,0.03,9383000000.0,3.8,1340000000.0,623000000.0,5792000000.0,5788000000.0,5788000000.0,,5712000000.0,76000000.0,124516000000.0,164362000000.0,,16102000000.0,,375000000.0,432000000.0,-160000000.0,1799000000.0,140618000000.0,23744000000.0,1280000000.0,2158000000.0,13417000000.0,10327000000.0,1253000000.0,11580000000.0,164362000000.0,1487900000.0,1492861000.0,1503565000.0
ConocoPhillips,COP,WPTL2Z3FIYTHSP5V2253,1163165,2011.0,Q4,2011-10-01,2011-12-31,,422000000.0,2.57,2.57,0.66,812000000.0,2.56,332000000.0,-167000000.0,132000000.0,3410000000.0,-1904000000.0,5314000000.0,3390000000.0,20000000.0,-111885000000.0,-124427000000.0,,-9774000000.0,,255000000.0,-341000000.0,-156000000.0,-614000000.0,-121659000000.0,-2768000000.0,210000000.0,1239000000.0,288000000.0,-3056000000.0,1284000000.0,-1772000000.0,-124427000000.0,1375700000.0,1375035000.0,1387100000.0
ConocoPhillips,COP,WPTL2Z3FIYTHSP5V2253,1163165,2011.0,FY,2011-01-01,2011-12-31,2014-02-25 10:09:42+00:00,422000000.0,9.04,9.04,2.64,6827000000.0,8.97,1038000000.0,321000000.0,8208000000.0,12502000000.0,7188000000.0,5314000000.0,12436000000.0,66000000.0,36223000000.0,64196000000.0,,3999000000.0,,240000000.0,,-370000000.0,865000000.0,40222000000.0,23974000000.0,954000000.0,1239000000.0,9103000000.0,14871000000.0,525000000.0,15396000000.0,64196000000.0,1375700000.0,1375035000.0,1387100000.0
ConocoPhillips,COP,WPTL2Z3FIYTHSP5V2253,1163165,2011.0,Q3,2011-07-01,2011-09-30,2011-11-01 16:56:50+00:00,,1.93,1.93,0.66,1870000000.0,1.91,266000000.0,486000000.0,2549000000.0,2631000000.0,2631000000.0,,2616000000.0,15000000.0,50365000000.0,64109000000.0,,4579000000.0,,-68000000.0,114000000.0,480000000.0,466000000.0,54944000000.0,9165000000.0,235000000.0,,3682000000.0,5483000000.0,-303000000.0,5180000000.0,64109000000.0,1355400000.0,1357710000.0,1369562000.0
ConocoPhillips,COP,WPTL2Z3FIYTHSP5V2253,1163165,2011.0,Q3YTD,2011-01-01,2011-09-30,,,6.47,6.47,1.98,6015000000.0,6.41,706000000.0,488000000.0,8076000000.0,9092000000.0,9092000000.0,,9046000000.0,46000000.0,148108000000.0,188623000000.0,,13773000000.0,,-15000000.0,341000000.0,-214000000.0,1479000000.0,161881000000.0,26742000000.0,744000000.0,,8815000000.0,17927000000.0,-759000000.0,17168000000.0,188623000000.0,1355400000.0,1357710000.0,1369562000.0
ConocoPhillips,COP,WPTL2Z3FIYTHSP5V2253,1163165,2011.0,Q3TTM,2010-10-01,2011-09-30,,409000000.0,7.89,7.89,2.53,7175000000.0,7.81,983000000.0,-1113000000.0,9552000000.0,11145000000.0,10033000000.0,1112000000.0,11087000000.0,58000000.0,73800000000.0,102278000000.0,,4050000000.0,,-2628000000.0,4000000.0,-5777000000.0,913000000.0,77850000000.0,24428000000.0,997000000.0,1376000000.0,2594000000.0,21834000000.0,-2249000000.0,19585000000.0,102278000000.0,1355400000.0,1357710000.0,1369562000.0
ConocoPhillips,COP,WPTL2Z3FIYTHSP5V2253,1163165,2011.0,Q2,2011-04-01,2011-06-30,2011-08-02 15:06:38+00:00,,2.43,2.43,0.66,2075000000.0,2.41,264000000.0,2000000.0,2773000000.0,3419000000.0,3419000000.0,,3402000000.0,17000000.0,52739000000.0,66883000000.0,,4830000000.0,,17000000.0,115000000.0,-78000000.0,514000000.0,57569000000.0,9314000000.0,247000000.0,,2892000000.0,6422000000.0,-230000000.0,6192000000.0,66883000000.0,1400000000.0,1399473000.0,1412147000.0
ConocoPhillips,COP,WPTL2Z3FIYTHSP5V2253,1163165,2011.0,Q2YTD,2011-01-01,2011-06-30,,,4.54,4.54,1.32,4145000000.0,4.5,440000000.0,2000000.0,5527000000.0,6461000000.0,6461000000.0,,6430000000.0,31000000.0,97743000000.0,124514000000.0,,9194000000.0,,53000000.0,227000000.0,-694000000.0,1013000000.0,106937000000.0,17577000000.0,509000000.0,,5133000000.0,12444000000.0,-456000000.0,11988000000.0,124514000000.0,1400000000.0,1399473000.0,1412147000.0
ConocoPhillips,COP,WPTL2Z3FIYTHSP5V2253,1163165,2011.0,Q2TTM,2010-07-01,2011-06-30,,409000000.0,8.02,8.02,2.42,7551000000.0,7.95,969000000.0,-1540000000.0,9208000000.0,11583000000.0,10471000000.0,1112000000.0,11526000000.0,57000000.0,60069000000.0,87718000000.0,,3698000000.0,,-2550000000.0,,-6257000000.0,940000000.0,63767000000.0,23951000000.0,1026000000.0,1376000000.0,2072000000.0,21879000000.0,-2200000000.0,19679000000.0,87718000000.0,1400000000.0,1399473000.0,1412147000.0
ConocoPhillips,COP,WPTL2Z3FIYTHSP5V2253,1163165,2011.0,Q1,2011-01-01,2011-03-31,2011-05-03 15:33:02+00:00,,2.11,2.11,0.66,2070000000.0,2.09,176000000.0,,2754000000.0,3042000000.0,3042000000.0,,3028000000.0,14000000.0,45004000000.0,57631000000.0,,4364000000.0,,36000000.0,112000000.0,-616000000.0,499000000.0,49368000000.0,8263000000.0,262000000.0,,2241000000.0,6022000000.0,-226000000.0,5796000000.0,57631000000.0,1435100000.0,1432285000.0,1445477000.0
ConocoPhillips,COP,WPTL2Z3FIYTHSP5V2253,1163165,2011.0,Q1TTM,2010-04-01,2011-03-31,,409000000.0,8.38,8.38,2.31,7756000000.0,8.31,918000000.0,-10000000.0,8446000000.0,12347000000.0,11235000000.0,1112000000.0,12288000000.0,59000000.0,42037000000.0,68084000000.0,,3115000000.0,,257000000.0,-2000000.0,-6179000000.0,864000000.0,45152000000.0,22932000000.0,1128000000.0,1376000000.0,3756000000.0,19176000000.0,505000000.0,19681000000.0,68084000000.0,1435100000.0,1432285000.0,1445477000.0
ConocoPhillips,COP,WPTL2Z3FIYTHSP5V2253,1163165,2012.0,Q4,2012-10-01,2012-12-31,,73000000.0,1.19,1.19,0.66,1417000000.0,1.19,332000000.0,680000000.0,1143000000.0,1441000000.0,960000000.0,481000000.0,1426000000.0,15000000.0,-35141000000.0,-24962000000.0,,-6103000000.0,,303000000.0,3546000000.0,1643000000.0,6649000000.0,-41244000000.0,16282000000.0,142000000.0,,14340000000.0,1942000000.0,161000000.0,2103000000.0,-24962000000.0,1244900000.0,1243799000.0,1253093000.0
ConocoPhillips,COP,WPTL2Z3FIYTHSP5V2253,1163165,2012.0,FY,2012-01-01,2012-12-31,2015-02-24 09:22:07+00:00,394000000.0,6.77,6.77,2.64,6580000000.0,6.72,1500000000.0,680000000.0,7942000000.0,8498000000.0,7481000000.0,1017000000.0,8428000000.0,70000000.0,25232000000.0,62004000000.0,,,,-41000000.0,3546000000.0,,7899000000.0,25232000000.0,36772000000.0,709000000.0,,20599000000.0,16173000000.0,-750000000.0,15423000000.0,62004000000.0,1244900000.0,1243799000.0,1253093000.0
ConocoPhillips,COP,WPTL2Z3FIYTHSP5V2253,1163165,2012.0,Q3,2012-07-01,2012-09-30,2012-10-30 15:06:32+00:00,102000000.0,1.47,1.47,0.66,1699000000.0,1.46,219000000.0,0.0,1945000000.0,1813000000.0,1811000000.0,2000000.0,1798000000.0,15000000.0,8147000000.0,14971000000.0,,676000000.0,,1000000.0,,-118000000.0,330000000.0,8823000000.0,6148000000.0,161000000.0,,2232000000.0,3916000000.0,-160000000.0,3756000000.0,14971000000.0,1223100000.0,1220462000.0,1229343000.0
ConocoPhillips,COP,WPTL2Z3FIYTHSP5V2253,1163165,2012.0,Q3YTD,2012-01-01,2012-09-30,,321000000.0,5.58,5.58,1.98,5163000000.0,5.53,1168000000.0,,6799000000.0,7057000000.0,6521000000.0,536000000.0,7002000000.0,55000000.0,60373000000.0,86966000000.0,,6103000000.0,,-344000000.0,,-1643000000.0,1250000000.0,66476000000.0,20490000000.0,567000000.0,,6259000000.0,14231000000.0,-911000000.0,13320000000.0,86966000000.0,1223100000.0,1220462000.0,1229343000.0
ConocoPhillips,COP,WPTL2Z3FIYTHSP5V2253,1163165,2012.0,Q3TTM,2011-10-01,2012-09-30,,743000000.0,8.15,8.15,2.64,5975000000.0,8.09,1500000000.0,-167000000.0,6931000000.0,10467000000.0,4617000000.0,5850000000.0,10392000000.0,75000000.0,-51512000000.0,-37461000000.0,,-3671000000.0,,-89000000.0,-341000000.0,-1799000000.0,636000000.0,-55183000000.0,17722000000.0,777000000.0,1239000000.0,6547000000.0,11175000000.0,373000000.0,11548000000.0,-37461000000.0,1223100000.0,1220462000.0,1229343000.0
ConocoPhillips,COP,WPTL2Z3FIYTHSP5V2253,1163165,2012.0,Q2,2012-04-01,2012-06-30,2012-07-31 15:38:27+00:00,105000000.0,1.82,1.82,0.66,1626000000.0,1.8,270000000.0,,2334000000.0,2289000000.0,1755000000.0,534000000.0,2267000000.0,22000000.0,7641000000.0,14583000000.0,,906000000.0,,-97000000.0,,-583000000.0,235000000.0,8547000000.0,6036000000.0,197000000.0,,1653000000.0,4383000000.0,-294000000.0,4089000000.0,14583000000.0,1245600000.0,1248300000.0,1258189000.0
ConocoPhillips,COP,WPTL2Z3FIYTHSP5V2253,1163165,2012.0,Q2YTD,2012-01-01,2012-06-30,,219000000.0,4.11,4.11,1.32,3464000000.0,4.07,949000000.0,,4854000000.0,5244000000.0,4710000000.0,534000000.0,5204000000.0,40000000.0,52226000000.0,71995000000.0,,5427000000.0,,-345000000.0,,-1525000000.0,920000000.0,57653000000.0,14342000000.0,406000000.0,,4027000000.0,10315000000.0,-751000000.0,9564000000.0,71995000000.0,1245600000.0,1248300000.0,1258189000.0
ConocoPhillips,COP,WPTL2Z3FIYTHSP5V2253,1163165,2012.0,Q2TTM,2011-07-01,2012-06-30,,641000000.0,8.61,8.61,2.64,6146000000.0,8.54,1547000000.0,319000000.0,7535000000.0,11285000000.0,5437000000.0,5848000000.0,11210000000.0,75000000.0,-9294000000.0,11677000000.0,,232000000.0,,-158000000.0,-227000000.0,-1201000000.0,772000000.0,-9062000000.0,20739000000.0,851000000.0,1239000000.0,7997000000.0,12742000000.0,230000000.0,12972000000.0,11677000000.0,1245600000.0,1248300000.0,1258189000.0
ConocoPhillips,COP,WPTL2Z3FIYTHSP5V2253,1163165,2012.0,Q1,2012-01-01,2012-03-31,2012-04-30 14:42:14+00:00,114000000.0,2.29,2.29,0.66,1838000000.0,2.27,679000000.0,,2520000000.0,2955000000.0,2955000000.0,,2937000000.0,18000000.0,44585000000.0,57412000000.0,,4521000000.0,,-248000000.0,,-942000000.0,685000000.0,49106000000.0,8306000000.0,209000000.0,,2374000000.0,5932000000.0,-457000000.0,5475000000.0,57412000000.0,1282500000.0,1283493000.0,1293104000.0
ConocoPhillips,COP,WPTL2Z3FIYTHSP5V2253,1163165,2012.0,Q1TTM,2011-04-01,2012-03-31,,536000000.0,9.22,9.22,2.64,6595000000.0,9.15,1541000000.0,321000000.0,7974000000.0,12415000000.0,7101000000.0,5314000000.0,12345000000.0,70000000.0,35804000000.0,63977000000.0,,4156000000.0,,-44000000.0,-112000000.0,-696000000.0,1051000000.0,39960000000.0,24017000000.0,901000000.0,1239000000.0,9236000000.0,14781000000.0,294000000.0,15075000000.0,63977000000.0,1282500000.0,1283493000.0,1293104000.0
ConocoPhillips,COP,WPTL2Z3FIYTHSP5V2253,1163165,2013.0,Q4,2013-10-01,2013-12-31,,117000000.0,2.02,2.02,0.69,1893000000.0,2.0,321000000.0,498000000.0,1050000000.0,2503000000.0,1508000000.0,995000000.0,2487000000.0,16000000.0,259000000.0,15207000000.0,,-2198000000.0,,24000000.0,2884000000.0,1222000000.0,7485000000.0,-1939000000.0,17146000000.0,192000000.0,,14420000000.0,2726000000.0,-168000000.0,2558000000.0,15207000000.0,1232300000.0,1230963000.0,1239803000.0
ConocoPhillips,COP,WPTL2Z3FIYTHSP5V2253,1163165,2013.0,FY,2013-01-01,2013-12-31,2015-02-24 09:22:07+00:00,434000000.0,7.43,7.43,2.7,7434000000.0,7.38,1232000000.0,529000000.0,6409000000.0,9215000000.0,8037000000.0,1178000000.0,9156000000.0,59000000.0,22643000000.0,58248000000.0,,,,58000000.0,2884000000.0,,8092000000.0,22643000000.0,35605000000.0,612000000.0,,20605000000.0,15000000000.0,-554000000.0,14446000000.0,58248000000.0,1232300000.0,1230963000.0,1239803000.0
ConocoPhillips,COP,WPTL2Z3FIYTHSP5V2253,1163165,2013.0,Q3,2013-07-01,2013-09-30,2013-11-05 08:53:07+00:00,106000000.0,2.01,2.01,0.69,1902000000.0,2.0,313000000.0,1000000.0,1966000000.0,2496000000.0,2439000000.0,57000000.0,2480000000.0,16000000.0,7670000000.0,14401000000.0,,664000000.0,,-9000000.0,,-1069000000.0,249000000.0,8334000000.0,6067000000.0,151000000.0,,1502000000.0,4565000000.0,-160000000.0,4405000000.0,14401000000.0,1233800000.0,1231054000.0,1240365000.0
ConocoPhillips,COP,WPTL2Z3FIYTHSP5V2253,1163165,2013.0,Q3YTD,2013-01-01,2013-09-30,,317000000.0,5.41,5.41,2.01,5541000000.0,5.38,911000000.0,31000000.0,5359000000.0,6712000000.0,6529000000.0,183000000.0,6669000000.0,43000000.0,22384000000.0,43041000000.0,,2198000000.0,,34000000.0,,-1222000000.0,607000000.0,24582000000.0,18459000000.0,420000000.0,,6185000000.0,12274000000.0,-386000000.0,11888000000.0,43041000000.0,1233800000.0,1231054000.0,1240365000.0
ConocoPhillips,COP,WPTL2Z3FIYTHSP5V2253,1163165,2013.0,Q3TTM,2012-10-01,2013-09-30,,390000000.0,6.6,6.6,2.67,6958000000.0,6.57,1243000000.0,711000000.0,6502000000.0,8153000000.0,7489000000.0,664000000.0,8095000000.0,58000000.0,-12757000000.0,18079000000.0,,-3905000000.0,,337000000.0,3546000000.0,421000000.0,7256000000.0,-16662000000.0,34741000000.0,562000000.0,,20525000000.0,14216000000.0,-225000000.0,13991000000.0,18079000000.0,1233800000.0,1231054000.0,1240365000.0
ConocoPhillips,COP,WPTL2Z3FIYTHSP5V2253,1163165,2013.0,Q2,2013-04-01,2013-06-30,2013-08-02 09:29:28+00:00,105000000.0,1.66,1.66,0.66,1832000000.0,1.65,321000000.0,28000000.0,1630000000.0,2063000000.0,2066000000.0,-3000000.0,2050000000.0,13000000.0,7193000000.0,14047000000.0,,642000000.0,,7000000.0,,-95000000.0,193000000.0,7835000000.0,6212000000.0,139000000.0,,2384000000.0,3828000000.0,-132000000.0,3696000000.0,14047000000.0,1234900000.0,1229773000.0,1237157000.0
ConocoPhillips,COP,WPTL2Z3FIYTHSP5V2253,1163165,2013.0,Q2YTD,2013-01-01,2013-06-30,,211000000.0,3.4,3.4,1.32,3639000000.0,3.38,598000000.0,30000000.0,3393000000.0,4216000000.0,4090000000.0,126000000.0,4189000000.0,27000000.0,14714000000.0,28640000000.0,,1534000000.0,,43000000.0,,-153000000.0,358000000.0,16248000000.0,12392000000.0,269000000.0,,4683000000.0,7709000000.0,-226000000.0,7483000000.0,28640000000.0,1234900000.0,1229773000.0,1237157000.0
ConocoPhillips,COP,WPTL2Z3FIYTHSP5V2253,1163165,2013.0,Q2TTM,2012-07-01,2013-06-30,,386000000.0,6.06,6.06,2.64,6755000000.0,6.03,1149000000.0,710000000.0,6481000000.0,7470000000.0,6861000000.0,609000000.0,7413000000.0,57000000.0,-12280000000.0,18649000000.0,,-3893000000.0,,347000000.0,3546000000.0,1372000000.0,7337000000.0,-16173000000.0,34822000000.0,572000000.0,,21255000000.0,13567000000.0,-225000000.0,13342000000.0,18649000000.0,1234900000.0,1229773000.0,1237157000.0
ConocoPhillips,COP,WPTL2Z3FIYTHSP5V2253,1163165,2013.0,Q1,2013-01-01,2013-03-31,2013-04-30 12:08:19+00:00,106000000.0,1.74,1.74,0.66,1807000000.0,1.73,277000000.0,2000000.0,1763000000.0,2153000000.0,2024000000.0,129000000.0,2139000000.0,14000000.0,7521000000.0,14593000000.0,,892000000.0,,36000000.0,,-58000000.0,165000000.0,8413000000.0,6180000000.0,130000000.0,,2299000000.0,3881000000.0,-94000000.0,3787000000.0,14593000000.0,1229300000.0,1229232000.0,1235907000.0
ConocoPhillips,COP,WPTL2Z3FIYTHSP5V2253,1163165,2013.0,Q1TTM,2012-04-01,2013-03-31,,386000000.0,6.22,6.22,2.64,6549000000.0,6.18,1098000000.0,682000000.0,7185000000.0,7696000000.0,6550000000.0,1146000000.0,7630000000.0,66000000.0,-11832000000.0,19185000000.0,,-3629000000.0,,243000000.0,3546000000.0,884000000.0,7379000000.0,-15461000000.0,34646000000.0,630000000.0,,20524000000.0,14122000000.0,-387000000.0,13735000000.0,19185000000.0,1229300000.0,1229232000.0,1235907000.0
ConocoPhillips,COP,WPTL2Z3FIYTHSP5V2253,1163165,2014.0,FY,2014-01-01,2014-12-31,2017-02-21 12:34:09+00:00,484000000.0,5.54,5.54,2.84,8329000000.0,5.51,2045000000.0,856000000.0,3583000000.0,6938000000.0,5807000000.0,1131000000.0,6869000000.0,69000000.0,22099000000.0,55517000000.0,,,,66000000.0,2088000000.0,,9644000000.0,22099000000.0,33418000000.0,648000000.0,,23446000000.0,9972000000.0,-582000000.0,9390000000.0,55517000000.0,1239900000.0,1237325000.0,1245863000.0
ConocoPhillips,COP,WPTL2Z3FIYTHSP5V2253,1163165,2014.0,Q4,2014-10-01,2014-12-31,,127000000.0,-0.04,-0.04,0.73,2271000000.0,-0.04,773000000.0,730000000.0,-297000000.0,-24000000.0,-24000000.0,,-39000000.0,15000000.0,2879000000.0,11860000000.0,,-651000000.0,,83000000.0,983000000.0,9000000.0,4970000000.0,2228000000.0,9632000000.0,173000000.0,,9863000000.0,-231000000.0,-90000000.0,-321000000.0,11860000000.0,1239900000.0,1237325000.0,1245863000.0
ConocoPhillips,COP,WPTL2Z3FIYTHSP5V2253,1163165,2014.0,Q3,2014-07-01,2014-09-30,2015-11-03 12:33:07+00:00,120000000.0,2.18,2.18,0.73,2096000000.0,2.17,459000000.0,108000000.0,904000000.0,2727000000.0,1649000000.0,1078000000.0,2704000000.0,23000000.0,4703000000.0,12917000000.0,,,,8000000.0,493000000.0,,2244000000.0,4703000000.0,8214000000.0,149000000.0,,5520000000.0,2694000000.0,-141000000.0,2553000000.0,12917000000.0,1240400000.0,1238234000.0,1247436000.0
ConocoPhillips,COP,WPTL2Z3FIYTHSP5V2253,1163165,2014.0,Q3YTD,2014-01-01,2014-09-30,,357000000.0,5.58,5.58,2.11,6058000000.0,5.55,1272000000.0,126000000.0,3880000000.0,6962000000.0,5831000000.0,1131000000.0,6908000000.0,54000000.0,19220000000.0,43657000000.0,,651000000.0,,-17000000.0,1105000000.0,-9000000.0,4674000000.0,19871000000.0,23786000000.0,475000000.0,,13583000000.0,10203000000.0,-492000000.0,9711000000.0,43657000000.0,1240400000.0,1238234000.0,1247436000.0
ConocoPhillips,COP,WPTL2Z3FIYTHSP5V2253,1163165,2014.0,Q3TTM,2013-10-01,2014-09-30,,474000000.0,7.6,7.6,2.8,7951000000.0,7.55,1593000000.0,624000000.0,4930000000.0,9465000000.0,7339000000.0,2126000000.0,9395000000.0,70000000.0,19479000000.0,58864000000.0,,-1547000000.0,,7000000.0,3989000000.0,1213000000.0,12159000000.0,17932000000.0,40932000000.0,667000000.0,,28003000000.0,12929000000.0,-660000000.0,12269000000.0,58864000000.0,1240400000.0,1238234000.0,1247436000.0
ConocoPhillips,COP,WPTL2Z3FIYTHSP5V2253,1163165,2014.0,Q2YTD,2014-01-01,2014-06-30,,237000000.0,3.4,3.4,1.38,3962000000.0,3.38,813000000.0,18000000.0,2976000000.0,4235000000.0,4182000000.0,53000000.0,4204000000.0,31000000.0,14517000000.0,30740000000.0,,651000000.0,,-25000000.0,612000000.0,-9000000.0,2430000000.0,15168000000.0,15572000000.0,326000000.0,,8063000000.0,7509000000.0,-351000000.0,7158000000.0,30740000000.0,1238700000.0,1236057000.0,1245155000.0
ConocoPhillips,COP,WPTL2Z3FIYTHSP5V2253,1163165,2014.0,Q2TTM,2013-07-01,2014-06-30,,460000000.0,7.43,7.43,2.76,7757000000.0,7.38,1447000000.0,517000000.0,5992000000.0,9234000000.0,8129000000.0,1105000000.0,9171000000.0,63000000.0,22446000000.0,60348000000.0,,-883000000.0,,-10000000.0,3496000000.0,144000000.0,10164000000.0,21563000000.0,38785000000.0,669000000.0,,23985000000.0,14800000000.0,-679000000.0,14121000000.0,60348000000.0,1238700000.0,1236057000.0,1245155000.0
ConocoPhillips,COP,WPTL2Z3FIYTHSP5V2253,1163165,2014.0,Q2,2014-04-01,2014-06-30,2015-08-04 12:01:19+00:00,120000000.0,1.68,1.68,0.69,2070000000.0,1.67,517000000.0,17000000.0,1395000000.0,2098000000.0,2065000000.0,33000000.0,2081000000.0,17000000.0,5495000000.0,14701000000.0,,,,-7000000.0,612000000.0,,2248000000.0,5495000000.0,9206000000.0,155000000.0,,5584000000.0,3622000000.0,-162000000.0,3460000000.0,14701000000.0,1238700000.0,1236057000.0,1245155000.0
ConocoPhillips,COP,WPTL2Z3FIYTHSP5V2253,1163165,2014.0,Q1,2014-01-01,2014-03-31,2014-05-06 09:22:31+00:00,117000000.0,1.72,1.72,0.69,1892000000.0,1.71,296000000.0,1000000.0,1581000000.0,2137000000.0,2117000000.0,20000000.0,2123000000.0,14000000.0,9022000000.0,16039000000.0,,651000000.0,,-18000000.0,,-9000000.0,182000000.0,9673000000.0,6366000000.0,171000000.0,,2479000000.0,3887000000.0,-189000000.0,3698000000.0,16039000000.0,1234300000.0,1234968000.0,1242667000.0
ConocoPhillips,COP,WPTL2Z3FIYTHSP5V2253,1163165,2014.0,Q1TTM,2013-04-01,2014-03-31,,445000000.0,7.41,7.41,2.73,7519000000.0,7.36,1251000000.0,528000000.0,6227000000.0,9199000000.0,8130000000.0,1069000000.0,9140000000.0,59000000.0,24144000000.0,59694000000.0,,-241000000.0,,4000000.0,2884000000.0,49000000.0,8109000000.0,23903000000.0,35791000000.0,653000000.0,,20785000000.0,15006000000.0,-649000000.0,14357000000.0,59694000000.0,1234300000.0,1234968000.0,1242667000.0
ConocoPhillips,COP,WPTL2Z3FIYTHSP5V2253,1163165,2015.0,FY,2015-01-01,2015-12-31,2018-02-20 10:03:26+00:00,483000000.0,-3.58,-3.58,2.94,9113000000.0,-3.58,4192000000.0,2245000000.0,-2868000000.0,-4371000000.0,-4371000000.0,,-4428000000.0,57000000.0,12426000000.0,30935000000.0,,,,75000000.0,901000000.0,,7969000000.0,12426000000.0,18509000000.0,920000000.0,,24903000000.0,-6394000000.0,-845000000.0,-7239000000.0,30935000000.0,1236900000.0,1241919000.0,1241919000.0
ConocoPhillips,COP,WPTL2Z3FIYTHSP5V2253,1163165,2015.0,Q4,2015-10-01,2015-12-31,,118000000.0,-2.78,-2.78,0.74,2382000000.0,-2.78,2100000000.0,2127000000.0,-1614000000.0,-3437000000.0,-3437000000.0,,-3450000000.0,13000000.0,2690000000.0,6766000000.0,,,,-21000000.0,246000000.0,,1865000000.0,2690000000.0,4076000000.0,268000000.0,,8838000000.0,-4762000000.0,-289000000.0,-5051000000.0,6766000000.0,1236900000.0,1241919000.0,1241919000.0
ConocoPhillips,COP,WPTL2Z3FIYTHSP5V2253,1163165,2015.0,Q3,2015-07-01,2015-09-30,2016-11-01 10:55:56+00:00,122000000.0,-0.87,-0.87,0.74,2271000000.0,-0.87,1061000000.0,24000000.0,-685000000.0,-1056000000.0,-1056000000.0,,-1071000000.0,15000000.0,3269000000.0,7507000000.0,,,,72000000.0,206000000.0,,2127000000.0,3269000000.0,4238000000.0,240000000.0,,5811000000.0,-1573000000.0,-168000000.0,-1741000000.0,7507000000.0,1231000000.0,1242125000.0,1242125000.0
ConocoPhillips,COP,WPTL2Z3FIYTHSP5V2253,1163165,2015.0,Q3YTD,2015-01-01,2015-09-30,,365000000.0,-0.8,-0.8,2.2,6731000000.0,-0.8,2092000000.0,118000000.0,-1254000000.0,-934000000.0,-934000000.0,,-978000000.0,44000000.0,9736000000.0,24169000000.0,,,,96000000.0,655000000.0,,6104000000.0,9736000000.0,14433000000.0,652000000.0,,16065000000.0,-1632000000.0,-556000000.0,-2188000000.0,24169000000.0,1231000000.0,1242125000.0,1242125000.0
ConocoPhillips,COP,WPTL2Z3FIYTHSP5V2253,1163165,2015.0,Q3TTM,2014-10-01,2015-09-30,,492000000.0,-0.84,-0.84,2.93,9002000000.0,-0.84,2865000000.0,848000000.0,-1551000000.0,-958000000.0,-958000000.0,,-1017000000.0,59000000.0,12615000000.0,36029000000.0,,-651000000.0,,179000000.0,1638000000.0,9000000.0,11074000000.0,11964000000.0,24065000000.0,825000000.0,,25928000000.0,-1863000000.0,-646000000.0,-2509000000.0,36029000000.0,1231000000.0,1242125000.0,1242125000.0
ConocoPhillips,COP,WPTL2Z3FIYTHSP5V2253,1163165,2015.0,Q2,2015-04-01,2015-06-30,2016-08-02 09:08:27+00:00,122000000.0,-0.15,-0.15,0.73,2329000000.0,-0.15,549000000.0,78000000.0,73000000.0,-164000000.0,-164000000.0,,-179000000.0,15000000.0,3230000000.0,8660000000.0,,,,8000000.0,225000000.0,,2016000000.0,3230000000.0,5430000000.0,210000000.0,,5319000000.0,111000000.0,-202000000.0,-91000000.0,8660000000.0,1193300000.0,1241026000.0,1241026000.0
ConocoPhillips,COP,WPTL2Z3FIYTHSP5V2253,1163165,2015.0,Q2YTD,2015-01-01,2015-06-30,,243000000.0,0.07,0.07,1.46,4460000000.0,0.07,1031000000.0,94000000.0,-569000000.0,122000000.0,122000000.0,,93000000.0,29000000.0,6467000000.0,16662000000.0,,,,24000000.0,449000000.0,,3977000000.0,6467000000.0,10195000000.0,412000000.0,,10254000000.0,-59000000.0,-388000000.0,-447000000.0,16662000000.0,1193300000.0,1241026000.0,1241026000.0
ConocoPhillips,COP,WPTL2Z3FIYTHSP5V2253,1163165,2015.0,Q2TTM,2014-07-01,2015-06-30,,490000000.0,2.21,2.21,2.92,8827000000.0,2.2,2263000000.0,932000000.0,38000000.0,2825000000.0,1747000000.0,1078000000.0,2758000000.0,67000000.0,14049000000.0,41439000000.0,,-651000000.0,,115000000.0,1925000000.0,9000000.0,11191000000.0,13398000000.0,28041000000.0,734000000.0,,25637000000.0,2404000000.0,-619000000.0,1785000000.0,41439000000.0,1193300000.0,1241026000.0,1241026000.0
ConocoPhillips,COP,WPTL2Z3FIYTHSP5V2253,1163165,2015.0,Q1,2015-01-01,2015-03-31,2016-05-03 11:11:26+00:00,121000000.0,0.22,0.22,0.73,2131000000.0,0.22,482000000.0,16000000.0,-642000000.0,286000000.0,286000000.0,,272000000.0,14000000.0,3237000000.0,8002000000.0,,,,16000000.0,224000000.0,,1961000000.0,3237000000.0,4765000000.0,202000000.0,,4935000000.0,-170000000.0,-186000000.0,-356000000.0,8002000000.0,1236400000.0,1240791000.0,1245531000.0
ConocoPhillips,COP,WPTL2Z3FIYTHSP5V2253,1163165,2015.0,Q1TTM,2014-04-01,2015-03-31,,488000000.0,4.04,4.04,2.88,8568000000.0,4.02,2231000000.0,871000000.0,1360000000.0,5087000000.0,3976000000.0,1111000000.0,5018000000.0,69000000.0,16314000000.0,47480000000.0,,-651000000.0,,100000000.0,2312000000.0,9000000.0,11423000000.0,15663000000.0,31817000000.0,679000000.0,,25902000000.0,5915000000.0,-579000000.0,5336000000.0,47480000000.0,1236400000.0,1240791000.0,1245531000.0
ConocoPhillips,COP,WPTL2Z3FIYTHSP5V2253,1163165,2016.0,FY,2016-01-01,2016-12-31,2019-02-19 11:23:45+00:00,425000000.0,-2.91,-2.91,,9062000000.0,-2.91,1912000000.0,139000000.0,-1971000000.0,-3559000000.0,-3559000000.0,,-3615000000.0,56000000.0,9994000000.0,24360000000.0,,,,-258000000.0,739000000.0,,6116000000.0,9994000000.0,14366000000.0,1245000000.0,,18393000000.0,-4027000000.0,-1503000000.0,-5530000000.0,24360000000.0,1242300000.0,1245440000.0,1245440000.0
ConocoPhillips,COP,WPTL2Z3FIYTHSP5V2253,1163165,2016.0,Q4,2016-10-01,2016-12-31,,96000000.0,-0.03,-0.03,-0.75,2061000000.0,-0.03,340000000.0,-182000000.0,11000000.0,-19000000.0,-19000000.0,,-35000000.0,16000000.0,2948000000.0,7254000000.0,,,,-246000000.0,201000000.0,,1235000000.0,2948000000.0,4306000000.0,317000000.0,,3751000000.0,555000000.0,-563000000.0,-8000000.0,7254000000.0,1242300000.0,1245440000.0,1245440000.0
ConocoPhillips,COP,WPTL2Z3FIYTHSP5V2253,1163165,2016.0,Q3,2016-07-01,2016-09-30,2017-10-31 11:11:28+00:00,108000000.0,-0.84,-0.84,0.25,2425000000.0,-0.84,457000000.0,123000000.0,-628000000.0,-1026000000.0,-1026000000.0,,-1040000000.0,14000000.0,2819000000.0,6516000000.0,,,,-13000000.0,161000000.0,,1729000000.0,2819000000.0,3697000000.0,335000000.0,,5003000000.0,-1306000000.0,-348000000.0,-1654000000.0,6516000000.0,1238100000.0,1245961000.0,1245961000.0
ConocoPhillips,COP,WPTL2Z3FIYTHSP5V2253,1163165,2016.0,Q3YTD,2016-01-01,2016-09-30,,329000000.0,-2.88,-2.88,0.75,7001000000.0,-2.88,1572000000.0,321000000.0,-1982000000.0,-3540000000.0,-3540000000.0,,-3580000000.0,40000000.0,7046000000.0,17106000000.0,,,,-12000000.0,538000000.0,,4881000000.0,7046000000.0,10060000000.0,928000000.0,,14642000000.0,-4582000000.0,-940000000.0,-5522000000.0,17106000000.0,1238100000.0,1245961000.0,1245961000.0
ConocoPhillips,COP,WPTL2Z3FIYTHSP5V2253,1163165,2016.0,Q3TTM,2015-10-01,2016-09-30,,447000000.0,-5.66,-5.66,1.49,9383000000.0,-5.66,3672000000.0,2448000000.0,-3596000000.0,-6977000000.0,-6977000000.0,,-7030000000.0,53000000.0,9736000000.0,23872000000.0,,,,-33000000.0,784000000.0,,6746000000.0,9736000000.0,14136000000.0,1196000000.0,,23480000000.0,-9344000000.0,-1229000000.0,-10573000000.0,23872000000.0,1238100000.0,1245961000.0,1245961000.0
ConocoPhillips,COP,WPTL2Z3FIYTHSP5V2253,1163165,2016.0,Q2,2016-04-01,2016-06-30,2017-08-01 09:11:33+00:00,112000000.0,-0.86,-0.86,0.25,2329000000.0,-0.86,610000000.0,62000000.0,-586000000.0,-1058000000.0,-1058000000.0,,-1071000000.0,13000000.0,2002000000.0,5575000000.0,,,,17000000.0,197000000.0,,1612000000.0,2002000000.0,3573000000.0,312000000.0,,4922000000.0,-1349000000.0,-295000000.0,-1644000000.0,5575000000.0,1245300000.0,1244892000.0,1244892000.0
ConocoPhillips,COP,WPTL2Z3FIYTHSP5V2253,1163165,2016.0,Q2YTD,2016-01-01,2016-06-30,,221000000.0,-2.04,-2.04,0.5,4576000000.0,-2.04,1115000000.0,198000000.0,-1354000000.0,-2514000000.0,-2514000000.0,,-2540000000.0,26000000.0,4227000000.0,10590000000.0,,,,1000000.0,377000000.0,,3152000000.0,4227000000.0,6363000000.0,593000000.0,,9639000000.0,-3276000000.0,-592000000.0,-3868000000.0,10590000000.0,1245300000.0,1244892000.0,1244892000.0
ConocoPhillips,COP,WPTL2Z3FIYTHSP5V2253,1163165,2016.0,Q2TTM,2015-07-01,2016-06-30,,461000000.0,-5.69,-5.69,1.98,9229000000.0,-5.69,4276000000.0,2349000000.0,-3653000000.0,-7007000000.0,-7007000000.0,,-7061000000.0,54000000.0,10186000000.0,24863000000.0,,,,52000000.0,829000000.0,,7144000000.0,10186000000.0,14677000000.0,1101000000.0,,24288000000.0,-9611000000.0,-1049000000.0,-10660000000.0,24863000000.0,1245300000.0,1244892000.0,1244892000.0
ConocoPhillips,COP,WPTL2Z3FIYTHSP5V2253,1163165,2016.0,Q1,2016-01-01,2016-03-31,2017-05-04 16:18:51+00:00,109000000.0,-1.18,-1.18,0.25,2247000000.0,-1.18,505000000.0,136000000.0,-768000000.0,-1456000000.0,-1456000000.0,,-1469000000.0,13000000.0,2225000000.0,5015000000.0,,,,-16000000.0,180000000.0,,1540000000.0,2225000000.0,2790000000.0,281000000.0,,4717000000.0,-1927000000.0,-297000000.0,-2224000000.0,5015000000.0,1244900000.0,1244557000.0,1244557000.0
ConocoPhillips,COP,WPTL2Z3FIYTHSP5V2253,1163165,2016.0,Q1TTM,2015-04-01,2016-03-31,,471000000.0,-4.98,-4.98,2.46,9229000000.0,-4.98,4215000000.0,2365000000.0,-2994000000.0,-6113000000.0,-6113000000.0,,-6169000000.0,56000000.0,11414000000.0,27948000000.0,,,,43000000.0,857000000.0,,7548000000.0,11414000000.0,16534000000.0,999000000.0,,24685000000.0,-8151000000.0,-956000000.0,-9107000000.0,27948000000.0,1244900000.0,1244557000.0,1244557000.0
ConocoPhillips,COP,WPTL2Z3FIYTHSP5V2253,1163165,2017.0,FY,2017-01-01,2017-12-31,2020-02-18 12:23:02+00:00,362000000.0,-0.7,-0.7,1.06,6845000000.0,-0.7,934000000.0,6601000000.0,-1822000000.0,-793000000.0,-793000000.0,,-855000000.0,62000000.0,12475000000.0,29106000000.0,,809000000.0,,43000000.0,,-2177000000.0,5589000000.0,13284000000.0,15822000000.0,1098000000.0,772000000.0,18154000000.0,-2332000000.0,-283000000.0,-2615000000.0,29106000000.0,1221400000.0,1221038000.0,1221038000.0
ConocoPhillips,COP,WPTL2Z3FIYTHSP5V2253,1163165,2017.0,Q4,2017-10-01,2017-12-31,,86000000.0,1.26,1.26,-0.81,1633000000.0,1.27,214000000.0,126000000.0,-273000000.0,1598000000.0,1598000000.0,,1579000000.0,19000000.0,3435000000.0,7134000000.0,,611000000.0,,492000000.0,-406000000.0,-301000000.0,1449000000.0,4046000000.0,3088000000.0,226000000.0,772000000.0,2801000000.0,287000000.0,1038000000.0,1325000000.0,7134000000.0,1221400000.0,1221038000.0,1221038000.0
ConocoPhillips,COP,WPTL2Z3FIYTHSP5V2253,1163165,2017.0,Q3,2017-07-01,2017-09-30,2018-10-30 12:03:42+00:00,89000000.0,0.35,0.35,0.27,1608000000.0,0.34,73000000.0,6000000.0,217000000.0,436000000.0,436000000.0,,420000000.0,16000000.0,2926000000.0,7195000000.0,,,,-82000000.0,175000000.0,,1332000000.0,2926000000.0,4269000000.0,251000000.0,,3283000000.0,986000000.0,-333000000.0,653000000.0,7195000000.0,1200000000.0,1212454000.0,1215341000.0
ConocoPhillips,COP,WPTL2Z3FIYTHSP5V2253,1163165,2017.0,Q3YTD,2017-01-01,2017-09-30,,276000000.0,-1.96,-1.96,0.81,5212000000.0,-1.97,720000000.0,6475000000.0,-1549000000.0,-2391000000.0,-2391000000.0,,-2434000000.0,43000000.0,9040000000.0,21972000000.0,,198000000.0,,-449000000.0,406000000.0,-1876000000.0,4140000000.0,9238000000.0,12734000000.0,872000000.0,,15353000000.0,-2619000000.0,-1321000000.0,-3940000000.0,21972000000.0,1200000000.0,1212454000.0,1215341000.0
ConocoPhillips,COP,WPTL2Z3FIYTHSP5V2253,1163165,2017.0,Q3TTM,2016-10-01,2017-09-30,,372000000.0,-1.99,-1.99,0.06,7273000000.0,-2.0,1060000000.0,6293000000.0,-1538000000.0,-2410000000.0,-2410000000.0,,-2469000000.0,59000000.0,11988000000.0,29226000000.0,,198000000.0,,-695000000.0,607000000.0,-1876000000.0,5375000000.0,12186000000.0,17040000000.0,1189000000.0,,19104000000.0,-2064000000.0,-1884000000.0,-3948000000.0,29226000000.0,1200000000.0,1212454000.0,1215341000.0
ConocoPhillips,COP,WPTL2Z3FIYTHSP5V2253,1163165,2017.0,Q2,2017-04-01,2017-06-30,2018-07-31 21:01:00+00:00,92000000.0,-2.78,-2.78,0.27,1625000000.0,-2.78,97000000.0,6294000000.0,-935000000.0,-3426000000.0,-3426000000.0,,-3440000000.0,14000000.0,2922000000.0,7006000000.0,,198000000.0,,-289000000.0,,-1876000000.0,1420000000.0,3120000000.0,3886000000.0,306000000.0,,7652000000.0,-3766000000.0,-595000000.0,-4361000000.0,7006000000.0,1237400000.0,1236831000.0,1236831000.0
ConocoPhillips,COP,WPTL2Z3FIYTHSP5V2253,1163165,2017.0,Q2YTD,2017-01-01,2017-06-30,,187000000.0,-2.31,-2.31,0.54,3604000000.0,-2.31,647000000.0,6469000000.0,-1766000000.0,-2827000000.0,-2827000000.0,,-2854000000.0,27000000.0,6114000000.0,14777000000.0,,198000000.0,,-367000000.0,231000000.0,-1876000000.0,2808000000.0,6312000000.0,8465000000.0,621000000.0,,12070000000.0,-3605000000.0,-988000000.0,-4593000000.0,14777000000.0,1237400000.0,1236831000.0,1236831000.0
ConocoPhillips,COP,WPTL2Z3FIYTHSP5V2253,1163165,2017.0,Q2TTM,2016-07-01,2017-06-30,,391000000.0,-3.18,-3.18,0.04,8090000000.0,-3.18,1444000000.0,6410000000.0,-2383000000.0,-3872000000.0,-3872000000.0,,-3929000000.0,57000000.0,11881000000.0,28547000000.0,,198000000.0,,-626000000.0,593000000.0,-1876000000.0,5772000000.0,12079000000.0,16468000000.0,1273000000.0,,20824000000.0,-4356000000.0,-1899000000.0,-6255000000.0,28547000000.0,1237400000.0,1236831000.0,1236831000.0
ConocoPhillips,COP,WPTL2Z3FIYTHSP5V2253,1163165,2017.0,Q1,2017-01-01,2017-03-31,2018-05-01 10:36:21+00:00,95000000.0,0.47,0.47,0.265,1979000000.0,0.47,550000000.0,175000000.0,-831000000.0,599000000.0,599000000.0,,586000000.0,13000000.0,3192000000.0,7771000000.0,,,,-78000000.0,231000000.0,,1388000000.0,3192000000.0,4579000000.0,315000000.0,,4418000000.0,161000000.0,-393000000.0,-232000000.0,7771000000.0,1246800000.0,1243280000.0,1248722000.0
ConocoPhillips,COP,WPTL2Z3FIYTHSP5V2253,1163165,2017.0,Q1TTM,2016-04-01,2017-03-31,,411000000.0,-1.26,-1.26,0.02,8794000000.0,-1.26,1957000000.0,178000000.0,-2034000000.0,-1504000000.0,-1504000000.0,,-1560000000.0,56000000.0,10961000000.0,27116000000.0,,,,-320000000.0,790000000.0,,5964000000.0,10961000000.0,16155000000.0,1279000000.0,,18094000000.0,-1939000000.0,-1599000000.0,-3538000000.0,27116000000.0,1246800000.0,1243280000.0,1248722000.0
ConocoPhillips,COP,WPTL2Z3FIYTHSP5V2253,1163165,2018.0,FY,2018-01-01,2018-12-31,2020-02-18 12:23:02+00:00,353000000.0,5.36,5.36,1.16,5956000000.0,5.36,369000000.0,27000000.0,3668000000.0,6305000000.0,6305000000.0,,6257000000.0,48000000.0,14294000000.0,36417000000.0,,1048000000.0,,-185000000.0,,-1063000000.0,5614000000.0,15342000000.0,21075000000.0,735000000.0,1074000000.0,11256000000.0,9819000000.0,154000000.0,9973000000.0,36417000000.0,1167400000.0,1166499000.0,1175538000.0
ConocoPhillips,COP,WPTL2Z3FIYTHSP5V2253,1163165,2018.0,Q4,2018-10-01,2018-12-31,,87000000.0,1.61,1.61,-0.29,1612000000.0,1.63,102000000.0,6000000.0,794000000.0,1878000000.0,1878000000.0,,1868000000.0,10000000.0,3986000000.0,8106000000.0,,775000000.0,,172000000.0,-495000000.0,-1008000000.0,1427000000.0,4761000000.0,3345000000.0,188000000.0,1074000000.0,1731000000.0,1614000000.0,1058000000.0,2672000000.0,8106000000.0,1167400000.0,1166499000.0,1175538000.0
ConocoPhillips,COP,WPTL2Z3FIYTHSP5V2253,1163165,2018.0,Q3,2018-07-01,2018-09-30,2019-10-31 11:41:40+00:00,89000000.0,1.6,1.6,,1494000000.0,1.59,103000000.0,44000000.0,1033000000.0,1873000000.0,1873000000.0,,1861000000.0,12000000.0,3530000000.0,10165000000.0,,,,-15000000.0,312000000.0,,1486000000.0,3530000000.0,6635000000.0,186000000.0,,3528000000.0,3107000000.0,-201000000.0,2906000000.0,10165000000.0,1163100000.0,1163033000.0,1172694000.0
ConocoPhillips,COP,WPTL2Z3FIYTHSP5V2253,1163165,2018.0,Q3YTD,2018-01-01,2018-09-30,,266000000.0,3.75,3.75,0.29,4344000000.0,3.73,267000000.0,21000000.0,2874000000.0,4427000000.0,4427000000.0,,4389000000.0,38000000.0,10308000000.0,28311000000.0,,273000000.0,,-357000000.0,495000000.0,-55000000.0,4187000000.0,10581000000.0,17730000000.0,547000000.0,,9525000000.0,8205000000.0,-904000000.0,7301000000.0,28311000000.0,1163100000.0,1163033000.0,1172694000.0
ConocoPhillips,COP,WPTL2Z3FIYTHSP5V2253,1163165,2018.0,Q3TTM,2017-10-01,2018-09-30,,352000000.0,5.01,5.01,-0.52,5977000000.0,5.0,481000000.0,147000000.0,2601000000.0,6025000000.0,6025000000.0,,5968000000.0,57000000.0,13743000000.0,35445000000.0,,884000000.0,,135000000.0,89000000.0,-356000000.0,5636000000.0,14627000000.0,20818000000.0,773000000.0,772000000.0,12326000000.0,8492000000.0,134000000.0,8626000000.0,35445000000.0,1163100000.0,1163033000.0,1172694000.0
ConocoPhillips,COP,WPTL2Z3FIYTHSP5V2253,1163165,2018.0,Q2,2018-04-01,2018-06-30,2018-07-31 21:01:00+00:00,89000000.0,1.4,1.4,0.29,1438000000.0,1.39,69000000.0,-35000000.0,965000000.0,1654000000.0,1654000000.0,,1640000000.0,14000000.0,3064000000.0,9185000000.0,,273000000.0,,-115000000.0,,-55000000.0,1431000000.0,3337000000.0,5848000000.0,177000000.0,,2937000000.0,2911000000.0,-292000000.0,2619000000.0,9185000000.0,1171400000.0,1172378000.0,1181167000.0
ConocoPhillips,COP,WPTL2Z3FIYTHSP5V2253,1163165,2018.0,Q2YTD,2018-01-01,2018-06-30,,177000000.0,2.15,2.15,0.29,2850000000.0,2.14,164000000.0,-23000000.0,1841000000.0,2554000000.0,2554000000.0,,2528000000.0,26000000.0,6778000000.0,18146000000.0,,273000000.0,,-342000000.0,183000000.0,-55000000.0,2701000000.0,7051000000.0,11095000000.0,361000000.0,,5997000000.0,5098000000.0,-703000000.0,4395000000.0,18146000000.0,1171400000.0,1172378000.0,1181167000.0
ConocoPhillips,COP,WPTL2Z3FIYTHSP5V2253,1163165,2018.0,Q2TTM,2017-07-01,2018-06-30,,352000000.0,3.76,3.76,-0.25,6091000000.0,3.75,451000000.0,109000000.0,1785000000.0,4588000000.0,4588000000.0,,4527000000.0,61000000.0,13139000000.0,32475000000.0,,884000000.0,,68000000.0,-48000000.0,-356000000.0,5482000000.0,14023000000.0,18452000000.0,838000000.0,772000000.0,12081000000.0,6371000000.0,2000000.0,6373000000.0,32475000000.0,1171400000.0,1172378000.0,1181167000.0
ConocoPhillips,COP,WPTL2Z3FIYTHSP5V2253,1163165,2018.0,Q1,2018-01-01,2018-03-31,2019-05-02 11:14:37+00:00,88000000.0,0.75,0.75,0.29,1412000000.0,0.75,95000000.0,12000000.0,876000000.0,900000000.0,900000000.0,,888000000.0,12000000.0,3714000000.0,8961000000.0,,,,-227000000.0,183000000.0,,1270000000.0,3714000000.0,5247000000.0,184000000.0,,3060000000.0,2187000000.0,-411000000.0,1776000000.0,8961000000.0,1184000000.0,1179792000.0,1186454000.0
ConocoPhillips,COP,WPTL2Z3FIYTHSP5V2253,1163165,2018.0,Q1TTM,2017-04-01,2018-03-31,,355000000.0,-0.42,-0.42,-0.27,6278000000.0,-0.42,479000000.0,6438000000.0,-115000000.0,-492000000.0,-492000000.0,,-553000000.0,61000000.0,12997000000.0,30296000000.0,,809000000.0,,-106000000.0,-48000000.0,-2177000000.0,5471000000.0,13806000000.0,16490000000.0,967000000.0,772000000.0,16796000000.0,-306000000.0,-301000000.0,-607000000.0,30296000000.0,1184000000.0,1179792000.0,1186454000.0
ConocoPhillips,COP,WPTL2Z3FIYTHSP5V2253,1163165,2019.0,Q4,2019-10-01,2019-12-31,,67000000.0,0.66,0.66,,1488000000.0,0.69,151000000.0,379000000.0,543000000.0,743000000.0,743000000.0,,720000000.0,23000000.0,2783000000.0,4927000000.0,,678000000.0,,1873000000.0,-431000000.0,-1966000000.0,2760000000.0,3461000000.0,1466000000.0,196000000.0,591000000.0,2448000000.0,-982000000.0,2268000000.0,1286000000.0,4927000000.0,1118000000.0,1117260000.0,1123536000.0
ConocoPhillips,COP,WPTL2Z3FIYTHSP5V2253,1163165,2019.0,FY,2019-01-01,2019-12-31,2020-02-18 12:23:02+00:00,326000000.0,6.43,6.43,1.34,6090000000.0,6.43,743000000.0,405000000.0,2267000000.0,7257000000.0,7257000000.0,,7189000000.0,68000000.0,11842000000.0,32567000000.0,,953000000.0,,1227000000.0,,-1966000000.0,5878000000.0,12795000000.0,19772000000.0,778000000.0,779000000.0,11476000000.0,8296000000.0,1228000000.0,9524000000.0,32567000000.0,1118000000.0,1117260000.0,1123536000.0
ConocoPhillips,COP,WPTL2Z3FIYTHSP5V2253,1163165,2019.0,Q3YTD,2019-01-01,2019-09-30,,259000000.0,5.77,5.77,,4602000000.0,5.74,592000000.0,26000000.0,1724000000.0,6514000000.0,6514000000.0,,6469000000.0,45000000.0,9059000000.0,27640000000.0,,275000000.0,,-646000000.0,431000000.0,,3118000000.0,9334000000.0,18306000000.0,582000000.0,188000000.0,9028000000.0,9278000000.0,-1040000000.0,8238000000.0,27640000000.0,1107200000.0,1108555000.0,1113250000.0
ConocoPhillips,COP,WPTL2Z3FIYTHSP5V2253,1163165,2019.0,Q3TTM,2018-10-01,2019-09-30,,346000000.0,7.38,7.38,-0.29,6214000000.0,7.37,694000000.0,32000000.0,2518000000.0,8392000000.0,8392000000.0,,8337000000.0,55000000.0,13045000000.0,35746000000.0,,1050000000.0,,-474000000.0,-64000000.0,-1008000000.0,4545000000.0,14095000000.0,21651000000.0,770000000.0,1262000000.0,10759000000.0,10892000000.0,18000000.0,10910000000.0,35746000000.0,1107200000.0,1108555000.0,1113250000.0
ConocoPhillips,COP,WPTL2Z3FIYTHSP5V2253,1163165,2019.0,Q3,2019-07-01,2019-09-30,2019-10-31 11:41:40+00:00,86000000.0,2.76,2.76,,1566000000.0,2.74,360000000.0,24000000.0,422000000.0,3071000000.0,3071000000.0,,3056000000.0,15000000.0,2710000000.0,10093000000.0,,,,-15000000.0,237000000.0,,1418000000.0,2710000000.0,7383000000.0,184000000.0,,3691000000.0,3692000000.0,-199000000.0,3493000000.0,10093000000.0,1107200000.0,1108555000.0,1113250000.0
ConocoPhillips,COP,WPTL2Z3FIYTHSP5V2253,1163165,2019.0,Q2YTD,2019-01-01,2019-06-30,,173000000.0,3.01,3.01,,3036000000.0,3.0,232000000.0,2000000.0,1302000000.0,3443000000.0,3443000000.0,,3413000000.0,30000000.0,6349000000.0,17547000000.0,,275000000.0,,-631000000.0,194000000.0,,1700000000.0,6624000000.0,10923000000.0,398000000.0,188000000.0,5337000000.0,5586000000.0,-841000000.0,4745000000.0,17547000000.0,1128600000.0,1125995000.0,1131242000.0
ConocoPhillips,COP,WPTL2Z3FIYTHSP5V2253,1163165,2019.0,Q2TTM,2018-07-01,2019-06-30,,349000000.0,6.22,6.22,-0.29,6142000000.0,6.22,437000000.0,52000000.0,3129000000.0,7194000000.0,7194000000.0,,7142000000.0,52000000.0,13865000000.0,35818000000.0,,1050000000.0,,-474000000.0,11000000.0,-1008000000.0,4613000000.0,14915000000.0,20903000000.0,772000000.0,1262000000.0,10596000000.0,10307000000.0,16000000.0,10323000000.0,35818000000.0,1128600000.0,1125995000.0,1131242000.0
ConocoPhillips,COP,WPTL2Z3FIYTHSP5V2253,1163165,2019.0,Q2,2019-04-01,2019-06-30,2019-08-01 10:35:47+00:00,87000000.0,1.4,1.4,,1490000000.0,1.4,122000000.0,1000000.0,461000000.0,1597000000.0,1597000000.0,,1580000000.0,17000000.0,2674000000.0,8380000000.0,,,,-42000000.0,194000000.0,,1547000000.0,2674000000.0,5706000000.0,165000000.0,,3441000000.0,2265000000.0,-207000000.0,2058000000.0,8380000000.0,1128600000.0,1125995000.0,1131242000.0
ConocoPhillips,COP,WPTL2Z3FIYTHSP5V2253,1163165,2019.0,Q1,2019-01-01,2019-03-31,2020-05-05 12:14:19+00:00,86000000.0,1.61,1.61,0.31,1546000000.0,1.6,110000000.0,1000000.0,841000000.0,1846000000.0,1846000000.0,,1833000000.0,13000000.0,3675000000.0,9167000000.0,,275000000.0,,-589000000.0,,,153000000.0,3950000000.0,5217000000.0,233000000.0,188000000.0,1896000000.0,3321000000.0,-634000000.0,2687000000.0,9167000000.0,1138500000.0,1139463000.0,1146515000.0
ConocoPhillips,COP,WPTL2Z3FIYTHSP5V2253,1163165,2019.0,Q1TTM,2018-04-01,2019-03-31,,351000000.0,6.22,6.22,,6090000000.0,6.21,384000000.0,16000000.0,3633000000.0,7251000000.0,7251000000.0,,7202000000.0,49000000.0,14255000000.0,36623000000.0,,1323000000.0,,-547000000.0,-183000000.0,-1063000000.0,4497000000.0,15578000000.0,21045000000.0,784000000.0,1262000000.0,10092000000.0,10953000000.0,-69000000.0,10884000000.0,36623000000.0,1138500000.0,1139463000.0,1146515000.0
ConocoPhillips,COP,WPTL2Z3FIYTHSP5V2253,1163165,2020.0,Q1TTM,2019-04-01,2020-03-31,,307000000.0,3.22,3.22,,5955000000.0,3.23,821000000.0,925000000.0,1574000000.0,3700000000.0,3700000000.0,,3617000000.0,83000000.0,10828000000.0,29516000000.0,,928000000.0,,-800000000.0,,-1966000000.0,5722000000.0,11756000000.0,17760000000.0,747000000.0,825000000.0,11764000000.0,5996000000.0,-722000000.0,5274000000.0,29516000000.0,1086900000.0,1084561000.0,1084561000.0
ConocoPhillips,COP,WPTL2Z3FIYTHSP5V2253,1163165,2020.0,Q1,2020-01-01,2020-03-31,2020-05-05 12:14:19+00:00,67000000.0,-1.6,-1.6,0.42,1411000000.0,-1.6,188000000.0,521000000.0,148000000.0,-1711000000.0,-1711000000.0,,-1739000000.0,28000000.0,2661000000.0,6116000000.0,,250000000.0,,-2616000000.0,,,-3000000.0,2911000000.0,3205000000.0,202000000.0,234000000.0,2184000000.0,1021000000.0,-2584000000.0,-1563000000.0,6116000000.0,1086900000.0,1084561000.0,1084561000.0
