company_name,company_ticker,company_lei,company_cik,year,quarter,start_date,end_date,filing_date,amortizationexpense,basicdilutedeps,basiceps,cashdividendspershare,depreciationexpense,dilutedeps,explorationexpense,extraordinaryincome,impairmentexpense,incometaxexpense,marketingexpense,netincome,netincomecontinuing,netincomediscontinued,netincometocommon,netincometononcontrollinginterest,operatingcostofrevenue,operatingrevenue,othercostofrevenue,othergains,otherincome,otheroperatingexpenses,otherrevenue,otherspecialcharges,preferreddividends,rdexpense,restructuringcharge,sgaexpense,totalcostofrevenue,totalgrossprofit,totalinterestexpense,totalinterestincome,totaloperatingexpenses,totaloperatingincome,totalotherincome,totalpretaxincome,totalrevenue,weightedavebasicdilutedsharesos,weightedavebasicsharesos,weightedavedilutedsharesos
VF Corp,VFC,CWAJJ9DJ5Z7P057HV541,103379,2008.0,Q3,2008-06-29,2008-09-27,2009-11-10 12:19:53+00:00,0.0,2.14,2.14,0.58,0.0,2.1,0.0,0.0,0.0,92608000.0,0.0,,0.0,0.0,0.0,0.0,0.0,2206627000.0,0.0,-234051000.0,-1677000.0,1227577000.0,0.0,0.0,0.0,0.0,0.0,627839000.0,0.0,2206627000.0,24310000.0,1435000.0,1855416000.0,351211000.0,-24552000.0,326659000.0,2206627000.0,0.0,109106000.0,111258000.0
VF Corp,VFC,CWAJJ9DJ5Z7P057HV541,103379,2008.0,Q2,2008-03-30,2008-06-28,2009-08-11 15:59:11+00:00,0.0,0.96,0.96,0.58,0.0,0.94,0.0,0.0,0.0,41509000.0,0.0,,0.0,0.0,0.0,0.0,0.0,1677482000.0,0.0,-104018000.0,3113000.0,942763000.0,0.0,0.0,0.0,0.0,0.0,570863000.0,0.0,1677482000.0,23007000.0,1565000.0,1513626000.0,163856000.0,-18329000.0,145527000.0,1677482000.0,0.0,108711000.0,110985000.0
VF Corp,VFC,CWAJJ9DJ5Z7P057HV541,103379,2008.0,FY,2006-12-31,2007-12-29,2010-03-03 15:53:40+00:00,,5.36,5.36,2.23,,5.22,,,0.0,292832000.0,,592246000.0,613871000.0,-21625000.0,591621000.0,625000.0,4080022000.0,7219359000.0,,,4074000.0,,,,,,,2173896000.0,4080022000.0,3139337000.0,72122000.0,9310000.0,2173896000.0,965441000.0,-58738000.0,906703000.0,7219359000.0,110400000.0,110400000.0,113300000.0
VF Corp,VFC,CWAJJ9DJ5Z7P057HV541,103379,2009.0,FY,2009-01-04,2010-01-02,2012-02-29 15:03:48+00:00,,4.18,4.18,2.37,,4.13,,,121953000.0,196215000.0,,458458000.0,458458000.0,,461271000.0,-2813000.0,4025122000.0,7220286000.0,,,1528000.0,,,,,,,2336394000.0,4025122000.0,3195164000.0,85902000.0,2230000.0,2458347000.0,736817000.0,-82144000.0,654673000.0,7220286000.0,110400000.0,110400000.0,111700000.0
VF Corp,VFC,CWAJJ9DJ5Z7P057HV541,103379,2009.0,Q4,2009-10-04,2010-01-02,,,0.6,0.6,0.6,,0.6,,,121953000.0,50872000.0,,64985000.0,64985000.0,,66885000.0,-1900000.0,1028946000.0,1915369000.0,,,-1620000.0,,,,,,,626730000.0,1028946000.0,886423000.0,20743000.0,480000.0,748683000.0,137740000.0,-21883000.0,115857000.0,1915369000.0,110400000.0,110400000.0,111700000.0
VF Corp,VFC,CWAJJ9DJ5Z7P057HV541,103379,2009.0,Q3,2009-07-05,2009-10-03,2010-11-10 14:05:46+00:00,,1.97,1.97,0.59,,1.94,,,0.0,79430000.0,,218061000.0,218061000.0,,217920000.0,141000.0,1165843000.0,2093806000.0,,,505000.0,,,,,,,610072000.0,1165843000.0,927963000.0,21325000.0,420000.0,610072000.0,317891000.0,-20400000.0,297491000.0,2093806000.0,110600000.0,110881000.0,112145000.0
VF Corp,VFC,CWAJJ9DJ5Z7P057HV541,103379,2009.0,Q3YTD,2007-12-30,2009-10-03,,,3.58,3.58,1.77,,3.53,,,,145343000.0,,393473000.0,393473000.0,,394386000.0,-913000.0,2996176000.0,5304917000.0,,,3148000.0,,,,,,,1709664000.0,2996176000.0,2308741000.0,65159000.0,1750000.0,1709664000.0,599077000.0,-60261000.0,538816000.0,5304917000.0,110600000.0,110881000.0,112145000.0
VF Corp,VFC,CWAJJ9DJ5Z7P057HV541,103379,2009.0,Q2,2009-04-05,2009-07-04,2010-08-11 09:40:38+00:00,,0.69,0.69,0.59,,0.68,,,0.0,24900000.0,,74978000.0,74978000.0,,75527000.0,-549000.0,833693000.0,1485637000.0,,,1394000.0,,,,,,,532206000.0,833693000.0,651944000.0,21819000.0,565000.0,532206000.0,119738000.0,-19860000.0,99878000.0,1485637000.0,109500000.0,110243000.0,111241000.0
VF Corp,VFC,CWAJJ9DJ5Z7P057HV541,103379,2009.0,Q2YTD,2007-12-30,2009-07-04,,,1.61,1.61,1.18,,1.59,,,,65913000.0,,175412000.0,175412000.0,,176466000.0,-1054000.0,1830333000.0,3211111000.0,,,2643000.0,,,,,,,1099592000.0,1830333000.0,1380778000.0,43834000.0,1330000.0,1099592000.0,281186000.0,-39861000.0,241325000.0,3211111000.0,109500000.0,110243000.0,111241000.0
VF Corp,VFC,CWAJJ9DJ5Z7P057HV541,103379,2009.0,Q1,2009-01-04,2009-04-04,2010-05-12 16:34:07+00:00,,0.92,0.92,0.59,,0.91,,,,41013000.0,,100434000.0,100434000.0,,100939000.0,-505000.0,996640000.0,1725474000.0,,,1249000.0,,,,,,,567386000.0,996640000.0,728834000.0,22015000.0,765000.0,567386000.0,161448000.0,-20001000.0,141447000.0,1725474000.0,109700000.0,109992000.0,111028000.0
VF Corp,VFC,CWAJJ9DJ5Z7P057HV541,103379,2010.0,FY,2010-01-03,2011-01-01,2013-02-27 16:09:00+00:00,,5.25,5.25,2.43,,5.18,,,201738000.0,176700000.0,,573512000.0,573512000.0,,571362000.0,2150000.0,4105201000.0,7702589000.0,,,4754000.0,,,,,,,2574790000.0,4105201000.0,3597388000.0,77738000.0,2336000.0,2776528000.0,820860000.0,-70648000.0,750212000.0,7702589000.0,108800000.0,108800000.0,110300000.0
VF Corp,VFC,CWAJJ9DJ5Z7P057HV541,103379,2010.0,Q4,2010-10-03,2011-01-01,,,0.5,0.5,0.63,,0.5,,,201738000.0,-1421000.0,,55309000.0,55309000.0,,54224000.0,1085000.0,1135117000.0,2126239000.0,,,-4191000.0,,,,,,,715853000.0,1135117000.0,991122000.0,16188000.0,736000.0,917591000.0,73531000.0,-19643000.0,53888000.0,2126239000.0,108800000.0,108800000.0,110300000.0
VF Corp,VFC,CWAJJ9DJ5Z7P057HV541,103379,2010.0,Q3,2010-07-04,2010-10-02,2011-11-10 16:17:41+00:00,,2.25,2.25,0.6,,2.22,,,,91943000.0,,243254000.0,243254000.0,,242787000.0,467000.0,1195379000.0,2232367000.0,,,599000.0,,,,,,,682443000.0,1195379000.0,1036988000.0,20557000.0,610000.0,682443000.0,354545000.0,-19348000.0,335197000.0,2232367000.0,107900000.0,107900000.0,109400000.0
VF Corp,VFC,CWAJJ9DJ5Z7P057HV541,103379,2010.0,Q3YTD,2010-01-03,2010-10-02,,,4.75,4.75,1.8,,4.68,,,,178121000.0,,518203000.0,518203000.0,,517138000.0,1065000.0,2970084000.0,5576350000.0,,,8945000.0,,,,,,,1858937000.0,2970084000.0,2606266000.0,61550000.0,1600000.0,1858937000.0,747329000.0,-51005000.0,696324000.0,5576350000.0,107900000.0,107900000.0,109400000.0
VF Corp,VFC,CWAJJ9DJ5Z7P057HV541,103379,2010.0,Q3TTM,2009-10-04,2010-10-02,,,5.35,5.35,2.4,,5.28,,,121953000.0,228993000.0,,583188000.0,583188000.0,,584023000.0,-835000.0,3999030000.0,7491719000.0,,,7325000.0,,,,,,,2485667000.0,3999030000.0,3492689000.0,82293000.0,2080000.0,2607620000.0,885069000.0,-72888000.0,812181000.0,7491719000.0,107900000.0,107900000.0,109400000.0
VF Corp,VFC,CWAJJ9DJ5Z7P057HV541,103379,2010.0,Q2,2010-04-04,2010-07-03,2011-08-10 16:49:59+00:00,,1.02,1.02,0.6,,1.0,,,,39959000.0,,111490000.0,111490000.0,,110835000.0,655000.0,842502000.0,1594104000.0,,,1923000.0,,,,,,,582078000.0,842502000.0,751602000.0,20494000.0,496000.0,582078000.0,169524000.0,-18075000.0,151449000.0,1594104000.0,108700000.0,108700000.0,110800000.0
VF Corp,VFC,CWAJJ9DJ5Z7P057HV541,103379,2010.0,Q2YTD,2010-01-03,2010-07-03,,,2.5,2.5,1.2,,2.46,,,,86178000.0,,274949000.0,274949000.0,,274351000.0,598000.0,1774705000.0,3343983000.0,,,8346000.0,,,,,,,1176494000.0,1774705000.0,1569278000.0,40993000.0,990000.0,1176494000.0,392784000.0,-31657000.0,361127000.0,3343983000.0,108700000.0,108700000.0,110800000.0
VF Corp,VFC,CWAJJ9DJ5Z7P057HV541,103379,2010.0,Q2TTM,2009-07-05,2010-07-03,,,5.07,5.07,2.39,,5.0,,,121953000.0,216480000.0,,557995000.0,557995000.0,,559156000.0,-1161000.0,3969494000.0,7353158000.0,,,7231000.0,,,,,,,2413296000.0,3969494000.0,3383664000.0,83061000.0,1890000.0,2535249000.0,848415000.0,-73940000.0,774475000.0,7353158000.0,108700000.0,108700000.0,110800000.0
VF Corp,VFC,CWAJJ9DJ5Z7P057HV541,103379,2010.0,Q1,2010-01-03,2010-04-03,2011-05-12 15:01:56+00:00,,1.48,1.48,0.6,,1.46,,,,46219000.0,,163459000.0,163459000.0,,163516000.0,-57000.0,932203000.0,1749879000.0,,,6423000.0,,,,,,,594416000.0,932203000.0,817676000.0,20499000.0,494000.0,594416000.0,223260000.0,-13582000.0,209678000.0,1749879000.0,110500000.0,110500000.0,112000000.0
VF Corp,VFC,CWAJJ9DJ5Z7P057HV541,103379,2010.0,Q1TTM,2009-04-05,2010-04-03,,,4.74,4.74,2.38,,4.68,,,121953000.0,201421000.0,,521483000.0,521483000.0,,523848000.0,-2365000.0,3960685000.0,7244691000.0,,,6702000.0,,,,,,,2363424000.0,3960685000.0,3284006000.0,84386000.0,1959000.0,2485377000.0,798629000.0,-75725000.0,722904000.0,7244691000.0,110500000.0,110500000.0,112000000.0
VF Corp,VFC,CWAJJ9DJ5Z7P057HV541,103379,2011.0,FY,2011-01-02,2011-12-31,2013-02-27 16:09:00+00:00,,8.13,8.13,2.61,,7.98,,,0.0,274350000.0,,890393000.0,890393000.0,,888089000.0,2304000.0,5128602000.0,9459232000.0,,,-7248000.0,,,,,,,3085839000.0,5128602000.0,4330630000.0,77578000.0,4778000.0,3085839000.0,1244791000.0,-80048000.0,1164743000.0,9459232000.0,109200000.0,109200000.0,111300000.0
VF Corp,VFC,CWAJJ9DJ5Z7P057HV541,103379,2011.0,Q4,2011-10-02,2011-12-31,,,2.36,2.36,0.73,,2.36,,,,73182000.0,,257994000.0,257994000.0,,257318000.0,676000.0,1595173000.0,2910239000.0,,,3891000.0,,,,,,,963707000.0,1595173000.0,1315066000.0,25005000.0,931000.0,963707000.0,351359000.0,-20183000.0,331176000.0,2910239000.0,109200000.0,109200000.0,111300000.0
VF Corp,VFC,CWAJJ9DJ5Z7P057HV541,103379,2011.0,Q3,2011-07-01,2011-10-01,2012-11-07 14:59:19+00:00,,2.74,2.74,0.63,,2.69,,,,102933000.0,,301412000.0,301412000.0,,300700000.0,712000.0,1504982000.0,2750071000.0,,,-6473000.0,,,,,,,814971000.0,1504982000.0,1245089000.0,20671000.0,1371000.0,814971000.0,430118000.0,-25773000.0,404345000.0,2750071000.0,109700000.0,109700000.0,111800000.0
VF Corp,VFC,CWAJJ9DJ5Z7P057HV541,103379,2011.0,Q3YTD,2011-01-02,2011-10-01,,,5.75,5.75,1.88,,5.75,,,,201168000.0,,632399000.0,632399000.0,,630771000.0,1628000.0,3533429000.0,6548993000.0,,,-11139000.0,,,,,,,2122132000.0,3533429000.0,3015564000.0,52573000.0,3847000.0,2122132000.0,893432000.0,-59865000.0,833567000.0,6548993000.0,109700000.0,109700000.0,111800000.0
VF Corp,VFC,CWAJJ9DJ5Z7P057HV541,103379,2011.0,Q3TTM,2010-10-03,2011-10-01,,,6.24,6.24,2.5,,6.24,,,201738000.0,199747000.0,,687708000.0,687708000.0,,684995000.0,2713000.0,4668546000.0,8675232000.0,,,-15330000.0,,,,,,,2837985000.0,4668546000.0,4006686000.0,68761000.0,4583000.0,3039723000.0,966963000.0,-79508000.0,887455000.0,8675232000.0,109700000.0,109700000.0,111800000.0
VF Corp,VFC,CWAJJ9DJ5Z7P057HV541,103379,2011.0,Q2,2011-04-03,2011-06-30,2012-08-08 16:22:37+00:00,,1.19,1.19,0.63,,1.17,,,,41917000.0,,129567000.0,129567000.0,,129368000.0,199000.0,994591000.0,1840123000.0,,,-2735000.0,,,,,,,656861000.0,994591000.0,845532000.0,15962000.0,1510000.0,656861000.0,188671000.0,-17187000.0,171484000.0,1840123000.0,108700000.0,108700000.0,110600000.0
VF Corp,VFC,CWAJJ9DJ5Z7P057HV541,103379,2011.0,Q2YTD,2011-01-02,2011-06-30,,,3.04,3.04,1.26,,3.04,,,,98235000.0,,330987000.0,330987000.0,,330071000.0,916000.0,2028447000.0,3798922000.0,,,-4666000.0,,,,,,,1307161000.0,2028447000.0,1770475000.0,31902000.0,2476000.0,1307161000.0,463314000.0,-34092000.0,429222000.0,3798922000.0,108700000.0,108700000.0,110600000.0
VF Corp,VFC,CWAJJ9DJ5Z7P057HV541,103379,2011.0,Q2TTM,2010-07-04,2011-06-30,,,5.77,5.77,2.49,,5.77,,,201738000.0,188757000.0,,629550000.0,629550000.0,,627082000.0,2468000.0,4358943000.0,8157528000.0,,,-8258000.0,,,,,,,2705457000.0,4358943000.0,3798585000.0,68647000.0,3822000.0,2907195000.0,891390000.0,-73083000.0,818307000.0,8157528000.0,108700000.0,108700000.0,110600000.0
VF Corp,VFC,CWAJJ9DJ5Z7P057HV541,103379,2011.0,Q1,2011-01-02,2011-04-02,2012-05-09 16:58:36+00:00,,1.85,1.85,0.63,,1.82,,,,56318000.0,,201420000.0,201420000.0,,200703000.0,717000.0,1033856000.0,1958799000.0,,,-1931000.0,,,,,,,650300000.0,1033856000.0,924943000.0,15940000.0,966000.0,650300000.0,274643000.0,-16905000.0,257738000.0,1958799000.0,108500000.0,108500000.0,110300000.0
VF Corp,VFC,CWAJJ9DJ5Z7P057HV541,103379,2011.0,Q1TTM,2010-04-04,2011-04-02,,,5.61,5.61,2.46,,5.61,,,201738000.0,186799000.0,,611473000.0,611473000.0,,608549000.0,2924000.0,4206854000.0,7911509000.0,,,-3600000.0,,,,,,,2630674000.0,4206854000.0,3704655000.0,73179000.0,2808000.0,2832412000.0,872243000.0,-73971000.0,798272000.0,7911509000.0,108500000.0,108500000.0,110300000.0
VF Corp,VFC,CWAJJ9DJ5Z7P057HV541,103379,2012.0,FY,2012-01-01,2012-12-29,2014-02-26 15:07:48+00:00,,2.47,2.47,0.7575,,2.43,,,,335737000.0,,1086138000.0,1086138000.0,,1085999000.0,139000.0,5817880000.0,10879855000.0,,,46860000.0,,,,,,,3596708000.0,5817880000.0,5061975000.0,93605000.0,3353000.0,3596708000.0,1465267000.0,-43392000.0,1421875000.0,10879855000.0,439700000.0,439700000.0,446900000.0
VF Corp,VFC,CWAJJ9DJ5Z7P057HV541,103379,2012.0,Q4,2012-09-30,2012-12-29,,,0.76,0.76,0.22,,0.76,,,,95777000.0,,334168000.0,334168000.0,,334168000.0,,1595512000.0,3033260000.0,,,1988000.0,,,,,,,987460000.0,1595512000.0,1437748000.0,22826000.0,495000.0,987460000.0,450288000.0,-20343000.0,429945000.0,3033260000.0,439700000.0,439700000.0,446900000.0
VF Corp,VFC,CWAJJ9DJ5Z7P057HV541,103379,2012.0,Q3,2012-07-01,2012-09-29,2013-11-06 10:32:02+00:00,,3.48,3.48,0.72,,3.42,,,,133934000.0,,381318000.0,381318000.0,,381318000.0,0.0,1678090000.0,3148354000.0,,,1569000.0,,,,,,,933372000.0,1678090000.0,1470264000.0,23841000.0,632000.0,933372000.0,536892000.0,-21640000.0,515252000.0,3148354000.0,109600000.0,109600000.0,111500000.0
VF Corp,VFC,CWAJJ9DJ5Z7P057HV541,103379,2012.0,Q3YTD,2012-01-01,2012-09-29,,,6.86,6.86,2.17,,6.86,,,,239960000.0,,751970000.0,751970000.0,,751831000.0,139000.0,4222368000.0,7846595000.0,,,44872000.0,,,,,,,2609248000.0,4222368000.0,3624227000.0,70779000.0,2858000.0,2609248000.0,1014979000.0,-23049000.0,991930000.0,7846595000.0,109600000.0,109600000.0,111500000.0
VF Corp,VFC,CWAJJ9DJ5Z7P057HV541,103379,2012.0,Q3TTM,2011-10-02,2012-09-29,,,9.21,9.21,2.89,,9.21,,,,313142000.0,,1009964000.0,1009964000.0,,1009149000.0,815000.0,5817541000.0,10756834000.0,,,48763000.0,,,,,,,3572955000.0,5817541000.0,4939293000.0,95784000.0,3789000.0,3572955000.0,1366338000.0,-43232000.0,1323106000.0,10756834000.0,109600000.0,109600000.0,111500000.0
VF Corp,VFC,CWAJJ9DJ5Z7P057HV541,103379,2012.0,Q2,2012-04-01,2012-06-30,2013-08-07 16:19:33+00:00,,1.42,1.42,0.72,,1.4,,,,27712000.0,,155425000.0,155425000.0,,155297000.0,128000.0,1155412000.0,2141786000.0,,,41557000.0,,,,,,,822389000.0,1155412000.0,986374000.0,23593000.0,1188000.0,822389000.0,163985000.0,19152000.0,183137000.0,2141786000.0,109400000.0,109400000.0,110900000.0
VF Corp,VFC,CWAJJ9DJ5Z7P057HV541,103379,2012.0,Q2YTD,2012-01-01,2012-06-30,,,3.39,3.39,1.45,,3.39,,,,106026000.0,,370652000.0,370652000.0,,370513000.0,139000.0,2544278000.0,4698241000.0,,,43303000.0,,,,,,,1675876000.0,2544278000.0,2153963000.0,46938000.0,2226000.0,1675876000.0,478087000.0,-1409000.0,476678000.0,4698241000.0,109400000.0,109400000.0,110900000.0
VF Corp,VFC,CWAJJ9DJ5Z7P057HV541,103379,2012.0,Q2TTM,2011-07-01,2012-06-30,,,8.49,8.49,2.81,,8.49,,,,282141000.0,,930058000.0,930058000.0,,928531000.0,1527000.0,5644433000.0,10358551000.0,,,40721000.0,,,,,,,3454554000.0,5644433000.0,4714118000.0,92614000.0,4528000.0,3454554000.0,1259564000.0,-47365000.0,1212199000.0,10358551000.0,109400000.0,109400000.0,110900000.0
VF Corp,VFC,CWAJJ9DJ5Z7P057HV541,103379,2012.0,Q1,2012-01-01,2012-03-31,2013-05-08 13:24:16+00:00,,1.95,1.95,0.72,,1.91,,,,78314000.0,,215227000.0,215227000.0,,215216000.0,11000.0,1388866000.0,2556455000.0,,,1746000.0,,,,,,,853487000.0,1388866000.0,1167589000.0,23345000.0,1038000.0,853487000.0,314102000.0,-20561000.0,293541000.0,2556455000.0,110400000.0,110400000.0,112700000.0
VF Corp,VFC,CWAJJ9DJ5Z7P057HV541,103379,2012.0,Q1TTM,2011-04-03,2012-03-31,,,8.18,8.18,2.69,,8.18,,,,296346000.0,,904200000.0,904200000.0,,902602000.0,1598000.0,5483612000.0,10056888000.0,,,-3571000.0,,,,,,,3289026000.0,5483612000.0,4573276000.0,84983000.0,4850000.0,3289026000.0,1284250000.0,-83704000.0,1200546000.0,10056888000.0,110400000.0,110400000.0,112700000.0
VF Corp,VFC,CWAJJ9DJ5Z7P057HV541,103379,2013.0,FY,2012-12-30,2013-12-28,2015-03-03 16:39:25+00:00,,2.76,2.76,0.915,,2.71,,,0.0,352371000.0,,1210119000.0,1210119000.0,,1210119000.0,0.0,5931469000.0,11419648000.0,,,-4025000.0,,,,,,,3841032000.0,5931469000.0,5488179000.0,84773000.0,4141000.0,3841032000.0,1647147000.0,-84657000.0,1562490000.0,11419648000.0,438400000.0,438400000.0,446500000.0
VF Corp,VFC,CWAJJ9DJ5Z7P057HV541,103379,2013.0,Q4,2013-09-29,2013-12-28,,,0.84,0.84,0.26,,0.84,,,,119005000.0,,367667000.0,367667000.0,,367667000.0,,1704690000.0,3290099000.0,,,-2302000.0,,,,,,,1077027000.0,1704690000.0,1585409000.0,20985000.0,1577000.0,1077027000.0,508382000.0,-21710000.0,486672000.0,3290099000.0,438400000.0,438400000.0,446500000.0
VF Corp,VFC,CWAJJ9DJ5Z7P057HV541,103379,2013.0,Q3,2013-06-30,2013-09-28,2014-11-04 15:45:34+00:00,,0.99,0.99,0.2175,,0.97,,,,124705000.0,,433761000.0,433761000.0,,433761000.0,,1728144000.0,3297269000.0,,,-1250000.0,,,,,,,989422000.0,1728144000.0,1569125000.0,21246000.0,1259000.0,989422000.0,579703000.0,-21237000.0,558466000.0,3297269000.0,438100000.0,438100000.0,447200000.0
VF Corp,VFC,CWAJJ9DJ5Z7P057HV541,103379,2013.0,Q3YTD,2012-12-30,2013-09-28,,,1.92,1.92,0.65,,1.92,,,,233366000.0,,842452000.0,842452000.0,,842452000.0,,4226779000.0,8129549000.0,,,-1723000.0,,,,,,,2764005000.0,4226779000.0,3902770000.0,63788000.0,2564000.0,2764005000.0,1138765000.0,-62947000.0,1075818000.0,8129549000.0,438100000.0,438100000.0,447200000.0
VF Corp,VFC,CWAJJ9DJ5Z7P057HV541,103379,2013.0,Q3TTM,2012-09-30,2013-09-28,,,2.69,2.69,0.87,,2.69,,,,329143000.0,,1176620000.0,1176620000.0,,1176620000.0,,5822291000.0,11162809000.0,,,265000.0,,,,,,,3751465000.0,5822291000.0,5340518000.0,86614000.0,3059000.0,3751465000.0,1589053000.0,-83290000.0,1505763000.0,11162809000.0,438100000.0,438100000.0,447200000.0
VF Corp,VFC,CWAJJ9DJ5Z7P057HV541,103379,2013.0,Q2,2013-03-31,2013-06-29,2014-08-05 15:33:35+00:00,,0.32,0.32,0.2175,,0.31,,,,40829000.0,,138274000.0,138274000.0,,138274000.0,,1143358000.0,2220411000.0,,,-1512000.0,,,,,,,875719000.0,1143358000.0,1077053000.0,21534000.0,815000.0,875719000.0,201334000.0,-22231000.0,179103000.0,2220411000.0,432100000.0,432100000.0,446000000.0
VF Corp,VFC,CWAJJ9DJ5Z7P057HV541,103379,2013.0,Q2YTD,2012-12-30,2013-06-29,,,0.95,0.95,0.44,,0.95,,,,108661000.0,,408691000.0,408691000.0,,408691000.0,,2498635000.0,4832280000.0,,,-473000.0,,,,,,,1774583000.0,2498635000.0,2333645000.0,42542000.0,1305000.0,1774583000.0,559062000.0,-41710000.0,517352000.0,4832280000.0,432100000.0,432100000.0,446000000.0
VF Corp,VFC,CWAJJ9DJ5Z7P057HV541,103379,2013.0,Q2TTM,2012-07-01,2013-06-29,,,2.6,2.6,0.85,,2.6,,,,338372000.0,,1124177000.0,1124177000.0,,1124177000.0,,5772237000.0,11013894000.0,,,3084000.0,,,,,,,3695415000.0,5772237000.0,5241657000.0,89209000.0,2432000.0,3695415000.0,1546242000.0,-83693000.0,1462549000.0,11013894000.0,432100000.0,432100000.0,446000000.0
VF Corp,VFC,CWAJJ9DJ5Z7P057HV541,103379,2013.0,Q1,2012-12-30,2013-03-30,2014-05-07 14:08:01+00:00,,0.61,0.61,0.2175,,0.6,,,,67832000.0,,270417000.0,270417000.0,,270417000.0,,1355277000.0,2611869000.0,,,1039000.0,,,,,,,898864000.0,1355277000.0,1256592000.0,21008000.0,490000.0,898864000.0,357728000.0,-19479000.0,338249000.0,2611869000.0,443300000.0,443300000.0,450700000.0
VF Corp,VFC,CWAJJ9DJ5Z7P057HV541,103379,2013.0,Q1TTM,2012-04-01,2013-03-30,,,2.57,2.57,0.79,,2.57,,,,325255000.0,,1141328000.0,1141328000.0,,1141200000.0,128000.0,5784291000.0,10935269000.0,,,46153000.0,,,,,,,3642085000.0,5784291000.0,5150978000.0,91268000.0,2805000.0,3642085000.0,1508893000.0,-42310000.0,1466583000.0,10935269000.0,443300000.0,443300000.0,450700000.0
VF Corp,VFC,CWAJJ9DJ5Z7P057HV541,103379,2014.0,FY,2013-12-29,2015-01-03,2016-03-02 14:38:12+00:00,,2.42,2.42,1.1075,,2.38,,,396362000.0,304861000.0,,1047505000.0,1047505000.0,,1047505000.0,,6288190000.0,12282161000.0,,,-5544000.0,,,,,,,4159885000.0,6288190000.0,5993971000.0,86725000.0,6911000.0,4556247000.0,1437724000.0,-85358000.0,1352366000.0,12282161000.0,432900000.0,432900000.0,440100000.0
VF Corp,VFC,CWAJJ9DJ5Z7P057HV541,103379,2014.0,Q4,2014-09-28,2015-01-03,,,0.28,0.28,0.32,,0.28,,,396362000.0,38222000.0,,122101000.0,122101000.0,,122101000.0,,1823625000.0,3578860000.0,,,-1335000.0,,,,,,,1177229000.0,1823625000.0,1755235000.0,22195000.0,2209000.0,1573591000.0,181644000.0,-21321000.0,160323000.0,3578860000.0,432900000.0,432900000.0,440100000.0
VF Corp,VFC,CWAJJ9DJ5Z7P057HV541,103379,2014.0,Q3,2014-06-29,2014-09-27,2015-11-06 14:48:39+00:00,,1.09,1.09,0.2625,,1.08,,,,140241000.0,,470529000.0,470529000.0,,470529000.0,,1818655000.0,3520447000.0,,,-1609000.0,,,,,,,1068710000.0,1818655000.0,1701792000.0,22555000.0,1852000.0,1068710000.0,633082000.0,-22312000.0,610770000.0,3520447000.0,431700000.0,431700000.0,435700000.0
VF Corp,VFC,CWAJJ9DJ5Z7P057HV541,103379,2014.0,Q3YTD,2013-12-29,2014-09-27,,,2.14,2.14,0.79,,2.14,,,,266639000.0,,925404000.0,925404000.0,,925404000.0,,4464565000.0,8703301000.0,,,-4209000.0,,,,,,,2982656000.0,4464565000.0,4238736000.0,64530000.0,4702000.0,2982656000.0,1256080000.0,-64037000.0,1192043000.0,8703301000.0,431700000.0,431700000.0,435700000.0
VF Corp,VFC,CWAJJ9DJ5Z7P057HV541,103379,2014.0,Q3TTM,2013-09-29,2014-09-27,,,3.0,3.0,1.06,,3.0,,,,385644000.0,,1293071000.0,1293071000.0,,1293071000.0,,6169255000.0,11993400000.0,,,-6511000.0,,,,,,,4059683000.0,6169255000.0,5824145000.0,85515000.0,6279000.0,4059683000.0,1764462000.0,-85747000.0,1678715000.0,11993400000.0,431700000.0,431700000.0,435700000.0
VF Corp,VFC,CWAJJ9DJ5Z7P057HV541,103379,2014.0,Q2,2014-03-30,2014-06-28,2015-08-07 15:44:26+00:00,,0.37,0.37,0.2625,,0.36,,,,41799000.0,,157682000.0,157682000.0,,157682000.0,,1239344000.0,2402076000.0,,,-508000.0,,,,,,,942924000.0,1239344000.0,1162732000.0,21338000.0,1519000.0,942924000.0,219808000.0,-20327000.0,199481000.0,2402076000.0,426200000.0,426200000.0,438000000.0
VF Corp,VFC,CWAJJ9DJ5Z7P057HV541,103379,2014.0,Q2YTD,2013-12-29,2014-06-28,,,1.07,1.07,0.53,,1.07,,,,126398000.0,,454875000.0,454875000.0,,454875000.0,,2645910000.0,5182854000.0,,,-2600000.0,,,,,,,1913946000.0,2645910000.0,2536944000.0,41975000.0,2850000.0,1913946000.0,622998000.0,-41725000.0,581273000.0,5182854000.0,426200000.0,426200000.0,438000000.0
VF Corp,VFC,CWAJJ9DJ5Z7P057HV541,103379,2014.0,Q2TTM,2013-06-30,2014-06-28,,,2.95,2.95,1.03,,2.95,,,,370108000.0,,1256303000.0,1256303000.0,,1256303000.0,,6078744000.0,11770222000.0,,,-6152000.0,,,,,,,3980395000.0,6078744000.0,5691478000.0,84206000.0,5686000.0,3980395000.0,1711083000.0,-84672000.0,1626411000.0,11770222000.0,426200000.0,426200000.0,438000000.0
VF Corp,VFC,CWAJJ9DJ5Z7P057HV541,103379,2014.0,Q1,2013-12-29,2014-03-29,2015-05-12 14:30:34+00:00,,0.68,0.68,0.2625,,0.67,,,,84599000.0,,297193000.0,297193000.0,,297193000.0,,1406566000.0,2780778000.0,,,-2092000.0,,,,,,,971022000.0,1406566000.0,1374212000.0,20637000.0,1331000.0,971022000.0,403190000.0,-21398000.0,381792000.0,2780778000.0,437000000.0,437000000.0,443600000.0
VF Corp,VFC,CWAJJ9DJ5Z7P057HV541,103379,2014.0,Q1TTM,2013-03-31,2014-03-29,,,2.83,2.83,0.96,,2.83,,,,369138000.0,,1236895000.0,1236895000.0,,1236895000.0,,5982758000.0,11588557000.0,,,-7156000.0,,,,,,,3913190000.0,5982758000.0,5605799000.0,84402000.0,4982000.0,3913190000.0,1692609000.0,-86576000.0,1606033000.0,11588557000.0,437000000.0,437000000.0,443600000.0
VF Corp,VFC,CWAJJ9DJ5Z7P057HV541,103379,2015.0,FY,2015-01-04,2016-01-02,2017-03-01 11:56:45+00:00,,2.9,2.9,1.33,,2.85,,,0.0,392204000.0,,1231593000.0,1315131000.0,-83538000.0,1231593000.0,,6235699000.0,12032655000.0,,,1028000.0,,,,,,,4009029000.0,6235699000.0,5796956000.0,88772000.0,7152000.0,4009029000.0,1787927000.0,-80592000.0,1707335000.0,12032655000.0,424700000.0,424700000.0,432100000.0
VF Corp,VFC,CWAJJ9DJ5Z7P057HV541,103379,2015.0,Q4,2015-10-04,2016-01-02,,,0.74,0.74,0.37,,0.74,,,,111163000.0,,312209000.0,400945000.0,-88736000.0,312209000.0,,1683773000.0,3238742000.0,,,806000.0,,,,,,,1023420000.0,1683773000.0,1554969000.0,21900000.0,1653000.0,1023420000.0,531549000.0,-19441000.0,512108000.0,3238742000.0,424700000.0,424700000.0,432100000.0
VF Corp,VFC,CWAJJ9DJ5Z7P057HV541,103379,2015.0,Q3,2015-07-05,2015-10-03,2016-11-03 16:21:17+00:00,,1.08,1.08,0.32,,1.07,,,,159993000.0,,459864000.0,457635000.0,2229000.0,459864000.0,,1844441000.0,3529626000.0,,,-1278000.0,,,,,,,1045622000.0,1844441000.0,1685185000.0,22163000.0,1506000.0,1045622000.0,639563000.0,-21935000.0,617628000.0,3529626000.0,425800000.0,425800000.0,429800000.0
VF Corp,VFC,CWAJJ9DJ5Z7P057HV541,103379,2015.0,Q3YTD,2015-01-04,2015-10-03,,,2.16,2.16,0.96,,2.16,,,,281041000.0,,919384000.0,914186000.0,5198000.0,919384000.0,,4551926000.0,8793913000.0,,,222000.0,,,,,,,2985609000.0,4551926000.0,4241987000.0,66872000.0,5499000.0,2985609000.0,1256378000.0,-61151000.0,1195227000.0,8793913000.0,425800000.0,425800000.0,429800000.0
VF Corp,VFC,CWAJJ9DJ5Z7P057HV541,103379,2015.0,Q3TTM,2014-09-28,2015-10-03,,,2.45,2.45,1.28,,2.45,,,,400229000.0,,1041485000.0,1316531000.0,-275046000.0,1041485000.0,,6200241000.0,11972342000.0,,,-1114000.0,,,,,,,3973489000.0,6200241000.0,5772101000.0,88446000.0,7708000.0,3973489000.0,1798612000.0,-81852000.0,1716760000.0,11972342000.0,425800000.0,425800000.0,429800000.0
VF Corp,VFC,CWAJJ9DJ5Z7P057HV541,103379,2015.0,Q2,2015-04-05,2015-07-04,2016-08-05 16:25:07+00:00,,0.4,0.4,0.32,,0.4,,,,30845000.0,,170811000.0,167842000.0,2969000.0,170811000.0,,1260938000.0,2426986000.0,,,672000.0,,,,,,,947068000.0,1260938000.0,1166048000.0,22860000.0,1895000.0,947068000.0,218980000.0,-20293000.0,198687000.0,2426986000.0,427000000.0,427000000.0,427000000.0
VF Corp,VFC,CWAJJ9DJ5Z7P057HV541,103379,2015.0,Q2YTD,2015-01-04,2015-07-04,,,1.08,1.08,0.64,,1.08,,,,121048000.0,,459520000.0,456551000.0,2969000.0,459520000.0,,2707485000.0,5264287000.0,,,1500000.0,,,,,,,1939987000.0,2707485000.0,2556802000.0,44709000.0,3993000.0,1939987000.0,616815000.0,-39216000.0,577599000.0,5264287000.0,427000000.0,427000000.0,427000000.0
VF Corp,VFC,CWAJJ9DJ5Z7P057HV541,103379,2015.0,Q2TTM,2014-06-29,2015-07-04,,,2.46,2.46,1.22,,2.46,,,,380477000.0,,1052150000.0,1329425000.0,-277275000.0,1052150000.0,,6174455000.0,11963163000.0,,,-1445000.0,,,,,,,3996577000.0,6174455000.0,5788708000.0,88838000.0,8054000.0,3996577000.0,1792131000.0,-82229000.0,1709902000.0,11963163000.0,427000000.0,427000000.0,427000000.0
VF Corp,VFC,CWAJJ9DJ5Z7P057HV541,103379,2015.0,Q1,2015-01-04,2015-04-04,2016-05-10 15:30:18+00:00,,0.68,0.68,0.32,,0.67,,,,90203000.0,,288709000.0,288709000.0,,288709000.0,,1446547000.0,2837301000.0,,,828000.0,,,,,,,992919000.0,1446547000.0,1390754000.0,21849000.0,2098000.0,992919000.0,397835000.0,-18923000.0,378912000.0,2837301000.0,424600000.0,424600000.0,430900000.0
VF Corp,VFC,CWAJJ9DJ5Z7P057HV541,103379,2015.0,Q1TTM,2014-03-30,2015-04-04,,,2.45,2.45,1.18,,2.45,,,,391431000.0,,1039021000.0,1319265000.0,-280244000.0,1039021000.0,,6152861000.0,11938253000.0,,,-2625000.0,,,,,,,3992433000.0,6152861000.0,5785392000.0,87316000.0,7678000.0,3992433000.0,1792959000.0,-82263000.0,1710696000.0,11938253000.0,424600000.0,424600000.0,430900000.0
VF Corp,VFC,CWAJJ9DJ5Z7P057HV541,103379,2016.0,FY,2016-01-03,2016-12-31,2018-02-28 13:47:50+00:00,,2.58,2.58,1.53,,2.54,,,79644000.0,205862000.0,,1074106000.0,1078854000.0,-4748000.0,1074106000.0,,5589923000.0,11026147000.0,,,2002000.0,,,,,,,3988320000.0,5589923000.0,5436224000.0,94722000.0,9176000.0,4067964000.0,1368260000.0,-83544000.0,1284716000.0,11026147000.0,416300000.0,416300000.0,422900000.0
VF Corp,VFC,CWAJJ9DJ5Z7P057HV541,103379,2016.0,Q4,2016-10-02,2016-12-31,,,0.63,0.63,0.42,,0.62,,,79644000.0,17334000.0,,264333000.0,215202000.0,49131000.0,264333000.0,,1360905000.0,2743548000.0,,,306000.0,,,,,,,1049205000.0,1360905000.0,1382643000.0,24281000.0,2717000.0,1128849000.0,253794000.0,-21258000.0,232536000.0,2743548000.0,416300000.0,416300000.0,422900000.0
VF Corp,VFC,CWAJJ9DJ5Z7P057HV541,103379,2016.0,Q3,2016-07-03,2016-10-01,2017-11-02 17:29:50+00:00,,1.21,1.21,0.37,,1.19,,,0.0,99358000.0,,498489000.0,485224000.0,13265000.0,498489000.0,,1693071000.0,3327716000.0,,,-1097000.0,,,,,,,1026398000.0,1693071000.0,1634645000.0,24783000.0,2215000.0,1026398000.0,608247000.0,-23665000.0,584582000.0,3327716000.0,412000000.0,412000000.0,418900000.0
VF Corp,VFC,CWAJJ9DJ5Z7P057HV541,103379,2016.0,Q3YTD,2016-01-03,2016-10-01,,,1.95,1.95,1.11,,1.92,,,,188528000.0,,809773000.0,863652000.0,-53879000.0,809773000.0,,4229018000.0,8282599000.0,,,1696000.0,,,,,,,2939115000.0,4229018000.0,4053581000.0,70441000.0,6459000.0,2939115000.0,1114466000.0,-62286000.0,1052180000.0,8282599000.0,412000000.0,412000000.0,418900000.0
VF Corp,VFC,CWAJJ9DJ5Z7P057HV541,103379,2016.0,Q3TTM,2015-10-04,2016-10-01,,,2.72,2.72,1.5,,2.72,,,,254688000.0,,1121982000.0,1166522000.0,-44540000.0,1121982000.0,,5280858000.0,10485079000.0,,,2502000.0,,,,,,,3701305000.0,5280858000.0,5204221000.0,92320000.0,8112000.0,3701305000.0,1502916000.0,-81706000.0,1421210000.0,10485079000.0,412000000.0,412000000.0,418900000.0
VF Corp,VFC,CWAJJ9DJ5Z7P057HV541,103379,2016.0,Q2,2016-04-03,2016-07-02,2017-08-02 14:22:57+00:00,,0.12,0.12,0.37,,0.12,,,,38036000.0,,51015000.0,136493000.0,-85478000.0,51015000.0,,1185247000.0,2320466000.0,,,1501000.0,,,,,,,940797000.0,1185247000.0,1135219000.0,23630000.0,2236000.0,940797000.0,194422000.0,-19893000.0,174529000.0,2320466000.0,425100000.0,425100000.0,425100000.0
VF Corp,VFC,CWAJJ9DJ5Z7P057HV541,103379,2016.0,Q2YTD,2016-01-03,2016-07-02,,,0.74,0.74,0.74,,0.73,,,,89170000.0,,311284000.0,378428000.0,-67144000.0,311284000.0,,2535947000.0,4954883000.0,,,2793000.0,,,,,,,1912717000.0,2535947000.0,2418936000.0,45658000.0,4244000.0,1912717000.0,506219000.0,-38621000.0,467598000.0,4954883000.0,425100000.0,425100000.0,425100000.0
VF Corp,VFC,CWAJJ9DJ5Z7P057HV541,103379,2016.0,Q2TTM,2015-07-05,2016-07-02,,,2.55,2.55,1.42,,2.55,,,,315323000.0,,1083357000.0,1138933000.0,-55576000.0,1083357000.0,,5432228000.0,10686989000.0,,,2321000.0,,,,,,,3720529000.0,5432228000.0,5254761000.0,89700000.0,7403000.0,3720529000.0,1534232000.0,-79976000.0,1454256000.0,10686989000.0,425100000.0,425100000.0,425100000.0
VF Corp,VFC,CWAJJ9DJ5Z7P057HV541,103379,2016.0,Q1,2016-01-03,2016-04-02,2017-05-10 14:48:53+00:00,,0.62,0.62,0.37,,0.61,,,,51134000.0,,260269000.0,241935000.0,18334000.0,260269000.0,,1350700000.0,2634417000.0,,,1292000.0,,,,,,,971920000.0,1350700000.0,1283717000.0,22028000.0,2008000.0,971920000.0,311797000.0,-18728000.0,293069000.0,2634417000.0,419800000.0,419800000.0,426700000.0
VF Corp,VFC,CWAJJ9DJ5Z7P057HV541,103379,2016.0,Q1TTM,2015-04-05,2016-04-02,,,2.87,2.87,1.39,,2.87,,,,308132000.0,,1203153000.0,1170282000.0,32871000.0,1203153000.0,,5507919000.0,10793509000.0,,,1492000.0,,,,,,,3726800000.0,5507919000.0,5285590000.0,88930000.0,7062000.0,3726800000.0,1558790000.0,-80376000.0,1478414000.0,10793509000.0,419800000.0,419800000.0,426700000.0
VF Corp,VFC,CWAJJ9DJ5Z7P057HV541,103379,2017.0,FY,2017-01-01,2017-12-30,2020-05-27 13:28:25+00:00,,,1.54,1.72,,1.52,,,0.0,519809000.0,,614923000.0,268070000.0,346853000.0,614923000.0,,3849248000.0,8394684000.0,,,-6523000.0,,,,,,,3662062000.0,3849248000.0,4545436000.0,101974000.0,13002000.0,3662062000.0,883374000.0,-95495000.0,787879000.0,8394684000.0,,399223000.0,403559000.0
VF Corp,VFC,CWAJJ9DJ5Z7P057HV541,103379,2017.0,Q4,2017-10-01,2017-12-30,2019-02-04 14:50:50+00:00,,-0.23,-0.23,,,-0.22,,,,533148000.0,,-90269000.0,-72979000.0,-17290000.0,-90269000.0,,1769819000.0,3649283000.0,,,-5456000.0,,,,,,,1391291000.0,1769819000.0,1879464000.0,26971000.0,4423000.0,1391291000.0,488173000.0,-28004000.0,460169000.0,3649283000.0,392500000.0,399223000.0,403559000.0
VF Corp,VFC,CWAJJ9DJ5Z7P057HV541,103379,2017.0,Q3,2017-07-02,2017-09-30,2018-10-31 15:14:32+00:00,,0.98,0.98,0.42,,0.97,,,,77257000.0,,386140000.0,473820000.0,-87680000.0,386140000.0,,1689041000.0,3392934000.0,,,-1913000.0,,,,,,,1128366000.0,1689041000.0,1703893000.0,27108000.0,4571000.0,1128366000.0,575527000.0,-24450000.0,551077000.0,3392934000.0,394000000.0,394000000.0,398100000.0
VF Corp,VFC,CWAJJ9DJ5Z7P057HV541,103379,2017.0,Q3YTD,2017-01-01,2017-09-30,,,1.77,1.77,1.26,,1.74,,,,162138000.0,,705192000.0,794188000.0,-88996000.0,705192000.0,,4075122000.0,8161894000.0,,,-5198000.0,,,,,,,3061916000.0,4075122000.0,4086772000.0,75004000.0,11672000.0,3061916000.0,1024856000.0,-68530000.0,956326000.0,8161894000.0,394000000.0,394000000.0,398100000.0
VF Corp,VFC,CWAJJ9DJ5Z7P057HV541,103379,2017.0,Q3TTM,2016-10-02,2017-09-30,,,2.4,2.4,1.68,,2.36,,,79644000.0,179472000.0,,969525000.0,1009390000.0,-39865000.0,969525000.0,,5436027000.0,10905442000.0,,,-4892000.0,,,,,,,4111121000.0,5436027000.0,5469415000.0,99285000.0,14389000.0,4190765000.0,1278650000.0,-89788000.0,1188862000.0,10905442000.0,394000000.0,394000000.0,398100000.0
VF Corp,VFC,CWAJJ9DJ5Z7P057HV541,103379,2017.0,Q2,2017-04-02,2017-07-01,2018-08-09 11:17:33+00:00,,0.28,0.28,0.42,,0.27,,,,28760000.0,,109889000.0,107092000.0,2797000.0,109889000.0,,1142476000.0,2268620000.0,,,-3217000.0,,,,,,,966468000.0,1142476000.0,1126144000.0,24190000.0,3583000.0,966468000.0,159676000.0,-23824000.0,135852000.0,2268620000.0,392500000.0,392500000.0,407000000.0
VF Corp,VFC,CWAJJ9DJ5Z7P057HV541,103379,2017.0,Q2YTD,2017-01-01,2017-07-01,,,0.79,0.79,0.84,,0.77,,,,84881000.0,,319052000.0,320368000.0,-1316000.0,319052000.0,,2386081000.0,4768960000.0,,,-3285000.0,,,,,,,1933550000.0,2386081000.0,2382879000.0,47896000.0,7101000.0,1933550000.0,449329000.0,-44080000.0,405249000.0,4768960000.0,392500000.0,392500000.0,407000000.0
VF Corp,VFC,CWAJJ9DJ5Z7P057HV541,103379,2017.0,Q2TTM,2016-07-03,2017-07-01,,,2.63,2.63,1.63,,2.58,,,79644000.0,201573000.0,,1081874000.0,1020794000.0,61080000.0,1081874000.0,,5440057000.0,10840224000.0,,,-4076000.0,,,,,,,4009153000.0,5440057000.0,5400167000.0,96960000.0,12033000.0,4088797000.0,1311370000.0,-89003000.0,1222367000.0,10840224000.0,392500000.0,392500000.0,407000000.0
VF Corp,VFC,CWAJJ9DJ5Z7P057HV541,103379,2017.0,Q1,2017-01-01,2017-04-01,2018-05-10 09:49:29+00:00,,0.51,0.51,0.42,,0.5,,,,56121000.0,,209163000.0,213276000.0,-4113000.0,209163000.0,,1243605000.0,2500340000.0,,,-68000.0,,,,,,,967082000.0,1243605000.0,1256735000.0,23706000.0,3518000.0,967082000.0,289653000.0,-20256000.0,269397000.0,2500340000.0,410100000.0,410100000.0,418300000.0
VF Corp,VFC,CWAJJ9DJ5Z7P057HV541,103379,2017.0,Q1TTM,2016-04-03,2017-04-01,,,2.47,2.47,1.58,,2.43,,,79644000.0,210849000.0,,1023000000.0,1050195000.0,-27195000.0,1023000000.0,,5482828000.0,10892070000.0,,,642000.0,,,,,,,3983482000.0,5482828000.0,5409242000.0,96400000.0,10686000.0,4063126000.0,1346116000.0,-85072000.0,1261044000.0,10892070000.0,410100000.0,410100000.0,418300000.0
VF Corp,VFC,CWAJJ9DJ5Z7P057HV541,103379,2018.0,Q1,2017-12-31,2018-03-31,2018-05-10 09:49:29+00:00,,0.64,0.64,0.46,,0.63,,,,32969000.0,,252793000.0,261164000.0,-8371000.0,252793000.0,,1506335000.0,3045446000.0,,,3939000.0,,,,,,,1227752000.0,1506335000.0,1539111000.0,24393000.0,3228000.0,1227752000.0,311359000.0,-17226000.0,294133000.0,3045446000.0,395000000.0,395000000.0,401300000.0
VF Corp,VFC,CWAJJ9DJ5Z7P057HV541,103379,2018.0,Q1TTM,2017-04-02,2018-03-31,,,0.13,1.67,0.04,,1.65,,,,496657000.0,,658553000.0,315958000.0,342595000.0,658553000.0,,4111978000.0,8939790000.0,,,-2516000.0,,,,,,,3922732000.0,4111978000.0,4827812000.0,102661000.0,12712000.0,3922732000.0,905080000.0,-92465000.0,812615000.0,8939790000.0,395000000.0,395000000.0,401300000.0
VF Corp,VFC,CWAJJ9DJ5Z7P057HV541,103379,2019.0,FY,2018-04-01,2019-03-30,2020-05-27 13:28:25+00:00,,,3.19,1.94,,3.15,,,0.0,167887000.0,,1259792000.0,870426000.0,389366000.0,1259792000.0,,4656326000.0,10266887000.0,,,-59139000.0,,,,,,,4420379000.0,4656326000.0,5610561000.0,107738000.0,15008000.0,4420379000.0,1190182000.0,-151869000.0,1038313000.0,10266887000.0,,395189000.0,400496000.0
VF Corp,VFC,CWAJJ9DJ5Z7P057HV541,103379,2019.0,Q4,2018-12-30,2019-03-30,,,-2.86,0.33,-0.46,,0.33,,,,4906000.0,,128804000.0,-16182000.0,144986000.0,128804000.0,,640885000.0,1682650000.0,,,-6717000.0,,,,,,,1030488000.0,640885000.0,1041765000.0,24098000.0,8262000.0,1030488000.0,11277000.0,-22553000.0,-11276000.0,1682650000.0,,395189000.0,400496000.0
VF Corp,VFC,CWAJJ9DJ5Z7P057HV541,103379,2019.0,Q3,2018-09-30,2018-12-29,2020-02-04 11:10:28+00:00,,1.17,1.17,,,1.16,,,,85453000.0,,463509000.0,409120000.0,54389000.0,463509000.0,,1464761000.0,3227712000.0,,,-1027000.0,,,,,,,1242131000.0,1464761000.0,1762951000.0,28336000.0,3116000.0,1242131000.0,520820000.0,-26247000.0,494573000.0,3227712000.0,396200000.0,395294000.0,399767000.0
VF Corp,VFC,CWAJJ9DJ5Z7P057HV541,103379,2019.0,Q3YTD,2018-04-01,2018-12-29,,,2.86,2.86,0.46,,2.82,,,,202595000.0,,1130988000.0,1031611000.0,99377000.0,1130988000.0,,4852362000.0,9984680000.0,,,-55254000.0,,,,,,,3768645000.0,4852362000.0,5132318000.0,83754000.0,9541000.0,3768645000.0,1363673000.0,-129467000.0,1234206000.0,9984680000.0,396200000.0,395294000.0,399767000.0
VF Corp,VFC,CWAJJ9DJ5Z7P057HV541,103379,2019.0,Q2,2018-07-01,2018-09-29,2019-10-31 14:04:03+00:00,,1.28,1.28,,,1.26,,,,70071000.0,,507121000.0,416124000.0,90997000.0,507121000.0,,1545391000.0,3219390000.0,,,-31970000.0,,,,,,,1129013000.0,1545391000.0,1673999000.0,28305000.0,1484000.0,1129013000.0,544986000.0,-58791000.0,486195000.0,3219390000.0,396200000.0,395892000.0,401939000.0
VF Corp,VFC,CWAJJ9DJ5Z7P057HV541,103379,2019.0,Q2YTD,2018-04-01,2018-09-29,,,1.69,1.69,0.46,,1.66,,,,99437000.0,,667479000.0,568485000.0,98994000.0,667479000.0,,2955890000.0,6044521000.0,,,-53480000.0,,,,,,,2316863000.0,2955890000.0,3088631000.0,55357000.0,4991000.0,2316863000.0,771768000.0,-103846000.0,667922000.0,6044521000.0,396200000.0,396200000.0,402500000.0
VF Corp,VFC,CWAJJ9DJ5Z7P057HV541,103379,2019.0,Q1,2018-04-01,2018-06-30,2019-08-08 11:34:39+00:00,,0.41,0.41,0.46,,0.4,,,,7457000.0,,160358000.0,61364000.0,98994000.0,160358000.0,,1005289000.0,2137135000.0,,,-19425000.0,,,,,,,1018747000.0,1005289000.0,1131846000.0,26999000.0,2146000.0,1018747000.0,113099000.0,-44278000.0,68821000.0,2137135000.0,391100000.0,394165000.0,399548000.0
VF Corp,VFC,CWAJJ9DJ5Z7P057HV541,103379,2020.0,Q4,2019-12-29,2020-03-28,,,-2.92,-1.2,-0.51,,-1.19,,,323223000.0,71906000.0,,-483776000.0,-569851000.0,86075000.0,-483776000.0,,556636000.0,1439063000.0,,,-50283000.0,,,,,,,922558000.0,556636000.0,882427000.0,86574000.0,2266000.0,1245781000.0,-363354000.0,-134591000.0,-497945000.0,1439063000.0,,395411000.0,399936000.0
VF Corp,VFC,CWAJJ9DJ5Z7P057HV541,103379,2020.0,FY,2019-03-31,2020-03-28,2020-05-27 13:28:25+00:00,,,1.72,1.9,,1.7,,,323223000.0,98062000.0,,679449000.0,629146000.0,50303000.0,679449000.0,,4690520000.0,10488556000.0,,,-68650000.0,,,,,,,4547008000.0,4690520000.0,5798036000.0,151814000.0,19867000.0,4870231000.0,927805000.0,-200597000.0,727208000.0,10488556000.0,,395411000.0,399936000.0
VF Corp,VFC,CWAJJ9DJ5Z7P057HV541,103379,2020.0,Q3YTD,2019-03-31,2019-12-28,,,2.92,2.92,0.51,,2.89,,,,26156000.0,,1163225000.0,1198997000.0,-35772000.0,1163225000.0,,4133884000.0,9049493000.0,,,-18367000.0,,,,,,,3624450000.0,4133884000.0,4915609000.0,65240000.0,17601000.0,3624450000.0,1291159000.0,-66006000.0,1225153000.0,9049493000.0,397400000.0,395940000.0,400322000.0
VF Corp,VFC,CWAJJ9DJ5Z7P057HV541,103379,2020.0,Q3TTM,2018-12-30,2019-12-28,,,0.06,3.25,0.05,,3.22,,,,31062000.0,,1292029000.0,1182815000.0,109214000.0,1292029000.0,,4774769000.0,10732143000.0,,,-25084000.0,,,,,,,4654938000.0,4774769000.0,5957374000.0,89338000.0,25863000.0,4654938000.0,1302436000.0,-88559000.0,1213877000.0,10732143000.0,397400000.0,395940000.0,400322000.0
VF Corp,VFC,CWAJJ9DJ5Z7P057HV541,103379,2020.0,Q3,2019-09-29,2019-12-28,2020-02-04 11:10:28+00:00,,1.17,1.17,,,1.16,,,,87089000.0,,465003000.0,452747000.0,12256000.0,465003000.0,,1500463000.0,3384746000.0,,,-22152000.0,,,,,,,1305481000.0,1500463000.0,1884283000.0,22303000.0,5489000.0,1305481000.0,578802000.0,-38966000.0,539836000.0,3384746000.0,397400000.0,395940000.0,400322000.0
VF Corp,VFC,CWAJJ9DJ5Z7P057HV541,103379,2020.0,Q2YTD,2019-03-31,2019-09-28,,,1.75,1.75,0.51,,1.73,,,,-60933000.0,,698222000.0,746250000.0,-48028000.0,698222000.0,,2633421000.0,5664747000.0,,,3785000.0,,,,,,,2318969000.0,2633421000.0,3031326000.0,42937000.0,12112000.0,2318969000.0,712357000.0,-27040000.0,685317000.0,5664747000.0,398200000.0,397751000.0,402261000.0
VF Corp,VFC,CWAJJ9DJ5Z7P057HV541,103379,2020.0,Q2TTM,2018-09-30,2019-09-28,,,0.06,3.25,0.05,,3.22,,,,29426000.0,,1290535000.0,1139188000.0,151347000.0,1290535000.0,,4739067000.0,10575109000.0,,,-3959000.0,,,,,,,4591588000.0,4739067000.0,5836042000.0,95371000.0,23490000.0,4591588000.0,1244454000.0,-75840000.0,1168614000.0,10575109000.0,398200000.0,397751000.0,402261000.0
VF Corp,VFC,CWAJJ9DJ5Z7P057HV541,103379,2020.0,Q2,2019-06-30,2019-09-28,2019-10-31 14:04:03+00:00,,1.63,1.63,,,1.61,,,,-87576000.0,,649001000.0,649001000.0,0.0,649001000.0,,1597307000.0,3393268000.0,,,-1813000.0,,,,,,,1216896000.0,1597307000.0,1795961000.0,20810000.0,4983000.0,1216896000.0,579065000.0,-17640000.0,561425000.0,3393268000.0,398200000.0,397751000.0,402261000.0
VF Corp,VFC,CWAJJ9DJ5Z7P057HV541,103379,2020.0,Q1,2019-03-31,2019-06-29,2019-08-08 11:34:39+00:00,,0.12,0.12,0.51,,0.12,,,,26643000.0,,49221000.0,97249000.0,-48028000.0,49221000.0,,1036114000.0,2271479000.0,,,5598000.0,,,,,,,1102073000.0,1036114000.0,1235365000.0,22127000.0,7129000.0,1102073000.0,133292000.0,-9400000.0,123892000.0,2271479000.0,410200000.0,396727000.0,401914000.0
VF Corp,VFC,CWAJJ9DJ5Z7P057HV541,103379,2020.0,Q1TTM,2018-07-01,2019-06-29,,,-0.29,2.9,0.05,,2.87,,,,187073000.0,,1148655000.0,906311000.0,242344000.0,1148655000.0,,4687151000.0,10401231000.0,,,-34116000.0,,,,,,,4503705000.0,4687151000.0,5714080000.0,102866000.0,19991000.0,4503705000.0,1210375000.0,-116991000.0,1093384000.0,10401231000.0,410200000.0,396727000.0,401914000.0
