company_name,company_ticker,company_lei,company_cik,year,quarter,start_date,end_date,filing_date,basicdilutedeps,basiceps,cashdividendspershare,dilutedeps,incometaxexpense,netincome,netincomecontinuing,netincomediscontinued,netincometocommon,netincometononcontrollinginterest,operatingcostofrevenue,operatingrevenue,otherincome,otherrevenue,sgaexpense,totalcostofrevenue,totalgrossprofit,totalinterestexpense,totalinterestincome,totaloperatingexpenses,totaloperatingincome,totalotherincome,totalpretaxincome,totalrevenue,weightedavebasicdilutedsharesos,weightedavebasicsharesos,weightedavedilutedsharesos
Walmart Inc,WMT,Y87794H0US1R65VBXU25,104169,2008.0,FY,2007-02-01,2008-01-31,2010-03-30 17:07:58+00:00,3.13,3.13,0.88,3.13,6889000000.0,13137000000.0,13269000000.0,-132000000.0,12731000000.0,406000000.0,284137000000.0,373821000000.0,,3202000000.0,70934000000.0,284137000000.0,92886000000.0,2103000000.0,309000000.0,70934000000.0,21952000000.0,-1794000000.0,20158000000.0,377023000000.0,4067400000.0,4066000000.0,4072000000.0
Walmart Inc,WMT,Y87794H0US1R65VBXU25,104169,2009.0,FY,2008-02-01,2009-01-31,2011-03-30 17:31:04+00:00,3.4,3.4,0.95,3.39,7133000000.0,13880000000.0,13734000000.0,146000000.0,13381000000.0,499000000.0,303941000000.0,401087000000.0,,3167000000.0,77546000000.0,303941000000.0,100313000000.0,2184000000.0,284000000.0,77546000000.0,22767000000.0,-1900000000.0,20867000000.0,404254000000.0,3935600000.0,3939000000.0,3951000000.0
Walmart Inc,WMT,Y87794H0US1R65VBXU25,104169,2009.0,Q3,2008-08-01,2008-10-31,2009-12-07 18:16:25+00:00,0.8,0.8,0.0,0.8,1690000000.0,3251000000.0,3146000000.0,105000000.0,3138000000.0,113000000.0,73621000000.0,98345000000.0,,,19432000000.0,73621000000.0,24724000000.0,537000000.0,81000000.0,19432000000.0,5292000000.0,-456000000.0,4836000000.0,98345000000.0,3922500000.0,3931000000.0,3944000000.0
Walmart Inc,WMT,Y87794H0US1R65VBXU25,104169,2009.0,Q2,2008-05-01,2008-07-31,2009-09-09 12:11:29+00:00,0.87,0.87,0.0,0.87,1826000000.0,3579000000.0,3531000000.0,48000000.0,3449000000.0,130000000.0,77118000000.0,102342000000.0,,,19411000000.0,77118000000.0,25224000000.0,527000000.0,71000000.0,19411000000.0,5813000000.0,-456000000.0,5357000000.0,102342000000.0,3964400000.0,3945000000.0,3958000000.0
Walmart Inc,WMT,Y87794H0US1R65VBXU25,104169,2010.0,Q4,2009-11-01,2010-01-31,,1.23,1.24,,1.24,1981000000.0,4907000000.0,4964000000.0,-57000000.0,4732000000.0,175000000.0,84747000000.0,110641000000.0,,2953000000.0,21433000000.0,84747000000.0,28847000000.0,522000000.0,53000000.0,21433000000.0,7414000000.0,-469000000.0,6945000000.0,113594000000.0,3862900000.0,3866000000.0,3877000000.0
Walmart Inc,WMT,Y87794H0US1R65VBXU25,104169,2010.0,FY,2009-02-01,2010-01-31,2012-03-27 17:22:22+00:00,3.72,3.72,1.09,3.71,7156000000.0,14883000000.0,14962000000.0,-79000000.0,14370000000.0,513000000.0,304106000000.0,405132000000.0,,2953000000.0,79977000000.0,304106000000.0,103979000000.0,2065000000.0,181000000.0,79977000000.0,24002000000.0,-1884000000.0,22118000000.0,408085000000.0,3862900000.0,3866000000.0,3877000000.0
Walmart Inc,WMT,Y87794H0US1R65VBXU25,104169,2010.0,Q3YTD,2009-02-01,2009-10-31,,2.49,2.48,1.09,2.47,5175000000.0,9976000000.0,9998000000.0,-22000000.0,9638000000.0,338000000.0,219359000000.0,294491000000.0,,,58544000000.0,219359000000.0,75132000000.0,1543000000.0,128000000.0,58544000000.0,16588000000.0,-1415000000.0,15173000000.0,294491000000.0,3742900000.0,3851000000.0,3861000000.0
Walmart Inc,WMT,Y87794H0US1R65VBXU25,104169,2010.0,Q3,2009-08-01,2009-10-31,2010-12-06 08:26:47+00:00,0.84,0.82,,0.81,1702000000.0,3258000000.0,3265000000.0,-7000000.0,3144000000.0,114000000.0,73915000000.0,99373000000.0,,,20016000000.0,73915000000.0,25458000000.0,510000000.0,35000000.0,20016000000.0,5442000000.0,-475000000.0,4967000000.0,99373000000.0,3742900000.0,3851000000.0,3861000000.0
Walmart Inc,WMT,Y87794H0US1R65VBXU25,104169,2010.0,Q2YTD,2009-02-01,2009-07-31,,1.65,1.66,1.09,1.66,3473000000.0,6718000000.0,6733000000.0,-15000000.0,6494000000.0,224000000.0,145444000000.0,195118000000.0,,,38528000000.0,145444000000.0,49674000000.0,1033000000.0,93000000.0,38528000000.0,11146000000.0,-940000000.0,10206000000.0,195118000000.0,3945500000.0,3891000000.0,3900000000.0
Walmart Inc,WMT,Y87794H0US1R65VBXU25,104169,2010.0,Q2,2009-05-01,2009-07-31,2010-09-01 15:50:02+00:00,0.88,0.89,0.0,0.89,1870000000.0,3579000000.0,3586000000.0,-7000000.0,3472000000.0,107000000.0,75056000000.0,100876000000.0,,,19891000000.0,75056000000.0,25820000000.0,515000000.0,42000000.0,19891000000.0,5929000000.0,-473000000.0,5456000000.0,100876000000.0,3945500000.0,3891000000.0,3900000000.0
Walmart Inc,WMT,Y87794H0US1R65VBXU25,104169,2010.0,Q1,2009-02-01,2009-04-30,2010-06-04 11:55:12+00:00,0.77,0.77,1.09,0.77,1603000000.0,3139000000.0,3147000000.0,-8000000.0,3022000000.0,117000000.0,70388000000.0,94242000000.0,,,18637000000.0,70388000000.0,23854000000.0,518000000.0,51000000.0,18637000000.0,5217000000.0,-467000000.0,4750000000.0,94242000000.0,3924700000.0,3920000000.0,3930000000.0
Walmart Inc,WMT,Y87794H0US1R65VBXU25,104169,2011.0,Q4,2010-11-01,2011-01-31,,1.68,1.68,,1.68,2294000000.0,6212000000.0,5178000000.0,1034000000.0,6056000000.0,156000000.0,87071000000.0,113463000000.0,,2897000000.0,21285000000.0,87071000000.0,29289000000.0,572000000.0,40000000.0,21285000000.0,8004000000.0,-532000000.0,7472000000.0,116360000000.0,3658300000.0,3656000000.0,3670000000.0
Walmart Inc,WMT,Y87794H0US1R65VBXU25,104169,2011.0,FY,2010-02-01,2011-01-31,2013-03-26 17:09:05+00:00,4.48,4.48,1.21,4.47,7579000000.0,16993000000.0,15959000000.0,1034000000.0,16389000000.0,604000000.0,314946000000.0,418952000000.0,,2897000000.0,81361000000.0,314946000000.0,106903000000.0,2205000000.0,201000000.0,81361000000.0,25542000000.0,-2004000000.0,23538000000.0,421849000000.0,3658300000.0,3656000000.0,3670000000.0
Walmart Inc,WMT,Y87794H0US1R65VBXU25,104169,2011.0,Q3,2010-08-01,2010-10-31,2011-12-08 16:48:43+00:00,0.95,0.95,,0.95,1505000000.0,3590000000.0,3590000000.0,,3436000000.0,154000000.0,75819000000.0,101952000000.0,,,20522000000.0,75819000000.0,26133000000.0,569000000.0,53000000.0,20522000000.0,5611000000.0,-516000000.0,5095000000.0,101952000000.0,3616800000.0,3617000000.0,3631000000.0
Walmart Inc,WMT,Y87794H0US1R65VBXU25,104169,2011.0,Q3YTD,2010-02-01,2010-10-31,,2.8,2.8,1.21,2.79,5285000000.0,10781000000.0,10781000000.0,,10333000000.0,448000000.0,227875000000.0,305489000000.0,,,60076000000.0,227875000000.0,77614000000.0,1633000000.0,161000000.0,60076000000.0,17538000000.0,-1472000000.0,16066000000.0,305489000000.0,3616800000.0,3617000000.0,3631000000.0
Walmart Inc,WMT,Y87794H0US1R65VBXU25,104169,2011.0,Q3TTM,2009-11-01,2010-10-31,,4.03,4.04,1.21,4.03,7266000000.0,15688000000.0,15745000000.0,-57000000.0,15065000000.0,623000000.0,312622000000.0,416130000000.0,,2953000000.0,81509000000.0,312622000000.0,106461000000.0,2155000000.0,214000000.0,81509000000.0,24952000000.0,-1941000000.0,23011000000.0,419083000000.0,3616800000.0,3617000000.0,3631000000.0
Walmart Inc,WMT,Y87794H0US1R65VBXU25,104169,2011.0,Q2YTD,2010-02-01,2010-07-31,,1.85,1.85,1.21,1.84,3780000000.0,7191000000.0,7191000000.0,,6897000000.0,294000000.0,152056000000.0,203537000000.0,,,39554000000.0,152056000000.0,51481000000.0,1064000000.0,108000000.0,39554000000.0,11927000000.0,-956000000.0,10971000000.0,203537000000.0,3707200000.0,3696000000.0,3707000000.0
Walmart Inc,WMT,Y87794H0US1R65VBXU25,104169,2011.0,Q2TTM,2009-08-01,2010-07-31,,3.92,3.91,1.21,3.89,7463000000.0,15356000000.0,15420000000.0,-64000000.0,14773000000.0,583000000.0,310718000000.0,413551000000.0,,2953000000.0,81003000000.0,310718000000.0,105786000000.0,2096000000.0,196000000.0,81003000000.0,24783000000.0,-1900000000.0,22883000000.0,416504000000.0,3707200000.0,3696000000.0,3707000000.0
Walmart Inc,WMT,Y87794H0US1R65VBXU25,104169,2011.0,Q2,2010-05-01,2010-07-31,2011-09-01 12:55:04+00:00,0.97,0.97,0.0,0.97,1958000000.0,3747000000.0,3747000000.0,0.0,3596000000.0,151000000.0,77438000000.0,103726000000.0,,,20098000000.0,77438000000.0,26288000000.0,542000000.0,57000000.0,20098000000.0,6190000000.0,-485000000.0,5705000000.0,103726000000.0,3707200000.0,3696000000.0,3707000000.0
Walmart Inc,WMT,Y87794H0US1R65VBXU25,104169,2011.0,Q1TTM,2009-05-01,2010-04-30,,3.83,3.83,1.21,3.81,7375000000.0,15188000000.0,15259000000.0,-71000000.0,14649000000.0,539000000.0,308336000000.0,410701000000.0,,2953000000.0,80796000000.0,308336000000.0,105318000000.0,2069000000.0,181000000.0,80796000000.0,24522000000.0,-1888000000.0,22634000000.0,413654000000.0,3751100000.0,3765000000.0,3781000000.0
Walmart Inc,WMT,Y87794H0US1R65VBXU25,104169,2011.0,Q1,2010-02-01,2010-04-30,2011-06-03 17:28:43+00:00,0.88,0.88,1.21,0.87,1822000000.0,3444000000.0,3444000000.0,,3301000000.0,143000000.0,74618000000.0,99811000000.0,,,19456000000.0,74618000000.0,25193000000.0,522000000.0,51000000.0,19456000000.0,5737000000.0,-471000000.0,5266000000.0,99811000000.0,3751100000.0,3765000000.0,3781000000.0
Walmart Inc,WMT,Y87794H0US1R65VBXU25,104169,2012.0,Q4,2011-11-01,2012-01-31,,1.51,1.51,,1.5,2414000000.0,5407000000.0,5392000000.0,15000000.0,5163000000.0,244000000.0,92455000000.0,120345000000.0,,2383000000.0,21939000000.0,92455000000.0,30273000000.0,558000000.0,30000000.0,21939000000.0,8334000000.0,-528000000.0,7806000000.0,122728000000.0,3457900000.0,3460000000.0,3474000000.0
Walmart Inc,WMT,Y87794H0US1R65VBXU25,104169,2012.0,FY,2011-02-01,2012-01-31,2014-03-21 17:10:49+00:00,4.54,4.54,1.46,4.52,7924000000.0,16387000000.0,16408000000.0,-21000000.0,15699000000.0,688000000.0,334993000000.0,443416000000.0,,3093000000.0,85025000000.0,334993000000.0,111516000000.0,2320000000.0,161000000.0,85025000000.0,26491000000.0,-2159000000.0,24332000000.0,446509000000.0,3457900000.0,3460000000.0,3474000000.0
Walmart Inc,WMT,Y87794H0US1R65VBXU25,104169,2012.0,Q3YTD,2011-02-01,2011-10-31,,3.03,3.03,1.46,3.02,5510000000.0,10980000000.0,11016000000.0,-36000000.0,10536000000.0,444000000.0,242538000000.0,323071000000.0,,710000000.0,63086000000.0,242538000000.0,81243000000.0,1762000000.0,131000000.0,63086000000.0,18157000000.0,-1631000000.0,16526000000.0,323781000000.0,3439200000.0,3445000000.0,3458000000.0
Walmart Inc,WMT,Y87794H0US1R65VBXU25,104169,2012.0,Q3TTM,2010-11-01,2011-10-31,,4.71,4.71,1.46,4.7,7804000000.0,17192000000.0,16194000000.0,998000000.0,16592000000.0,600000000.0,329609000000.0,436534000000.0,,3607000000.0,84371000000.0,329609000000.0,110532000000.0,2334000000.0,171000000.0,84371000000.0,26161000000.0,-2163000000.0,23998000000.0,440141000000.0,3439200000.0,3445000000.0,3458000000.0
Walmart Inc,WMT,Y87794H0US1R65VBXU25,104169,2012.0,Q3,2011-08-01,2011-10-31,2012-12-04 16:49:27+00:00,0.97,0.97,0.0,0.96,1842000000.0,3493000000.0,3501000000.0,-8000000.0,3336000000.0,157000000.0,82591000000.0,109516000000.0,,710000000.0,21757000000.0,82591000000.0,27635000000.0,600000000.0,65000000.0,21757000000.0,5878000000.0,-535000000.0,5343000000.0,110226000000.0,3439200000.0,3445000000.0,3458000000.0
Walmart Inc,WMT,Y87794H0US1R65VBXU25,104169,2012.0,Q2YTD,2011-02-01,2011-07-31,,2.06,2.06,1.46,2.06,3668000000.0,7487000000.0,7515000000.0,-28000000.0,7200000000.0,287000000.0,159947000000.0,213555000000.0,,,41329000000.0,159947000000.0,53608000000.0,1162000000.0,66000000.0,41329000000.0,12279000000.0,-1096000000.0,11183000000.0,213555000000.0,3487200000.0,3472000000.0,3485000000.0
Walmart Inc,WMT,Y87794H0US1R65VBXU25,104169,2012.0,Q2TTM,2010-08-01,2011-07-31,,4.69,4.69,1.46,4.69,7467000000.0,17289000000.0,16283000000.0,1006000000.0,16692000000.0,597000000.0,322837000000.0,428970000000.0,,2897000000.0,83136000000.0,322837000000.0,109030000000.0,2303000000.0,159000000.0,83136000000.0,25894000000.0,-2144000000.0,23750000000.0,431867000000.0,3487200000.0,3472000000.0,3485000000.0
Walmart Inc,WMT,Y87794H0US1R65VBXU25,104169,2012.0,Q2,2011-05-01,2011-07-31,2012-09-06 16:25:30+00:00,1.09,1.09,0.0,1.09,1868000000.0,3937000000.0,3937000000.0,0.0,3801000000.0,136000000.0,81770000000.0,109366000000.0,,,21213000000.0,81770000000.0,27596000000.0,600000000.0,22000000.0,21213000000.0,6383000000.0,-578000000.0,5805000000.0,109366000000.0,3487200000.0,3472000000.0,3485000000.0
Walmart Inc,WMT,Y87794H0US1R65VBXU25,104169,2012.0,Q1TTM,2010-05-01,2011-04-30,,4.57,4.57,1.46,4.57,7557000000.0,17099000000.0,16093000000.0,1006000000.0,16487000000.0,612000000.0,318505000000.0,423330000000.0,,2897000000.0,82021000000.0,318505000000.0,107722000000.0,2245000000.0,194000000.0,82021000000.0,25701000000.0,-2051000000.0,23650000000.0,426227000000.0,3504100000.0,3497000000.0,3513000000.0
Walmart Inc,WMT,Y87794H0US1R65VBXU25,104169,2012.0,Q1,2011-02-01,2011-04-30,2012-06-01 17:18:21+00:00,0.97,0.97,1.46,0.97,1800000000.0,3550000000.0,3578000000.0,-28000000.0,3399000000.0,151000000.0,78177000000.0,104189000000.0,,,20116000000.0,78177000000.0,26012000000.0,562000000.0,44000000.0,20116000000.0,5896000000.0,-518000000.0,5378000000.0,104189000000.0,3504100000.0,3497000000.0,3513000000.0
Walmart Inc,WMT,Y87794H0US1R65VBXU25,104169,2013.0,Q4,2012-11-01,2013-01-31,,1.67,1.67,,1.67,2230000000.0,5876000000.0,5840000000.0,36000000.0,5606000000.0,270000000.0,96006000000.0,126743000000.0,,816000000.0,23006000000.0,96006000000.0,31553000000.0,531000000.0,54000000.0,23006000000.0,8547000000.0,-477000000.0,8070000000.0,127559000000.0,3372800000.0,3374000000.0,3389000000.0
Walmart Inc,WMT,Y87794H0US1R65VBXU25,104169,2013.0,FY,2012-02-01,2013-01-31,2015-04-01 16:44:17+00:00,5.04,5.04,1.59,5.02,7958000000.0,17756000000.0,17704000000.0,52000000.0,16999000000.0,757000000.0,352297000000.0,465604000000.0,,3047000000.0,88629000000.0,352297000000.0,116354000000.0,2249000000.0,186000000.0,88629000000.0,27725000000.0,-2063000000.0,25662000000.0,468651000000.0,3372800000.0,3374000000.0,3389000000.0
Walmart Inc,WMT,Y87794H0US1R65VBXU25,104169,2013.0,Q3YTD,2012-02-01,2012-10-31,,3.37,3.37,1.59,3.35,5728000000.0,11880000000.0,11864000000.0,16000000.0,11393000000.0,487000000.0,256291000000.0,338861000000.0,,2231000000.0,65623000000.0,256291000000.0,84801000000.0,1718000000.0,132000000.0,65623000000.0,19178000000.0,-1586000000.0,17592000000.0,341092000000.0,3365700000.0,3364000000.0,3379000000.0
Walmart Inc,WMT,Y87794H0US1R65VBXU25,104169,2013.0,Q3TTM,2011-11-01,2012-10-31,,4.88,4.88,1.59,4.85,8142000000.0,17287000000.0,17256000000.0,31000000.0,16556000000.0,731000000.0,348746000000.0,459206000000.0,,4614000000.0,87562000000.0,348746000000.0,115074000000.0,2276000000.0,162000000.0,87562000000.0,27512000000.0,-2114000000.0,25398000000.0,463820000000.0,3365700000.0,3364000000.0,3379000000.0
Walmart Inc,WMT,Y87794H0US1R65VBXU25,104169,2013.0,Q3,2012-08-01,2012-10-31,2013-12-06 17:17:23+00:00,1.08,1.08,0.0,1.08,1738000000.0,3825000000.0,3809000000.0,16000000.0,3635000000.0,190000000.0,85470000000.0,113077000000.0,,723000000.0,22237000000.0,85470000000.0,28330000000.0,590000000.0,44000000.0,22237000000.0,6093000000.0,-546000000.0,5547000000.0,113800000000.0,3365700000.0,3364000000.0,3379000000.0
Walmart Inc,WMT,Y87794H0US1R65VBXU25,104169,2013.0,Q2,2012-05-01,2012-07-31,2013-10-21 17:25:31+00:00,1.19,1.19,0.0,1.18,2032000000.0,4161000000.0,4161000000.0,,4016000000.0,145000000.0,85643000000.0,113520000000.0,,762000000.0,21941000000.0,85643000000.0,28639000000.0,555000000.0,50000000.0,21941000000.0,6698000000.0,-505000000.0,6193000000.0,114282000000.0,3374800000.0,3384000000.0,3398000000.0
Walmart Inc,WMT,Y87794H0US1R65VBXU25,104169,2013.0,Q2YTD,2012-02-01,2012-07-31,,2.29,2.29,1.59,2.27,3990000000.0,8055000000.0,8055000000.0,,7758000000.0,297000000.0,170821000000.0,225784000000.0,,1508000000.0,43386000000.0,170821000000.0,56471000000.0,1128000000.0,88000000.0,43386000000.0,13085000000.0,-1040000000.0,12045000000.0,227292000000.0,3374800000.0,3384000000.0,3398000000.0
Walmart Inc,WMT,Y87794H0US1R65VBXU25,104169,2013.0,Q2TTM,2011-08-01,2012-07-31,,4.77,4.77,1.59,4.73,8246000000.0,16955000000.0,16948000000.0,7000000.0,16257000000.0,698000000.0,345867000000.0,455645000000.0,,4601000000.0,87082000000.0,345867000000.0,114379000000.0,2286000000.0,183000000.0,87082000000.0,27297000000.0,-2103000000.0,25194000000.0,460246000000.0,3374800000.0,3384000000.0,3398000000.0
Walmart Inc,WMT,Y87794H0US1R65VBXU25,104169,2013.0,Q1,2012-02-01,2012-04-30,2013-06-07 17:10:53+00:00,1.1,1.1,1.59,1.09,1958000000.0,3894000000.0,3894000000.0,,3742000000.0,152000000.0,85178000000.0,112264000000.0,,746000000.0,21445000000.0,85178000000.0,27832000000.0,573000000.0,38000000.0,21445000000.0,6387000000.0,-535000000.0,5852000000.0,113010000000.0,3401800000.0,3409000000.0,3425000000.0
Walmart Inc,WMT,Y87794H0US1R65VBXU25,104169,2013.0,Q1TTM,2011-05-01,2012-04-30,,4.67,4.67,1.59,4.64,8082000000.0,16731000000.0,16724000000.0,7000000.0,16042000000.0,689000000.0,341994000000.0,451491000000.0,,3839000000.0,86354000000.0,341994000000.0,113336000000.0,2331000000.0,155000000.0,86354000000.0,26982000000.0,-2176000000.0,24806000000.0,455330000000.0,3401800000.0,3409000000.0,3425000000.0
Walmart Inc,WMT,Y87794H0US1R65VBXU25,104169,2014.0,FY,2013-02-01,2014-01-31,2016-03-30 17:18:29+00:00,4.9,4.9,1.88,4.88,8105000000.0,16695000000.0,16551000000.0,144000000.0,16022000000.0,673000000.0,358069000000.0,473076000000.0,,3218000000.0,91353000000.0,358069000000.0,118225000000.0,2335000000.0,119000000.0,91353000000.0,26872000000.0,-2216000000.0,24656000000.0,476294000000.0,3269800000.0,3269000000.0,3283000000.0
Walmart Inc,WMT,Y87794H0US1R65VBXU25,104169,2014.0,Q4,2013-11-01,2014-01-31,,1.35,1.35,,1.36,2249000000.0,4650000000.0,4544000000.0,106000000.0,4431000000.0,219000000.0,97971000000.0,128786000000.0,,920000000.0,24388000000.0,97971000000.0,31735000000.0,581000000.0,27000000.0,24388000000.0,7347000000.0,-554000000.0,6793000000.0,129706000000.0,3269800000.0,3269000000.0,3283000000.0
Walmart Inc,WMT,Y87794H0US1R65VBXU25,104169,2014.0,Q3YTD,2013-02-01,2013-10-31,,3.55,3.55,1.88,3.52,5856000000.0,12045000000.0,12007000000.0,38000000.0,11591000000.0,454000000.0,260098000000.0,344290000000.0,,2298000000.0,66965000000.0,260098000000.0,86490000000.0,1754000000.0,92000000.0,66965000000.0,19525000000.0,-1662000000.0,17863000000.0,346588000000.0,3250400000.0,3257000000.0,3271000000.0
Walmart Inc,WMT,Y87794H0US1R65VBXU25,104169,2014.0,Q3TTM,2012-11-01,2013-10-31,,5.22,5.22,1.88,5.19,8086000000.0,17921000000.0,17847000000.0,74000000.0,17197000000.0,724000000.0,356104000000.0,471033000000.0,,3114000000.0,89971000000.0,356104000000.0,118043000000.0,2285000000.0,146000000.0,89971000000.0,28072000000.0,-2139000000.0,25933000000.0,474147000000.0,3250400000.0,3257000000.0,3271000000.0
Walmart Inc,WMT,Y87794H0US1R65VBXU25,104169,2014.0,Q3,2013-08-01,2013-10-31,2014-12-01 15:40:18+00:00,1.15,1.15,0.0,1.14,1860000000.0,3885000000.0,3870000000.0,15000000.0,3738000000.0,147000000.0,86687000000.0,114876000000.0,,812000000.0,22691000000.0,86687000000.0,29001000000.0,592000000.0,12000000.0,22691000000.0,6310000000.0,-580000000.0,5730000000.0,115688000000.0,3250400000.0,3257000000.0,3271000000.0
Walmart Inc,WMT,Y87794H0US1R65VBXU25,104169,2014.0,Q2YTD,2013-02-01,2013-07-31,,2.4,2.4,1.88,2.38,3996000000.0,8160000000.0,8137000000.0,23000000.0,7853000000.0,307000000.0,173411000000.0,229414000000.0,,1486000000.0,44274000000.0,173411000000.0,57489000000.0,1162000000.0,80000000.0,44274000000.0,13215000000.0,-1082000000.0,12133000000.0,230900000000.0,3255200000.0,3278000000.0,3291000000.0
Walmart Inc,WMT,Y87794H0US1R65VBXU25,104169,2014.0,Q2TTM,2012-08-01,2013-07-31,,5.15,5.15,1.88,5.13,7964000000.0,17861000000.0,17786000000.0,75000000.0,17094000000.0,767000000.0,354887000000.0,469234000000.0,,3025000000.0,89517000000.0,354887000000.0,117372000000.0,2283000000.0,178000000.0,89517000000.0,27855000000.0,-2105000000.0,25750000000.0,472259000000.0,3255200000.0,3278000000.0,3291000000.0
Walmart Inc,WMT,Y87794H0US1R65VBXU25,104169,2014.0,Q2,2013-05-01,2013-07-31,2014-09-05 17:17:02+00:00,1.25,1.25,,1.24,2020000000.0,4215000000.0,4205000000.0,10000000.0,4069000000.0,146000000.0,87420000000.0,116101000000.0,,729000000.0,22633000000.0,87420000000.0,29410000000.0,589000000.0,37000000.0,22633000000.0,6777000000.0,-552000000.0,6225000000.0,116830000000.0,3255200000.0,3278000000.0,3291000000.0
Walmart Inc,WMT,Y87794H0US1R65VBXU25,104169,2014.0,Q1TTM,2012-05-01,2013-04-30,,5.09,5.09,1.88,5.07,7976000000.0,17807000000.0,17742000000.0,65000000.0,17041000000.0,766000000.0,353110000000.0,466653000000.0,,3058000000.0,88825000000.0,353110000000.0,116601000000.0,2249000000.0,191000000.0,88825000000.0,27776000000.0,-2058000000.0,25718000000.0,469711000000.0,3290400000.0,3301000000.0,3318000000.0
Walmart Inc,WMT,Y87794H0US1R65VBXU25,104169,2014.0,Q1,2013-02-01,2013-04-30,2014-06-06 17:06:48+00:00,1.15,1.15,1.88,1.14,1976000000.0,3945000000.0,3932000000.0,13000000.0,3784000000.0,161000000.0,85991000000.0,113313000000.0,,757000000.0,21641000000.0,85991000000.0,28079000000.0,573000000.0,43000000.0,21641000000.0,6438000000.0,-530000000.0,5908000000.0,114070000000.0,3290400000.0,3301000000.0,3318000000.0
Walmart Inc,WMT,Y87794H0US1R65VBXU25,104169,2015.0,FY,2014-02-01,2015-01-31,2017-03-31 16:54:02+00:00,5.07,5.07,1.92,5.05,7985000000.0,17099000000.0,16814000000.0,285000000.0,16363000000.0,736000000.0,365086000000.0,482229000000.0,,3422000000.0,93418000000.0,365086000000.0,120565000000.0,2461000000.0,113000000.0,93418000000.0,27147000000.0,-2348000000.0,24799000000.0,485651000000.0,3227400000.0,3230000000.0,3243000000.0
Walmart Inc,WMT,Y87794H0US1R65VBXU25,104169,2015.0,Q4,2014-11-01,2015-01-31,,1.54,1.54,,1.53,2175000000.0,5188000000.0,5188000000.0,,4966000000.0,222000000.0,99115000000.0,130650000000.0,,915000000.0,24501000000.0,99115000000.0,32450000000.0,623000000.0,37000000.0,24501000000.0,7949000000.0,-586000000.0,7363000000.0,131565000000.0,3227400000.0,3230000000.0,3243000000.0
Walmart Inc,WMT,Y87794H0US1R65VBXU25,104169,2015.0,Q3,2014-08-01,2014-10-31,2015-12-02 16:49:46+00:00,1.15,1.15,0.0,1.15,1783000000.0,3826000000.0,3826000000.0,0.0,3711000000.0,115000000.0,89247000000.0,118076000000.0,,925000000.0,23489000000.0,89247000000.0,29754000000.0,676000000.0,20000000.0,23489000000.0,6265000000.0,-656000000.0,5609000000.0,119001000000.0,3227000000.0,3229000000.0,3240000000.0
Walmart Inc,WMT,Y87794H0US1R65VBXU25,104169,2015.0,Q3YTD,2014-02-01,2014-10-31,,3.53,3.53,1.92,3.52,5810000000.0,11911000000.0,11626000000.0,285000000.0,11397000000.0,514000000.0,265971000000.0,351579000000.0,,2507000000.0,68917000000.0,265971000000.0,88115000000.0,1838000000.0,76000000.0,68917000000.0,19198000000.0,-1762000000.0,17436000000.0,354086000000.0,3227000000.0,3229000000.0,3240000000.0
Walmart Inc,WMT,Y87794H0US1R65VBXU25,104169,2015.0,Q3TTM,2013-11-01,2014-10-31,,4.88,4.88,1.92,4.88,8059000000.0,16561000000.0,16170000000.0,391000000.0,15828000000.0,733000000.0,363942000000.0,480365000000.0,,3427000000.0,93305000000.0,363942000000.0,119850000000.0,2419000000.0,103000000.0,93305000000.0,26545000000.0,-2316000000.0,24229000000.0,483792000000.0,3227000000.0,3229000000.0,3240000000.0
Walmart Inc,WMT,Y87794H0US1R65VBXU25,104169,2015.0,Q2,2014-05-01,2014-07-31,2015-09-09 16:41:30+00:00,1.27,1.27,0.0,1.26,2113000000.0,4359000000.0,4089000000.0,270000000.0,4093000000.0,266000000.0,90010000000.0,119336000000.0,,789000000.0,23375000000.0,90010000000.0,30115000000.0,570000000.0,32000000.0,23375000000.0,6740000000.0,-538000000.0,6202000000.0,120125000000.0,3222800000.0,3230000000.0,3241000000.0
Walmart Inc,WMT,Y87794H0US1R65VBXU25,104169,2015.0,Q2YTD,2014-02-01,2014-07-31,,2.38,2.38,1.92,2.37,4027000000.0,8085000000.0,7800000000.0,285000000.0,7686000000.0,399000000.0,176724000000.0,233503000000.0,,1582000000.0,45428000000.0,176724000000.0,58361000000.0,1162000000.0,56000000.0,45428000000.0,12933000000.0,-1106000000.0,11827000000.0,235085000000.0,3222800000.0,3230000000.0,3241000000.0
Walmart Inc,WMT,Y87794H0US1R65VBXU25,104169,2015.0,Q2TTM,2013-08-01,2014-07-31,,4.88,4.88,1.92,4.87,8136000000.0,16620000000.0,16214000000.0,406000000.0,15855000000.0,765000000.0,361382000000.0,477165000000.0,,3314000000.0,92507000000.0,361382000000.0,119097000000.0,2335000000.0,95000000.0,92507000000.0,26590000000.0,-2240000000.0,24350000000.0,480479000000.0,3222800000.0,3230000000.0,3241000000.0
Walmart Inc,WMT,Y87794H0US1R65VBXU25,104169,2015.0,Q1TTM,2013-05-01,2014-04-30,,4.86,4.86,1.92,4.85,8043000000.0,16476000000.0,16330000000.0,146000000.0,15831000000.0,645000000.0,358792000000.0,473930000000.0,,3254000000.0,91765000000.0,358792000000.0,118392000000.0,2354000000.0,100000000.0,91765000000.0,26627000000.0,-2254000000.0,24373000000.0,477184000000.0,3236900000.0,3233000000.0,3248000000.0
Walmart Inc,WMT,Y87794H0US1R65VBXU25,104169,2015.0,Q1,2014-02-01,2014-04-30,2015-06-05 17:22:09+00:00,1.11,1.11,1.92,1.11,1914000000.0,3726000000.0,3711000000.0,15000000.0,3593000000.0,133000000.0,86714000000.0,114167000000.0,,793000000.0,22053000000.0,86714000000.0,28246000000.0,592000000.0,24000000.0,22053000000.0,6193000000.0,-568000000.0,5625000000.0,114960000000.0,3236900000.0,3233000000.0,3248000000.0
Walmart Inc,WMT,Y87794H0US1R65VBXU25,104169,2016.0,FY,2015-02-01,2016-01-31,2018-03-30 16:01:22+00:00,4.58,4.58,1.96,4.57,6558000000.0,15080000000.0,15080000000.0,,14694000000.0,386000000.0,360984000000.0,478614000000.0,,3516000000.0,97041000000.0,360984000000.0,121146000000.0,2548000000.0,81000000.0,97041000000.0,24105000000.0,-2467000000.0,21638000000.0,482130000000.0,3208300000.0,3207000000.0,3217000000.0
Walmart Inc,WMT,Y87794H0US1R65VBXU25,104169,2016.0,Q4,2015-11-01,2016-01-31,,1.44,1.44,,1.43,1346000000.0,4748000000.0,4748000000.0,,4574000000.0,174000000.0,96999000000.0,128684000000.0,,983000000.0,26026000000.0,96999000000.0,32668000000.0,565000000.0,17000000.0,26026000000.0,6642000000.0,-548000000.0,6094000000.0,129667000000.0,3208300000.0,3207000000.0,3217000000.0
Walmart Inc,WMT,Y87794H0US1R65VBXU25,104169,2016.0,Q3,2015-08-01,2015-10-31,2016-12-01 17:16:20+00:00,1.03,1.03,0.0,1.03,1748000000.0,3414000000.0,3414000000.0,,3304000000.0,110000000.0,87446000000.0,116598000000.0,,810000000.0,24248000000.0,87446000000.0,29962000000.0,573000000.0,21000000.0,24248000000.0,5714000000.0,-552000000.0,5162000000.0,117408000000.0,3207800000.0,3210000000.0,3219000000.0
Walmart Inc,WMT,Y87794H0US1R65VBXU25,104169,2016.0,Q3YTD,2015-02-01,2015-10-31,,3.14,3.14,1.96,3.14,5212000000.0,10332000000.0,10332000000.0,,10120000000.0,212000000.0,263985000000.0,349930000000.0,,2533000000.0,71015000000.0,263985000000.0,88478000000.0,1983000000.0,64000000.0,71015000000.0,17463000000.0,-1919000000.0,15544000000.0,352463000000.0,3207800000.0,3210000000.0,3219000000.0
Walmart Inc,WMT,Y87794H0US1R65VBXU25,104169,2016.0,Q3TTM,2014-11-01,2015-10-31,,4.68,4.68,1.96,4.67,7387000000.0,15520000000.0,15520000000.0,,15086000000.0,434000000.0,363100000000.0,480580000000.0,,3448000000.0,95516000000.0,363100000000.0,120928000000.0,2606000000.0,101000000.0,95516000000.0,25412000000.0,-2505000000.0,22907000000.0,484028000000.0,3207800000.0,3210000000.0,3219000000.0
Walmart Inc,WMT,Y87794H0US1R65VBXU25,104169,2016.0,Q2,2015-05-01,2015-07-31,2016-08-31 17:25:20+00:00,1.08,1.08,0.0,1.08,1891000000.0,3635000000.0,3635000000.0,,3475000000.0,160000000.0,90056000000.0,119330000000.0,,899000000.0,24104000000.0,90056000000.0,30173000000.0,567000000.0,24000000.0,24104000000.0,6069000000.0,-543000000.0,5526000000.0,120229000000.0,3217600000.0,3221000000.0,3231000000.0
Walmart Inc,WMT,Y87794H0US1R65VBXU25,104169,2016.0,Q2YTD,2015-02-01,2015-07-31,,2.11,2.11,1.96,2.11,3464000000.0,6918000000.0,6918000000.0,,6816000000.0,102000000.0,176539000000.0,233332000000.0,,1723000000.0,46767000000.0,176539000000.0,58516000000.0,1410000000.0,43000000.0,46767000000.0,11749000000.0,-1367000000.0,10382000000.0,235055000000.0,3217600000.0,3221000000.0,3231000000.0
Walmart Inc,WMT,Y87794H0US1R65VBXU25,104169,2016.0,Q2TTM,2014-08-01,2015-07-31,,4.8,4.8,1.96,4.79,7422000000.0,15932000000.0,15932000000.0,,15493000000.0,439000000.0,364901000000.0,482058000000.0,,3563000000.0,94757000000.0,364901000000.0,120720000000.0,2709000000.0,100000000.0,94757000000.0,25963000000.0,-2609000000.0,23354000000.0,485621000000.0,3217600000.0,3221000000.0,3231000000.0
Walmart Inc,WMT,Y87794H0US1R65VBXU25,104169,2016.0,Q1,2015-02-01,2015-04-30,2016-06-03 17:05:39+00:00,1.03,1.03,1.96,1.03,1573000000.0,3283000000.0,3283000000.0,,3341000000.0,-58000000.0,86483000000.0,114002000000.0,,824000000.0,22663000000.0,86483000000.0,28343000000.0,843000000.0,19000000.0,22663000000.0,5680000000.0,-824000000.0,4856000000.0,114826000000.0,3243700000.0,3231000000.0,3243000000.0
Walmart Inc,WMT,Y87794H0US1R65VBXU25,104169,2016.0,Q1TTM,2014-05-01,2015-04-30,,4.99,4.99,1.96,4.97,7644000000.0,16656000000.0,16386000000.0,270000000.0,16111000000.0,545000000.0,364855000000.0,482064000000.0,,3453000000.0,94028000000.0,364855000000.0,120662000000.0,2712000000.0,108000000.0,94028000000.0,26634000000.0,-2604000000.0,24030000000.0,485517000000.0,3243700000.0,3231000000.0,3243000000.0
Walmart Inc,WMT,Y87794H0US1R65VBXU25,104169,2017.0,FY,2016-02-01,2017-01-31,2019-03-28 16:56:37+00:00,4.4,4.4,2.0,4.38,6204000000.0,14293000000.0,14293000000.0,,13643000000.0,650000000.0,361256000000.0,481317000000.0,0.0,4556000000.0,101853000000.0,361256000000.0,124617000000.0,2367000000.0,100000000.0,101853000000.0,22764000000.0,-2267000000.0,20497000000.0,485873000000.0,3100700000.0,3101000000.0,3112000000.0
Walmart Inc,WMT,Y87794H0US1R65VBXU25,104169,2017.0,Q4,2016-11-01,2017-01-31,,1.23,1.23,,1.21,1664000000.0,3986000000.0,3986000000.0,,3757000000.0,229000000.0,97743000000.0,129750000000.0,,1186000000.0,26988000000.0,97743000000.0,33193000000.0,585000000.0,30000000.0,26988000000.0,6205000000.0,-555000000.0,5650000000.0,130936000000.0,3100700000.0,3101000000.0,3112000000.0
Walmart Inc,WMT,Y87794H0US1R65VBXU25,104169,2017.0,Q3,2016-08-01,2016-10-31,2017-12-01 16:29:29+00:00,0.98,0.98,0.0,0.98,1332000000.0,3202000000.0,3202000000.0,,3034000000.0,168000000.0,87484000000.0,117176000000.0,,1003000000.0,25576000000.0,87484000000.0,30695000000.0,609000000.0,24000000.0,25576000000.0,5119000000.0,-585000000.0,4534000000.0,118179000000.0,3095900000.0,3089000000.0,3100000000.0
Walmart Inc,WMT,Y87794H0US1R65VBXU25,104169,2017.0,Q3YTD,2016-02-01,2016-10-31,,3.17,3.17,2.0,3.17,4540000000.0,10307000000.0,10307000000.0,,9886000000.0,421000000.0,263513000000.0,351567000000.0,,3370000000.0,74865000000.0,263513000000.0,91424000000.0,1782000000.0,70000000.0,74865000000.0,16559000000.0,-1712000000.0,14847000000.0,354937000000.0,3095900000.0,3089000000.0,3100000000.0
Walmart Inc,WMT,Y87794H0US1R65VBXU25,104169,2017.0,Q3TTM,2015-11-01,2016-10-31,,4.61,4.61,2.0,4.6,5886000000.0,15055000000.0,15055000000.0,,14460000000.0,595000000.0,360512000000.0,480251000000.0,,4353000000.0,100891000000.0,360512000000.0,124092000000.0,2347000000.0,87000000.0,100891000000.0,23201000000.0,-2260000000.0,20941000000.0,484604000000.0,3095900000.0,3089000000.0,3100000000.0
Walmart Inc,WMT,Y87794H0US1R65VBXU25,104169,2017.0,Q2,2016-05-01,2016-07-31,2017-08-31 17:07:31+00:00,1.21,1.21,0.0,1.21,1710000000.0,3889000000.0,3889000000.0,,3773000000.0,116000000.0,89485000000.0,119405000000.0,,1449000000.0,25204000000.0,89485000000.0,31369000000.0,588000000.0,22000000.0,25204000000.0,6165000000.0,-566000000.0,5599000000.0,120854000000.0,3118200000.0,3109000000.0,3119000000.0
Walmart Inc,WMT,Y87794H0US1R65VBXU25,104169,2017.0,Q2YTD,2016-02-01,2016-07-31,,2.19,2.19,2.0,2.19,3208000000.0,7105000000.0,7105000000.0,,6852000000.0,253000000.0,176029000000.0,234391000000.0,,2367000000.0,49289000000.0,176029000000.0,60729000000.0,1173000000.0,46000000.0,49289000000.0,11440000000.0,-1127000000.0,10313000000.0,236758000000.0,3118200000.0,3109000000.0,3119000000.0
Walmart Inc,WMT,Y87794H0US1R65VBXU25,104169,2017.0,Q2TTM,2015-08-01,2016-07-31,,4.66,4.66,2.0,4.65,6302000000.0,15267000000.0,15267000000.0,,14730000000.0,537000000.0,360474000000.0,479673000000.0,,4160000000.0,99563000000.0,360474000000.0,123359000000.0,2311000000.0,84000000.0,99563000000.0,23796000000.0,-2227000000.0,21569000000.0,483833000000.0,3118200000.0,3109000000.0,3119000000.0
Walmart Inc,WMT,Y87794H0US1R65VBXU25,104169,2017.0,Q1,2016-02-01,2016-04-30,2017-06-02 16:33:46+00:00,0.98,0.98,2.0,0.98,1498000000.0,3216000000.0,3216000000.0,,3079000000.0,137000000.0,86544000000.0,114986000000.0,,918000000.0,24085000000.0,86544000000.0,29360000000.0,585000000.0,24000000.0,24085000000.0,5275000000.0,-561000000.0,4714000000.0,115904000000.0,3141800000.0,3144000000.0,3154000000.0
Walmart Inc,WMT,Y87794H0US1R65VBXU25,104169,2017.0,Q1TTM,2015-05-01,2016-04-30,,4.53,4.53,2.0,4.52,6483000000.0,15013000000.0,15013000000.0,,14432000000.0,581000000.0,361045000000.0,479598000000.0,,3610000000.0,98463000000.0,361045000000.0,122163000000.0,2290000000.0,86000000.0,98463000000.0,23700000000.0,-2204000000.0,21496000000.0,483208000000.0,3141800000.0,3144000000.0,3154000000.0
Walmart Inc,WMT,Y87794H0US1R65VBXU25,104169,2018.0,FY,2017-02-01,2018-01-31,2020-03-20 16:51:02+00:00,3.29,3.29,2.04,3.28,4600000000.0,10523000000.0,10523000000.0,,9862000000.0,661000000.0,373396000000.0,495761000000.0,0.0,4582000000.0,106510000000.0,373396000000.0,126947000000.0,5466000000.0,152000000.0,106510000000.0,20437000000.0,-5314000000.0,15123000000.0,500343000000.0,2997600000.0,2995000000.0,3010000000.0
Walmart Inc,WMT,Y87794H0US1R65VBXU25,104169,2018.0,Q4,2017-11-01,2018-01-31,,0.74,0.74,,0.74,601000000.0,2363000000.0,2363000000.0,,2175000000.0,188000000.0,102640000000.0,135150000000.0,,1117000000.0,29160000000.0,102640000000.0,33627000000.0,1540000000.0,37000000.0,29160000000.0,4467000000.0,-1503000000.0,2964000000.0,136267000000.0,2997600000.0,2995000000.0,3010000000.0
Walmart Inc,WMT,Y87794H0US1R65VBXU25,104169,2018.0,Q3,2017-08-01,2017-10-31,2018-11-30 16:47:52+00:00,0.59,0.59,0.0,0.58,975000000.0,1904000000.0,1904000000.0,,1749000000.0,155000000.0,91547000000.0,122136000000.0,0.0,1043000000.0,26868000000.0,91547000000.0,31632000000.0,1927000000.0,42000000.0,26868000000.0,4764000000.0,-1885000000.0,2879000000.0,123179000000.0,2964400000.0,2981000000.0,2996000000.0
Walmart Inc,WMT,Y87794H0US1R65VBXU25,104169,2018.0,Q3YTD,2017-02-01,2017-10-31,,2.55,2.55,2.04,2.54,3999000000.0,8160000000.0,8160000000.0,,7687000000.0,473000000.0,270756000000.0,360611000000.0,,3465000000.0,77350000000.0,270756000000.0,93320000000.0,3926000000.0,115000000.0,77350000000.0,15970000000.0,-3811000000.0,12159000000.0,364076000000.0,2964400000.0,2981000000.0,2996000000.0
Walmart Inc,WMT,Y87794H0US1R65VBXU25,104169,2018.0,Q3TTM,2016-11-01,2017-10-31,,3.78,3.78,2.04,3.75,5663000000.0,12146000000.0,12146000000.0,,11444000000.0,702000000.0,368499000000.0,490361000000.0,,4651000000.0,104338000000.0,368499000000.0,126513000000.0,4511000000.0,145000000.0,104338000000.0,22175000000.0,-4366000000.0,17809000000.0,495012000000.0,2964400000.0,2981000000.0,2996000000.0
Walmart Inc,WMT,Y87794H0US1R65VBXU25,104169,2018.0,Q2,2017-05-01,2017-07-31,2018-09-06 16:52:25+00:00,0.96,0.96,0.0,0.96,1502000000.0,3104000000.0,3104000000.0,,2899000000.0,205000000.0,91521000000.0,121949000000.0,0.0,1406000000.0,25865000000.0,91521000000.0,31834000000.0,1401000000.0,38000000.0,25865000000.0,5969000000.0,-1363000000.0,4606000000.0,123355000000.0,3019800000.0,3008000000.0,3021000000.0
Walmart Inc,WMT,Y87794H0US1R65VBXU25,104169,2018.0,Q2YTD,2017-02-01,2017-07-31,,1.96,1.96,2.04,1.96,3024000000.0,6256000000.0,6256000000.0,,5938000000.0,318000000.0,179209000000.0,238475000000.0,,2422000000.0,50482000000.0,179209000000.0,61688000000.0,1999000000.0,73000000.0,50482000000.0,11206000000.0,-1926000000.0,9280000000.0,240897000000.0,3019800000.0,3008000000.0,3021000000.0
Walmart Inc,WMT,Y87794H0US1R65VBXU25,104169,2018.0,Q2TTM,2016-08-01,2017-07-31,,4.17,4.17,2.04,4.15,6020000000.0,13444000000.0,13444000000.0,,12729000000.0,715000000.0,364436000000.0,485401000000.0,,4611000000.0,103046000000.0,364436000000.0,125576000000.0,3193000000.0,127000000.0,103046000000.0,22530000000.0,-3066000000.0,19464000000.0,490012000000.0,3019800000.0,3008000000.0,3021000000.0
Walmart Inc,WMT,Y87794H0US1R65VBXU25,104169,2018.0,Q1,2017-02-01,2017-04-30,2018-06-04 17:23:45+00:00,1.0,1.0,2.04,1.0,1522000000.0,3152000000.0,3152000000.0,,3039000000.0,113000000.0,87688000000.0,116526000000.0,0.0,1016000000.0,24617000000.0,87688000000.0,29854000000.0,598000000.0,35000000.0,24617000000.0,5237000000.0,-563000000.0,4674000000.0,117542000000.0,3039000000.0,3035000000.0,3047000000.0
Walmart Inc,WMT,Y87794H0US1R65VBXU25,104169,2018.0,Q1TTM,2016-05-01,2017-04-30,,4.42,4.42,2.04,4.4,6228000000.0,14229000000.0,14229000000.0,,13603000000.0,626000000.0,362400000000.0,482857000000.0,,4654000000.0,102385000000.0,362400000000.0,125111000000.0,2380000000.0,111000000.0,102385000000.0,22726000000.0,-2269000000.0,20457000000.0,487511000000.0,3039000000.0,3035000000.0,3047000000.0
Walmart Inc,WMT,Y87794H0US1R65VBXU25,104169,2019.0,FY,2018-02-01,2019-01-31,2020-03-20 16:51:02+00:00,2.28,2.28,2.08,2.26,4281000000.0,7179000000.0,7179000000.0,,6670000000.0,509000000.0,385301000000.0,510329000000.0,-8368000000.0,4076000000.0,107147000000.0,385301000000.0,129104000000.0,2346000000.0,217000000.0,107147000000.0,21957000000.0,-10497000000.0,11460000000.0,514405000000.0,2925400000.0,2929000000.0,2945000000.0
Walmart Inc,WMT,Y87794H0US1R65VBXU25,104169,2019.0,Q4,2018-11-01,2019-01-31,,1.27,1.27,,1.25,1851000000.0,3813000000.0,3813000000.0,,3687000000.0,126000000.0,104907000000.0,137743000000.0,202000000.0,1050000000.0,27819000000.0,104907000000.0,33886000000.0,669000000.0,64000000.0,27819000000.0,6067000000.0,-403000000.0,5664000000.0,138793000000.0,2925400000.0,2929000000.0,2945000000.0
Walmart Inc,WMT,Y87794H0US1R65VBXU25,104169,2019.0,Q3,2018-08-01,2018-10-31,2019-12-04 16:12:55+00:00,0.58,0.58,0.0,0.58,759000000.0,1817000000.0,1817000000.0,,1710000000.0,107000000.0,93116000000.0,123897000000.0,-1876000000.0,997000000.0,26792000000.0,93116000000.0,31778000000.0,593000000.0,59000000.0,26792000000.0,4986000000.0,-2410000000.0,2576000000.0,124894000000.0,2948300000.0,2924000000.0,2941000000.0
Walmart Inc,WMT,Y87794H0US1R65VBXU25,104169,2019.0,Q3YTD,2018-02-01,2018-10-31,,1.01,1.01,2.08,1.01,2430000000.0,3366000000.0,3366000000.0,,2983000000.0,383000000.0,280394000000.0,372586000000.0,-8570000000.0,3026000000.0,79328000000.0,280394000000.0,95218000000.0,1677000000.0,153000000.0,79328000000.0,15890000000.0,-10094000000.0,5796000000.0,375612000000.0,2948300000.0,2924000000.0,2941000000.0
Walmart Inc,WMT,Y87794H0US1R65VBXU25,104169,2019.0,Q3TTM,2017-11-01,2018-10-31,,1.75,1.75,2.08,1.75,3031000000.0,5729000000.0,5729000000.0,,5158000000.0,571000000.0,383034000000.0,507736000000.0,-8570000000.0,4143000000.0,108488000000.0,383034000000.0,128845000000.0,3217000000.0,190000000.0,108488000000.0,20357000000.0,-11597000000.0,8760000000.0,511879000000.0,2948300000.0,2924000000.0,2941000000.0
Walmart Inc,WMT,Y87794H0US1R65VBXU25,104169,2019.0,Q2,2018-05-01,2018-07-31,2019-09-06 16:26:01+00:00,-0.29,-0.29,0.0,-0.29,1125000000.0,-727000000.0,-727000000.0,,-861000000.0,134000000.0,95571000000.0,127059000000.0,-4849000000.0,969000000.0,26707000000.0,95571000000.0,32457000000.0,554000000.0,51000000.0,26707000000.0,5750000000.0,-5352000000.0,398000000.0,128028000000.0,2969000000.0,2946000000.0,2946000000.0
Walmart Inc,WMT,Y87794H0US1R65VBXU25,104169,2019.0,Q2YTD,2018-02-01,2018-07-31,,0.43,0.43,2.08,0.43,1671000000.0,1549000000.0,1549000000.0,,1273000000.0,276000000.0,187278000000.0,248689000000.0,-6694000000.0,2029000000.0,52536000000.0,187278000000.0,63440000000.0,1084000000.0,94000000.0,52536000000.0,10904000000.0,-7684000000.0,3220000000.0,250718000000.0,2969000000.0,2946000000.0,2946000000.0
Walmart Inc,WMT,Y87794H0US1R65VBXU25,104169,2019.0,Q2TTM,2017-08-01,2018-07-31,,1.76,1.76,2.08,1.75,3247000000.0,5816000000.0,5816000000.0,,5197000000.0,619000000.0,381465000000.0,505975000000.0,-6694000000.0,4189000000.0,108564000000.0,381465000000.0,128699000000.0,4551000000.0,173000000.0,108564000000.0,20135000000.0,-11072000000.0,9063000000.0,510164000000.0,2969000000.0,2946000000.0,2946000000.0
Walmart Inc,WMT,Y87794H0US1R65VBXU25,104169,2019.0,Q1,2018-02-01,2018-04-30,2019-06-07 16:41:29+00:00,0.72,0.72,2.08,0.72,546000000.0,2276000000.0,2276000000.0,,2134000000.0,142000000.0,91707000000.0,121630000000.0,-1845000000.0,1060000000.0,25829000000.0,91707000000.0,30983000000.0,530000000.0,43000000.0,25829000000.0,5154000000.0,-2332000000.0,2822000000.0,122690000000.0,2963900000.0,2950000000.0,2967000000.0
Walmart Inc,WMT,Y87794H0US1R65VBXU25,104169,2019.0,Q1TTM,2017-05-01,2018-04-30,,3.01,3.01,2.08,3.0,3624000000.0,9647000000.0,9647000000.0,,8957000000.0,690000000.0,377415000000.0,500865000000.0,-1845000000.0,4626000000.0,107722000000.0,377415000000.0,128076000000.0,5398000000.0,160000000.0,107722000000.0,20354000000.0,-7083000000.0,13271000000.0,505491000000.0,2963900000.0,2950000000.0,2967000000.0
Walmart Inc,WMT,Y87794H0US1R65VBXU25,104169,2020.0,Q4,2019-11-01,2020-01-31,,1.45,1.45,,1.45,1379000000.0,4294000000.0,4294000000.0,,4141000000.0,153000000.0,107748000000.0,140608000000.0,962000000.0,1063000000.0,28601000000.0,107748000000.0,33923000000.0,652000000.0,41000000.0,28601000000.0,5322000000.0,351000000.0,5673000000.0,141671000000.0,2850800000.0,2850000000.0,2868000000.0
Walmart Inc,WMT,Y87794H0US1R65VBXU25,104169,2020.0,FY,2019-02-01,2020-01-31,2020-03-20 16:51:02+00:00,5.22,5.22,2.12,5.19,4915000000.0,15201000000.0,15201000000.0,,14881000000.0,320000000.0,394605000000.0,519926000000.0,1958000000.0,4038000000.0,108791000000.0,394605000000.0,129359000000.0,2599000000.0,189000000.0,108791000000.0,20568000000.0,-452000000.0,20116000000.0,523964000000.0,2850800000.0,2850000000.0,2868000000.0
Walmart Inc,WMT,Y87794H0US1R65VBXU25,104169,2020.0,Q3YTD,2019-02-01,2019-10-31,,3.77,3.77,2.12,3.74,3536000000.0,10907000000.0,10907000000.0,,10740000000.0,167000000.0,286857000000.0,379318000000.0,996000000.0,2975000000.0,80190000000.0,286857000000.0,95436000000.0,1947000000.0,148000000.0,80190000000.0,15246000000.0,-803000000.0,14443000000.0,382293000000.0,2834500000.0,2843000000.0,2861000000.0
Walmart Inc,WMT,Y87794H0US1R65VBXU25,104169,2020.0,Q3TTM,2018-11-01,2019-10-31,,5.04,5.04,2.12,4.99,5387000000.0,14720000000.0,14720000000.0,,14427000000.0,293000000.0,391764000000.0,517061000000.0,1198000000.0,4025000000.0,108009000000.0,391764000000.0,129322000000.0,2616000000.0,212000000.0,108009000000.0,21313000000.0,-1206000000.0,20107000000.0,521086000000.0,2834500000.0,2843000000.0,2861000000.0
Walmart Inc,WMT,Y87794H0US1R65VBXU25,104169,2020.0,Q3,2019-08-01,2019-10-31,2019-12-04 16:12:55+00:00,1.16,1.16,0.0,1.15,1052000000.0,3321000000.0,3321000000.0,,3288000000.0,33000000.0,95900000000.0,126981000000.0,244000000.0,1010000000.0,27373000000.0,95900000000.0,32091000000.0,633000000.0,44000000.0,27373000000.0,4718000000.0,-345000000.0,4373000000.0,127991000000.0,2834500000.0,2843000000.0,2861000000.0
Walmart Inc,WMT,Y87794H0US1R65VBXU25,104169,2020.0,Q2YTD,2019-02-01,2019-07-31,,2.61,2.61,2.12,2.59,2484000000.0,7586000000.0,7586000000.0,,7452000000.0,134000000.0,190957000000.0,252337000000.0,752000000.0,1965000000.0,52817000000.0,190957000000.0,63345000000.0,1314000000.0,104000000.0,52817000000.0,10528000000.0,-458000000.0,10070000000.0,254302000000.0,2842500000.0,2853000000.0,2869000000.0
Walmart Inc,WMT,Y87794H0US1R65VBXU25,104169,2020.0,Q2TTM,2018-08-01,2019-07-31,,4.46,4.46,2.12,4.42,5094000000.0,13216000000.0,13216000000.0,,12849000000.0,367000000.0,388980000000.0,513977000000.0,-922000000.0,4012000000.0,107428000000.0,388980000000.0,129009000000.0,2576000000.0,227000000.0,107428000000.0,21581000000.0,-3271000000.0,18310000000.0,517989000000.0,2842500000.0,2853000000.0,2869000000.0
Walmart Inc,WMT,Y87794H0US1R65VBXU25,104169,2020.0,Q2,2019-05-01,2019-07-31,2019-09-06 16:26:01+00:00,1.27,1.27,0.0,1.26,1233000000.0,3680000000.0,3680000000.0,,3610000000.0,70000000.0,97923000000.0,129388000000.0,-85000000.0,989000000.0,26871000000.0,97923000000.0,32454000000.0,641000000.0,56000000.0,26871000000.0,5583000000.0,-670000000.0,4913000000.0,130377000000.0,2842500000.0,2853000000.0,2869000000.0
Walmart Inc,WMT,Y87794H0US1R65VBXU25,104169,2020.0,Q1,2019-02-01,2019-04-30,2020-06-03 17:10:33+00:00,1.34,1.34,2.12,1.33,1251000000.0,3906000000.0,3906000000.0,,3842000000.0,64000000.0,93034000000.0,122949000000.0,837000000.0,976000000.0,25946000000.0,93034000000.0,30891000000.0,673000000.0,48000000.0,25946000000.0,4945000000.0,212000000.0,5157000000.0,123925000000.0,2867200000.0,2869000000.0,2886000000.0
Walmart Inc,WMT,Y87794H0US1R65VBXU25,104169,2020.0,Q1TTM,2018-05-01,2019-04-30,,2.9,2.9,2.12,2.87,4986000000.0,8809000000.0,8809000000.0,,8378000000.0,431000000.0,386628000000.0,511648000000.0,-5686000000.0,3992000000.0,107264000000.0,386628000000.0,129012000000.0,2489000000.0,222000000.0,107264000000.0,21748000000.0,-7953000000.0,13795000000.0,515640000000.0,2867200000.0,2869000000.0,2886000000.0
