company_name,company_ticker,company_lei,company_cik,year,quarter,start_date,end_date,filing_date,basicdilutedeps,basiceps,cashdividendspershare,depreciationexpense,dilutedeps,explorationexpense,impairmentexpense,incometaxexpense,marketingexpense,netincome,netincomecontinuing,netincometocommon,netincometononcontrollinginterest,operatingcostofrevenue,operatingrevenue,otheradjustmentstoconsolidatednetincome,otherincome,otheroperatingexpenses,otherspecialcharges,restructuringcharge,sgaexpense,totalcostofrevenue,totalgrossprofit,totalinterestexpense,totalinterestincome,totaloperatingexpenses,totaloperatingincome,totalotherincome,totalpretaxincome,totalrevenue,weightedavebasicdilutedsharesos,weightedavebasicsharesos,weightedavedilutedsharesos
Denbury Resources Inc,DNR,549300KCWA5W52MS5559,945764,2007.0,FY,2007-01-01,2007-12-31,2010-03-01 17:25:11+00:00,1.05,1.05,,195900000.0,1.0,,0.0,140267000.0,43130000.0,253147000.0,253147000.0,253147000.0,,236893000.0,966418000.0,,6642000.0,22811000.0,,0.0,48972000.0,236893000.0,729525000.0,30830000.0,-1110000.0,310813000.0,418712000.0,-25298000.0,393414000.0,966418000.0,241100000.0,240065000.0,252101000.0
Denbury Resources Inc,DNR,549300KCWA5W52MS5559,945764,2008.0,Q3,2008-07-01,2008-09-30,2009-11-09 17:11:37+00:00,0.64,0.64,,56324000.0,0.63,,,96169000.0,17104000.0,157548000.0,157548000.0,157548000.0,,87539000.0,405579000.0,,1895000.0,-60767000.0,,30426000.0,15005000.0,87539000.0,318040000.0,10906000.0,2780000.0,58092000.0,259948000.0,-6231000.0,253717000.0,405579000.0,246200000.0,244426000.0,251831000.0
Denbury Resources Inc,DNR,549300KCWA5W52MS5559,945764,2008.0,Q2,2008-04-01,2008-06-30,2009-08-10 12:33:49+00:00,0.47,0.47,,54733000.0,0.45,,,69622000.0,18688000.0,114053000.0,114053000.0,114053000.0,,78667000.0,416626000.0,,1359000.0,59270000.0,,,14811000.0,78667000.0,337959000.0,8141000.0,,147502000.0,190457000.0,-6782000.0,183675000.0,416626000.0,242700000.0,243623000.0,252401000.0
Denbury Resources Inc,DNR,549300KCWA5W52MS5559,945764,2009.0,FY,2009-01-01,2009-12-31,2012-02-28 17:09:54+00:00,-0.3,-0.3,,238323000.0,-0.3,4262000.0,0.0,-47033000.0,,-75156000.0,-75156000.0,-75156000.0,0.0,331579000.0,880131000.0,,-227207000.0,43267000.0,,8467000.0,101785000.0,331579000.0,548552000.0,47430000.0,0.0,396104000.0,152448000.0,-274637000.0,-122189000.0,880131000.0,250500000.0,246917000.0,246917000.0
Denbury Resources Inc,DNR,549300KCWA5W52MS5559,945764,2009.0,Q3,2009-07-01,2009-09-30,2010-11-09 16:37:34+00:00,0.11,0.11,,53525000.0,0.11,,,14377000.0,10461000.0,26885000.0,26885000.0,26885000.0,,83300000.0,224980000.0,,2269000.0,4804000.0,,,24038000.0,83300000.0,141680000.0,9859000.0,,92828000.0,48852000.0,-7590000.0,41262000.0,224980000.0,244400000.0,246795000.0,252189000.0
Denbury Resources Inc,DNR,549300KCWA5W52MS5559,945764,2009.0,Q2,2009-04-01,2009-06-30,2010-08-09 16:17:10+00:00,-0.35,-0.35,,61695000.0,-0.35,,,-53428000.0,10784000.0,-87240000.0,-87240000.0,-87240000.0,,83658000.0,214436000.0,,2956000.0,153884000.0,,,33135000.0,83658000.0,130778000.0,14904000.0,,259498000.0,-128720000.0,-11948000.0,-140668000.0,214436000.0,249300000.0,246084000.0,246084000.0
Denbury Resources Inc,DNR,549300KCWA5W52MS5559,945764,2010.0,FY,2010-01-01,2010-12-31,2011-03-29 19:14:08+00:00,0.73,0.73,,434307000.0,0.72,,,193543000.0,129046000.0,285527000.0,285527000.0,271723000.0,13804000.0,486923000.0,1812496000.0,,17024000.0,-15621000.0,,,139682000.0,486923000.0,1325573000.0,176113000.0,,687414000.0,638159000.0,-159089000.0,479070000.0,1812496000.0,372200000.0,370876000.0,376255000.0
Denbury Resources Inc,DNR,549300KCWA5W52MS5559,945764,2010.0,Q4,2010-10-01,2010-12-31,,-0.01,-0.01,,111624000.0,-0.01,,,116602000.0,36087000.0,-160711000.0,-97902000.0,-154107000.0,-6604000.0,131192000.0,518957000.0,-62809000.0,-87454000.0,-14187000.0,,-44999000.0,38666000.0,131192000.0,387765000.0,52883000.0,-101537000.0,127191000.0,260574000.0,-241874000.0,18700000.0,518957000.0,372200000.0,370876000.0,376255000.0
Denbury Resources Inc,DNR,549300KCWA5W52MS5559,945764,2010.0,Q3YTD,2010-01-01,2010-09-30,,0.74,0.74,,322683000.0,0.73,,,76941000.0,92959000.0,446238000.0,383429000.0,425830000.0,20408000.0,355731000.0,1293539000.0,62809000.0,104478000.0,-1434000.0,,44999000.0,101016000.0,355731000.0,937808000.0,123230000.0,101537000.0,560223000.0,377585000.0,82785000.0,460370000.0,1293539000.0,831500000.0,395913000.0,401093000.0
Denbury Resources Inc,DNR,549300KCWA5W52MS5559,945764,2010.0,Q2YTD,2010-01-01,2010-06-30,,0.67,0.67,,211081000.0,0.66,,,76941000.0,57417000.0,385900000.0,331896000.0,367622000.0,18278000.0,223963000.0,828101000.0,54004000.0,135064000.0,-15392000.0,,44999000.0,63901000.0,223963000.0,604138000.0,69899000.0,101540000.0,362006000.0,242132000.0,166705000.0,408837000.0,828101000.0,796300000.0,395548000.0,400867000.0
Denbury Resources Inc,DNR,549300KCWA5W52MS5559,945764,2010.0,Q1,2010-01-01,2010-03-31,2011-05-10 17:13:18+00:00,0.33,0.33,,81872000.0,0.32,,,76941000.0,19317000.0,100204000.0,100204000.0,96888000.0,3316000.0,96220000.0,335383000.0,,1870000.0,-39857000.0,,44999000.0,32709000.0,96220000.0,239163000.0,26416000.0,101568000.0,139040000.0,100123000.0,77022000.0,177145000.0,335383000.0,293600000.0,294143000.0,299224000.0
Denbury Resources Inc,DNR,549300KCWA5W52MS5559,945764,2011.0,FY,2011-01-01,2011-12-31,2014-02-28 17:04:36+00:00,1.45,1.45,,409196000.0,1.43,14258000.0,22951000.0,350712000.0,26047000.0,573333000.0,573333000.0,573333000.0,,507397000.0,2309324000.0,,,95037000.0,16131000.0,,129902000.0,507397000.0,1801927000.0,164360000.0,,713522000.0,1088405000.0,-164360000.0,924045000.0,2309324000.0,395400000.0,396023000.0,400958000.0
Denbury Resources Inc,DNR,549300KCWA5W52MS5559,945764,2011.0,Q4,2011-10-01,2011-12-31,,0.15,0.15,,110129000.0,0.15,14258000.0,22951000.0,183062000.0,-13641000.0,52607000.0,-103193000.0,52607000.0,,108664000.0,115537000.0,155800000.0,501512000.0,231391000.0,16131000.0,,27711000.0,108664000.0,6873000.0,19586000.0,,408930000.0,-402057000.0,481926000.0,79869000.0,115537000.0,395400000.0,396023000.0,400958000.0
Denbury Resources Inc,DNR,549300KCWA5W52MS5559,945764,2011.0,Q3TTM,2010-10-01,2011-09-30,,1.29,1.29,,410691000.0,1.27,,,284252000.0,75775000.0,360015000.0,578624000.0,366619000.0,-6604000.0,529925000.0,2712744000.0,-218609000.0,-588966000.0,-150541000.0,,-44999000.0,140857000.0,529925000.0,2182819000.0,197657000.0,-101537000.0,431783000.0,1751036000.0,-888160000.0,862876000.0,2712744000.0,399500000.0,399040000.0,403311000.0
Denbury Resources Inc,DNR,549300KCWA5W52MS5559,945764,2011.0,Q3YTD,2011-01-01,2011-09-30,,1.3,1.3,,299067000.0,1.28,,,167650000.0,39688000.0,520726000.0,676526000.0,520726000.0,,398733000.0,2193787000.0,-155800000.0,-501512000.0,-136354000.0,,,102191000.0,398733000.0,1795054000.0,144774000.0,,304592000.0,1490462000.0,-646286000.0,844176000.0,2193787000.0,399500000.0,399040000.0,403311000.0
Denbury Resources Inc,DNR,549300KCWA5W52MS5559,945764,2011.0,Q3,2011-07-01,2011-09-30,2012-11-08 13:34:23+00:00,0.69,0.69,,101978000.0,0.68,,0.0,167650000.0,,275670000.0,275670000.0,275670000.0,,139701000.0,572064000.0,,4441000.0,-172724000.0,0.0,,26613000.0,139701000.0,432363000.0,37617000.0,,-44133000.0,476496000.0,-33176000.0,443320000.0,572064000.0,399500000.0,399040000.0,403311000.0
Denbury Resources Inc,DNR,549300KCWA5W52MS5559,945764,2011.0,Q2TTM,2010-07-01,2011-06-30,,0.67,0.67,,420315000.0,0.66,,,116602000.0,111317000.0,144683000.0,354487000.0,149157000.0,-4474000.0,521992000.0,2606118000.0,-209804000.0,-623993000.0,36141000.0,,-44999000.0,151359000.0,521992000.0,2084126000.0,213371000.0,-101540000.0,674133000.0,1409993000.0,-938904000.0,471089000.0,2606118000.0,398800000.0,398631000.0,403919000.0
Denbury Resources Inc,DNR,549300KCWA5W52MS5559,945764,2011.0,Q2YTD,2011-01-01,2011-06-30,,0.61,0.61,,197089000.0,0.6,,,,39688000.0,245056000.0,400856000.0,245056000.0,,259032000.0,1621723000.0,-155800000.0,-505953000.0,36370000.0,,,75578000.0,259032000.0,1362691000.0,107157000.0,,348725000.0,1013966000.0,-613110000.0,400856000.0,1621723000.0,398800000.0,398631000.0,403919000.0
Denbury Resources Inc,DNR,549300KCWA5W52MS5559,945764,2011.0,Q1TTM,2010-04-01,2011-03-31,,0.36,0.36,,446029000.0,0.36,,,116602000.0,109729000.0,171133000.0,162377000.0,160645000.0,10488000.0,519803000.0,2502394000.0,8756000.0,-668658000.0,56719000.0,,-44999000.0,151651000.0,519803000.0,1982591000.0,214257000.0,-101568000.0,719129000.0,1263462000.0,-984483000.0,278979000.0,2502394000.0,354800000.0,397386000.0,397386000.0
Denbury Resources Inc,DNR,549300KCWA5W52MS5559,945764,2012.0,Q4,2012-10-01,2012-12-31,,0.3,0.3,,117419000.0,0.3,-8443000.0,,80704000.0,-37776000.0,114661000.0,114661000.0,114661000.0,,192235000.0,623418000.0,,-14214000.0,79561000.0,,,33007000.0,192235000.0,431183000.0,37836000.0,,183768000.0,247415000.0,-52050000.0,195365000.0,623418000.0,386300000.0,385205000.0,388938000.0
Denbury Resources Inc,DNR,549300KCWA5W52MS5559,945764,2012.0,FY,2012-01-01,2012-12-31,2015-02-27 13:55:30+00:00,1.36,1.36,0.0,507538000.0,1.35,,17515000.0,331497000.0,,525360000.0,525360000.0,525360000.0,,585195000.0,2456472000.0,,,169876000.0,0.0,,165910000.0,585195000.0,1871277000.0,153581000.0,,860839000.0,1010438000.0,-153581000.0,856857000.0,2456472000.0,386300000.0,385205000.0,388938000.0
Denbury Resources Inc,DNR,549300KCWA5W52MS5559,945764,2012.0,Q3TTM,2011-10-01,2012-09-30,,1.21,1.21,,500248000.0,1.2,22701000.0,40466000.0,433855000.0,24135000.0,463306000.0,307506000.0,463306000.0,,501624000.0,1948591000.0,155800000.0,515726000.0,321706000.0,16131000.0,,160614000.0,501624000.0,1446967000.0,135331000.0,,1086001000.0,360966000.0,380395000.0,741361000.0,1948591000.0,388000000.0,387512000.0,390909000.0
Denbury Resources Inc,DNR,549300KCWA5W52MS5559,945764,2012.0,Q3YTD,2012-01-01,2012-09-30,,1.06,1.06,,390119000.0,1.05,8443000.0,17515000.0,250793000.0,37776000.0,410699000.0,410699000.0,410699000.0,,392960000.0,1833054000.0,,14214000.0,90315000.0,,,132903000.0,392960000.0,1440094000.0,115745000.0,,677071000.0,763023000.0,-101531000.0,661492000.0,1833054000.0,388000000.0,387512000.0,390909000.0
Denbury Resources Inc,DNR,549300KCWA5W52MS5559,945764,2012.0,Q3,2012-07-01,2012-09-30,2013-11-07 15:58:50+00:00,0.22,0.22,,136935000.0,0.22,1176000.0,0.0,54012000.0,14728000.0,85367000.0,85367000.0,85367000.0,,130485000.0,595316000.0,,5055000.0,101643000.0,0.0,,38198000.0,130485000.0,464831000.0,37827000.0,,292680000.0,172151000.0,-32772000.0,139379000.0,595316000.0,388000000.0,387512000.0,390909000.0
Denbury Resources Inc,DNR,549300KCWA5W52MS5559,945764,2012.0,Q2TTM,2011-07-01,2012-06-30,,1.68,1.68,,465291000.0,1.66,21525000.0,40466000.0,547493000.0,9407000.0,653609000.0,497809000.0,653609000.0,,510840000.0,1925339000.0,155800000.0,515112000.0,47339000.0,16131000.0,,149029000.0,510840000.0,1414499000.0,135121000.0,,749188000.0,665311000.0,379991000.0,1045302000.0,1925339000.0,385200000.0,387159000.0,390702000.0
Denbury Resources Inc,DNR,549300KCWA5W52MS5559,945764,2012.0,Q2YTD,2012-01-01,2012-06-30,,0.84,0.84,,253184000.0,0.83,7267000.0,17515000.0,196781000.0,23048000.0,325332000.0,325332000.0,325332000.0,,262475000.0,1237738000.0,,9159000.0,-11328000.0,,,94705000.0,262475000.0,975263000.0,77918000.0,,384391000.0,590872000.0,-68759000.0,522113000.0,1237738000.0,385200000.0,387159000.0,390702000.0
Denbury Resources Inc,DNR,549300KCWA5W52MS5559,945764,2012.0,Q2,2012-04-01,2012-06-30,2013-08-06 17:17:03+00:00,0.55,0.55,,132289000.0,0.54,1062000.0,215000.0,130936000.0,12218000.0,211865000.0,211865000.0,211865000.0,,124511000.0,597442000.0,,4339000.0,-100297000.0,0.0,,47378000.0,124511000.0,472931000.0,41604000.0,,92865000.0,380066000.0,-37265000.0,342801000.0,597442000.0,385200000.0,387159000.0,390702000.0
Denbury Resources Inc,DNR,549300KCWA5W52MS5559,945764,2012.0,Q1TTM,2011-04-01,2012-03-31,,1.78,1.78,,436497000.0,1.76,20463000.0,40251000.0,416557000.0,36877000.0,700990000.0,709746000.0,700990000.0,,516261000.0,1924339000.0,-8756000.0,688632000.0,151523000.0,16131000.0,,132551000.0,516261000.0,1408078000.0,136114000.0,,834293000.0,573785000.0,552518000.0,1126303000.0,1924339000.0,391300000.0,386367000.0,390943000.0
Denbury Resources Inc,DNR,549300KCWA5W52MS5559,945764,2012.0,Q1,2012-01-01,2012-03-31,2013-05-10 12:06:59+00:00,0.29,0.29,,120895000.0,0.29,6205000.0,17300000.0,65845000.0,10830000.0,113467000.0,113467000.0,113467000.0,,137964000.0,640296000.0,,4820000.0,88969000.0,0.0,,47327000.0,137964000.0,502332000.0,36314000.0,,291526000.0,210806000.0,-31494000.0,179312000.0,640296000.0,391300000.0,386367000.0,390943000.0
Denbury Resources Inc,DNR,549300KCWA5W52MS5559,945764,2013.0,FY,2013-01-01,2013-12-31,2014-02-28 17:04:36+00:00,1.12,1.12,,509943000.0,1.11,16916000.0,0.0,232783000.0,49246000.0,409597000.0,409597000.0,409597000.0,,730574000.0,2517127000.0,,,217255000.0,,,165453000.0,730574000.0,1786553000.0,185360000.0,,958813000.0,827740000.0,-185360000.0,642380000.0,2517127000.0,365700000.0,366659000.0,369877000.0
Denbury Resources Inc,DNR,549300KCWA5W52MS5559,945764,2013.0,Q4,2013-10-01,2013-12-31,,0.25,0.25,,144543000.0,0.25,13194000.0,,39782000.0,49246000.0,89992000.0,89992000.0,89992000.0,,152248000.0,618624000.0,,-19502000.0,30624000.0,-44651000.0,,39921000.0,152248000.0,466376000.0,84223000.0,,232877000.0,233499000.0,-103725000.0,129774000.0,618624000.0,365700000.0,366659000.0,369877000.0
Denbury Resources Inc,DNR,549300KCWA5W52MS5559,945764,2013.0,Q3TTM,2012-10-01,2013-09-30,,1.17,1.17,,482819000.0,1.16,-4721000.0,,273705000.0,-37776000.0,434266000.0,434266000.0,434266000.0,,770561000.0,2521921000.0,,5288000.0,266192000.0,44651000.0,,158539000.0,770561000.0,1751360000.0,138973000.0,,909704000.0,841656000.0,-133685000.0,707971000.0,2521921000.0,364500000.0,366088000.0,369142000.0
Denbury Resources Inc,DNR,549300KCWA5W52MS5559,945764,2013.0,Q3YTD,2013-01-01,2013-09-30,,0.87,0.87,,365400000.0,0.86,3722000.0,,193001000.0,,319605000.0,319605000.0,319605000.0,,578326000.0,1898503000.0,,19502000.0,186631000.0,44651000.0,,125532000.0,578326000.0,1320177000.0,101137000.0,,725936000.0,594241000.0,-81635000.0,512606000.0,1898503000.0,364500000.0,366088000.0,369142000.0
Denbury Resources Inc,DNR,549300KCWA5W52MS5559,945764,2013.0,Q3,2013-07-01,2013-09-30,2014-11-07 14:52:18+00:00,0.28,0.28,0.0,125595000.0,0.28,,,57311000.0,,102054000.0,102054000.0,102054000.0,,194098000.0,673542000.0,,11293000.0,133833000.0,0.0,,37443000.0,194098000.0,479444000.0,34501000.0,,296871000.0,182573000.0,-23208000.0,159365000.0,673542000.0,364500000.0,366088000.0,369142000.0
Denbury Resources Inc,DNR,549300KCWA5W52MS5559,945764,2013.0,Q2TTM,2012-07-01,2013-06-30,,1.11,1.11,,494159000.0,1.1,-3545000.0,,270406000.0,-23048000.0,417579000.0,417579000.0,417579000.0,,706948000.0,2443695000.0,,-950000.0,234002000.0,44651000.0,,159294000.0,706948000.0,1736747000.0,142299000.0,,905513000.0,831234000.0,-143249000.0,687985000.0,2443695000.0,371400000.0,368850000.0,371969000.0
Denbury Resources Inc,DNR,549300KCWA5W52MS5559,945764,2013.0,Q2YTD,2013-01-01,2013-06-30,,0.59,0.59,,239805000.0,0.58,3722000.0,,135690000.0,,217551000.0,217551000.0,217551000.0,,384228000.0,1224961000.0,,8209000.0,52798000.0,44651000.0,,88089000.0,384228000.0,840733000.0,66636000.0,,429065000.0,411668000.0,-58427000.0,353241000.0,1224961000.0,371400000.0,368850000.0,371969000.0
Denbury Resources Inc,DNR,549300KCWA5W52MS5559,945764,2013.0,Q2,2013-04-01,2013-06-30,2014-08-07 12:30:29+00:00,0.35,0.35,0.0,126907000.0,0.35,,,81326000.0,,129980000.0,129980000.0,129980000.0,,233890000.0,644750000.0,,5334000.0,2858000.0,428000.0,,44093000.0,233890000.0,410860000.0,30602000.0,,174286000.0,236574000.0,-25268000.0,211306000.0,644750000.0,371400000.0,368850000.0,371969000.0
Denbury Resources Inc,DNR,549300KCWA5W52MS5559,945764,2013.0,Q1TTM,2012-04-01,2013-03-31,,1.31,1.31,,499541000.0,1.29,-2483000.0,215000.0,320016000.0,-10830000.0,499464000.0,499464000.0,499464000.0,,597569000.0,2396387000.0,,-1945000.0,130847000.0,44223000.0,,162579000.0,597569000.0,1798818000.0,153301000.0,,824092000.0,974726000.0,-155246000.0,819480000.0,2396387000.0,364900000.0,369396000.0,372867000.0
Denbury Resources Inc,DNR,549300KCWA5W52MS5559,945764,2013.0,Q1,2013-01-01,2013-03-31,2014-05-12 14:47:01+00:00,0.24,0.24,0.0,112898000.0,0.23,3722000.0,,54364000.0,,87571000.0,87571000.0,87571000.0,,150338000.0,580211000.0,,2875000.0,49940000.0,44223000.0,,43996000.0,150338000.0,429873000.0,36034000.0,,254779000.0,175094000.0,-33159000.0,141935000.0,580211000.0,364900000.0,369396000.0,372867000.0
Denbury Resources Inc,DNR,549300KCWA5W52MS5559,945764,2014.0,FY,2014-01-01,2014-12-31,2017-03-01 13:53:04+00:00,1.82,1.82,0.25,592972000.0,1.81,,0.0,387066000.0,,635491000.0,635491000.0,635491000.0,,711938000.0,2435205000.0,,,-360332000.0,113908000.0,,171159000.0,711938000.0,1723267000.0,183003000.0,,517707000.0,1205560000.0,-183003000.0,1022557000.0,2435205000.0,349200000.0,348962000.0,351167000.0
Denbury Resources Inc,DNR,549300KCWA5W52MS5559,945764,2014.0,Q4,2014-10-01,2014-12-31,,1.04,1.04,0.06,157118000.0,1.03,,,217567000.0,,363633000.0,363633000.0,363633000.0,,172848000.0,483684000.0,,,-518497000.0,,,48148000.0,172848000.0,310836000.0,42867000.0,,-313231000.0,624067000.0,-42867000.0,581200000.0,483684000.0,349200000.0,348962000.0,351167000.0
Denbury Resources Inc,DNR,549300KCWA5W52MS5559,945764,2014.0,Q3TTM,2013-10-01,2014-09-30,,1.03,1.03,0.19,580397000.0,1.03,13194000.0,,209281000.0,49246000.0,361850000.0,361850000.0,361850000.0,,691338000.0,2570145000.0,,-19502000.0,188789000.0,69257000.0,,162932000.0,691338000.0,1878807000.0,224359000.0,,1063815000.0,814992000.0,-243861000.0,571131000.0,2570145000.0,349000000.0,348454000.0,350918000.0
Denbury Resources Inc,DNR,549300KCWA5W52MS5559,945764,2014.0,Q3,2014-07-01,2014-09-30,2015-11-06 16:56:27+00:00,0.77,0.77,0.0625,146560000.0,0.77,,0.0,167570000.0,,268748000.0,268748000.0,268748000.0,,170526000.0,637657000.0,,,-200865000.0,0.0,,40366000.0,170526000.0,467131000.0,44752000.0,,-13939000.0,481070000.0,-44752000.0,436318000.0,637657000.0,349000000.0,348454000.0,350918000.0
Denbury Resources Inc,DNR,549300KCWA5W52MS5559,945764,2014.0,Q3YTD,2014-01-01,2014-09-30,,0.78,0.78,0.19,435854000.0,0.78,,,169499000.0,,271858000.0,271858000.0,271858000.0,,539090000.0,1951521000.0,,,158165000.0,113908000.0,,123011000.0,539090000.0,1412431000.0,140136000.0,,830938000.0,581493000.0,-140136000.0,441357000.0,1951521000.0,349000000.0,348454000.0,350918000.0
Denbury Resources Inc,DNR,549300KCWA5W52MS5559,945764,2014.0,Q2TTM,2013-07-01,2014-06-30,,0.54,0.54,0.13,559432000.0,0.54,13194000.0,,99022000.0,49246000.0,195156000.0,195156000.0,195156000.0,,714910000.0,2606030000.0,,-8209000.0,523487000.0,69257000.0,,160009000.0,714910000.0,1891120000.0,214108000.0,,1374625000.0,516495000.0,-222317000.0,294178000.0,2606030000.0,345000000.0,347803000.0,347803000.0
Denbury Resources Inc,DNR,549300KCWA5W52MS5559,945764,2014.0,Q2,2014-04-01,2014-06-30,2015-08-06 17:19:17+00:00,-0.16,-0.16,0.0625,148164000.0,-0.16,,0.0,-32864000.0,,-55200000.0,-55200000.0,-55200000.0,,181399000.0,672120000.0,,,231211000.0,113908000.0,,38952000.0,181399000.0,490721000.0,46550000.0,,532235000.0,-41514000.0,-46550000.0,-88064000.0,672120000.0,345000000.0,347803000.0,347803000.0
Denbury Resources Inc,DNR,549300KCWA5W52MS5559,945764,2014.0,Q2YTD,2014-01-01,2014-06-30,,0.01,0.01,0.13,289294000.0,0.01,,,1929000.0,,3110000.0,3110000.0,3110000.0,,368564000.0,1313864000.0,,,359030000.0,113908000.0,,82645000.0,368564000.0,945300000.0,95384000.0,,844877000.0,100423000.0,-95384000.0,5039000.0,1313864000.0,345000000.0,347803000.0,347803000.0
Denbury Resources Inc,DNR,549300KCWA5W52MS5559,945764,2014.0,Q1TTM,2013-04-01,2014-03-31,,1.05,1.05,0.06,538175000.0,1.05,13194000.0,,213212000.0,49246000.0,380336000.0,380336000.0,380336000.0,,767401000.0,2578660000.0,,-2875000.0,295134000.0,-44223000.0,,165150000.0,767401000.0,1811259000.0,198160000.0,,1016676000.0,794583000.0,-201035000.0,593548000.0,2578660000.0,343000000.0,350747000.0,352925000.0
Denbury Resources Inc,DNR,549300KCWA5W52MS5559,945764,2014.0,Q1,2014-01-01,2014-03-31,2015-05-06 17:21:23+00:00,0.17,0.17,0.0625,141130000.0,0.17,,0.0,34793000.0,,58310000.0,58310000.0,58310000.0,,187165000.0,641744000.0,,,127819000.0,,,43693000.0,187165000.0,454579000.0,48834000.0,,312642000.0,141937000.0,-48834000.0,93103000.0,641744000.0,343000000.0,350747000.0,352925000.0
Denbury Resources Inc,DNR,549300KCWA5W52MS5559,945764,2015.0,FY,2015-01-01,2015-12-31,2018-02-28 16:18:52+00:00,-12.57,-12.57,0.1875,531660000.0,-12.57,,6201112000.0,-1940534000.0,,-4385448000.0,-4385448000.0,-4385448000.0,,570789000.0,1257560000.0,,,-33450000.0,0.0,,154163000.0,570789000.0,686771000.0,159268000.0,,6853485000.0,-6166714000.0,-159268000.0,-6325982000.0,1257560000.0,348900000.0,348802000.0,348802000.0
Denbury Resources Inc,DNR,549300KCWA5W52MS5559,945764,2015.0,Q4,2015-10-01,2015-12-31,,-2.57,-2.57,,112356000.0,-2.57,,1327000000.0,-509025000.0,,-885077000.0,-885077000.0,-885077000.0,,143275000.0,269617000.0,,,3978000.0,,,37029000.0,143275000.0,126342000.0,40081000.0,,1480363000.0,-1354021000.0,-40081000.0,-1394102000.0,269617000.0,348900000.0,348802000.0,348802000.0
Denbury Resources Inc,DNR,549300KCWA5W52MS5559,945764,2015.0,Q3,2015-07-01,2015-09-30,2016-11-07 17:30:38+00:00,-6.41,-6.41,0.0625,121406000.0,-6.41,,3022112000.0,-730880000.0,,-2244126000.0,-2244126000.0,-2244126000.0,,128360000.0,303600000.0,,,-65404000.0,0.0,,32907000.0,128360000.0,175240000.0,39225000.0,,3111021000.0,-2935781000.0,-39225000.0,-2975006000.0,303600000.0,350100000.0,350052000.0,350052000.0
Denbury Resources Inc,DNR,549300KCWA5W52MS5559,945764,2015.0,Q3YTD,2015-01-01,2015-09-30,,-10.0,-10.0,0.19,419304000.0,-10.0,,4874112000.0,-1431509000.0,,-3500371000.0,-3500371000.0,-3500371000.0,,427514000.0,987943000.0,,,-37428000.0,,,117134000.0,427514000.0,560429000.0,119187000.0,,5373122000.0,-4812693000.0,-119187000.0,-4931880000.0,987943000.0,350100000.0,350052000.0,350052000.0
Denbury Resources Inc,DNR,549300KCWA5W52MS5559,945764,2015.0,Q3TTM,2014-10-01,2015-09-30,,-8.96,-8.96,0.25,576422000.0,-8.97,,4874112000.0,-1213942000.0,,-3136738000.0,-3136738000.0,-3136738000.0,,600362000.0,1471627000.0,,,-555925000.0,,,165282000.0,600362000.0,871265000.0,162054000.0,,5059891000.0,-4188626000.0,-162054000.0,-4350680000.0,1471627000.0,350100000.0,350052000.0,350052000.0
Denbury Resources Inc,DNR,549300KCWA5W52MS5559,945764,2015.0,Q2,2015-04-01,2015-06-30,2016-08-05 16:13:52+00:00,-3.28,-3.28,0.0625,147940000.0,-3.28,,1705800000.0,-636168000.0,,-1148499000.0,-1148499000.0,-1148499000.0,,146385000.0,376694000.0,,,83426000.0,0.0,,37947000.0,146385000.0,230309000.0,39863000.0,,1975113000.0,-1744804000.0,-39863000.0,-1784667000.0,376694000.0,350200000.0,350039000.0,350039000.0
Denbury Resources Inc,DNR,549300KCWA5W52MS5559,945764,2015.0,Q2YTD,2015-01-01,2015-06-30,,-3.59,-3.59,0.13,297898000.0,-3.59,,1852000000.0,-700629000.0,,-1256245000.0,-1256245000.0,-1256245000.0,,299154000.0,684343000.0,,,27976000.0,,,84227000.0,299154000.0,385189000.0,79962000.0,,2262101000.0,-1876912000.0,-79962000.0,-1956874000.0,684343000.0,350200000.0,350039000.0,350039000.0
Denbury Resources Inc,DNR,549300KCWA5W52MS5559,945764,2015.0,Q2TTM,2014-07-01,2015-06-30,,-1.78,-1.78,0.25,601576000.0,-1.79,,1852000000.0,-315492000.0,,-623864000.0,-623864000.0,-623864000.0,,642528000.0,1805684000.0,,,-691386000.0,,,172741000.0,642528000.0,1163156000.0,167581000.0,,1934931000.0,-771775000.0,-167581000.0,-939356000.0,1805684000.0,350200000.0,350039000.0,350039000.0
Denbury Resources Inc,DNR,549300KCWA5W52MS5559,945764,2015.0,Q1,2015-01-01,2015-03-31,2016-05-06 15:08:39+00:00,-0.31,-0.31,0.0625,149958000.0,-0.31,,146200000.0,-64461000.0,,-107746000.0,-107746000.0,-107746000.0,,152769000.0,307649000.0,,,-55450000.0,0.0,,46280000.0,152769000.0,154880000.0,40099000.0,,286988000.0,-132108000.0,-40099000.0,-172207000.0,307649000.0,347600000.0,350688000.0,350688000.0
Denbury Resources Inc,DNR,549300KCWA5W52MS5559,945764,2015.0,Q1TTM,2014-04-01,2015-03-31,,1.34,1.34,0.25,601800000.0,1.33,,146200000.0,287812000.0,,469435000.0,469435000.0,469435000.0,,677542000.0,2101110000.0,,,-543601000.0,113908000.0,,173746000.0,677542000.0,1423568000.0,174268000.0,,492053000.0,931515000.0,-174268000.0,757247000.0,2101110000.0,347600000.0,350688000.0,350688000.0
Denbury Resources Inc,DNR,549300KCWA5W52MS5559,945764,2016.0,FY,2016-01-01,2016-12-31,2019-03-01 07:44:03+00:00,-2.61,-2.61,0.0,846043000.0,-2.61,,810921000.0,-544170000.0,,-976177000.0,-976177000.0,-976177000.0,,,975596000.0,,-127944000.0,77892000.0,,,623093000.0,,975596000.0,10050000.0,,2357949000.0,-1382353000.0,-137994000.0,-1520347000.0,975596000.0,374000000.0,373859000.0,373859000.0
Denbury Resources Inc,DNR,549300KCWA5W52MS5559,945764,2016.0,Q4,2016-10-01,2016-12-31,,-0.99,-0.99,,647124000.0,-0.99,,,-211545000.0,,-385726000.0,-385726000.0,-385726000.0,,-349633000.0,271619000.0,,-127944000.0,-84455000.0,115095000.0,,505772000.0,-349633000.0,621252000.0,-92957000.0,,1183536000.0,-562284000.0,-34987000.0,-597271000.0,271619000.0,374000000.0,373859000.0,373859000.0
Denbury Resources Inc,DNR,549300KCWA5W52MS5559,945764,2016.0,Q3,2016-07-01,2016-09-30,2017-11-07 16:49:25+00:00,-0.06,-0.06,,55012000.0,-0.06,,75521000.0,-14565000.0,,-24590000.0,-24590000.0,-24590000.0,,120974000.0,253985000.0,,,38000.0,-7826000.0,,24643000.0,120974000.0,133011000.0,24778000.0,,147388000.0,-14377000.0,-24778000.0,-39155000.0,253985000.0,409800000.0,388572000.0,388572000.0
Denbury Resources Inc,DNR,549300KCWA5W52MS5559,945764,2016.0,Q3YTD,2016-01-01,2016-09-30,,-1.62,-1.62,,198919000.0,-1.62,,810921000.0,-332625000.0,,-590451000.0,-590451000.0,-590451000.0,,349633000.0,703977000.0,,,162347000.0,-115095000.0,,117321000.0,349633000.0,354344000.0,103007000.0,,1174413000.0,-820069000.0,-103007000.0,-923076000.0,703977000.0,409800000.0,388572000.0,388572000.0
Denbury Resources Inc,DNR,549300KCWA5W52MS5559,945764,2016.0,Q3TTM,2015-10-01,2016-09-30,,-4.19,-4.19,,311275000.0,-4.19,,2137921000.0,-841650000.0,,-1475528000.0,-1475528000.0,-1475528000.0,,492908000.0,973594000.0,,,166325000.0,-115095000.0,,154350000.0,492908000.0,480686000.0,143088000.0,,2654776000.0,-2174090000.0,-143088000.0,-2317178000.0,973594000.0,409800000.0,388572000.0,388572000.0
Denbury Resources Inc,DNR,549300KCWA5W52MS5559,945764,2016.0,Q2,2016-04-01,2016-06-30,2017-08-08 17:17:05+00:00,-1.03,-1.03,,66541000.0,-1.03,,479400000.0,-222940000.0,,-380668000.0,-380668000.0,-380668000.0,,113018000.0,255148000.0,,,118784000.0,-12278000.0,,57233000.0,113018000.0,142130000.0,36058000.0,,709680000.0,-567550000.0,-36058000.0,-603608000.0,255148000.0,369600000.0,370566000.0,370566000.0
Denbury Resources Inc,DNR,549300KCWA5W52MS5559,945764,2016.0,Q2YTD,2016-01-01,2016-06-30,,-1.56,-1.56,,143907000.0,-1.56,,735400000.0,-318060000.0,,-565861000.0,-565861000.0,-565861000.0,,228659000.0,449992000.0,,,162309000.0,-107269000.0,,92678000.0,228659000.0,221333000.0,78229000.0,,1027025000.0,-805692000.0,-78229000.0,-883921000.0,449992000.0,369600000.0,370566000.0,370566000.0
Denbury Resources Inc,DNR,549300KCWA5W52MS5559,945764,2016.0,Q2TTM,2015-07-01,2016-06-30,,-10.54,-10.54,0.06,377669000.0,-10.54,,5084512000.0,-1557965000.0,,-3695064000.0,-3695064000.0,-3695064000.0,,500294000.0,1023209000.0,,,100883000.0,-107269000.0,,162614000.0,500294000.0,522915000.0,157535000.0,,5618409000.0,-5095494000.0,-157535000.0,-5253029000.0,1023209000.0,369600000.0,370566000.0,370566000.0
Denbury Resources Inc,DNR,549300KCWA5W52MS5559,945764,2016.0,Q1,2016-01-01,2016-03-31,2017-05-05 11:41:15+00:00,-0.53,-0.53,,77366000.0,-0.53,,256000000.0,-95120000.0,,-185193000.0,-185193000.0,-185193000.0,,115641000.0,194844000.0,,,43525000.0,-94991000.0,,35445000.0,115641000.0,79203000.0,42171000.0,,317345000.0,-238142000.0,-42171000.0,-280313000.0,194844000.0,349400000.0,347235000.0,347235000.0
Denbury Resources Inc,DNR,549300KCWA5W52MS5559,945764,2016.0,Q1TTM,2015-04-01,2016-03-31,,-12.79,-12.79,0.13,459068000.0,-12.79,,6310912000.0,-1971193000.0,,-4462895000.0,-4462895000.0,-4462895000.0,,533661000.0,1144755000.0,,,65525000.0,-94991000.0,,143328000.0,533661000.0,611094000.0,161340000.0,,6883842000.0,-6272748000.0,-161340000.0,-6434088000.0,1144755000.0,349400000.0,347235000.0,347235000.0
Denbury Resources Inc,DNR,549300KCWA5W52MS5559,945764,2017.0,FY,2017-01-01,2017-12-31,2019-03-01 07:44:03+00:00,0.42,0.42,0.0,207713000.0,0.41,,0.0,-116652000.0,,163152000.0,163152000.0,163152000.0,,,1129786000.0,,-77576000.0,87207000.0,,,611527000.0,,1129786000.0,99263000.0,,906447000.0,223339000.0,-176839000.0,46500000.0,1129786000.0,388500000.0,390928000.0,395921000.0
Denbury Resources Inc,DNR,549300KCWA5W52MS5559,945764,2017.0,Q3,2017-07-01,2017-09-30,2018-11-09 12:00:27+00:00,0.0,0.0,,52101000.0,0.0,,,-14229000.0,,442000.0,442000.0,442000.0,,,266559000.0,,,46842000.0,,,156857000.0,,266559000.0,24546000.0,,255800000.0,10759000.0,-24546000.0,-13787000.0,266559000.0,,392013000.0,393023000.0
Denbury Resources Inc,DNR,549300KCWA5W52MS5559,945764,2017.0,Q1,2017-01-01,2017-03-31,2018-05-10 16:18:27+00:00,0.06,0.06,,51195000.0,0.05,,,20974000.0,,21530000.0,21530000.0,21530000.0,,127905000.0,275454000.0,,,-1569000.0,,,28241000.0,127905000.0,147549000.0,27178000.0,,77867000.0,69682000.0,-27178000.0,42504000.0,275454000.0,358800000.0,389397000.0,392997000.0
Denbury Resources Inc,DNR,549300KCWA5W52MS5559,945764,2017.0,Q1TTM,2016-04-01,2017-03-31,,-2.02,-2.02,,819872000.0,-2.03,,554921000.0,-428076000.0,,-769454000.0,-769454000.0,-769454000.0,,12264000.0,1056206000.0,,-127944000.0,32798000.0,94991000.0,,615889000.0,12264000.0,1043942000.0,-4943000.0,,2118471000.0,-1074529000.0,-123001000.0,-1197530000.0,1056206000.0,358800000.0,389397000.0,392997000.0
Denbury Resources Inc,DNR,549300KCWA5W52MS5559,945764,2018.0,FY,2018-01-01,2018-12-31,2019-03-01 07:44:03+00:00,0.75,0.75,,216449000.0,0.71,,0.0,87233000.0,,322698000.0,322698000.0,322698000.0,,,1473625000.0,,21087000.0,104670000.0,,,693974000.0,,1473625000.0,69688000.0,,1015093000.0,458532000.0,-48601000.0,409931000.0,1473625000.0,430300000.0,432483000.0,456169000.0
Denbury Resources Inc,DNR,549300KCWA5W52MS5559,945764,2018.0,Q4,2018-10-01,2018-12-31,,0.41,0.41,,59738000.0,0.38,,,48166000.0,,174479000.0,174479000.0,174479000.0,,,338355000.0,,210688000.0,22773000.0,,,226173000.0,,338355000.0,17714000.0,,308684000.0,29671000.0,192974000.0,222645000.0,338355000.0,430300000.0,432483000.0,456169000.0
Denbury Resources Inc,DNR,549300KCWA5W52MS5559,945764,2018.0,Q3,2018-07-01,2018-09-30,2019-11-07 21:04:09+00:00,0.17,0.17,,51316000.0,0.17,,,15616000.0,,78419000.0,78419000.0,78419000.0,,,394973000.0,,-44577000.0,27344000.0,,,159174000.0,,394973000.0,18527000.0,,237834000.0,157139000.0,-63104000.0,94035000.0,394973000.0,461300000.0,451256000.0,458450000.0
Denbury Resources Inc,DNR,549300KCWA5W52MS5559,945764,2018.0,Q3YTD,2018-01-01,2018-09-30,,0.34,0.34,,156711000.0,0.33,,,39067000.0,,148219000.0,148219000.0,148219000.0,,,1135270000.0,,-189601000.0,81897000.0,,,467801000.0,,1135270000.0,51974000.0,,706409000.0,428861000.0,-241575000.0,187286000.0,1135270000.0,461300000.0,451256000.0,458450000.0
Denbury Resources Inc,DNR,549300KCWA5W52MS5559,945764,2018.0,Q2,2018-04-01,2018-06-30,2019-08-09 15:26:02+00:00,0.07,0.07,,52944000.0,0.07,,,9431000.0,,30222000.0,30222000.0,30222000.0,,,387063000.0,,-96199000.0,27234000.0,,,154825000.0,,387063000.0,16208000.0,,235003000.0,152060000.0,-112407000.0,39653000.0,387063000.0,431700000.0,433467000.0,457165000.0
Denbury Resources Inc,DNR,549300KCWA5W52MS5559,945764,2018.0,Q2YTD,2018-01-01,2018-06-30,,0.17,0.17,,105395000.0,0.16,,,23451000.0,,69800000.0,69800000.0,69800000.0,,,740297000.0,,-145024000.0,54553000.0,,,308627000.0,,740297000.0,33447000.0,,468575000.0,271722000.0,-178471000.0,93251000.0,740297000.0,431700000.0,433467000.0,457165000.0
Denbury Resources Inc,DNR,549300KCWA5W52MS5559,945764,2018.0,Q1,2018-01-01,2018-03-31,2019-05-09 16:54:32+00:00,0.1,0.1,,52451000.0,0.09,,,14020000.0,,39578000.0,39578000.0,39578000.0,,,353234000.0,,-48825000.0,27319000.0,,,153802000.0,,353234000.0,17239000.0,,233572000.0,119662000.0,-66064000.0,53598000.0,353234000.0,395800000.0,392742000.0,451543000.0
Denbury Resources Inc,DNR,549300KCWA5W52MS5559,945764,2018.0,Q1TTM,2017-04-01,2018-03-31,,0.46,0.46,,208969000.0,0.45,,,-123606000.0,,181200000.0,181200000.0,181200000.0,,-127905000.0,1207566000.0,,-126401000.0,116095000.0,,,737088000.0,-127905000.0,1335471000.0,89324000.0,,1062152000.0,273319000.0,-215725000.0,57594000.0,1207566000.0,395800000.0,392742000.0,451543000.0
Denbury Resources Inc,DNR,549300KCWA5W52MS5559,945764,2019.0,Q3,2019-07-01,2019-09-30,2019-11-07 21:04:09+00:00,0.16,0.16,,55064000.0,0.14,,,37050000.0,,72862000.0,72862000.0,72862000.0,,,315453000.0,,43155000.0,22010000.0,,,154638000.0,,315453000.0,16984000.0,,231712000.0,83741000.0,26171000.0,109912000.0,315453000.0,455400000.0,455487000.0,547205000.0
Denbury Resources Inc,DNR,549300KCWA5W52MS5559,945764,2019.0,Q3YTD,2019-01-01,2019-09-30,,0.42,0.42,,170625000.0,0.4,,,91668000.0,,193880000.0,193880000.0,193880000.0,,,964270000.0,,-15462000.0,71312000.0,,,466871000.0,,964270000.0,-45548000.0,,708808000.0,255462000.0,30086000.0,285548000.0,964270000.0,455400000.0,455487000.0,547205000.0
Denbury Resources Inc,DNR,549300KCWA5W52MS5559,945764,2019.0,Q3TTM,2018-10-01,2019-09-30,,0.83,0.83,,230363000.0,0.78,,,139834000.0,,368359000.0,368359000.0,368359000.0,,,1302625000.0,,195226000.0,94085000.0,,,693044000.0,,1302625000.0,-27834000.0,,1017492000.0,285133000.0,223060000.0,508193000.0,1302625000.0,455400000.0,455487000.0,547205000.0
Denbury Resources Inc,DNR,549300KCWA5W52MS5559,945764,2019.0,Q2,2019-04-01,2019-06-30,2019-08-09 15:26:02+00:00,0.32,0.32,,58264000.0,0.32,,,65377000.0,,146692000.0,146692000.0,146692000.0,,,343365000.0,,24760000.0,25517000.0,,,152205000.0,,343365000.0,-79930000.0,,235986000.0,107379000.0,104690000.0,212069000.0,343365000.0,458400000.0,452612000.0,467427000.0
Denbury Resources Inc,DNR,549300KCWA5W52MS5559,945764,2019.0,Q2YTD,2019-01-01,2019-06-30,,0.26,0.26,,115561000.0,0.26,,,54618000.0,,121018000.0,121018000.0,121018000.0,,,648817000.0,,-58617000.0,49302000.0,,,312233000.0,,648817000.0,-62532000.0,,477096000.0,171721000.0,3915000.0,175636000.0,648817000.0,458400000.0,452612000.0,467427000.0
Denbury Resources Inc,DNR,549300KCWA5W52MS5559,945764,2019.0,Q2TTM,2018-07-01,2019-06-30,,0.84,0.84,,226615000.0,0.81,,,118400000.0,,373916000.0,373916000.0,373916000.0,,,1382145000.0,,107494000.0,99419000.0,,,697580000.0,,1382145000.0,-26291000.0,,1023614000.0,358531000.0,133785000.0,492316000.0,1382145000.0,458400000.0,452612000.0,467427000.0
Denbury Resources Inc,DNR,549300KCWA5W52MS5559,945764,2019.0,Q1,2019-01-01,2019-03-31,2019-05-09 16:54:32+00:00,-0.06,-0.06,,57297000.0,-0.06,,,-10759000.0,,-25674000.0,-25674000.0,-25674000.0,,,305452000.0,,-83377000.0,23785000.0,,,160028000.0,,305452000.0,17398000.0,,241110000.0,64342000.0,-100775000.0,-36433000.0,305452000.0,427900000.0,451720000.0,451720000.0
Denbury Resources Inc,DNR,549300KCWA5W52MS5559,945764,2019.0,Q1TTM,2018-04-01,2019-03-31,,0.59,0.59,,221295000.0,0.56,,,62454000.0,,257446000.0,257446000.0,257446000.0,,,1425843000.0,,-13465000.0,101136000.0,,,700200000.0,,1425843000.0,69847000.0,,1022631000.0,403212000.0,-83312000.0,319900000.0,1425843000.0,427900000.0,451720000.0,451720000.0
