company_name,company_ticker,company_lei,company_cik,year,quarter,start_date,end_date,filing_date,basicdilutedeps,basiceps,cashdividendspershare,dilutedeps,impairmentexpense,incometaxexpense,netincome,netincomecontinuing,netincomediscontinued,netincometocommon,netincometononcontrollinginterest,operatingcostofrevenue,operatingrevenue,otheroperatingexpenses,otherspecialcharges,rdexpense,sgaexpense,totalcostofrevenue,totalgrossprofit,totalinterestexpense,totalinterestincome,totaloperatingexpenses,totaloperatingincome,totalotherincome,totalpretaxincome,totalrevenue,weightedavebasicdilutedsharesos,weightedavebasicsharesos,weightedavedilutedsharesos
Qualcomm Inc,QCOM,H1J8DDZKZP6H7RWC0H53,804328,2007.0,FY,2006-09-25,2007-09-30,2009-12-22 17:23:59+00:00,1.99,1.99,0.52,1.95,,323000000.0,3303000000.0,3303000000.0,,3303000000.0,,2681000000.0,8871000000.0,,0.0,1829000000.0,1478000000.0,2681000000.0,6190000000.0,,743000000.0,3307000000.0,2883000000.0,743000000.0,3626000000.0,8871000000.0,1659800000.0,1660000000.0,1693000000.0
Qualcomm Inc,QCOM,H1J8DDZKZP6H7RWC0H53,804328,2008.0,FY,2007-10-01,2008-09-28,2010-11-03 17:18:30+00:00,1.94,1.94,0.6,1.9,,666000000.0,3160000000.0,3160000000.0,,3160000000.0,,3414000000.0,11142000000.0,,0.0,2281000000.0,1717000000.0,3414000000.0,7728000000.0,,96000000.0,3998000000.0,3730000000.0,96000000.0,3826000000.0,11142000000.0,1628900000.0,1632000000.0,1660000000.0
Qualcomm Inc,QCOM,H1J8DDZKZP6H7RWC0H53,804328,2008.0,Q3,2008-03-31,2008-06-29,2009-07-22 16:31:14+00:00,0.46,0.46,0.16,0.45,-83000000.0,134000000.0,748000000.0,748000000.0,,748000000.0,,889000000.0,2762000000.0,83000000.0,0.0,596000000.0,453000000.0,889000000.0,1873000000.0,,58000000.0,1049000000.0,824000000.0,58000000.0,882000000.0,2762000000.0,1626100000.0,1626000000.0,1654000000.0
Qualcomm Inc,QCOM,H1J8DDZKZP6H7RWC0H53,804328,2009.0,Q4,2009-06-29,2009-09-27,,0.48,0.48,0.17,0.49,,66000000.0,803000000.0,1003000000.0,-200000000.0,803000000.0,,668000000.0,2662000000.0,,-748000000.0,519000000.0,1310000000.0,668000000.0,1994000000.0,,156000000.0,1081000000.0,913000000.0,156000000.0,1069000000.0,2662000000.0,1658300000.0,1656000000.0,1673000000.0
Qualcomm Inc,QCOM,H1J8DDZKZP6H7RWC0H53,804328,2009.0,FY,2008-09-29,2009-09-27,2011-11-02 16:08:57+00:00,0.96,0.96,0.66,0.95,,611000000.0,1592000000.0,1792000000.0,-200000000.0,1592000000.0,0.0,3025000000.0,10387000000.0,,,2345000000.0,2475000000.0,3025000000.0,7362000000.0,,-139000000.0,4820000000.0,2542000000.0,-139000000.0,2403000000.0,10387000000.0,1658300000.0,1656000000.0,1673000000.0
Qualcomm Inc,QCOM,H1J8DDZKZP6H7RWC0H53,804328,2009.0,Q3YTD,2008-09-29,2009-06-28,,0.48,0.48,0.49,0.46,,545000000.0,789000000.0,789000000.0,,789000000.0,,2357000000.0,7725000000.0,,748000000.0,1826000000.0,1165000000.0,2357000000.0,5368000000.0,,-295000000.0,3739000000.0,1629000000.0,-295000000.0,1334000000.0,7725000000.0,1637800000.0,1656000000.0,1675000000.0
Qualcomm Inc,QCOM,H1J8DDZKZP6H7RWC0H53,804328,2009.0,Q3,2009-03-30,2009-06-28,2010-07-21 16:18:19+00:00,0.45,0.45,0.17,0.44,,247000000.0,737000000.0,737000000.0,,737000000.0,,864000000.0,2753000000.0,,0.0,618000000.0,377000000.0,864000000.0,1889000000.0,,90000000.0,995000000.0,894000000.0,90000000.0,984000000.0,2753000000.0,1637800000.0,1656000000.0,1675000000.0
Qualcomm Inc,QCOM,H1J8DDZKZP6H7RWC0H53,804328,2009.0,Q2YTD,2008-09-29,2009-03-29,,0.03,0.03,0.32,0.02,,298000000.0,52000000.0,52000000.0,,52000000.0,,1493000000.0,4972000000.0,,748000000.0,1208000000.0,788000000.0,1493000000.0,3479000000.0,,-385000000.0,2744000000.0,735000000.0,-385000000.0,350000000.0,4972000000.0,1605600000.0,1651000000.0,1651000000.0
Qualcomm Inc,QCOM,H1J8DDZKZP6H7RWC0H53,804328,2009.0,Q2,2008-12-29,2009-03-29,2010-04-21 16:29:12+00:00,-0.18,-0.18,0.16,-0.18,,188000000.0,-289000000.0,-289000000.0,,-289000000.0,,738000000.0,2455000000.0,,748000000.0,604000000.0,375000000.0,738000000.0,1717000000.0,,-91000000.0,1727000000.0,-10000000.0,-91000000.0,-101000000.0,2455000000.0,1605600000.0,1651000000.0,1651000000.0
Qualcomm Inc,QCOM,H1J8DDZKZP6H7RWC0H53,804328,2009.0,Q1,2008-09-29,2008-12-28,2010-01-27 16:50:32+00:00,0.21,0.21,0.16,0.2,,110000000.0,341000000.0,341000000.0,,341000000.0,,755000000.0,2517000000.0,,,604000000.0,413000000.0,755000000.0,1762000000.0,,-294000000.0,1017000000.0,745000000.0,-294000000.0,451000000.0,2517000000.0,1623800000.0,1653000000.0,1667000000.0
Qualcomm Inc,QCOM,H1J8DDZKZP6H7RWC0H53,804328,2010.0,Q4,2010-06-28,2010-09-26,,0.54,0.54,0.19,0.53,,367000000.0,865000000.0,1138000000.0,-273000000.0,865000000.0,,771000000.0,2943000000.0,,,558000000.0,334000000.0,771000000.0,2172000000.0,,225000000.0,892000000.0,1280000000.0,225000000.0,1505000000.0,2943000000.0,1639900000.0,1643000000.0,1658000000.0
Qualcomm Inc,QCOM,H1J8DDZKZP6H7RWC0H53,804328,2010.0,FY,2009-09-28,2010-09-26,2012-11-07 16:15:01+00:00,1.98,1.98,0.72,1.96,,973000000.0,3247000000.0,3520000000.0,-273000000.0,3247000000.0,0.0,3301000000.0,10982000000.0,,,2451000000.0,1503000000.0,3301000000.0,7681000000.0,,766000000.0,3954000000.0,3727000000.0,766000000.0,4493000000.0,10982000000.0,1639900000.0,1643000000.0,1658000000.0
Qualcomm Inc,QCOM,H1J8DDZKZP6H7RWC0H53,804328,2010.0,Q3YTD,2009-09-28,2010-06-27,,1.44,1.44,0.53,1.43,,606000000.0,2382000000.0,2382000000.0,,2382000000.0,,2530000000.0,8039000000.0,,,1893000000.0,1169000000.0,2530000000.0,5509000000.0,,541000000.0,3062000000.0,2447000000.0,541000000.0,2988000000.0,8039000000.0,1631900000.0,1629000000.0,1642000000.0
Qualcomm Inc,QCOM,H1J8DDZKZP6H7RWC0H53,804328,2010.0,Q3TTM,2009-06-29,2010-06-27,,1.92,1.92,0.7,1.92,,672000000.0,3185000000.0,3385000000.0,-200000000.0,3185000000.0,,3198000000.0,10701000000.0,,-748000000.0,2412000000.0,2479000000.0,3198000000.0,7503000000.0,,697000000.0,4143000000.0,3360000000.0,697000000.0,4057000000.0,10701000000.0,1631900000.0,1629000000.0,1642000000.0
Qualcomm Inc,QCOM,H1J8DDZKZP6H7RWC0H53,804328,2010.0,Q3,2010-03-29,2010-06-27,2011-07-20 16:19:05+00:00,0.47,0.47,0.19,0.47,0.0,244000000.0,767000000.0,832000000.0,-65000000.0,767000000.0,0.0,852000000.0,2700000000.0,,,623000000.0,332000000.0,852000000.0,1848000000.0,,183000000.0,955000000.0,893000000.0,183000000.0,1076000000.0,2700000000.0,1631900000.0,1629000000.0,1642000000.0
Qualcomm Inc,QCOM,H1J8DDZKZP6H7RWC0H53,804328,2010.0,Q2YTD,2009-09-28,2010-03-28,,0.97,0.97,0.34,0.96,,402000000.0,1615000000.0,1615000000.0,,1615000000.0,,1625000000.0,5333000000.0,,,1244000000.0,809000000.0,1625000000.0,3708000000.0,,362000000.0,2053000000.0,1655000000.0,362000000.0,2017000000.0,5333000000.0,1646800000.0,1662000000.0,1678000000.0
Qualcomm Inc,QCOM,H1J8DDZKZP6H7RWC0H53,804328,2010.0,Q2TTM,2009-03-30,2010-03-28,,1.9,1.9,0.68,1.89,,715000000.0,3155000000.0,3355000000.0,-200000000.0,3155000000.0,,3157000000.0,10748000000.0,,-748000000.0,2381000000.0,2496000000.0,3157000000.0,7591000000.0,,608000000.0,4129000000.0,3462000000.0,608000000.0,4070000000.0,10748000000.0,1646800000.0,1662000000.0,1678000000.0
Qualcomm Inc,QCOM,H1J8DDZKZP6H7RWC0H53,804328,2010.0,Q2,2009-12-28,2010-03-28,2011-04-20 16:15:29+00:00,0.47,0.47,0.17,0.46,0.0,191000000.0,774000000.0,774000000.0,,774000000.0,0.0,809000000.0,2663000000.0,,,648000000.0,430000000.0,809000000.0,1854000000.0,,189000000.0,1078000000.0,776000000.0,189000000.0,965000000.0,2663000000.0,1646800000.0,1662000000.0,1678000000.0
Qualcomm Inc,QCOM,H1J8DDZKZP6H7RWC0H53,804328,2010.0,Q1TTM,2008-12-29,2009-12-27,,1.25,1.25,0.67,1.25,,712000000.0,2092000000.0,2292000000.0,-200000000.0,2092000000.0,,3086000000.0,10540000000.0,,,2337000000.0,2441000000.0,3086000000.0,7454000000.0,,328000000.0,4778000000.0,2676000000.0,328000000.0,3004000000.0,10540000000.0,1682000000.0,1672000000.0,1691000000.0
Qualcomm Inc,QCOM,H1J8DDZKZP6H7RWC0H53,804328,2010.0,Q1,2009-09-28,2009-12-27,2011-01-26 16:20:46+00:00,0.5,0.5,0.17,0.5,,211000000.0,841000000.0,841000000.0,,841000000.0,,816000000.0,2670000000.0,,,596000000.0,379000000.0,816000000.0,1854000000.0,,173000000.0,975000000.0,879000000.0,173000000.0,1052000000.0,2670000000.0,1682000000.0,1672000000.0,1691000000.0
Qualcomm Inc,QCOM,H1J8DDZKZP6H7RWC0H53,804328,2011.0,Q4,2011-06-27,2011-09-25,,0.63,0.63,0.22,0.61,-114000000.0,421000000.0,1048000000.0,1405000000.0,-357000000.0,1056000000.0,-8000000.0,1106000000.0,4111000000.0,,,827000000.0,562000000.0,1106000000.0,3005000000.0,,96000000.0,1275000000.0,1730000000.0,96000000.0,1826000000.0,4111000000.0,1657600000.0,1658000000.0,1691000000.0
Qualcomm Inc,QCOM,H1J8DDZKZP6H7RWC0H53,804328,2011.0,FY,2010-09-27,2011-09-25,2013-11-06 16:22:40+00:00,2.57,2.57,0.81,2.52,,1132000000.0,4242000000.0,4555000000.0,-313000000.0,4260000000.0,-18000000.0,4877000000.0,14957000000.0,,,2995000000.0,2059000000.0,4877000000.0,10080000000.0,,661000000.0,5054000000.0,5026000000.0,661000000.0,5687000000.0,14957000000.0,1657600000.0,1658000000.0,1691000000.0
Qualcomm Inc,QCOM,H1J8DDZKZP6H7RWC0H53,804328,2011.0,Q3YTD,2010-09-27,2011-06-26,,1.94,1.94,0.6,1.91,114000000.0,711000000.0,3194000000.0,3150000000.0,44000000.0,3204000000.0,-10000000.0,3771000000.0,10846000000.0,,,2168000000.0,1497000000.0,3771000000.0,7075000000.0,,565000000.0,3779000000.0,3296000000.0,565000000.0,3861000000.0,10846000000.0,1669400000.0,1673000000.0,1709000000.0
Qualcomm Inc,QCOM,H1J8DDZKZP6H7RWC0H53,804328,2011.0,Q3TTM,2010-06-28,2011-06-26,,2.48,2.48,0.78,2.44,114000000.0,1078000000.0,4059000000.0,4288000000.0,-229000000.0,4069000000.0,-10000000.0,4542000000.0,13789000000.0,,,2726000000.0,1831000000.0,4542000000.0,9247000000.0,,790000000.0,4671000000.0,4576000000.0,790000000.0,5366000000.0,13789000000.0,1669400000.0,1673000000.0,1709000000.0
Qualcomm Inc,QCOM,H1J8DDZKZP6H7RWC0H53,804328,2011.0,Q3,2011-03-28,2011-06-26,2012-07-18 16:11:00+00:00,0.62,0.62,0.215,0.61,,289000000.0,1029000000.0,985000000.0,44000000.0,1035000000.0,-6000000.0,1278000000.0,3623000000.0,,,757000000.0,475000000.0,1278000000.0,2345000000.0,,161000000.0,1232000000.0,1113000000.0,161000000.0,1274000000.0,3623000000.0,1669400000.0,1673000000.0,1709000000.0
Qualcomm Inc,QCOM,H1J8DDZKZP6H7RWC0H53,804328,2011.0,Q2YTD,2010-09-27,2011-03-27,,1.32,1.32,0.38,1.3,114000000.0,422000000.0,2165000000.0,2165000000.0,,2169000000.0,-4000000.0,2493000000.0,7223000000.0,,,1411000000.0,1022000000.0,2493000000.0,4730000000.0,,404000000.0,2547000000.0,2183000000.0,404000000.0,2587000000.0,7223000000.0,1665000000.0,1654000000.0,1689000000.0
Qualcomm Inc,QCOM,H1J8DDZKZP6H7RWC0H53,804328,2011.0,Q2TTM,2010-03-29,2011-03-27,,2.33,2.33,0.76,2.3,114000000.0,993000000.0,3797000000.0,4070000000.0,-273000000.0,3801000000.0,-4000000.0,4169000000.0,12872000000.0,,,2618000000.0,1716000000.0,4169000000.0,8703000000.0,,808000000.0,4448000000.0,4255000000.0,808000000.0,5063000000.0,12872000000.0,1665000000.0,1654000000.0,1689000000.0
Qualcomm Inc,QCOM,H1J8DDZKZP6H7RWC0H53,804328,2011.0,Q2,2010-12-27,2011-03-27,2012-04-18 16:11:42+00:00,0.6,0.6,0.19,0.59,,355000000.0,995000000.0,1264000000.0,-269000000.0,999000000.0,-4000000.0,1059000000.0,3870000000.0,,,738000000.0,643000000.0,1059000000.0,2811000000.0,,189000000.0,1381000000.0,1430000000.0,189000000.0,1619000000.0,3870000000.0,1665000000.0,1654000000.0,1689000000.0
Qualcomm Inc,QCOM,H1J8DDZKZP6H7RWC0H53,804328,2011.0,Q1TTM,2009-12-28,2010-12-26,,2.2,2.2,0.74,2.17,,921000000.0,3576000000.0,3849000000.0,-273000000.0,3576000000.0,,3615000000.0,11660000000.0,,,2526000000.0,1561000000.0,3615000000.0,8045000000.0,,812000000.0,4087000000.0,3958000000.0,812000000.0,4770000000.0,11660000000.0,1625000000.0,1623000000.0,1648000000.0
Qualcomm Inc,QCOM,H1J8DDZKZP6H7RWC0H53,804328,2011.0,Q1,2010-09-27,2010-12-26,2012-02-01 16:07:54+00:00,0.72,0.72,0.19,0.71,,218000000.0,1170000000.0,1252000000.0,-82000000.0,1170000000.0,0.0,1043000000.0,3348000000.0,,,649000000.0,409000000.0,1043000000.0,2305000000.0,,223000000.0,1058000000.0,1247000000.0,223000000.0,1470000000.0,3348000000.0,1625000000.0,1623000000.0,1648000000.0
Qualcomm Inc,QCOM,H1J8DDZKZP6H7RWC0H53,804328,2012.0,Q4,2012-06-25,2012-09-30,,0.75,0.75,0.25,0.73,,287000000.0,1262000000.0,1239000000.0,23000000.0,1271000000.0,-9000000.0,1840000000.0,4871000000.0,158000000.0,,1114000000.0,524000000.0,1840000000.0,3031000000.0,,291000000.0,1796000000.0,1235000000.0,291000000.0,1526000000.0,4871000000.0,1701700000.0,1700000000.0,1741000000.0
Qualcomm Inc,QCOM,H1J8DDZKZP6H7RWC0H53,804328,2012.0,FY,2011-09-26,2012-09-30,2014-11-05 16:18:10+00:00,3.59,3.59,0.93,3.51,,1279000000.0,6059000000.0,5283000000.0,776000000.0,6109000000.0,-50000000.0,7096000000.0,19121000000.0,158000000.0,,3915000000.0,2270000000.0,7096000000.0,12025000000.0,,880000000.0,6343000000.0,5682000000.0,880000000.0,6562000000.0,19121000000.0,1701700000.0,1700000000.0,1741000000.0
Qualcomm Inc,QCOM,H1J8DDZKZP6H7RWC0H53,804328,2012.0,Q3YTD,2011-09-26,2012-06-24,,2.84,2.84,0.68,2.78,,992000000.0,4797000000.0,4044000000.0,753000000.0,4838000000.0,-41000000.0,5256000000.0,14250000000.0,,,2801000000.0,1746000000.0,5256000000.0,8994000000.0,,589000000.0,4547000000.0,4447000000.0,589000000.0,5036000000.0,14250000000.0,1724300000.0,1715000000.0,1758000000.0
Qualcomm Inc,QCOM,H1J8DDZKZP6H7RWC0H53,804328,2012.0,Q3TTM,2011-06-27,2012-06-24,,3.47,3.47,0.9,3.39,-114000000.0,1413000000.0,5845000000.0,5449000000.0,396000000.0,5894000000.0,-49000000.0,6362000000.0,18361000000.0,,,3628000000.0,2308000000.0,6362000000.0,11999000000.0,,685000000.0,5822000000.0,6177000000.0,685000000.0,6862000000.0,18361000000.0,1724300000.0,1715000000.0,1758000000.0
Qualcomm Inc,QCOM,H1J8DDZKZP6H7RWC0H53,804328,2012.0,Q3,2012-03-26,2012-06-24,2013-07-24 16:09:43+00:00,0.7,0.7,0.25,0.69,,375000000.0,1203000000.0,1206000000.0,-3000000.0,1207000000.0,-4000000.0,1719000000.0,4626000000.0,,,974000000.0,551000000.0,1719000000.0,2907000000.0,,199000000.0,1525000000.0,1382000000.0,199000000.0,1581000000.0,4626000000.0,1724300000.0,1715000000.0,1758000000.0
Qualcomm Inc,QCOM,H1J8DDZKZP6H7RWC0H53,804328,2012.0,Q2YTD,2011-09-26,2012-03-25,,2.14,2.14,0.43,2.09,,617000000.0,3594000000.0,2838000000.0,756000000.0,3631000000.0,-37000000.0,3537000000.0,9624000000.0,,,1827000000.0,1195000000.0,3537000000.0,6087000000.0,,390000000.0,3022000000.0,3065000000.0,390000000.0,3455000000.0,9624000000.0,1702300000.0,1698000000.0,1743000000.0
Qualcomm Inc,QCOM,H1J8DDZKZP6H7RWC0H53,804328,2012.0,Q2TTM,2011-03-28,2012-03-25,,3.39,3.39,0.86,3.31,-114000000.0,1327000000.0,5671000000.0,5228000000.0,443000000.0,5722000000.0,-51000000.0,5921000000.0,17358000000.0,,,3411000000.0,2232000000.0,5921000000.0,11437000000.0,,647000000.0,5529000000.0,5908000000.0,647000000.0,6555000000.0,17358000000.0,1702300000.0,1698000000.0,1743000000.0
Qualcomm Inc,QCOM,H1J8DDZKZP6H7RWC0H53,804328,2012.0,Q2,2011-12-26,2012-03-25,2013-04-24 16:14:05+00:00,1.31,1.31,0.215,1.28,,296000000.0,2199000000.0,1438000000.0,761000000.0,2230000000.0,-31000000.0,1783000000.0,4943000000.0,,,954000000.0,692000000.0,1783000000.0,3160000000.0,,220000000.0,1646000000.0,1514000000.0,220000000.0,1734000000.0,4943000000.0,1702300000.0,1698000000.0,1743000000.0
Qualcomm Inc,QCOM,H1J8DDZKZP6H7RWC0H53,804328,2012.0,Q1TTM,2010-12-27,2011-12-25,,2.68,2.68,0.84,2.62,,1294000000.0,4467000000.0,4785000000.0,-318000000.0,4491000000.0,-24000000.0,5501000000.0,16290000000.0,,,3197000000.0,2125000000.0,5501000000.0,10789000000.0,,612000000.0,5322000000.0,5467000000.0,612000000.0,6079000000.0,16290000000.0,1688000000.0,1684000000.0,1721000000.0
Qualcomm Inc,QCOM,H1J8DDZKZP6H7RWC0H53,804328,2012.0,Q1,2011-09-26,2011-12-25,2013-01-30 16:11:45+00:00,0.83,0.83,0.215,0.81,,321000000.0,1395000000.0,1400000000.0,-5000000.0,1401000000.0,-6000000.0,1754000000.0,4681000000.0,,,873000000.0,503000000.0,1754000000.0,2927000000.0,,170000000.0,1376000000.0,1551000000.0,170000000.0,1721000000.0,4681000000.0,1688000000.0,1684000000.0,1721000000.0
Qualcomm Inc,QCOM,H1J8DDZKZP6H7RWC0H53,804328,2013.0,Q4,2013-07-01,2013-09-29,,0.88,0.88,0.35,0.86,,320000000.0,1501000000.0,1501000000.0,,1501000000.0,,2714000000.0,6481000000.0,331000000.0,,1349000000.0,499000000.0,2714000000.0,3767000000.0,,233000000.0,2179000000.0,1588000000.0,233000000.0,1821000000.0,6481000000.0,1717544000.0,1715000000.0,1754000000.0
Qualcomm Inc,QCOM,H1J8DDZKZP6H7RWC0H53,804328,2013.0,FY,2012-10-01,2013-09-29,2014-11-05 16:18:10+00:00,3.99,3.99,1.2,3.91,,1349000000.0,6845000000.0,6845000000.0,0.0,6853000000.0,-8000000.0,9820000000.0,24866000000.0,331000000.0,,4967000000.0,2518000000.0,9820000000.0,15046000000.0,,964000000.0,7816000000.0,7230000000.0,964000000.0,8194000000.0,24866000000.0,1717544000.0,1715000000.0,1754000000.0
Qualcomm Inc,QCOM,H1J8DDZKZP6H7RWC0H53,804328,2013.0,Q3TTM,2012-06-25,2013-06-30,,3.86,3.86,1.1,3.78,,1316000000.0,6606000000.0,6583000000.0,23000000.0,6623000000.0,-17000000.0,8946000000.0,23256000000.0,158000000.0,,4732000000.0,2543000000.0,8946000000.0,14310000000.0,,1022000000.0,7433000000.0,6877000000.0,1022000000.0,7899000000.0,23256000000.0,1736300000.0,1727000000.0,1765000000.0
Qualcomm Inc,QCOM,H1J8DDZKZP6H7RWC0H53,804328,2013.0,Q3,2013-04-01,2013-06-30,2014-07-23 16:13:56+00:00,0.91,0.91,0.35,0.9,,332000000.0,1578000000.0,1578000000.0,0.0,1580000000.0,-2000000.0,2497000000.0,6243000000.0,158000000.0,,1298000000.0,613000000.0,2497000000.0,3746000000.0,,233000000.0,2069000000.0,1677000000.0,233000000.0,1910000000.0,6243000000.0,1736300000.0,1727000000.0,1765000000.0
Qualcomm Inc,QCOM,H1J8DDZKZP6H7RWC0H53,804328,2013.0,Q2YTD,2012-10-01,2013-03-31,,2.2,2.2,0.5,2.15,,697000000.0,3766000000.0,3766000000.0,,3772000000.0,-6000000.0,4609000000.0,12142000000.0,,,2320000000.0,1248000000.0,4609000000.0,7533000000.0,,498000000.0,3568000000.0,3965000000.0,498000000.0,4463000000.0,12142000000.0,1727800000.0,1722000000.0,1763000000.0
Qualcomm Inc,QCOM,H1J8DDZKZP6H7RWC0H53,804328,2013.0,Q2TTM,2012-03-26,2013-03-31,,3.65,3.65,1.0,3.57,,1359000000.0,6231000000.0,6211000000.0,20000000.0,6250000000.0,-19000000.0,8168000000.0,21639000000.0,158000000.0,,4408000000.0,2323000000.0,8168000000.0,13471000000.0,,988000000.0,6889000000.0,6582000000.0,988000000.0,7570000000.0,21639000000.0,1727800000.0,1722000000.0,1763000000.0
Qualcomm Inc,QCOM,H1J8DDZKZP6H7RWC0H53,804328,2013.0,Q2,2012-12-31,2013-03-31,2014-04-23 16:12:55+00:00,1.08,1.08,0.25,1.06,,273000000.0,1863000000.0,1863000000.0,0.0,1866000000.0,-3000000.0,2372000000.0,6124000000.0,,,1214000000.0,661000000.0,2372000000.0,3752000000.0,,259000000.0,1875000000.0,1877000000.0,259000000.0,2136000000.0,6124000000.0,1727800000.0,1722000000.0,1763000000.0
Qualcomm Inc,QCOM,H1J8DDZKZP6H7RWC0H53,804328,2013.0,Q1TTM,2011-12-26,2012-12-30,,3.88,3.88,0.97,3.79,,1382000000.0,6567000000.0,5786000000.0,781000000.0,6614000000.0,-47000000.0,7579000000.0,20458000000.0,158000000.0,,4148000000.0,2354000000.0,7579000000.0,12879000000.0,,949000000.0,6660000000.0,6219000000.0,949000000.0,7168000000.0,20458000000.0,1701800000.0,1709000000.0,1751000000.0
Qualcomm Inc,QCOM,H1J8DDZKZP6H7RWC0H53,804328,2013.0,Q1,2012-10-01,2012-12-30,2014-01-29 16:18:38+00:00,1.12,1.12,0.25,1.09,,424000000.0,1903000000.0,1903000000.0,0.0,1906000000.0,-3000000.0,2237000000.0,6018000000.0,,,1106000000.0,587000000.0,2237000000.0,3781000000.0,,239000000.0,1693000000.0,2088000000.0,239000000.0,2327000000.0,6018000000.0,1701800000.0,1709000000.0,1751000000.0
Qualcomm Inc,QCOM,H1J8DDZKZP6H7RWC0H53,804328,2014.0,FY,2013-09-30,2014-09-28,2016-11-02 16:11:53+00:00,4.73,4.73,1.54,4.65,,1244000000.0,7964000000.0,7534000000.0,430000000.0,7967000000.0,-3000000.0,10686000000.0,26487000000.0,484000000.0,,5477000000.0,2290000000.0,10686000000.0,15801000000.0,5000000.0,1233000000.0,8251000000.0,7550000000.0,1228000000.0,8778000000.0,26487000000.0,1684400000.0,1683000000.0,1714000000.0
Qualcomm Inc,QCOM,H1J8DDZKZP6H7RWC0H53,804328,2014.0,Q4,2014-06-30,2014-09-28,,1.13,1.13,0.42,1.11,,357000000.0,1895000000.0,1895000000.0,,1895000000.0,,2758000000.0,6692000000.0,504000000.0,,1364000000.0,74000000.0,2758000000.0,3934000000.0,5000000.0,265000000.0,1942000000.0,1992000000.0,260000000.0,2252000000.0,6692000000.0,1684400000.0,1683000000.0,1714000000.0
Qualcomm Inc,QCOM,H1J8DDZKZP6H7RWC0H53,804328,2014.0,Q3YTD,2013-09-30,2014-06-29,,3.6,3.6,1.12,3.54,,887000000.0,6069000000.0,5639000000.0,430000000.0,6072000000.0,-3000000.0,7928000000.0,19795000000.0,-20000000.0,,4113000000.0,2216000000.0,7928000000.0,11867000000.0,,968000000.0,6309000000.0,5558000000.0,968000000.0,6526000000.0,19795000000.0,1682700000.0,1683000000.0,1714000000.0
Qualcomm Inc,QCOM,H1J8DDZKZP6H7RWC0H53,804328,2014.0,Q3TTM,2013-07-01,2014-06-29,,4.48,4.48,1.47,4.4,,1207000000.0,7570000000.0,7140000000.0,430000000.0,7573000000.0,-3000000.0,10642000000.0,26276000000.0,311000000.0,,5462000000.0,2715000000.0,10642000000.0,15634000000.0,,1201000000.0,8488000000.0,7146000000.0,1201000000.0,8347000000.0,26276000000.0,1682700000.0,1683000000.0,1714000000.0
Qualcomm Inc,QCOM,H1J8DDZKZP6H7RWC0H53,804328,2014.0,Q3,2014-03-31,2014-06-29,2015-07-22 16:18:54+00:00,1.33,1.33,0.42,1.31,,260000000.0,2237000000.0,2237000000.0,0.0,2238000000.0,-1000000.0,2740000000.0,6806000000.0,-20000000.0,,1429000000.0,582000000.0,2740000000.0,4066000000.0,,422000000.0,1991000000.0,2075000000.0,422000000.0,2497000000.0,6806000000.0,1682700000.0,1683000000.0,1714000000.0
Qualcomm Inc,QCOM,H1J8DDZKZP6H7RWC0H53,804328,2014.0,Q2YTD,2013-09-30,2014-03-30,,2.27,2.27,0.7,2.23,,627000000.0,3832000000.0,3402000000.0,430000000.0,3834000000.0,-2000000.0,5188000000.0,12989000000.0,,,2684000000.0,1634000000.0,5188000000.0,7801000000.0,,546000000.0,4318000000.0,3483000000.0,546000000.0,4029000000.0,12989000000.0,1688800000.0,1688000000.0,1719000000.0
Qualcomm Inc,QCOM,H1J8DDZKZP6H7RWC0H53,804328,2014.0,Q2TTM,2013-04-01,2014-03-30,,4.06,4.06,1.4,3.99,,1279000000.0,6911000000.0,6481000000.0,430000000.0,6915000000.0,-4000000.0,10399000000.0,25713000000.0,331000000.0,,5331000000.0,2904000000.0,10399000000.0,15314000000.0,,1012000000.0,8566000000.0,6748000000.0,1012000000.0,7760000000.0,25713000000.0,1688800000.0,1688000000.0,1719000000.0
Qualcomm Inc,QCOM,H1J8DDZKZP6H7RWC0H53,804328,2014.0,Q2,2013-12-30,2014-03-30,2015-04-22 16:24:39+00:00,1.16,1.16,0.35,1.14,,314000000.0,1958000000.0,1958000000.0,0.0,1959000000.0,-1000000.0,2482000000.0,6367000000.0,0.0,,1356000000.0,539000000.0,2482000000.0,3885000000.0,,282000000.0,1895000000.0,1990000000.0,282000000.0,2272000000.0,6367000000.0,1688800000.0,1688000000.0,1719000000.0
Qualcomm Inc,QCOM,H1J8DDZKZP6H7RWC0H53,804328,2014.0,Q1TTM,2012-12-31,2013-12-29,,3.98,3.98,1.3,3.91,,1238000000.0,6816000000.0,6386000000.0,430000000.0,6822000000.0,-6000000.0,10289000000.0,25470000000.0,331000000.0,,5189000000.0,3026000000.0,10289000000.0,15181000000.0,,989000000.0,8546000000.0,6635000000.0,989000000.0,7624000000.0,25470000000.0,1689200000.0,1688000000.0,1722000000.0
Qualcomm Inc,QCOM,H1J8DDZKZP6H7RWC0H53,804328,2014.0,Q1,2013-09-30,2013-12-29,2015-01-28 16:18:31+00:00,1.11,1.11,0.35,1.09,,313000000.0,1874000000.0,1444000000.0,430000000.0,1875000000.0,-1000000.0,2706000000.0,6622000000.0,472000000.0,,1328000000.0,623000000.0,2706000000.0,3916000000.0,,264000000.0,2423000000.0,1493000000.0,264000000.0,1757000000.0,6622000000.0,1689200000.0,1688000000.0,1722000000.0
Qualcomm Inc,QCOM,H1J8DDZKZP6H7RWC0H53,804328,2015.0,FY,2014-09-29,2015-09-27,2017-11-01 16:10:14+00:00,3.26,3.26,1.8,3.22,,1219000000.0,5268000000.0,5268000000.0,,5271000000.0,-3000000.0,10378000000.0,25281000000.0,1293000000.0,,5490000000.0,2344000000.0,10378000000.0,14903000000.0,104000000.0,815000000.0,9127000000.0,5776000000.0,711000000.0,6487000000.0,25281000000.0,1616900000.0,1618000000.0,1639000000.0
Qualcomm Inc,QCOM,H1J8DDZKZP6H7RWC0H53,804328,2015.0,Q4,2015-06-29,2015-09-27,,0.69,0.69,0.48,0.69,,190000000.0,1062000000.0,1062000000.0,,1062000000.0,,2252000000.0,5456000000.0,112000000.0,,1356000000.0,595000000.0,2252000000.0,3204000000.0,70000000.0,181000000.0,2063000000.0,1141000000.0,111000000.0,1252000000.0,5456000000.0,1616900000.0,1618000000.0,1639000000.0
Qualcomm Inc,QCOM,H1J8DDZKZP6H7RWC0H53,804328,2015.0,Q3,2015-03-30,2015-06-28,2016-07-20 16:11:32+00:00,0.74,0.74,0.48,0.73,,215000000.0,1183000000.0,1183000000.0,,1184000000.0,-1000000.0,2451000000.0,5832000000.0,118000000.0,,1407000000.0,621000000.0,2451000000.0,3381000000.0,32000000.0,195000000.0,2146000000.0,1235000000.0,163000000.0,1398000000.0,5832000000.0,1600000000.0,1608000000.0,1629000000.0
Qualcomm Inc,QCOM,H1J8DDZKZP6H7RWC0H53,804328,2015.0,Q3YTD,2014-09-29,2015-06-28,,2.57,2.57,1.32,2.53,,1029000000.0,4206000000.0,4206000000.0,,4209000000.0,-3000000.0,8126000000.0,19825000000.0,1181000000.0,,4134000000.0,1749000000.0,8126000000.0,11699000000.0,34000000.0,634000000.0,7064000000.0,4635000000.0,600000000.0,5235000000.0,19825000000.0,1600000000.0,1608000000.0,1629000000.0
Qualcomm Inc,QCOM,H1J8DDZKZP6H7RWC0H53,804328,2015.0,Q3TTM,2014-06-30,2015-06-28,,3.7,3.7,1.74,3.64,,1386000000.0,6101000000.0,6101000000.0,,6104000000.0,-3000000.0,10884000000.0,26517000000.0,1685000000.0,,5498000000.0,1823000000.0,10884000000.0,15633000000.0,39000000.0,899000000.0,9006000000.0,6627000000.0,860000000.0,7487000000.0,26517000000.0,1600000000.0,1608000000.0,1629000000.0
Qualcomm Inc,QCOM,H1J8DDZKZP6H7RWC0H53,804328,2015.0,Q2,2014-12-29,2015-03-29,2016-04-20 16:21:10+00:00,0.64,0.64,0.42,0.63,,487000000.0,1052000000.0,1052000000.0,,1053000000.0,-1000000.0,2628000000.0,6894000000.0,1010000000.0,,1375000000.0,545000000.0,2628000000.0,4266000000.0,1000000.0,204000000.0,2930000000.0,1336000000.0,203000000.0,1539000000.0,6894000000.0,1645300000.0,1645000000.0,1667000000.0
Qualcomm Inc,QCOM,H1J8DDZKZP6H7RWC0H53,804328,2015.0,Q2YTD,2014-09-29,2015-03-29,,1.83,1.83,0.84,1.8,,814000000.0,3023000000.0,3023000000.0,,3025000000.0,-2000000.0,5675000000.0,13993000000.0,1063000000.0,,2727000000.0,1128000000.0,5675000000.0,8318000000.0,2000000.0,439000000.0,4918000000.0,3400000000.0,437000000.0,3837000000.0,13993000000.0,1645300000.0,1645000000.0,1667000000.0
Qualcomm Inc,QCOM,H1J8DDZKZP6H7RWC0H53,804328,2015.0,Q2TTM,2014-03-31,2015-03-29,,4.29,4.29,1.68,4.22,,1431000000.0,7155000000.0,7155000000.0,,7158000000.0,-3000000.0,11173000000.0,27491000000.0,1547000000.0,,5520000000.0,1784000000.0,11173000000.0,16318000000.0,7000000.0,1126000000.0,8851000000.0,7467000000.0,1119000000.0,8586000000.0,27491000000.0,1645300000.0,1645000000.0,1667000000.0
Qualcomm Inc,QCOM,H1J8DDZKZP6H7RWC0H53,804328,2015.0,Q1,2014-09-29,2014-12-28,2016-01-27 16:18:39+00:00,1.19,1.19,0.42,1.17,,327000000.0,1971000000.0,1971000000.0,,1972000000.0,-1000000.0,3047000000.0,7099000000.0,53000000.0,,1352000000.0,583000000.0,3047000000.0,4052000000.0,1000000.0,235000000.0,1988000000.0,2064000000.0,234000000.0,2298000000.0,7099000000.0,1657100000.0,1661000000.0,1686000000.0
Qualcomm Inc,QCOM,H1J8DDZKZP6H7RWC0H53,804328,2015.0,Q1TTM,2013-12-30,2014-12-28,,4.81,4.81,1.61,4.73,,1258000000.0,8061000000.0,8061000000.0,,8064000000.0,-3000000.0,11027000000.0,26964000000.0,537000000.0,,5501000000.0,1778000000.0,11027000000.0,15937000000.0,6000000.0,1204000000.0,7816000000.0,8121000000.0,1198000000.0,9319000000.0,26964000000.0,1657100000.0,1661000000.0,1686000000.0
Qualcomm Inc,QCOM,H1J8DDZKZP6H7RWC0H53,804328,2016.0,FY,2015-09-28,2016-09-25,2018-11-07 16:15:48+00:00,3.84,3.84,2.02,3.81,,1131000000.0,5702000000.0,5702000000.0,,5705000000.0,-3000000.0,9749000000.0,23554000000.0,-226000000.0,,5151000000.0,2385000000.0,9749000000.0,13805000000.0,297000000.0,635000000.0,7310000000.0,6495000000.0,338000000.0,6833000000.0,23554000000.0,1485700000.0,1484000000.0,1498000000.0
Qualcomm Inc,QCOM,H1J8DDZKZP6H7RWC0H53,804328,2016.0,Q4,2016-06-27,2016-09-25,,1.08,1.08,0.53,1.07,,361000000.0,1599000000.0,1599000000.0,,1599000000.0,,2540000000.0,6184000000.0,43000000.0,,1230000000.0,568000000.0,2540000000.0,3644000000.0,76000000.0,233000000.0,1841000000.0,1803000000.0,157000000.0,1960000000.0,6184000000.0,1485700000.0,1484000000.0,1498000000.0
Qualcomm Inc,QCOM,H1J8DDZKZP6H7RWC0H53,804328,2016.0,Q3,2016-03-28,2016-06-26,2017-07-19 16:10:17+00:00,0.98,0.98,0.53,0.97,,250000000.0,1443000000.0,1443000000.0,,1444000000.0,-1000000.0,2534000000.0,6044000000.0,30000000.0,,1268000000.0,620000000.0,2534000000.0,3510000000.0,75000000.0,176000000.0,1918000000.0,1592000000.0,101000000.0,1693000000.0,6044000000.0,1473500000.0,1471000000.0,1486000000.0
Qualcomm Inc,QCOM,H1J8DDZKZP6H7RWC0H53,804328,2016.0,Q3YTD,2015-09-28,2016-06-26,,2.76,2.76,1.49,2.74,,770000000.0,4103000000.0,4103000000.0,,4106000000.0,-3000000.0,7209000000.0,17370000000.0,-269000000.0,,3921000000.0,1817000000.0,7209000000.0,10161000000.0,221000000.0,402000000.0,5469000000.0,4692000000.0,181000000.0,4873000000.0,17370000000.0,1473500000.0,1471000000.0,1486000000.0
Qualcomm Inc,QCOM,H1J8DDZKZP6H7RWC0H53,804328,2016.0,Q3TTM,2015-06-29,2016-06-26,,3.45,3.45,1.97,3.43,,960000000.0,5165000000.0,5165000000.0,,5168000000.0,-3000000.0,9461000000.0,22826000000.0,-157000000.0,,5277000000.0,2412000000.0,9461000000.0,13365000000.0,291000000.0,583000000.0,7532000000.0,5833000000.0,292000000.0,6125000000.0,22826000000.0,1473500000.0,1471000000.0,1486000000.0
Qualcomm Inc,QCOM,H1J8DDZKZP6H7RWC0H53,804328,2016.0,Q2,2015-12-28,2016-03-27,2017-04-19 16:28:27+00:00,0.78,0.78,0.48,0.78,,306000000.0,1164000000.0,1164000000.0,,1164000000.0,0.0,2141000000.0,5551000000.0,75000000.0,,1301000000.0,619000000.0,2141000000.0,3410000000.0,72000000.0,127000000.0,1995000000.0,1415000000.0,55000000.0,1470000000.0,5551000000.0,1492300000.0,1487000000.0,1498000000.0
Qualcomm Inc,QCOM,H1J8DDZKZP6H7RWC0H53,804328,2016.0,Q2YTD,2015-09-28,2016-03-27,,1.78,1.78,0.96,1.77,,520000000.0,2660000000.0,2660000000.0,,2662000000.0,-2000000.0,4675000000.0,11326000000.0,-299000000.0,,2653000000.0,1197000000.0,4675000000.0,6651000000.0,146000000.0,226000000.0,3551000000.0,3100000000.0,80000000.0,3180000000.0,11326000000.0,1492300000.0,1487000000.0,1498000000.0
Qualcomm Inc,QCOM,H1J8DDZKZP6H7RWC0H53,804328,2016.0,Q2TTM,2015-03-30,2016-03-27,,3.21,3.21,1.92,3.19,,925000000.0,4905000000.0,4905000000.0,,4908000000.0,-3000000.0,9378000000.0,22614000000.0,-69000000.0,,5416000000.0,2413000000.0,9378000000.0,13236000000.0,248000000.0,602000000.0,7760000000.0,5476000000.0,354000000.0,5830000000.0,22614000000.0,1492300000.0,1487000000.0,1498000000.0
Qualcomm Inc,QCOM,H1J8DDZKZP6H7RWC0H53,804328,2016.0,Q1,2015-09-28,2015-12-27,2017-01-25 16:15:11+00:00,1.0,1.0,0.48,0.99,,214000000.0,1496000000.0,1496000000.0,,1498000000.0,-2000000.0,2534000000.0,5775000000.0,-374000000.0,,1352000000.0,578000000.0,2534000000.0,3241000000.0,74000000.0,99000000.0,1556000000.0,1685000000.0,25000000.0,1710000000.0,5775000000.0,1498000000.0,1502000000.0,1517000000.0
Qualcomm Inc,QCOM,H1J8DDZKZP6H7RWC0H53,804328,2016.0,Q1TTM,2014-12-29,2015-12-27,,3.07,3.07,1.86,3.04,,1106000000.0,4793000000.0,4793000000.0,,4797000000.0,-4000000.0,9865000000.0,23957000000.0,866000000.0,,5490000000.0,2339000000.0,9865000000.0,14092000000.0,177000000.0,679000000.0,8695000000.0,5397000000.0,502000000.0,5899000000.0,23957000000.0,1498000000.0,1502000000.0,1517000000.0
Qualcomm Inc,QCOM,H1J8DDZKZP6H7RWC0H53,804328,2017.0,FY,2016-09-26,2017-09-24,2019-11-06 16:08:43+00:00,1.66,1.66,2.2,1.64,,543000000.0,2444000000.0,2444000000.0,,2445000000.0,-1000000.0,9792000000.0,22258000000.0,1742000000.0,,5485000000.0,2658000000.0,9792000000.0,12466000000.0,494000000.0,900000000.0,9885000000.0,2581000000.0,406000000.0,2987000000.0,22258000000.0,1472900000.0,1477000000.0,1490000000.0
Qualcomm Inc,QCOM,H1J8DDZKZP6H7RWC0H53,804328,2017.0,Q4,2017-06-26,2017-09-24,,0.1,0.1,-1.63,0.1,,253000000.0,149000000.0,149000000.0,,148000000.0,1000000.0,2653000000.0,5872000000.0,779000000.0,,1397000000.0,742000000.0,2653000000.0,3219000000.0,164000000.0,265000000.0,2918000000.0,301000000.0,101000000.0,402000000.0,5872000000.0,1472900000.0,1477000000.0,1490000000.0
Qualcomm Inc,QCOM,H1J8DDZKZP6H7RWC0H53,804328,2017.0,Q3,2017-03-27,2017-06-25,2018-07-25 16:10:05+00:00,0.59,0.59,0.57,0.58,,-7000000.0,865000000.0,865000000.0,,866000000.0,-1000000.0,2488000000.0,5371000000.0,9000000.0,,1391000000.0,710000000.0,2488000000.0,2883000000.0,133000000.0,218000000.0,2110000000.0,773000000.0,85000000.0,858000000.0,5371000000.0,1467800000.0,1478000000.0,1491000000.0
Qualcomm Inc,QCOM,H1J8DDZKZP6H7RWC0H53,804328,2017.0,Q3YTD,2016-09-26,2017-06-25,,1.56,1.56,1.63,1.54,,290000000.0,2295000000.0,2295000000.0,,2297000000.0,-2000000.0,7139000000.0,16386000000.0,963000000.0,,4088000000.0,1916000000.0,7139000000.0,9247000000.0,330000000.0,635000000.0,6967000000.0,2280000000.0,305000000.0,2585000000.0,16386000000.0,1467800000.0,1478000000.0,1491000000.0
Qualcomm Inc,QCOM,H1J8DDZKZP6H7RWC0H53,804328,2017.0,Q3TTM,2016-06-27,2017-06-25,,2.64,2.64,2.16,2.61,,651000000.0,3894000000.0,3894000000.0,,3896000000.0,-2000000.0,9679000000.0,22570000000.0,1006000000.0,,5318000000.0,2484000000.0,9679000000.0,12891000000.0,406000000.0,868000000.0,8808000000.0,4083000000.0,462000000.0,4545000000.0,22570000000.0,1467800000.0,1478000000.0,1491000000.0
Qualcomm Inc,QCOM,H1J8DDZKZP6H7RWC0H53,804328,2017.0,Q2,2016-12-26,2017-03-26,2018-04-25 16:07:36+00:00,0.51,0.51,0.53,0.5,,108000000.0,749000000.0,749000000.0,,749000000.0,,2208000000.0,5016000000.0,78000000.0,,1386000000.0,615000000.0,2208000000.0,2808000000.0,107000000.0,235000000.0,2079000000.0,729000000.0,128000000.0,857000000.0,5016000000.0,1468600000.0,1477000000.0,1489000000.0
Qualcomm Inc,QCOM,H1J8DDZKZP6H7RWC0H53,804328,2017.0,Q2YTD,2016-09-26,2017-03-26,,0.97,0.97,1.06,0.96,,297000000.0,1430000000.0,1430000000.0,,1431000000.0,-1000000.0,4651000000.0,11015000000.0,954000000.0,,2697000000.0,1206000000.0,4651000000.0,6364000000.0,197000000.0,417000000.0,4857000000.0,1507000000.0,220000000.0,1727000000.0,11015000000.0,1468600000.0,1477000000.0,1489000000.0
Qualcomm Inc,QCOM,H1J8DDZKZP6H7RWC0H53,804328,2017.0,Q2TTM,2016-03-28,2017-03-26,,3.03,3.03,2.12,3.0,,908000000.0,4472000000.0,4472000000.0,,4474000000.0,-2000000.0,9725000000.0,23243000000.0,1027000000.0,,5195000000.0,2394000000.0,9725000000.0,13518000000.0,348000000.0,826000000.0,8616000000.0,4902000000.0,478000000.0,5380000000.0,23243000000.0,1468600000.0,1477000000.0,1489000000.0
Qualcomm Inc,QCOM,H1J8DDZKZP6H7RWC0H53,804328,2017.0,Q1,2016-09-26,2016-12-25,2018-01-31 16:10:12+00:00,0.46,0.46,0.53,0.46,,189000000.0,681000000.0,681000000.0,,682000000.0,-1000000.0,2443000000.0,5999000000.0,876000000.0,,1311000000.0,591000000.0,2443000000.0,3556000000.0,90000000.0,182000000.0,2778000000.0,778000000.0,92000000.0,870000000.0,5999000000.0,1482600000.0,1478000000.0,1495000000.0
Qualcomm Inc,QCOM,H1J8DDZKZP6H7RWC0H53,804328,2017.0,Q1TTM,2015-12-28,2016-12-25,,3.3,3.3,2.07,3.28,,1106000000.0,4887000000.0,4887000000.0,,4889000000.0,-2000000.0,9658000000.0,23778000000.0,1024000000.0,,5110000000.0,2398000000.0,9658000000.0,14120000000.0,313000000.0,718000000.0,8532000000.0,5588000000.0,405000000.0,5993000000.0,23778000000.0,1482600000.0,1478000000.0,1495000000.0
Qualcomm Inc,QCOM,H1J8DDZKZP6H7RWC0H53,804328,2018.0,FY,2017-09-25,2018-09-30,2019-11-06 16:08:43+00:00,-3.39,-3.39,2.38,-3.39,,5356000000.0,-4964000000.0,-4964000000.0,,-4964000000.0,0.0,10244000000.0,22611000000.0,3135000000.0,,5625000000.0,2986000000.0,10244000000.0,12367000000.0,768000000.0,539000000.0,11746000000.0,621000000.0,-229000000.0,392000000.0,22611000000.0,1464300000.0,1463000000.0,1463000000.0
Qualcomm Inc,QCOM,H1J8DDZKZP6H7RWC0H53,804328,2018.0,Q4,2018-06-25,2018-09-30,,-0.37,-0.37,-0.57,-0.37,,-286000000.0,-513000000.0,-513000000.0,,-513000000.0,,2851000000.0,5779000000.0,1530000000.0,,1387000000.0,689000000.0,2851000000.0,2928000000.0,207000000.0,86000000.0,3606000000.0,-678000000.0,-121000000.0,-799000000.0,5779000000.0,1464300000.0,1463000000.0,1463000000.0
Qualcomm Inc,QCOM,H1J8DDZKZP6H7RWC0H53,804328,2018.0,Q3,2018-03-26,2018-06-24,2019-07-31 16:13:42+00:00,0.81,0.81,,0.81,,-268000000.0,1202000000.0,1202000000.0,,1202000000.0,,2491000000.0,5577000000.0,112000000.0,,1416000000.0,655000000.0,2491000000.0,3086000000.0,212000000.0,243000000.0,2183000000.0,903000000.0,31000000.0,934000000.0,5577000000.0,1484000000.0,1478000000.0,1487000000.0
Qualcomm Inc,QCOM,H1J8DDZKZP6H7RWC0H53,804328,2018.0,Q3YTD,2017-09-25,2018-06-24,,-3.02,-3.02,0.57,-3.02,,5642000000.0,-4451000000.0,-4451000000.0,,-4451000000.0,,7393000000.0,16832000000.0,1605000000.0,,4238000000.0,2297000000.0,7393000000.0,9439000000.0,561000000.0,453000000.0,8140000000.0,1299000000.0,-108000000.0,1191000000.0,16832000000.0,1484000000.0,1478000000.0,1487000000.0
Qualcomm Inc,QCOM,H1J8DDZKZP6H7RWC0H53,804328,2018.0,Q3TTM,2017-06-26,2018-06-24,,-2.92,-2.92,-1.06,-2.92,,5895000000.0,-4302000000.0,-4302000000.0,,-4303000000.0,1000000.0,10046000000.0,22704000000.0,2384000000.0,,5635000000.0,3039000000.0,10046000000.0,12658000000.0,725000000.0,718000000.0,11058000000.0,1600000000.0,-7000000.0,1593000000.0,22704000000.0,1484000000.0,1478000000.0,1487000000.0
Qualcomm Inc,QCOM,H1J8DDZKZP6H7RWC0H53,804328,2018.0,Q2,2017-12-25,2018-03-25,2019-05-01 16:11:35+00:00,0.22,0.22,,0.22,,-13000000.0,330000000.0,330000000.0,,330000000.0,,2239000000.0,5220000000.0,310000000.0,,1402000000.0,869000000.0,2239000000.0,2981000000.0,179000000.0,96000000.0,2581000000.0,400000000.0,-83000000.0,317000000.0,5220000000.0,1500000000.0,1482000000.0,1494000000.0
Qualcomm Inc,QCOM,H1J8DDZKZP6H7RWC0H53,804328,2018.0,Q2YTD,2017-09-25,2018-03-25,,-3.83,-3.83,0.57,-3.83,,5910000000.0,-5653000000.0,-5653000000.0,,-5653000000.0,,4902000000.0,11255000000.0,1493000000.0,,2822000000.0,1642000000.0,4902000000.0,6353000000.0,349000000.0,210000000.0,5957000000.0,396000000.0,-139000000.0,257000000.0,11255000000.0,1500000000.0,1482000000.0,1494000000.0
Qualcomm Inc,QCOM,H1J8DDZKZP6H7RWC0H53,804328,2018.0,Q2TTM,2017-03-27,2018-03-25,,-3.14,-3.14,-0.49,-3.15,,6156000000.0,-4639000000.0,-4639000000.0,,-4639000000.0,,10043000000.0,22498000000.0,2281000000.0,,5610000000.0,3094000000.0,10043000000.0,12455000000.0,646000000.0,693000000.0,10985000000.0,1470000000.0,47000000.0,1517000000.0,22498000000.0,1500000000.0,1482000000.0,1494000000.0
Qualcomm Inc,QCOM,H1J8DDZKZP6H7RWC0H53,804328,2018.0,Q1,2017-09-25,2017-12-24,2019-01-30 16:08:22+00:00,-4.05,-4.05,0.57,-4.05,,5923000000.0,-5983000000.0,-5983000000.0,,-5983000000.0,,2663000000.0,6035000000.0,1183000000.0,,1420000000.0,773000000.0,2663000000.0,3372000000.0,170000000.0,114000000.0,3376000000.0,-4000000.0,-56000000.0,-60000000.0,6035000000.0,1477300000.0,1477000000.0,1477000000.0
Qualcomm Inc,QCOM,H1J8DDZKZP6H7RWC0H53,804328,2018.0,Q1TTM,2016-12-26,2017-12-24,,-2.85,-2.85,0.04,-2.87,,6277000000.0,-4220000000.0,-4220000000.0,,-4220000000.0,,10012000000.0,22294000000.0,2049000000.0,,5594000000.0,2840000000.0,10012000000.0,12282000000.0,574000000.0,832000000.0,10483000000.0,1799000000.0,258000000.0,2057000000.0,22294000000.0,1477300000.0,1477000000.0,1477000000.0
Qualcomm Inc,QCOM,H1J8DDZKZP6H7RWC0H53,804328,2019.0,FY,2018-10-01,2019-09-29,2019-11-06 16:08:43+00:00,3.63,3.63,2.48,3.59,,3095000000.0,4386000000.0,4386000000.0,,4386000000.0,0.0,8599000000.0,24273000000.0,414000000.0,,5398000000.0,2195000000.0,8599000000.0,15674000000.0,627000000.0,441000000.0,8007000000.0,7667000000.0,-186000000.0,7481000000.0,24273000000.0,1208300000.0,1210000000.0,1220000000.0
Qualcomm Inc,QCOM,H1J8DDZKZP6H7RWC0H53,804328,2019.0,Q4,2019-07-01,2019-09-29,,0.43,0.43,1.24,0.42,,109000000.0,506000000.0,506000000.0,,506000000.0,,2118000000.0,4814000000.0,6000000.0,,1441000000.0,549000000.0,2118000000.0,2696000000.0,149000000.0,64000000.0,1996000000.0,700000000.0,-85000000.0,615000000.0,4814000000.0,1208300000.0,1210000000.0,1220000000.0
Qualcomm Inc,QCOM,H1J8DDZKZP6H7RWC0H53,804328,2019.0,Q3,2019-04-01,2019-06-30,2019-07-31 16:13:42+00:00,1.77,1.77,,1.75,,3352000000.0,2149000000.0,2149000000.0,,2149000000.0,,2114000000.0,9635000000.0,277000000.0,,1380000000.0,547000000.0,2114000000.0,7521000000.0,160000000.0,344000000.0,2204000000.0,5317000000.0,184000000.0,5501000000.0,9635000000.0,1214100000.0,1217000000.0,1231000000.0
Qualcomm Inc,QCOM,H1J8DDZKZP6H7RWC0H53,804328,2019.0,Q3YTD,2018-10-01,2019-06-30,,3.2,3.2,1.24,3.17,,2986000000.0,3880000000.0,3880000000.0,,3880000000.0,,6481000000.0,19459000000.0,408000000.0,,3957000000.0,1646000000.0,6481000000.0,12978000000.0,478000000.0,377000000.0,6011000000.0,6967000000.0,-101000000.0,6866000000.0,19459000000.0,1214100000.0,1217000000.0,1231000000.0
Qualcomm Inc,QCOM,H1J8DDZKZP6H7RWC0H53,804328,2019.0,Q3TTM,2018-06-25,2019-06-30,,2.83,2.83,3.05,2.8,,2700000000.0,3367000000.0,3367000000.0,,3367000000.0,,9332000000.0,25238000000.0,1938000000.0,,5344000000.0,2335000000.0,9332000000.0,15906000000.0,685000000.0,463000000.0,9617000000.0,6289000000.0,-222000000.0,6067000000.0,25238000000.0,1214100000.0,1217000000.0,1231000000.0
Qualcomm Inc,QCOM,H1J8DDZKZP6H7RWC0H53,804328,2019.0,Q2,2018-12-31,2019-03-31,2020-04-29 16:15:43+00:00,0.55,0.55,0.62,0.55,,143000000.0,663000000.0,663000000.0,,663000000.0,,2179000000.0,4982000000.0,-18000000.0,,1308000000.0,573000000.0,2179000000.0,2803000000.0,162000000.0,28000000.0,1863000000.0,940000000.0,-134000000.0,806000000.0,4982000000.0,1205500000.0,1213000000.0,1217000000.0
Qualcomm Inc,QCOM,H1J8DDZKZP6H7RWC0H53,804328,2019.0,Q2YTD,2018-10-01,2019-03-31,,1.43,1.43,1.24,1.42,,-366000000.0,1731000000.0,1731000000.0,,1731000000.0,,4367000000.0,9824000000.0,131000000.0,,2577000000.0,1099000000.0,4367000000.0,5457000000.0,318000000.0,33000000.0,3807000000.0,1650000000.0,-285000000.0,1365000000.0,9824000000.0,1205500000.0,1213000000.0,1217000000.0
Qualcomm Inc,QCOM,H1J8DDZKZP6H7RWC0H53,804328,2019.0,Q2TTM,2018-03-26,2019-03-31,,1.87,1.87,3.05,1.86,,-920000000.0,2420000000.0,2420000000.0,,2420000000.0,,9709000000.0,21180000000.0,1773000000.0,,5380000000.0,2443000000.0,9709000000.0,11471000000.0,737000000.0,362000000.0,9596000000.0,1875000000.0,-375000000.0,1500000000.0,21180000000.0,1205500000.0,1213000000.0,1217000000.0
Qualcomm Inc,QCOM,H1J8DDZKZP6H7RWC0H53,804328,2019.0,Q1,2018-10-01,2018-12-30,2020-02-05 16:07:43+00:00,0.88,0.88,0.62,0.87,,-509000000.0,1068000000.0,1068000000.0,,1068000000.0,,2188000000.0,4842000000.0,149000000.0,,1269000000.0,526000000.0,2188000000.0,2654000000.0,156000000.0,5000000.0,1944000000.0,710000000.0,-151000000.0,559000000.0,4842000000.0,1213600000.0,1213000000.0,1223000000.0
Qualcomm Inc,QCOM,H1J8DDZKZP6H7RWC0H53,804328,2019.0,Q1TTM,2017-12-25,2018-12-30,,1.54,1.54,2.43,1.53,,-1076000000.0,2087000000.0,2087000000.0,,2087000000.0,,9769000000.0,21418000000.0,2101000000.0,,5474000000.0,2739000000.0,9769000000.0,11649000000.0,754000000.0,430000000.0,10314000000.0,1335000000.0,-324000000.0,1011000000.0,21418000000.0,1213600000.0,1213000000.0,1223000000.0
Qualcomm Inc,QCOM,H1J8DDZKZP6H7RWC0H53,804328,2020.0,Q2YTD,2019-09-30,2020-03-29,,1.22,1.22,1.24,1.21,,152000000.0,1393000000.0,1393000000.0,,1393000000.0,,4410000000.0,10293000000.0,-23000000.0,,2874000000.0,1011000000.0,4410000000.0,5883000000.0,294000000.0,-182000000.0,3862000000.0,2021000000.0,-476000000.0,1545000000.0,10293000000.0,1141500000.0,1139000000.0,1151000000.0
Qualcomm Inc,QCOM,H1J8DDZKZP6H7RWC0H53,804328,2020.0,Q2TTM,2019-04-01,2020-03-29,,3.42,3.42,2.48,3.38,,3613000000.0,4048000000.0,4048000000.0,,4048000000.0,,8642000000.0,24742000000.0,260000000.0,,5695000000.0,2107000000.0,8642000000.0,16100000000.0,603000000.0,226000000.0,8062000000.0,8038000000.0,-377000000.0,7661000000.0,24742000000.0,1141500000.0,1139000000.0,1151000000.0
Qualcomm Inc,QCOM,H1J8DDZKZP6H7RWC0H53,804328,2020.0,Q2,2019-12-30,2020-03-29,2020-04-29 16:15:43+00:00,0.41,0.41,0.62,0.41,,130000000.0,468000000.0,468000000.0,,468000000.0,,2297000000.0,5216000000.0,-23000000.0,,1468000000.0,483000000.0,2297000000.0,2919000000.0,146000000.0,-247000000.0,1928000000.0,991000000.0,-393000000.0,598000000.0,5216000000.0,1141500000.0,1139000000.0,1151000000.0
Qualcomm Inc,QCOM,H1J8DDZKZP6H7RWC0H53,804328,2020.0,Q1TTM,2018-12-31,2019-12-29,,3.56,3.56,2.48,3.52,,3626000000.0,4243000000.0,4243000000.0,,4243000000.0,,8524000000.0,24508000000.0,265000000.0,,5535000000.0,2197000000.0,8524000000.0,15984000000.0,619000000.0,501000000.0,7997000000.0,7987000000.0,-118000000.0,7869000000.0,24508000000.0,1142000000.0,1144000000.0,1159000000.0
Qualcomm Inc,QCOM,H1J8DDZKZP6H7RWC0H53,804328,2020.0,Q1,2019-09-30,2019-12-29,2020-02-05 16:07:43+00:00,0.81,0.81,0.62,0.8,,22000000.0,925000000.0,925000000.0,,925000000.0,,2113000000.0,5077000000.0,0.0,,1406000000.0,528000000.0,2113000000.0,2964000000.0,148000000.0,65000000.0,1934000000.0,1030000000.0,-83000000.0,947000000.0,5077000000.0,1142000000.0,1144000000.0,1159000000.0
