company_name,company_ticker,company_lei,company_cik,year,quarter,start_date,end_date,filing_date,basicdilutedeps,basiceps,cashdividendspershare,depreciationexpense,dilutedeps,explorationexpense,impairmentexpense,incometaxexpense,marketingexpense,netincome,netincomecontinuing,netincometocommon,operatingcostofrevenue,operatingrevenue,othercostofrevenue,otherincome,otheroperatingexpenses,otherrevenue,otherspecialcharges,preferreddividends,sgaexpense,totalcostofrevenue,totalgrossprofit,totalinterestexpense,totaloperatingexpenses,totaloperatingincome,totalotherincome,totalpretaxincome,totalrevenue,weightedavebasicdilutedsharesos,weightedavebasicsharesos,weightedavedilutedsharesos
EOG Resources Inc,EOG,XWTZDRYZPBUHIQBKDB46,821189,2008.0,Q3,2008-07-01,2008-09-30,2009-11-05 17:22:08+00:00,6.3,6.3,0.135,346247000.0,6.2,50792000.0,32142000.0,837667000.0,44380000.0,1556285000.0,1556285000.0,1556285000.0,229478000.0,1884677000.0,97771000.0,13864000.0,,1379209000.0,,0.0,70893000.0,327249000.0,2936637000.0,12095000.0,544454000.0,2392183000.0,1769000.0,2393952000.0,3263886000.0,247000000.0,247155000.0,250930000.0
EOG Resources Inc,EOG,XWTZDRYZPBUHIQBKDB46,821189,2008.0,Q2,2008-04-01,2008-06-30,2009-08-06 17:08:51+00:00,0.72,0.72,0.12,315294000.0,0.71,66296000.0,48875000.0,69177000.0,62986000.0,178206000.0,178206000.0,178206000.0,201973000.0,1929127000.0,95345000.0,13309000.0,,-833615000.0,,0.0,61640000.0,297318000.0,798194000.0,9029000.0,555091000.0,243103000.0,4280000.0,247383000.0,1095512000.0,247500000.0,246536000.0,251135000.0
EOG Resources Inc,EOG,XWTZDRYZPBUHIQBKDB46,821189,2009.0,Q4,2009-10-01,2009-12-31,,1.61,1.61,0.14,398937000.0,1.59,52342000.0,123911000.0,225808000.0,159556000.0,400427000.0,400427000.0,400427000.0,247567000.0,584673000.0,55648000.0,-566000.0,-608043000.0,568146000.0,,,68793000.0,303215000.0,849604000.0,27307000.0,195496000.0,654108000.0,-27873000.0,626235000.0,1152819000.0,248500000.0,248996000.0,251884000.0
EOG Resources Inc,EOG,XWTZDRYZPBUHIQBKDB46,821189,2009.0,FY,2009-01-01,2009-12-31,2012-02-24 16:20:46+00:00,2.2,2.2,0.58,1549188000.0,2.17,220835000.0,305832000.0,325384000.0,397375000.0,546627000.0,546627000.0,546627000.0,920251000.0,3806589000.0,174363000.0,2071000.0,,980370000.0,,,248274000.0,1094614000.0,3692345000.0,100901000.0,2721504000.0,970841000.0,-98830000.0,872011000.0,4786959000.0,248500000.0,248996000.0,251884000.0
EOG Resources Inc,EOG,XWTZDRYZPBUHIQBKDB46,821189,2009.0,Q3,2009-07-01,2009-09-30,2009-11-05 17:22:08+00:00,0.02,0.02,0.145,385330000.0,0.02,47926000.0,69404000.0,361000.0,131816000.0,4196000.0,4196000.0,4196000.0,226472000.0,1591706000.0,47823000.0,-339000.0,608043000.0,23186000.0,,0.0,62775000.0,274295000.0,1340597000.0,30407000.0,1305294000.0,35303000.0,-30746000.0,4557000.0,1614892000.0,209800000.0,249535000.0,252422000.0
EOG Resources Inc,EOG,XWTZDRYZPBUHIQBKDB46,821189,2009.0,Q3YTD,2009-01-01,2009-09-30,,0.59,0.59,0.43,1150251000.0,0.58,168493000.0,181921000.0,99576000.0,237819000.0,146200000.0,146200000.0,146200000.0,672684000.0,3221916000.0,118715000.0,2637000.0,608043000.0,412224000.0,,,179481000.0,791399000.0,2842741000.0,73594000.0,2526008000.0,316733000.0,-70957000.0,245776000.0,3634140000.0,209800000.0,249535000.0,252422000.0
EOG Resources Inc,EOG,XWTZDRYZPBUHIQBKDB46,821189,2009.0,Q2,2009-04-01,2009-06-30,2009-08-06 17:08:51+00:00,-0.07,-0.07,0.145,375592000.0,-0.07,67950000.0,47046000.0,-6850000.0,74050000.0,-16706000.0,-16706000.0,-16706000.0,214131000.0,824462000.0,23492000.0,1237000.0,,36577000.0,,0.0,58760000.0,237623000.0,623416000.0,24811000.0,623398000.0,18000.0,-23574000.0,-23556000.0,861039000.0,238700000.0,248207000.0,248207000.0
EOG Resources Inc,EOG,XWTZDRYZPBUHIQBKDB46,821189,2009.0,Q2YTD,2009-01-01,2009-06-30,,0.57,0.57,0.29,764921000.0,0.56,120567000.0,112517000.0,99215000.0,106003000.0,142004000.0,142004000.0,142004000.0,446212000.0,1630210000.0,70892000.0,2976000.0,,389038000.0,,,116706000.0,517104000.0,1502144000.0,43187000.0,1220714000.0,281430000.0,-40211000.0,241219000.0,2019248000.0,238700000.0,248207000.0,248207000.0
EOG Resources Inc,EOG,XWTZDRYZPBUHIQBKDB46,821189,2009.0,Q1,2009-01-01,2009-03-31,2010-05-04 16:36:43+00:00,0.64,0.64,0.145,389329000.0,0.63,52617000.0,65471000.0,106065000.0,31953000.0,158710000.0,158710000.0,158710000.0,232081000.0,805748000.0,47400000.0,1739000.0,,352461000.0,,,57946000.0,279481000.0,878728000.0,18376000.0,597316000.0,281412000.0,-16637000.0,264775000.0,1158209000.0,248000000.0,247991000.0,250204000.0
EOG Resources Inc,EOG,XWTZDRYZPBUHIQBKDB46,821189,2010.0,Q4,2010-10-01,2010-12-31,,0.21,0.21,0.15,543789000.0,0.21,66137000.0,239782000.0,85900000.0,292477000.0,53673000.0,53673000.0,53673000.0,1103024000.0,-1019018000.0,89301000.0,6333000.0,-3421613000.0,-43008000.0,-223538000.0,,74004000.0,1192325000.0,-2254351000.0,41371000.0,-2428962000.0,174611000.0,-35038000.0,139573000.0,-1062026000.0,251000000.0,250876000.0,254500000.0
EOG Resources Inc,EOG,XWTZDRYZPBUHIQBKDB46,821189,2010.0,FY,2010-01-01,2010-12-31,2013-02-21 20:04:48+00:00,0.64,0.64,0.62,1941926000.0,0.63,259867000.0,742647000.0,247322000.0,884212000.0,160654000.0,160654000.0,160654000.0,1150377000.0,5790895000.0,317074000.0,14243000.0,,85463000.0,-223538000.0,,280474000.0,1467451000.0,4408907000.0,129586000.0,3885588000.0,523319000.0,-115343000.0,407976000.0,5876358000.0,251000000.0,250876000.0,254500000.0
EOG Resources Inc,EOG,XWTZDRYZPBUHIQBKDB46,821189,2010.0,Q3,2010-07-01,2010-09-30,2010-11-02 17:25:46+00:00,-0.28,-0.28,0.155,500888000.0,-0.28,50007000.0,352908000.0,32093000.0,231758000.0,-70906000.0,-70906000.0,-70906000.0,18472000.0,2483097000.0,74244000.0,5772000.0,1252408000.0,67203000.0,,,81310000.0,92716000.0,2457584000.0,32890000.0,2469279000.0,-11695000.0,-27118000.0,-38813000.0,2550300000.0,253200000.0,251015000.0,251015000.0
EOG Resources Inc,EOG,XWTZDRYZPBUHIQBKDB46,821189,2010.0,Q3YTD,2010-01-01,2010-09-30,,0.43,0.43,0.47,1398137000.0,0.42,193730000.0,502865000.0,161422000.0,591735000.0,106981000.0,106981000.0,106981000.0,47353000.0,6809913000.0,227773000.0,7910000.0,3421613000.0,128471000.0,,,206470000.0,275126000.0,6663258000.0,88215000.0,6314550000.0,348708000.0,-80305000.0,268403000.0,6938384000.0,253200000.0,251015000.0,251015000.0
EOG Resources Inc,EOG,XWTZDRYZPBUHIQBKDB46,821189,2010.0,Q3TTM,2009-10-01,2010-09-30,,2.04,2.04,0.61,1797074000.0,2.01,246072000.0,626776000.0,387230000.0,751291000.0,507408000.0,507408000.0,507408000.0,294920000.0,7394586000.0,283421000.0,7344000.0,2813570000.0,696617000.0,,,275263000.0,578341000.0,7512862000.0,115522000.0,6510046000.0,1002816000.0,-108178000.0,894638000.0,8091203000.0,253200000.0,251015000.0,251015000.0
EOG Resources Inc,EOG,XWTZDRYZPBUHIQBKDB46,821189,2010.0,Q2,2010-04-01,2010-06-30,2010-08-05 17:11:04+00:00,0.24,0.24,0.155,465343000.0,0.24,69449000.0,80362000.0,50187000.0,191213000.0,59872000.0,59872000.0,59872000.0,13220000.0,2107198000.0,78064000.0,-545000.0,1052998000.0,48689000.0,,,64737000.0,91284000.0,2064603000.0,29897000.0,1924102000.0,140501000.0,-30442000.0,110059000.0,2155887000.0,249500000.0,250825000.0,254503000.0
EOG Resources Inc,EOG,XWTZDRYZPBUHIQBKDB46,821189,2010.0,Q2YTD,2010-01-01,2010-06-30,,0.71,0.71,0.31,897249000.0,0.7,143723000.0,149957000.0,129329000.0,359977000.0,177887000.0,177887000.0,177887000.0,28881000.0,4326816000.0,153529000.0,2138000.0,2169205000.0,61268000.0,,,125160000.0,182410000.0,4205674000.0,55325000.0,3845271000.0,360403000.0,-53187000.0,307216000.0,4388084000.0,249500000.0,250825000.0,254503000.0
EOG Resources Inc,EOG,XWTZDRYZPBUHIQBKDB46,821189,2010.0,Q2TTM,2009-07-01,2010-06-30,,2.34,2.34,0.6,1681516000.0,2.31,243991000.0,343272000.0,355498000.0,651349000.0,582510000.0,582510000.0,582510000.0,502920000.0,6503195000.0,257000000.0,1233000.0,2169205000.0,652600000.0,,,256728000.0,759920000.0,6395875000.0,113039000.0,5346061000.0,1049814000.0,-111806000.0,938008000.0,7155795000.0,249500000.0,250825000.0,254503000.0
EOG Resources Inc,EOG,XWTZDRYZPBUHIQBKDB46,821189,2010.0,Q1,2010-01-01,2010-03-31,2010-05-04 16:36:43+00:00,0.47,0.47,0.155,431906000.0,0.46,74274000.0,69595000.0,79142000.0,168764000.0,118015000.0,118015000.0,118015000.0,15661000.0,2219618000.0,75465000.0,2683000.0,1116207000.0,12579000.0,,,60423000.0,91126000.0,2141071000.0,25428000.0,1921169000.0,219902000.0,-22745000.0,197157000.0,2232197000.0,251100000.0,250370000.0,253869000.0
EOG Resources Inc,EOG,XWTZDRYZPBUHIQBKDB46,821189,2010.0,Q1TTM,2009-04-01,2010-03-31,,2.03,2.03,0.59,1591765000.0,2.0,242492000.0,309956000.0,298461000.0,534186000.0,505932000.0,505932000.0,505932000.0,703831000.0,5220459000.0,202428000.0,3015000.0,1116207000.0,640488000.0,,,250751000.0,906259000.0,4954688000.0,107953000.0,4045357000.0,909331000.0,-104938000.0,804393000.0,5860947000.0,251100000.0,250370000.0,253869000.0
EOG Resources Inc,EOG,XWTZDRYZPBUHIQBKDB46,821189,2011.0,Q4,2011-10-01,2011-12-31,,0.46,0.46,0.16,693527000.0,0.46,37041000.0,499624000.0,120934000.0,644687000.0,120698000.0,120698000.0,120698000.0,1397559000.0,-2583223000.0,101880000.0,-4352000.0,-5693052000.0,159263000.0,-492909000.0,,85108000.0,1499439000.0,-3923399000.0,56591000.0,-4225974000.0,302575000.0,-60943000.0,241632000.0,-2423960000.0,262900000.0,262735000.0,266268000.0
EOG Resources Inc,EOG,XWTZDRYZPBUHIQBKDB46,821189,2011.0,FY,2011-01-01,2011-12-31,2014-02-24 17:25:32+00:00,4.15,4.15,0.64,2516381000.0,4.1,224888000.0,1031037000.0,818676000.0,2072137000.0,1091123000.0,1091123000.0,1091123000.0,1453003000.0,8973980000.0,410549000.0,6853000.0,,659226000.0,-492909000.0,,304811000.0,1863552000.0,7769654000.0,210363000.0,5656345000.0,2113309000.0,-203510000.0,1909799000.0,9633206000.0,262900000.0,262735000.0,266268000.0
EOG Resources Inc,EOG,XWTZDRYZPBUHIQBKDB46,821189,2011.0,Q3,2011-07-01,2011-09-30,2011-11-01 17:25:36+00:00,2.03,2.03,0.16,651684000.0,2.01,71073000.0,83431000.0,358343000.0,572604000.0,540878000.0,540878000.0,540878000.0,18532000.0,4454609000.0,98526000.0,1377000.0,2290194000.0,363725000.0,,,82260000.0,117058000.0,4701276000.0,52186000.0,3751246000.0,950030000.0,-50809000.0,899221000.0,4818334000.0,266400000.0,266053000.0,269292000.0
EOG Resources Inc,EOG,XWTZDRYZPBUHIQBKDB46,821189,2011.0,Q3YTD,2011-01-01,2011-09-30,,3.65,3.65,0.47,1822854000.0,3.65,187847000.0,531413000.0,697742000.0,1427450000.0,970425000.0,970425000.0,970425000.0,55444000.0,11557203000.0,308669000.0,11205000.0,5693052000.0,499963000.0,,,219703000.0,364113000.0,11693053000.0,153772000.0,9882319000.0,1810734000.0,-142567000.0,1668167000.0,12057166000.0,266400000.0,266053000.0,269292000.0
EOG Resources Inc,EOG,XWTZDRYZPBUHIQBKDB46,821189,2011.0,Q3TTM,2010-10-01,2011-09-30,,3.85,3.85,0.61,2366643000.0,3.85,253984000.0,771195000.0,783642000.0,1719927000.0,1024098000.0,1024098000.0,1024098000.0,1158468000.0,10538185000.0,397970000.0,17538000.0,2271439000.0,456955000.0,-223538000.0,,293707000.0,1556438000.0,9438702000.0,195143000.0,7453357000.0,1985345000.0,-177605000.0,1807740000.0,10995140000.0,266400000.0,266053000.0,269292000.0
EOG Resources Inc,EOG,XWTZDRYZPBUHIQBKDB46,821189,2011.0,Q2,2011-04-01,2011-06-30,2011-08-04 17:10:53+00:00,1.11,1.11,0.16,602944000.0,1.1,42914000.0,358654000.0,247650000.0,469437000.0,295574000.0,295574000.0,295574000.0,17716000.0,4005517000.0,104266000.0,6224000.0,1950392000.0,196465000.0,,,67406000.0,121982000.0,4080000000.0,51253000.0,3491747000.0,588253000.0,-45029000.0,543224000.0,4201982000.0,266300000.0,265830000.0,269332000.0
EOG Resources Inc,EOG,XWTZDRYZPBUHIQBKDB46,821189,2011.0,Q2YTD,2011-01-01,2011-06-30,,1.62,1.62,0.31,1171170000.0,1.62,116774000.0,447982000.0,339399000.0,854846000.0,429547000.0,429547000.0,429547000.0,36912000.0,7102594000.0,210143000.0,9828000.0,3402858000.0,136238000.0,,,137443000.0,247055000.0,6991777000.0,101586000.0,6131073000.0,860704000.0,-91758000.0,768946000.0,7238832000.0,266300000.0,265830000.0,269332000.0
EOG Resources Inc,EOG,XWTZDRYZPBUHIQBKDB46,821189,2011.0,Q2TTM,2010-07-01,2011-06-30,,1.55,1.55,0.6,2215847000.0,1.55,232918000.0,1040672000.0,457392000.0,1379081000.0,412314000.0,412314000.0,412314000.0,1158408000.0,8566673000.0,373688000.0,21933000.0,1233653000.0,160433000.0,-223538000.0,,292757000.0,1532096000.0,7195010000.0,175847000.0,6171390000.0,1023620000.0,-153914000.0,869706000.0,8727106000.0,266300000.0,265830000.0,269332000.0
EOG Resources Inc,EOG,XWTZDRYZPBUHIQBKDB46,821189,2011.0,Q1,2011-01-01,2011-03-31,2011-05-05 18:40:16+00:00,0.52,0.52,0.16,568226000.0,0.52,73860000.0,89328000.0,91749000.0,385409000.0,133973000.0,133973000.0,133973000.0,19196000.0,3097077000.0,105877000.0,3604000.0,1452466000.0,-60227000.0,,,70037000.0,125073000.0,2911777000.0,50333000.0,2639326000.0,272451000.0,-46729000.0,225722000.0,3036850000.0,257600000.0,255200000.0,258819000.0
EOG Resources Inc,EOG,XWTZDRYZPBUHIQBKDB46,821189,2011.0,Q1TTM,2010-04-01,2011-03-31,,0.69,0.69,0.63,2078246000.0,0.69,259453000.0,762380000.0,259929000.0,1100857000.0,176612000.0,176612000.0,176612000.0,1153912000.0,6668354000.0,347486000.0,15164000.0,336259000.0,12657000.0,-223538000.0,,290088000.0,1501398000.0,5179613000.0,154491000.0,4603745000.0,575868000.0,-139327000.0,436541000.0,6681011000.0,257600000.0,255200000.0,258819000.0
EOG Resources Inc,EOG,XWTZDRYZPBUHIQBKDB46,821189,2012.0,Q4,2012-10-01,2012-12-31,,-0.94,-0.94,0.09,786344000.0,-0.94,50625000.0,1020496000.0,59177000.0,880451000.0,-504999000.0,-504999000.0,-504999000.0,1627025000.0,-5928049000.0,135597000.0,-8407000.0,-9868170000.0,269035000.0,,,86679000.0,1762622000.0,-7421636000.0,59354000.0,-7043575000.0,-378061000.0,-67761000.0,-445822000.0,-5659014000.0,533000000.0,535155000.0,541524000.0
EOG Resources Inc,EOG,XWTZDRYZPBUHIQBKDB46,821189,2012.0,FY,2012-01-01,2012-12-31,2015-02-18 17:28:02+00:00,1.07,1.07,0.34,3169703000.0,1.05,200539000.0,1270735000.0,710461000.0,3035494000.0,570279000.0,570279000.0,570279000.0,1699428000.0,11055070000.0,495395000.0,14495000.0,,627566000.0,,,331545000.0,2194823000.0,9487813000.0,213552000.0,8008016000.0,1479797000.0,-199057000.0,1280740000.0,11682636000.0,533000000.0,535155000.0,541524000.0
EOG Resources Inc,EOG,XWTZDRYZPBUHIQBKDB46,821189,2012.0,Q3,2012-07-01,2012-09-30,2012-11-05 17:17:29+00:00,1.33,1.33,0.17,825851000.0,1.31,47877000.0,62875000.0,204698000.0,755457000.0,355491000.0,355491000.0,355491000.0,26223000.0,5895863000.0,120096000.0,7596000.0,3372714000.0,13847000.0,,,92870000.0,146319000.0,5763391000.0,53154000.0,5157644000.0,605747000.0,-45558000.0,560189000.0,5909710000.0,267300000.0,267941000.0,270982000.0
EOG Resources Inc,EOG,XWTZDRYZPBUHIQBKDB46,821189,2012.0,Q3YTD,2012-01-01,2012-09-30,,4.01,4.01,0.5,2383359000.0,4.01,149914000.0,250239000.0,651284000.0,2155043000.0,1075278000.0,1075278000.0,1075278000.0,72403000.0,16983119000.0,359798000.0,22902000.0,9868170000.0,358531000.0,,,244866000.0,432201000.0,16909449000.0,154198000.0,15051591000.0,1857858000.0,-131296000.0,1726562000.0,17341650000.0,267300000.0,267941000.0,270982000.0
EOG Resources Inc,EOG,XWTZDRYZPBUHIQBKDB46,821189,2012.0,Q3TTM,2011-10-01,2012-09-30,,4.46,4.46,0.66,3076886000.0,4.46,186955000.0,749863000.0,772218000.0,2799730000.0,1195976000.0,1195976000.0,1195976000.0,1469962000.0,14399896000.0,461678000.0,18550000.0,4175118000.0,517794000.0,-492909000.0,,329974000.0,1931640000.0,12986050000.0,210789000.0,10825617000.0,2160433000.0,-192239000.0,1968194000.0,14917690000.0,267300000.0,267941000.0,270982000.0
EOG Resources Inc,EOG,XWTZDRYZPBUHIQBKDB46,821189,2012.0,Q2,2012-04-01,2012-06-30,2012-08-02 17:15:51+00:00,1.48,1.48,0.17,808765000.0,1.47,59230000.0,54217000.0,250461000.0,694118000.0,395778000.0,395778000.0,395778000.0,20588000.0,5619051000.0,118186000.0,4675000.0,3295468000.0,199587000.0,,,75727000.0,138774000.0,5679864000.0,50775000.0,4987525000.0,692339000.0,-46100000.0,646239000.0,5818638000.0,267400000.0,266874000.0,269985000.0
EOG Resources Inc,EOG,XWTZDRYZPBUHIQBKDB46,821189,2012.0,Q2YTD,2012-01-01,2012-06-30,,2.7,2.7,0.33,1557508000.0,2.7,102037000.0,187364000.0,446586000.0,1399586000.0,719787000.0,719787000.0,719787000.0,46180000.0,11087256000.0,239702000.0,15306000.0,6495456000.0,344684000.0,,,151996000.0,285882000.0,11146058000.0,101044000.0,9893947000.0,1252111000.0,-85738000.0,1166373000.0,11431940000.0,267400000.0,266874000.0,269985000.0
EOG Resources Inc,EOG,XWTZDRYZPBUHIQBKDB46,821189,2012.0,Q2TTM,2011-07-01,2012-06-30,,5.18,5.18,0.65,2902719000.0,5.18,210151000.0,770419000.0,925863000.0,2616877000.0,1381363000.0,1381363000.0,1381363000.0,1462271000.0,12958642000.0,440108000.0,12331000.0,3092598000.0,867672000.0,-492909000.0,,319364000.0,1902379000.0,11923935000.0,209821000.0,9419219000.0,2504716000.0,-197490000.0,2307226000.0,13826314000.0,267400000.0,266874000.0,269985000.0
EOG Resources Inc,EOG,XWTZDRYZPBUHIQBKDB46,821189,2012.0,Q1,2012-01-01,2012-03-31,2012-05-08 17:06:37+00:00,1.22,1.22,0.17,748743000.0,1.2,42807000.0,133147000.0,196125000.0,705468000.0,324009000.0,324009000.0,324009000.0,25592000.0,5468205000.0,121516000.0,10631000.0,3199988000.0,145097000.0,,,76269000.0,147108000.0,5466194000.0,50269000.0,4906422000.0,559772000.0,-39638000.0,520134000.0,5613302000.0,265600000.0,266674000.0,270242000.0
EOG Resources Inc,EOG,XWTZDRYZPBUHIQBKDB46,821189,2012.0,Q1TTM,2011-04-01,2012-03-31,,4.8,4.8,0.64,2696898000.0,4.8,193835000.0,1074856000.0,923052000.0,2392196000.0,1281159000.0,1281159000.0,1281159000.0,1459399000.0,11345108000.0,426188000.0,13880000.0,1747522000.0,864550000.0,-492909000.0,,311043000.0,1885587000.0,10324071000.0,210299000.0,7923441000.0,2400630000.0,-196419000.0,2204211000.0,12209658000.0,265600000.0,266674000.0,270242000.0
EOG Resources Inc,EOG,XWTZDRYZPBUHIQBKDB46,821189,2013.0,Q4,2013-10-01,2013-12-31,,1.07,1.07,0.1,915257000.0,1.07,45773000.0,109509000.0,338888000.0,901940000.0,580194000.0,580194000.0,580194000.0,1985371000.0,-7237692000.0,165378000.0,-8732000.0,-12183690000.0,248620000.0,,,91066000.0,2150749000.0,-9139821000.0,52510000.0,-10120145000.0,980324000.0,-61242000.0,919082000.0,-6989072000.0,539800000.0,540341000.0,546227000.0
EOG Resources Inc,EOG,XWTZDRYZPBUHIQBKDB46,821189,2013.0,FY,2013-01-01,2013-12-31,2015-02-18 17:28:02+00:00,4.07,4.07,0.375,3600976000.0,4.02,236001000.0,286941000.0,1239777000.0,3648840000.0,2197109000.0,2197109000.0,2197109000.0,2066893000.0,14399395000.0,623944000.0,-2865000.0,,87723000.0,,,348312000.0,2690837000.0,11796281000.0,235460000.0,8121070000.0,3675211000.0,-238325000.0,3436886000.0,14487118000.0,539800000.0,540341000.0,546227000.0
EOG Resources Inc,EOG,XWTZDRYZPBUHIQBKDB46,821189,2013.0,Q3,2013-07-01,2013-09-30,2013-11-06 17:16:06+00:00,1.71,1.71,0.1875,928800000.0,1.69,58977000.0,85917000.0,259057000.0,876761000.0,462498000.0,462498000.0,462498000.0,31121000.0,7364333000.0,172438000.0,11168000.0,4060355000.0,-281541000.0,,,98654000.0,203559000.0,6879233000.0,59382000.0,6109464000.0,769769000.0,-48214000.0,721555000.0,7082792000.0,270500000.0,270471000.0,273576000.0
EOG Resources Inc,EOG,XWTZDRYZPBUHIQBKDB46,821189,2013.0,Q3YTD,2013-01-01,2013-09-30,,5.98,5.98,0.55,2685719000.0,5.98,190228000.0,177432000.0,900889000.0,2746900000.0,1616915000.0,1616915000.0,1616915000.0,81522000.0,21637087000.0,458566000.0,5867000.0,12183690000.0,-160897000.0,,,257246000.0,540088000.0,20936102000.0,182950000.0,18241215000.0,2694887000.0,-177083000.0,2517804000.0,21476190000.0,270500000.0,270471000.0,273576000.0
EOG Resources Inc,EOG,XWTZDRYZPBUHIQBKDB46,821189,2013.0,Q3TTM,2012-10-01,2013-09-30,,4.11,4.11,0.72,3472063000.0,4.11,240853000.0,1197928000.0,960066000.0,3627351000.0,1111916000.0,1111916000.0,1111916000.0,1708547000.0,15709038000.0,594163000.0,-2540000.0,2315520000.0,108138000.0,,,343925000.0,2302710000.0,13514466000.0,242304000.0,11197640000.0,2316826000.0,-244844000.0,2071982000.0,15817176000.0,270500000.0,270471000.0,273576000.0
EOG Resources Inc,EOG,XWTZDRYZPBUHIQBKDB46,821189,2013.0,Q2,2013-04-01,2013-06-30,2013-08-06 17:17:46+00:00,2.44,2.44,0.1875,910531000.0,2.42,83073000.0,37967000.0,375538000.0,965490000.0,659692000.0,659692000.0,659692000.0,25897000.0,7466809000.0,151197000.0,4833000.0,4333564000.0,213561000.0,,,80607000.0,177094000.0,7503276000.0,61647000.0,6411232000.0,1092044000.0,-56814000.0,1035230000.0,7680370000.0,270400000.0,270016000.0,272739000.0
EOG Resources Inc,EOG,XWTZDRYZPBUHIQBKDB46,821189,2013.0,Q2YTD,2013-01-01,2013-06-30,,4.28,4.28,0.36,1756919000.0,4.28,131251000.0,91515000.0,641832000.0,1870139000.0,1154417000.0,1154417000.0,1154417000.0,50401000.0,14272754000.0,286128000.0,-5301000.0,8123335000.0,120644000.0,,,158592000.0,336529000.0,14056869000.0,123568000.0,12131751000.0,1925118000.0,-128869000.0,1796249000.0,14393398000.0,270400000.0,270016000.0,272739000.0
EOG Resources Inc,EOG,XWTZDRYZPBUHIQBKDB46,821189,2013.0,Q2TTM,2012-07-01,2013-06-30,,3.72,3.72,0.7,3369114000.0,3.72,229753000.0,1174886000.0,905707000.0,3506047000.0,1004909000.0,1004909000.0,1004909000.0,1703649000.0,14240568000.0,541821000.0,-6112000.0,1627879000.0,403526000.0,,,338141000.0,2245470000.0,12398624000.0,236076000.0,10245820000.0,2152804000.0,-242188000.0,1910616000.0,14644094000.0,270400000.0,270016000.0,272739000.0
EOG Resources Inc,EOG,XWTZDRYZPBUHIQBKDB46,821189,2013.0,Q1,2013-01-01,2013-03-31,2013-05-06 17:17:03+00:00,1.84,1.84,0.1875,846388000.0,1.82,48178000.0,53548000.0,266294000.0,904649000.0,494725000.0,494725000.0,494725000.0,24504000.0,6805945000.0,134931000.0,-10134000.0,3789771000.0,-92917000.0,,,77985000.0,159435000.0,6553593000.0,61921000.0,5720519000.0,833074000.0,-72055000.0,761019000.0,6713028000.0,268900000.0,269358000.0,272263000.0
EOG Resources Inc,EOG,XWTZDRYZPBUHIQBKDB46,821189,2013.0,Q1TTM,2012-04-01,2013-03-31,,2.75,2.75,0.68,3267348000.0,2.75,205910000.0,1191136000.0,780630000.0,3234675000.0,740995000.0,740995000.0,740995000.0,1698340000.0,12392810000.0,508810000.0,-6270000.0,589783000.0,389552000.0,,,333261000.0,2207150000.0,10575212000.0,225204000.0,8822113000.0,1753099000.0,-231474000.0,1521625000.0,12782362000.0,268900000.0,269358000.0,272263000.0
EOG Resources Inc,EOG,XWTZDRYZPBUHIQBKDB46,821189,2014.0,Q3,2014-07-01,2014-09-30,2015-11-05 16:28:50+00:00,2.03,2.03,0.1675,1040018000.0,2.01,65314000.0,55542000.0,611502000.0,1213652000.0,1103618000.0,1103618000.0,1103618000.0,656028000.0,4630816000.0,204969000.0,-21338000.0,,487800000.0,,,96931000.0,860997000.0,4257619000.0,49704000.0,2471457000.0,1786162000.0,-71042000.0,1715120000.0,5118616000.0,543700000.0,543984000.0,549518000.0
EOG Resources Inc,EOG,XWTZDRYZPBUHIQBKDB46,821189,2014.0,Q3YTD,2014-01-01,2014-09-30,,4.54,4.54,0.34,2983111000.0,4.54,169486000.0,207938000.0,1375823000.0,3263471000.0,2470899000.0,2470899000.0,2470899000.0,1309459000.0,17349116000.0,606411000.0,-16726000.0,4647742000.0,124398000.0,,,270725000.0,1915870000.0,15557644000.0,151723000.0,11542473000.0,4015171000.0,-168449000.0,3846722000.0,17473514000.0,543700000.0,543984000.0,549518000.0
EOG Resources Inc,EOG,XWTZDRYZPBUHIQBKDB46,821189,2014.0,Q3TTM,2013-10-01,2014-09-30,,5.61,5.61,0.44,3898368000.0,5.61,215259000.0,317447000.0,1714711000.0,4165411000.0,3051093000.0,3051093000.0,3051093000.0,3294830000.0,10111424000.0,771789000.0,-25458000.0,-7535948000.0,373018000.0,,,361791000.0,4066619000.0,6417823000.0,204233000.0,1422328000.0,4995495000.0,-229691000.0,4765804000.0,10484442000.0,543700000.0,543984000.0,549518000.0
EOG Resources Inc,EOG,XWTZDRYZPBUHIQBKDB46,821189,2014.0,Q2YTD,2014-01-01,2014-06-30,,2.52,2.52,0.22,1943093000.0,2.52,104172000.0,152396000.0,764321000.0,2049819000.0,1367281000.0,1367281000.0,1367281000.0,653431000.0,12718300000.0,401442000.0,4612000.0,4647742000.0,-363402000.0,,,173794000.0,1054873000.0,11300025000.0,102019000.0,9071016000.0,2229009000.0,-97407000.0,2131602000.0,12354898000.0,543300000.0,543099000.0,548676000.0
EOG Resources Inc,EOG,XWTZDRYZPBUHIQBKDB46,821189,2014.0,Q2TTM,2013-07-01,2014-06-30,,4.44,4.44,0.41,3787150000.0,4.44,208922000.0,347822000.0,1362266000.0,3828520000.0,2409973000.0,2409973000.0,2409973000.0,2669923000.0,12844941000.0,739258000.0,7048000.0,-3475593000.0,-396323000.0,,,363514000.0,3409181000.0,9039437000.0,213911000.0,5060335000.0,3979102000.0,-206863000.0,3772239000.0,12448618000.0,543300000.0,543099000.0,548676000.0
EOG Resources Inc,EOG,XWTZDRYZPBUHIQBKDB46,821189,2014.0,Q2,2014-04-01,2014-06-30,2015-08-06 16:12:47+00:00,1.3,1.3,0.125,996602000.0,1.29,47766000.0,39035000.0,394460000.0,1043515000.0,706353000.0,706353000.0,706353000.0,619507000.0,4407690000.0,205469000.0,7950000.0,,-220134000.0,,,90932000.0,824976000.0,3362580000.0,51867000.0,2217850000.0,1144730000.0,-43917000.0,1100813000.0,4187556000.0,543300000.0,543099000.0,548676000.0
EOG Resources Inc,EOG,XWTZDRYZPBUHIQBKDB46,821189,2014.0,Q1,2014-01-01,2014-03-31,2014-05-05 18:33:50+00:00,1.22,1.22,0.125,946491000.0,1.21,56406000.0,113361000.0,369861000.0,1006304000.0,660928000.0,660928000.0,660928000.0,33924000.0,8310610000.0,195973000.0,-3338000.0,4647742000.0,-143268000.0,,,82862000.0,229897000.0,7937445000.0,50152000.0,6853166000.0,1084279000.0,-53490000.0,1030789000.0,8167342000.0,541700000.0,542278000.0,548071000.0
EOG Resources Inc,EOG,XWTZDRYZPBUHIQBKDB46,821189,2014.0,Q1TTM,2013-04-01,2014-03-31,,4.36,4.36,0.38,3701079000.0,4.36,244229000.0,346754000.0,1343344000.0,3750495000.0,2363312000.0,2363312000.0,2363312000.0,2076313000.0,15904060000.0,684986000.0,3931000.0,857971000.0,37372000.0,,,353189000.0,2761299000.0,13180133000.0,223691000.0,9253717000.0,3926416000.0,-219760000.0,3706656000.0,15941432000.0,541700000.0,542278000.0,548071000.0
EOG Resources Inc,EOG,XWTZDRYZPBUHIQBKDB46,821189,2015.0,FY,2015-01-01,2015-12-31,2018-02-27 16:28:26+00:00,-8.29,-8.29,0.67,3313644000.0,-8.29,164240000.0,6613546000.0,-2397041000.0,2385982000.0,-4524515000.0,-4524515000.0,-4524515000.0,2177757000.0,8695302000.0,421744000.0,1916000.0,,61924000.0,,,366594000.0,2599501000.0,6157927000.0,237393000.0,12844006000.0,-6686079000.0,-235477000.0,-6921556000.0,8757428000.0,545800000.0,545697000.0,545697000.0
EOG Resources Inc,EOG,XWTZDRYZPBUHIQBKDB46,821189,2015.0,Q4,2015-10-01,2015-12-31,,-0.52,-0.52,0.17,769457000.0,-0.52,35375000.0,168171000.0,-114530000.0,461848000.0,-284296000.0,-284296000.0,-284296000.0,495149000.0,1830715000.0,87500000.0,-6080000.0,,-34156000.0,,,109014000.0,582649000.0,1214112000.0,62993000.0,1543865000.0,-329753000.0,-69073000.0,-398826000.0,1796761000.0,545800000.0,545697000.0,545697000.0
EOG Resources Inc,EOG,XWTZDRYZPBUHIQBKDB46,821189,2015.0,Q3,2015-07-01,2015-09-30,2016-11-03 16:28:58+00:00,-7.47,-7.47,0.1675,722172000.0,-7.47,31542000.0,6307420000.0,-2199182000.0,615303000.0,-4075739000.0,-4075739000.0,-4075739000.0,522312000.0,2129178000.0,105677000.0,8607000.0,,43250000.0,,,90959000.0,627989000.0,1544439000.0,60571000.0,7767396000.0,-6222957000.0,-51964000.0,-6274921000.0,2172428000.0,545600000.0,545920000.0,545920000.0
EOG Resources Inc,EOG,XWTZDRYZPBUHIQBKDB46,821189,2015.0,Q3YTD,2015-01-01,2015-09-30,,-7.77,-7.77,0.5,2544187000.0,-7.77,128865000.0,6445375000.0,-2282511000.0,1924134000.0,-4240219000.0,-4240219000.0,-4240219000.0,1682608000.0,6864587000.0,334244000.0,7996000.0,,96080000.0,,,257580000.0,2016852000.0,4943815000.0,174400000.0,11300141000.0,-6356326000.0,-166404000.0,-6522730000.0,6960667000.0,545600000.0,545920000.0,545920000.0
EOG Resources Inc,EOG,XWTZDRYZPBUHIQBKDB46,821189,2015.0,Q2,2015-04-01,2015-06-30,2016-08-04 16:21:00+00:00,0.01,0.01,0.1675,909227000.0,0.01,43204000.0,68519000.0,-16746000.0,670169000.0,5268000.0,5268000.0,5268000.0,534494000.0,2503516000.0,122138000.0,9380000.0,,-33815000.0,,,82324000.0,656632000.0,1813069000.0,60484000.0,1773443000.0,39626000.0,-51104000.0,-11478000.0,2469701000.0,526800000.0,545504000.0,549683000.0
EOG Resources Inc,EOG,XWTZDRYZPBUHIQBKDB46,821189,2015.0,Q2YTD,2015-01-01,2015-06-30,,-0.3,-0.3,0.34,1822015000.0,-0.3,97323000.0,137955000.0,-83329000.0,1308831000.0,-164480000.0,-164480000.0,-164480000.0,1160296000.0,4735409000.0,228567000.0,-611000.0,,52830000.0,,,166621000.0,1388863000.0,3399376000.0,113829000.0,3532745000.0,-133369000.0,-114440000.0,-247809000.0,4788239000.0,526800000.0,545504000.0,549683000.0
EOG Resources Inc,EOG,XWTZDRYZPBUHIQBKDB46,821189,2015.0,Q1,2015-01-01,2015-03-31,2016-05-05 16:54:24+00:00,-0.31,-0.31,0.1675,912788000.0,-0.31,54119000.0,69436000.0,-66583000.0,638662000.0,-169748000.0,-169748000.0,-169748000.0,625802000.0,2231893000.0,106429000.0,-9991000.0,,86645000.0,,,84297000.0,732231000.0,1586307000.0,53345000.0,1759302000.0,-172995000.0,-63336000.0,-236331000.0,2318538000.0,547600000.0,544998000.0,544998000.0
EOG Resources Inc,EOG,XWTZDRYZPBUHIQBKDB46,821189,2016.0,FY,2016-01-01,2016-12-31,2019-02-26 16:24:41+00:00,-1.98,-1.98,0.1675,3553417000.0,-1.98,135610000.0,620267000.0,-460819000.0,2007635000.0,-1096686000.0,-1096686000.0,-1096686000.0,1814459000.0,7650632000.0,349710000.0,-50543000.0,,,,,394815000.0,2164169000.0,5486463000.0,281681000.0,6711744000.0,-1225281000.0,-332224000.0,-1557505000.0,7650632000.0,553900000.0,553384000.0,553384000.0
EOG Resources Inc,EOG,XWTZDRYZPBUHIQBKDB46,821189,2016.0,Q4,2016-10-01,2016-12-31,,-0.24,-0.24,-0.34,862524000.0,-0.24,39303000.0,297946000.0,-51658000.0,634248000.0,-142352000.0,-142352000.0,-142352000.0,467681000.0,2379499000.0,103642000.0,-17198000.0,,22540000.0,,,102182000.0,571323000.0,1830716000.0,71325000.0,1936203000.0,-105487000.0,-88523000.0,-194010000.0,2402039000.0,553900000.0,553384000.0,553384000.0
EOG Resources Inc,EOG,XWTZDRYZPBUHIQBKDB46,821189,2016.0,Q3,2016-07-01,2016-09-30,2017-11-02 16:44:36+00:00,-0.35,-0.35,0.1675,899511000.0,-0.35,35845000.0,177990000.0,-82250000.0,552487000.0,-190000000.0,-190000000.0,-190000000.0,459845000.0,2113387000.0,91909000.0,-7912000.0,,5117000.0,,,94397000.0,551754000.0,1566750000.0,70858000.0,1760230000.0,-193480000.0,-78770000.0,-272250000.0,2118504000.0,542900000.0,547838000.0,547838000.0
EOG Resources Inc,EOG,XWTZDRYZPBUHIQBKDB46,821189,2016.0,Q3YTD,2016-01-01,2016-09-30,,-1.74,-1.74,0.51,2690893000.0,-1.74,96307000.0,322321000.0,-409161000.0,1373387000.0,-954334000.0,-954334000.0,-954334000.0,1346778000.0,5271133000.0,246068000.0,-33345000.0,,-22540000.0,,,292633000.0,1592846000.0,3655747000.0,210356000.0,4775541000.0,-1119794000.0,-243701000.0,-1363495000.0,5248593000.0,542900000.0,547838000.0,547838000.0
EOG Resources Inc,EOG,XWTZDRYZPBUHIQBKDB46,821189,2016.0,Q3TTM,2015-10-01,2016-09-30,,-2.26,-2.26,0.67,3460350000.0,-2.26,131682000.0,490492000.0,-523691000.0,1835235000.0,-1238630000.0,-1238630000.0,-1238630000.0,1841927000.0,7101848000.0,333568000.0,-39425000.0,,-56696000.0,,,401647000.0,2175495000.0,4869859000.0,273349000.0,6319406000.0,-1449547000.0,-312774000.0,-1762321000.0,7045354000.0,542900000.0,547838000.0,547838000.0
EOG Resources Inc,EOG,XWTZDRYZPBUHIQBKDB46,821189,2016.0,Q2,2016-04-01,2016-06-30,2017-08-01 17:00:56+00:00,-0.53,-0.53,0.1675,862491000.0,-0.53,30387000.0,72714000.0,-87719000.0,480046000.0,-292558000.0,-292558000.0,-292558000.0,427090000.0,1820113000.0,93480000.0,-20996000.0,,-44373000.0,,,97705000.0,520570000.0,1255170000.0,71108000.0,1543343000.0,-288173000.0,-92104000.0,-380277000.0,1775740000.0,552000000.0,547335000.0,547335000.0
EOG Resources Inc,EOG,XWTZDRYZPBUHIQBKDB46,821189,2016.0,Q2YTD,2016-01-01,2016-06-30,,-1.4,-1.4,0.34,1791382000.0,-1.4,60462000.0,144331000.0,-326911000.0,820900000.0,-764334000.0,-764334000.0,-764334000.0,886933000.0,3157746000.0,154159000.0,-25433000.0,,-27657000.0,,,198236000.0,1041092000.0,2088997000.0,139498000.0,3015311000.0,-926314000.0,-164931000.0,-1091245000.0,3130089000.0,552000000.0,547335000.0,547335000.0
EOG Resources Inc,EOG,XWTZDRYZPBUHIQBKDB46,821189,2016.0,Q2TTM,2015-07-01,2016-06-30,,-9.36,-9.36,0.67,3283011000.0,-9.36,127379000.0,6619922000.0,-2640623000.0,1898051000.0,-5124369000.0,-5124369000.0,-5124369000.0,1904394000.0,7117639000.0,347336000.0,-22906000.0,,-18563000.0,,,398209000.0,2251730000.0,4847548000.0,263062000.0,12326572000.0,-7479024000.0,-285968000.0,-7764992000.0,7099278000.0,552000000.0,547335000.0,547335000.0
EOG Resources Inc,EOG,XWTZDRYZPBUHIQBKDB46,821189,2016.0,Q1,2016-01-01,2016-03-31,2017-05-08 16:34:40+00:00,-0.86,-0.86,0.1675,928891000.0,-0.86,30075000.0,71617000.0,-239192000.0,340854000.0,-471776000.0,-471776000.0,-471776000.0,459843000.0,1337633000.0,60679000.0,-4437000.0,,16716000.0,,,100531000.0,520522000.0,833827000.0,68390000.0,1471968000.0,-638141000.0,-72827000.0,-710968000.0,1354349000.0,548600000.0,546715000.0,546715000.0
EOG Resources Inc,EOG,XWTZDRYZPBUHIQBKDB46,821189,2016.0,Q1TTM,2015-04-01,2016-03-31,,-8.83,-8.83,0.67,3329747000.0,-8.83,140196000.0,6615727000.0,-2569650000.0,2088174000.0,-4826543000.0,-4826543000.0,-4826543000.0,2011798000.0,7801042000.0,375994000.0,7470000.0,,-8005000.0,,,382828000.0,2387792000.0,5405447000.0,252438000.0,12556672000.0,-7151225000.0,-244968000.0,-7396193000.0,7793239000.0,548600000.0,546715000.0,546715000.0
EOG Resources Inc,EOG,XWTZDRYZPBUHIQBKDB46,821189,2017.0,FY,2017-01-01,2017-12-31,2020-02-27 16:49:50+00:00,4.49,4.49,0.67,3409387000.0,4.46,149951000.0,479240000.0,-1921397000.0,3330237000.0,2582579000.0,2582579000.0,2582579000.0,1933974000.0,11208320000.0,544662000.0,9152000.0,,,,,434467000.0,2478636000.0,8729684000.0,274372000.0,7803282000.0,926402000.0,-265220000.0,661182000.0,11208320000.0,575200000.0,574620000.0,578693000.0
EOG Resources Inc,EOG,XWTZDRYZPBUHIQBKDB46,821189,2017.0,Q4,2017-10-01,2017-12-31,,4.23,4.23,0.17,881745000.0,4.2,27473000.0,153442000.0,-2017115000.0,1009566000.0,2430468000.0,2430468000.0,2430468000.0,516953000.0,3412147000.0,158343000.0,803000.0,,-71466000.0,,,117005000.0,675296000.0,2665385000.0,63362000.0,2189231000.0,475912000.0,-62559000.0,413353000.0,3340681000.0,575200000.0,574620000.0,578693000.0
EOG Resources Inc,EOG,XWTZDRYZPBUHIQBKDB46,821189,2017.0,Q3,2017-07-01,2017-09-30,2018-11-01 16:36:30+00:00,0.17,0.17,0.1675,846222000.0,0.17,30846000.0,53677000.0,45439000.0,793536000.0,100541000.0,100541000.0,100541000.0,468098000.0,2644844000.0,125912000.0,226000.0,,,,,111717000.0,594010000.0,2050834000.0,69082000.0,1835998000.0,214836000.0,-68856000.0,145980000.0,2644844000.0,591400000.0,574783000.0,578736000.0
EOG Resources Inc,EOG,XWTZDRYZPBUHIQBKDB46,821189,2017.0,Q3YTD,2017-01-01,2017-09-30,,0.26,0.26,0.5,2527642000.0,0.26,122478000.0,325798000.0,95718000.0,2320671000.0,152111000.0,152111000.0,152111000.0,1417021000.0,7796173000.0,386319000.0,8349000.0,,71466000.0,,,317462000.0,1803340000.0,6064299000.0,211010000.0,5614051000.0,450490000.0,-202661000.0,247829000.0,7867639000.0,591400000.0,574783000.0,578736000.0
EOG Resources Inc,EOG,XWTZDRYZPBUHIQBKDB46,821189,2017.0,Q3TTM,2016-10-01,2017-09-30,,0.02,0.02,0.17,3390166000.0,0.02,161781000.0,623744000.0,44060000.0,2954919000.0,9759000.0,9759000.0,9759000.0,1884702000.0,10175672000.0,489961000.0,-8849000.0,,94006000.0,,,419644000.0,2374663000.0,7895015000.0,282335000.0,7550254000.0,345003000.0,-291184000.0,53819000.0,10269678000.0,591400000.0,574783000.0,578736000.0
EOG Resources Inc,EOG,XWTZDRYZPBUHIQBKDB46,821189,2017.0,Q2,2017-04-01,2017-06-30,2018-08-02 16:26:37+00:00,0.04,0.04,0.1675,865384000.0,0.04,34738000.0,78934000.0,39414000.0,790599000.0,23053000.0,23053000.0,23053000.0,476288000.0,2603026000.0,130114000.0,4972000.0,,9446000.0,,,108507000.0,606402000.0,2006070000.0,70413000.0,1878162000.0,127908000.0,-65441000.0,62467000.0,2612472000.0,576300000.0,574439000.0,578483000.0
EOG Resources Inc,EOG,XWTZDRYZPBUHIQBKDB46,821189,2017.0,Q2YTD,2017-01-01,2017-06-30,,0.09,0.09,0.34,1681420000.0,0.09,91632000.0,272121000.0,50279000.0,1527135000.0,51570000.0,51570000.0,51570000.0,948923000.0,5151329000.0,260407000.0,8123000.0,,71466000.0,,,205745000.0,1209330000.0,4013465000.0,141928000.0,3778053000.0,235654000.0,-133805000.0,101849000.0,5222795000.0,576300000.0,574439000.0,578483000.0
EOG Resources Inc,EOG,XWTZDRYZPBUHIQBKDB46,821189,2017.0,Q2TTM,2016-07-01,2017-06-30,,-0.5,-0.5,0.17,3443455000.0,-0.5,166780000.0,748057000.0,-83629000.0,2713870000.0,-280782000.0,-280782000.0,-280782000.0,1876449000.0,9644215000.0,455958000.0,-16987000.0,,99123000.0,,,402324000.0,2332407000.0,7410931000.0,284111000.0,7474486000.0,-63313000.0,-301098000.0,-364411000.0,9743338000.0,576300000.0,574439000.0,578483000.0
EOG Resources Inc,EOG,XWTZDRYZPBUHIQBKDB46,821189,2017.0,Q1,2017-01-01,2017-03-31,2018-05-03 16:24:26+00:00,0.05,0.05,0.1675,816036000.0,0.05,56894000.0,193187000.0,10865000.0,736536000.0,28517000.0,28517000.0,28517000.0,472635000.0,2548303000.0,130293000.0,3151000.0,,62020000.0,,,97238000.0,602928000.0,2007395000.0,71515000.0,1899891000.0,107746000.0,-68364000.0,39382000.0,2610323000.0,570300000.0,573935000.0,578593000.0
EOG Resources Inc,EOG,XWTZDRYZPBUHIQBKDB46,821189,2017.0,Q1TTM,2016-04-01,2017-03-31,,-1.04,-1.04,0.66,3440562000.0,-1.04,162429000.0,741837000.0,-210762000.0,2403317000.0,-596393000.0,-596393000.0,-596393000.0,1827251000.0,8861302000.0,419324000.0,-42955000.0,,45304000.0,,,391522000.0,2246575000.0,6660031000.0,284806000.0,7139667000.0,-479394000.0,-327761000.0,-807155000.0,8906606000.0,570300000.0,573935000.0,578593000.0
EOG Resources Inc,EOG,XWTZDRYZPBUHIQBKDB46,821189,2018.0,FY,2018-01-01,2018-12-31,2020-02-27 16:49:50+00:00,5.93,5.93,0.81,3435408000.0,5.89,154404000.0,347021000.0,821958000.0,5203243000.0,3419040000.0,3419040000.0,3419040000.0,2466527000.0,17275399000.0,772481000.0,16704000.0,,,,,426969000.0,3239008000.0,14036391000.0,245052000.0,9567045000.0,4469346000.0,-228348000.0,4240998000.0,17275399000.0,576600000.0,576578000.0,580441000.0
EOG Resources Inc,EOG,XWTZDRYZPBUHIQBKDB46,821189,2018.0,Q4,2018-10-01,2018-12-31,,1.55,1.55,0.22,919963000.0,1.54,34007000.0,186087000.0,195572000.0,1349416000.0,892768000.0,892768000.0,892768000.0,654933000.0,4574536000.0,190086000.0,21220000.0,,,,,116904000.0,845019000.0,3729517000.0,56020000.0,2606377000.0,1123140000.0,-34800000.0,1088340000.0,4574536000.0,576600000.0,576578000.0,580441000.0
EOG Resources Inc,EOG,XWTZDRYZPBUHIQBKDB46,821189,2018.0,Q3,2018-07-01,2018-09-30,2019-11-06 16:27:39+00:00,2.06,2.06,0.22,918180000.0,2.05,33181000.0,44617000.0,255411000.0,1326974000.0,1190952000.0,1190952000.0,1190952000.0,631658000.0,4781624000.0,209043000.0,3308000.0,,,,,111284000.0,840701000.0,3940923000.0,63632000.0,2434236000.0,1506687000.0,-60324000.0,1446363000.0,4781624000.0,578100000.0,577254000.0,581559000.0
EOG Resources Inc,EOG,XWTZDRYZPBUHIQBKDB46,821189,2018.0,Q3YTD,2018-01-01,2018-09-30,,4.38,4.38,0.59,2515445000.0,4.35,120397000.0,160934000.0,626386000.0,3853827000.0,2526272000.0,2526272000.0,2526272000.0,1811594000.0,12700863000.0,582395000.0,-4516000.0,,,,,310065000.0,2393989000.0,10306874000.0,189032000.0,6960668000.0,3346206000.0,-193548000.0,3152658000.0,12700863000.0,578100000.0,577254000.0,581559000.0
EOG Resources Inc,EOG,XWTZDRYZPBUHIQBKDB46,821189,2018.0,Q3TTM,2017-10-01,2018-09-30,,8.61,8.61,0.76,3397190000.0,8.55,147870000.0,314376000.0,-1390729000.0,4863393000.0,4956740000.0,4956740000.0,4956740000.0,2328547000.0,16113010000.0,740738000.0,-3713000.0,,-71466000.0,,,427070000.0,3069285000.0,12972259000.0,252394000.0,9149899000.0,3822118000.0,-256107000.0,3566011000.0,16041544000.0,578100000.0,577254000.0,581559000.0
EOG Resources Inc,EOG,XWTZDRYZPBUHIQBKDB46,821189,2018.0,Q2,2018-04-01,2018-06-30,2019-08-01 16:56:06+00:00,1.21,1.21,0.185,848674000.0,1.2,52380000.0,51708000.0,196205000.0,1420463000.0,696731000.0,696731000.0,696731000.0,601570000.0,4238077000.0,194268000.0,-8551000.0,,,,,104083000.0,795838000.0,3442239000.0,63444000.0,2477308000.0,964931000.0,-71995000.0,892936000.0,4238077000.0,575800000.0,576135000.0,580375000.0
EOG Resources Inc,EOG,XWTZDRYZPBUHIQBKDB46,821189,2018.0,Q2YTD,2018-01-01,2018-06-30,,2.32,2.32,0.37,1597265000.0,2.3,87216000.0,116317000.0,370975000.0,2526853000.0,1335320000.0,1335320000.0,1335320000.0,1179936000.0,7919239000.0,373352000.0,-7824000.0,,,,,198781000.0,1553288000.0,6365951000.0,125400000.0,4526432000.0,1839519000.0,-133224000.0,1706295000.0,7919239000.0,575800000.0,576135000.0,580375000.0
EOG Resources Inc,EOG,XWTZDRYZPBUHIQBKDB46,821189,2018.0,Q2TTM,2017-07-01,2018-06-30,,6.72,6.72,0.71,3325232000.0,6.67,145535000.0,323436000.0,-1600701000.0,4329955000.0,3866329000.0,3866329000.0,3866329000.0,2164987000.0,13976230000.0,657607000.0,-6795000.0,,-71466000.0,,,427503000.0,2822594000.0,11082170000.0,257844000.0,8551661000.0,2530267000.0,-264639000.0,2265628000.0,13904764000.0,575800000.0,576135000.0,580375000.0
EOG Resources Inc,EOG,XWTZDRYZPBUHIQBKDB46,821189,2018.0,Q1,2018-01-01,2018-03-31,2019-05-02 16:51:41+00:00,1.11,1.11,0.185,748591000.0,1.1,34836000.0,64609000.0,174770000.0,1106390000.0,638589000.0,638589000.0,638589000.0,578366000.0,3681162000.0,179084000.0,727000.0,,,,,94698000.0,757450000.0,2923712000.0,61956000.0,2049124000.0,874588000.0,-61229000.0,813359000.0,3681162000.0,575300000.0,575775000.0,579726000.0
EOG Resources Inc,EOG,XWTZDRYZPBUHIQBKDB46,821189,2018.0,Q1TTM,2017-04-01,2018-03-31,,5.55,5.55,0.69,3341942000.0,5.51,127893000.0,350662000.0,-1757492000.0,3700091000.0,3192651000.0,3192651000.0,3192651000.0,2039705000.0,12341179000.0,593453000.0,6728000.0,,-62020000.0,,,431927000.0,2633158000.0,9646001000.0,264813000.0,7952515000.0,1693244000.0,-258085000.0,1435159000.0,12279159000.0,575300000.0,575775000.0,579726000.0
EOG Resources Inc,EOG,XWTZDRYZPBUHIQBKDB46,821189,2019.0,Q4,2019-10-01,2019-12-31,,1.1,1.1,0.29,959208000.0,1.09,36495000.0,228135000.0,194687000.0,1237259000.0,636521000.0,636521000.0,636521000.0,670465000.0,4320246000.0,199746000.0,8152000.0,,,,,125187000.0,870211000.0,3450035000.0,40695000.0,2586284000.0,863751000.0,-32543000.0,831208000.0,4320246000.0,578200000.0,577670000.0,580777000.0
EOG Resources Inc,EOG,XWTZDRYZPBUHIQBKDB46,821189,2019.0,FY,2019-01-01,2019-12-31,2020-02-27 16:49:50+00:00,4.73,4.73,1.083,3749704000.0,4.71,167882000.0,517896000.0,810357000.0,5351524000.0,2734910000.0,2734910000.0,2734910000.0,2604395000.0,17379973000.0,800164000.0,31385000.0,,,,,489397000.0,3404559000.0,13975414000.0,185129000.0,10276403000.0,3699011000.0,-153744000.0,3545267000.0,17379973000.0,578200000.0,577670000.0,580777000.0
EOG Resources Inc,EOG,XWTZDRYZPBUHIQBKDB46,821189,2019.0,Q3YTD,2019-01-01,2019-09-30,,3.63,3.63,0.8,2790496000.0,3.62,131387000.0,289761000.0,615670000.0,4114265000.0,2098389000.0,2098389000.0,2098389000.0,1933930000.0,13059727000.0,600418000.0,23233000.0,,,,,364210000.0,2534348000.0,10525379000.0,144434000.0,7690119000.0,2835260000.0,-121201000.0,2714059000.0,13059727000.0,580300000.0,577839000.0,581271000.0
EOG Resources Inc,EOG,XWTZDRYZPBUHIQBKDB46,821189,2019.0,Q3TTM,2018-10-01,2019-09-30,,5.18,5.18,1.02,3710459000.0,5.16,165394000.0,475848000.0,811242000.0,5463681000.0,2991157000.0,2991157000.0,2991157000.0,2588863000.0,17634263000.0,790504000.0,44453000.0,,,,,481114000.0,3379367000.0,14254896000.0,200454000.0,10296496000.0,3958400000.0,-156001000.0,3802399000.0,17634263000.0,580300000.0,577839000.0,581271000.0
EOG Resources Inc,EOG,XWTZDRYZPBUHIQBKDB46,821189,2019.0,Q3,2019-07-01,2019-09-30,2019-11-06 16:27:39+00:00,1.06,1.06,0.2875,953597000.0,1.06,58678000.0,105275000.0,182335000.0,1343293000.0,615122000.0,615122000.0,615122000.0,675797000.0,4303455000.0,203098000.0,9118000.0,,,,,135758000.0,878895000.0,3424560000.0,39620000.0,2596601000.0,827959000.0,-30502000.0,797457000.0,4303455000.0,580300000.0,577839000.0,581271000.0
EOG Resources Inc,EOG,XWTZDRYZPBUHIQBKDB46,821189,2019.0,Q2YTD,2019-01-01,2019-06-30,,2.57,2.57,0.51,1836899000.0,2.56,72709000.0,184486000.0,433335000.0,2770972000.0,1483267000.0,1483267000.0,1483267000.0,1258133000.0,8756272000.0,397320000.0,14115000.0,,,,,228452000.0,1655453000.0,7100819000.0,104814000.0,5093518000.0,2007301000.0,-90699000.0,1916602000.0,8756272000.0,576800000.0,577460000.0,580247000.0
EOG Resources Inc,EOG,XWTZDRYZPBUHIQBKDB46,821189,2019.0,Q2TTM,2018-07-01,2019-06-30,,6.18,6.18,0.95,3675042000.0,6.15,139897000.0,415190000.0,884318000.0,5447362000.0,3566987000.0,3566987000.0,3566987000.0,2544724000.0,18112432000.0,796449000.0,38643000.0,,,,,456640000.0,3341173000.0,14771259000.0,224466000.0,10134131000.0,4637128000.0,-185823000.0,4451305000.0,18112432000.0,576800000.0,577460000.0,580247000.0
EOG Resources Inc,EOG,XWTZDRYZPBUHIQBKDB46,821189,2019.0,Q2,2019-04-01,2019-06-30,2019-08-01 16:56:06+00:00,1.47,1.47,0.2875,957304000.0,1.46,36291000.0,112130000.0,241525000.0,1500915000.0,847841000.0,847841000.0,847841000.0,634025000.0,4697630000.0,204414000.0,8503000.0,,,,,121780000.0,838439000.0,3859191000.0,49908000.0,2728420000.0,1130771000.0,-41405000.0,1089366000.0,4697630000.0,576800000.0,577460000.0,580247000.0
EOG Resources Inc,EOG,XWTZDRYZPBUHIQBKDB46,821189,2019.0,Q1,2019-01-01,2019-03-31,2020-05-07 16:28:35+00:00,1.1,1.1,0.22,879595000.0,1.1,36418000.0,72356000.0,191810000.0,1270057000.0,635426000.0,635426000.0,635426000.0,624108000.0,4058642000.0,192906000.0,5612000.0,,,,,106672000.0,817014000.0,3241628000.0,54906000.0,2365098000.0,876530000.0,-49294000.0,827236000.0,4058642000.0,577700000.0,577207000.0,580222000.0
EOG Resources Inc,EOG,XWTZDRYZPBUHIQBKDB46,821189,2019.0,Q1TTM,2018-04-01,2019-03-31,,5.92,5.92,0.85,3566412000.0,5.89,155986000.0,354768000.0,838998000.0,5366910000.0,3415877000.0,3415877000.0,3415877000.0,2512269000.0,17652879000.0,786303000.0,21589000.0,,,,,438943000.0,3298572000.0,14354307000.0,238002000.0,9883019000.0,4471288000.0,-216413000.0,4254875000.0,17652879000.0,577700000.0,577207000.0,580222000.0
EOG Resources Inc,EOG,XWTZDRYZPBUHIQBKDB46,821189,2020.0,Q1TTM,2019-04-01,2020-03-31,,3.65,3.65,1.24,3870169000.0,3.63,171513000.0,2018475000.0,639737000.0,5190460000.0,2109297000.0,2109297000.0,2109297000.0,2646724000.0,18039023000.0,764618000.0,43881000.0,,,,,496998000.0,3411342000.0,14627681000.0,174913000.0,11747615000.0,2880066000.0,-131032000.0,2749034000.0,18039023000.0,490700000.0,578462000.0,580283000.0
EOG Resources Inc,EOG,XWTZDRYZPBUHIQBKDB46,821189,2020.0,Q1,2020-01-01,2020-03-31,2020-05-07 16:28:35+00:00,0.02,0.02,0.375,1000060000.0,0.02,40049000.0,1572935000.0,21190000.0,1108993000.0,9813000.0,9813000.0,9813000.0,666437000.0,4717692000.0,157360000.0,18108000.0,,,,,114273000.0,823797000.0,3893895000.0,44690000.0,3836310000.0,57585000.0,-26582000.0,31003000.0,4717692000.0,490700000.0,578462000.0,580283000.0
