company_name,company_ticker,company_lei,company_cik,year,quarter,start_date,end_date,filing_date,amortizationexpense,basicdilutedeps,basiceps,cashdividendspershare,dilutedeps,impairmentexpense,incometaxexpense,netincome,netincomecontinuing,netincomediscontinued,netincometocommon,netincometononcontrollinginterest,operatingcostofrevenue,operatingrevenue,otheroperatingexpenses,sgaexpense,totalcostofrevenue,totalgrossprofit,totalinterestexpense,totalinterestincome,totaloperatingexpenses,totaloperatingincome,totalotherincome,totalpretaxincome,totalrevenue,weightedavebasicdilutedsharesos,weightedavebasicsharesos,weightedavedilutedsharesos
Centene Corp,CNC,549300Z7JJ4TQSQGT333,1071739,2008.0,FY,2008-01-01,2008-12-31,2011-02-22 07:55:49+00:00,,1.93,1.93,,1.88,,52435000.0,83497000.0,84181000.0,-684000.0,83497000.0,0.0,2697255000.0,3364515000.0,90966000.0,444733000.0,2697255000.0,667260000.0,16673000.0,21728000.0,535699000.0,131561000.0,5055000.0,136616000.0,3364515000.0,43300000.0,43275187.0,44398955.0
Centene Corp,CNC,549300Z7JJ4TQSQGT333,1071739,2009.0,FY,2009-01-01,2009-12-31,2012-02-21 08:39:43+00:00,,2.0,1.94,,1.89,,48841000.0,86245000.0,88667000.0,-2422000.0,83671000.0,2574000.0,3290920000.0,4102864000.0,225888000.0,447921000.0,3290920000.0,811944000.0,16318000.0,15691000.0,673809000.0,138135000.0,-627000.0,137508000.0,4102864000.0,41800000.0,43034791.0,44316467.0
Centene Corp,CNC,549300Z7JJ4TQSQGT333,1071739,2009.0,Q3,2009-07-01,2009-09-30,2010-10-25 18:57:53+00:00,,0.49,0.49,,0.48,,12426000.0,23810000.0,25270000.0,-1460000.0,21268000.0,2542000.0,818905000.0,1038234000.0,51295000.0,130024000.0,818905000.0,219329000.0,4064000.0,3750000.0,181319000.0,38010000.0,-314000.0,37696000.0,1038234000.0,43400000.0,43001870.0,44291604.0
Centene Corp,CNC,549300Z7JJ4TQSQGT333,1071739,2009.0,Q2,2009-04-01,2009-06-30,2010-07-26 19:08:58+00:00,,0.47,0.47,,0.46,,11789000.0,19419000.0,19904000.0,-485000.0,20230000.0,-811000.0,770265000.0,1039469000.0,108548000.0,129221000.0,770265000.0,269204000.0,4160000.0,4418000.0,237769000.0,31435000.0,258000.0,31693000.0,1039469000.0,43000000.0,43001157.0,44242339.0
Centene Corp,CNC,549300Z7JJ4TQSQGT333,1071739,2010.0,Q4,2010-10-01,2010-12-31,,,0.44,0.52,,0.5,,16958000.0,26319000.0,26384000.0,-65000.0,25399000.0,920000.0,1008542000.0,1180969000.0,50233000.0,76693000.0,1008542000.0,172427000.0,5452000.0,3293000.0,126926000.0,45501000.0,-2159000.0,43342000.0,1180969000.0,50700000.0,48754947.0,50447888.0
Centene Corp,CNC,549300Z7JJ4TQSQGT333,1071739,2010.0,FY,2010-01-01,2010-12-31,2013-02-19 06:35:44+00:00,,1.87,1.95,,1.88,0.0,59900000.0,98271000.0,94382000.0,3889000.0,94836000.0,3435000.0,3648371000.0,4448323000.0,165118000.0,477765000.0,3648371000.0,799952000.0,17992000.0,15205000.0,642883000.0,157069000.0,-2787000.0,154282000.0,4448323000.0,50700000.0,48754947.0,50447888.0
Centene Corp,CNC,549300Z7JJ4TQSQGT333,1071739,2010.0,Q3YTD,2010-01-01,2010-09-30,,,1.43,1.43,,1.38,,42942000.0,71952000.0,67998000.0,3954000.0,69437000.0,2515000.0,2639829000.0,3267354000.0,114885000.0,401072000.0,2639829000.0,627525000.0,12540000.0,11912000.0,515957000.0,111568000.0,-628000.0,110940000.0,3267354000.0,49300000.0,49238406.0,50938357.0
Centene Corp,CNC,549300Z7JJ4TQSQGT333,1071739,2010.0,Q3,2010-07-01,2010-09-30,2011-10-24 17:57:31+00:00,,0.46,0.46,,0.44,,13163000.0,23200000.0,22940000.0,260000.0,22662000.0,538000.0,907927000.0,1121861000.0,41591000.0,132095000.0,907927000.0,213934000.0,4858000.0,713000.0,173686000.0,40248000.0,-4145000.0,36103000.0,1121861000.0,49300000.0,49238406.0,50938357.0
Centene Corp,CNC,549300Z7JJ4TQSQGT333,1071739,2010.0,Q2YTD,2010-01-01,2010-06-30,,,0.97,0.97,,0.94,,29779000.0,48752000.0,45058000.0,3694000.0,46775000.0,1977000.0,1731902000.0,2145493000.0,73294000.0,268977000.0,1731902000.0,413591000.0,7682000.0,11199000.0,342271000.0,71320000.0,3517000.0,74837000.0,2145493000.0,49500000.0,49135552.0,50866318.0
Centene Corp,CNC,549300Z7JJ4TQSQGT333,1071739,2010.0,Q2,2010-04-01,2010-06-30,2011-07-25 18:35:43+00:00,,0.46,0.46,,0.45,,17254000.0,24502000.0,24728000.0,-226000.0,22773000.0,1729000.0,875042000.0,1076772000.0,26551000.0,133470000.0,875042000.0,201730000.0,3869000.0,4142000.0,160021000.0,41709000.0,273000.0,41982000.0,1076772000.0,49500000.0,49135552.0,50866318.0
Centene Corp,CNC,549300Z7JJ4TQSQGT333,1071739,2010.0,Q1,2010-01-01,2010-03-31,2011-04-25 17:52:56+00:00,,0.51,0.51,,0.49,,12525000.0,24250000.0,20330000.0,3920000.0,24002000.0,248000.0,856860000.0,1068721000.0,46743000.0,135507000.0,856860000.0,211861000.0,3813000.0,7057000.0,182250000.0,29611000.0,3244000.0,32855000.0,1068721000.0,47100000.0,47260714.0,48761528.0
Centene Corp,CNC,549300Z7JJ4TQSQGT333,1071739,2011.0,Q4,2011-10-01,2011-12-31,,,0.77,0.59,,0.57,,21471000.0,29264000.0,38564000.0,-9300000.0,30112000.0,-848000.0,1117658000.0,1378071000.0,48726000.0,150831000.0,1117658000.0,260413000.0,4797000.0,3976000.0,199557000.0,60856000.0,-821000.0,60035000.0,1378071000.0,46300000.0,50198954.0,52474238.0
Centene Corp,CNC,549300Z7JJ4TQSQGT333,1071739,2011.0,FY,2011-01-01,2011-12-31,2014-02-21 16:15:24+00:00,,2.4,2.22,,2.12,0.0,70687000.0,108363000.0,117663000.0,-9300000.0,111218000.0,-2855000.0,4269382000.0,5211477000.0,160394000.0,577898000.0,4269382000.0,942095000.0,28808000.0,13355000.0,738292000.0,203803000.0,-15453000.0,188350000.0,5211477000.0,46300000.0,50198954.0,52474238.0
Centene Corp,CNC,549300Z7JJ4TQSQGT333,1071739,2011.0,Q3,2011-07-01,2011-09-30,2012-10-22 18:16:08+00:00,,0.58,0.58,,0.55,0.0,18459000.0,28213000.0,28213000.0,,28987000.0,-774000.0,1073549000.0,1302035000.0,37005000.0,142934000.0,1073549000.0,228486000.0,4572000.0,2697000.0,179939000.0,48547000.0,-1875000.0,46672000.0,1302035000.0,50000000.0,50345512.0,52620350.0
Centene Corp,CNC,549300Z7JJ4TQSQGT333,1071739,2011.0,Q3YTD,2011-01-01,2011-09-30,,,1.63,1.63,,1.55,,49216000.0,79099000.0,79099000.0,,81106000.0,-2007000.0,3151724000.0,3833406000.0,111668000.0,427067000.0,3151724000.0,681682000.0,24011000.0,9379000.0,538735000.0,142947000.0,-14632000.0,128315000.0,3833406000.0,50000000.0,50345512.0,52620350.0
Centene Corp,CNC,549300Z7JJ4TQSQGT333,1071739,2011.0,Q3TTM,2010-10-01,2011-09-30,,,2.07,2.15,,2.05,,66174000.0,105418000.0,105483000.0,-65000.0,106505000.0,-1087000.0,4160266000.0,5014375000.0,161901000.0,503760000.0,4160266000.0,854109000.0,29463000.0,12672000.0,665661000.0,188448000.0,-16791000.0,171657000.0,5014375000.0,50000000.0,50345512.0,52620350.0
Centene Corp,CNC,549300Z7JJ4TQSQGT333,1071739,2011.0,Q2,2011-04-01,2011-06-30,2012-07-23 20:09:39+00:00,,0.57,0.57,,0.54,0.0,16429000.0,28063000.0,28063000.0,,28374000.0,-311000.0,1079432000.0,1315014000.0,37234000.0,143045000.0,1079432000.0,235582000.0,13744000.0,2933000.0,180279000.0,55303000.0,-10811000.0,44492000.0,1315014000.0,49800000.0,50167052.0,52489414.0
Centene Corp,CNC,549300Z7JJ4TQSQGT333,1071739,2011.0,Q2YTD,2011-01-01,2011-06-30,,,1.05,1.05,,1.0,,30757000.0,50886000.0,50886000.0,,52119000.0,-1233000.0,2078175000.0,2531371000.0,74663000.0,284133000.0,2078175000.0,453196000.0,19439000.0,6682000.0,358796000.0,94400000.0,-12757000.0,81643000.0,2531371000.0,49800000.0,50167052.0,52489414.0
Centene Corp,CNC,549300Z7JJ4TQSQGT333,1071739,2011.0,Q2TTM,2010-07-01,2011-06-30,,,1.95,2.03,,1.94,,60878000.0,100405000.0,100210000.0,195000.0,100180000.0,225000.0,3994644000.0,4834201000.0,166487000.0,492921000.0,3994644000.0,839557000.0,29749000.0,10688000.0,659408000.0,180149000.0,-19061000.0,161088000.0,4834201000.0,49800000.0,50167052.0,52489414.0
Centene Corp,CNC,549300Z7JJ4TQSQGT333,1071739,2011.0,Q1,2011-01-01,2011-03-31,2012-04-23 18:38:39+00:00,,0.48,0.48,,0.46,,14328000.0,22823000.0,22823000.0,,23745000.0,-922000.0,998743000.0,1216357000.0,37429000.0,141088000.0,998743000.0,217614000.0,5695000.0,3749000.0,178517000.0,39097000.0,-1946000.0,37151000.0,1216357000.0,49500000.0,49750430.0,51811721.0
Centene Corp,CNC,549300Z7JJ4TQSQGT333,1071739,2011.0,Q1TTM,2010-04-01,2011-03-31,,,1.84,1.92,,1.85,,61703000.0,96844000.0,96875000.0,-31000.0,94579000.0,2265000.0,3790254000.0,4595959000.0,155804000.0,483346000.0,3790254000.0,805705000.0,19874000.0,11897000.0,639150000.0,166555000.0,-7977000.0,158578000.0,4595959000.0,49500000.0,49750430.0,51811721.0
Centene Corp,CNC,549300Z7JJ4TQSQGT333,1071739,2012.0,Q4,2012-10-01,2012-12-31,,,0.09,0.09,,0.09,-33000.0,53068000.0,4934000.0,91934000.0,-87000000.0,9202000.0,-4268000.0,1432023000.0,1838985000.0,94128000.0,164678000.0,1432023000.0,406962000.0,5607000.0,2420000.0,258773000.0,148189000.0,-3187000.0,145002000.0,1838985000.0,2300000.0,103018732.0,107428750.0
Centene Corp,CNC,549300Z7JJ4TQSQGT333,1071739,2012.0,FY,2012-01-01,2012-12-31,2015-02-23 16:11:57+00:00,,0.86,0.02,,0.02,28000000.0,47000000.0,-11000000.0,76000000.0,-87000000.0,2000000.0,-13000000.0,6869000000.0,8110000000.0,428000000.0,677000000.0,6869000000.0,1241000000.0,20000000.0,35000000.0,1133000000.0,108000000.0,15000000.0,123000000.0,8110000000.0,2300000.0,103018732.0,107428750.0
Centene Corp,CNC,549300Z7JJ4TQSQGT333,1071739,2012.0,Q3YTD,2012-01-01,2012-09-30,,,-0.14,-0.14,-0.02,-0.14,28033000.0,-6068000.0,-15934000.0,-15934000.0,,-7202000.0,-8732000.0,5436977000.0,6271015000.0,333872000.0,512322000.0,5436977000.0,834038000.0,14393000.0,32580000.0,874227000.0,-40189000.0,18187000.0,-22002000.0,6271015000.0,54600000.0,51584860.0,53806197.0
Centene Corp,CNC,549300Z7JJ4TQSQGT333,1071739,2012.0,Q3TTM,2011-10-01,2012-09-30,,,0.44,0.44,-0.02,0.44,28033000.0,15403000.0,13330000.0,22630000.0,-9300000.0,22910000.0,-9580000.0,6554635000.0,7649086000.0,382598000.0,663153000.0,6554635000.0,1094451000.0,19190000.0,36556000.0,1073784000.0,20667000.0,17366000.0,38033000.0,7649086000.0,54600000.0,51584860.0,53806197.0
Centene Corp,CNC,549300Z7JJ4TQSQGT333,1071739,2012.0,Q3,2012-07-01,2012-09-30,2013-10-21 18:56:05+00:00,,0.07,0.07,,0.07,0.0,-9547000.0,295000.0,295000.0,,3819000.0,-3524000.0,2058743000.0,2448121000.0,235946000.0,181073000.0,2058743000.0,389378000.0,4855000.0,23244000.0,417019000.0,-27641000.0,18389000.0,-9252000.0,2448121000.0,54600000.0,51584860.0,53806197.0
Centene Corp,CNC,549300Z7JJ4TQSQGT333,1071739,2012.0,Q2YTD,2012-01-01,2012-06-30,,,-0.21,-0.21,-0.02,-0.21,28033000.0,3479000.0,-16229000.0,-16229000.0,,-11021000.0,-5208000.0,3378234000.0,3822894000.0,97926000.0,331249000.0,3378234000.0,444660000.0,9538000.0,9336000.0,457208000.0,-12548000.0,-202000.0,-12750000.0,3822894000.0,51500000.0,51515895.0,51515895.0
Centene Corp,CNC,549300Z7JJ4TQSQGT333,1071739,2012.0,Q2TTM,2011-07-01,2012-06-30,,,0.93,0.93,-0.03,0.93,28033000.0,43409000.0,41248000.0,50548000.0,-9300000.0,48078000.0,-6830000.0,5569441000.0,6503000000.0,183657000.0,625014000.0,5569441000.0,933559000.0,18907000.0,16009000.0,836704000.0,96855000.0,-2898000.0,93957000.0,6503000000.0,51500000.0,51515895.0,51515895.0
Centene Corp,CNC,549300Z7JJ4TQSQGT333,1071739,2012.0,Q2,2012-04-01,2012-06-30,2013-07-22 19:05:14+00:00,,-0.68,-0.68,,-0.68,28033000.0,-8608000.0,-38832000.0,-38832000.0,,-34999000.0,-3833000.0,1912221000.0,2110746000.0,49176000.0,168062000.0,1912221000.0,198525000.0,4739000.0,4045000.0,245271000.0,-46746000.0,-694000.0,-47440000.0,2110746000.0,51500000.0,51515895.0,51515895.0
Centene Corp,CNC,549300Z7JJ4TQSQGT333,1071739,2012.0,Q1TTM,2011-04-01,2012-03-31,,,2.18,2.18,-0.02,2.18,,68446000.0,108143000.0,117443000.0,-9300000.0,111451000.0,-3308000.0,4736652000.0,5707268000.0,171715000.0,599997000.0,4736652000.0,970616000.0,27912000.0,14897000.0,771712000.0,198904000.0,-13015000.0,185889000.0,5707268000.0,51000000.0,51125674.0,53509243.0
Centene Corp,CNC,549300Z7JJ4TQSQGT333,1071739,2012.0,Q1,2012-01-01,2012-03-31,2013-04-23 06:16:12+00:00,,0.47,0.47,,0.45,,12087000.0,22603000.0,22603000.0,,23978000.0,-1375000.0,1466013000.0,1712148000.0,48750000.0,163187000.0,1466013000.0,246135000.0,4799000.0,5291000.0,211937000.0,34198000.0,492000.0,34690000.0,1712148000.0,51000000.0,51125674.0,53509243.0
Centene Corp,CNC,549300Z7JJ4TQSQGT333,1071739,2013.0,FY,2013-01-01,2013-12-31,2016-02-22 10:30:51+00:00,,1.49,1.52,,1.47,,107000000.0,166000000.0,162000000.0,4000000.0,165000000.0,1000000.0,9322000000.0,10863000000.0,333000000.0,931000000.0,9322000000.0,1541000000.0,27000000.0,19000000.0,1264000000.0,277000000.0,-8000000.0,269000000.0,10863000000.0,110700000.0,108253090.0,112494346.0
Centene Corp,CNC,549300Z7JJ4TQSQGT333,1071739,2013.0,Q4,2013-10-01,2013-12-31,,,0.49,0.49,-0.02,0.49,,34064000.0,55164000.0,49770000.0,5394000.0,53141000.0,2023000.0,2520711000.0,2931411000.0,70812000.0,255217000.0,2520711000.0,410700000.0,6739000.0,5902000.0,326029000.0,84671000.0,-837000.0,83834000.0,2931411000.0,110700000.0,108253090.0,112494346.0
Centene Corp,CNC,549300Z7JJ4TQSQGT333,1071739,2013.0,Q3YTD,2013-01-01,2013-09-30,,,2.05,2.05,-0.11,2.05,,72936000.0,110836000.0,112230000.0,-1394000.0,111859000.0,-1023000.0,6801289000.0,7931589000.0,262188000.0,675783000.0,6801289000.0,1130300000.0,20261000.0,13098000.0,937971000.0,192329000.0,-7163000.0,185166000.0,7931589000.0,54900000.0,54679660.0,56933056.0
Centene Corp,CNC,549300Z7JJ4TQSQGT333,1071739,2013.0,Q3TTM,2012-10-01,2013-09-30,,,2.21,2.21,-0.11,2.21,-33000.0,126004000.0,115770000.0,204164000.0,-88394000.0,121061000.0,-5291000.0,8233312000.0,9770574000.0,356316000.0,840461000.0,8233312000.0,1537262000.0,25868000.0,15518000.0,1196744000.0,340518000.0,-10350000.0,330168000.0,9770574000.0,54900000.0,54679660.0,56933056.0
Centene Corp,CNC,549300Z7JJ4TQSQGT333,1071739,2013.0,Q3,2013-07-01,2013-09-30,2014-10-27 17:56:35+00:00,,0.9,0.9,,0.87,,32280000.0,48914000.0,49866000.0,-952000.0,49373000.0,-459000.0,2394095000.0,2795568000.0,68453000.0,249028000.0,2394095000.0,401473000.0,6603000.0,4757000.0,317481000.0,83992000.0,-1846000.0,82146000.0,2795568000.0,54900000.0,54679660.0,56933056.0
Centene Corp,CNC,549300Z7JJ4TQSQGT333,1071739,2013.0,Q2YTD,2013-01-01,2013-06-30,,,1.15,1.15,-0.07,1.15,,40656000.0,61922000.0,62364000.0,-442000.0,62486000.0,-564000.0,4407194000.0,5136021000.0,193735000.0,426755000.0,4407194000.0,728827000.0,13658000.0,8341000.0,620490000.0,108337000.0,-5317000.0,103020000.0,5136021000.0,54800000.0,54529036.0,56601660.0
Centene Corp,CNC,549300Z7JJ4TQSQGT333,1071739,2013.0,Q2TTM,2012-07-01,2013-06-30,,,1.38,1.38,-0.07,1.38,-33000.0,84177000.0,67151000.0,154593000.0,-87442000.0,75507000.0,-8356000.0,7897960000.0,9423127000.0,523809000.0,772506000.0,7897960000.0,1525167000.0,24120000.0,34005000.0,1296282000.0,228885000.0,9885000.0,238770000.0,9423127000.0,54800000.0,54529036.0,56601660.0
Centene Corp,CNC,549300Z7JJ4TQSQGT333,1071739,2013.0,Q2,2013-04-01,2013-06-30,2014-07-21 18:08:13+00:00,,0.72,0.72,,0.7,,25966000.0,39011000.0,39816000.0,-805000.0,39484000.0,-473000.0,2227583000.0,2610539000.0,90760000.0,223459000.0,2227583000.0,382956000.0,7033000.0,4078000.0,314219000.0,68737000.0,-2955000.0,65782000.0,2610539000.0,54800000.0,54529036.0,56601660.0
Centene Corp,CNC,549300Z7JJ4TQSQGT333,1071739,2013.0,Q1TTM,2012-04-01,2013-03-31,,,0.02,0.02,-0.02,0.02,28000000.0,49603000.0,-10692000.0,75945000.0,-86637000.0,1024000.0,-11716000.0,7582598000.0,8923334000.0,482225000.0,717109000.0,7582598000.0,1340736000.0,21826000.0,33972000.0,1227334000.0,113402000.0,12146000.0,125548000.0,8923334000.0,52300000.0,52357119.0,54266928.0
Centene Corp,CNC,549300Z7JJ4TQSQGT333,1071739,2013.0,Q1,2013-01-01,2013-03-31,2014-04-21 18:48:55+00:00,,0.44,0.44,,0.42,,14690000.0,22911000.0,22548000.0,363000.0,23002000.0,-91000.0,2179611000.0,2525482000.0,102975000.0,203296000.0,2179611000.0,345871000.0,6625000.0,4263000.0,306271000.0,39600000.0,-2362000.0,37238000.0,2525482000.0,52300000.0,52357119.0,54266928.0
Centene Corp,CNC,549300Z7JJ4TQSQGT333,1071739,2014.0,FY,2014-01-01,2014-12-31,2017-02-21 16:40:20+00:00,16000000.0,2.3,2.33,,2.25,,196000000.0,264000000.0,261000000.0,3000000.0,271000000.0,-7000000.0,13958000000.0,16560000000.0,824000000.0,1298000000.0,13958000000.0,2602000000.0,35000000.0,28000000.0,2138000000.0,464000000.0,-7000000.0,457000000.0,16560000000.0,117800000.0,116345764.0,120360212.0
Centene Corp,CNC,549300Z7JJ4TQSQGT333,1071739,2014.0,Q4,2014-10-01,2014-12-31,,16000000.0,0.92,0.92,0.04,0.92,,89000000.0,105000000.0,104000000.0,1000000.0,107000000.0,-2000000.0,3930000000.0,4724000000.0,238000000.0,347000000.0,3930000000.0,794000000.0,10000000.0,10000000.0,601000000.0,193000000.0,,193000000.0,4724000000.0,117800000.0,116345764.0,120360212.0
Centene Corp,CNC,549300Z7JJ4TQSQGT333,1071739,2014.0,Q3,2014-07-01,2014-09-30,2015-10-26 17:49:41+00:00,,0.7,0.7,,0.68,,27000000.0,79000000.0,78000000.0,1000000.0,82000000.0,-3000000.0,3717000000.0,4352000000.0,193000000.0,334000000.0,3717000000.0,635000000.0,9000000.0,6000000.0,527000000.0,108000000.0,-3000000.0,105000000.0,4352000000.0,117100000.0,117226968.0,121363750.0
Centene Corp,CNC,549300Z7JJ4TQSQGT333,1071739,2014.0,Q3YTD,2014-01-01,2014-09-30,,,1.4,1.4,-0.04,1.4,,107000000.0,159000000.0,157000000.0,2000000.0,164000000.0,-5000000.0,10028000000.0,11836000000.0,586000000.0,951000000.0,10028000000.0,1808000000.0,25000000.0,18000000.0,1537000000.0,271000000.0,-7000000.0,264000000.0,11836000000.0,117100000.0,117226968.0,121363750.0
Centene Corp,CNC,549300Z7JJ4TQSQGT333,1071739,2014.0,Q3TTM,2013-10-01,2014-09-30,,,1.85,1.85,-0.06,1.85,,141064000.0,214164000.0,206770000.0,7394000.0,217141000.0,-2977000.0,12548711000.0,14767411000.0,656812000.0,1206217000.0,12548711000.0,2218700000.0,31739000.0,23902000.0,1863029000.0,355671000.0,-7837000.0,347834000.0,14767411000.0,117100000.0,117226968.0,121363750.0
Centene Corp,CNC,549300Z7JJ4TQSQGT333,1071739,2014.0,Q2YTD,2014-01-01,2014-06-30,,,0.71,0.71,-0.04,0.71,,80000000.0,80000000.0,79000000.0,1000000.0,82000000.0,-2000000.0,6311000000.0,7484000000.0,393000000.0,617000000.0,6311000000.0,1173000000.0,16000000.0,12000000.0,1010000000.0,163000000.0,-4000000.0,159000000.0,7484000000.0,116700000.0,115517366.0,119434516.0
Centene Corp,CNC,549300Z7JJ4TQSQGT333,1071739,2014.0,Q2TTM,2013-07-01,2014-06-30,,,1.6,1.6,-0.08,1.6,,146344000.0,184078000.0,178636000.0,5442000.0,184514000.0,-436000.0,11225806000.0,13210979000.0,532265000.0,1121245000.0,11225806000.0,1985173000.0,29342000.0,22659000.0,1653510000.0,331663000.0,-6683000.0,324980000.0,13210979000.0,116700000.0,115517366.0,119434516.0
Centene Corp,CNC,549300Z7JJ4TQSQGT333,1071739,2014.0,Q2,2014-04-01,2014-06-30,2015-07-27 18:24:47+00:00,,0.42,0.42,,0.41,,45000000.0,48000000.0,46000000.0,2000000.0,49000000.0,-1000000.0,3326000000.0,4024000000.0,284000000.0,321000000.0,3326000000.0,698000000.0,9000000.0,7000000.0,605000000.0,93000000.0,-2000000.0,91000000.0,4024000000.0,116700000.0,115517366.0,119434516.0
Centene Corp,CNC,549300Z7JJ4TQSQGT333,1071739,2014.0,Q1TTM,2013-04-01,2014-03-31,,,1.52,1.52,-0.11,1.52,,127310000.0,175089000.0,172452000.0,2637000.0,174998000.0,91000.0,10127389000.0,11797518000.0,339025000.0,1023704000.0,10127389000.0,1670129000.0,27375000.0,19737000.0,1362729000.0,307400000.0,-7638000.0,299762000.0,11797518000.0,113800000.0,114967752.0,118722532.0
Centene Corp,CNC,549300Z7JJ4TQSQGT333,1071739,2014.0,Q1,2014-01-01,2014-03-31,2015-04-27 19:06:04+00:00,,0.29,0.29,,0.28,,35000000.0,32000000.0,33000000.0,-1000000.0,33000000.0,-1000000.0,2985000000.0,3460000000.0,109000000.0,296000000.0,2985000000.0,475000000.0,7000000.0,5000000.0,405000000.0,70000000.0,-2000000.0,68000000.0,3460000000.0,113800000.0,114967752.0,118722532.0
Centene Corp,CNC,549300Z7JJ4TQSQGT333,1071739,2015.0,FY,2015-01-01,2015-12-31,2018-02-20 16:27:58+00:00,24000000.0,2.98,2.98,,2.88,,339000000.0,357000000.0,358000000.0,,355000000.0,2000000.0,18863000000.0,22760000000.0,1366000000.0,1802000000.0,18863000000.0,3897000000.0,43000000.0,35000000.0,3192000000.0,705000000.0,-8000000.0,697000000.0,22760000000.0,119101000.0,119101000.0,119101000.0
Centene Corp,CNC,549300Z7JJ4TQSQGT333,1071739,2015.0,Q3,2015-07-01,2015-09-30,2016-10-24 20:17:57+00:00,6000000.0,0.78,0.78,,0.76,,87000000.0,94000000.0,93000000.0,1000000.0,93000000.0,1000000.0,4846000000.0,5821000000.0,328000000.0,458000000.0,4846000000.0,975000000.0,11000000.0,8000000.0,792000000.0,183000000.0,-3000000.0,180000000.0,5821000000.0,119200000.0,119121524.0,123131810.0
Centene Corp,CNC,549300Z7JJ4TQSQGT333,1071739,2015.0,Q3YTD,2015-01-01,2015-09-30,,18000000.0,2.05,2.05,,2.05,,234000000.0,246000000.0,246000000.0,,244000000.0,2000000.0,13709000000.0,16458000000.0,955000000.0,1291000000.0,13709000000.0,2749000000.0,32000000.0,27000000.0,2264000000.0,485000000.0,-5000000.0,480000000.0,16458000000.0,119200000.0,119121524.0,123131810.0
Centene Corp,CNC,549300Z7JJ4TQSQGT333,1071739,2015.0,Q3TTM,2014-10-01,2015-09-30,,34000000.0,2.95,2.95,0.04,2.95,,323000000.0,351000000.0,350000000.0,1000000.0,351000000.0,,17639000000.0,21182000000.0,1193000000.0,1638000000.0,17639000000.0,3543000000.0,42000000.0,37000000.0,2865000000.0,678000000.0,-5000000.0,673000000.0,21182000000.0,119200000.0,119121524.0,123131810.0
Centene Corp,CNC,549300Z7JJ4TQSQGT333,1071739,2015.0,Q2,2015-04-01,2015-06-30,2016-07-25 20:12:59+00:00,5000000.0,0.74,0.74,,0.72,,84000000.0,88000000.0,88000000.0,0.0,88000000.0,0.0,4600000000.0,5506000000.0,291000000.0,437000000.0,4600000000.0,906000000.0,11000000.0,10000000.0,733000000.0,173000000.0,-1000000.0,172000000.0,5506000000.0,118900000.0,119003569.0,122965011.0
Centene Corp,CNC,549300Z7JJ4TQSQGT333,1071739,2015.0,Q2YTD,2015-01-01,2015-06-30,,12000000.0,1.27,1.27,,1.27,,147000000.0,152000000.0,153000000.0,-1000000.0,151000000.0,1000000.0,8863000000.0,10637000000.0,627000000.0,833000000.0,8863000000.0,1774000000.0,21000000.0,19000000.0,1472000000.0,302000000.0,-2000000.0,300000000.0,10637000000.0,118900000.0,119003569.0,122965011.0
Centene Corp,CNC,549300Z7JJ4TQSQGT333,1071739,2015.0,Q2TTM,2014-07-01,2015-06-30,,28000000.0,2.86,2.86,0.04,2.86,,263000000.0,336000000.0,335000000.0,1000000.0,340000000.0,-4000000.0,16510000000.0,19713000000.0,1058000000.0,1514000000.0,16510000000.0,3203000000.0,40000000.0,35000000.0,2600000000.0,603000000.0,-5000000.0,598000000.0,19713000000.0,118900000.0,119003569.0,122965011.0
Centene Corp,CNC,549300Z7JJ4TQSQGT333,1071739,2015.0,Q1,2015-01-01,2015-03-31,2016-04-25 21:06:02+00:00,7000000.0,0.53,0.53,,0.51,,63000000.0,64000000.0,65000000.0,-1000000.0,63000000.0,1000000.0,4263000000.0,5131000000.0,336000000.0,396000000.0,4263000000.0,868000000.0,10000000.0,9000000.0,739000000.0,129000000.0,-1000000.0,128000000.0,5131000000.0,118900000.0,118783755.0,122572366.0
Centene Corp,CNC,549300Z7JJ4TQSQGT333,1071739,2015.0,Q1TTM,2014-04-01,2015-03-31,,23000000.0,2.53,2.53,0.04,2.53,,224000000.0,296000000.0,293000000.0,3000000.0,301000000.0,-5000000.0,15236000000.0,18231000000.0,1051000000.0,1398000000.0,15236000000.0,2995000000.0,38000000.0,32000000.0,2472000000.0,523000000.0,-6000000.0,517000000.0,18231000000.0,118900000.0,118783755.0,122572366.0
Centene Corp,CNC,549300Z7JJ4TQSQGT333,1071739,2016.0,FY,2016-01-01,2016-12-31,2019-02-19 17:08:14+00:00,147000000.0,1.76,1.76,,1.71,,599000000.0,561000000.0,561000000.0,,562000000.0,-1000000.0,32500000000.0,40607000000.0,3024000000.0,3673000000.0,32500000000.0,8107000000.0,217000000.0,114000000.0,6844000000.0,1263000000.0,-103000000.0,1160000000.0,40607000000.0,319135000.0,319135000.0,319135000.0
Centene Corp,CNC,549300Z7JJ4TQSQGT333,1071739,2016.0,Q4,2016-10-01,2016-12-31,,52000000.0,0.82,0.82,,0.82,,227000000.0,259000000.0,256000000.0,3000000.0,261000000.0,-2000000.0,9042000000.0,11911000000.0,1231000000.0,1062000000.0,9042000000.0,2869000000.0,75000000.0,34000000.0,2345000000.0,524000000.0,-41000000.0,483000000.0,11911000000.0,319135000.0,319135000.0,319135000.0
Centene Corp,CNC,549300Z7JJ4TQSQGT333,1071739,2016.0,Q3,2016-07-01,2016-09-30,2017-10-23 18:37:41+00:00,43000000.0,0.86,0.86,,0.84,,169000000.0,148000000.0,149000000.0,-1000000.0,147000000.0,1000000.0,8880000000.0,10846000000.0,641000000.0,940000000.0,8880000000.0,1966000000.0,57000000.0,33000000.0,1624000000.0,342000000.0,-24000000.0,318000000.0,10846000000.0,170775000.0,170775000.0,170775000.0
Centene Corp,CNC,549300Z7JJ4TQSQGT333,1071739,2016.0,Q3YTD,2016-01-01,2016-09-30,,95000000.0,1.76,1.76,0.08,1.76,,372000000.0,302000000.0,305000000.0,-3000000.0,301000000.0,1000000.0,23458000000.0,28696000000.0,1793000000.0,2611000000.0,23458000000.0,5238000000.0,142000000.0,80000000.0,4499000000.0,739000000.0,-62000000.0,677000000.0,28696000000.0,170775000.0,170775000.0,170775000.0
Centene Corp,CNC,549300Z7JJ4TQSQGT333,1071739,2016.0,Q3TTM,2015-10-01,2016-09-30,,101000000.0,2.41,2.41,0.08,2.41,,477000000.0,413000000.0,417000000.0,-3000000.0,412000000.0,1000000.0,28612000000.0,34998000000.0,2204000000.0,3122000000.0,28612000000.0,6386000000.0,153000000.0,88000000.0,5427000000.0,959000000.0,-65000000.0,894000000.0,34998000000.0,170775000.0,170775000.0,170775000.0
Centene Corp,CNC,549300Z7JJ4TQSQGT333,1071739,2016.0,Q2,2016-04-01,2016-06-30,2017-07-24 19:21:02+00:00,43000000.0,1.0,1.0,,0.97,,187000000.0,169000000.0,170000000.0,-1000000.0,170000000.0,-1000000.0,8900000000.0,10897000000.0,628000000.0,949000000.0,8900000000.0,1997000000.0,52000000.0,32000000.0,1620000000.0,377000000.0,-20000000.0,357000000.0,10897000000.0,170559000.0,170559000.0,170559000.0
Centene Corp,CNC,549300Z7JJ4TQSQGT333,1071739,2016.0,Q2YTD,2016-01-01,2016-06-30,,52000000.0,0.9,0.9,,0.9,,203000000.0,154000000.0,156000000.0,-2000000.0,154000000.0,,14578000000.0,17850000000.0,1152000000.0,1671000000.0,14578000000.0,3272000000.0,85000000.0,47000000.0,2875000000.0,397000000.0,-38000000.0,359000000.0,17850000000.0,170559000.0,170559000.0,170559000.0
Centene Corp,CNC,549300Z7JJ4TQSQGT333,1071739,2016.0,Q2TTM,2015-07-01,2016-06-30,,64000000.0,2.1,2.1,,2.1,,395000000.0,359000000.0,361000000.0,-1000000.0,358000000.0,1000000.0,24578000000.0,29973000000.0,1891000000.0,2640000000.0,24578000000.0,5395000000.0,107000000.0,63000000.0,4595000000.0,800000000.0,-44000000.0,756000000.0,29973000000.0,170559000.0,170559000.0,170559000.0
Centene Corp,CNC,549300Z7JJ4TQSQGT333,1071739,2016.0,Q1,2016-01-01,2016-03-31,2017-04-24 20:48:06+00:00,9000000.0,-0.13,-0.13,,-0.13,,16000000.0,-15000000.0,-14000000.0,-1000000.0,-16000000.0,1000000.0,5678000000.0,6953000000.0,524000000.0,722000000.0,5678000000.0,1275000000.0,33000000.0,15000000.0,1255000000.0,20000000.0,-18000000.0,2000000.0,6953000000.0,123100000.0,125543076.0,125543076.0
Centene Corp,CNC,549300Z7JJ4TQSQGT333,1071739,2016.0,Q1TTM,2015-04-01,2016-03-31,,26000000.0,2.2,2.2,,2.2,,292000000.0,278000000.0,279000000.0,,276000000.0,2000000.0,20278000000.0,24582000000.0,1554000000.0,2128000000.0,20278000000.0,4304000000.0,66000000.0,41000000.0,3708000000.0,596000000.0,-25000000.0,571000000.0,24582000000.0,123100000.0,125543076.0,125543076.0
Centene Corp,CNC,549300Z7JJ4TQSQGT333,1071739,2017.0,FY,2017-01-01,2017-12-31,2020-02-18 17:17:30+00:00,156000000.0,2.4,2.4,,2.34,0.0,326000000.0,808000000.0,808000000.0,,828000000.0,-20000000.0,39698000000.0,48382000000.0,2883000000.0,4446000000.0,39698000000.0,8684000000.0,255000000.0,190000000.0,7485000000.0,1199000000.0,-65000000.0,1134000000.0,48382000000.0,345000000.0,344853000.0,353404000.0
Centene Corp,CNC,549300Z7JJ4TQSQGT333,1071739,2017.0,Q4,2017-10-01,2017-12-31,,39000000.0,0.67,0.67,0.1,0.67,,-55000000.0,223000000.0,223000000.0,,230000000.0,-7000000.0,10086000000.0,12806000000.0,1240000000.0,1260000000.0,10086000000.0,2720000000.0,66000000.0,53000000.0,2539000000.0,181000000.0,-13000000.0,168000000.0,12806000000.0,345000000.0,344853000.0,353404000.0
Centene Corp,CNC,549300Z7JJ4TQSQGT333,1071739,2017.0,Q3,2017-07-01,2017-09-30,2018-10-22 20:44:00+00:00,38000000.0,1.19,1.19,,1.16,,125000000.0,201000000.0,201000000.0,,205000000.0,-4000000.0,9980000000.0,11898000000.0,510000000.0,1030000000.0,9980000000.0,1918000000.0,65000000.0,51000000.0,1578000000.0,340000000.0,-14000000.0,326000000.0,11898000000.0,172508000.0,172508000.0,172508000.0
Centene Corp,CNC,549300Z7JJ4TQSQGT333,1071739,2017.0,Q3YTD,2017-01-01,2017-09-30,,117000000.0,3.47,3.47,0.19,3.47,,381000000.0,585000000.0,585000000.0,,598000000.0,-13000000.0,29612000000.0,35576000000.0,1643000000.0,3186000000.0,29612000000.0,5964000000.0,189000000.0,137000000.0,4946000000.0,1018000000.0,-52000000.0,966000000.0,35576000000.0,172508000.0,172508000.0,172508000.0
Centene Corp,CNC,549300Z7JJ4TQSQGT333,1071739,2017.0,Q3TTM,2016-10-01,2017-09-30,,169000000.0,4.98,4.98,0.19,4.98,,608000000.0,844000000.0,841000000.0,3000000.0,859000000.0,-15000000.0,38654000000.0,47487000000.0,2874000000.0,4248000000.0,38654000000.0,8833000000.0,264000000.0,171000000.0,7291000000.0,1542000000.0,-93000000.0,1449000000.0,47487000000.0,172508000.0,172508000.0,172508000.0
Centene Corp,CNC,549300Z7JJ4TQSQGT333,1071739,2017.0,Q2,2017-04-01,2017-06-30,2018-07-23 19:18:35+00:00,39000000.0,1.47,1.47,,1.44,,169000000.0,252000000.0,252000000.0,,254000000.0,-2000000.0,9869000000.0,11954000000.0,543000000.0,1065000000.0,9869000000.0,2085000000.0,62000000.0,45000000.0,1647000000.0,438000000.0,-17000000.0,421000000.0,11954000000.0,172357000.0,172357000.0,172357000.0
Centene Corp,CNC,549300Z7JJ4TQSQGT333,1071739,2017.0,Q2YTD,2017-01-01,2017-06-30,,79000000.0,2.28,2.28,,2.28,,256000000.0,384000000.0,384000000.0,,393000000.0,-9000000.0,19632000000.0,23678000000.0,1133000000.0,2156000000.0,19632000000.0,4046000000.0,124000000.0,86000000.0,3368000000.0,678000000.0,-38000000.0,640000000.0,23678000000.0,172357000.0,172357000.0,172357000.0
Centene Corp,CNC,549300Z7JJ4TQSQGT333,1071739,2017.0,Q2TTM,2016-07-01,2017-06-30,,174000000.0,4.65,4.65,0.08,4.65,,652000000.0,791000000.0,789000000.0,2000000.0,801000000.0,-10000000.0,37554000000.0,46435000000.0,3005000000.0,4158000000.0,37554000000.0,8881000000.0,256000000.0,153000000.0,7337000000.0,1544000000.0,-103000000.0,1441000000.0,46435000000.0,172357000.0,172357000.0,172357000.0
Centene Corp,CNC,549300Z7JJ4TQSQGT333,1071739,2017.0,Q1,2017-01-01,2017-03-31,2018-04-23 20:26:19+00:00,40000000.0,0.81,0.81,,0.79,,87000000.0,132000000.0,132000000.0,,139000000.0,-7000000.0,9763000000.0,11724000000.0,590000000.0,1091000000.0,9763000000.0,1961000000.0,62000000.0,41000000.0,1721000000.0,240000000.0,-21000000.0,219000000.0,11724000000.0,172074000.0,172074000.0,172074000.0
Centene Corp,CNC,549300Z7JJ4TQSQGT333,1071739,2017.0,Q1TTM,2016-04-01,2017-03-31,,178000000.0,4.17,4.17,0.08,4.17,,670000000.0,708000000.0,707000000.0,1000000.0,717000000.0,-9000000.0,36585000000.0,45378000000.0,3090000000.0,4042000000.0,36585000000.0,8793000000.0,246000000.0,140000000.0,7310000000.0,1483000000.0,-106000000.0,1377000000.0,45378000000.0,172074000.0,172074000.0,172074000.0
Centene Corp,CNC,549300Z7JJ4TQSQGT333,1071739,2018.0,FY,2018-01-01,2018-12-31,2020-02-18 17:17:30+00:00,211000000.0,2.31,2.31,,2.26,0.0,474000000.0,894000000.0,894000000.0,,900000000.0,-6000000.0,48443000000.0,60116000000.0,3961000000.0,6043000000.0,48443000000.0,11673000000.0,343000000.0,253000000.0,10215000000.0,1458000000.0,-90000000.0,1368000000.0,60116000000.0,389600000.0,390248000.0,398506000.0
Centene Corp,CNC,549300Z7JJ4TQSQGT333,1071739,2018.0,Q4,2018-10-01,2018-12-31,,62000000.0,0.62,0.62,0.03,0.62,,116000000.0,241000000.0,241000000.0,,241000000.0,,13575000000.0,16559000000.0,978000000.0,1556000000.0,13575000000.0,2984000000.0,98000000.0,67000000.0,2596000000.0,388000000.0,-31000000.0,357000000.0,16559000000.0,389600000.0,390248000.0,398506000.0
Centene Corp,CNC,549300Z7JJ4TQSQGT333,1071739,2018.0,Q3,2018-07-01,2018-09-30,2019-10-21 21:50:02+00:00,65000000.0,0.05,0.05,,0.05,0.0,8000000.0,16000000.0,16000000.0,,19000000.0,-3000000.0,13248000000.0,16182000000.0,894000000.0,1934000000.0,13248000000.0,2934000000.0,97000000.0,80000000.0,2893000000.0,41000000.0,-17000000.0,24000000.0,16182000000.0,380000000.0,410591000.0,419043000.0
Centene Corp,CNC,549300Z7JJ4TQSQGT333,1071739,2018.0,Q3YTD,2018-01-01,2018-09-30,,149000000.0,1.61,1.61,0.15,1.61,,358000000.0,653000000.0,653000000.0,,659000000.0,-6000000.0,34868000000.0,43557000000.0,2983000000.0,4487000000.0,34868000000.0,8689000000.0,245000000.0,186000000.0,7619000000.0,1070000000.0,-59000000.0,1011000000.0,43557000000.0,380000000.0,410591000.0,419043000.0
Centene Corp,CNC,549300Z7JJ4TQSQGT333,1071739,2018.0,Q3TTM,2017-10-01,2018-09-30,,188000000.0,2.17,2.17,0.23,2.17,,303000000.0,876000000.0,876000000.0,,889000000.0,-13000000.0,44954000000.0,56363000000.0,4223000000.0,5747000000.0,44954000000.0,11409000000.0,311000000.0,239000000.0,10158000000.0,1251000000.0,-72000000.0,1179000000.0,56363000000.0,380000000.0,410591000.0,419043000.0
Centene Corp,CNC,549300Z7JJ4TQSQGT333,1071739,2018.0,Q2,2018-04-01,2018-06-30,2019-07-22 21:19:59+00:00,45000000.0,0.77,0.77,,0.75,,175000000.0,299000000.0,299000000.0,,300000000.0,-1000000.0,11038000000.0,14181000000.0,1372000000.0,1237000000.0,11038000000.0,3143000000.0,80000000.0,65000000.0,2654000000.0,489000000.0,-15000000.0,474000000.0,14181000000.0,389600000.0,391037000.0,398902000.0
Centene Corp,CNC,549300Z7JJ4TQSQGT333,1071739,2018.0,Q2YTD,2018-01-01,2018-06-30,,84000000.0,1.64,1.64,0.16,1.64,,350000000.0,637000000.0,637000000.0,,640000000.0,-3000000.0,21620000000.0,27375000000.0,2089000000.0,2553000000.0,21620000000.0,5755000000.0,148000000.0,106000000.0,4726000000.0,1029000000.0,-42000000.0,987000000.0,27375000000.0,389600000.0,391037000.0,398902000.0
Centene Corp,CNC,549300Z7JJ4TQSQGT333,1071739,2018.0,Q2TTM,2017-07-01,2018-06-30,,161000000.0,2.75,2.75,0.33,2.75,,420000000.0,1061000000.0,1061000000.0,,1075000000.0,-14000000.0,41686000000.0,52079000000.0,3839000000.0,4843000000.0,41686000000.0,10393000000.0,279000000.0,210000000.0,8843000000.0,1550000000.0,-69000000.0,1481000000.0,52079000000.0,389600000.0,391037000.0,398902000.0
Centene Corp,CNC,549300Z7JJ4TQSQGT333,1071739,2018.0,Q1,2018-01-01,2018-03-31,2019-04-22 20:16:38+00:00,39000000.0,0.98,0.98,,0.96,,175000000.0,338000000.0,338000000.0,,340000000.0,-2000000.0,10582000000.0,13194000000.0,717000000.0,1316000000.0,10582000000.0,2612000000.0,68000000.0,41000000.0,2072000000.0,540000000.0,-27000000.0,513000000.0,13194000000.0,346900000.0,347843000.0,355380000.0
Centene Corp,CNC,549300Z7JJ4TQSQGT333,1071739,2018.0,Q1TTM,2017-04-01,2018-03-31,,155000000.0,2.96,2.96,0.19,2.96,,414000000.0,1014000000.0,1014000000.0,,1029000000.0,-15000000.0,40517000000.0,49852000000.0,3010000000.0,4671000000.0,40517000000.0,9335000000.0,261000000.0,190000000.0,7836000000.0,1499000000.0,-71000000.0,1428000000.0,49852000000.0,346900000.0,347843000.0,355380000.0
Centene Corp,CNC,549300Z7JJ4TQSQGT333,1071739,2019.0,Q4,2019-10-01,2019-12-31,,64000000.0,0.51,0.51,,0.51,,58000000.0,202000000.0,202000000.0,,209000000.0,-7000000.0,15907000000.0,18863000000.0,882000000.0,1733000000.0,15907000000.0,2956000000.0,143000000.0,126000000.0,2679000000.0,277000000.0,-17000000.0,260000000.0,18863000000.0,414100000.0,413487000.0,420409000.0
Centene Corp,CNC,549300Z7JJ4TQSQGT333,1071739,2019.0,FY,2019-01-01,2019-12-31,2020-02-18 17:17:30+00:00,258000000.0,3.19,3.19,,3.14,271000000.0,473000000.0,1309000000.0,1309000000.0,,1321000000.0,-12000000.0,61327000000.0,74639000000.0,4469000000.0,6533000000.0,61327000000.0,13312000000.0,442000000.0,443000000.0,11531000000.0,1781000000.0,1000000.0,1782000000.0,74639000000.0,414100000.0,413487000.0,420409000.0
Centene Corp,CNC,549300Z7JJ4TQSQGT333,1071739,2019.0,Q3YTD,2019-01-01,2019-09-30,,194000000.0,2.69,2.69,,2.69,271000000.0,415000000.0,1107000000.0,1107000000.0,,1112000000.0,-5000000.0,45420000000.0,55776000000.0,3587000000.0,4800000000.0,45420000000.0,10356000000.0,299000000.0,317000000.0,8852000000.0,1504000000.0,18000000.0,1522000000.0,55776000000.0,413000000.0,413616000.0,419956000.0
Centene Corp,CNC,549300Z7JJ4TQSQGT333,1071739,2019.0,Q3TTM,2018-10-01,2019-09-30,,256000000.0,3.27,3.27,0.03,3.27,271000000.0,531000000.0,1348000000.0,1348000000.0,,1353000000.0,-5000000.0,58995000000.0,72335000000.0,4565000000.0,6356000000.0,58995000000.0,13340000000.0,397000000.0,384000000.0,11448000000.0,1892000000.0,-13000000.0,1879000000.0,72335000000.0,413000000.0,413616000.0,419956000.0
Centene Corp,CNC,549300Z7JJ4TQSQGT333,1071739,2019.0,Q3,2019-07-01,2019-09-30,2019-10-21 21:50:02+00:00,65000000.0,0.23,0.23,,0.23,271000000.0,79000000.0,96000000.0,96000000.0,,95000000.0,1000000.0,16025000000.0,18976000000.0,822000000.0,1617000000.0,16025000000.0,2951000000.0,99000000.0,98000000.0,2775000000.0,176000000.0,-1000000.0,175000000.0,18976000000.0,413000000.0,413616000.0,419956000.0
Centene Corp,CNC,549300Z7JJ4TQSQGT333,1071739,2019.0,Q2YTD,2019-01-01,2019-06-30,,129000000.0,2.46,2.46,,2.46,,336000000.0,1011000000.0,1011000000.0,,1017000000.0,-6000000.0,29395000000.0,36800000000.0,2765000000.0,3183000000.0,29395000000.0,7405000000.0,200000000.0,219000000.0,6077000000.0,1328000000.0,19000000.0,1347000000.0,36800000000.0,412500000.0,413370000.0,419671000.0
Centene Corp,CNC,549300Z7JJ4TQSQGT333,1071739,2019.0,Q2TTM,2018-07-01,2019-06-30,,256000000.0,3.09,3.09,0.03,3.09,,460000000.0,1268000000.0,1268000000.0,,1277000000.0,-9000000.0,56218000000.0,69541000000.0,4637000000.0,6673000000.0,56218000000.0,13323000000.0,395000000.0,366000000.0,11566000000.0,1757000000.0,-29000000.0,1728000000.0,69541000000.0,412500000.0,413370000.0,419671000.0
Centene Corp,CNC,549300Z7JJ4TQSQGT333,1071739,2019.0,Q2,2019-04-01,2019-06-30,2019-07-22 21:19:59+00:00,64000000.0,1.2,1.2,,1.18,,170000000.0,492000000.0,492000000.0,,495000000.0,-3000000.0,14969000000.0,18356000000.0,1106000000.0,1574000000.0,14969000000.0,3387000000.0,101000000.0,120000000.0,2744000000.0,643000000.0,19000000.0,662000000.0,18356000000.0,412500000.0,413370000.0,419671000.0
Centene Corp,CNC,549300Z7JJ4TQSQGT333,1071739,2019.0,Q1,2019-01-01,2019-03-31,2020-04-28 07:01:33+00:00,65000000.0,1.26,1.26,,1.24,0.0,166000000.0,519000000.0,519000000.0,,522000000.0,-3000000.0,14426000000.0,18444000000.0,1659000000.0,1609000000.0,14426000000.0,4018000000.0,99000000.0,99000000.0,3333000000.0,685000000.0,,685000000.0,18444000000.0,414300000.0,412924000.0,419752000.0
Centene Corp,CNC,549300Z7JJ4TQSQGT333,1071739,2019.0,Q1TTM,2018-04-01,2019-03-31,,237000000.0,2.62,2.62,0.18,2.62,,465000000.0,1075000000.0,1075000000.0,,1082000000.0,-7000000.0,52287000000.0,65366000000.0,4903000000.0,6336000000.0,52287000000.0,13079000000.0,374000000.0,311000000.0,11476000000.0,1603000000.0,-63000000.0,1540000000.0,65366000000.0,414300000.0,412924000.0,419752000.0
Centene Corp,CNC,549300Z7JJ4TQSQGT333,1071739,2020.0,Q1TTM,2019-04-01,2020-03-31,,359000000.0,1.55,1.55,,1.55,343000000.0,392000000.0,836000000.0,836000000.0,,845000000.0,-9000000.0,68146000000.0,82220000000.0,4780000000.0,7308000000.0,68146000000.0,14074000000.0,567000000.0,511000000.0,12790000000.0,1284000000.0,-56000000.0,1228000000.0,82220000000.0,575000000.0,544436000.0,552062000.0
Centene Corp,CNC,549300Z7JJ4TQSQGT333,1071739,2020.0,Q1,2020-01-01,2020-03-31,2020-04-28 07:01:33+00:00,166000000.0,0.08,0.08,,0.08,72000000.0,85000000.0,46000000.0,46000000.0,,46000000.0,0.0,21245000000.0,26025000000.0,1970000000.0,2384000000.0,21245000000.0,4780000000.0,224000000.0,167000000.0,4592000000.0,188000000.0,-57000000.0,131000000.0,26025000000.0,575000000.0,544436000.0,552062000.0
