company_name,company_ticker,company_lei,company_cik,year,quarter,start_date,end_date,filing_date,basicdilutedeps,basiceps,dilutedeps,impairmentexpense,incometaxexpense,netincome,netincomecontinuing,netincomediscontinued,netincometocommon,netincometononcontrollinginterest,operatingcostofrevenue,operatingrevenue,otheradjustmentstoconsolidatednetincome,otherincome,otheroperatingexpenses,otherspecialcharges,rdexpense,restructuringcharge,sgaexpense,totalcostofrevenue,totalgrossprofit,totalinterestexpense,totalinterestincome,totaloperatingexpenses,totaloperatingincome,totalotherincome,totalpretaxincome,totalrevenue,weightedavebasicdilutedsharesos,weightedavebasicsharesos,weightedavedilutedsharesos
Vertex Pharmaceuticals Inc,VRTX,54930015RAQRRZ5ZGJ91,875320,2008.0,FY,2008-01-01,2008-12-31,2011-02-17 16:37:47+00:00,-3.27,-3.27,-3.27,,,-459851000.0,-459851000.0,,-459851000.0,,15686000.0,175504000.0,,,,,516912000.0,4324000.0,101290000.0,15686000.0,159818000.0,13471000.0,16328000.0,622526000.0,-462708000.0,2857000.0,-459851000.0,175504000.0,140600000.0,140556000.0,140556000.0
Vertex Pharmaceuticals Inc,VRTX,54930015RAQRRZ5ZGJ91,875320,2009.0,Q4,2009-10-01,2009-12-31,,-0.84,-0.84,-0.84,7200000.0,,-158644000.0,-158644000.0,,-158644000.0,,3647000.0,33889000.0,,-1847000.0,,,135230000.0,1957000.0,32574000.0,3647000.0,30242000.0,10405000.0,327000.0,176961000.0,-146719000.0,-11925000.0,-158644000.0,33889000.0,173100000.0,173259000.0,173259000.0
Vertex Pharmaceuticals Inc,VRTX,54930015RAQRRZ5ZGJ91,875320,2009.0,FY,2009-01-01,2009-12-31,2012-02-22 17:08:51+00:00,-3.71,-3.71,-3.71,7200000.0,,-642178000.0,-642178000.0,,-642178000.0,,14202000.0,101889000.0,,-1847000.0,,,550274000.0,14033000.0,130192000.0,14202000.0,87687000.0,31329000.0,5010000.0,701699000.0,-614012000.0,-28166000.0,-642178000.0,101889000.0,173100000.0,173259000.0,173259000.0
Vertex Pharmaceuticals Inc,VRTX,54930015RAQRRZ5ZGJ91,875320,2009.0,Q3YTD,2009-01-01,2009-09-30,,-2.87,-2.87,-2.87,,,-483534000.0,-483534000.0,,-483534000.0,,10555000.0,68000000.0,,,,,415044000.0,12076000.0,97618000.0,10555000.0,57445000.0,20924000.0,4683000.0,524738000.0,-467293000.0,-16241000.0,-483534000.0,68000000.0,178100000.0,178735000.0,178735000.0
Vertex Pharmaceuticals Inc,VRTX,54930015RAQRRZ5ZGJ91,875320,2009.0,Q3,2009-07-01,2009-09-30,2010-10-28 16:53:45+00:00,-0.84,-0.84,-0.84,,,-149565000.0,-149565000.0,,-149565000.0,,3712000.0,24957000.0,,,,,132132000.0,774000.0,36572000.0,3712000.0,21245000.0,1927000.0,595000.0,169478000.0,-148233000.0,-1332000.0,-149565000.0,24957000.0,178100000.0,178735000.0,178735000.0
Vertex Pharmaceuticals Inc,VRTX,54930015RAQRRZ5ZGJ91,875320,2009.0,Q2YTD,2009-01-01,2009-06-30,,-2.03,-2.03,-2.03,,,-333969000.0,-333969000.0,,-333969000.0,,6843000.0,43043000.0,,,,,282912000.0,11302000.0,61046000.0,6843000.0,36200000.0,18997000.0,4088000.0,355260000.0,-319060000.0,-14909000.0,-333969000.0,43043000.0,173000000.0,172563000.0,172563000.0
Vertex Pharmaceuticals Inc,VRTX,54930015RAQRRZ5ZGJ91,875320,2009.0,Q2,2009-04-01,2009-06-30,2010-08-03 16:41:27+00:00,-0.99,-0.99,-0.99,,,-171297000.0,-171297000.0,,-171297000.0,,3267000.0,19064000.0,,,,,139331000.0,1107000.0,32526000.0,3267000.0,15797000.0,15619000.0,1489000.0,172964000.0,-157167000.0,-14130000.0,-171297000.0,19064000.0,173000000.0,172563000.0,172563000.0
Vertex Pharmaceuticals Inc,VRTX,54930015RAQRRZ5ZGJ91,875320,2009.0,Q1,2009-01-01,2009-03-31,2010-05-03 16:33:34+00:00,-1.04,-1.04,-1.04,,,-162672000.0,-162672000.0,,-162672000.0,,3576000.0,23979000.0,,,,,143581000.0,10195000.0,28520000.0,3576000.0,20403000.0,3378000.0,2599000.0,182296000.0,-161893000.0,-779000.0,-162672000.0,23979000.0,156400000.0,155860000.0,155860000.0
Vertex Pharmaceuticals Inc,VRTX,54930015RAQRRZ5ZGJ91,875320,2010.0,Q4,2010-10-01,2010-12-31,,-0.9,-0.9,-0.9,,,-180392000.0,-180392000.0,,-180392000.0,,3049000.0,65524000.0,,-6595000.0,,,168888000.0,-2257000.0,62478000.0,3049000.0,62475000.0,7686000.0,523000.0,229109000.0,-166634000.0,-13758000.0,-180392000.0,65524000.0,200200000.0,200402000.0,200402000.0
Vertex Pharmaceuticals Inc,VRTX,54930015RAQRRZ5ZGJ91,875320,2010.0,FY,2010-01-01,2010-12-31,2013-03-01 16:01:47+00:00,-3.77,-3.77,-3.77,0.0,0.0,-754626000.0,-754626000.0,,-754626000.0,0.0,12730000.0,143370000.0,,-41229000.0,,,637416000.0,1501000.0,187800000.0,12730000.0,130640000.0,19275000.0,1955000.0,826717000.0,-696077000.0,-58549000.0,-754626000.0,143370000.0,200200000.0,200402000.0,200402000.0
Vertex Pharmaceuticals Inc,VRTX,54930015RAQRRZ5ZGJ91,875320,2010.0,Q3YTD,2010-01-01,2010-09-30,,-2.87,-2.87,-2.87,,,-574234000.0,-574234000.0,,-574234000.0,,9681000.0,77846000.0,,-34634000.0,,,468528000.0,3758000.0,125322000.0,9681000.0,68165000.0,11589000.0,1432000.0,597608000.0,-529443000.0,-44791000.0,-574234000.0,77846000.0,200900000.0,200887000.0,200887000.0
Vertex Pharmaceuticals Inc,VRTX,54930015RAQRRZ5ZGJ91,875320,2010.0,Q3TTM,2009-10-01,2010-09-30,,-3.71,-3.71,-3.71,7200000.0,,-732878000.0,-732878000.0,,-732878000.0,,13328000.0,111735000.0,,-36481000.0,,,603758000.0,5715000.0,157896000.0,13328000.0,98407000.0,21994000.0,1759000.0,774569000.0,-676162000.0,-56716000.0,-732878000.0,111735000.0,200900000.0,200887000.0,200887000.0
Vertex Pharmaceuticals Inc,VRTX,54930015RAQRRZ5ZGJ91,875320,2010.0,Q3,2010-07-01,2010-09-30,2011-11-03 17:16:53+00:00,-1.04,-1.04,-1.04,,,-208957000.0,-208957000.0,,-208957000.0,,3228000.0,23795000.0,,-5911000.0,,,170434000.0,866000.0,48855000.0,3228000.0,20567000.0,3951000.0,493000.0,220155000.0,-199588000.0,-9369000.0,-208957000.0,23795000.0,200900000.0,200887000.0,200887000.0
Vertex Pharmaceuticals Inc,VRTX,54930015RAQRRZ5ZGJ91,875320,2010.0,Q2YTD,2010-01-01,2010-06-30,,-1.83,-1.83,-1.83,,,-365277000.0,-365277000.0,,-365277000.0,,6453000.0,54051000.0,,-28723000.0,,,298094000.0,2892000.0,76467000.0,6453000.0,47598000.0,7638000.0,939000.0,377453000.0,-329855000.0,-35422000.0,-365277000.0,54051000.0,200000000.0,200397000.0,200397000.0
Vertex Pharmaceuticals Inc,VRTX,54930015RAQRRZ5ZGJ91,875320,2010.0,Q2TTM,2009-07-01,2010-06-30,,-3.51,-3.51,-3.51,7200000.0,,-673486000.0,-673486000.0,,-673486000.0,,13812000.0,112897000.0,,-30570000.0,,,565456000.0,5623000.0,145613000.0,13812000.0,99085000.0,19970000.0,1861000.0,723892000.0,-624807000.0,-48679000.0,-673486000.0,112897000.0,200000000.0,200397000.0,200397000.0
Vertex Pharmaceuticals Inc,VRTX,54930015RAQRRZ5ZGJ91,875320,2010.0,Q2,2010-04-01,2010-06-30,2011-08-09 16:13:29+00:00,-1.0,-1.0,-1.0,,,-200006000.0,-200006000.0,,-200006000.0,0.0,3086000.0,31622000.0,,-27234000.0,,,155082000.0,2112000.0,40915000.0,3086000.0,28536000.0,3683000.0,484000.0,198109000.0,-169573000.0,-30433000.0,-200006000.0,31622000.0,200000000.0,200397000.0,200397000.0
Vertex Pharmaceuticals Inc,VRTX,54930015RAQRRZ5ZGJ91,875320,2010.0,Q1TTM,2009-04-01,2010-03-31,,-3.5,-3.5,-3.5,7200000.0,,-644777000.0,-644777000.0,,-644777000.0,,13993000.0,100339000.0,,-3336000.0,,,549705000.0,4618000.0,137224000.0,13993000.0,86346000.0,31906000.0,2866000.0,698747000.0,-612401000.0,-32376000.0,-644777000.0,100339000.0,199100000.0,198935000.0,198935000.0
Vertex Pharmaceuticals Inc,VRTX,54930015RAQRRZ5ZGJ91,875320,2010.0,Q1,2010-01-01,2010-03-31,2011-05-06 16:18:42+00:00,-0.83,-0.83,-0.83,,,-165271000.0,-165271000.0,,-165271000.0,,3367000.0,22429000.0,,-1489000.0,,,143012000.0,780000.0,35552000.0,3367000.0,19062000.0,3955000.0,455000.0,179344000.0,-160282000.0,-4989000.0,-165271000.0,22429000.0,199100000.0,198935000.0,198935000.0
Vertex Pharmaceuticals Inc,VRTX,54930015RAQRRZ5ZGJ91,875320,2011.0,Q4,2011-10-01,2011-12-31,,0.8,0.8,0.84,,22660000.0,188141000.0,188141000.0,,158629000.0,29512000.0,30127000.0,563340000.0,,239000.0,,,186438000.0,992000.0,121881000.0,30127000.0,533213000.0,-26022000.0,-39362000.0,309311000.0,223902000.0,-13101000.0,210801000.0,563340000.0,211200000.0,204891000.0,208807000.0
Vertex Pharmaceuticals Inc,VRTX,54930015RAQRRZ5ZGJ91,875320,2011.0,FY,2011-01-01,2011-12-31,2014-02-11 16:38:29+00:00,0.14,0.14,0.14,105800000.0,19266000.0,41179000.0,41179000.0,,29574000.0,11605000.0,80505000.0,1410626000.0,,-15694000.0,,,707706000.0,2074000.0,400721000.0,80505000.0,1330121000.0,,-37681000.0,1216301000.0,113820000.0,-53375000.0,60445000.0,1410626000.0,211200000.0,204891000.0,208807000.0
Vertex Pharmaceuticals Inc,VRTX,54930015RAQRRZ5ZGJ91,875320,2011.0,Q3YTD,2011-01-01,2011-09-30,,-0.66,-0.66,-0.7,105800000.0,-3394000.0,-146962000.0,-146962000.0,,-129055000.0,-17907000.0,50378000.0,847286000.0,,-15933000.0,,,521268000.0,1082000.0,278840000.0,50378000.0,796908000.0,26022000.0,1681000.0,906990000.0,-110082000.0,-40274000.0,-150356000.0,847286000.0,208600000.0,206002000.0,219349000.0
Vertex Pharmaceuticals Inc,VRTX,54930015RAQRRZ5ZGJ91,875320,2011.0,Q3TTM,2010-10-01,2011-09-30,,-1.56,-1.56,-1.6,105800000.0,-3394000.0,-327354000.0,-327354000.0,,-309447000.0,-17907000.0,53427000.0,912810000.0,,-22528000.0,,,690156000.0,-1175000.0,341318000.0,53427000.0,859383000.0,33708000.0,2204000.0,1136099000.0,-276716000.0,-54032000.0,-330748000.0,912810000.0,208600000.0,206002000.0,219349000.0
Vertex Pharmaceuticals Inc,VRTX,54930015RAQRRZ5ZGJ91,875320,2011.0,Q3,2011-07-01,2011-09-30,2012-11-06 16:32:20+00:00,1.06,1.06,1.02,105800000.0,-27842000.0,228452000.0,228452000.0,,221110000.0,7342000.0,38406000.0,659200000.0,,-8115000.0,,,189052000.0,-419000.0,110654000.0,38406000.0,620794000.0,7059000.0,77000.0,405087000.0,215707000.0,-15097000.0,200610000.0,659200000.0,208600000.0,206002000.0,219349000.0
Vertex Pharmaceuticals Inc,VRTX,54930015RAQRRZ5ZGJ91,875320,2011.0,Q2YTD,2011-01-01,2011-06-30,,-1.72,-1.72,-1.72,,24448000.0,-375414000.0,-375414000.0,,-350165000.0,-25249000.0,11972000.0,188086000.0,,-7818000.0,,,332216000.0,1501000.0,168186000.0,11972000.0,176114000.0,18963000.0,1604000.0,501903000.0,-325789000.0,-25177000.0,-350966000.0,188086000.0,204800000.0,204413000.0,204413000.0
Vertex Pharmaceuticals Inc,VRTX,54930015RAQRRZ5ZGJ91,875320,2011.0,Q2TTM,2010-07-01,2011-06-30,,-3.66,-3.66,-3.66,,24448000.0,-764763000.0,-764763000.0,,-739514000.0,-25249000.0,18249000.0,277405000.0,,-20324000.0,,,671538000.0,110000.0,279519000.0,18249000.0,259156000.0,30600000.0,2620000.0,951167000.0,-692011000.0,-48304000.0,-740315000.0,277405000.0,204800000.0,204413000.0,204413000.0
Vertex Pharmaceuticals Inc,VRTX,54930015RAQRRZ5ZGJ91,875320,2011.0,Q2,2011-04-01,2011-06-30,2012-08-08 16:31:41+00:00,-0.85,-0.85,-0.85,,24448000.0,-199318000.0,-199318000.0,,-174069000.0,-25249000.0,9306000.0,114424000.0,,-2220000.0,,,173604000.0,741000.0,96663000.0,9306000.0,105118000.0,6962000.0,202000.0,271008000.0,-165890000.0,-8980000.0,-174870000.0,114424000.0,204800000.0,204413000.0,204413000.0
Vertex Pharmaceuticals Inc,VRTX,54930015RAQRRZ5ZGJ91,875320,2011.0,Q1TTM,2010-04-01,2011-03-31,,-3.81,-3.81,-3.81,,,-765451000.0,-765451000.0,,-765451000.0,,12029000.0,194603000.0,,-45338000.0,,,653016000.0,1481000.0,223771000.0,12029000.0,182574000.0,27321000.0,2902000.0,878268000.0,-695694000.0,-69757000.0,-765451000.0,194603000.0,202400000.0,202329000.0,202329000.0
Vertex Pharmaceuticals Inc,VRTX,54930015RAQRRZ5ZGJ91,875320,2011.0,Q1,2011-01-01,2011-03-31,2012-05-10 16:17:07+00:00,-0.87,-0.87,-0.87,,,-176096000.0,-176096000.0,,-176096000.0,,2666000.0,73662000.0,,-5598000.0,,,158612000.0,760000.0,71523000.0,2666000.0,70996000.0,12001000.0,1402000.0,230895000.0,-159899000.0,-16197000.0,-176096000.0,73662000.0,202400000.0,202329000.0,202329000.0
Vertex Pharmaceuticals Inc,VRTX,54930015RAQRRZ5ZGJ91,875320,2012.0,Q4,2012-10-01,2012-12-31,,-0.36,-0.36,-0.35,,-41725000.0,-78076000.0,5330000.0,-83406000.0,-76148000.0,-1928000.0,87715000.0,333994000.0,,11726000.0,,,172829000.0,194000.0,106337000.0,87715000.0,246279000.0,,-15040000.0,279360000.0,-33081000.0,-3314000.0,-36395000.0,333994000.0,214100000.0,211946000.0,215262000.0
Vertex Pharmaceuticals Inc,VRTX,54930015RAQRRZ5ZGJ91,875320,2012.0,FY,2012-01-01,2012-12-31,2015-02-13 16:23:20+00:00,-0.5,-0.5,-0.5,0.0,-275000.0,-51135000.0,32271000.0,-83406000.0,-107032000.0,55897000.0,279885000.0,1527042000.0,,309000.0,,,765905000.0,1844000.0,432681000.0,279885000.0,1247157000.0,,-15040000.0,1200430000.0,46727000.0,-14731000.0,31996000.0,1527042000.0,214100000.0,211946000.0,215262000.0
Vertex Pharmaceuticals Inc,VRTX,54930015RAQRRZ5ZGJ91,875320,2012.0,Q3YTD,2012-01-01,2012-09-30,,-0.14,-0.14,-0.15,,41450000.0,26941000.0,26941000.0,,-30884000.0,57825000.0,192170000.0,1193048000.0,,-11417000.0,,,593076000.0,1650000.0,326344000.0,192170000.0,1000878000.0,,,921070000.0,79808000.0,-11417000.0,68391000.0,1193048000.0,213100000.0,213767000.0,213767000.0
Vertex Pharmaceuticals Inc,VRTX,54930015RAQRRZ5ZGJ91,875320,2012.0,Q3TTM,2011-10-01,2012-09-30,,0.66,0.66,0.69,,64110000.0,215082000.0,215082000.0,,127745000.0,87337000.0,222297000.0,1756388000.0,,-11178000.0,,,779514000.0,2642000.0,448225000.0,222297000.0,1534091000.0,-26022000.0,-39362000.0,1230381000.0,303710000.0,-24518000.0,279192000.0,1756388000.0,213100000.0,213767000.0,213767000.0
Vertex Pharmaceuticals Inc,VRTX,54930015RAQRRZ5ZGJ91,875320,2012.0,Q3,2012-07-01,2012-09-30,2013-11-07 16:22:30+00:00,-0.27,-0.27,-0.27,0.0,21355000.0,-26467000.0,-26467000.0,,-57543000.0,31076000.0,38536000.0,336006000.0,,-4041000.0,,,200161000.0,696000.0,97684000.0,38536000.0,297470000.0,,,298541000.0,-1071000.0,-4041000.0,-5112000.0,336006000.0,213100000.0,213767000.0,213767000.0
Vertex Pharmaceuticals Inc,VRTX,54930015RAQRRZ5ZGJ91,875320,2012.0,Q2YTD,2012-01-01,2012-06-30,,0.13,0.13,0.12,,20095000.0,53408000.0,53408000.0,,26659000.0,26749000.0,153634000.0,857042000.0,,-7376000.0,,,392915000.0,954000.0,228660000.0,153634000.0,703408000.0,,,622529000.0,80879000.0,-7376000.0,73503000.0,857042000.0,209500000.0,211344000.0,211344000.0
Vertex Pharmaceuticals Inc,VRTX,54930015RAQRRZ5ZGJ91,875320,2012.0,Q2TTM,2011-07-01,2012-06-30,,1.99,1.99,1.98,105800000.0,14913000.0,470001000.0,470001000.0,,406398000.0,63603000.0,222167000.0,2079582000.0,,-15252000.0,,,768405000.0,1527000.0,461195000.0,222167000.0,1857415000.0,-18963000.0,-39285000.0,1336927000.0,520488000.0,-35574000.0,484914000.0,2079582000.0,209500000.0,211344000.0,211344000.0
Vertex Pharmaceuticals Inc,VRTX,54930015RAQRRZ5ZGJ91,875320,2012.0,Q2,2012-04-01,2012-06-30,2013-08-02 16:02:47+00:00,-0.31,-0.31,-0.31,0.0,20063000.0,-34468000.0,-34468000.0,,-64931000.0,30463000.0,114423000.0,418305000.0,,-3635000.0,,,196544000.0,594000.0,117514000.0,114423000.0,303882000.0,,,314652000.0,-10770000.0,-3635000.0,-14405000.0,418305000.0,209500000.0,211344000.0,211344000.0
Vertex Pharmaceuticals Inc,VRTX,54930015RAQRRZ5ZGJ91,875320,2012.0,Q1TTM,2011-04-01,2012-03-31,,1.45,1.45,1.44,105800000.0,19298000.0,305151000.0,305151000.0,,297260000.0,7891000.0,117050000.0,1775701000.0,,-13837000.0,,,745465000.0,1674000.0,440344000.0,117050000.0,1658651000.0,-12001000.0,-39083000.0,1293283000.0,365368000.0,-40919000.0,324449000.0,1775701000.0,208200000.0,208018000.0,219264000.0
Vertex Pharmaceuticals Inc,VRTX,54930015RAQRRZ5ZGJ91,875320,2012.0,Q1,2012-01-01,2012-03-31,2013-05-08 16:33:48+00:00,0.44,0.44,0.43,0.0,32000.0,87876000.0,87876000.0,,91590000.0,-3714000.0,39211000.0,438737000.0,,-3741000.0,,,196371000.0,360000.0,111146000.0,39211000.0,399526000.0,,,307877000.0,91649000.0,-3741000.0,87908000.0,438737000.0,208200000.0,208018000.0,219264000.0
Vertex Pharmaceuticals Inc,VRTX,54930015RAQRRZ5ZGJ91,875320,2013.0,FY,2013-01-01,2013-12-31,2016-02-16 16:23:48+00:00,-1.98,-1.98,-1.98,412900000.0,-122422000.0,-445028000.0,-503622000.0,-183928000.0,-445028000.0,0.0,130277000.0,1211975000.0,242522000.0,6890000.0,,,882097000.0,40521000.0,356188000.0,130277000.0,1081698000.0,,-22926000.0,1691706000.0,-610008000.0,-16036000.0,-626044000.0,1211975000.0,224800000.0,224906000.0,224906000.0
Vertex Pharmaceuticals Inc,VRTX,54930015RAQRRZ5ZGJ91,875320,2013.0,Q4,2013-10-01,2013-12-31,,0.25,0.25,0.25,,7135000.0,53443000.0,-7828000.0,-181251000.0,44285000.0,9158000.0,22264000.0,351157000.0,242522000.0,3353000.0,,,222105000.0,27658000.0,70361000.0,22264000.0,328893000.0,-10111000.0,-22926000.0,320124000.0,8769000.0,-9462000.0,-693000.0,351157000.0,224800000.0,224906000.0,224906000.0
Vertex Pharmaceuticals Inc,VRTX,54930015RAQRRZ5ZGJ91,875320,2013.0,Q3YTD,2013-01-01,2013-09-30,,-2.23,-2.23,-2.23,412900000.0,-129557000.0,-498471000.0,-495794000.0,-2677000.0,-489313000.0,-9158000.0,108013000.0,860818000.0,,3537000.0,,,659992000.0,12863000.0,285827000.0,108013000.0,752805000.0,10111000.0,,1371582000.0,-618777000.0,-6574000.0,-625351000.0,860818000.0,229900000.0,230505000.0,230505000.0
Vertex Pharmaceuticals Inc,VRTX,54930015RAQRRZ5ZGJ91,875320,2013.0,Q3TTM,2012-10-01,2013-09-30,,-2.59,-2.59,-2.58,412900000.0,-171282000.0,-576547000.0,-490464000.0,-86083000.0,-565461000.0,-11086000.0,195728000.0,1194812000.0,,15263000.0,,,832821000.0,13057000.0,392164000.0,195728000.0,999084000.0,10111000.0,-15040000.0,1650942000.0,-651858000.0,-9888000.0,-661746000.0,1194812000.0,229900000.0,230505000.0,230505000.0
Vertex Pharmaceuticals Inc,VRTX,54930015RAQRRZ5ZGJ91,875320,2013.0,Q3,2013-07-01,2013-09-30,2014-11-06 16:02:54+00:00,-0.54,-0.54,-0.54,0.0,2555000.0,-124132000.0,-121455000.0,-2677000.0,-124132000.0,,27339000.0,221700000.0,,4751000.0,,,219442000.0,12048000.0,86427000.0,27339000.0,194361000.0,95000.0,,317917000.0,-123556000.0,4656000.0,-118900000.0,221700000.0,229900000.0,230505000.0,230505000.0
Vertex Pharmaceuticals Inc,VRTX,54930015RAQRRZ5ZGJ91,875320,2013.0,Q2YTD,2013-01-01,2013-06-30,,-1.69,-1.69,-1.69,412900000.0,-132112000.0,-374339000.0,-374339000.0,,-365181000.0,-9158000.0,80674000.0,639118000.0,,-1214000.0,,,440550000.0,815000.0,199400000.0,80674000.0,558444000.0,10016000.0,,1053665000.0,-495221000.0,-11230000.0,-506451000.0,639118000.0,219900000.0,222053000.0,222053000.0
Vertex Pharmaceuticals Inc,VRTX,54930015RAQRRZ5ZGJ91,875320,2013.0,Q2TTM,2012-07-01,2013-06-30,,-2.32,-2.32,-2.31,412900000.0,-152482000.0,-478882000.0,-395476000.0,-83406000.0,-498872000.0,19990000.0,206925000.0,1309118000.0,,6471000.0,,,813540000.0,1705000.0,403421000.0,206925000.0,1102193000.0,10016000.0,-15040000.0,1631566000.0,-529373000.0,-18585000.0,-547958000.0,1309118000.0,219900000.0,222053000.0,222053000.0
Vertex Pharmaceuticals Inc,VRTX,54930015RAQRRZ5ZGJ91,875320,2013.0,Q2,2013-04-01,2013-06-30,2014-07-31 17:08:30+00:00,-0.26,-0.26,-0.26,0.0,-1799000.0,-61712000.0,-61712000.0,,-57165000.0,-4547000.0,37931000.0,310750000.0,,-27000.0,,,222455000.0,776000.0,106521000.0,37931000.0,272819000.0,6551000.0,,329752000.0,-56933000.0,-6578000.0,-63511000.0,310750000.0,219900000.0,222053000.0,222053000.0
Vertex Pharmaceuticals Inc,VRTX,54930015RAQRRZ5ZGJ91,875320,2013.0,Q1TTM,2012-04-01,2013-03-31,,-2.37,-2.37,-2.36,412900000.0,-130620000.0,-451638000.0,-368232000.0,-83406000.0,-506638000.0,55000000.0,283417000.0,1416673000.0,,2863000.0,,,787629000.0,1523000.0,414414000.0,283417000.0,1133256000.0,3465000.0,-15040000.0,1616466000.0,-483210000.0,-15642000.0,-498852000.0,1416673000.0,215400000.0,215421000.0,215421000.0
Vertex Pharmaceuticals Inc,VRTX,54930015RAQRRZ5ZGJ91,875320,2013.0,Q1,2013-01-01,2013-03-31,2014-05-05 16:07:48+00:00,-1.43,-1.43,-1.43,412900000.0,-130313000.0,-312627000.0,-312627000.0,,-308016000.0,-4611000.0,42743000.0,328368000.0,,-1187000.0,,,218095000.0,39000.0,92879000.0,42743000.0,285625000.0,3465000.0,,723913000.0,-438288000.0,-4652000.0,-442940000.0,328368000.0,215400000.0,215421000.0,215421000.0
Vertex Pharmaceuticals Inc,VRTX,54930015RAQRRZ5ZGJ91,875320,2014.0,FY,2014-01-01,2014-12-31,2017-02-23 15:18:18+00:00,-3.14,-3.14,-3.14,,6958000.0,-738555000.0,-741833000.0,-1824000.0,-738555000.0,,60987000.0,580415000.0,4190000.0,30400000.0,,,855506000.0,50925000.0,305409000.0,60987000.0,519428000.0,,-72863000.0,1211840000.0,-692412000.0,-42463000.0,-734875000.0,580415000.0,235200000.0,235307000.0,235307000.0
Vertex Pharmaceuticals Inc,VRTX,54930015RAQRRZ5ZGJ91,875320,2014.0,Q3,2014-07-01,2014-09-30,2015-10-30 16:23:50+00:00,-0.72,-0.72,-0.72,,3419000.0,-170060000.0,-169996000.0,,-170060000.0,0.0,14184000.0,178987000.0,,-3990000.0,,,190939000.0,40843000.0,75224000.0,14184000.0,164803000.0,20384000.0,,307006000.0,-142203000.0,-24374000.0,-166577000.0,178987000.0,236200000.0,236137000.0,236137000.0
Vertex Pharmaceuticals Inc,VRTX,54930015RAQRRZ5ZGJ91,875320,2014.0,Q3YTD,2014-01-01,2014-09-30,,-2.4,-2.4,-2.4,,4915000.0,-561899000.0,-561196000.0,,-561899000.0,,46960000.0,435859000.0,,34192000.0,,,654043000.0,46761000.0,226882000.0,46960000.0,388899000.0,51686000.0,,927686000.0,-538787000.0,-17494000.0,-556281000.0,435859000.0,236200000.0,236137000.0,236137000.0
Vertex Pharmaceuticals Inc,VRTX,54930015RAQRRZ5ZGJ91,875320,2014.0,Q3TTM,2013-10-01,2014-09-30,,-2.15,-2.15,-2.15,,12050000.0,-508456000.0,-569024000.0,-181251000.0,-517614000.0,9158000.0,69224000.0,787016000.0,242522000.0,37545000.0,,,876148000.0,74419000.0,297243000.0,69224000.0,717792000.0,41575000.0,-22926000.0,1247810000.0,-530018000.0,-26956000.0,-556974000.0,787016000.0,236200000.0,236137000.0,236137000.0
Vertex Pharmaceuticals Inc,VRTX,54930015RAQRRZ5ZGJ91,875320,2014.0,Q2,2014-04-01,2014-06-30,2015-08-04 16:16:59+00:00,-0.68,-0.68,-0.68,,693000.0,-159382000.0,-159089000.0,,-159382000.0,0.0,17300000.0,138421000.0,,37731000.0,,,224487000.0,-270000.0,77446000.0,17300000.0,121121000.0,15585000.0,,301663000.0,-180542000.0,22146000.0,-158396000.0,138421000.0,234400000.0,233808000.0,233808000.0
Vertex Pharmaceuticals Inc,VRTX,54930015RAQRRZ5ZGJ91,875320,2014.0,Q2YTD,2014-01-01,2014-06-30,,-1.68,-1.68,-1.68,,1496000.0,-391839000.0,-391200000.0,,-391839000.0,,32776000.0,256872000.0,,38182000.0,,,463104000.0,5918000.0,151658000.0,32776000.0,224096000.0,31302000.0,,620680000.0,-396584000.0,6880000.0,-389704000.0,256872000.0,234400000.0,233808000.0,233808000.0
Vertex Pharmaceuticals Inc,VRTX,54930015RAQRRZ5ZGJ91,875320,2014.0,Q2TTM,2013-07-01,2014-06-30,,-1.97,-1.97,-1.97,,11186000.0,-462528000.0,-520483000.0,-183928000.0,-471686000.0,9158000.0,82379000.0,829729000.0,242522000.0,46286000.0,,,904651000.0,45624000.0,308446000.0,82379000.0,747350000.0,21286000.0,-22926000.0,1258721000.0,-511371000.0,2074000.0,-509297000.0,829729000.0,234400000.0,233808000.0,233808000.0
Vertex Pharmaceuticals Inc,VRTX,54930015RAQRRZ5ZGJ91,875320,2014.0,Q1,2014-01-01,2014-03-31,2015-05-04 16:29:38+00:00,-1.0,-1.0,-1.0,,803000.0,-232457000.0,-232111000.0,,-232457000.0,0.0,15476000.0,118451000.0,,451000.0,,,238617000.0,6188000.0,74212000.0,15476000.0,102975000.0,15717000.0,,319017000.0,-216042000.0,-15266000.0,-231308000.0,118451000.0,232500000.0,232887000.0,232887000.0
Vertex Pharmaceuticals Inc,VRTX,54930015RAQRRZ5ZGJ91,875320,2014.0,Q1TTM,2013-04-01,2014-03-31,,-1.55,-1.55,-1.55,,8694000.0,-364858000.0,-423106000.0,-183928000.0,-369469000.0,4611000.0,103010000.0,1002058000.0,242522000.0,8528000.0,,,902619000.0,46670000.0,337521000.0,103010000.0,899048000.0,12252000.0,-22926000.0,1286810000.0,-387762000.0,-26650000.0,-414412000.0,1002058000.0,232500000.0,232887000.0,232887000.0
Vertex Pharmaceuticals Inc,VRTX,54930015RAQRRZ5ZGJ91,875320,2015.0,FY,2015-01-01,2015-12-31,2018-02-14 18:01:38+00:00,-2.31,-2.31,-2.31,0.0,30381000.0,-588181000.0,-588181000.0,,-556334000.0,-31847000.0,124512000.0,1032336000.0,,-6715000.0,,,995922000.0,2206000.0,376575000.0,124512000.0,907824000.0,,-84206000.0,1374703000.0,-466879000.0,-90921000.0,-557800000.0,1032336000.0,240800000.0,241312000.0,241312000.0
Vertex Pharmaceuticals Inc,VRTX,54930015RAQRRZ5ZGJ91,875320,2015.0,Q4,2015-10-01,2015-12-31,,-0.31,-0.31,-0.31,,-1379000.0,-74669000.0,-74669000.0,,-73731000.0,-938000.0,63385000.0,417935000.0,,-1690000.0,,,310181000.0,1524000.0,96549000.0,63385000.0,354550000.0,-63552000.0,-84206000.0,408254000.0,-53704000.0,-22344000.0,-76048000.0,417935000.0,240800000.0,241312000.0,241312000.0
Vertex Pharmaceuticals Inc,VRTX,54930015RAQRRZ5ZGJ91,875320,2015.0,Q3,2015-07-01,2015-09-30,2016-10-31 16:48:15+00:00,-0.39,-0.39,-0.39,,1330000.0,-93816000.0,-93816000.0,,-95149000.0,1333000.0,31960000.0,309816000.0,,-1326000.0,,,246284000.0,1826000.0,99772000.0,31960000.0,277856000.0,21134000.0,,347882000.0,-70026000.0,-22460000.0,-92486000.0,309816000.0,244000000.0,241969000.0,241969000.0
Vertex Pharmaceuticals Inc,VRTX,54930015RAQRRZ5ZGJ91,875320,2015.0,Q3YTD,2015-01-01,2015-09-30,,-2.0,-2.0,-2.0,,31760000.0,-513512000.0,-513512000.0,,-482603000.0,-30909000.0,61127000.0,614401000.0,,-5025000.0,,,685741000.0,682000.0,280026000.0,61127000.0,553274000.0,63552000.0,,966449000.0,-413175000.0,-68577000.0,-481752000.0,614401000.0,244000000.0,241969000.0,241969000.0
Vertex Pharmaceuticals Inc,VRTX,54930015RAQRRZ5ZGJ91,875320,2015.0,Q3TTM,2014-10-01,2015-09-30,,-2.74,-2.74,-2.74,,33803000.0,-690168000.0,-694149000.0,-1824000.0,-659259000.0,-30909000.0,75154000.0,758957000.0,4190000.0,-8817000.0,,,887204000.0,4846000.0,358553000.0,75154000.0,683803000.0,11866000.0,-72863000.0,1250603000.0,-566800000.0,-93546000.0,-660346000.0,758957000.0,244000000.0,241969000.0,241969000.0
Vertex Pharmaceuticals Inc,VRTX,54930015RAQRRZ5ZGJ91,875320,2015.0,Q2,2015-04-01,2015-06-30,2016-08-01 16:51:11+00:00,-0.78,-0.78,-0.78,,30131000.0,-220992000.0,-220992000.0,,-188848000.0,-32144000.0,16860000.0,166076000.0,,1414000.0,,,223858000.0,2128000.0,94394000.0,16860000.0,149216000.0,21111000.0,,320380000.0,-171164000.0,-19697000.0,-190861000.0,166076000.0,242100000.0,240757000.0,240757000.0
Vertex Pharmaceuticals Inc,VRTX,54930015RAQRRZ5ZGJ91,875320,2015.0,Q2YTD,2015-01-01,2015-06-30,,-1.61,-1.61,-1.61,,30430000.0,-419696000.0,-419696000.0,,-387454000.0,-32242000.0,29167000.0,304585000.0,,-3699000.0,,,439457000.0,-1144000.0,180254000.0,29167000.0,275418000.0,42418000.0,,618567000.0,-343149000.0,-46117000.0,-389266000.0,304585000.0,242100000.0,240757000.0,240757000.0
Vertex Pharmaceuticals Inc,VRTX,54930015RAQRRZ5ZGJ91,875320,2015.0,Q2TTM,2014-07-01,2015-06-30,,-3.07,-3.07,-3.07,,35892000.0,-766412000.0,-770329000.0,-1824000.0,-734170000.0,-32242000.0,57378000.0,628128000.0,4190000.0,-11481000.0,,,831859000.0,43863000.0,334005000.0,57378000.0,570750000.0,11116000.0,-72863000.0,1209727000.0,-638977000.0,-95460000.0,-734437000.0,628128000.0,242100000.0,240757000.0,240757000.0
Vertex Pharmaceuticals Inc,VRTX,54930015RAQRRZ5ZGJ91,875320,2015.0,Q1TTM,2014-04-01,2015-03-31,,-2.97,-2.97,-2.97,,6454000.0,-704802000.0,-708426000.0,-1824000.0,-704704000.0,-98000.0,57818000.0,600473000.0,4190000.0,24836000.0,,,832488000.0,41465000.0,317057000.0,57818000.0,542655000.0,5590000.0,-72863000.0,1191010000.0,-648355000.0,-53617000.0,-701972000.0,600473000.0,239300000.0,239493000.0,239493000.0
Vertex Pharmaceuticals Inc,VRTX,54930015RAQRRZ5ZGJ91,875320,2015.0,Q1,2015-01-01,2015-03-31,2016-05-03 17:03:32+00:00,-0.83,-0.83,-0.83,,299000.0,-198704000.0,-198704000.0,,-198606000.0,-98000.0,12307000.0,138509000.0,,-5113000.0,,,215599000.0,-3272000.0,85860000.0,12307000.0,126202000.0,21307000.0,,298187000.0,-171985000.0,-26420000.0,-198405000.0,138509000.0,239300000.0,239493000.0,239493000.0
Vertex Pharmaceuticals Inc,VRTX,54930015RAQRRZ5ZGJ91,875320,2016.0,FY,2016-01-01,2016-12-31,2019-02-13 16:38:26+00:00,-0.46,-0.46,-0.46,0.0,16665000.0,-84031000.0,-84031000.0,,-112052000.0,28021000.0,210460000.0,1702177000.0,,4130000.0,,,1047690000.0,1262000.0,432829000.0,210460000.0,1491717000.0,,-81432000.0,1481781000.0,9936000.0,-77302000.0,-67366000.0,1702177000.0,243600000.0,244685000.0,244685000.0
Vertex Pharmaceuticals Inc,VRTX,54930015RAQRRZ5ZGJ91,875320,2016.0,Q4,2016-10-01,2016-12-31,,0.13,0.13,0.13,,-7423000.0,27759000.0,27729000.0,,32945000.0,-5186000.0,60482000.0,458706000.0,,1105000.0,,,248452000.0,224000.0,109908000.0,60482000.0,398224000.0,-60993000.0,-81432000.0,358584000.0,39640000.0,-19334000.0,20306000.0,458706000.0,243600000.0,244685000.0,244685000.0
Vertex Pharmaceuticals Inc,VRTX,54930015RAQRRZ5ZGJ91,875320,2016.0,Q3,2016-07-01,2016-09-30,2017-10-30 17:15:07+00:00,-0.16,-0.16,-0.16,0.0,503000.0,-39537000.0,-39537000.0,,-38841000.0,-696000.0,54077000.0,413783000.0,,-167000.0,,,272370000.0,8000.0,106055000.0,54077000.0,359706000.0,20140000.0,,378433000.0,-18727000.0,-20307000.0,-39034000.0,413783000.0,242800000.0,244920000.0,244920000.0
Vertex Pharmaceuticals Inc,VRTX,54930015RAQRRZ5ZGJ91,875320,2016.0,Q3YTD,2016-01-01,2016-09-30,,-0.59,-0.59,-0.59,,24088000.0,-111790000.0,-111760000.0,,-144997000.0,33207000.0,149978000.0,1243471000.0,,3025000.0,,,799238000.0,1038000.0,322921000.0,149978000.0,1093493000.0,60993000.0,,1123197000.0,-29704000.0,-57968000.0,-87672000.0,1243471000.0,242800000.0,244920000.0,244920000.0
Vertex Pharmaceuticals Inc,VRTX,54930015RAQRRZ5ZGJ91,875320,2016.0,Q3TTM,2015-10-01,2016-09-30,,-0.9,-0.9,-0.9,,22709000.0,-186459000.0,-186429000.0,,-218728000.0,32269000.0,213363000.0,1661406000.0,,1335000.0,,,1109419000.0,2562000.0,419470000.0,213363000.0,1448043000.0,-2559000.0,-84206000.0,1531451000.0,-83408000.0,-80312000.0,-163720000.0,1661406000.0,242800000.0,244920000.0,244920000.0
Vertex Pharmaceuticals Inc,VRTX,54930015RAQRRZ5ZGJ91,875320,2016.0,Q2,2016-04-01,2016-06-30,2017-07-28 16:23:20+00:00,-0.26,-0.26,-0.26,,18100000.0,-36151000.0,-36121000.0,,-64525000.0,28374000.0,45252000.0,431608000.0,,-1219000.0,,,271008000.0,343000.0,111652000.0,45252000.0,386356000.0,20155000.0,,383003000.0,3353000.0,-21374000.0,-18021000.0,431608000.0,248200000.0,244482000.0,244482000.0
Vertex Pharmaceuticals Inc,VRTX,54930015RAQRRZ5ZGJ91,875320,2016.0,Q2YTD,2016-01-01,2016-06-30,,-0.43,-0.43,-0.43,,23585000.0,-72253000.0,-72223000.0,,-106156000.0,33903000.0,95901000.0,829688000.0,,3192000.0,,,526868000.0,1030000.0,216866000.0,95901000.0,733787000.0,40853000.0,,744764000.0,-10977000.0,-37661000.0,-48638000.0,829688000.0,248200000.0,244482000.0,244482000.0
Vertex Pharmaceuticals Inc,VRTX,54930015RAQRRZ5ZGJ91,875320,2016.0,Q2TTM,2015-07-01,2016-06-30,,-1.13,-1.13,-1.13,,23536000.0,-240738000.0,-240708000.0,,-275036000.0,34298000.0,191246000.0,1557439000.0,,176000.0,,,1083333000.0,4380000.0,413187000.0,191246000.0,1366193000.0,-1565000.0,-84206000.0,1500900000.0,-134707000.0,-82465000.0,-217172000.0,1557439000.0,248200000.0,244482000.0,244482000.0
Vertex Pharmaceuticals Inc,VRTX,54930015RAQRRZ5ZGJ91,875320,2016.0,Q1,2016-01-01,2016-03-31,2017-04-28 16:22:12+00:00,-0.17,-0.17,-0.17,,5485000.0,-36102000.0,-36102000.0,,-41631000.0,5529000.0,50649000.0,398080000.0,,4411000.0,,,255860000.0,687000.0,105214000.0,50649000.0,347431000.0,20698000.0,,361761000.0,-14330000.0,-16287000.0,-30617000.0,398080000.0,244900000.0,243831000.0,243831000.0
Vertex Pharmaceuticals Inc,VRTX,54930015RAQRRZ5ZGJ91,875320,2016.0,Q1TTM,2015-04-01,2016-03-31,,-1.65,-1.65,-1.65,,35567000.0,-425579000.0,-425579000.0,,-399359000.0,-26220000.0,162854000.0,1291907000.0,,2809000.0,,,1036183000.0,6165000.0,395929000.0,162854000.0,1129053000.0,-609000.0,-84206000.0,1438277000.0,-309224000.0,-80788000.0,-390012000.0,1291907000.0,244900000.0,243831000.0,243831000.0
Vertex Pharmaceuticals Inc,VRTX,54930015RAQRRZ5ZGJ91,875320,2017.0,FY,2017-01-01,2017-12-31,2020-02-13 16:48:57+00:00,1.06,1.06,1.04,255340000.0,-107324000.0,91635000.0,91635000.0,,263484000.0,-171849000.0,275119000.0,2488652000.0,,-81382000.0,,0.0,1324625000.0,14246000.0,496079000.0,275119000.0,2213533000.0,69298000.0,11748000.0,2090290000.0,123243000.0,-138932000.0,-15689000.0,2488652000.0,248600000.0,248858000.0,253225000.0
Vertex Pharmaceuticals Inc,VRTX,54930015RAQRRZ5ZGJ91,875320,2017.0,Q4,2017-10-01,2017-12-31,,0.39,0.39,0.39,,10257000.0,102185000.0,102185000.0,,100684000.0,1501000.0,84052000.0,651634000.0,,-748000.0,,,306664000.0,387000.0,134794000.0,84052000.0,567582000.0,24295000.0,11748000.0,441845000.0,125737000.0,-13295000.0,112442000.0,651634000.0,248600000.0,248858000.0,253225000.0
Vertex Pharmaceuticals Inc,VRTX,54930015RAQRRZ5ZGJ91,875320,2017.0,Q3,2017-07-01,2017-09-30,2018-10-25 16:10:19+00:00,-0.41,-0.41,-0.41,255340000.0,-125903000.0,-291267000.0,-291267000.0,,-102952000.0,-188315000.0,72874000.0,578165000.0,,-77553000.0,,,454947000.0,337000.0,120710000.0,72874000.0,505291000.0,13574000.0,,831334000.0,-326043000.0,-91127000.0,-417170000.0,578165000.0,251100000.0,250268000.0,250268000.0
Vertex Pharmaceuticals Inc,VRTX,54930015RAQRRZ5ZGJ91,875320,2017.0,Q3YTD,2017-01-01,2017-09-30,,0.67,0.67,0.65,255340000.0,-117581000.0,-10550000.0,-10550000.0,,162800000.0,-173350000.0,191067000.0,1837018000.0,,-80634000.0,,,1017961000.0,13859000.0,361285000.0,191067000.0,1645951000.0,45003000.0,,1648445000.0,-2494000.0,-125637000.0,-128131000.0,1837018000.0,251100000.0,250268000.0,250268000.0
Vertex Pharmaceuticals Inc,VRTX,54930015RAQRRZ5ZGJ91,875320,2017.0,Q3TTM,2016-10-01,2017-09-30,,0.8,0.8,0.78,255340000.0,-125004000.0,17209000.0,17179000.0,,195745000.0,-178536000.0,251549000.0,2295724000.0,,-79529000.0,,,1266413000.0,14083000.0,471193000.0,251549000.0,2044175000.0,-15990000.0,-81432000.0,2007029000.0,37146000.0,-144971000.0,-107825000.0,2295724000.0,251100000.0,250268000.0,250268000.0
Vertex Pharmaceuticals Inc,VRTX,54930015RAQRRZ5ZGJ91,875320,2017.0,Q2,2017-04-01,2017-06-30,2018-07-26 16:08:10+00:00,0.07,0.07,0.07,,4337000.0,31169000.0,31169000.0,,17996000.0,13173000.0,71205000.0,544135000.0,,-2537000.0,,,289451000.0,3523000.0,127249000.0,71205000.0,472930000.0,14664000.0,,420223000.0,52707000.0,-17201000.0,35506000.0,544135000.0,257100000.0,247521000.0,251635000.0
Vertex Pharmaceuticals Inc,VRTX,54930015RAQRRZ5ZGJ91,875320,2017.0,Q2YTD,2017-01-01,2017-06-30,,1.08,1.08,1.06,,8322000.0,280717000.0,280717000.0,,265752000.0,14965000.0,118193000.0,1258853000.0,,-3081000.0,,,563014000.0,13522000.0,240575000.0,118193000.0,1140660000.0,31429000.0,,817111000.0,323549000.0,-34510000.0,289039000.0,1258853000.0,257100000.0,247521000.0,251635000.0
Vertex Pharmaceuticals Inc,VRTX,54930015RAQRRZ5ZGJ91,875320,2017.0,Q2TTM,2016-07-01,2017-06-30,,1.05,1.05,1.03,,1402000.0,268939000.0,268909000.0,,259856000.0,9083000.0,232752000.0,2131342000.0,,-2143000.0,,,1083836000.0,13754000.0,456538000.0,232752000.0,1898590000.0,-9424000.0,-81432000.0,1554128000.0,344462000.0,-74151000.0,270311000.0,2131342000.0,257100000.0,247521000.0,251635000.0
Vertex Pharmaceuticals Inc,VRTX,54930015RAQRRZ5ZGJ91,875320,2017.0,Q1,2017-01-01,2017-03-31,2018-04-27 16:36:36+00:00,1.01,1.01,0.99,,3985000.0,249548000.0,249548000.0,,247756000.0,1792000.0,46988000.0,714718000.0,,-544000.0,,,273563000.0,9999000.0,113326000.0,46988000.0,667730000.0,16765000.0,,396888000.0,270842000.0,-17309000.0,253533000.0,714718000.0,245300000.0,246024000.0,248700000.0
Vertex Pharmaceuticals Inc,VRTX,54930015RAQRRZ5ZGJ91,875320,2017.0,Q1TTM,2016-04-01,2017-03-31,,0.72,0.72,0.7,,15165000.0,201619000.0,201619000.0,,177335000.0,24284000.0,206799000.0,2018815000.0,,-825000.0,,,1065393000.0,10574000.0,440941000.0,206799000.0,1812016000.0,-3933000.0,-81432000.0,1516908000.0,295108000.0,-78324000.0,216784000.0,2018815000.0,245300000.0,246024000.0,248700000.0
Vertex Pharmaceuticals Inc,VRTX,54930015RAQRRZ5ZGJ91,875320,2018.0,FY,2018-01-01,2018-12-31,2020-02-13 16:48:57+00:00,8.24,8.24,8.09,29000000.0,-1486862000.0,2087103000.0,2087103000.0,,2096896000.0,-9793000.0,409539000.0,3047597000.0,,-790000.0,,0.0,1416476000.0,-184000.0,557616000.0,409539000.0,2638058000.0,72471000.0,38352000.0,2002908000.0,635150000.0,-34909000.0,600241000.0,3047597000.0,254500000.0,254292000.0,259185000.0
Vertex Pharmaceuticals Inc,VRTX,54930015RAQRRZ5ZGJ91,875320,2018.0,Q4,2018-10-01,2018-12-31,,6.08,6.08,5.98,29000000.0,-1492599000.0,1525096000.0,1525096000.0,,1550527000.0,-25421000.0,122289000.0,87595000.0,,-90452000.0,-782511000.0,,437881000.0,4000.0,153210000.0,122289000.0,-34694000.0,18744000.0,13971000.0,-162416000.0,127722000.0,-95225000.0,32497000.0,87595000.0,254500000.0,254292000.0,259185000.0
Vertex Pharmaceuticals Inc,VRTX,54930015RAQRRZ5ZGJ91,875320,2018.0,Q3,2018-07-01,2018-09-30,2019-10-31 16:19:23+00:00,0.51,0.51,0.5,,8055000.0,128456000.0,128456000.0,,128746000.0,-300000.0,111255000.0,1567046000.0,,-60995000.0,782511000.0,0.0,330510000.0,-174000.0,137295000.0,111255000.0,1455791000.0,18686000.0,10543000.0,1250142000.0,205649000.0,-69138000.0,136511000.0,1567046000.0,252400000.0,254905000.0,259788000.0
Vertex Pharmaceuticals Inc,VRTX,54930015RAQRRZ5ZGJ91,875320,2018.0,Q3YTD,2018-01-01,2018-09-30,,2.16,2.16,2.11,,5737000.0,562007000.0,562007000.0,,546369000.0,15628000.0,287250000.0,2960002000.0,,89662000.0,782511000.0,,978595000.0,-188000.0,404406000.0,287250000.0,2672752000.0,53727000.0,24381000.0,2165324000.0,507428000.0,60316000.0,567744000.0,2960002000.0,252400000.0,254905000.0,259788000.0
Vertex Pharmaceuticals Inc,VRTX,54930015RAQRRZ5ZGJ91,875320,2018.0,Q3TTM,2017-10-01,2018-09-30,,2.55,2.55,2.5,,15994000.0,664192000.0,664192000.0,,647053000.0,17129000.0,371302000.0,3611636000.0,,88914000.0,782511000.0,,1285259000.0,199000.0,539200000.0,371302000.0,3240334000.0,78022000.0,36129000.0,2607169000.0,633165000.0,47021000.0,680186000.0,3611636000.0,252400000.0,254905000.0,259788000.0
Vertex Pharmaceuticals Inc,VRTX,54930015RAQRRZ5ZGJ91,875320,2018.0,Q2,2018-04-01,2018-06-30,2019-08-01 16:20:06+00:00,0.82,0.82,0.8,,10341000.0,206250000.0,206250000.0,,207360000.0,-1110000.0,104382000.0,752157000.0,,53819000.0,,,337532000.0,62000.0,137303000.0,104382000.0,647775000.0,18155000.0,8049000.0,474897000.0,172878000.0,43713000.0,216591000.0,752157000.0,252900000.0,254135000.0,258584000.0
Vertex Pharmaceuticals Inc,VRTX,54930015RAQRRZ5ZGJ91,875320,2018.0,Q2YTD,2018-01-01,2018-06-30,,1.65,1.65,1.61,,-2318000.0,433551000.0,433551000.0,,417623000.0,15928000.0,175995000.0,1392956000.0,,150657000.0,,,648085000.0,-14000.0,267111000.0,175995000.0,1216961000.0,35041000.0,13838000.0,915182000.0,301779000.0,129454000.0,431233000.0,1392956000.0,252900000.0,254135000.0,258584000.0
Vertex Pharmaceuticals Inc,VRTX,54930015RAQRRZ5ZGJ91,875320,2018.0,Q2TTM,2017-07-01,2018-06-30,,1.63,1.63,1.59,255340000.0,-117964000.0,244469000.0,244469000.0,,415355000.0,-170886000.0,332921000.0,2622755000.0,,72356000.0,,,1409696000.0,710000.0,522615000.0,332921000.0,2289834000.0,72910000.0,25586000.0,2188361000.0,101473000.0,25032000.0,126505000.0,2622755000.0,252900000.0,254135000.0,258584000.0
Vertex Pharmaceuticals Inc,VRTX,54930015RAQRRZ5ZGJ91,875320,2018.0,Q1,2018-01-01,2018-03-31,2019-05-01 16:37:21+00:00,0.83,0.83,0.81,,-12659000.0,227301000.0,227301000.0,,210263000.0,17038000.0,71613000.0,640799000.0,,96838000.0,,,310553000.0,-76000.0,129808000.0,71613000.0,569186000.0,16886000.0,5789000.0,440285000.0,128901000.0,85741000.0,214642000.0,640799000.0,253300000.0,253231000.0,258526000.0
Vertex Pharmaceuticals Inc,VRTX,54930015RAQRRZ5ZGJ91,875320,2018.0,Q1TTM,2017-04-01,2018-03-31,,0.88,0.88,0.86,255340000.0,-123968000.0,69388000.0,69388000.0,,225991000.0,-156603000.0,299744000.0,2414733000.0,,16000000.0,,,1361615000.0,4171000.0,512561000.0,299744000.0,2114989000.0,69419000.0,17537000.0,2133687000.0,-18698000.0,-35882000.0,-54580000.0,2414733000.0,253300000.0,253231000.0,258526000.0
Vertex Pharmaceuticals Inc,VRTX,54930015RAQRRZ5ZGJ91,875320,2019.0,Q4,2019-10-01,2019-12-31,,2.27,2.27,2.23,,93764000.0,583234000.0,583186000.0,,583234000.0,,185012000.0,463437000.0,,127375000.0,-949828000.0,1500000.0,480011000.0,,195277000.0,185012000.0,278425000.0,14249000.0,12359000.0,-273040000.0,551465000.0,125485000.0,676950000.0,463437000.0,256900000.0,256728000.0,260673000.0
Vertex Pharmaceuticals Inc,VRTX,54930015RAQRRZ5ZGJ91,875320,2019.0,FY,2019-01-01,2019-12-31,2020-02-13 16:48:57+00:00,4.58,4.58,4.51,0.0,218109000.0,1176810000.0,1176810000.0,,1176810000.0,0.0,547758000.0,4162821000.0,,192177000.0,,4459000.0,1754540000.0,0.0,658498000.0,547758000.0,3615063000.0,58502000.0,63678000.0,2417497000.0,1197566000.0,197353000.0,1394919000.0,4162821000.0,256900000.0,256728000.0,260673000.0
Vertex Pharmaceuticals Inc,VRTX,54930015RAQRRZ5ZGJ91,875320,2019.0,Q3YTD,2019-01-01,2019-09-30,,2.31,2.31,2.28,,124345000.0,593576000.0,593624000.0,,593576000.0,,362746000.0,3699384000.0,,64802000.0,949828000.0,2959000.0,1274529000.0,,463221000.0,362746000.0,3336638000.0,44253000.0,51319000.0,2690537000.0,646101000.0,71868000.0,717969000.0,3699384000.0,261400000.0,256946000.0,260473000.0
Vertex Pharmaceuticals Inc,VRTX,54930015RAQRRZ5ZGJ91,875320,2019.0,Q3TTM,2018-10-01,2019-09-30,,8.39,8.39,8.26,29000000.0,-1368254000.0,2118672000.0,2118720000.0,,2144103000.0,-25421000.0,485035000.0,3786979000.0,,-25650000.0,167317000.0,2959000.0,1712410000.0,4000.0,616431000.0,485035000.0,3301944000.0,62997000.0,65290000.0,2528121000.0,773823000.0,-23357000.0,750466000.0,3786979000.0,261400000.0,256946000.0,260473000.0
Vertex Pharmaceuticals Inc,VRTX,54930015RAQRRZ5ZGJ91,875320,2019.0,Q3,2019-07-01,2019-09-30,2019-10-31 16:19:23+00:00,0.22,0.22,0.22,,13100000.0,57518000.0,57566000.0,,57518000.0,0.0,131914000.0,1899656000.0,,-31747000.0,949828000.0,2959000.0,555948000.0,0.0,159674000.0,131914000.0,1767742000.0,14548000.0,17628000.0,1668409000.0,99333000.0,-28667000.0,70666000.0,1899656000.0,261400000.0,256946000.0,260473000.0
Vertex Pharmaceuticals Inc,VRTX,54930015RAQRRZ5ZGJ91,875320,2019.0,Q2,2019-04-01,2019-06-30,2019-08-01 16:20:06+00:00,1.04,1.04,1.03,,59711000.0,267427000.0,267427000.0,,267427000.0,0.0,135740000.0,941293000.0,,53939000.0,,,379091000.0,0.0,156502000.0,135740000.0,805553000.0,14837000.0,18076000.0,535593000.0,269960000.0,57178000.0,327138000.0,941293000.0,257100000.0,256154000.0,259822000.0
Vertex Pharmaceuticals Inc,VRTX,54930015RAQRRZ5ZGJ91,875320,2019.0,Q2YTD,2019-01-01,2019-06-30,,2.09,2.09,2.06,,111245000.0,536058000.0,536058000.0,,536058000.0,,230832000.0,1799728000.0,,96549000.0,,,718581000.0,,303547000.0,230832000.0,1568896000.0,29705000.0,33691000.0,1022128000.0,546768000.0,100535000.0,647303000.0,1799728000.0,257100000.0,256154000.0,259822000.0
Vertex Pharmaceuticals Inc,VRTX,54930015RAQRRZ5ZGJ91,875320,2019.0,Q2TTM,2018-07-01,2019-06-30,,8.68,8.68,8.54,29000000.0,-1373299000.0,2189610000.0,2189610000.0,,2215331000.0,-25721000.0,464376000.0,3454369000.0,,-54898000.0,,,1486972000.0,-170000.0,594052000.0,464376000.0,2989993000.0,67135000.0,58205000.0,2109854000.0,880139000.0,-63828000.0,816311000.0,3454369000.0,257100000.0,256154000.0,259822000.0
Vertex Pharmaceuticals Inc,VRTX,54930015RAQRRZ5ZGJ91,875320,2019.0,Q1,2019-01-01,2019-03-31,2020-05-01 16:37:49+00:00,1.05,1.05,1.03,,51534000.0,268631000.0,268631000.0,,268631000.0,,95092000.0,858435000.0,,42610000.0,,0.0,339490000.0,,147045000.0,95092000.0,763343000.0,14868000.0,15615000.0,486535000.0,276808000.0,43357000.0,320165000.0,858435000.0,255800000.0,255695000.0,260175000.0
Vertex Pharmaceuticals Inc,VRTX,54930015RAQRRZ5ZGJ91,875320,2019.0,Q1TTM,2018-04-01,2019-03-31,,8.46,8.46,8.31,29000000.0,-1422669000.0,2128433000.0,2128433000.0,,2155264000.0,-26831000.0,433018000.0,3265233000.0,,-55018000.0,,,1445413000.0,-108000.0,574853000.0,433018000.0,2832215000.0,70453000.0,48178000.0,2049158000.0,783057000.0,-77293000.0,705764000.0,3265233000.0,255800000.0,255695000.0,260175000.0
Vertex Pharmaceuticals Inc,VRTX,54930015RAQRRZ5ZGJ91,875320,2020.0,Q1TTM,2019-04-01,2020-03-31,,5.85,5.85,5.77,,221356000.0,1510932000.0,1510932000.0,,1510932000.0,,615163000.0,4819493000.0,,88437000.0,,6059000.0,1863578000.0,,693711000.0,615163000.0,4204330000.0,57770000.0,60639000.0,2563348000.0,1640982000.0,91306000.0,1732288000.0,4819493000.0,259800000.0,259815000.0,263515000.0
Vertex Pharmaceuticals Inc,VRTX,54930015RAQRRZ5ZGJ91,875320,2020.0,Q1,2020-01-01,2020-03-31,2020-05-01 16:37:49+00:00,2.32,2.32,2.29,,54781000.0,602753000.0,602753000.0,,602753000.0,,162497000.0,1515107000.0,,-61130000.0,,1600000.0,448528000.0,,182258000.0,162497000.0,1352610000.0,14136000.0,12576000.0,632386000.0,720224000.0,-62690000.0,657534000.0,1515107000.0,259800000.0,259815000.0,263515000.0
