company_name,company_ticker,company_lei,company_cik,year,quarter,start_date,end_date,filing_date,basicdilutedeps,basiceps,cashdividendspershare,dilutedeps,impairmentexpense,incometaxexpense,netincome,netincomecontinuing,netincomediscontinued,netincometocommon,netincometononcontrollinginterest,operatingcostofrevenue,operatingrevenue,othergains,otherincome,otheroperatingexpenses,rdexpense,restructuringcharge,sgaexpense,totalcostofrevenue,totalgrossprofit,totalinterestexpense,totalinterestincome,totaloperatingexpenses,totaloperatingincome,totalotherincome,totalpretaxincome,totalrevenue,weightedavebasicdilutedsharesos,weightedavebasicsharesos,weightedavedilutedsharesos
TE Connectivity Ltd,TEL,,1385157,2007.0,FY,2006-09-30,2007-09-28,2009-11-18 14:59:43+00:00,-1.11,-1.11,,-1.11,92000000.0,465000000.0,-554000000.0,-214000000.0,-340000000.0,-554000000.0,,8855000000.0,12574000000.0,-6000000.0,-219000000.0,931000000.0,532000000.0,,1509000000.0,8855000000.0,3719000000.0,232000000.0,53000000.0,3064000000.0,655000000.0,-398000000.0,257000000.0,12574000000.0,499100000.0,497000000.0,497000000.0
TE Connectivity Ltd,TEL,,1385157,2008.0,FY,2007-09-29,2008-09-26,2009-11-18 14:59:43+00:00,3.69,3.69,,3.67,322000000.0,540000000.0,1782000000.0,1527000000.0,255000000.0,1777000000.0,5000000.0,10200000000.0,14373000000.0,,567000000.0,22000000.0,593000000.0,,1573000000.0,10200000000.0,4173000000.0,190000000.0,32000000.0,2510000000.0,1663000000.0,409000000.0,2072000000.0,14373000000.0,481600000.0,483000000.0,486000000.0
TE Connectivity Ltd,TEL,,1385157,2008.0,Q3,2008-03-29,2008-06-27,2009-07-31 15:24:22+00:00,0.69,0.69,,0.68,16000000.0,191000000.0,330000000.0,285000000.0,45000000.0,330000000.0,,2683000000.0,3782000000.0,-2000000.0,1000000.0,7000000.0,152000000.0,,409000000.0,2683000000.0,1099000000.0,44000000.0,6000000.0,584000000.0,515000000.0,-37000000.0,478000000.0,3782000000.0,478300000.0,478000000.0,482000000.0
TE Connectivity Ltd,TEL,,1385157,2009.0,Q4,2009-06-27,2009-09-25,,0.2,0.2,0.64,0.2,46000000.0,10000000.0,87000000.0,77000000.0,10000000.0,84000000.0,3000000.0,2007000000.0,2698000000.0,2000000.0,-55000000.0,,131000000.0,,338000000.0,2007000000.0,691000000.0,40000000.0,4000000.0,515000000.0,176000000.0,-91000000.0,85000000.0,2698000000.0,459200000.0,459000000.0,459000000.0
TE Connectivity Ltd,TEL,,1385157,2009.0,FY,2008-09-27,2009-09-25,2011-11-18 15:08:02+00:00,-7.11,-7.11,0.64,-7.11,3922000000.0,-567000000.0,-3259000000.0,-3103000000.0,-156000000.0,-3265000000.0,6000000.0,7720000000.0,10256000000.0,,-48000000.0,144000000.0,536000000.0,,1408000000.0,7720000000.0,2536000000.0,165000000.0,17000000.0,6010000000.0,-3474000000.0,-196000000.0,-3670000000.0,10256000000.0,459200000.0,459000000.0,459000000.0
TE Connectivity Ltd,TEL,,1385157,2009.0,Q3,2009-03-28,2009-06-26,2009-07-31 15:24:22+00:00,-0.16,-0.16,,-0.16,63000000.0,3000000.0,-74000000.0,26000000.0,-100000000.0,-74000000.0,,1921000000.0,2508000000.0,-2000000.0,5000000.0,,130000000.0,,330000000.0,1921000000.0,587000000.0,42000000.0,4000000.0,523000000.0,64000000.0,-33000000.0,31000000.0,2508000000.0,462500000.0,458000000.0,459000000.0
TE Connectivity Ltd,TEL,,1385157,2009.0,Q3YTD,2008-09-27,2009-06-26,,-7.31,-7.31,,-7.31,3876000000.0,-577000000.0,-3346000000.0,-3180000000.0,-166000000.0,-3349000000.0,3000000.0,5713000000.0,7558000000.0,-2000000.0,7000000.0,144000000.0,405000000.0,,1070000000.0,5713000000.0,1845000000.0,125000000.0,13000000.0,5495000000.0,-3650000000.0,-105000000.0,-3755000000.0,7558000000.0,462500000.0,458000000.0,459000000.0
TE Connectivity Ltd,TEL,,1385157,2009.0,Q2YTD,2008-09-27,2009-03-27,,-7.15,-7.15,,-7.15,3813000000.0,-580000000.0,-3272000000.0,-3206000000.0,-66000000.0,-3275000000.0,3000000.0,3792000000.0,5050000000.0,,2000000.0,144000000.0,275000000.0,,740000000.0,3792000000.0,1258000000.0,83000000.0,9000000.0,4972000000.0,-3714000000.0,-72000000.0,-3786000000.0,5050000000.0,458000000.0,458000000.0,458000000.0
TE Connectivity Ltd,TEL,,1385157,2009.0,Q2,2008-12-27,2009-03-27,2010-04-29 12:29:02+00:00,-7.07,-7.07,,-7.07,3736000000.0,-594000000.0,-3237000000.0,-3238000000.0,1000000.0,-3238000000.0,1000000.0,1803000000.0,2337000000.0,,3000000.0,135000000.0,131000000.0,,329000000.0,1803000000.0,534000000.0,41000000.0,3000000.0,4331000000.0,-3797000000.0,-35000000.0,-3832000000.0,2337000000.0,458000000.0,458000000.0,458000000.0
TE Connectivity Ltd,TEL,,1385157,2009.0,Q1,2008-09-27,2008-12-26,2010-01-28 12:31:37+00:00,-0.08,-0.08,,-0.08,77000000.0,14000000.0,-35000000.0,32000000.0,-67000000.0,-37000000.0,2000000.0,1989000000.0,2713000000.0,,-1000000.0,9000000.0,144000000.0,,411000000.0,1989000000.0,724000000.0,42000000.0,6000000.0,641000000.0,83000000.0,-37000000.0,46000000.0,2713000000.0,462500000.0,459000000.0,461000000.0
TE Connectivity Ltd,TEL,,1385157,2010.0,Q4,2010-06-26,2010-09-24,,0.66,0.66,0.48,0.66,56000000.0,128000000.0,299000000.0,208000000.0,91000000.0,297000000.0,2000000.0,1889000000.0,2748000000.0,,52000000.0,8000000.0,136000000.0,,341000000.0,1889000000.0,859000000.0,40000000.0,6000000.0,541000000.0,318000000.0,18000000.0,336000000.0,2748000000.0,453900000.0,453000000.0,457000000.0
TE Connectivity Ltd,TEL,,1385157,2010.0,FY,2009-09-26,2010-09-24,2012-11-13 14:35:56+00:00,2.43,2.43,0.64,2.41,137000000.0,476000000.0,1109000000.0,1018000000.0,91000000.0,1103000000.0,6000000.0,8038000000.0,11681000000.0,,177000000.0,1000000.0,563000000.0,,1490000000.0,8038000000.0,3643000000.0,155000000.0,20000000.0,2191000000.0,1452000000.0,42000000.0,1494000000.0,11681000000.0,453900000.0,453000000.0,457000000.0
TE Connectivity Ltd,TEL,,1385157,2010.0,Q3YTD,2009-09-26,2010-06-25,,1.77,1.77,0.16,1.75,81000000.0,348000000.0,810000000.0,810000000.0,,806000000.0,4000000.0,6149000000.0,8933000000.0,,125000000.0,-7000000.0,427000000.0,,1149000000.0,6149000000.0,2784000000.0,115000000.0,14000000.0,1650000000.0,1134000000.0,24000000.0,1158000000.0,8933000000.0,452100000.0,451000000.0,456000000.0
TE Connectivity Ltd,TEL,,1385157,2010.0,Q3TTM,2009-06-27,2010-06-25,,1.97,1.97,0.8,1.95,127000000.0,358000000.0,897000000.0,887000000.0,10000000.0,890000000.0,7000000.0,8156000000.0,11631000000.0,2000000.0,70000000.0,-7000000.0,558000000.0,,1487000000.0,8156000000.0,3475000000.0,155000000.0,18000000.0,2165000000.0,1310000000.0,-67000000.0,1243000000.0,11631000000.0,452100000.0,451000000.0,456000000.0
TE Connectivity Ltd,TEL,,1385157,2010.0,Q3,2010-03-27,2010-06-25,2010-07-23 16:26:51+00:00,0.73,0.73,0.16,0.72,3000000.0,144000000.0,331000000.0,331000000.0,,330000000.0,1000000.0,2099000000.0,3084000000.0,,42000000.0,-7000000.0,147000000.0,,375000000.0,2099000000.0,985000000.0,38000000.0,4000000.0,518000000.0,467000000.0,8000000.0,475000000.0,3084000000.0,452100000.0,451000000.0,456000000.0
TE Connectivity Ltd,TEL,,1385157,2010.0,Q2YTD,2009-09-26,2010-03-26,,1.04,1.04,,1.03,78000000.0,204000000.0,479000000.0,479000000.0,,476000000.0,3000000.0,4050000000.0,5849000000.0,,83000000.0,,280000000.0,,774000000.0,4050000000.0,1799000000.0,77000000.0,10000000.0,1132000000.0,667000000.0,16000000.0,683000000.0,5849000000.0,453700000.0,457000000.0,461000000.0
TE Connectivity Ltd,TEL,,1385157,2010.0,Q2TTM,2009-03-28,2010-03-26,,1.08,1.08,0.64,1.07,187000000.0,217000000.0,492000000.0,582000000.0,-90000000.0,486000000.0,6000000.0,7978000000.0,11055000000.0,,33000000.0,,541000000.0,,1442000000.0,7978000000.0,3077000000.0,159000000.0,18000000.0,2170000000.0,907000000.0,-108000000.0,799000000.0,11055000000.0,453700000.0,457000000.0,461000000.0
TE Connectivity Ltd,TEL,,1385157,2010.0,Q2,2009-12-26,2010-03-26,2010-04-29 12:29:02+00:00,0.67,0.67,,0.66,12000000.0,135000000.0,306000000.0,306000000.0,,304000000.0,2000000.0,1999000000.0,2957000000.0,,75000000.0,,142000000.0,,406000000.0,1999000000.0,958000000.0,38000000.0,6000000.0,560000000.0,398000000.0,43000000.0,441000000.0,2957000000.0,453700000.0,457000000.0,461000000.0
TE Connectivity Ltd,TEL,,1385157,2010.0,Q1TTM,2008-12-27,2009-12-25,,-6.66,-6.66,0.64,-6.66,3911000000.0,-512000000.0,-3051000000.0,-2962000000.0,-89000000.0,-3056000000.0,5000000.0,7782000000.0,10435000000.0,,-39000000.0,135000000.0,530000000.0,,1365000000.0,7782000000.0,2653000000.0,162000000.0,15000000.0,5941000000.0,-3288000000.0,-186000000.0,-3474000000.0,10435000000.0,464900000.0,459000000.0,462000000.0
TE Connectivity Ltd,TEL,,1385157,2010.0,Q1,2009-09-26,2009-12-25,2010-01-28 12:31:37+00:00,0.37,0.37,,0.37,66000000.0,69000000.0,173000000.0,173000000.0,,172000000.0,1000000.0,2051000000.0,2892000000.0,,8000000.0,,138000000.0,,368000000.0,2051000000.0,841000000.0,39000000.0,4000000.0,572000000.0,269000000.0,-27000000.0,242000000.0,2892000000.0,464900000.0,459000000.0,462000000.0
TE Connectivity Ltd,TEL,,1385157,2011.0,Q4,2011-06-25,2011-09-30,,0.76,0.76,0.18,0.75,71000000.0,86000000.0,327000000.0,302000000.0,25000000.0,326000000.0,1000000.0,2296000000.0,3377000000.0,,14000000.0,17000000.0,170000000.0,-17000000.0,429000000.0,2296000000.0,1081000000.0,43000000.0,6000000.0,670000000.0,411000000.0,-23000000.0,388000000.0,3377000000.0,438400000.0,438000000.0,443000000.0
TE Connectivity Ltd,TEL,,1385157,2011.0,FY,2010-09-25,2011-09-30,2013-11-15 08:59:32+00:00,2.84,2.84,0.68,2.81,136000000.0,347000000.0,1250000000.0,1228000000.0,22000000.0,1245000000.0,5000000.0,9507000000.0,13778000000.0,,27000000.0,19000000.0,701000000.0,,1728000000.0,9507000000.0,4271000000.0,161000000.0,22000000.0,2584000000.0,1687000000.0,-112000000.0,1575000000.0,13778000000.0,438400000.0,438000000.0,443000000.0
TE Connectivity Ltd,TEL,,1385157,2011.0,Q3YTD,2010-09-25,2011-06-24,,2.08,2.08,0.5,2.06,65000000.0,261000000.0,923000000.0,926000000.0,-3000000.0,919000000.0,4000000.0,7211000000.0,10401000000.0,,13000000.0,2000000.0,531000000.0,17000000.0,1299000000.0,7211000000.0,3190000000.0,118000000.0,16000000.0,1914000000.0,1276000000.0,-89000000.0,1187000000.0,10401000000.0,438300000.0,437000000.0,442000000.0
TE Connectivity Ltd,TEL,,1385157,2011.0,Q3TTM,2010-06-26,2011-06-24,,2.74,2.74,0.98,2.72,121000000.0,389000000.0,1222000000.0,1134000000.0,88000000.0,1216000000.0,6000000.0,9100000000.0,13149000000.0,,65000000.0,10000000.0,667000000.0,17000000.0,1640000000.0,9100000000.0,4049000000.0,158000000.0,22000000.0,2455000000.0,1594000000.0,-71000000.0,1523000000.0,13149000000.0,438300000.0,437000000.0,442000000.0
TE Connectivity Ltd,TEL,,1385157,2011.0,Q3,2011-03-26,2011-06-24,2011-07-22 11:57:44+00:00,0.81,0.81,0.18,0.8,13000000.0,74000000.0,357000000.0,357000000.0,,355000000.0,2000000.0,2604000000.0,3729000000.0,,-5000000.0,1000000.0,188000000.0,,452000000.0,2604000000.0,1125000000.0,40000000.0,5000000.0,654000000.0,471000000.0,-40000000.0,431000000.0,3729000000.0,438300000.0,437000000.0,442000000.0
TE Connectivity Ltd,TEL,,1385157,2011.0,Q2YTD,2010-09-25,2011-03-25,,1.27,1.27,0.32,1.26,52000000.0,187000000.0,566000000.0,569000000.0,-3000000.0,564000000.0,2000000.0,4607000000.0,6672000000.0,,18000000.0,1000000.0,343000000.0,17000000.0,847000000.0,4607000000.0,2065000000.0,78000000.0,11000000.0,1260000000.0,805000000.0,-49000000.0,756000000.0,6672000000.0,446300000.0,443000000.0,449000000.0
TE Connectivity Ltd,TEL,,1385157,2011.0,Q2TTM,2010-03-27,2011-03-25,,2.66,2.66,0.96,2.64,111000000.0,459000000.0,1196000000.0,1108000000.0,88000000.0,1191000000.0,5000000.0,8595000000.0,12504000000.0,,112000000.0,2000000.0,626000000.0,17000000.0,1563000000.0,8595000000.0,3909000000.0,156000000.0,21000000.0,2319000000.0,1590000000.0,-23000000.0,1567000000.0,12504000000.0,446300000.0,443000000.0,449000000.0
TE Connectivity Ltd,TEL,,1385157,2011.0,Q2,2010-12-25,2011-03-25,2011-04-26 11:47:18+00:00,0.67,0.67,0.16,0.67,13000000.0,74000000.0,300000000.0,300000000.0,,299000000.0,1000000.0,2428000000.0,3472000000.0,,6000000.0,1000000.0,180000000.0,,445000000.0,2428000000.0,1044000000.0,43000000.0,6000000.0,639000000.0,405000000.0,-31000000.0,374000000.0,3472000000.0,446300000.0,443000000.0,449000000.0
TE Connectivity Ltd,TEL,,1385157,2011.0,Q1TTM,2009-12-26,2010-12-24,,2.66,2.66,0.8,2.63,110000000.0,520000000.0,1202000000.0,1114000000.0,88000000.0,1196000000.0,6000000.0,8166000000.0,11989000000.0,,181000000.0,1000000.0,588000000.0,17000000.0,1524000000.0,8166000000.0,3823000000.0,151000000.0,21000000.0,2240000000.0,1583000000.0,51000000.0,1634000000.0,11989000000.0,441700000.0,444000000.0,449000000.0
TE Connectivity Ltd,TEL,,1385157,2011.0,Q1,2010-09-25,2010-12-24,2011-01-24 15:19:45+00:00,0.6,0.6,0.16,0.59,39000000.0,113000000.0,266000000.0,269000000.0,-3000000.0,265000000.0,1000000.0,2179000000.0,3200000000.0,,12000000.0,,163000000.0,17000000.0,402000000.0,2179000000.0,1021000000.0,35000000.0,5000000.0,621000000.0,400000000.0,-18000000.0,382000000.0,3200000000.0,441700000.0,444000000.0,449000000.0
TE Connectivity Ltd,TEL,,1385157,2012.0,Q4,2012-06-30,2012-09-28,,0.94,0.94,0.21,0.92,41000000.0,-22000000.0,396000000.0,384000000.0,12000000.0,396000000.0,,2201000000.0,3225000000.0,,19000000.0,4000000.0,158000000.0,,437000000.0,2201000000.0,1024000000.0,46000000.0,5000000.0,640000000.0,384000000.0,-22000000.0,362000000.0,3225000000.0,426100000.0,426000000.0,430000000.0
TE Connectivity Ltd,TEL,,1385157,2012.0,FY,2011-10-01,2012-09-28,2014-11-12 11:56:32+00:00,2.61,2.61,0.78,2.59,128000000.0,249000000.0,1115000000.0,1166000000.0,-51000000.0,1112000000.0,3000000.0,9236000000.0,13282000000.0,,50000000.0,27000000.0,688000000.0,,1685000000.0,9236000000.0,4046000000.0,176000000.0,23000000.0,2528000000.0,1518000000.0,-103000000.0,1415000000.0,13282000000.0,426100000.0,426000000.0,430000000.0
TE Connectivity Ltd,TEL,,1385157,2012.0,Q3YTD,2011-10-01,2012-06-29,,1.67,1.67,0.57,1.67,87000000.0,271000000.0,719000000.0,782000000.0,-63000000.0,716000000.0,3000000.0,7035000000.0,10057000000.0,,31000000.0,23000000.0,530000000.0,,1248000000.0,7035000000.0,3022000000.0,130000000.0,18000000.0,1888000000.0,1134000000.0,-81000000.0,1053000000.0,10057000000.0,432600000.0,428000000.0,431000000.0
TE Connectivity Ltd,TEL,,1385157,2012.0,Q3TTM,2011-06-25,2012-06-29,,2.43,2.43,0.75,2.42,158000000.0,357000000.0,1046000000.0,1084000000.0,-38000000.0,1042000000.0,4000000.0,9331000000.0,13434000000.0,,45000000.0,40000000.0,700000000.0,-17000000.0,1677000000.0,9331000000.0,4103000000.0,173000000.0,24000000.0,2558000000.0,1545000000.0,-104000000.0,1441000000.0,13434000000.0,432600000.0,428000000.0,431000000.0
TE Connectivity Ltd,TEL,,1385157,2012.0,Q3,2012-03-31,2012-06-29,2012-07-26 14:46:23+00:00,0.46,0.46,0.21,0.46,36000000.0,88000000.0,199000000.0,260000000.0,-61000000.0,199000000.0,,2481000000.0,3499000000.0,,19000000.0,15000000.0,173000000.0,,423000000.0,2481000000.0,1018000000.0,48000000.0,6000000.0,647000000.0,371000000.0,-23000000.0,348000000.0,3499000000.0,432600000.0,428000000.0,431000000.0
TE Connectivity Ltd,TEL,,1385157,2012.0,Q2YTD,2011-10-01,2012-03-30,,1.21,1.21,0.36,1.21,51000000.0,183000000.0,520000000.0,522000000.0,-2000000.0,517000000.0,3000000.0,4554000000.0,6558000000.0,,12000000.0,8000000.0,357000000.0,,825000000.0,4554000000.0,2004000000.0,82000000.0,12000000.0,1241000000.0,763000000.0,-58000000.0,705000000.0,6558000000.0,428300000.0,427000000.0,431000000.0
TE Connectivity Ltd,TEL,,1385157,2012.0,Q2TTM,2011-03-26,2012-03-30,,2.78,2.78,0.72,2.76,135000000.0,343000000.0,1204000000.0,1181000000.0,23000000.0,1198000000.0,6000000.0,9454000000.0,13664000000.0,,21000000.0,26000000.0,715000000.0,-17000000.0,1706000000.0,9454000000.0,4210000000.0,165000000.0,23000000.0,2565000000.0,1645000000.0,-121000000.0,1524000000.0,13664000000.0,428300000.0,427000000.0,431000000.0
TE Connectivity Ltd,TEL,,1385157,2012.0,Q2,2011-12-31,2012-03-30,2012-04-30 13:13:49+00:00,0.6,0.6,0.18,0.6,32000000.0,91000000.0,258000000.0,268000000.0,-10000000.0,257000000.0,1000000.0,2228000000.0,3249000000.0,,11000000.0,4000000.0,173000000.0,,427000000.0,2228000000.0,1021000000.0,44000000.0,7000000.0,636000000.0,385000000.0,-26000000.0,359000000.0,3249000000.0,428300000.0,427000000.0,431000000.0
TE Connectivity Ltd,TEL,,1385157,2012.0,Q1TTM,2010-12-25,2011-12-30,,2.85,2.85,0.7,2.83,116000000.0,326000000.0,1246000000.0,1213000000.0,33000000.0,1240000000.0,6000000.0,9654000000.0,13887000000.0,,16000000.0,23000000.0,722000000.0,-17000000.0,1724000000.0,9654000000.0,4233000000.0,164000000.0,22000000.0,2568000000.0,1665000000.0,-126000000.0,1539000000.0,13887000000.0,426200000.0,425000000.0,429000000.0
TE Connectivity Ltd,TEL,,1385157,2012.0,Q1,2011-10-01,2011-12-30,2012-01-27 11:57:39+00:00,0.61,0.61,0.18,0.61,19000000.0,92000000.0,262000000.0,254000000.0,8000000.0,260000000.0,2000000.0,2326000000.0,3309000000.0,,1000000.0,4000000.0,184000000.0,,398000000.0,2326000000.0,983000000.0,38000000.0,5000000.0,605000000.0,378000000.0,-32000000.0,346000000.0,3309000000.0,426200000.0,425000000.0,429000000.0
TE Connectivity Ltd,TEL,,1385157,2013.0,FY,2012-09-29,2013-09-27,2014-11-12 11:56:32+00:00,3.05,3.05,0.92,3.02,311000000.0,-29000000.0,1277000000.0,1277000000.0,,1276000000.0,1000000.0,8951000000.0,13280000000.0,,-183000000.0,14000000.0,675000000.0,,1773000000.0,8951000000.0,4329000000.0,142000000.0,17000000.0,2773000000.0,1556000000.0,-308000000.0,1248000000.0,13280000000.0,418400000.0,418000000.0,423000000.0
TE Connectivity Ltd,TEL,,1385157,2013.0,Q3,2013-03-30,2013-06-28,2014-07-24 11:10:39+00:00,0.81,0.81,0.25,0.8,,93000000.0,335000000.0,332000000.0,3000000.0,335000000.0,,2317000000.0,3449000000.0,,18000000.0,3000000.0,167000000.0,67000000.0,456000000.0,2317000000.0,1132000000.0,36000000.0,4000000.0,693000000.0,439000000.0,-14000000.0,425000000.0,3449000000.0,413600000.0,415000000.0,421000000.0
TE Connectivity Ltd,TEL,,1385157,2013.0,Q2,2012-12-29,2013-03-29,2014-04-24 12:05:18+00:00,0.66,0.66,0.21,0.65,,60000000.0,277000000.0,278000000.0,-1000000.0,277000000.0,,2213000000.0,3265000000.0,,9000000.0,3000000.0,171000000.0,81000000.0,438000000.0,2213000000.0,1052000000.0,35000000.0,5000000.0,693000000.0,359000000.0,-21000000.0,338000000.0,3265000000.0,419700000.0,420000000.0,424000000.0
TE Connectivity Ltd,TEL,,1385157,2014.0,FY,2013-09-28,2014-09-26,2016-11-15 14:15:18+00:00,4.34,4.34,1.08,4.27,19000000.0,146000000.0,1781000000.0,1614000000.0,167000000.0,1781000000.0,,8001000000.0,11973000000.0,,63000000.0,31000000.0,583000000.0,,1534000000.0,8001000000.0,3972000000.0,127000000.0,19000000.0,2167000000.0,1805000000.0,-45000000.0,1760000000.0,11973000000.0,410400000.0,410000000.0,417000000.0
TE Connectivity Ltd,TEL,,1385157,2014.0,Q4,2014-06-28,2014-09-26,,1.61,1.61,0.29,1.59,19000000.0,-219000000.0,663000000.0,548000000.0,115000000.0,663000000.0,,1477000000.0,2141000000.0,,6000000.0,29000000.0,102000000.0,-38000000.0,200000000.0,1477000000.0,664000000.0,35000000.0,6000000.0,312000000.0,352000000.0,-23000000.0,329000000.0,2141000000.0,410400000.0,410000000.0,417000000.0
TE Connectivity Ltd,TEL,,1385157,2014.0,Q3,2014-03-29,2014-06-27,2015-07-23 14:35:18+00:00,0.99,0.99,0.29,0.97,,102000000.0,403000000.0,347000000.0,56000000.0,403000000.0,,2057000000.0,3075000000.0,,9000000.0,1000000.0,147000000.0,10000000.0,396000000.0,2057000000.0,1018000000.0,28000000.0,4000000.0,554000000.0,464000000.0,-15000000.0,449000000.0,3075000000.0,407100000.0,409000000.0,416000000.0
TE Connectivity Ltd,TEL,,1385157,2014.0,Q3YTD,2013-09-28,2014-06-27,,2.73,2.73,0.79,2.68,,365000000.0,1118000000.0,1066000000.0,52000000.0,1118000000.0,,6524000000.0,9832000000.0,,57000000.0,2000000.0,481000000.0,38000000.0,1334000000.0,6524000000.0,3308000000.0,92000000.0,13000000.0,1855000000.0,1453000000.0,-22000000.0,1431000000.0,9832000000.0,407100000.0,409000000.0,416000000.0
TE Connectivity Ltd,TEL,,1385157,2014.0,Q2YTD,2013-09-28,2014-03-28,,1.74,1.74,0.5,1.71,,263000000.0,715000000.0,719000000.0,-4000000.0,715000000.0,,4467000000.0,6757000000.0,,48000000.0,1000000.0,334000000.0,28000000.0,938000000.0,4467000000.0,2290000000.0,64000000.0,9000000.0,1301000000.0,989000000.0,-7000000.0,982000000.0,6757000000.0,411400000.0,410000000.0,417000000.0
TE Connectivity Ltd,TEL,,1385157,2014.0,Q2,2013-12-28,2014-03-28,2014-04-24 12:05:18+00:00,0.88,0.88,0.25,0.87,,136000000.0,362000000.0,364000000.0,-2000000.0,362000000.0,,2258000000.0,3431000000.0,,16000000.0,1000000.0,170000000.0,21000000.0,471000000.0,2258000000.0,1173000000.0,30000000.0,4000000.0,663000000.0,510000000.0,-10000000.0,500000000.0,3431000000.0,411400000.0,410000000.0,417000000.0
TE Connectivity Ltd,TEL,,1385157,2014.0,Q1,2013-09-28,2013-12-27,2014-01-23 11:04:35+00:00,0.86,0.86,0.25,0.84,,127000000.0,353000000.0,355000000.0,-2000000.0,353000000.0,,2209000000.0,3326000000.0,,32000000.0,,164000000.0,7000000.0,467000000.0,2209000000.0,1117000000.0,34000000.0,5000000.0,638000000.0,479000000.0,3000000.0,482000000.0,3326000000.0,410500000.0,411000000.0,418000000.0
TE Connectivity Ltd,TEL,,1385157,2015.0,FY,2014-09-27,2015-09-25,2017-11-14 12:35:50+00:00,5.98,5.98,1.24,5.89,152000000.0,337000000.0,2420000000.0,1238000000.0,1182000000.0,2420000000.0,,8146000000.0,12233000000.0,,-55000000.0,55000000.0,627000000.0,,1504000000.0,8146000000.0,4087000000.0,136000000.0,17000000.0,2338000000.0,1749000000.0,-174000000.0,1575000000.0,12233000000.0,404700000.0,405000000.0,411000000.0
TE Connectivity Ltd,TEL,,1385157,2015.0,Q4,2015-06-27,2015-09-25,,2.59,2.59,0.33,2.55,152000000.0,252000000.0,1040000000.0,136000000.0,904000000.0,1040000000.0,,2016000000.0,2984000000.0,,9000000.0,9000000.0,148000000.0,-82000000.0,334000000.0,2016000000.0,968000000.0,32000000.0,4000000.0,561000000.0,407000000.0,-19000000.0,388000000.0,2984000000.0,404700000.0,405000000.0,411000000.0
TE Connectivity Ltd,TEL,,1385157,2015.0,Q3,2015-03-28,2015-06-26,2016-07-22 13:28:40+00:00,0.76,0.76,0.33,0.75,,100000000.0,309000000.0,351000000.0,-42000000.0,309000000.0,,2070000000.0,3118000000.0,,11000000.0,8000000.0,159000000.0,19000000.0,393000000.0,2070000000.0,1048000000.0,33000000.0,4000000.0,579000000.0,469000000.0,-18000000.0,451000000.0,3118000000.0,406600000.0,406000000.0,412000000.0
TE Connectivity Ltd,TEL,,1385157,2015.0,Q3YTD,2014-09-27,2015-06-26,,3.39,3.39,0.91,3.34,,85000000.0,1380000000.0,1102000000.0,278000000.0,1380000000.0,,6130000000.0,9249000000.0,,-64000000.0,46000000.0,479000000.0,82000000.0,1170000000.0,6130000000.0,3119000000.0,104000000.0,13000000.0,1777000000.0,1342000000.0,-155000000.0,1187000000.0,9249000000.0,406600000.0,406000000.0,412000000.0
TE Connectivity Ltd,TEL,,1385157,2015.0,Q3TTM,2014-06-28,2015-06-26,,5.0,5.0,1.2,4.93,19000000.0,-134000000.0,2043000000.0,1650000000.0,393000000.0,2043000000.0,,7607000000.0,11390000000.0,,-58000000.0,75000000.0,581000000.0,44000000.0,1370000000.0,7607000000.0,3783000000.0,139000000.0,19000000.0,2089000000.0,1694000000.0,-178000000.0,1516000000.0,11390000000.0,406600000.0,406000000.0,412000000.0
TE Connectivity Ltd,TEL,,1385157,2015.0,Q2,2014-12-27,2015-03-27,2016-04-21 14:59:02+00:00,1.47,1.47,0.29,1.45,,94000000.0,599000000.0,316000000.0,283000000.0,599000000.0,,2031000000.0,3082000000.0,,-5000000.0,14000000.0,160000000.0,38000000.0,391000000.0,2031000000.0,1051000000.0,37000000.0,4000000.0,603000000.0,448000000.0,-38000000.0,410000000.0,3082000000.0,407500000.0,407000000.0,413000000.0
TE Connectivity Ltd,TEL,,1385157,2015.0,Q2YTD,2014-09-27,2015-03-27,,2.63,2.63,0.58,2.59,,-15000000.0,1071000000.0,751000000.0,320000000.0,1071000000.0,,4060000000.0,6131000000.0,,-75000000.0,38000000.0,320000000.0,63000000.0,777000000.0,4060000000.0,2071000000.0,71000000.0,9000000.0,1198000000.0,873000000.0,-137000000.0,736000000.0,6131000000.0,407500000.0,407000000.0,413000000.0
TE Connectivity Ltd,TEL,,1385157,2015.0,Q2TTM,2014-03-29,2015-03-27,,5.23,5.23,1.16,5.15,19000000.0,-132000000.0,2137000000.0,1646000000.0,491000000.0,2137000000.0,,7594000000.0,11347000000.0,,-60000000.0,68000000.0,569000000.0,35000000.0,1373000000.0,7594000000.0,3753000000.0,134000000.0,19000000.0,2064000000.0,1689000000.0,-175000000.0,1514000000.0,11347000000.0,407500000.0,407000000.0,413000000.0
TE Connectivity Ltd,TEL,,1385157,2015.0,Q1,2014-09-27,2014-12-26,2016-01-22 13:14:26+00:00,1.16,1.16,0.29,1.14,,-109000000.0,472000000.0,435000000.0,37000000.0,472000000.0,,2029000000.0,3049000000.0,,-70000000.0,24000000.0,160000000.0,25000000.0,386000000.0,2029000000.0,1020000000.0,34000000.0,5000000.0,595000000.0,425000000.0,-99000000.0,326000000.0,3049000000.0,406900000.0,407000000.0,413000000.0
TE Connectivity Ltd,TEL,,1385157,2015.0,Q1TTM,2013-12-28,2014-12-26,,4.64,4.64,1.12,4.57,19000000.0,-90000000.0,1900000000.0,1694000000.0,206000000.0,1900000000.0,,7821000000.0,11696000000.0,,-39000000.0,55000000.0,579000000.0,18000000.0,1453000000.0,7821000000.0,3875000000.0,127000000.0,19000000.0,2124000000.0,1751000000.0,-147000000.0,1604000000.0,11696000000.0,406900000.0,407000000.0,413000000.0
TE Connectivity Ltd,TEL,,1385157,2016.0,FY,2015-09-26,2016-09-30,2018-11-13 13:27:51+00:00,5.49,5.49,1.4,5.44,,-826000000.0,2009000000.0,1847000000.0,162000000.0,2009000000.0,,7525000000.0,11352000000.0,,-677000000.0,22000000.0,603000000.0,-2000000.0,1396000000.0,7525000000.0,3827000000.0,127000000.0,17000000.0,2019000000.0,1808000000.0,-787000000.0,1021000000.0,11352000000.0,365900000.0,366000000.0,369000000.0
TE Connectivity Ltd,TEL,,1385157,2016.0,Q4,2016-06-25,2016-09-30,,1.18,1.18,0.37,1.18,,5000000.0,437000000.0,343000000.0,94000000.0,437000000.0,,1548000000.0,2446000000.0,,-46000000.0,3000000.0,124000000.0,26000000.0,322000000.0,1548000000.0,898000000.0,34000000.0,5000000.0,475000000.0,423000000.0,-75000000.0,348000000.0,2446000000.0,365900000.0,366000000.0,369000000.0
TE Connectivity Ltd,TEL,,1385157,2016.0,Q3,2016-03-26,2016-06-24,2017-07-26 15:18:59+00:00,2.35,2.35,0.37,2.32,,-1019000000.0,839000000.0,791000000.0,48000000.0,839000000.0,,2099000000.0,3121000000.0,,-651000000.0,11000000.0,161000000.0,31000000.0,367000000.0,2099000000.0,1022000000.0,31000000.0,2000000.0,570000000.0,452000000.0,-680000000.0,-228000000.0,3121000000.0,357000000.0,357000000.0,361000000.0
TE Connectivity Ltd,TEL,,1385157,2016.0,Q3YTD,2015-09-26,2016-06-24,,4.31,4.31,1.03,4.26,,-831000000.0,1572000000.0,1504000000.0,68000000.0,1572000000.0,,5977000000.0,8906000000.0,,-631000000.0,19000000.0,479000000.0,-28000000.0,1074000000.0,5977000000.0,2929000000.0,93000000.0,12000000.0,1544000000.0,1385000000.0,-712000000.0,673000000.0,8906000000.0,357000000.0,357000000.0,361000000.0
TE Connectivity Ltd,TEL,,1385157,2016.0,Q3TTM,2015-06-27,2016-06-24,,6.9,6.9,1.36,6.81,152000000.0,-579000000.0,2612000000.0,1640000000.0,972000000.0,2612000000.0,,7993000000.0,11890000000.0,,-622000000.0,28000000.0,627000000.0,-110000000.0,1408000000.0,7993000000.0,3897000000.0,125000000.0,16000000.0,2105000000.0,1792000000.0,-731000000.0,1061000000.0,11890000000.0,357000000.0,357000000.0,361000000.0
TE Connectivity Ltd,TEL,,1385157,2016.0,Q2,2015-12-26,2016-03-25,2017-04-26 13:47:12+00:00,1.04,1.04,0.33,1.03,,130000000.0,380000000.0,389000000.0,-9000000.0,380000000.0,,1990000000.0,2952000000.0,,12000000.0,3000000.0,156000000.0,-99000000.0,367000000.0,1990000000.0,962000000.0,32000000.0,4000000.0,427000000.0,535000000.0,-16000000.0,519000000.0,2952000000.0,365400000.0,364000000.0,368000000.0
TE Connectivity Ltd,TEL,,1385157,2016.0,Q2YTD,2015-09-26,2016-03-25,,1.96,1.96,0.66,1.94,,188000000.0,733000000.0,713000000.0,20000000.0,733000000.0,,3878000000.0,5785000000.0,,20000000.0,8000000.0,318000000.0,-59000000.0,707000000.0,3878000000.0,1907000000.0,62000000.0,10000000.0,974000000.0,933000000.0,-32000000.0,901000000.0,5785000000.0,365400000.0,364000000.0,368000000.0
TE Connectivity Ltd,TEL,,1385157,2016.0,Q2TTM,2015-03-28,2016-03-25,,5.31,5.31,1.32,5.24,152000000.0,540000000.0,2082000000.0,1200000000.0,882000000.0,2082000000.0,,7964000000.0,11887000000.0,,40000000.0,25000000.0,625000000.0,-122000000.0,1434000000.0,7964000000.0,3923000000.0,127000000.0,18000000.0,2114000000.0,1809000000.0,-69000000.0,1740000000.0,11887000000.0,365400000.0,364000000.0,368000000.0
TE Connectivity Ltd,TEL,,1385157,2016.0,Q1,2015-09-26,2015-12-25,2017-01-26 11:01:11+00:00,0.92,0.92,0.33,0.91,,58000000.0,353000000.0,324000000.0,29000000.0,353000000.0,,1888000000.0,2833000000.0,,8000000.0,5000000.0,162000000.0,40000000.0,340000000.0,1888000000.0,945000000.0,30000000.0,6000000.0,547000000.0,398000000.0,-16000000.0,382000000.0,2833000000.0,383700000.0,385000000.0,390000000.0
TE Connectivity Ltd,TEL,,1385157,2016.0,Q1TTM,2014-12-27,2015-12-25,,5.74,5.74,1.28,5.66,152000000.0,504000000.0,2301000000.0,1127000000.0,1174000000.0,2301000000.0,,8005000000.0,12017000000.0,,23000000.0,36000000.0,629000000.0,15000000.0,1458000000.0,8005000000.0,4012000000.0,132000000.0,18000000.0,2290000000.0,1722000000.0,-91000000.0,1631000000.0,12017000000.0,383700000.0,385000000.0,390000000.0
TE Connectivity Ltd,TEL,,1385157,2017.0,FY,2016-10-01,2017-09-29,2019-11-12 13:33:02+00:00,4.74,4.74,1.54,4.7,,180000000.0,1683000000.0,1540000000.0,143000000.0,1683000000.0,,8002000000.0,12185000000.0,,-42000000.0,6000000.0,611000000.0,147000000.0,1543000000.0,8002000000.0,4183000000.0,130000000.0,16000000.0,2307000000.0,1876000000.0,-156000000.0,1720000000.0,12185000000.0,355100000.0,355000000.0,358000000.0
TE Connectivity Ltd,TEL,,1385157,2017.0,Q4,2017-07-01,2017-09-29,,1.22,1.22,0.4,1.21,,16000000.0,434000000.0,296000000.0,138000000.0,434000000.0,,1662000000.0,2528000000.0,,-11000000.0,1000000.0,126000000.0,22000000.0,361000000.0,1662000000.0,866000000.0,35000000.0,2000000.0,510000000.0,356000000.0,-44000000.0,312000000.0,2528000000.0,355100000.0,355000000.0,358000000.0
TE Connectivity Ltd,TEL,,1385157,2017.0,Q3,2017-04-01,2017-06-30,2018-07-26 12:15:27+00:00,1.23,1.23,0.4,1.22,,71000000.0,435000000.0,432000000.0,3000000.0,435000000.0,,2227000000.0,3367000000.0,,-12000000.0,1000000.0,168000000.0,19000000.0,408000000.0,2227000000.0,1140000000.0,32000000.0,3000000.0,596000000.0,544000000.0,-41000000.0,503000000.0,3367000000.0,353700000.0,355000000.0,358000000.0
TE Connectivity Ltd,TEL,,1385157,2017.0,Q3YTD,2016-10-01,2017-06-30,,3.52,3.52,1.14,3.49,,164000000.0,1249000000.0,1244000000.0,5000000.0,1249000000.0,,6340000000.0,9657000000.0,,-31000000.0,5000000.0,485000000.0,125000000.0,1182000000.0,6340000000.0,3317000000.0,95000000.0,14000000.0,1797000000.0,1520000000.0,-112000000.0,1408000000.0,9657000000.0,353700000.0,355000000.0,358000000.0
TE Connectivity Ltd,TEL,,1385157,2017.0,Q3TTM,2016-06-25,2017-06-30,,4.7,4.7,1.51,4.67,,169000000.0,1686000000.0,1587000000.0,99000000.0,1686000000.0,,7888000000.0,12103000000.0,,-77000000.0,8000000.0,609000000.0,151000000.0,1504000000.0,7888000000.0,4215000000.0,129000000.0,19000000.0,2272000000.0,1943000000.0,-187000000.0,1756000000.0,12103000000.0,353700000.0,355000000.0,358000000.0
TE Connectivity Ltd,TEL,,1385157,2017.0,Q2,2016-12-31,2017-03-31,2018-04-25 14:50:45+00:00,1.14,1.14,0.37,1.13,,39000000.0,405000000.0,406000000.0,-1000000.0,405000000.0,,2117000000.0,3227000000.0,,-10000000.0,2000000.0,161000000.0,59000000.0,407000000.0,2117000000.0,1110000000.0,32000000.0,6000000.0,629000000.0,481000000.0,-36000000.0,445000000.0,3227000000.0,355300000.0,356000000.0,359000000.0
TE Connectivity Ltd,TEL,,1385157,2017.0,Q2YTD,2016-10-01,2017-03-31,,2.29,2.29,0.74,2.27,,93000000.0,814000000.0,812000000.0,2000000.0,814000000.0,,4113000000.0,6290000000.0,,-19000000.0,4000000.0,317000000.0,106000000.0,774000000.0,4113000000.0,2177000000.0,63000000.0,11000000.0,1201000000.0,976000000.0,-71000000.0,905000000.0,6290000000.0,355300000.0,356000000.0,359000000.0
TE Connectivity Ltd,TEL,,1385157,2017.0,Q2TTM,2016-03-26,2017-03-31,,5.82,5.82,1.48,5.77,,-921000000.0,2090000000.0,1946000000.0,144000000.0,2090000000.0,,7760000000.0,11857000000.0,,-716000000.0,18000000.0,602000000.0,163000000.0,1463000000.0,7760000000.0,4097000000.0,128000000.0,18000000.0,2246000000.0,1851000000.0,-826000000.0,1025000000.0,11857000000.0,355300000.0,356000000.0,359000000.0
TE Connectivity Ltd,TEL,,1385157,2017.0,Q1,2016-10-01,2016-12-30,2018-01-24 16:24:31+00:00,1.15,1.15,0.37,1.14,,54000000.0,409000000.0,406000000.0,3000000.0,409000000.0,,1996000000.0,3063000000.0,,-9000000.0,2000000.0,156000000.0,47000000.0,367000000.0,1996000000.0,1067000000.0,31000000.0,5000000.0,572000000.0,495000000.0,-35000000.0,460000000.0,3063000000.0,355700000.0,356000000.0,359000000.0
TE Connectivity Ltd,TEL,,1385157,2017.0,Q1TTM,2015-12-26,2016-12-30,,5.72,5.72,1.44,5.67,,-830000000.0,2065000000.0,1929000000.0,136000000.0,2065000000.0,,7633000000.0,11582000000.0,,-694000000.0,19000000.0,597000000.0,5000000.0,1423000000.0,7633000000.0,3949000000.0,128000000.0,16000000.0,2044000000.0,1905000000.0,-806000000.0,1099000000.0,11582000000.0,355700000.0,356000000.0,359000000.0
TE Connectivity Ltd,TEL,,1385157,2018.0,FY,2017-09-30,2018-09-28,2019-11-12 13:33:02+00:00,7.33,7.33,1.68,7.27,,-344000000.0,2565000000.0,2584000000.0,-19000000.0,2565000000.0,,9243000000.0,13988000000.0,,1000000.0,14000000.0,680000000.0,126000000.0,1594000000.0,9243000000.0,4745000000.0,107000000.0,15000000.0,2414000000.0,2331000000.0,-91000000.0,2240000000.0,13988000000.0,349900000.0,350000000.0,353000000.0
TE Connectivity Ltd,TEL,,1385157,2018.0,Q4,2018-06-30,2018-09-28,,4.74,4.74,0.88,4.71,,-1128000000.0,1661000000.0,1674000000.0,-13000000.0,1661000000.0,,2327000000.0,3509000000.0,,-1000000.0,5000000.0,171000000.0,22000000.0,414000000.0,2327000000.0,1182000000.0,27000000.0,4000000.0,612000000.0,570000000.0,-24000000.0,546000000.0,3509000000.0,349900000.0,350000000.0,353000000.0
TE Connectivity Ltd,TEL,,1385157,2018.0,Q3,2018-03-31,2018-06-29,2019-07-26 11:19:34+00:00,1.3,1.3,,1.29,,77000000.0,454000000.0,453000000.0,1000000.0,454000000.0,,2394000000.0,3581000000.0,,-1000000.0,4000000.0,171000000.0,64000000.0,394000000.0,2394000000.0,1187000000.0,26000000.0,3000000.0,633000000.0,554000000.0,-24000000.0,530000000.0,3581000000.0,349200000.0,349000000.0,352000000.0
TE Connectivity Ltd,TEL,,1385157,2018.0,Q3YTD,2017-09-30,2018-06-29,,2.59,2.59,0.8,2.56,,784000000.0,904000000.0,910000000.0,-6000000.0,904000000.0,,6916000000.0,10479000000.0,,2000000.0,9000000.0,509000000.0,104000000.0,1180000000.0,6916000000.0,3563000000.0,80000000.0,11000000.0,1802000000.0,1761000000.0,-67000000.0,1694000000.0,10479000000.0,349200000.0,349000000.0,352000000.0
TE Connectivity Ltd,TEL,,1385157,2018.0,Q3TTM,2017-07-01,2018-06-29,,3.81,3.81,1.2,3.77,,800000000.0,1338000000.0,1206000000.0,132000000.0,1338000000.0,,8578000000.0,13007000000.0,,-9000000.0,10000000.0,635000000.0,126000000.0,1541000000.0,8578000000.0,4429000000.0,115000000.0,13000000.0,2312000000.0,2117000000.0,-111000000.0,2006000000.0,13007000000.0,349200000.0,349000000.0,352000000.0
TE Connectivity Ltd,TEL,,1385157,2018.0,Q2,2017-12-30,2018-03-30,2019-04-26 12:09:32+00:00,1.4,1.4,0.4,1.38,,108000000.0,490000000.0,490000000.0,,490000000.0,,2350000000.0,3562000000.0,,1000000.0,3000000.0,173000000.0,6000000.0,409000000.0,2350000000.0,1212000000.0,28000000.0,4000000.0,591000000.0,621000000.0,-23000000.0,598000000.0,3562000000.0,350000000.0,351000000.0,354000000.0
TE Connectivity Ltd,TEL,,1385157,2018.0,Q2YTD,2017-09-30,2018-03-30,,1.29,1.29,0.8,1.27,,707000000.0,450000000.0,457000000.0,-7000000.0,450000000.0,,4522000000.0,6898000000.0,,3000000.0,5000000.0,338000000.0,40000000.0,786000000.0,4522000000.0,2376000000.0,54000000.0,8000000.0,1169000000.0,1207000000.0,-43000000.0,1164000000.0,6898000000.0,350000000.0,351000000.0,354000000.0
TE Connectivity Ltd,TEL,,1385157,2018.0,Q2TTM,2017-04-01,2018-03-30,,3.74,3.74,1.6,3.7,,794000000.0,1319000000.0,1185000000.0,134000000.0,1319000000.0,,8411000000.0,12793000000.0,,-20000000.0,7000000.0,632000000.0,81000000.0,1555000000.0,8411000000.0,4382000000.0,121000000.0,13000000.0,2275000000.0,2107000000.0,-128000000.0,1979000000.0,12793000000.0,350000000.0,351000000.0,354000000.0
TE Connectivity Ltd,TEL,,1385157,2018.0,Q1,2017-09-30,2017-12-29,2019-01-24 12:11:41+00:00,-0.11,-0.11,0.4,-0.11,,599000000.0,-40000000.0,-33000000.0,-7000000.0,-40000000.0,,2172000000.0,3336000000.0,,2000000.0,2000000.0,165000000.0,34000000.0,377000000.0,2172000000.0,1164000000.0,26000000.0,4000000.0,578000000.0,586000000.0,-20000000.0,566000000.0,3336000000.0,363600000.0,352000000.0,352000000.0
TE Connectivity Ltd,TEL,,1385157,2018.0,Q1TTM,2016-12-31,2017-12-29,,3.48,3.48,1.57,3.45,,725000000.0,1234000000.0,1101000000.0,133000000.0,1234000000.0,,8178000000.0,12458000000.0,,-31000000.0,6000000.0,620000000.0,134000000.0,1553000000.0,8178000000.0,4280000000.0,125000000.0,15000000.0,2313000000.0,1967000000.0,-141000000.0,1826000000.0,12458000000.0,363600000.0,352000000.0,352000000.0
TE Connectivity Ltd,TEL,,1385157,2019.0,Q4,2019-06-29,2019-09-27,,1.1,1.1,1.36,1.1,,61000000.0,372000000.0,376000000.0,-4000000.0,372000000.0,,2248000000.0,3300000000.0,,,6000000.0,159000000.0,71000000.0,372000000.0,2248000000.0,1052000000.0,13000000.0,6000000.0,608000000.0,444000000.0,-7000000.0,437000000.0,3300000000.0,337700000.0,338000000.0,340000000.0
TE Connectivity Ltd,TEL,,1385157,2019.0,FY,2018-09-29,2019-09-27,2019-11-12 13:33:02+00:00,5.46,5.46,1.8,5.42,,-15000000.0,1844000000.0,1946000000.0,-102000000.0,1844000000.0,,9054000000.0,13448000000.0,,2000000.0,27000000.0,644000000.0,255000000.0,1490000000.0,9054000000.0,4394000000.0,68000000.0,19000000.0,2416000000.0,1978000000.0,-47000000.0,1931000000.0,13448000000.0,337700000.0,338000000.0,340000000.0
TE Connectivity Ltd,TEL,,1385157,2019.0,Q3,2019-03-30,2019-06-28,2019-07-26 11:19:34+00:00,2.25,2.25,,2.23,,-245000000.0,757000000.0,758000000.0,-1000000.0,757000000.0,,2279000000.0,3389000000.0,,2000000.0,9000000.0,158000000.0,67000000.0,356000000.0,2279000000.0,1110000000.0,13000000.0,4000000.0,590000000.0,520000000.0,-7000000.0,513000000.0,3389000000.0,336400000.0,337000000.0,339000000.0
TE Connectivity Ltd,TEL,,1385157,2019.0,Q3YTD,2018-09-29,2019-06-28,,4.36,4.36,0.44,4.32,,-76000000.0,1472000000.0,1570000000.0,-98000000.0,1472000000.0,,6806000000.0,10148000000.0,,2000000.0,21000000.0,485000000.0,184000000.0,1118000000.0,6806000000.0,3342000000.0,55000000.0,13000000.0,1808000000.0,1534000000.0,-40000000.0,1494000000.0,10148000000.0,336400000.0,337000000.0,339000000.0
TE Connectivity Ltd,TEL,,1385157,2019.0,Q3TTM,2018-06-30,2019-06-28,,9.1,9.1,1.32,9.03,,-1204000000.0,3133000000.0,3244000000.0,-111000000.0,3133000000.0,,9133000000.0,13657000000.0,,1000000.0,26000000.0,656000000.0,206000000.0,1532000000.0,9133000000.0,4524000000.0,82000000.0,17000000.0,2420000000.0,2104000000.0,-64000000.0,2040000000.0,13657000000.0,336400000.0,337000000.0,339000000.0
TE Connectivity Ltd,TEL,,1385157,2019.0,Q2,2018-12-29,2019-03-29,2020-05-04 13:27:23+00:00,1.3,1.3,0.44,1.29,,91000000.0,439000000.0,429000000.0,10000000.0,439000000.0,,2294000000.0,3412000000.0,,1000000.0,7000000.0,166000000.0,42000000.0,373000000.0,2294000000.0,1118000000.0,15000000.0,4000000.0,588000000.0,530000000.0,-10000000.0,520000000.0,3412000000.0,337700000.0,338000000.0,340000000.0
TE Connectivity Ltd,TEL,,1385157,2019.0,Q2YTD,2018-09-29,2019-03-29,,2.11,2.11,0.44,2.09,,169000000.0,715000000.0,812000000.0,-97000000.0,715000000.0,,4527000000.0,6759000000.0,,,12000000.0,327000000.0,117000000.0,762000000.0,4527000000.0,2232000000.0,42000000.0,9000000.0,1218000000.0,1014000000.0,-33000000.0,981000000.0,6759000000.0,337700000.0,338000000.0,340000000.0
TE Connectivity Ltd,TEL,,1385157,2019.0,Q2TTM,2018-03-31,2019-03-29,,8.15,8.15,1.32,8.09,,-882000000.0,2830000000.0,2939000000.0,-109000000.0,2830000000.0,,9248000000.0,13849000000.0,,-2000000.0,21000000.0,669000000.0,203000000.0,1570000000.0,9248000000.0,4601000000.0,95000000.0,16000000.0,2463000000.0,2138000000.0,-81000000.0,2057000000.0,13849000000.0,337700000.0,338000000.0,340000000.0
TE Connectivity Ltd,TEL,,1385157,2019.0,Q1,2018-09-29,2018-12-28,2020-01-29 11:29:30+00:00,0.81,0.81,0.44,0.8,,78000000.0,276000000.0,383000000.0,-107000000.0,276000000.0,,2233000000.0,3347000000.0,,-1000000.0,5000000.0,161000000.0,75000000.0,389000000.0,2233000000.0,1114000000.0,27000000.0,5000000.0,630000000.0,484000000.0,-23000000.0,461000000.0,3347000000.0,340700000.0,342000000.0,344000000.0
TE Connectivity Ltd,TEL,,1385157,2019.0,Q1TTM,2017-12-30,2018-12-28,,8.25,8.25,1.28,8.18,,-865000000.0,2881000000.0,3000000000.0,-119000000.0,2881000000.0,,9304000000.0,13999000000.0,,-2000000.0,17000000.0,676000000.0,167000000.0,1606000000.0,9304000000.0,4695000000.0,108000000.0,16000000.0,2466000000.0,2229000000.0,-94000000.0,2135000000.0,13999000000.0,340700000.0,342000000.0,344000000.0
TE Connectivity Ltd,TEL,,1385157,2020.0,Q2YTD,2019-09-28,2020-03-27,,-1.29,-1.29,0.46,-1.29,900000000.0,489000000.0,-430000000.0,-429000000.0,-1000000.0,-430000000.0,,4304000000.0,6363000000.0,,16000000.0,19000000.0,319000000.0,46000000.0,719000000.0,4304000000.0,2059000000.0,23000000.0,11000000.0,2003000000.0,56000000.0,4000000.0,60000000.0,6363000000.0,332800000.0,334000000.0,334000000.0
TE Connectivity Ltd,TEL,,1385157,2020.0,Q2TTM,2019-03-30,2020-03-27,,2.06,2.06,1.82,2.04,900000000.0,305000000.0,699000000.0,705000000.0,-6000000.0,699000000.0,,8831000000.0,13052000000.0,,18000000.0,34000000.0,636000000.0,184000000.0,1447000000.0,8831000000.0,4221000000.0,49000000.0,21000000.0,3201000000.0,1020000000.0,-10000000.0,1010000000.0,13052000000.0,332800000.0,334000000.0,334000000.0
TE Connectivity Ltd,TEL,,1385157,2020.0,Q2,2019-12-28,2020-03-27,2020-05-04 13:27:23+00:00,-1.37,-1.37,0.46,-1.37,900000000.0,42000000.0,-456000000.0,-452000000.0,-4000000.0,-456000000.0,,2166000000.0,3195000000.0,,11000000.0,12000000.0,158000000.0,22000000.0,352000000.0,2166000000.0,1029000000.0,11000000.0,5000000.0,1444000000.0,-415000000.0,5000000.0,-410000000.0,3195000000.0,332800000.0,334000000.0,334000000.0
TE Connectivity Ltd,TEL,,1385157,2020.0,Q1TTM,2018-12-29,2019-12-27,,4.73,4.73,1.8,4.7,,354000000.0,1594000000.0,1586000000.0,8000000.0,1594000000.0,,8959000000.0,13269000000.0,,8000000.0,29000000.0,644000000.0,204000000.0,1468000000.0,8959000000.0,4310000000.0,53000000.0,20000000.0,2345000000.0,1965000000.0,-25000000.0,1940000000.0,13269000000.0,325000000.0,335000000.0,337000000.0
TE Connectivity Ltd,TEL,,1385157,2020.0,Q1,2019-09-28,2019-12-27,2020-01-29 11:29:30+00:00,0.08,0.08,0.46,0.08,,447000000.0,26000000.0,23000000.0,3000000.0,26000000.0,,2138000000.0,3168000000.0,,5000000.0,7000000.0,161000000.0,24000000.0,367000000.0,2138000000.0,1030000000.0,12000000.0,6000000.0,559000000.0,471000000.0,-1000000.0,470000000.0,3168000000.0,325000000.0,335000000.0,337000000.0
