company_name,company_ticker,company_lei,company_cik,year,quarter,start_date,end_date,filing_date,basicdilutedeps,basiceps,cashdividendspershare,dilutedeps,explorationexpense,impairmentexpense,incometaxexpense,netincome,netincomecontinuing,netincomediscontinued,netincometocommon,netincometononcontrollinginterest,operatingcostofrevenue,operatingrevenue,othercostofrevenue,othergains,otherincome,otheroperatingexpenses,otherspecialcharges,preferreddividends,restructuringcharge,sgaexpense,totalcostofrevenue,totalgrossprofit,totalinterestexpense,totalinterestincome,totaloperatingexpenses,totaloperatingincome,totalotherincome,totalpretaxincome,totalrevenue,weightedavebasicdilutedsharesos,weightedavebasicsharesos,weightedavedilutedsharesos
Freeport-McMoRan Inc,FCX,,831259,2007.0,FY,2007-01-01,2007-12-31,2010-02-26 15:12:35+00:00,8.12,8.12,1.375,7.5,145000000.0,0.0,2400000000.0,3779000000.0,3733000000.0,46000000.0,2769000000.0,802000000.0,9773000000.0,16939000000.0,,22000000.0,242000000.0,,,208000000.0,,466000000.0,9773000000.0,7166000000.0,686000000.0,,611000000.0,6555000000.0,-444000000.0,6111000000.0,16939000000.0,341000000.0,341000000.0,397000000.0
Freeport-McMoRan Inc,FCX,,831259,2008.0,FY,2008-01-01,2008-12-31,2011-02-25 16:47:58+00:00,-14.86,-14.86,0.6875,-14.86,292000000.0,16965000000.0,-2844000000.0,-10450000000.0,-10450000000.0,,-11341000000.0,617000000.0,12980000000.0,17796000000.0,,15000000.0,-9000000.0,,,274000000.0,,269000000.0,12980000000.0,4816000000.0,590000000.0,,17526000000.0,-12710000000.0,-599000000.0,-13309000000.0,17796000000.0,763200000.0,763000000.0,763000000.0
Freeport-McMoRan Inc,FCX,,831259,2008.0,Q3,2008-07-01,2008-09-30,2009-11-06 14:24:44+00:00,1.37,1.37,0.5,1.31,77000000.0,,240000000.0,742000000.0,742000000.0,,523000000.0,155000000.0,3316000000.0,4616000000.0,,2000000.0,-14000000.0,,,64000000.0,0.0,90000000.0,3316000000.0,1300000000.0,139000000.0,,167000000.0,1133000000.0,-153000000.0,980000000.0,4616000000.0,381800000.0,382000000.0,447000000.0
Freeport-McMoRan Inc,FCX,,831259,2008.0,Q2,2008-04-01,2008-06-30,2009-08-07 17:24:28+00:00,2.47,2.47,0.4375,2.25,80000000.0,,658000000.0,1284000000.0,1284000000.0,,947000000.0,274000000.0,3182000000.0,5441000000.0,,7000000.0,22000000.0,,,63000000.0,0.0,126000000.0,3182000000.0,2259000000.0,140000000.0,,206000000.0,2053000000.0,-118000000.0,1935000000.0,5441000000.0,383400000.0,384000000.0,450000000.0
Freeport-McMoRan Inc,FCX,,831259,2009.0,FY,2009-01-01,2009-12-31,2012-02-27 17:16:26+00:00,3.05,3.05,0.075,2.93,90000000.0,,2307000000.0,3534000000.0,3534000000.0,,2527000000.0,785000000.0,8020000000.0,15040000000.0,,25000000.0,-53000000.0,,106000000.0,222000000.0,,321000000.0,8020000000.0,7020000000.0,634000000.0,,517000000.0,6503000000.0,-687000000.0,5816000000.0,15040000000.0,828500000.0,829000000.0,938000000.0
Freeport-McMoRan Inc,FCX,,831259,2009.0,Q4,2009-10-01,2009-12-31,,1.17,1.17,0.52,1.17,17000000.0,,750000000.0,1312000000.0,1312000000.0,,971000000.0,293000000.0,2175000000.0,4610000000.0,,4000000.0,-29000000.0,,106000000.0,48000000.0,-23000000.0,96000000.0,2175000000.0,2435000000.0,152000000.0,,196000000.0,2239000000.0,-181000000.0,2058000000.0,4610000000.0,828500000.0,829000000.0,938000000.0
Freeport-McMoRan Inc,FCX,,831259,2009.0,Q3YTD,2009-01-01,2009-09-30,,3.74,3.74,0.79,3.74,73000000.0,,1557000000.0,2222000000.0,2222000000.0,,1556000000.0,492000000.0,5845000000.0,10430000000.0,,21000000.0,-24000000.0,,,174000000.0,23000000.0,225000000.0,5845000000.0,4585000000.0,482000000.0,,321000000.0,4264000000.0,-506000000.0,3758000000.0,10430000000.0,414800000.0,416000000.0,472000000.0
Freeport-McMoRan Inc,FCX,,831259,2009.0,Q3,2009-07-01,2009-09-30,2010-11-05 17:09:18+00:00,2.23,2.23,0.0,2.07,19000000.0,,684000000.0,1203000000.0,1203000000.0,,925000000.0,224000000.0,1967000000.0,4144000000.0,,3000000.0,-7000000.0,,,54000000.0,0.0,74000000.0,1967000000.0,2177000000.0,193000000.0,,93000000.0,2084000000.0,-200000000.0,1884000000.0,4144000000.0,414800000.0,416000000.0,472000000.0
Freeport-McMoRan Inc,FCX,,831259,2009.0,Q2YTD,2009-01-01,2009-06-30,,1.53,1.53,0.44,1.53,54000000.0,,873000000.0,1019000000.0,1019000000.0,,631000000.0,268000000.0,3878000000.0,6286000000.0,,18000000.0,-17000000.0,,,120000000.0,23000000.0,151000000.0,3878000000.0,2408000000.0,289000000.0,,228000000.0,2180000000.0,-306000000.0,1874000000.0,6286000000.0,411200000.0,412000000.0,471.0
Freeport-McMoRan Inc,FCX,,831259,2009.0,Q2,2009-04-01,2009-06-30,2010-08-06 17:30:43+00:00,1.43,1.43,0.0,1.38,24000000.0,,542000000.0,812000000.0,812000000.0,,588000000.0,164000000.0,2065000000.0,3684000000.0,,7000000.0,-3000000.0,,,60000000.0,-2000000.0,89000000.0,2065000000.0,1619000000.0,158000000.0,,111000000.0,1508000000.0,-161000000.0,1347000000.0,3684000000.0,411200000.0,412000000.0,471.0
Freeport-McMoRan Inc,FCX,,831259,2009.0,Q1,2009-01-01,2009-03-31,2010-05-07 16:28:09+00:00,0.11,0.11,0.0,0.11,30000000.0,,331000000.0,207000000.0,207000000.0,,43000000.0,104000000.0,1813000000.0,2602000000.0,,11000000.0,-14000000.0,,,60000000.0,25000000.0,62000000.0,1813000000.0,789000000.0,131000000.0,,117000000.0,672000000.0,-145000000.0,527000000.0,2602000000.0,390900000.0,400000000.0,401000000.0
Freeport-McMoRan Inc,FCX,,831259,2010.0,Q4,2010-10-01,2010-12-31,,1.69,1.69,1.2,1.69,39000000.0,,1027000000.0,1964000000.0,1964000000.0,,1549000000.0,415000000.0,2347000000.0,5603000000.0,,5000000.0,-15000000.0,,16000000.0,,,104000000.0,2347000000.0,3256000000.0,96000000.0,,159000000.0,3097000000.0,-111000000.0,2986000000.0,5603000000.0,915000000.0,915000000.0,949000000.0
Freeport-McMoRan Inc,FCX,,831259,2010.0,FY,2010-01-01,2010-12-31,2013-02-22 16:05:01+00:00,4.67,4.67,1.125,4.57,143000000.0,,2983000000.0,5544000000.0,5544000000.0,,4273000000.0,1208000000.0,9371000000.0,18982000000.0,,15000000.0,-13000000.0,,19000000.0,63000000.0,,381000000.0,9371000000.0,9611000000.0,543000000.0,,543000000.0,9068000000.0,-556000000.0,8512000000.0,18982000000.0,915000000.0,915000000.0,949000000.0
Freeport-McMoRan Inc,FCX,,831259,2010.0,Q3YTD,2010-01-01,2010-09-30,,2.89,2.89,0.74,2.89,104000000.0,,1956000000.0,3580000000.0,3580000000.0,,2724000000.0,793000000.0,7024000000.0,13379000000.0,,10000000.0,2000000.0,,3000000.0,63000000.0,,277000000.0,7024000000.0,6355000000.0,447000000.0,,384000000.0,5971000000.0,-445000000.0,5526000000.0,13379000000.0,942400000.0,941000000.0,947000000.0
Freeport-McMoRan Inc,FCX,,831259,2010.0,Q3TTM,2009-10-01,2010-09-30,,3.93,3.93,1.2,3.93,121000000.0,,2706000000.0,4892000000.0,4892000000.0,,3695000000.0,1086000000.0,9199000000.0,17989000000.0,,14000000.0,-27000000.0,,109000000.0,111000000.0,-23000000.0,373000000.0,9199000000.0,8790000000.0,599000000.0,,580000000.0,8210000000.0,-626000000.0,7584000000.0,17989000000.0,942400000.0,941000000.0,947000000.0
Freeport-McMoRan Inc,FCX,,831259,2010.0,Q3,2010-07-01,2010-09-30,2011-11-04 15:49:38+00:00,1.25,1.25,0.15,1.24,35000000.0,,845000000.0,1533000000.0,1533000000.0,,1178000000.0,355000000.0,2534000000.0,5152000000.0,,1000000.0,-19000000.0,,3000000.0,0.0,,81000000.0,2534000000.0,2618000000.0,103000000.0,,119000000.0,2499000000.0,-122000000.0,2377000000.0,5152000000.0,942400000.0,941000000.0,947000000.0
Freeport-McMoRan Inc,FCX,,831259,2010.0,Q2YTD,2010-01-01,2010-06-30,,1.69,1.69,0.4,1.69,69000000.0,,1111000000.0,2047000000.0,2047000000.0,,1546000000.0,438000000.0,4490000000.0,8227000000.0,,9000000.0,21000000.0,,,63000000.0,,196000000.0,4490000000.0,3737000000.0,344000000.0,,265000000.0,3472000000.0,-323000000.0,3149000000.0,8227000000.0,914100000.0,915000000.0,947000000.0
Freeport-McMoRan Inc,FCX,,831259,2010.0,Q2TTM,2009-07-01,2010-06-30,,3.76,3.76,1.04,3.76,105000000.0,,2545000000.0,4562000000.0,4562000000.0,,3442000000.0,955000000.0,8632000000.0,16981000000.0,,16000000.0,-15000000.0,,106000000.0,165000000.0,-23000000.0,366000000.0,8632000000.0,8349000000.0,689000000.0,,554000000.0,7795000000.0,-704000000.0,7091000000.0,16981000000.0,914100000.0,915000000.0,947000000.0
Freeport-McMoRan Inc,FCX,,831259,2010.0,Q2,2010-04-01,2010-06-30,2011-08-05 16:06:38+00:00,0.71,0.71,0.15,0.7,38000000.0,,433000000.0,832000000.0,832000000.0,,649000000.0,168000000.0,2301000000.0,3864000000.0,,4000000.0,9000000.0,,0.0,15000000.0,,101000000.0,2301000000.0,1563000000.0,172000000.0,,139000000.0,1424000000.0,-163000000.0,1261000000.0,3864000000.0,914100000.0,915000000.0,947000000.0
Freeport-McMoRan Inc,FCX,,831259,2010.0,Q1TTM,2009-04-01,2010-03-31,,3.93,3.93,1.04,3.93,91000000.0,,2654000000.0,4542000000.0,4542000000.0,,3381000000.0,951000000.0,8396000000.0,16801000000.0,,19000000.0,-27000000.0,,106000000.0,210000000.0,-25000000.0,354000000.0,8396000000.0,8405000000.0,675000000.0,,526000000.0,7879000000.0,-702000000.0,7177000000.0,16801000000.0,862500000.0,861000000.0,947000000.0
Freeport-McMoRan Inc,FCX,,831259,2010.0,Q1,2010-01-01,2010-03-31,2011-05-06 14:55:48+00:00,1.04,1.04,0.075,1.0,31000000.0,,678000000.0,1215000000.0,1215000000.0,,897000000.0,270000000.0,2189000000.0,4363000000.0,,5000000.0,12000000.0,,,48000000.0,,95000000.0,2189000000.0,2174000000.0,172000000.0,,126000000.0,2048000000.0,-160000000.0,1888000000.0,4363000000.0,862500000.0,861000000.0,947000000.0
Freeport-McMoRan Inc,FCX,,831259,2011.0,Q4,2011-10-01,2011-12-31,,0.68,0.68,0.29,0.68,77000000.0,,389000000.0,866000000.0,866000000.0,,640000000.0,226000000.0,2660000000.0,4162000000.0,,2000000.0,18000000.0,,36000000.0,,,92000000.0,2660000000.0,1502000000.0,62000000.0,,205000000.0,1297000000.0,-44000000.0,1253000000.0,4162000000.0,948000000.0,947000000.0,955000000.0
Freeport-McMoRan Inc,FCX,,831259,2011.0,FY,2011-01-01,2011-12-31,2014-02-27 16:35:39+00:00,4.81,4.81,1.5,4.78,271000000.0,,3087000000.0,5747000000.0,5747000000.0,,4560000000.0,1187000000.0,10920000000.0,20880000000.0,,16000000.0,58000000.0,,134000000.0,,,415000000.0,10920000000.0,9960000000.0,380000000.0,0.0,820000000.0,9140000000.0,-322000000.0,8818000000.0,20880000000.0,948000000.0,947000000.0,955000000.0
Freeport-McMoRan Inc,FCX,,831259,2011.0,Q3YTD,2011-01-01,2011-09-30,,4.14,4.14,1.62,4.14,194000000.0,,2698000000.0,4881000000.0,4881000000.0,,3920000000.0,961000000.0,8260000000.0,16718000000.0,,14000000.0,40000000.0,,98000000.0,,,323000000.0,8260000000.0,8458000000.0,318000000.0,,615000000.0,7843000000.0,-278000000.0,7565000000.0,16718000000.0,948600000.0,948000000.0,955000000.0
Freeport-McMoRan Inc,FCX,,831259,2011.0,Q3TTM,2010-10-01,2011-09-30,,5.77,5.77,2.78,5.77,233000000.0,,3725000000.0,6845000000.0,6845000000.0,,5469000000.0,1376000000.0,10607000000.0,22321000000.0,,19000000.0,25000000.0,,114000000.0,,,427000000.0,10607000000.0,11714000000.0,414000000.0,,774000000.0,10940000000.0,-389000000.0,10551000000.0,22321000000.0,948600000.0,948000000.0,955000000.0
Freeport-McMoRan Inc,FCX,,831259,2011.0,Q3,2011-07-01,2011-09-30,2012-11-02 15:28:32+00:00,1.11,1.11,0.25,1.1,78000000.0,,808000000.0,1294000000.0,1294000000.0,,1053000000.0,241000000.0,2827000000.0,5195000000.0,,2000000.0,28000000.0,,38000000.0,,,102000000.0,2827000000.0,2368000000.0,78000000.0,,218000000.0,2150000000.0,-50000000.0,2100000000.0,5195000000.0,948600000.0,948000000.0,955000000.0
Freeport-McMoRan Inc,FCX,,831259,2011.0,Q2YTD,2011-01-01,2011-06-30,,3.03,3.03,1.21,3.03,116000000.0,,1890000000.0,3587000000.0,3587000000.0,,2867000000.0,720000000.0,5433000000.0,11523000000.0,,12000000.0,12000000.0,,60000000.0,,,221000000.0,5433000000.0,6090000000.0,240000000.0,,397000000.0,5693000000.0,-228000000.0,5465000000.0,11523000000.0,950000000.0,947000000.0,956000000.0
Freeport-McMoRan Inc,FCX,,831259,2011.0,Q2TTM,2010-07-01,2011-06-30,,5.91,5.91,2.71,5.91,190000000.0,,3762000000.0,7084000000.0,7084000000.0,,5594000000.0,1490000000.0,10314000000.0,22278000000.0,,18000000.0,-22000000.0,,79000000.0,,,406000000.0,10314000000.0,11964000000.0,439000000.0,,675000000.0,11289000000.0,-461000000.0,10828000000.0,22278000000.0,950000000.0,947000000.0,956000000.0
Freeport-McMoRan Inc,FCX,,831259,2011.0,Q2,2011-04-01,2011-06-30,2012-08-03 15:01:44+00:00,1.44,1.44,0.75,1.43,66000000.0,,906000000.0,1726000000.0,1726000000.0,,1368000000.0,358000000.0,2824000000.0,5814000000.0,,8000000.0,2000000.0,,60000000.0,,,107000000.0,2824000000.0,2990000000.0,135000000.0,,233000000.0,2757000000.0,-133000000.0,2624000000.0,5814000000.0,950000000.0,947000000.0,956000000.0
Freeport-McMoRan Inc,FCX,,831259,2011.0,Q1TTM,2010-04-01,2011-03-31,,5.15,5.15,2.09,5.15,162000000.0,,3289000000.0,6190000000.0,6190000000.0,,4875000000.0,1300000000.0,9791000000.0,20328000000.0,,14000000.0,-15000000.0,,19000000.0,15000000.0,,400000000.0,9791000000.0,10537000000.0,476000000.0,,581000000.0,9956000000.0,-491000000.0,9465000000.0,20328000000.0,948700000.0,946000000.0,955000000.0
Freeport-McMoRan Inc,FCX,,831259,2011.0,Q1,2011-01-01,2011-03-31,2012-05-04 17:46:16+00:00,1.58,1.58,0.25,1.57,50000000.0,,984000000.0,1861000000.0,1861000000.0,,1499000000.0,362000000.0,2609000000.0,5709000000.0,,4000000.0,10000000.0,,0.0,,,114000000.0,2609000000.0,3100000000.0,105000000.0,,164000000.0,2936000000.0,-95000000.0,2841000000.0,5709000000.0,948700000.0,946000000.0,955000000.0
Freeport-McMoRan Inc,FCX,,831259,2012.0,Q4,2012-10-01,2012-12-31,,0.78,0.78,0.35,0.78,71000000.0,,382000000.0,945000000.0,945000000.0,,743000000.0,202000000.0,3063000000.0,4513000000.0,,3000000.0,4000000.0,,-99000000.0,,,120000000.0,3063000000.0,1450000000.0,38000000.0,,92000000.0,1358000000.0,-34000000.0,1324000000.0,4513000000.0,950300000.0,949000000.0,954000000.0
Freeport-McMoRan Inc,FCX,,831259,2012.0,FY,2012-01-01,2012-12-31,2015-02-27 14:06:45+00:00,3.2,3.2,1.25,3.19,285000000.0,0.0,1510000000.0,3980000000.0,3980000000.0,,3041000000.0,939000000.0,11561000000.0,18010000000.0,0.0,3000000.0,27000000.0,,-81000000.0,0.0,,431000000.0,11561000000.0,6449000000.0,354000000.0,0.0,635000000.0,5814000000.0,-327000000.0,5487000000.0,18010000000.0,950300000.0,949000000.0,954000000.0
Freeport-McMoRan Inc,FCX,,831259,2012.0,Q3YTD,2012-01-01,2012-09-30,,2.42,2.42,0.96,2.42,214000000.0,,1128000000.0,3035000000.0,3035000000.0,,2298000000.0,737000000.0,8498000000.0,13497000000.0,,,23000000.0,,18000000.0,,,311000000.0,8498000000.0,4999000000.0,316000000.0,,543000000.0,4456000000.0,-293000000.0,4163000000.0,13497000000.0,947100000.0,949000000.0,953000000.0
Freeport-McMoRan Inc,FCX,,831259,2012.0,Q3TTM,2011-10-01,2012-09-30,,3.1,3.1,1.25,3.1,291000000.0,,1517000000.0,3901000000.0,3901000000.0,,2938000000.0,963000000.0,11158000000.0,17659000000.0,,2000000.0,41000000.0,,54000000.0,,,403000000.0,11158000000.0,6501000000.0,378000000.0,,748000000.0,5753000000.0,-337000000.0,5416000000.0,17659000000.0,947100000.0,949000000.0,953000000.0
Freeport-McMoRan Inc,FCX,,831259,2012.0,Q3,2012-07-01,2012-09-30,2013-11-06 16:30:16+00:00,0.87,0.87,0.3125,0.86,79000000.0,,215000000.0,1140000000.0,1140000000.0,,824000000.0,316000000.0,2890000000.0,4417000000.0,,1000000.0,-15000000.0,,-73000000.0,,,110000000.0,2890000000.0,1527000000.0,42000000.0,0.0,116000000.0,1411000000.0,-57000000.0,1354000000.0,4417000000.0,947100000.0,949000000.0,953000000.0
Freeport-McMoRan Inc,FCX,,831259,2012.0,Q2YTD,2012-01-01,2012-06-30,,1.55,1.55,0.6,1.55,135000000.0,,913000000.0,1895000000.0,1895000000.0,,1474000000.0,421000000.0,5608000000.0,9080000000.0,,-1000000.0,38000000.0,,91000000.0,,,201000000.0,5608000000.0,3472000000.0,274000000.0,,427000000.0,3045000000.0,-236000000.0,2809000000.0,9080000000.0,946700000.0,949000000.0,953000000.0
Freeport-McMoRan Inc,FCX,,831259,2012.0,Q2TTM,2011-07-01,2012-06-30,,3.34,3.34,1.31,3.34,290000000.0,,2110000000.0,4055000000.0,4055000000.0,,3167000000.0,888000000.0,11095000000.0,18437000000.0,,3000000.0,84000000.0,,165000000.0,,,395000000.0,11095000000.0,7342000000.0,414000000.0,,850000000.0,6492000000.0,-330000000.0,6162000000.0,18437000000.0,946700000.0,949000000.0,953000000.0
Freeport-McMoRan Inc,FCX,,831259,2012.0,Q2,2012-04-01,2012-06-30,2013-08-08 17:39:22+00:00,0.75,0.75,0.3125,0.74,73000000.0,,422000000.0,894000000.0,894000000.0,,710000000.0,184000000.0,2913000000.0,4475000000.0,,-3000000.0,51000000.0,,81000000.0,,,97000000.0,2913000000.0,1562000000.0,43000000.0,0.0,251000000.0,1311000000.0,8000000.0,1319000000.0,4475000000.0,946700000.0,949000000.0,953000000.0
Freeport-McMoRan Inc,FCX,,831259,2012.0,Q1TTM,2011-04-01,2012-03-31,,4.03,4.03,1.77,4.03,283000000.0,,2594000000.0,4887000000.0,4887000000.0,,3825000000.0,1062000000.0,11006000000.0,19776000000.0,,14000000.0,35000000.0,,144000000.0,,,405000000.0,11006000000.0,8770000000.0,506000000.0,,832000000.0,7938000000.0,-471000000.0,7467000000.0,19776000000.0,943200000.0,949000000.0,955000000.0
Freeport-McMoRan Inc,FCX,,831259,2012.0,Q1,2012-01-01,2012-03-31,2013-05-06 14:00:56+00:00,0.81,0.81,0.3125,0.8,62000000.0,,491000000.0,1001000000.0,1001000000.0,,764000000.0,237000000.0,2695000000.0,4605000000.0,,2000000.0,-13000000.0,,10000000.0,,,104000000.0,2695000000.0,1910000000.0,231000000.0,,176000000.0,1734000000.0,-244000000.0,1490000000.0,4605000000.0,943200000.0,949000000.0,955000000.0
Freeport-McMoRan Inc,FCX,,831259,2013.0,Q4,2013-10-01,2013-12-31,,0.69,0.69,0.31,0.68,37000000.0,,508000000.0,959000000.0,959000000.0,,707000000.0,242000000.0,3955000000.0,5885000000.0,,,-26000000.0,,43000000.0,10000000.0,,200000000.0,3955000000.0,1930000000.0,157000000.0,,280000000.0,1650000000.0,-183000000.0,1467000000.0,5885000000.0,1003000000.0,1002000000.0,1006000000.0
Freeport-McMoRan Inc,FCX,,831259,2013.0,FY,2013-01-01,2013-12-31,2015-02-27 14:06:45+00:00,2.65,2.65,2.25,2.64,210000000.0,0.0,1475000000.0,3441000000.0,3441000000.0,,2658000000.0,761000000.0,14637000000.0,20921000000.0,0.0,3000000.0,-13000000.0,,66000000.0,22000000.0,,657000000.0,14637000000.0,6284000000.0,553000000.0,128000000.0,933000000.0,5351000000.0,-438000000.0,4913000000.0,20921000000.0,1003000000.0,1002000000.0,1006000000.0
Freeport-McMoRan Inc,FCX,,831259,2013.0,Q3YTD,2013-01-01,2013-09-30,,1.88,1.88,2.04,1.88,173000000.0,,967000000.0,2482000000.0,2482000000.0,,1951000000.0,519000000.0,10682000000.0,15036000000.0,,3000000.0,13000000.0,,23000000.0,12000000.0,,457000000.0,10682000000.0,4354000000.0,396000000.0,128000000.0,653000000.0,3701000000.0,-255000000.0,3446000000.0,15036000000.0,1039200000.0,1038000000.0,1043000000.0
Freeport-McMoRan Inc,FCX,,831259,2013.0,Q3TTM,2012-10-01,2013-09-30,,2.6,2.6,2.36,2.6,244000000.0,,1349000000.0,3427000000.0,3427000000.0,,2694000000.0,721000000.0,13745000000.0,19549000000.0,,6000000.0,17000000.0,,-76000000.0,12000000.0,,577000000.0,13745000000.0,5804000000.0,434000000.0,128000000.0,745000000.0,5059000000.0,-289000000.0,4770000000.0,19549000000.0,1039200000.0,1038000000.0,1043000000.0
Freeport-McMoRan Inc,FCX,,831259,2013.0,Q3,2013-07-01,2013-09-30,2014-11-07 15:47:07+00:00,0.79,0.79,0.3125,0.79,57000000.0,,499000000.0,1048000000.0,1048000000.0,,821000000.0,218000000.0,4251000000.0,6165000000.0,0.0,-1000000.0,3000000.0,,-8000000.0,9000000.0,,158000000.0,4251000000.0,1914000000.0,162000000.0,0.0,207000000.0,1707000000.0,-159000000.0,1548000000.0,6165000000.0,1039200000.0,1038000000.0,1043000000.0
Freeport-McMoRan Inc,FCX,,831259,2013.0,Q2YTD,2013-01-01,2013-06-30,,1.15,1.15,0.7,1.15,116000000.0,,468000000.0,1434000000.0,1434000000.0,,1130000000.0,301000000.0,6431000000.0,8871000000.0,,4000000.0,10000000.0,,31000000.0,3000000.0,,299000000.0,6431000000.0,2440000000.0,234000000.0,128000000.0,446000000.0,1994000000.0,-96000000.0,1898000000.0,8871000000.0,983700000.0,980000000.0,984000000.0
Freeport-McMoRan Inc,FCX,,831259,2013.0,Q2TTM,2012-07-01,2013-06-30,,2.75,2.75,1.38,2.75,266000000.0,,1065000000.0,3519000000.0,3519000000.0,,2697000000.0,819000000.0,12384000000.0,17801000000.0,,8000000.0,-1000000.0,,-141000000.0,3000000.0,,529000000.0,12384000000.0,5417000000.0,314000000.0,128000000.0,654000000.0,4763000000.0,-187000000.0,4576000000.0,17801000000.0,983700000.0,980000000.0,984000000.0
Freeport-McMoRan Inc,FCX,,831259,2013.0,Q2,2013-04-01,2013-06-30,2014-08-08 18:52:42+00:00,0.49,0.49,1.3125,0.49,64000000.0,,40000000.0,610000000.0,610000000.0,,482000000.0,125000000.0,3383000000.0,4288000000.0,,2000000.0,13000000.0,,16000000.0,3000000.0,,186000000.0,3383000000.0,905000000.0,132000000.0,128000000.0,266000000.0,639000000.0,9000000.0,648000000.0,4288000000.0,983700000.0,980000000.0,984000000.0
Freeport-McMoRan Inc,FCX,,831259,2013.0,Q1TTM,2012-04-01,2013-03-31,,3.08,3.08,1.41,3.08,275000000.0,,1447000000.0,3803000000.0,3803000000.0,,2925000000.0,878000000.0,11914000000.0,17988000000.0,,3000000.0,37000000.0,,-76000000.0,,,440000000.0,11914000000.0,6074000000.0,225000000.0,,639000000.0,5435000000.0,-188000000.0,5247000000.0,17988000000.0,952900000.0,950000000.0,953000000.0
Freeport-McMoRan Inc,FCX,,831259,2013.0,Q1,2013-01-01,2013-03-31,2014-05-09 16:37:08+00:00,0.68,0.68,0.3125,0.68,52000000.0,,428000000.0,824000000.0,824000000.0,,648000000.0,176000000.0,3048000000.0,4583000000.0,,2000000.0,-3000000.0,,15000000.0,0.0,,113000000.0,3048000000.0,1535000000.0,102000000.0,,180000000.0,1355000000.0,-105000000.0,1250000000.0,4583000000.0,952900000.0,950000000.0,953000000.0
Freeport-McMoRan Inc,FCX,,831259,2014.0,FY,2014-01-01,2014-12-31,2017-02-24 13:07:11+00:00,-1.26,-1.26,1.25,-1.26,106000000.0,1717000000.0,225000000.0,-745000000.0,-1022000000.0,277000000.0,-1308000000.0,523000000.0,14757000000.0,20001000000.0,3700000000.0,3000000.0,31000000.0,,-598000000.0,40000000.0,,580000000.0,18494000000.0,1507000000.0,533000000.0,,1805000000.0,-298000000.0,-502000000.0,-800000000.0,20001000000.0,1039000000.0,1038100000.0,1038100000.0
Freeport-McMoRan Inc,FCX,,831259,2014.0,Q3YTD,2014-01-01,2014-09-30,,1.48,1.48,0.94,1.48,93000000.0,,1034000000.0,1990000000.0,1990000000.0,,1544000000.0,416000000.0,11895000000.0,16203000000.0,308000000.0,,48000000.0,,54000000.0,30000000.0,,457000000.0,12203000000.0,4000000000.0,420000000.0,,604000000.0,3396000000.0,-372000000.0,3024000000.0,16203000000.0,1041500000.0,1039000000.0,1046000000.0
Freeport-McMoRan Inc,FCX,,831259,2014.0,Q3TTM,2013-10-01,2014-09-30,,2.17,2.17,1.25,2.16,130000000.0,,1542000000.0,2949000000.0,2949000000.0,,2251000000.0,658000000.0,15850000000.0,22088000000.0,308000000.0,,22000000.0,,97000000.0,40000000.0,,657000000.0,16158000000.0,5930000000.0,577000000.0,,884000000.0,5046000000.0,-555000000.0,4491000000.0,22088000000.0,1041500000.0,1039000000.0,1046000000.0
Freeport-McMoRan Inc,FCX,,831259,2014.0,Q3,2014-07-01,2014-09-30,2015-11-06 15:33:04+00:00,0.53,0.53,0.3125,0.53,29000000.0,,349000000.0,704000000.0,704000000.0,,552000000.0,142000000.0,4097000000.0,5696000000.0,308000000.0,-2000000.0,23000000.0,,-28000000.0,10000000.0,,158000000.0,4405000000.0,1291000000.0,100000000.0,,159000000.0,1132000000.0,-77000000.0,1055000000.0,5696000000.0,1041500000.0,1039000000.0,1046000000.0
Freeport-McMoRan Inc,FCX,,831259,2014.0,Q2YTD,2014-01-01,2014-06-30,,0.95,0.95,0.63,0.95,64000000.0,,685000000.0,1286000000.0,1286000000.0,,992000000.0,274000000.0,7798000000.0,10507000000.0,,2000000.0,25000000.0,,82000000.0,20000000.0,,299000000.0,7798000000.0,2709000000.0,320000000.0,,445000000.0,2264000000.0,-295000000.0,1969000000.0,10507000000.0,1047800000.0,1039000000.0,1045000000.0
Freeport-McMoRan Inc,FCX,,831259,2014.0,Q2TTM,2013-07-01,2014-06-30,,2.43,2.43,1.25,2.42,158000000.0,,1692000000.0,3293000000.0,3293000000.0,,2520000000.0,734000000.0,16004000000.0,22557000000.0,,1000000.0,2000000.0,,117000000.0,39000000.0,,657000000.0,16004000000.0,6553000000.0,639000000.0,,932000000.0,5621000000.0,-637000000.0,4984000000.0,22557000000.0,1047800000.0,1039000000.0,1045000000.0
Freeport-McMoRan Inc,FCX,,831259,2014.0,Q2,2014-04-01,2014-06-30,2015-08-10 06:03:33+00:00,0.46,0.46,0.3125,0.46,34000000.0,,328000000.0,660000000.0,660000000.0,,482000000.0,168000000.0,4095000000.0,5522000000.0,0.0,2000000.0,-8000000.0,,76000000.0,10000000.0,,164000000.0,4095000000.0,1427000000.0,159000000.0,,274000000.0,1153000000.0,-167000000.0,986000000.0,5522000000.0,1047800000.0,1039000000.0,1045000000.0
Freeport-McMoRan Inc,FCX,,831259,2014.0,Q1TTM,2013-04-01,2014-03-31,,2.46,2.46,2.25,2.45,188000000.0,,1404000000.0,3243000000.0,3243000000.0,,2520000000.0,691000000.0,15292000000.0,21323000000.0,,1000000.0,23000000.0,,57000000.0,32000000.0,,679000000.0,15292000000.0,6031000000.0,612000000.0,128000000.0,924000000.0,5107000000.0,-461000000.0,4646000000.0,21323000000.0,1040800000.0,1038000000.0,1044000000.0
Freeport-McMoRan Inc,FCX,,831259,2014.0,Q1,2014-01-01,2014-03-31,2015-05-08 14:15:38+00:00,0.49,0.49,0.3125,0.49,30000000.0,,357000000.0,626000000.0,626000000.0,,510000000.0,106000000.0,3703000000.0,4985000000.0,0.0,0.0,33000000.0,,6000000.0,10000000.0,,135000000.0,3703000000.0,1282000000.0,161000000.0,,171000000.0,1111000000.0,-128000000.0,983000000.0,4985000000.0,1040800000.0,1038000000.0,1044000000.0
Freeport-McMoRan Inc,FCX,,831259,2015.0,FY,2015-01-01,2015-12-31,2018-02-20 17:05:25+00:00,-11.31,-11.31,0.2605,-11.31,107000000.0,,-1951000000.0,-12089000000.0,-12180000000.0,91000000.0,-12236000000.0,106000000.0,14271000000.0,14607000000.0,13100000000.0,-3000000.0,1000000.0,,39000000.0,41000000.0,,558000000.0,27415000000.0,-12808000000.0,617000000.0,,704000000.0,-13512000000.0,-616000000.0,-14128000000.0,14607000000.0,1081900000.0,1082000000.0,1082000000.0
Freeport-McMoRan Inc,FCX,,831259,2015.0,Q3,2015-07-01,2015-09-30,2016-11-09 17:04:21+00:00,,,0.05,-3.58,26000000.0,,-349000000.0,-3790000000.0,-3815000000.0,25000000.0,-3830000000.0,29000000.0,3509000000.0,3382000000.0,3652000000.0,-2000000.0,-41000000.0,,37000000.0,11000000.0,,122000000.0,7161000000.0,-3779000000.0,157000000.0,,185000000.0,-3964000000.0,-198000000.0,-4162000000.0,3382000000.0,,1071000000.0,1071000000.0
Freeport-McMoRan Inc,FCX,,831259,2015.0,Q3YTD,2015-01-01,2015-09-30,,-2.38,-2.38,0.26,-7.74,89000000.0,,-1743000000.0,-7995000000.0,-8049000000.0,54000000.0,-8155000000.0,129000000.0,10844000000.0,11473000000.0,9442000000.0,-1000000.0,2000000.0,,22000000.0,31000000.0,,424000000.0,20286000000.0,-8813000000.0,445000000.0,,535000000.0,-9348000000.0,-443000000.0,-9791000000.0,11473000000.0,,1071000000.0,1071000000.0
Freeport-McMoRan Inc,FCX,,831259,2015.0,Q3TTM,2014-10-01,2015-09-30,,-5.12,-5.12,0.57,-10.48,102000000.0,1717000000.0,-2552000000.0,-10730000000.0,-11061000000.0,331000000.0,-11007000000.0,236000000.0,13706000000.0,15271000000.0,12834000000.0,2000000.0,-15000000.0,,-630000000.0,41000000.0,,547000000.0,26577000000.0,-11306000000.0,558000000.0,,1736000000.0,-13042000000.0,-573000000.0,-13615000000.0,15271000000.0,,1071000000.0,1071000000.0
Freeport-McMoRan Inc,FCX,,831259,2015.0,Q2,2015-04-01,2015-06-30,2016-08-05 16:11:07+00:00,,,0.1605,-1.78,30000000.0,,-699000000.0,-1799000000.0,-1828000000.0,29000000.0,-1851000000.0,42000000.0,3484000000.0,3938000000.0,2686000000.0,0.0,36000000.0,,11000000.0,10000000.0,,148000000.0,6170000000.0,-2232000000.0,142000000.0,,189000000.0,-2421000000.0,-106000000.0,-2527000000.0,3938000000.0,1040000000.0,1040000000.0,1040000000.0
Freeport-McMoRan Inc,FCX,,831259,2015.0,Q2YTD,2015-01-01,2015-06-30,,-2.38,-2.38,0.21,-4.16,63000000.0,,-1394000000.0,-4205000000.0,-4234000000.0,29000000.0,-4325000000.0,100000000.0,7335000000.0,8091000000.0,5790000000.0,1000000.0,43000000.0,,-15000000.0,20000000.0,,302000000.0,13125000000.0,-5034000000.0,288000000.0,,350000000.0,-5384000000.0,-245000000.0,-5629000000.0,8091000000.0,1040000000.0,1040000000.0,1040000000.0
Freeport-McMoRan Inc,FCX,,831259,2015.0,Q2TTM,2014-07-01,2015-06-30,,-4.59,-4.59,0.84,-6.37,105000000.0,1717000000.0,-1854000000.0,-6236000000.0,-6542000000.0,306000000.0,-6625000000.0,349000000.0,14294000000.0,17585000000.0,9490000000.0,2000000.0,49000000.0,,-695000000.0,40000000.0,,583000000.0,23821000000.0,-6236000000.0,501000000.0,,1710000000.0,-7946000000.0,-452000000.0,-8398000000.0,17585000000.0,1040000000.0,1040000000.0,1040000000.0
Freeport-McMoRan Inc,FCX,,831259,2015.0,Q1,2015-01-01,2015-03-31,2016-05-10 08:58:08+00:00,-2.38,-2.38,0.05,-2.38,33000000.0,,-695000000.0,-2406000000.0,-2406000000.0,,-2474000000.0,58000000.0,3851000000.0,4153000000.0,3104000000.0,1000000.0,7000000.0,,-26000000.0,10000000.0,,154000000.0,6955000000.0,-2802000000.0,146000000.0,,161000000.0,-2963000000.0,-139000000.0,-3102000000.0,4153000000.0,1040000000.0,1039500000.0,1040000000.0
Freeport-McMoRan Inc,FCX,,831259,2015.0,Q1TTM,2014-04-01,2015-03-31,,-4.13,-4.13,0.99,-4.13,109000000.0,1717000000.0,-827000000.0,-3777000000.0,-4054000000.0,277000000.0,-4292000000.0,475000000.0,14905000000.0,19169000000.0,6804000000.0,4000000.0,5000000.0,,-630000000.0,40000000.0,,599000000.0,21746000000.0,-2577000000.0,518000000.0,,1795000000.0,-4372000000.0,-513000000.0,-4885000000.0,19169000000.0,1040000000.0,1039500000.0,1040000000.0
Freeport-McMoRan Inc,FCX,,831259,2016.0,FY,2016-01-01,2016-12-31,2019-02-15 14:25:42+00:00,-3.16,-3.16,0.0,-3.16,63000000.0,,371000000.0,-4025000000.0,-3832000000.0,-193000000.0,-4154000000.0,290000000.0,13217000000.0,14830000000.0,4317000000.0,11000000.0,-14000000.0,,-635000000.0,-161000000.0,,597000000.0,17534000000.0,-2704000000.0,729000000.0,,25000000.0,-2729000000.0,-743000000.0,-3472000000.0,14830000000.0,1314600000.0,1318000000.0,1318000000.0
Freeport-McMoRan Inc,FCX,,831259,2016.0,Q4,2016-10-01,2016-12-31,,0.41,0.41,,0.41,17000000.0,,292000000.0,200000000.0,202000000.0,-2000000.0,292000000.0,100000000.0,3296000000.0,4377000000.0,,2000000.0,-65000000.0,,109000000.0,-192000000.0,,189000000.0,3296000000.0,1081000000.0,209000000.0,,315000000.0,766000000.0,-274000000.0,492000000.0,4377000000.0,1314600000.0,1318000000.0,1318000000.0
Freeport-McMoRan Inc,FCX,,831259,2016.0,Q3,2016-07-01,2016-09-30,2017-11-07 14:10:42+00:00,0.16,0.16,,0.16,13000000.0,,-114000000.0,286000000.0,292000000.0,-6000000.0,217000000.0,59000000.0,3172000000.0,3877000000.0,239000000.0,1000000.0,-10000000.0,,-16000000.0,10000000.0,,110000000.0,3411000000.0,466000000.0,172000000.0,,107000000.0,359000000.0,-182000000.0,177000000.0,3877000000.0,1356300000.0,1346000000.0,1351000000.0
Freeport-McMoRan Inc,FCX,,831259,2016.0,Q3YTD,2016-01-01,2016-09-30,,-3.57,-3.57,,-3.57,46000000.0,,79000000.0,-4225000000.0,-4034000000.0,-191000000.0,-4446000000.0,190000000.0,9921000000.0,10453000000.0,4317000000.0,9000000.0,51000000.0,,-744000000.0,31000000.0,,408000000.0,14238000000.0,-3785000000.0,520000000.0,,-290000000.0,-3495000000.0,-469000000.0,-3964000000.0,10453000000.0,1356300000.0,1346000000.0,1351000000.0
Freeport-McMoRan Inc,FCX,,831259,2016.0,Q3TTM,2015-10-01,2016-09-30,,-12.5,-12.5,,-7.14,64000000.0,,-129000000.0,-8319000000.0,-8165000000.0,-154000000.0,-8527000000.0,167000000.0,13348000000.0,13587000000.0,7975000000.0,7000000.0,50000000.0,,-727000000.0,41000000.0,,542000000.0,21367000000.0,-7780000000.0,692000000.0,,-121000000.0,-7659000000.0,-642000000.0,-8301000000.0,13587000000.0,1356300000.0,1346000000.0,1351000000.0
Freeport-McMoRan Inc,FCX,,831259,2016.0,Q2,2016-04-01,2016-06-30,2017-08-04 14:12:24+00:00,-0.38,-0.38,,-0.38,15000000.0,,116000000.0,-410000000.0,-229000000.0,-181000000.0,-479000000.0,59000000.0,3588000000.0,3334000000.0,291000000.0,1000000.0,25000000.0,,-738000000.0,10000000.0,,160000000.0,3879000000.0,-545000000.0,157000000.0,,-563000000.0,18000000.0,-132000000.0,-114000000.0,3334000000.0,1260500000.0,1269000000.0,1269000000.0
Freeport-McMoRan Inc,FCX,,831259,2016.0,Q2YTD,2016-01-01,2016-06-30,,-3.73,-3.73,,-3.73,33000000.0,,193000000.0,-4511000000.0,-4326000000.0,-185000000.0,-4663000000.0,131000000.0,6749000000.0,6576000000.0,4078000000.0,8000000.0,61000000.0,,-728000000.0,21000000.0,,298000000.0,10827000000.0,-4251000000.0,348000000.0,,-397000000.0,-3854000000.0,-287000000.0,-4141000000.0,6576000000.0,1260500000.0,1269000000.0,1269000000.0
Freeport-McMoRan Inc,FCX,,831259,2016.0,Q2TTM,2015-07-01,2016-06-30,,-12.66,-12.66,0.05,-10.88,77000000.0,,-364000000.0,-12395000000.0,-12272000000.0,-123000000.0,-12574000000.0,137000000.0,13685000000.0,13092000000.0,11388000000.0,4000000.0,19000000.0,,-674000000.0,42000000.0,,554000000.0,25117000000.0,-12025000000.0,677000000.0,,-43000000.0,-11982000000.0,-658000000.0,-12640000000.0,13092000000.0,1260500000.0,1269000000.0,1269000000.0
Freeport-McMoRan Inc,FCX,,831259,2016.0,Q1,2016-01-01,2016-03-31,2017-05-05 15:39:56+00:00,-3.35,-3.35,,-3.35,18000000.0,,77000000.0,-4101000000.0,-4097000000.0,-4000000.0,-4184000000.0,72000000.0,3161000000.0,3242000000.0,3787000000.0,7000000.0,36000000.0,,10000000.0,11000000.0,,138000000.0,6948000000.0,-3706000000.0,191000000.0,,166000000.0,-3872000000.0,-155000000.0,-4027000000.0,3242000000.0,1249000000.0,1251000000.0,1251000000.0
Freeport-McMoRan Inc,FCX,,831259,2016.0,Q1TTM,2015-04-01,2016-03-31,,-12.28,-12.28,0.21,-12.28,92000000.0,,-1179000000.0,-13784000000.0,-13871000000.0,87000000.0,-13946000000.0,120000000.0,13581000000.0,13696000000.0,13783000000.0,3000000.0,30000000.0,,75000000.0,42000000.0,,542000000.0,27408000000.0,-13712000000.0,662000000.0,,709000000.0,-14421000000.0,-632000000.0,-15053000000.0,13696000000.0,1249000000.0,1251000000.0,1251000000.0
Freeport-McMoRan Inc,FCX,,831259,2017.0,Q4,2017-10-01,2017-12-31,,0.72,0.72,,0.72,33000000.0,,136000000.0,1209000000.0,1193000000.0,16000000.0,1041000000.0,168000000.0,15233000000.0,5041000000.0,,4000000.0,,-11972000000.0,153000000.0,,,115000000.0,15233000000.0,-10192000000.0,154000000.0,,-11671000000.0,1479000000.0,-154000000.0,1325000000.0,5041000000.0,1453600000.0,1447000000.0,1454000000.0
Freeport-McMoRan Inc,FCX,,831259,2017.0,Q3,2017-07-01,2017-09-30,2018-11-09 13:23:12+00:00,0.19,0.19,0.0,0.19,27000000.0,,387000000.0,245000000.0,242000000.0,3000000.0,280000000.0,-35000000.0,3212000000.0,4310000000.0,,3000000.0,-9000000.0,,39000000.0,,,104000000.0,3212000000.0,1098000000.0,293000000.0,,170000000.0,928000000.0,-302000000.0,626000000.0,4310000000.0,1473700000.0,1448000000.0,1454000000.0
Freeport-McMoRan Inc,FCX,,831259,2017.0,Q3YTD,2017-01-01,2017-09-30,,0.53,0.53,,0.53,60000000.0,,747000000.0,886000000.0,836000000.0,50000000.0,776000000.0,110000000.0,8719000000.0,11362000000.0,,6000000.0,-8000000.0,,10000000.0,,,362000000.0,8719000000.0,2643000000.0,626000000.0,,432000000.0,2211000000.0,-634000000.0,1577000000.0,11362000000.0,1473700000.0,1448000000.0,1454000000.0
Freeport-McMoRan Inc,FCX,,831259,2017.0,Q3TTM,2016-10-01,2017-09-30,,0.94,0.94,,0.94,77000000.0,,1039000000.0,1086000000.0,1038000000.0,48000000.0,1068000000.0,210000000.0,12015000000.0,15739000000.0,,8000000.0,-73000000.0,,119000000.0,-192000000.0,,551000000.0,12015000000.0,3724000000.0,835000000.0,,747000000.0,2977000000.0,-908000000.0,2069000000.0,15739000000.0,1473700000.0,1448000000.0,1454000000.0
Freeport-McMoRan Inc,FCX,,831259,2017.0,Q2,2017-04-01,2017-06-30,2018-08-08 15:15:21+00:00,0.18,0.18,0.0,0.18,19000000.0,,186000000.0,335000000.0,326000000.0,9000000.0,268000000.0,67000000.0,2930000000.0,3711000000.0,,-1000000.0,-7000000.0,,-31000000.0,,,107000000.0,2930000000.0,781000000.0,166000000.0,,95000000.0,686000000.0,-173000000.0,513000000.0,3711000000.0,1488900000.0,1447000000.0,1453000000.0
Freeport-McMoRan Inc,FCX,,831259,2017.0,Q2YTD,2017-01-01,2017-06-30,,0.34,0.34,,0.34,33000000.0,,360000000.0,641000000.0,594000000.0,47000000.0,496000000.0,145000000.0,5507000000.0,7052000000.0,,3000000.0,1000000.0,,-29000000.0,,,258000000.0,5507000000.0,1545000000.0,333000000.0,,262000000.0,1283000000.0,-332000000.0,951000000.0,7052000000.0,1488900000.0,1447000000.0,1453000000.0
Freeport-McMoRan Inc,FCX,,831259,2017.0,Q2TTM,2016-07-01,2017-06-30,,0.91,0.91,,0.91,63000000.0,,538000000.0,1127000000.0,1088000000.0,39000000.0,1005000000.0,304000000.0,11975000000.0,15306000000.0,239000000.0,6000000.0,-74000000.0,,64000000.0,-182000000.0,,557000000.0,12214000000.0,3092000000.0,714000000.0,,684000000.0,2408000000.0,-788000000.0,1620000000.0,15306000000.0,1488900000.0,1447000000.0,1453000000.0
Freeport-McMoRan Inc,FCX,,831259,2017.0,Q1,2017-01-01,2017-03-31,2018-05-04 14:10:02+00:00,0.16,0.16,0.0,0.16,14000000.0,,174000000.0,306000000.0,268000000.0,38000000.0,228000000.0,78000000.0,2577000000.0,3341000000.0,,4000000.0,8000000.0,,2000000.0,,,151000000.0,2577000000.0,764000000.0,167000000.0,,167000000.0,597000000.0,-159000000.0,438000000.0,3341000000.0,1425000000.0,1446000000.0,1454000000.0
Freeport-McMoRan Inc,FCX,,831259,2017.0,Q1TTM,2016-04-01,2017-03-31,,0.35,0.35,,0.35,59000000.0,,468000000.0,382000000.0,533000000.0,-151000000.0,258000000.0,296000000.0,12633000000.0,14929000000.0,530000000.0,8000000.0,-42000000.0,,-643000000.0,-172000000.0,,610000000.0,13163000000.0,1766000000.0,705000000.0,,26000000.0,1740000000.0,-747000000.0,993000000.0,14929000000.0,1425000000.0,1446000000.0,1454000000.0
Freeport-McMoRan Inc,FCX,,831259,2018.0,Q4,2018-10-01,2018-12-31,,0.34,0.34,0.05,0.34,33000000.0,,-552000000.0,378000000.0,374000000.0,4000000.0,485000000.0,-107000000.0,16743000000.0,3684000000.0,,3000000.0,13000000.0,-13441000000.0,-69000000.0,,,102000000.0,16743000000.0,-13059000000.0,510000000.0,,-13375000000.0,316000000.0,-497000000.0,-181000000.0,3684000000.0,1453600000.0,1449000000.0,1458000000.0
Freeport-McMoRan Inc,FCX,,831259,2018.0,Q3,2018-07-01,2018-09-30,2019-11-06 17:26:01+00:00,0.38,0.38,0.05,0.38,27000000.0,,522000000.0,664000000.0,668000000.0,-4000000.0,556000000.0,108000000.0,3527000000.0,4908000000.0,,4000000.0,14000000.0,,-62000000.0,,,101000000.0,3527000000.0,1381000000.0,143000000.0,,66000000.0,1315000000.0,-129000000.0,1186000000.0,4908000000.0,1463200000.0,1450000000.0,1458000000.0
Freeport-McMoRan Inc,FCX,,831259,2018.0,Q3YTD,2018-01-01,2018-09-30,,1.45,1.45,0.15,1.44,72000000.0,,1543000000.0,2516000000.0,2535000000.0,-19000000.0,2117000000.0,399000000.0,10143000000.0,14944000000.0,,5000000.0,63000000.0,,-50000000.0,,,341000000.0,10143000000.0,4801000000.0,428000000.0,,363000000.0,4438000000.0,-365000000.0,4073000000.0,14944000000.0,1463200000.0,1450000000.0,1458000000.0
Freeport-McMoRan Inc,FCX,,831259,2018.0,Q3TTM,2017-10-01,2018-09-30,,2.17,2.17,0.15,2.16,105000000.0,,1679000000.0,3725000000.0,3728000000.0,-3000000.0,3158000000.0,567000000.0,25376000000.0,19985000000.0,,9000000.0,63000000.0,-11972000000.0,103000000.0,,,456000000.0,25376000000.0,-5391000000.0,582000000.0,,-11308000000.0,5917000000.0,-519000000.0,5398000000.0,19985000000.0,1463200000.0,1450000000.0,1458000000.0
Freeport-McMoRan Inc,FCX,,831259,2018.0,Q2,2018-04-01,2018-06-30,2019-08-06 17:07:55+00:00,0.6,0.6,0.05,0.59,24000000.0,,515000000.0,1035000000.0,1039000000.0,-4000000.0,869000000.0,166000000.0,3357000000.0,5168000000.0,,3000000.0,20000000.0,,14000000.0,,,109000000.0,3357000000.0,1811000000.0,133000000.0,,147000000.0,1664000000.0,-113000000.0,1551000000.0,5168000000.0,1448300000.0,1449000000.0,1458000000.0
Freeport-McMoRan Inc,FCX,,831259,2018.0,Q2YTD,2018-01-01,2018-06-30,,1.07,1.07,0.1,1.06,45000000.0,,1021000000.0,1852000000.0,1867000000.0,-15000000.0,1561000000.0,291000000.0,6616000000.0,10036000000.0,,1000000.0,49000000.0,,12000000.0,,,240000000.0,6616000000.0,3420000000.0,285000000.0,,297000000.0,3123000000.0,-236000000.0,2887000000.0,10036000000.0,1448300000.0,1449000000.0,1458000000.0
Freeport-McMoRan Inc,FCX,,831259,2018.0,Q2TTM,2017-07-01,2018-06-30,,1.98,1.98,0.1,1.97,105000000.0,,1544000000.0,3306000000.0,3302000000.0,4000000.0,2882000000.0,424000000.0,25061000000.0,19387000000.0,,8000000.0,40000000.0,-11972000000.0,204000000.0,,,459000000.0,25061000000.0,-5674000000.0,732000000.0,,-11204000000.0,5530000000.0,-692000000.0,4838000000.0,19387000000.0,1448300000.0,1449000000.0,1458000000.0
Freeport-McMoRan Inc,FCX,,831259,2018.0,Q1,2018-01-01,2018-03-31,2019-05-07 17:26:20+00:00,0.47,0.47,0.05,0.47,21000000.0,,506000000.0,817000000.0,828000000.0,-11000000.0,692000000.0,125000000.0,3259000000.0,4868000000.0,,-2000000.0,29000000.0,,-2000000.0,,,131000000.0,3259000000.0,1609000000.0,152000000.0,,150000000.0,1459000000.0,-123000000.0,1336000000.0,4868000000.0,1472300000.0,1449000000.0,1458000000.0
Freeport-McMoRan Inc,FCX,,831259,2018.0,Q1TTM,2017-04-01,2018-03-31,,1.56,1.56,0.05,1.56,100000000.0,,1215000000.0,2606000000.0,2589000000.0,17000000.0,2281000000.0,325000000.0,24634000000.0,17930000000.0,,4000000.0,13000000.0,-11972000000.0,159000000.0,,,457000000.0,24634000000.0,-6704000000.0,765000000.0,,-11256000000.0,4552000000.0,-752000000.0,3800000000.0,17930000000.0,1472300000.0,1449000000.0,1458000000.0
Freeport-McMoRan Inc,FCX,,831259,2019.0,Q3,2019-07-01,2019-09-30,2019-11-06 17:26:01+00:00,-0.15,-0.15,0.05,-0.15,25000000.0,,91000000.0,-234000000.0,-235000000.0,1000000.0,-207000000.0,-27000000.0,3028000000.0,3153000000.0,,5000000.0,33000000.0,,32000000.0,,,106000000.0,3028000000.0,125000000.0,144000000.0,,163000000.0,-38000000.0,-111000000.0,-149000000.0,3153000000.0,1380000000.0,1452000000.0,1452000000.0
Freeport-McMoRan Inc,FCX,,831259,2019.0,Q3YTD,2019-01-01,2019-09-30,,-0.18,-0.18,0.15,-0.18,83000000.0,,181000000.0,-232000000.0,-234000000.0,2000000.0,-248000000.0,16000000.0,9705000000.0,10491000000.0,,7000000.0,52000000.0,,72000000.0,,,315000000.0,9705000000.0,786000000.0,428000000.0,,470000000.0,316000000.0,-376000000.0,-60000000.0,10491000000.0,1380000000.0,1452000000.0,1452000000.0
Freeport-McMoRan Inc,FCX,,831259,2019.0,Q3TTM,2018-10-01,2019-09-30,,0.16,0.16,0.2,0.16,116000000.0,,-371000000.0,146000000.0,140000000.0,6000000.0,237000000.0,-91000000.0,26448000000.0,14175000000.0,,10000000.0,65000000.0,-13441000000.0,3000000.0,,,417000000.0,26448000000.0,-12273000000.0,938000000.0,,-12905000000.0,632000000.0,-873000000.0,-241000000.0,14175000000.0,1380000000.0,1452000000.0,1452000000.0
Freeport-McMoRan Inc,FCX,,831259,2019.0,Q2,2019-04-01,2019-06-30,2019-08-06 17:07:55+00:00,-0.05,-0.05,0.05,-0.05,31000000.0,,-15000000.0,-74000000.0,-74000000.0,0.0,-72000000.0,-2000000.0,3354000000.0,3546000000.0,,5000000.0,5000000.0,,31000000.0,,,97000000.0,3354000000.0,192000000.0,132000000.0,,159000000.0,33000000.0,-127000000.0,-94000000.0,3546000000.0,1440000000.0,1451000000.0,1451000000.0
Freeport-McMoRan Inc,FCX,,831259,2019.0,Q2YTD,2019-01-01,2019-06-30,,-0.03,-0.03,0.1,-0.03,58000000.0,,90000000.0,2000000.0,1000000.0,1000000.0,-41000000.0,43000000.0,6677000000.0,7338000000.0,,2000000.0,19000000.0,,40000000.0,,,209000000.0,6677000000.0,661000000.0,284000000.0,,307000000.0,354000000.0,-265000000.0,89000000.0,7338000000.0,1440000000.0,1451000000.0,1451000000.0
Freeport-McMoRan Inc,FCX,,831259,2019.0,Q2TTM,2018-07-01,2019-06-30,,0.69,0.69,0.2,0.69,118000000.0,,60000000.0,1044000000.0,1043000000.0,1000000.0,1000000000.0,44000000.0,26947000000.0,15930000000.0,,9000000.0,46000000.0,-13441000000.0,-91000000.0,,,412000000.0,26947000000.0,-11017000000.0,937000000.0,,-13002000000.0,1985000000.0,-891000000.0,1094000000.0,15930000000.0,1440000000.0,1451000000.0,1451000000.0
Freeport-McMoRan Inc,FCX,,831259,2019.0,Q1,2019-01-01,2019-03-31,2020-05-07 16:50:25+00:00,0.02,0.02,0.05,0.02,27000000.0,,105000000.0,76000000.0,75000000.0,1000000.0,31000000.0,45000000.0,3323000000.0,3792000000.0,,-3000000.0,14000000.0,,9000000.0,,,112000000.0,3323000000.0,469000000.0,152000000.0,,148000000.0,321000000.0,-138000000.0,183000000.0,3792000000.0,1550000000.0,1451000000.0,1457000000.0
Freeport-McMoRan Inc,FCX,,831259,2019.0,Q1TTM,2018-04-01,2019-03-31,,1.34,1.34,0.2,1.33,111000000.0,,590000000.0,2153000000.0,2156000000.0,-3000000.0,1941000000.0,212000000.0,26950000000.0,17552000000.0,,7000000.0,61000000.0,-13441000000.0,-108000000.0,,,424000000.0,26950000000.0,-9398000000.0,938000000.0,,-13014000000.0,3616000000.0,-877000000.0,2739000000.0,17552000000.0,1550000000.0,1451000000.0,1457000000.0
Freeport-McMoRan Inc,FCX,,831259,2020.0,Q1,2020-01-01,2020-03-31,2020-05-07 16:50:25+00:00,-0.34,-0.34,0.0,-0.34,16000000.0,,-60000000.0,-549000000.0,-549000000.0,0.0,-491000000.0,-58000000.0,3108000000.0,2798000000.0,,3000000.0,20000000.0,,37000000.0,,,110000000.0,3108000000.0,-310000000.0,159000000.0,,163000000.0,-473000000.0,-139000000.0,-612000000.0,2798000000.0,1444100000.0,1452000000.0,1452000000.0
