company_name,company_ticker,company_lei,company_cik,year,quarter,start_date,end_date,filing_date,basicdilutedeps,basiceps,cashdividendspershare,depreciationexpense,dilutedeps,impairmentexpense,incometaxexpense,netincome,netincomecontinuing,netincometocommon,operatingcostofrevenue,operatingrevenue,otherincome,otheroperatingexpenses,otherrevenue,sgaexpense,totalcostofrevenue,totalgrossprofit,totalinterestexpense,totalinterestincome,totaloperatingexpenses,totaloperatingincome,totalotherincome,totalpretaxincome,totalrevenue,weightedavebasicdilutedsharesos,weightedavebasicsharesos,weightedavedilutedsharesos
Carnival Corp,CCL,F1OF2ZSX47CR0BCWA982,815097,2007.0,FY,2006-12-01,2007-11-30,2010-01-29 09:02:19+00:00,3.04,3.04,1.375,1101000000.0,2.95,,16000000.0,2408000000.0,2408000000.0,2408000000.0,7628000000.0,12638000000.0,-1000000.0,,395000000.0,1579000000.0,7628000000.0,5405000000.0,367000000.0,67000000.0,2680000000.0,2725000000.0,-301000000.0,2424000000.0,13033000000.0,792100000.0,792100000.0,816300000.0
Carnival Corp,CCL,F1OF2ZSX47CR0BCWA982,815097,2008.0,FY,2007-12-01,2008-11-30,2011-01-31 09:35:28+00:00,2.96,2.96,1.6,1249000000.0,2.9,,47000000.0,2324000000.0,2324000000.0,2324000000.0,9340000000.0,14555000000.0,27000000.0,,392000000.0,1629000000.0,9340000000.0,5607000000.0,420000000.0,35000000.0,2878000000.0,2729000000.0,-358000000.0,2371000000.0,14947000000.0,786000000.0,786000000.0,786000000.0
Carnival Corp,CCL,F1OF2ZSX47CR0BCWA982,815097,2008.0,Q3,2008-06-01,2008-08-31,2009-10-01 09:01:02+00:00,1.7,1.7,0.4,323000000.0,1.65,,52000000.0,1333000000.0,1333000000.0,1333000000.0,2634000000.0,4522000000.0,0.0,,292000000.0,372000000.0,2634000000.0,2180000000.0,108000000.0,8000000.0,695000000.0,1485000000.0,-100000000.0,1385000000.0,4814000000.0,784100000.0,784100000.0,807900000.0
Carnival Corp,CCL,F1OF2ZSX47CR0BCWA982,815097,2009.0,Q4,2009-09-01,2009-11-30,,0.24,0.24,,345000000.0,0.25,,8000000.0,193000000.0,193000000.0,193000000.0,2446000000.0,3475000000.0,2000000.0,,34000000.0,424000000.0,2446000000.0,1063000000.0,99000000.0,4000000.0,769000000.0,294000000.0,-93000000.0,201000000.0,3509000000.0,787000000.0,787000000.0,787000000.0
Carnival Corp,CCL,F1OF2ZSX47CR0BCWA982,815097,2009.0,FY,2008-12-01,2009-11-30,2012-01-30 09:17:14+00:00,2.27,2.27,,1309000000.0,2.24,,16000000.0,1790000000.0,1790000000.0,1790000000.0,8407000000.0,13173000000.0,18000000.0,,287000000.0,1590000000.0,8407000000.0,5053000000.0,380000000.0,14000000.0,2899000000.0,2154000000.0,-348000000.0,1806000000.0,13460000000.0,787000000.0,787000000.0,787000000.0
Carnival Corp,CCL,F1OF2ZSX47CR0BCWA982,815097,2009.0,Q3YTD,2008-12-01,2009-08-31,,2.03,2.03,,964000000.0,1.99,,8000000.0,1597000000.0,1597000000.0,1597000000.0,5961000000.0,9698000000.0,16000000.0,,253000000.0,1166000000.0,5961000000.0,3990000000.0,281000000.0,10000000.0,2130000000.0,1860000000.0,-255000000.0,1605000000.0,9951000000.0,787000000.0,787000000.0,787000000.0
Carnival Corp,CCL,F1OF2ZSX47CR0BCWA982,815097,2009.0,Q3,2009-06-01,2009-08-31,2010-10-01 09:34:44+00:00,1.36,1.36,,336000000.0,1.33,,24000000.0,1073000000.0,1073000000.0,1073000000.0,2226000000.0,3930000000.0,-8000000.0,,209000000.0,381000000.0,2226000000.0,1913000000.0,95000000.0,4000000.0,717000000.0,1196000000.0,-99000000.0,1097000000.0,4139000000.0,787000000.0,787000000.0,787000000.0
Carnival Corp,CCL,F1OF2ZSX47CR0BCWA982,815097,2009.0,Q2YTD,2008-12-01,2009-05-31,,0.67,0.67,,628000000.0,0.66,,-16000000.0,524000000.0,524000000.0,524000000.0,3735000000.0,5768000000.0,24000000.0,,44000000.0,785000000.0,3735000000.0,2077000000.0,186000000.0,6000000.0,1413000000.0,664000000.0,-156000000.0,508000000.0,5812000000.0,776500000.0,776500000.0,800000000.0
Carnival Corp,CCL,F1OF2ZSX47CR0BCWA982,815097,2009.0,Q2,2009-03-01,2009-05-31,2010-07-01 12:06:42+00:00,0.34,0.34,,317000000.0,0.33,,6000000.0,264000000.0,264000000.0,264000000.0,1885000000.0,2915000000.0,5000000.0,,33000000.0,393000000.0,1885000000.0,1063000000.0,90000000.0,2000000.0,710000000.0,353000000.0,-83000000.0,270000000.0,2948000000.0,776500000.0,776500000.0,800000000.0
Carnival Corp,CCL,F1OF2ZSX47CR0BCWA982,815097,2009.0,Q1,2008-12-01,2009-02-28,2010-04-01 12:02:00+00:00,0.33,0.33,0.0,311000000.0,0.33,,-22000000.0,260000000.0,260000000.0,260000000.0,1850000000.0,2853000000.0,19000000.0,,11000000.0,392000000.0,1850000000.0,1014000000.0,96000000.0,4000000.0,703000000.0,311000000.0,-73000000.0,238000000.0,2864000000.0,787900000.0,787900000.0,787900000.0
Carnival Corp,CCL,F1OF2ZSX47CR0BCWA982,815097,2010.0,Q4,2010-09-01,2010-11-30,,0.32,0.32,0.1,367000000.0,0.31,,7000000.0,248000000.0,248000000.0,248000000.0,2356000000.0,3457000000.0,5000000.0,,40000000.0,433000000.0,2356000000.0,1141000000.0,93000000.0,2000000.0,800000000.0,341000000.0,-86000000.0,255000000.0,3497000000.0,788000000.0,788000000.0,788000000.0
Carnival Corp,CCL,F1OF2ZSX47CR0BCWA982,815097,2010.0,FY,2009-12-01,2010-11-30,2013-01-29 09:18:27+00:00,2.51,2.51,0.4,1416000000.0,2.47,,1000000.0,1978000000.0,1978000000.0,1978000000.0,9092000000.0,14188000000.0,-2000000.0,,281000000.0,1614000000.0,9092000000.0,5377000000.0,378000000.0,12000000.0,3030000000.0,2347000000.0,-368000000.0,1979000000.0,14469000000.0,788000000.0,788000000.0,788000000.0
Carnival Corp,CCL,F1OF2ZSX47CR0BCWA982,815097,2010.0,Q3YTD,2009-12-01,2010-08-31,,2.19,2.19,0.3,1049000000.0,2.16,,-6000000.0,1730000000.0,1730000000.0,1730000000.0,6736000000.0,10731000000.0,-7000000.0,,241000000.0,1181000000.0,6736000000.0,4236000000.0,285000000.0,10000000.0,2230000000.0,2006000000.0,-282000000.0,1724000000.0,10972000000.0,789000000.0,789000000.0,789000000.0
Carnival Corp,CCL,F1OF2ZSX47CR0BCWA982,815097,2010.0,Q3TTM,2009-09-01,2010-08-31,,2.43,2.43,0.3,1394000000.0,2.41,,2000000.0,1923000000.0,1923000000.0,1923000000.0,9182000000.0,14206000000.0,-5000000.0,,275000000.0,1605000000.0,9182000000.0,5299000000.0,384000000.0,14000000.0,2999000000.0,2300000000.0,-375000000.0,1925000000.0,14481000000.0,789000000.0,789000000.0,789000000.0
Carnival Corp,CCL,F1OF2ZSX47CR0BCWA982,815097,2010.0,Q3,2010-06-01,2010-08-31,2011-09-30 09:34:55+00:00,1.65,1.65,0.1,355000000.0,1.62,,10000000.0,1303000000.0,1303000000.0,1303000000.0,2389000000.0,4325000000.0,-2000000.0,,202000000.0,381000000.0,2389000000.0,2138000000.0,90000000.0,3000000.0,736000000.0,1402000000.0,-89000000.0,1313000000.0,4527000000.0,789000000.0,789000000.0,789000000.0
Carnival Corp,CCL,F1OF2ZSX47CR0BCWA982,815097,2010.0,Q2YTD,2009-12-01,2010-05-31,,0.54,0.54,0.2,694000000.0,0.54,,-16000000.0,427000000.0,427000000.0,427000000.0,4347000000.0,6406000000.0,-5000000.0,,39000000.0,800000000.0,4347000000.0,2098000000.0,195000000.0,7000000.0,1494000000.0,604000000.0,-193000000.0,411000000.0,6445000000.0,788000000.0,788000000.0,788000000.0
Carnival Corp,CCL,F1OF2ZSX47CR0BCWA982,815097,2010.0,Q2TTM,2009-06-01,2010-05-31,,2.14,2.14,0.2,1375000000.0,2.12,,16000000.0,1693000000.0,1693000000.0,1693000000.0,9019000000.0,13811000000.0,-11000000.0,,282000000.0,1605000000.0,9019000000.0,5074000000.0,389000000.0,15000000.0,2980000000.0,2094000000.0,-385000000.0,1709000000.0,14093000000.0,788000000.0,788000000.0,788000000.0
Carnival Corp,CCL,F1OF2ZSX47CR0BCWA982,815097,2010.0,Q2,2010-03-01,2010-05-31,2011-07-01 09:31:02+00:00,0.32,0.32,0.1,349000000.0,0.32,,-1000000.0,252000000.0,252000000.0,252000000.0,2165000000.0,3236000000.0,-2000000.0,,31000000.0,404000000.0,2165000000.0,1102000000.0,99000000.0,3000000.0,753000000.0,349000000.0,-98000000.0,251000000.0,3267000000.0,788000000.0,788000000.0,788000000.0
Carnival Corp,CCL,F1OF2ZSX47CR0BCWA982,815097,2010.0,Q1TTM,2009-03-01,2010-02-28,,2.16,2.16,0.1,1343000000.0,2.13,,23000000.0,1705000000.0,1705000000.0,1705000000.0,8739000000.0,13490000000.0,-4000000.0,,284000000.0,1594000000.0,8739000000.0,5035000000.0,380000000.0,14000000.0,2937000000.0,2098000000.0,-370000000.0,1728000000.0,13774000000.0,787000000.0,787000000.0,787000000.0
Carnival Corp,CCL,F1OF2ZSX47CR0BCWA982,815097,2010.0,Q1,2009-12-01,2010-02-28,2011-04-01 09:33:57+00:00,0.22,0.22,0.1,345000000.0,0.22,,-15000000.0,175000000.0,175000000.0,175000000.0,2182000000.0,3170000000.0,-3000000.0,,8000000.0,396000000.0,2182000000.0,996000000.0,96000000.0,4000000.0,741000000.0,255000000.0,-95000000.0,160000000.0,3178000000.0,787000000.0,787000000.0,787000000.0
Carnival Corp,CCL,F1OF2ZSX47CR0BCWA982,815097,2011.0,Q4,2011-09-01,2011-11-30,,0.29,0.29,0.25,1907000000.0,0.28,,-8000000.0,217000000.0,217000000.0,217000000.0,12868000000.0,3668000000.0,-10000000.0,-13538000000.0,28000000.0,2151000000.0,12868000000.0,-9172000000.0,92000000.0,3000000.0,-9480000000.0,308000000.0,-99000000.0,209000000.0,3696000000.0,787000000.0,787000000.0,787000000.0
Carnival Corp,CCL,F1OF2ZSX47CR0BCWA982,815097,2011.0,FY,2010-12-01,2011-11-30,2014-01-29 09:07:42+00:00,2.43,2.43,1.0,3044000000.0,2.42,0.0,0.0,1912000000.0,1912000000.0,1912000000.0,20598000000.0,15515000000.0,11000000.0,-13538000000.0,278000000.0,3434000000.0,20598000000.0,-4805000000.0,365000000.0,11000000.0,-7060000000.0,2255000000.0,-343000000.0,1912000000.0,15793000000.0,787000000.0,787000000.0,787000000.0
Carnival Corp,CCL,F1OF2ZSX47CR0BCWA982,815097,2011.0,Q3YTD,2010-12-01,2011-08-31,,2.14,2.14,0.75,1137000000.0,2.14,,8000000.0,1695000000.0,1695000000.0,1695000000.0,7730000000.0,11847000000.0,21000000.0,,250000000.0,1283000000.0,7730000000.0,4367000000.0,273000000.0,8000000.0,2420000000.0,1947000000.0,-244000000.0,1703000000.0,12097000000.0,790000000.0,790000000.0,790000000.0
Carnival Corp,CCL,F1OF2ZSX47CR0BCWA982,815097,2011.0,Q3TTM,2010-09-01,2011-08-31,,2.46,2.46,0.85,1504000000.0,2.45,,15000000.0,1943000000.0,1943000000.0,1943000000.0,10086000000.0,15304000000.0,26000000.0,,290000000.0,1716000000.0,10086000000.0,5508000000.0,366000000.0,10000000.0,3220000000.0,2288000000.0,-330000000.0,1958000000.0,15594000000.0,790000000.0,790000000.0,790000000.0
Carnival Corp,CCL,F1OF2ZSX47CR0BCWA982,815097,2011.0,Q3,2011-06-01,2011-08-31,2012-10-05 09:22:01+00:00,1.69,1.69,0.25,390000000.0,1.69,,5000000.0,1337000000.0,1337000000.0,1337000000.0,2814000000.0,4843000000.0,2000000.0,,215000000.0,421000000.0,2814000000.0,2244000000.0,96000000.0,3000000.0,811000000.0,1433000000.0,-91000000.0,1342000000.0,5058000000.0,790000000.0,790000000.0,790000000.0
Carnival Corp,CCL,F1OF2ZSX47CR0BCWA982,815097,2011.0,Q2YTD,2010-12-01,2011-05-31,,0.45,0.45,0.5,747000000.0,0.45,,3000000.0,358000000.0,358000000.0,358000000.0,4916000000.0,7004000000.0,19000000.0,,35000000.0,862000000.0,4916000000.0,2123000000.0,177000000.0,5000000.0,1609000000.0,514000000.0,-153000000.0,361000000.0,7039000000.0,791000000.0,791000000.0,791000000.0
Carnival Corp,CCL,F1OF2ZSX47CR0BCWA982,815097,2011.0,Q2TTM,2010-06-01,2011-05-31,,2.42,2.42,0.7,1469000000.0,2.38,,20000000.0,1909000000.0,1909000000.0,1909000000.0,9661000000.0,14786000000.0,22000000.0,,277000000.0,1676000000.0,9661000000.0,5402000000.0,360000000.0,10000000.0,3145000000.0,2257000000.0,-328000000.0,1929000000.0,15063000000.0,791000000.0,791000000.0,791000000.0
Carnival Corp,CCL,F1OF2ZSX47CR0BCWA982,815097,2011.0,Q2,2011-03-01,2011-05-31,2012-07-02 09:18:35+00:00,0.26,0.26,0.25,380000000.0,0.26,,-2000000.0,206000000.0,206000000.0,206000000.0,2521000000.0,3595000000.0,13000000.0,,25000000.0,440000000.0,2521000000.0,1099000000.0,91000000.0,3000000.0,820000000.0,279000000.0,-75000000.0,204000000.0,3620000000.0,791000000.0,791000000.0,791000000.0
Carnival Corp,CCL,F1OF2ZSX47CR0BCWA982,815097,2011.0,Q1TTM,2010-03-01,2011-02-28,,2.48,2.48,0.55,1438000000.0,2.44,,21000000.0,1955000000.0,1955000000.0,1955000000.0,9305000000.0,14427000000.0,7000000.0,,283000000.0,1640000000.0,9305000000.0,5405000000.0,368000000.0,10000000.0,3078000000.0,2327000000.0,-351000000.0,1976000000.0,14710000000.0,790000000.0,790000000.0,790000000.0
Carnival Corp,CCL,F1OF2ZSX47CR0BCWA982,815097,2011.0,Q1,2010-12-01,2011-02-28,2012-03-30 09:14:44+00:00,0.19,0.19,0.25,367000000.0,0.19,,5000000.0,152000000.0,152000000.0,152000000.0,2395000000.0,3409000000.0,6000000.0,,10000000.0,422000000.0,2395000000.0,1024000000.0,86000000.0,2000000.0,789000000.0,235000000.0,-78000000.0,157000000.0,3419000000.0,790000000.0,790000000.0,790000000.0
Carnival Corp,CCL,F1OF2ZSX47CR0BCWA982,815097,2012.0,Q4,2012-09-01,2012-11-30,,0.12,0.12,0.75,392000000.0,0.12,,,93000000.0,93000000.0,93000000.0,2551000000.0,3553000000.0,-8000000.0,,25000000.0,459000000.0,2551000000.0,1027000000.0,77000000.0,2000000.0,851000000.0,176000000.0,-83000000.0,93000000.0,3578000000.0,778000000.0,778000000.0,778000000.0
Carnival Corp,CCL,F1OF2ZSX47CR0BCWA982,815097,2012.0,FY,2011-12-01,2012-11-30,2015-01-29 09:44:08+00:00,1.67,1.67,1.5,1527000000.0,1.67,173000000.0,4000000.0,1298000000.0,1298000000.0,1298000000.0,10320000000.0,15171000000.0,-14000000.0,,211000000.0,1720000000.0,10320000000.0,5062000000.0,336000000.0,10000000.0,3420000000.0,1642000000.0,-340000000.0,1302000000.0,15382000000.0,778000000.0,778000000.0,778000000.0
Carnival Corp,CCL,F1OF2ZSX47CR0BCWA982,815097,2012.0,Q3YTD,2011-12-01,2012-08-31,,1.55,1.55,0.75,1135000000.0,1.55,173000000.0,4000000.0,1205000000.0,1205000000.0,1205000000.0,7769000000.0,11618000000.0,-6000000.0,,186000000.0,1261000000.0,7769000000.0,4035000000.0,259000000.0,8000000.0,2569000000.0,1466000000.0,-257000000.0,1209000000.0,11804000000.0,778000000.0,778000000.0,778000000.0
Carnival Corp,CCL,F1OF2ZSX47CR0BCWA982,815097,2012.0,Q3TTM,2011-09-01,2012-08-31,,1.84,1.84,1.0,3042000000.0,1.83,173000000.0,-4000000.0,1422000000.0,1422000000.0,1422000000.0,20637000000.0,15286000000.0,-16000000.0,-13538000000.0,214000000.0,3412000000.0,20637000000.0,-5137000000.0,351000000.0,11000000.0,-6911000000.0,1774000000.0,-356000000.0,1418000000.0,15500000000.0,778000000.0,778000000.0,778000000.0
Carnival Corp,CCL,F1OF2ZSX47CR0BCWA982,815097,2012.0,Q3,2012-06-01,2012-08-31,2013-10-03 09:07:59+00:00,1.71,1.71,0.25,383000000.0,1.71,0.0,6000000.0,1330000000.0,1330000000.0,1330000000.0,2597000000.0,4526000000.0,123000000.0,,158000000.0,409000000.0,2597000000.0,2087000000.0,84000000.0,2000000.0,792000000.0,1295000000.0,41000000.0,1336000000.0,4684000000.0,778000000.0,778000000.0,778000000.0
Carnival Corp,CCL,F1OF2ZSX47CR0BCWA982,815097,2012.0,Q2YTD,2011-12-01,2012-05-31,,-0.16,-0.16,0.5,752000000.0,-0.16,173000000.0,-2000000.0,-125000000.0,-125000000.0,-125000000.0,5172000000.0,7092000000.0,-129000000.0,,28000000.0,852000000.0,5172000000.0,1948000000.0,175000000.0,6000000.0,1777000000.0,171000000.0,-298000000.0,-127000000.0,7120000000.0,700000000.0,700000000.0,700000000.0
Carnival Corp,CCL,F1OF2ZSX47CR0BCWA982,815097,2012.0,Q2TTM,2011-06-01,2012-05-31,,1.82,1.82,1.0,3049000000.0,1.81,173000000.0,-5000000.0,1429000000.0,1429000000.0,1429000000.0,20854000000.0,15603000000.0,-137000000.0,-13538000000.0,271000000.0,3424000000.0,20854000000.0,-4980000000.0,363000000.0,12000000.0,-6892000000.0,1912000000.0,-488000000.0,1424000000.0,15874000000.0,700000000.0,700000000.0,700000000.0
Carnival Corp,CCL,F1OF2ZSX47CR0BCWA982,815097,2012.0,Q2,2012-03-01,2012-05-31,2013-07-02 11:21:00+00:00,0.02,0.02,0.25,376000000.0,0.02,0.0,0.0,14000000.0,14000000.0,14000000.0,2478000000.0,3519000000.0,-155000000.0,,19000000.0,431000000.0,2478000000.0,1060000000.0,87000000.0,3000000.0,807000000.0,253000000.0,-239000000.0,14000000.0,3538000000.0,700000000.0,700000000.0,700000000.0
Carnival Corp,CCL,F1OF2ZSX47CR0BCWA982,815097,2012.0,Q1TTM,2011-03-01,2012-02-29,,2.06,2.06,1.0,3053000000.0,2.05,173000000.0,-7000000.0,1621000000.0,1621000000.0,1621000000.0,20897000000.0,15679000000.0,31000000.0,-13538000000.0,277000000.0,3433000000.0,20897000000.0,-4941000000.0,367000000.0,12000000.0,-6879000000.0,1938000000.0,-324000000.0,1614000000.0,15956000000.0,778000000.0,778000000.0,778000000.0
Carnival Corp,CCL,F1OF2ZSX47CR0BCWA982,815097,2012.0,Q1,2011-12-01,2012-02-29,2013-04-03 09:20:45+00:00,-0.18,-0.18,0.25,376000000.0,-0.18,173000000.0,-2000000.0,-139000000.0,-139000000.0,-139000000.0,2694000000.0,3573000000.0,26000000.0,,9000000.0,421000000.0,2694000000.0,888000000.0,88000000.0,3000000.0,970000000.0,-82000000.0,-59000000.0,-141000000.0,3582000000.0,778000000.0,778000000.0,778000000.0
Carnival Corp,CCL,F1OF2ZSX47CR0BCWA982,815097,2013.0,FY,2012-12-01,2013-11-30,2016-01-29 09:13:08+00:00,1.39,1.36,1.0,1590000000.0,1.36,13000000.0,-6000000.0,1055000000.0,1055000000.0,1055000000.0,10645000000.0,15246000000.0,28000000.0,,210000000.0,1879000000.0,10645000000.0,4811000000.0,319000000.0,11000000.0,3482000000.0,1329000000.0,-280000000.0,1049000000.0,15456000000.0,775000000.0,775000000.0,775000000.0
Carnival Corp,CCL,F1OF2ZSX47CR0BCWA982,815097,2013.0,Q4,2013-09-01,2013-11-30,,0.09,0.06,0.25,404000000.0,0.06,,-9000000.0,43000000.0,43000000.0,43000000.0,2642000000.0,3625000000.0,31000000.0,,33000000.0,531000000.0,2642000000.0,1016000000.0,82000000.0,4000000.0,935000000.0,81000000.0,-47000000.0,34000000.0,3658000000.0,775000000.0,775000000.0,775000000.0
Carnival Corp,CCL,F1OF2ZSX47CR0BCWA982,815097,2013.0,Q3YTD,2012-12-01,2013-08-31,,1.3,1.3,0.75,1186000000.0,1.3,13000000.0,3000000.0,1012000000.0,1012000000.0,1012000000.0,8003000000.0,11621000000.0,-3000000.0,,177000000.0,1348000000.0,8003000000.0,3795000000.0,237000000.0,7000000.0,2547000000.0,1248000000.0,-233000000.0,1015000000.0,11798000000.0,775000000.0,775000000.0,775000000.0
Carnival Corp,CCL,F1OF2ZSX47CR0BCWA982,815097,2013.0,Q3TTM,2012-09-01,2013-08-31,,1.42,1.42,1.5,1578000000.0,1.42,13000000.0,3000000.0,1105000000.0,1105000000.0,1105000000.0,10554000000.0,15174000000.0,-11000000.0,,202000000.0,1807000000.0,10554000000.0,4822000000.0,314000000.0,9000000.0,3398000000.0,1424000000.0,-316000000.0,1108000000.0,15376000000.0,775000000.0,775000000.0,775000000.0
Carnival Corp,CCL,F1OF2ZSX47CR0BCWA982,815097,2013.0,Q3,2013-06-01,2013-08-31,2014-10-03 09:08:01+00:00,1.2,1.2,0.25,406000000.0,1.2,13000000.0,1000000.0,934000000.0,934000000.0,934000000.0,2917000000.0,4585000000.0,58000000.0,,141000000.0,439000000.0,2917000000.0,1809000000.0,76000000.0,2000000.0,858000000.0,951000000.0,-16000000.0,935000000.0,4726000000.0,775000000.0,775000000.0,775000000.0
Carnival Corp,CCL,F1OF2ZSX47CR0BCWA982,815097,2013.0,Q2YTD,2012-12-01,2013-05-31,,0.1,0.1,0.5,780000000.0,0.1,,2000000.0,78000000.0,78000000.0,78000000.0,5086000000.0,7036000000.0,-61000000.0,,36000000.0,909000000.0,5086000000.0,1986000000.0,161000000.0,5000000.0,1689000000.0,297000000.0,-217000000.0,80000000.0,7072000000.0,820000000.0,820000000.0,820000000.0
Carnival Corp,CCL,F1OF2ZSX47CR0BCWA982,815097,2013.0,Q2TTM,2012-06-01,2013-05-31,,1.93,1.93,1.5,1555000000.0,1.93,,8000000.0,1501000000.0,1501000000.0,1501000000.0,10234000000.0,15115000000.0,54000000.0,,219000000.0,1777000000.0,10234000000.0,5100000000.0,322000000.0,9000000.0,3332000000.0,1768000000.0,-259000000.0,1509000000.0,15334000000.0,820000000.0,820000000.0,820000000.0
Carnival Corp,CCL,F1OF2ZSX47CR0BCWA982,815097,2013.0,Q2,2013-03-01,2013-05-31,2014-07-02 09:10:33+00:00,0.05,0.05,0.25,391000000.0,0.05,,0.0,41000000.0,41000000.0,41000000.0,2487000000.0,3452000000.0,-36000000.0,,27000000.0,449000000.0,2487000000.0,992000000.0,78000000.0,3000000.0,840000000.0,152000000.0,-111000000.0,41000000.0,3479000000.0,820000000.0,820000000.0,820000000.0
Carnival Corp,CCL,F1OF2ZSX47CR0BCWA982,815097,2013.0,Q1TTM,2012-03-01,2013-02-28,,1.9,1.9,1.5,1540000000.0,1.9,,8000000.0,1474000000.0,1474000000.0,1474000000.0,10225000000.0,15182000000.0,-65000000.0,,211000000.0,1759000000.0,10225000000.0,5168000000.0,331000000.0,9000000.0,3299000000.0,1869000000.0,-387000000.0,1482000000.0,15393000000.0,776000000.0,776000000.0,776000000.0
Carnival Corp,CCL,F1OF2ZSX47CR0BCWA982,815097,2013.0,Q1,2012-12-01,2013-02-28,2014-04-02 09:05:23+00:00,0.05,0.05,0.25,389000000.0,0.05,,2000000.0,37000000.0,37000000.0,37000000.0,2599000000.0,3584000000.0,-25000000.0,,9000000.0,460000000.0,2599000000.0,994000000.0,83000000.0,2000000.0,849000000.0,145000000.0,-106000000.0,39000000.0,3593000000.0,776000000.0,776000000.0,776000000.0
Carnival Corp,CCL,F1OF2ZSX47CR0BCWA982,815097,2014.0,FY,2013-12-01,2014-11-30,2017-01-30 09:27:06+00:00,1.57,1.57,1.0,1637000000.0,1.56,,9000000.0,1216000000.0,1216000000.0,1216000000.0,10421000000.0,15669000000.0,-267000000.0,,215000000.0,2054000000.0,10421000000.0,5463000000.0,288000000.0,8000000.0,3691000000.0,1772000000.0,-547000000.0,1225000000.0,15884000000.0,774500000.0,774500000.0,779500000.0
Carnival Corp,CCL,F1OF2ZSX47CR0BCWA982,815097,2014.0,Q4,2014-09-01,2014-11-30,,-0.13,-0.13,0.25,408000000.0,-0.14,,7000000.0,-103000000.0,-103000000.0,-103000000.0,2497000000.0,3686000000.0,-289000000.0,,33000000.0,548000000.0,2497000000.0,1222000000.0,75000000.0,2000000.0,956000000.0,266000000.0,-362000000.0,-96000000.0,3719000000.0,774500000.0,774500000.0,779500000.0
Carnival Corp,CCL,F1OF2ZSX47CR0BCWA982,815097,2014.0,Q3,2014-06-01,2014-08-31,2015-10-02 09:09:28+00:00,1.6,1.6,0.25,414000000.0,1.6,,0.0,1241000000.0,1241000000.0,1241000000.0,2760000000.0,4803000000.0,16000000.0,,144000000.0,481000000.0,2760000000.0,2187000000.0,69000000.0,2000000.0,895000000.0,1292000000.0,-51000000.0,1241000000.0,4947000000.0,776000000.0,776000000.0,776000000.0
Carnival Corp,CCL,F1OF2ZSX47CR0BCWA982,815097,2014.0,Q3YTD,2013-12-01,2014-08-31,,1.7,1.7,0.75,1229000000.0,1.7,,2000000.0,1319000000.0,1319000000.0,1319000000.0,7924000000.0,11983000000.0,22000000.0,,182000000.0,1506000000.0,7924000000.0,4241000000.0,213000000.0,6000000.0,2735000000.0,1506000000.0,-185000000.0,1321000000.0,12165000000.0,776000000.0,776000000.0,776000000.0
Carnival Corp,CCL,F1OF2ZSX47CR0BCWA982,815097,2014.0,Q3TTM,2013-09-01,2014-08-31,,1.79,1.76,1.0,1633000000.0,1.76,,-7000000.0,1362000000.0,1362000000.0,1362000000.0,10566000000.0,15608000000.0,53000000.0,,215000000.0,2037000000.0,10566000000.0,5257000000.0,295000000.0,10000000.0,3670000000.0,1587000000.0,-232000000.0,1355000000.0,15823000000.0,776000000.0,776000000.0,776000000.0
Carnival Corp,CCL,F1OF2ZSX47CR0BCWA982,815097,2014.0,Q2YTD,2013-12-01,2014-05-31,,0.1,0.1,0.5,815000000.0,0.1,,2000000.0,78000000.0,78000000.0,78000000.0,5164000000.0,7180000000.0,6000000.0,,38000000.0,1025000000.0,5164000000.0,2054000000.0,144000000.0,4000000.0,1840000000.0,214000000.0,-134000000.0,80000000.0,7218000000.0,776000000.0,776000000.0,776000000.0
Carnival Corp,CCL,F1OF2ZSX47CR0BCWA982,815097,2014.0,Q2TTM,2013-06-01,2014-05-31,,1.39,1.36,1.0,1625000000.0,1.36,13000000.0,-6000000.0,1055000000.0,1055000000.0,1055000000.0,10723000000.0,15390000000.0,95000000.0,,212000000.0,1995000000.0,10723000000.0,4879000000.0,302000000.0,10000000.0,3633000000.0,1246000000.0,-197000000.0,1049000000.0,15602000000.0,776000000.0,776000000.0,776000000.0
Carnival Corp,CCL,F1OF2ZSX47CR0BCWA982,815097,2014.0,Q2,2014-03-01,2014-05-31,2015-07-01 09:07:06+00:00,0.13,0.13,0.25,410000000.0,0.13,,1000000.0,98000000.0,98000000.0,98000000.0,2572000000.0,3603000000.0,22000000.0,,30000000.0,504000000.0,2572000000.0,1061000000.0,72000000.0,2000000.0,914000000.0,147000000.0,-48000000.0,99000000.0,3633000000.0,776000000.0,776000000.0,776000000.0
Carnival Corp,CCL,F1OF2ZSX47CR0BCWA982,815097,2014.0,Q1TTM,2013-03-01,2014-02-28,,1.31,1.28,1.0,1606000000.0,1.28,13000000.0,-7000000.0,998000000.0,998000000.0,998000000.0,10638000000.0,15239000000.0,37000000.0,,209000000.0,1940000000.0,10638000000.0,4810000000.0,308000000.0,11000000.0,3559000000.0,1251000000.0,-260000000.0,991000000.0,15448000000.0,666700000.0,666700000.0,666700000.0
Carnival Corp,CCL,F1OF2ZSX47CR0BCWA982,815097,2014.0,Q1,2013-12-01,2014-02-28,2015-04-02 09:05:26+00:00,-0.03,-0.03,0.25,405000000.0,-0.03,,1000000.0,-20000000.0,-20000000.0,-20000000.0,2592000000.0,3577000000.0,-16000000.0,,8000000.0,521000000.0,2592000000.0,993000000.0,72000000.0,2000000.0,926000000.0,67000000.0,-86000000.0,-19000000.0,3585000000.0,666700000.0,666700000.0,666700000.0
Carnival Corp,CCL,F1OF2ZSX47CR0BCWA982,815097,2015.0,FY,2014-12-01,2015-11-30,2018-01-29 09:27:30+00:00,2.26,2.26,1.1,1626000000.0,2.26,0.0,42000000.0,1757000000.0,1757000000.0,1757000000.0,9447000000.0,15488000000.0,-566000000.0,,226000000.0,2067000000.0,9447000000.0,6267000000.0,217000000.0,8000000.0,3693000000.0,2574000000.0,-775000000.0,1799000000.0,15714000000.0,777000000.0,777000000.0,777000000.0
Carnival Corp,CCL,F1OF2ZSX47CR0BCWA982,815097,2015.0,Q4,2015-09-01,2015-11-30,,0.35,0.35,0.3,420000000.0,0.35,,1000000.0,270000000.0,270000000.0,270000000.0,2218000000.0,3679000000.0,-190000000.0,,31000000.0,563000000.0,2218000000.0,1492000000.0,50000000.0,2000000.0,983000000.0,509000000.0,-238000000.0,271000000.0,3710000000.0,777000000.0,777000000.0,777000000.0
Carnival Corp,CCL,F1OF2ZSX47CR0BCWA982,815097,2015.0,Q3,2015-06-01,2015-08-31,2016-09-30 10:05:41+00:00,1.56,1.56,0.3,399000000.0,1.56,,34000000.0,1216000000.0,1216000000.0,1216000000.0,2490000000.0,4733000000.0,-209000000.0,,150000000.0,484000000.0,2490000000.0,2393000000.0,53000000.0,2000000.0,883000000.0,1510000000.0,-260000000.0,1250000000.0,4883000000.0,778000000.0,778000000.0,778000000.0
Carnival Corp,CCL,F1OF2ZSX47CR0BCWA982,815097,2015.0,Q3YTD,2014-12-01,2015-08-31,,1.91,1.91,0.8,1206000000.0,1.91,,41000000.0,1487000000.0,1487000000.0,1487000000.0,7229000000.0,11809000000.0,-376000000.0,,195000000.0,1504000000.0,7229000000.0,4775000000.0,167000000.0,6000000.0,2710000000.0,2065000000.0,-537000000.0,1528000000.0,12004000000.0,778000000.0,778000000.0,778000000.0
Carnival Corp,CCL,F1OF2ZSX47CR0BCWA982,815097,2015.0,Q3TTM,2014-09-01,2015-08-31,,1.78,1.78,1.05,1614000000.0,1.77,,48000000.0,1384000000.0,1384000000.0,1384000000.0,9726000000.0,15495000000.0,-665000000.0,,228000000.0,2052000000.0,9726000000.0,5997000000.0,242000000.0,8000000.0,3666000000.0,2331000000.0,-899000000.0,1432000000.0,15723000000.0,778000000.0,778000000.0,778000000.0
Carnival Corp,CCL,F1OF2ZSX47CR0BCWA982,815097,2015.0,Q2,2015-03-01,2015-05-31,2016-07-01 09:21:46+00:00,0.29,0.29,0.25,406000000.0,0.29,,4000000.0,222000000.0,222000000.0,222000000.0,2404000000.0,3555000000.0,-8000000.0,,35000000.0,491000000.0,2404000000.0,1186000000.0,57000000.0,2000000.0,897000000.0,289000000.0,-63000000.0,226000000.0,3590000000.0,778000000.0,778000000.0,778000000.0
Carnival Corp,CCL,F1OF2ZSX47CR0BCWA982,815097,2015.0,Q2YTD,2014-12-01,2015-05-31,,0.35,0.35,0.5,807000000.0,0.35,,7000000.0,271000000.0,271000000.0,271000000.0,4739000000.0,7076000000.0,-167000000.0,,45000000.0,1020000000.0,4739000000.0,2382000000.0,114000000.0,4000000.0,1827000000.0,555000000.0,-277000000.0,278000000.0,7121000000.0,778000000.0,778000000.0,778000000.0
Carnival Corp,CCL,F1OF2ZSX47CR0BCWA982,815097,2015.0,Q2TTM,2014-06-01,2015-05-31,,1.82,1.82,1.0,1629000000.0,1.81,,14000000.0,1409000000.0,1409000000.0,1409000000.0,9996000000.0,15565000000.0,-440000000.0,,222000000.0,2049000000.0,9996000000.0,5791000000.0,258000000.0,8000000.0,3678000000.0,2113000000.0,-690000000.0,1423000000.0,15787000000.0,778000000.0,778000000.0,778000000.0
Carnival Corp,CCL,F1OF2ZSX47CR0BCWA982,815097,2015.0,Q1,2014-12-01,2015-02-28,2016-03-31 09:13:03+00:00,0.06,0.06,0.25,401000000.0,0.06,,3000000.0,49000000.0,49000000.0,49000000.0,2335000000.0,3521000000.0,-159000000.0,,10000000.0,529000000.0,2335000000.0,1196000000.0,57000000.0,2000000.0,930000000.0,266000000.0,-214000000.0,52000000.0,3531000000.0,777000000.0,777000000.0,777000000.0
Carnival Corp,CCL,F1OF2ZSX47CR0BCWA982,815097,2015.0,Q1TTM,2014-03-01,2015-02-28,,1.66,1.66,1.0,1633000000.0,1.65,,11000000.0,1285000000.0,1285000000.0,1285000000.0,10164000000.0,15613000000.0,-410000000.0,,217000000.0,2062000000.0,10164000000.0,5666000000.0,273000000.0,8000000.0,3695000000.0,1971000000.0,-675000000.0,1296000000.0,15830000000.0,777000000.0,777000000.0,777000000.0
Carnival Corp,CCL,F1OF2ZSX47CR0BCWA982,815097,2016.0,FY,2015-12-01,2016-11-30,2019-01-28 10:54:24+00:00,3.73,3.73,1.35,1738000000.0,3.72,0.0,49000000.0,2779000000.0,2779000000.0,2779000000.0,0.0,16389000000.0,-26000000.0,9383000000.0,,2197000000.0,,16389000000.0,223000000.0,6000000.0,13318000000.0,3071000000.0,-243000000.0,2828000000.0,16389000000.0,745000000.0,745000000.0,747000000.0
Carnival Corp,CCL,F1OF2ZSX47CR0BCWA982,815097,2016.0,Q4,2016-09-01,2016-11-30,,0.81,0.81,0.35,435000000.0,0.81,,5000000.0,608000000.0,608000000.0,608000000.0,-7064000000.0,4125000000.0,69000000.0,9383000000.0,-189000000.0,585000000.0,-7064000000.0,11000000000.0,53000000.0,,10403000000.0,597000000.0,16000000.0,613000000.0,3936000000.0,745000000.0,745000000.0,747000000.0
Carnival Corp,CCL,F1OF2ZSX47CR0BCWA982,815097,2016.0,Q3,2016-06-01,2016-08-31,2017-09-29 12:33:13+00:00,1.93,1.93,0.35,443000000.0,1.93,0.0,41000000.0,1424000000.0,1424000000.0,1424000000.0,2563000000.0,4949000000.0,-38000000.0,,148000000.0,529000000.0,2563000000.0,2534000000.0,61000000.0,2000000.0,972000000.0,1562000000.0,-97000000.0,1465000000.0,5097000000.0,737000000.0,737000000.0,737000000.0
Carnival Corp,CCL,F1OF2ZSX47CR0BCWA982,815097,2016.0,Q3YTD,2015-12-01,2016-08-31,,2.92,2.92,1.0,1303000000.0,2.91,,44000000.0,2171000000.0,2171000000.0,2171000000.0,7064000000.0,12264000000.0,-95000000.0,,189000000.0,1612000000.0,7064000000.0,5389000000.0,170000000.0,6000000.0,2915000000.0,2474000000.0,-259000000.0,2215000000.0,12453000000.0,737000000.0,737000000.0,737000000.0
Carnival Corp,CCL,F1OF2ZSX47CR0BCWA982,815097,2016.0,Q3TTM,2015-09-01,2016-08-31,,3.27,3.27,1.3,1723000000.0,3.26,,45000000.0,2441000000.0,2441000000.0,2441000000.0,9282000000.0,15943000000.0,-285000000.0,,220000000.0,2175000000.0,9282000000.0,6881000000.0,220000000.0,8000000.0,3898000000.0,2983000000.0,-497000000.0,2486000000.0,16163000000.0,737000000.0,737000000.0,737000000.0
Carnival Corp,CCL,F1OF2ZSX47CR0BCWA982,815097,2016.0,Q2,2016-03-01,2016-05-31,2017-06-30 09:25:40+00:00,0.81,0.81,0.35,437000000.0,0.8,,2000000.0,605000000.0,605000000.0,605000000.0,2258000000.0,3674000000.0,184000000.0,,31000000.0,532000000.0,2258000000.0,1447000000.0,57000000.0,2000000.0,969000000.0,478000000.0,129000000.0,607000000.0,3705000000.0,751000000.0,751000000.0,751000000.0
Carnival Corp,CCL,F1OF2ZSX47CR0BCWA982,815097,2016.0,Q2YTD,2015-12-01,2016-05-31,,0.99,0.99,0.65,860000000.0,0.98,,3000000.0,747000000.0,747000000.0,747000000.0,4501000000.0,7315000000.0,-57000000.0,,41000000.0,1083000000.0,4501000000.0,2855000000.0,109000000.0,4000000.0,1943000000.0,912000000.0,-162000000.0,750000000.0,7356000000.0,751000000.0,751000000.0,751000000.0
Carnival Corp,CCL,F1OF2ZSX47CR0BCWA982,815097,2016.0,Q2TTM,2015-06-01,2016-05-31,,2.9,2.9,1.25,1679000000.0,2.89,,38000000.0,2233000000.0,2233000000.0,2233000000.0,9209000000.0,15727000000.0,-456000000.0,,222000000.0,2130000000.0,9209000000.0,6740000000.0,212000000.0,8000000.0,3809000000.0,2931000000.0,-660000000.0,2271000000.0,15949000000.0,751000000.0,751000000.0,751000000.0
Carnival Corp,CCL,F1OF2ZSX47CR0BCWA982,815097,2016.0,Q1,2015-12-01,2016-02-29,2017-03-30 09:22:38+00:00,0.18,0.18,0.3,423000000.0,0.18,,1000000.0,142000000.0,142000000.0,142000000.0,2243000000.0,3641000000.0,-241000000.0,,10000000.0,551000000.0,2243000000.0,1408000000.0,52000000.0,2000000.0,974000000.0,434000000.0,-291000000.0,143000000.0,3651000000.0,766000000.0,766000000.0,766000000.0
Carnival Corp,CCL,F1OF2ZSX47CR0BCWA982,815097,2016.0,Q1TTM,2015-03-01,2016-02-29,,2.38,2.38,1.15,1648000000.0,2.38,,40000000.0,1850000000.0,1850000000.0,1850000000.0,9355000000.0,15608000000.0,-648000000.0,,226000000.0,2089000000.0,9355000000.0,6479000000.0,212000000.0,8000000.0,3737000000.0,2742000000.0,-852000000.0,1890000000.0,15834000000.0,766000000.0,766000000.0,766000000.0
Carnival Corp,CCL,F1OF2ZSX47CR0BCWA982,815097,2017.0,FY,2016-12-01,2017-11-30,2020-01-28 11:19:47+00:00,3.61,3.61,1.6,1846000000.0,3.59,89000000.0,60000000.0,2606000000.0,2606000000.0,2606000000.0,8394000000.0,17510000000.0,46000000.0,2107000000.0,,2265000000.0,8394000000.0,9116000000.0,198000000.0,9000000.0,6307000000.0,2809000000.0,-143000000.0,2666000000.0,17510000000.0,722000000.0,722000000.0,722000000.0
Carnival Corp,CCL,F1OF2ZSX47CR0BCWA982,815097,2017.0,Q4,2017-09-01,2017-11-30,,0.77,0.77,-1.15,478000000.0,0.76,,14000000.0,546000000.0,546000000.0,546000000.0,3523000000.0,4305000000.0,58000000.0,-906000000.0,-46000000.0,616000000.0,3523000000.0,736000000.0,48000000.0,2000000.0,188000000.0,548000000.0,12000000.0,560000000.0,4259000000.0,722000000.0,722000000.0,722000000.0
Carnival Corp,CCL,F1OF2ZSX47CR0BCWA982,815097,2017.0,Q3,2017-06-01,2017-08-31,2018-09-27 11:28:35+00:00,1.84,1.84,0.4,473000000.0,1.83,89000000.0,39000000.0,1329000000.0,1329000000.0,1329000000.0,0.0,5515000000.0,21000000.0,3013000000.0,,547000000.0,,5515000000.0,49000000.0,3000000.0,4122000000.0,1393000000.0,-25000000.0,1368000000.0,5515000000.0,722300000.0,722300000.0,726200000.0
Carnival Corp,CCL,F1OF2ZSX47CR0BCWA982,815097,2017.0,Q3YTD,2016-12-01,2017-08-31,,2.84,2.84,1.15,1368000000.0,2.83,89000000.0,46000000.0,2060000000.0,2060000000.0,2060000000.0,4871000000.0,13205000000.0,-12000000.0,3013000000.0,46000000.0,1649000000.0,4871000000.0,8380000000.0,150000000.0,7000000.0,6119000000.0,2261000000.0,-155000000.0,2106000000.0,13251000000.0,722300000.0,722300000.0,726200000.0
Carnival Corp,CCL,F1OF2ZSX47CR0BCWA982,815097,2017.0,Q3TTM,2016-09-01,2017-08-31,,3.65,3.65,1.5,1803000000.0,3.64,89000000.0,51000000.0,2668000000.0,2668000000.0,2668000000.0,-2193000000.0,17330000000.0,57000000.0,12396000000.0,-143000000.0,2234000000.0,-2193000000.0,19380000000.0,203000000.0,7000000.0,16522000000.0,2858000000.0,-139000000.0,2719000000.0,17187000000.0,722300000.0,722300000.0,726200000.0
Carnival Corp,CCL,F1OF2ZSX47CR0BCWA982,815097,2017.0,Q2,2017-03-01,2017-05-31,2018-06-25 11:35:19+00:00,0.52,0.52,0.4,456000000.0,0.52,,5000000.0,379000000.0,379000000.0,379000000.0,2436000000.0,3908000000.0,-68000000.0,,37000000.0,553000000.0,2436000000.0,1509000000.0,50000000.0,2000000.0,1009000000.0,500000000.0,-116000000.0,384000000.0,3945000000.0,724000000.0,724000000.0,724000000.0
Carnival Corp,CCL,F1OF2ZSX47CR0BCWA982,815097,2017.0,Q2YTD,2016-12-01,2017-05-31,,1.0,1.0,0.75,895000000.0,1.0,,7000000.0,731000000.0,731000000.0,731000000.0,4871000000.0,7690000000.0,-33000000.0,,46000000.0,1102000000.0,4871000000.0,2865000000.0,101000000.0,4000000.0,1997000000.0,868000000.0,-130000000.0,738000000.0,7736000000.0,724000000.0,724000000.0,724000000.0
Carnival Corp,CCL,F1OF2ZSX47CR0BCWA982,815097,2017.0,Q2TTM,2016-06-01,2017-05-31,,3.74,3.74,1.45,1773000000.0,3.74,,53000000.0,2763000000.0,2763000000.0,2763000000.0,370000000.0,16764000000.0,-2000000.0,9383000000.0,5000000.0,2216000000.0,370000000.0,16399000000.0,215000000.0,6000000.0,13372000000.0,3027000000.0,-211000000.0,2816000000.0,16769000000.0,724000000.0,724000000.0,724000000.0
Carnival Corp,CCL,F1OF2ZSX47CR0BCWA982,815097,2017.0,Q1,2016-12-01,2017-02-28,2018-03-22 12:55:45+00:00,0.48,0.48,0.35,439000000.0,0.48,,2000000.0,352000000.0,352000000.0,352000000.0,2435000000.0,3782000000.0,35000000.0,,9000000.0,549000000.0,2435000000.0,1356000000.0,51000000.0,2000000.0,988000000.0,368000000.0,-14000000.0,354000000.0,3791000000.0,725000000.0,725000000.0,725000000.0
Carnival Corp,CCL,F1OF2ZSX47CR0BCWA982,815097,2017.0,Q1TTM,2016-03-01,2017-02-28,,4.03,4.03,1.4,1754000000.0,4.02,,50000000.0,2989000000.0,2989000000.0,2989000000.0,192000000.0,16530000000.0,250000000.0,9383000000.0,-1000000.0,2195000000.0,192000000.0,16337000000.0,222000000.0,6000000.0,13332000000.0,3005000000.0,34000000.0,3039000000.0,16529000000.0,725000000.0,725000000.0,725000000.0
Carnival Corp,CCL,F1OF2ZSX47CR0BCWA982,815097,2018.0,FY,2017-12-01,2018-11-30,2020-01-28 11:19:47+00:00,4.45,4.45,1.95,2017000000.0,4.44,0.0,54000000.0,3152000000.0,3153000000.0,3152000000.0,8900000000.0,18881000000.0,62000000.0,2190000000.0,,2450000000.0,8900000000.0,9981000000.0,194000000.0,14000000.0,6657000000.0,3325000000.0,-118000000.0,3207000000.0,18881000000.0,709000000.0,709000000.0,709000000.0
Carnival Corp,CCL,F1OF2ZSX47CR0BCWA982,815097,2018.0,Q4,2018-09-01,2018-11-30,,0.7,0.7,-0.5,506000000.0,0.71,,14000000.0,493000000.0,495000000.0,493000000.0,6255000000.0,4456000000.0,-1000000.0,-3513000000.0,,656000000.0,6255000000.0,-1799000000.0,48000000.0,3000000.0,-2351000000.0,553000000.0,-46000000.0,509000000.0,4456000000.0,709000000.0,709000000.0,709000000.0
Carnival Corp,CCL,F1OF2ZSX47CR0BCWA982,815097,2018.0,Q3,2018-06-01,2018-08-31,2019-09-26 11:48:11+00:00,2.42,2.42,,511000000.0,2.41,,37000000.0,1707000000.0,1707000000.0,1707000000.0,0.0,5836000000.0,-5000000.0,2958000000.0,,573000000.0,,5836000000.0,49000000.0,5000000.0,4042000000.0,1794000000.0,-49000000.0,1744000000.0,5836000000.0,705400000.0,705400000.0,708300000.0
Carnival Corp,CCL,F1OF2ZSX47CR0BCWA982,815097,2018.0,Q3YTD,2017-12-01,2018-08-31,,3.75,3.75,0.5,1511000000.0,3.73,,40000000.0,2659000000.0,2658000000.0,2659000000.0,2645000000.0,14425000000.0,63000000.0,5703000000.0,,1794000000.0,2645000000.0,11780000000.0,146000000.0,11000000.0,9008000000.0,2772000000.0,-72000000.0,2698000000.0,14425000000.0,705400000.0,705400000.0,708300000.0
Carnival Corp,CCL,F1OF2ZSX47CR0BCWA982,815097,2018.0,Q3TTM,2017-09-01,2018-08-31,,4.52,4.52,-0.65,1989000000.0,4.49,,54000000.0,3205000000.0,3204000000.0,3205000000.0,6168000000.0,18730000000.0,121000000.0,4797000000.0,-46000000.0,2410000000.0,6168000000.0,12516000000.0,194000000.0,13000000.0,9196000000.0,3320000000.0,-60000000.0,3258000000.0,18684000000.0,705400000.0,705400000.0,708300000.0
Carnival Corp,CCL,F1OF2ZSX47CR0BCWA982,815097,2018.0,Q2,2018-03-01,2018-05-31,2019-06-24 16:33:56+00:00,0.79,0.79,0.5,512000000.0,0.78,,3000000.0,561000000.0,561000000.0,561000000.0,2645000000.0,4357000000.0,51000000.0,36000000.0,,605000000.0,2645000000.0,1712000000.0,49000000.0,3000000.0,1153000000.0,559000000.0,5000000.0,564000000.0,4357000000.0,714000000.0,714000000.0,714000000.0
Carnival Corp,CCL,F1OF2ZSX47CR0BCWA982,815097,2018.0,Q2YTD,2017-12-01,2018-05-31,,1.33,1.33,0.5,1000000000.0,1.32,,3000000.0,952000000.0,951000000.0,952000000.0,2645000000.0,8589000000.0,68000000.0,2745000000.0,,1221000000.0,2645000000.0,5944000000.0,97000000.0,6000000.0,4966000000.0,978000000.0,-23000000.0,954000000.0,8589000000.0,714000000.0,714000000.0,714000000.0
Carnival Corp,CCL,F1OF2ZSX47CR0BCWA982,815097,2018.0,Q2TTM,2017-06-01,2018-05-31,,3.94,3.94,-0.25,1951000000.0,3.91,89000000.0,56000000.0,2827000000.0,2826000000.0,2827000000.0,6168000000.0,18409000000.0,147000000.0,4852000000.0,-46000000.0,2384000000.0,6168000000.0,12195000000.0,194000000.0,11000000.0,9276000000.0,2919000000.0,-36000000.0,2882000000.0,18363000000.0,714000000.0,714000000.0,714000000.0
Carnival Corp,CCL,F1OF2ZSX47CR0BCWA982,815097,2018.0,Q1,2017-12-01,2018-02-28,2019-04-09 11:49:33+00:00,0.54,0.54,0.45,488000000.0,0.54,,0.0,391000000.0,390000000.0,391000000.0,0.0,4232000000.0,17000000.0,2709000000.0,,616000000.0,,4232000000.0,48000000.0,3000000.0,3813000000.0,419000000.0,-28000000.0,390000000.0,4232000000.0,724100000.0,724100000.0,724100000.0
Carnival Corp,CCL,F1OF2ZSX47CR0BCWA982,815097,2018.0,Q1TTM,2017-03-01,2018-02-28,,3.67,3.67,-0.35,1895000000.0,3.65,89000000.0,58000000.0,2645000000.0,2644000000.0,2645000000.0,5959000000.0,17960000000.0,28000000.0,4816000000.0,-9000000.0,2332000000.0,5959000000.0,11992000000.0,195000000.0,10000000.0,9132000000.0,2860000000.0,-157000000.0,2702000000.0,17951000000.0,724100000.0,724100000.0,724100000.0
Carnival Corp,CCL,F1OF2ZSX47CR0BCWA982,815097,2019.0,Q4,2019-09-01,2019-11-30,,0.63,0.63,1.5,554000000.0,0.61,,14000000.0,423000000.0,422000000.0,423000000.0,7652000000.0,7517000000.0,-4000000.0,-1840000000.0,,667000000.0,7652000000.0,-135000000.0,49000000.0,6000000.0,-619000000.0,485000000.0,-47000000.0,436000000.0,7517000000.0,690000000.0,690000000.0,690000000.0
Carnival Corp,CCL,F1OF2ZSX47CR0BCWA982,815097,2019.0,FY,2018-12-01,2019-11-30,2020-01-28 11:19:47+00:00,4.34,4.34,2.0,2160000000.0,4.32,0.0,71000000.0,2990000000.0,2989000000.0,2990000000.0,10659000000.0,20825000000.0,-32000000.0,2249000000.0,,2480000000.0,10659000000.0,10166000000.0,206000000.0,23000000.0,6889000000.0,3276000000.0,-215000000.0,3060000000.0,20825000000.0,690000000.0,690000000.0,690000000.0
Carnival Corp,CCL,F1OF2ZSX47CR0BCWA982,815097,2019.0,Q3,2019-06-01,2019-08-31,2019-09-26 11:48:11+00:00,2.58,2.58,,548000000.0,2.58,,47000000.0,1780000000.0,1780000000.0,1780000000.0,0.0,6533000000.0,-19000000.0,3532000000.0,,563000000.0,,6533000000.0,52000000.0,8000000.0,4643000000.0,1890000000.0,-63000000.0,1827000000.0,6533000000.0,689900000.0,689900000.0,689900000.0
Carnival Corp,CCL,F1OF2ZSX47CR0BCWA982,815097,2019.0,Q3YTD,2018-12-01,2019-08-31,,3.71,3.71,0.5,1606000000.0,3.71,,57000000.0,2567000000.0,2567000000.0,2567000000.0,3007000000.0,13308000000.0,-28000000.0,4089000000.0,,1813000000.0,3007000000.0,10301000000.0,157000000.0,17000000.0,7508000000.0,2791000000.0,-168000000.0,2624000000.0,13308000000.0,689900000.0,689900000.0,689900000.0
Carnival Corp,CCL,F1OF2ZSX47CR0BCWA982,815097,2019.0,Q3TTM,2018-09-01,2019-08-31,,4.41,4.41,1.5,2112000000.0,4.42,,71000000.0,3060000000.0,3062000000.0,3060000000.0,9262000000.0,17764000000.0,-29000000.0,576000000.0,,2469000000.0,9262000000.0,8502000000.0,205000000.0,20000000.0,5157000000.0,3344000000.0,-214000000.0,3133000000.0,17764000000.0,689900000.0,689900000.0,689900000.0
Carnival Corp,CCL,F1OF2ZSX47CR0BCWA982,815097,2019.0,Q2,2019-03-01,2019-05-31,2020-07-10 11:49:26+00:00,0.65,0.65,,542000000.0,0.65,0.0,8000000.0,451000000.0,451000000.0,451000000.0,423000000.0,2102000000.0,-7000000.0,0.0,,621000000.0,423000000.0,1679000000.0,54000000.0,5000000.0,1163000000.0,515000000.0,-56000000.0,459000000.0,2102000000.0,693800000.0,693800000.0,693800000.0
Carnival Corp,CCL,F1OF2ZSX47CR0BCWA982,815097,2019.0,Q2YTD,2018-12-01,2019-05-31,,1.13,1.13,0.5,1058000000.0,1.13,,10000000.0,787000000.0,787000000.0,787000000.0,3007000000.0,6775000000.0,-9000000.0,557000000.0,,1250000000.0,3007000000.0,3768000000.0,105000000.0,9000000.0,2865000000.0,901000000.0,-105000000.0,797000000.0,6775000000.0,693800000.0,693800000.0,693800000.0
Carnival Corp,CCL,F1OF2ZSX47CR0BCWA982,815097,2019.0,Q2TTM,2018-06-01,2019-05-31,,4.25,4.25,1.5,2075000000.0,4.25,,61000000.0,2987000000.0,2989000000.0,2987000000.0,9262000000.0,17067000000.0,-15000000.0,2000000.0,,2479000000.0,9262000000.0,7805000000.0,202000000.0,17000000.0,4556000000.0,3248000000.0,-200000000.0,3050000000.0,17067000000.0,693800000.0,693800000.0,693800000.0
Carnival Corp,CCL,F1OF2ZSX47CR0BCWA982,815097,2019.0,Q1,2018-12-01,2019-02-28,2020-04-03 12:51:04+00:00,0.48,0.48,0.5,516000000.0,0.48,0.0,2000000.0,336000000.0,336000000.0,336000000.0,2584000000.0,4673000000.0,-2000000.0,557000000.0,,629000000.0,2584000000.0,2089000000.0,51000000.0,4000000.0,1702000000.0,386000000.0,-49000000.0,338000000.0,4673000000.0,693000000.0,693000000.0,693000000.0
Carnival Corp,CCL,F1OF2ZSX47CR0BCWA982,815097,2019.0,Q1TTM,2018-03-01,2019-02-28,,4.39,4.39,2.0,2045000000.0,4.38,,56000000.0,3097000000.0,3099000000.0,3097000000.0,11484000000.0,19322000000.0,43000000.0,38000000.0,,2463000000.0,11484000000.0,7838000000.0,197000000.0,15000000.0,4546000000.0,3292000000.0,-139000000.0,3155000000.0,19322000000.0,693000000.0,693000000.0,693000000.0
Carnival Corp,CCL,F1OF2ZSX47CR0BCWA982,815097,2020.0,Q2,2020-03-01,2020-05-31,2020-07-10 11:49:26+00:00,-6.07,-6.07,,577000000.0,-6.07,1953000000.0,-11000000.0,-4374000000.0,-4374000000.0,-4374000000.0,201000000.0,-955000000.0,-32000000.0,0.0,,492000000.0,201000000.0,-1156000000.0,182000000.0,6000000.0,3022000000.0,-4177000000.0,-208000000.0,-4385000000.0,-955000000.0,720600000.0,720600000.0,720600000.0
Carnival Corp,CCL,F1OF2ZSX47CR0BCWA982,815097,2020.0,Q1TTM,2019-03-01,2020-02-29,,2.72,2.72,2.0,2214000000.0,2.7,731000000.0,80000000.0,1873000000.0,1872000000.0,1873000000.0,10986000000.0,25731000000.0,-37000000.0,7094000000.0,,2529000000.0,10986000000.0,14745000000.0,210000000.0,24000000.0,12568000000.0,2177000000.0,-223000000.0,1952000000.0,25731000000.0,684000000.0,684000000.0,684000000.0
Carnival Corp,CCL,F1OF2ZSX47CR0BCWA982,815097,2020.0,Q1,2019-12-01,2020-02-29,2020-04-03 12:51:04+00:00,-1.14,-1.14,0.5,570000000.0,-1.14,731000000.0,11000000.0,-781000000.0,-781000000.0,-781000000.0,2911000000.0,9579000000.0,-7000000.0,5402000000.0,,678000000.0,2911000000.0,6668000000.0,55000000.0,5000000.0,7381000000.0,-713000000.0,-57000000.0,-770000000.0,9579000000.0,684000000.0,684000000.0,684000000.0
