company_name,company_ticker,company_lei,company_cik,year,quarter,start_date,end_date,filing_date,basicdilutedeps,basiceps,cashdividendspershare,dilutedeps,impairmentexpense,incometaxexpense,netincome,netincomecontinuing,netincomediscontinued,netincometocommon,operatingcostofrevenue,operatingrevenue,otherincome,otheroperatingexpenses,otherspecialcharges,restructuringcharge,sgaexpense,totalcostofrevenue,totalgrossprofit,totalinterestexpense,totalinterestincome,totaloperatingexpenses,totaloperatingincome,totalotherincome,totalpretaxincome,totalrevenue,weightedavebasicdilutedsharesos,weightedavebasicsharesos,weightedavedilutedsharesos
Vulcan Materials Co,VMC,549300Q8LSNHAVWBNI21,1396009,2007.0,FY,2007-01-01,2007-12-31,2010-02-26 17:25:32+00:00,4.65,4.65,1.84,4.54,0.0,204416000.0,450910000.0,463086000.0,-12176000.0,450910000.0,2376884000.0,3327787000.0,-5322000.0,5541000.0,-58659000.0,,289604000.0,2376884000.0,950903000.0,48218000.0,6625000.0,236486000.0,714417000.0,-46915000.0,667502000.0,3327787000.0,97000000.0,97036000.0,99403000.0
Vulcan Materials Co,VMC,549300Q8LSNHAVWBNI21,1396009,2008.0,FY,2008-01-01,2008-12-31,2011-02-28 15:32:28+00:00,0.01,0.01,1.96,0.01,252664000.0,71691000.0,918000.0,3367000.0,-2449000.0,918000.0,2901726000.0,3651438000.0,-4357000.0,-411000.0,-94227000.0,,342584000.0,2901726000.0,749712000.0,172813000.0,3126000.0,500610000.0,249102000.0,-174044000.0,75058000.0,3651438000.0,91800000.0,109774000.0,110954000.0
Vulcan Materials Co,VMC,549300Q8LSNHAVWBNI21,1396009,2008.0,Q3,2008-07-01,2008-09-30,2009-11-05 20:52:56+00:00,0.54,0.54,0.49,0.53,,21038000.0,59050000.0,59816000.0,-766000.0,59050000.0,812503000.0,1013349000.0,-3825000.0,-1574000.0,-2247000.0,,76364000.0,812503000.0,200846000.0,44579000.0,955000.0,72543000.0,128303000.0,-47449000.0,80854000.0,1013349000.0,109400000.0,110114000.0,111270000.0
Vulcan Materials Co,VMC,549300Q8LSNHAVWBNI21,1396009,2008.0,Q2,2008-04-01,2008-06-30,2009-08-05 17:01:59+00:00,1.28,1.28,0.49,1.27,,63492000.0,140755000.0,141225000.0,-470000.0,140755000.0,776325000.0,1021551000.0,3444000.0,2474000.0,-80498000.0,,84781000.0,776325000.0,245226000.0,38193000.0,997000.0,6757000.0,238469000.0,-33752000.0,204717000.0,1021551000.0,110000000.0,109922000.0,111117000.0
Vulcan Materials Co,VMC,549300Q8LSNHAVWBNI21,1396009,2009.0,Q4,2009-10-01,2009-12-31,,-0.08,-0.08,0.25,-0.08,,-28248000.0,-13350000.0,-12582000.0,-768000.0,-13350000.0,522104000.0,590145000.0,731000.0,-2884000.0,-16451000.0,,85986000.0,522104000.0,68041000.0,43751000.0,800000.0,66651000.0,1390000.0,-42220000.0,-40830000.0,590145000.0,121300000.0,118891000.0,119430000.0
Vulcan Materials Co,VMC,549300Q8LSNHAVWBNI21,1396009,2009.0,FY,2009-01-01,2009-12-31,2012-02-29 16:58:37+00:00,0.25,0.25,1.48,0.25,,-37869000.0,30314000.0,18648000.0,11666000.0,30314000.0,2244528000.0,2690490000.0,5307000.0,0.0,-27104000.0,0.0,324614000.0,2244528000.0,445962000.0,175262000.0,2282000.0,297510000.0,148452000.0,-167673000.0,-19221000.0,2690490000.0,121300000.0,118891000.0,119430000.0
Vulcan Materials Co,VMC,549300Q8LSNHAVWBNI21,1396009,2009.0,Q3YTD,2009-01-01,2009-09-30,,0.33,0.33,1.23,0.33,,-9621000.0,43664000.0,31230000.0,12434000.0,43664000.0,1722424000.0,2100345000.0,4576000.0,2884000.0,-10653000.0,,238628000.0,1722424000.0,377921000.0,131511000.0,1482000.0,230859000.0,147062000.0,-125453000.0,21609000.0,2100345000.0,126100000.0,125361000.0,125859000.0
Vulcan Materials Co,VMC,549300Q8LSNHAVWBNI21,1396009,2009.0,Q3,2009-07-01,2009-09-30,2010-11-03 14:54:16+00:00,0.43,0.43,0.25,0.43,,-5983000.0,54232000.0,47924000.0,6308000.0,54232000.0,623712000.0,778192000.0,2756000.0,-286000.0,-7496000.0,,79558000.0,623712000.0,154480000.0,43519000.0,,71776000.0,82704000.0,-40763000.0,41941000.0,778192000.0,126100000.0,125361000.0,125859000.0
Vulcan Materials Co,VMC,549300Q8LSNHAVWBNI21,1396009,2009.0,Q2YTD,2009-01-01,2009-06-30,,-0.1,-0.1,0.98,-0.1,,-3638000.0,-10568000.0,-16694000.0,6126000.0,-10568000.0,1098712000.0,1322153000.0,1820000.0,3170000.0,-3157000.0,,159070000.0,1098712000.0,223441000.0,87992000.0,1482000.0,159083000.0,64358000.0,-84690000.0,-20332000.0,1322153000.0,111100000.0,113477000.0,113829000.0
Vulcan Materials Co,VMC,549300Q8LSNHAVWBNI21,1396009,2009.0,Q2,2009-04-01,2009-06-30,2010-08-04 16:01:41+00:00,0.2,0.2,0.49,0.2,,9632000.0,22212000.0,15561000.0,6651000.0,22212000.0,576025000.0,721859000.0,2895000.0,1451000.0,-654000.0,,79353000.0,576025000.0,145834000.0,44073000.0,687000.0,80150000.0,65684000.0,-40491000.0,25193000.0,721859000.0,111100000.0,113477000.0,113829000.0
Vulcan Materials Co,VMC,549300Q8LSNHAVWBNI21,1396009,2009.0,Q1,2009-01-01,2009-03-31,2010-05-04 08:08:53+00:00,-0.3,-0.3,0.49,-0.3,,-13270000.0,-32780000.0,-32255000.0,-525000.0,-32780000.0,522687000.0,600294000.0,-1075000.0,1719000.0,-2503000.0,,79717000.0,522687000.0,77607000.0,43919000.0,795000.0,78933000.0,-1326000.0,-44199000.0,-45525000.0,600294000.0,109300000.0,110598000.0,110598000.0
Vulcan Materials Co,VMC,549300Q8LSNHAVWBNI21,1396009,2010.0,Q4,2010-10-01,2010-12-31,,-0.35,-0.35,0.25,-0.35,,-28172000.0,-46997000.0,-46145000.0,-852000.0,-46997000.0,535492000.0,586242000.0,1292000.0,2118000.0,-9093000.0,,87137000.0,535492000.0,50750000.0,47060000.0,863000.0,80162000.0,-29412000.0,-44905000.0,-74317000.0,586242000.0,128700000.0,128050000.0,128050000.0
Vulcan Materials Co,VMC,549300Q8LSNHAVWBNI21,1396009,2010.0,FY,2010-01-01,2010-12-31,2013-02-28 16:07:38+00:00,-0.75,-0.75,1.0,-0.75,,-89663000.0,-96490000.0,-102543000.0,6053000.0,-96490000.0,2258136000.0,2558862000.0,3074000.0,0.0,-19302000.0,0.0,334568000.0,2258136000.0,300726000.0,181603000.0,863000.0,315266000.0,-14540000.0,-177666000.0,-192206000.0,2558862000.0,128700000.0,128050000.0,128050000.0
Vulcan Materials Co,VMC,549300Q8LSNHAVWBNI21,1396009,2010.0,Q3YTD,2010-01-01,2010-09-30,,-0.4,-0.4,0.75,-0.4,,-61491000.0,-49493000.0,-56398000.0,6905000.0,-49493000.0,1722644000.0,1972620000.0,1782000.0,-2118000.0,-10209000.0,,247431000.0,1722644000.0,249976000.0,134543000.0,,235104000.0,14872000.0,-132761000.0,-117889000.0,1972620000.0,132500000.0,128602000.0,128910000.0
Vulcan Materials Co,VMC,549300Q8LSNHAVWBNI21,1396009,2010.0,Q3TTM,2009-10-01,2010-09-30,,-0.48,-0.48,1.0,-0.48,,-89739000.0,-62843000.0,-68980000.0,6137000.0,-62843000.0,2244748000.0,2562765000.0,2513000.0,-5002000.0,-26660000.0,,333417000.0,2244748000.0,318017000.0,178294000.0,800000.0,301755000.0,16262000.0,-174981000.0,-158719000.0,2562765000.0,132500000.0,128602000.0,128910000.0
Vulcan Materials Co,VMC,549300Q8LSNHAVWBNI21,1396009,2010.0,Q3,2010-07-01,2010-09-30,2011-11-04 10:43:46+00:00,0.1,0.1,0.25,0.1,,-6048000.0,13246000.0,10591000.0,2655000.0,13246000.0,616457000.0,743204000.0,1637000.0,-769000.0,-476000.0,,77560000.0,616457000.0,126747000.0,47526000.0,,76315000.0,50432000.0,-45889000.0,4543000.0,743204000.0,132500000.0,128602000.0,128910000.0
Vulcan Materials Co,VMC,549300Q8LSNHAVWBNI21,1396009,2010.0,Q2YTD,2010-01-01,2010-06-30,,-0.5,-0.5,0.5,-0.5,,-55443000.0,-62739000.0,-66989000.0,4250000.0,-62739000.0,1106187000.0,1229416000.0,145000.0,-1349000.0,-9733000.0,,169871000.0,1106187000.0,123229000.0,87017000.0,,158789000.0,-35560000.0,-86872000.0,-122432000.0,1229416000.0,126300000.0,128168000.0,128168000.0
Vulcan Materials Co,VMC,549300Q8LSNHAVWBNI21,1396009,2010.0,Q2TTM,2009-07-01,2010-06-30,,-0.15,-0.15,1.0,-0.15,,-89674000.0,-21857000.0,-31647000.0,9790000.0,-21857000.0,2252003000.0,2597753000.0,3632000.0,-4519000.0,-33680000.0,,335415000.0,2252003000.0,345750000.0,174287000.0,800000.0,297216000.0,48534000.0,-169855000.0,-121321000.0,2597753000.0,126300000.0,128168000.0,128168000.0
Vulcan Materials Co,VMC,549300Q8LSNHAVWBNI21,1396009,2010.0,Q2,2010-04-01,2010-06-30,2011-08-04 12:34:50+00:00,-0.19,-0.19,0.25,-0.19,,-21231000.0,-23992000.0,-22515000.0,-1477000.0,-23992000.0,613817000.0,736152000.0,-1233000.0,-889000.0,38638000.0,,83376000.0,613817000.0,122335000.0,43723000.0,,121125000.0,1210000.0,-44956000.0,-43746000.0,736152000.0,126300000.0,128168000.0,128168000.0
Vulcan Materials Co,VMC,549300Q8LSNHAVWBNI21,1396009,2010.0,Q1TTM,2009-04-01,2010-03-31,,0.24,0.24,1.24,0.24,,-58811000.0,24347000.0,6429000.0,17918000.0,24347000.0,2214211000.0,2583460000.0,7760000.0,-2179000.0,-72972000.0,,331392000.0,2214211000.0,369249000.0,174637000.0,1487000.0,256241000.0,113008000.0,-165390000.0,-52382000.0,2583460000.0,125000000.0,126692000.0,126692000.0
Vulcan Materials Co,VMC,549300Q8LSNHAVWBNI21,1396009,2010.0,Q1,2010-01-01,2010-03-31,2011-05-06 10:52:13+00:00,-0.31,-0.31,0.25,-0.31,,-34212000.0,-38747000.0,-44474000.0,5727000.0,-38747000.0,492370000.0,493264000.0,1378000.0,-460000.0,-48371000.0,,86495000.0,492370000.0,894000.0,43294000.0,,37664000.0,-36770000.0,-41916000.0,-78686000.0,493264000.0,125000000.0,126692000.0,126692000.0
Vulcan Materials Co,VMC,549300Q8LSNHAVWBNI21,1396009,2011.0,Q4,2011-10-01,2011-12-31,,-0.22,-0.22,0.01,-0.22,,-30545000.0,-27865000.0,-25943000.0,-1922000.0,-27865000.0,540272000.0,614627000.0,2385000.0,2227000.0,-2923000.0,10301000.0,70278000.0,540272000.0,74355000.0,56789000.0,3444000.0,79883000.0,-5528000.0,-50960000.0,-56488000.0,614627000.0,128700000.0,129381000.0,129381000.0
Vulcan Materials Co,VMC,549300Q8LSNHAVWBNI21,1396009,2011.0,FY,2011-01-01,2011-12-31,2014-02-26 17:10:58+00:00,-0.55,-0.55,0.76,-0.55,,-78483000.0,-70778000.0,-75255000.0,4477000.0,-70778000.0,2280681000.0,2564550000.0,2000.0,2227000.0,-94156000.0,12971000.0,299383000.0,2280681000.0,283869000.0,220628000.0,3444000.0,220425000.0,63444000.0,-217182000.0,-153738000.0,2564550000.0,128700000.0,129381000.0,129381000.0
Vulcan Materials Co,VMC,549300Q8LSNHAVWBNI21,1396009,2011.0,Q3YTD,2011-01-01,2011-09-30,,-0.33,-0.33,0.75,-0.33,,-47938000.0,-42913000.0,-49312000.0,6399000.0,-42913000.0,1740409000.0,1949923000.0,-2383000.0,,-91233000.0,2670000.0,229105000.0,1740409000.0,209514000.0,163839000.0,,140542000.0,68972000.0,-166222000.0,-97250000.0,1949923000.0,133100000.0,129493000.0,129768000.0
Vulcan Materials Co,VMC,549300Q8LSNHAVWBNI21,1396009,2011.0,Q3TTM,2010-10-01,2011-09-30,,-0.68,-0.68,1.0,-0.68,,-76110000.0,-89910000.0,-95457000.0,5547000.0,-89910000.0,2275901000.0,2536165000.0,-1091000.0,2118000.0,-100326000.0,2670000.0,316242000.0,2275901000.0,260264000.0,210899000.0,863000.0,220704000.0,39560000.0,-211127000.0,-171567000.0,2536165000.0,133100000.0,129493000.0,129768000.0
Vulcan Materials Co,VMC,549300Q8LSNHAVWBNI21,1396009,2011.0,Q3,2011-07-01,2011-09-30,2012-11-08 16:00:00+00:00,0.15,0.15,0.25,0.15,,29833000.0,19959000.0,22412000.0,-2453000.0,19959000.0,644972000.0,760752000.0,-3745000.0,0.0,-62314000.0,839000.0,70587000.0,644972000.0,115780000.0,50678000.0,,9112000.0,106668000.0,-54423000.0,52245000.0,760752000.0,133100000.0,129493000.0,129768000.0
Vulcan Materials Co,VMC,549300Q8LSNHAVWBNI21,1396009,2011.0,Q2YTD,2011-01-01,2011-06-30,,-0.48,-0.48,0.5,-0.48,,-77771000.0,-62872000.0,-71724000.0,8852000.0,-62872000.0,1095437000.0,1189171000.0,1362000.0,,-28919000.0,1831000.0,158518000.0,1095437000.0,93734000.0,113161000.0,,131430000.0,-37696000.0,-111799000.0,-149495000.0,1189171000.0,135700000.0,129446000.0,129446000.0
Vulcan Materials Co,VMC,549300Q8LSNHAVWBNI21,1396009,2011.0,Q2TTM,2010-07-01,2011-06-30,,-0.73,-0.73,1.0,-0.73,,-111991000.0,-96623000.0,-107278000.0,10655000.0,-96623000.0,2247386000.0,2518617000.0,4291000.0,1349000.0,-38488000.0,1831000.0,323215000.0,2247386000.0,271231000.0,207747000.0,863000.0,287907000.0,-16676000.0,-202593000.0,-219269000.0,2518617000.0,135700000.0,129446000.0,129446000.0
Vulcan Materials Co,VMC,549300Q8LSNHAVWBNI21,1396009,2011.0,Q2,2011-04-01,2011-06-30,2012-08-08 14:46:05+00:00,-0.06,-0.06,0.25,-0.06,,-40341000.0,-8139000.0,-7102000.0,-1037000.0,-8139000.0,601131000.0,701971000.0,-20000.0,0.0,-2919000.0,1831000.0,78440000.0,601131000.0,100840000.0,70911000.0,,77352000.0,23488000.0,-70931000.0,-47443000.0,701971000.0,135700000.0,129446000.0,129446000.0
Vulcan Materials Co,VMC,549300Q8LSNHAVWBNI21,1396009,2011.0,Q1TTM,2010-04-01,2011-03-31,,-0.86,-0.86,1.0,-0.86,,-92881000.0,-112476000.0,-122691000.0,10215000.0,-112476000.0,2260072000.0,2552798000.0,3078000.0,460000.0,3069000.0,,328151000.0,2260072000.0,292726000.0,180559000.0,863000.0,331680000.0,-38954000.0,-176618000.0,-215572000.0,2552798000.0,130300000.0,129078000.0,129078000.0
Vulcan Materials Co,VMC,549300Q8LSNHAVWBNI21,1396009,2011.0,Q1,2011-01-01,2011-03-31,2012-05-02 13:16:10+00:00,-0.42,-0.42,0.25,-0.42,,-37430000.0,-54733000.0,-64622000.0,9889000.0,-54733000.0,494306000.0,487200000.0,1382000.0,0.0,-26000000.0,,80078000.0,494306000.0,-7106000.0,42250000.0,,54078000.0,-61184000.0,-40868000.0,-102052000.0,487200000.0,130300000.0,129078000.0,129078000.0
Vulcan Materials Co,VMC,549300Q8LSNHAVWBNI21,1396009,2012.0,FY,2012-01-01,2012-12-31,2015-02-26 17:33:54+00:00,-0.41,-0.41,0.04,-0.41,,-66492000.0,-52593000.0,-53926000.0,1333000.0,-52593000.0,2233284000.0,2567310000.0,6727000.0,43380000.0,-68455000.0,9557000.0,264763000.0,2233284000.0,334026000.0,213067000.0,1141000.0,249245000.0,84781000.0,-205199000.0,-120418000.0,2567310000.0,128300000.0,129745000.0,129745000.0
Vulcan Materials Co,VMC,549300Q8LSNHAVWBNI21,1396009,2012.0,Q4,2012-10-01,2012-12-31,,0.02,0.02,0.01,0.02,,646000.0,3483000.0,4488000.0,-1005000.0,3483000.0,529225000.0,608431000.0,2532000.0,49000.0,-46768000.0,539000.0,69854000.0,529225000.0,79206000.0,213067000.0,160137000.0,23674000.0,55532000.0,-50398000.0,5134000.0,608431000.0,128300000.0,129745000.0,129745000.0
Vulcan Materials Co,VMC,549300Q8LSNHAVWBNI21,1396009,2012.0,Q3YTD,2012-01-01,2012-09-30,,-0.43,-0.43,0.03,-0.43,,-67138000.0,-56076000.0,-58414000.0,2338000.0,-56076000.0,1704059000.0,1958879000.0,4195000.0,43331000.0,-21687000.0,9018000.0,194909000.0,1704059000.0,254820000.0,,-158996000.0,225571000.0,29249000.0,-154801000.0,-125552000.0,1958879000.0,129600000.0,129753000.0,130215000.0
Vulcan Materials Co,VMC,549300Q8LSNHAVWBNI21,1396009,2012.0,Q3TTM,2011-10-01,2012-09-30,,-0.65,-0.65,0.04,-0.65,,-97683000.0,-83941000.0,-84357000.0,416000.0,-83941000.0,2244331000.0,2573506000.0,6580000.0,45558000.0,-24610000.0,19319000.0,265187000.0,2244331000.0,329175000.0,56789000.0,-155552000.0,305454000.0,23721000.0,-205761000.0,-182040000.0,2573506000.0,129600000.0,129753000.0,130215000.0
Vulcan Materials Co,VMC,549300Q8LSNHAVWBNI21,1396009,2012.0,Q3,2012-07-01,2012-09-30,2013-11-05 14:35:18+00:00,0.11,0.11,0.01,0.11,,-10992000.0,14260000.0,15621000.0,-1361000.0,14260000.0,601938000.0,728861000.0,1806000.0,1206000.0,-2009000.0,3056000.0,68804000.0,601938000.0,126923000.0,,-53043000.0,71057000.0,55866000.0,-51237000.0,4629000.0,728861000.0,129600000.0,129753000.0,130215000.0
Vulcan Materials Co,VMC,549300Q8LSNHAVWBNI21,1396009,2012.0,Q2YTD,2012-01-01,2012-06-30,,-0.54,-0.54,0.02,-0.54,,-56146000.0,-70336000.0,-74035000.0,3699000.0,-70336000.0,1102121000.0,1230018000.0,2389000.0,42125000.0,-19678000.0,5962000.0,126105000.0,1102121000.0,127897000.0,,-105953000.0,154514000.0,-26617000.0,-103564000.0,-130181000.0,1230018000.0,130600000.0,129676000.0,129676000.0
Vulcan Materials Co,VMC,549300Q8LSNHAVWBNI21,1396009,2012.0,Q2TTM,2011-07-01,2012-06-30,,-0.61,-0.61,0.28,-0.61,,-56858000.0,-78242000.0,-77566000.0,-676000.0,-78242000.0,2287365000.0,2605397000.0,1029000.0,44352000.0,-84915000.0,17102000.0,266970000.0,2287365000.0,318032000.0,107467000.0,-102509000.0,243509000.0,74523000.0,-208947000.0,-134424000.0,2605397000.0,130600000.0,129676000.0,129676000.0
Vulcan Materials Co,VMC,549300Q8LSNHAVWBNI21,1396009,2012.0,Q2,2012-04-01,2012-06-30,2013-08-06 10:59:00+00:00,-0.14,-0.14,0.01,-0.14,,-17749000.0,-18283000.0,-16985000.0,-1298000.0,-18283000.0,588197000.0,694136000.0,-709000.0,32060000.0,-13152000.0,4551000.0,62818000.0,588197000.0,105939000.0,,-53687000.0,86277000.0,19662000.0,-54396000.0,-34734000.0,694136000.0,130600000.0,129676000.0,129676000.0
Vulcan Materials Co,VMC,549300Q8LSNHAVWBNI21,1396009,2012.0,Q1TTM,2011-04-01,2012-03-31,,-0.53,-0.53,0.52,-0.53,,-79450000.0,-68098000.0,-67683000.0,-415000.0,-68098000.0,2300299000.0,2613232000.0,1718000.0,12292000.0,-74682000.0,14382000.0,282592000.0,2300299000.0,312933000.0,178378000.0,-48822000.0,234584000.0,78349000.0,-225482000.0,-147133000.0,2613232000.0,130100000.0,129593000.0,129593000.0
Vulcan Materials Co,VMC,549300Q8LSNHAVWBNI21,1396009,2012.0,Q1,2012-01-01,2012-03-31,2013-05-07 10:53:39+00:00,-0.4,-0.4,0.01,-0.4,,-38397000.0,-52053000.0,-57050000.0,4997000.0,-52053000.0,513924000.0,535882000.0,3098000.0,10065000.0,-6526000.0,1411000.0,63287000.0,513924000.0,21958000.0,,-52266000.0,68237000.0,-46279000.0,-49168000.0,-95447000.0,535882000.0,130100000.0,129593000.0,129593000.0
Vulcan Materials Co,VMC,549300Q8LSNHAVWBNI21,1396009,2013.0,FY,2013-01-01,2013-12-31,2016-02-25 10:19:57+00:00,0.19,0.19,0.04,0.19,,-24459000.0,24382000.0,20756000.0,3626000.0,24382000.0,2343829000.0,2770709000.0,7538000.0,,-39250000.0,1509000.0,274217000.0,2343829000.0,426880000.0,202588000.0,943000.0,236476000.0,190404000.0,-194107000.0,-3703000.0,2770709000.0,128300000.0,130272000.0,131467000.0
Vulcan Materials Co,VMC,549300Q8LSNHAVWBNI21,1396009,2013.0,Q4,2013-10-01,2013-12-31,,0.07,0.07,0.01,0.08,,-2585000.0,9083000.0,10097000.0,-1014000.0,9083000.0,562899000.0,680246000.0,2569000.0,,-2380000.0,,65898000.0,562899000.0,117347000.0,202588000.0,153702000.0,63518000.0,53829000.0,-46317000.0,7512000.0,680246000.0,128300000.0,130272000.0,131467000.0
Vulcan Materials Co,VMC,549300Q8LSNHAVWBNI21,1396009,2013.0,Q3YTD,2013-01-01,2013-09-30,,0.12,0.12,0.03,0.11,,-21874000.0,15299000.0,10659000.0,4640000.0,15299000.0,1780930000.0,2090463000.0,4969000.0,,-36870000.0,1509000.0,208319000.0,1780930000.0,309533000.0,,-152759000.0,172958000.0,136575000.0,-147790000.0,-11215000.0,2090463000.0,129300000.0,130266000.0,131320000.0
Vulcan Materials Co,VMC,549300Q8LSNHAVWBNI21,1396009,2013.0,Q3TTM,2012-10-01,2013-09-30,,0.14,0.14,0.04,0.13,,-21228000.0,18782000.0,15147000.0,3635000.0,18782000.0,2310155000.0,2698894000.0,7501000.0,49000.0,-83638000.0,2048000.0,278173000.0,2310155000.0,388739000.0,213067000.0,7378000.0,196632000.0,192107000.0,-198188000.0,-6081000.0,2698894000.0,129300000.0,130266000.0,131320000.0
Vulcan Materials Co,VMC,549300Q8LSNHAVWBNI21,1396009,2013.0,Q3,2013-07-01,2013-09-30,2014-11-05 12:52:37+00:00,0.32,0.32,0.01,0.31,,10793000.0,41363000.0,42150000.0,-787000.0,41363000.0,654585000.0,813568000.0,2310000.0,,-9350000.0,0.0,68566000.0,654585000.0,158983000.0,,-49134000.0,59216000.0,99767000.0,-46824000.0,52943000.0,813568000.0,129300000.0,130266000.0,131320000.0
Vulcan Materials Co,VMC,549300Q8LSNHAVWBNI21,1396009,2013.0,Q2YTD,2013-01-01,2013-06-30,,-0.2,-0.2,0.02,-0.2,,-32667000.0,-26064000.0,-31491000.0,5427000.0,-26064000.0,1126345000.0,1276895000.0,2659000.0,,-27520000.0,1509000.0,139753000.0,1126345000.0,150550000.0,,-103625000.0,113742000.0,36808000.0,-100966000.0,-64158000.0,1276895000.0,130800000.0,130250000.0,131332000.0
Vulcan Materials Co,VMC,549300Q8LSNHAVWBNI21,1396009,2013.0,Q2TTM,2012-07-01,2013-06-30,,-0.07,-0.07,0.04,-0.07,,-43013000.0,-8321000.0,-11382000.0,3061000.0,-8321000.0,2257508000.0,2614187000.0,6997000.0,1255000.0,-76297000.0,5104000.0,278411000.0,2257508000.0,356679000.0,213067000.0,3469000.0,208473000.0,148206000.0,-202601000.0,-54395000.0,2614187000.0,130800000.0,130250000.0,131332000.0
Vulcan Materials Co,VMC,549300Q8LSNHAVWBNI21,1396009,2013.0,Q2,2013-04-01,2013-06-30,2014-08-06 10:59:27+00:00,0.22,0.22,0.01,0.22,,6151000.0,28772000.0,30128000.0,-1356000.0,28772000.0,605838000.0,738733000.0,286000.0,,-23410000.0,0.0,69439000.0,605838000.0,132895000.0,,-50873000.0,46029000.0,86866000.0,-50587000.0,36279000.0,738733000.0,130800000.0,130250000.0,131332000.0
Vulcan Materials Co,VMC,549300Q8LSNHAVWBNI21,1396009,2013.0,Q1TTM,2012-04-01,2013-03-31,,-0.43,-0.43,0.04,-0.43,,-66913000.0,-55376000.0,-58495000.0,3119000.0,-55376000.0,2239867000.0,2569590000.0,6002000.0,33315000.0,-66039000.0,9655000.0,271790000.0,2239867000.0,329723000.0,213067000.0,655000.0,248721000.0,81002000.0,-206410000.0,-125408000.0,2569590000.0,130600000.0,130186000.0,130186000.0
Vulcan Materials Co,VMC,549300Q8LSNHAVWBNI21,1396009,2013.0,Q1,2013-01-01,2013-03-31,2014-05-12 15:14:50+00:00,-0.42,-0.42,0.01,-0.42,,-38818000.0,-54836000.0,-61619000.0,6783000.0,-54836000.0,520507000.0,538162000.0,2373000.0,,-4110000.0,1509000.0,70314000.0,520507000.0,17655000.0,,-52752000.0,67713000.0,-50058000.0,-50379000.0,-100437000.0,538162000.0,130600000.0,130186000.0,130186000.0
Vulcan Materials Co,VMC,549300Q8LSNHAVWBNI21,1396009,2014.0,FY,2014-01-01,2014-12-31,2017-02-24 11:20:42+00:00,1.56,1.56,0.22,1.54,3095000.0,91692000.0,204923000.0,207146000.0,-2223000.0,204923000.0,2406587000.0,2994169000.0,3107000.0,,-244222000.0,,290571000.0,2406587000.0,587582000.0,243367000.0,960000.0,49444000.0,538138000.0,-239300000.0,298838000.0,2994169000.0,131400000.0,131461000.0,132991000.0
Vulcan Materials Co,VMC,549300Q8LSNHAVWBNI21,1396009,2014.0,Q4,2014-10-01,2014-12-31,,0.29,0.29,0.06,0.28,3095000.0,19744000.0,38022000.0,38349000.0,-327000.0,38022000.0,585367000.0,755027000.0,-923000.0,,-5694000.0,-750000.0,73117000.0,585367000.0,169660000.0,243367000.0,202491000.0,69768000.0,99892000.0,-41799000.0,58093000.0,755027000.0,131400000.0,131461000.0,132991000.0
Vulcan Materials Co,VMC,549300Q8LSNHAVWBNI21,1396009,2014.0,Q3,2014-07-01,2014-09-30,2015-11-04 10:13:32+00:00,0.51,0.51,0.06,0.5,,31066000.0,66939000.0,67781000.0,-842000.0,66939000.0,664537000.0,873579000.0,-593000.0,,-1002000.0,750000.0,68963000.0,664537000.0,209042000.0,,-40891000.0,68711000.0,140331000.0,-41484000.0,98847000.0,873579000.0,131300000.0,131797000.0,133369000.0
Vulcan Materials Co,VMC,549300Q8LSNHAVWBNI21,1396009,2014.0,Q3YTD,2014-01-01,2014-09-30,,1.27,1.27,0.16,1.26,,71948000.0,166901000.0,168797000.0,-1896000.0,166901000.0,1821220000.0,2239142000.0,4030000.0,,-238528000.0,750000.0,217454000.0,1821220000.0,417922000.0,,-201531000.0,-20324000.0,438246000.0,-197501000.0,240745000.0,2239142000.0,131300000.0,131797000.0,133369000.0
Vulcan Materials Co,VMC,549300Q8LSNHAVWBNI21,1396009,2014.0,Q3TTM,2013-10-01,2014-09-30,,1.34,1.34,0.17,1.34,,69363000.0,175984000.0,178894000.0,-2910000.0,175984000.0,2384119000.0,2919388000.0,6599000.0,,-240908000.0,750000.0,283352000.0,2384119000.0,535269000.0,202588000.0,-47829000.0,43194000.0,492075000.0,-243818000.0,248257000.0,2919388000.0,131300000.0,131797000.0,133369000.0
Vulcan Materials Co,VMC,549300Q8LSNHAVWBNI21,1396009,2014.0,Q2YTD,2014-01-01,2014-06-30,,0.76,0.76,0.1,0.76,,40882000.0,99962000.0,101016000.0,-1054000.0,99962000.0,1156683000.0,1365563000.0,4623000.0,,-237526000.0,,148491000.0,1156683000.0,208880000.0,,-160640000.0,-89035000.0,297915000.0,-156017000.0,141898000.0,1365563000.0,131300000.0,131149000.0,132876000.0
Vulcan Materials Co,VMC,549300Q8LSNHAVWBNI21,1396009,2014.0,Q2TTM,2013-07-01,2014-06-30,,1.15,1.15,0.12,1.15,,49090000.0,150408000.0,153263000.0,-2855000.0,150408000.0,2374167000.0,2859377000.0,9502000.0,,-249256000.0,,282955000.0,2374167000.0,485210000.0,202588000.0,-56072000.0,33699000.0,451511000.0,-249158000.0,202353000.0,2859377000.0,131300000.0,131149000.0,132876000.0
Vulcan Materials Co,VMC,549300Q8LSNHAVWBNI21,1396009,2014.0,Q2,2014-04-01,2014-06-30,2015-08-05 10:31:34+00:00,0.35,0.35,0.05,0.35,,17982000.0,45967000.0,46511000.0,-544000.0,45967000.0,616355000.0,791143000.0,1798000.0,,-1162000.0,0.0,72704000.0,616355000.0,174788000.0,,-40551000.0,71542000.0,103246000.0,-38753000.0,64493000.0,791143000.0,131300000.0,131149000.0,132876000.0
Vulcan Materials Co,VMC,549300Q8LSNHAVWBNI21,1396009,2014.0,Q1,2014-01-01,2014-03-31,2015-05-06 11:44:07+00:00,0.41,0.41,0.05,0.41,,22900000.0,53995000.0,54505000.0,-510000.0,53995000.0,540328000.0,574420000.0,2825000.0,,-236364000.0,0.0,75787000.0,540328000.0,34092000.0,,-120089000.0,-160577000.0,194669000.0,-117264000.0,77405000.0,574420000.0,131700000.0,130810000.0,132314000.0
Vulcan Materials Co,VMC,549300Q8LSNHAVWBNI21,1396009,2014.0,Q1TTM,2013-04-01,2014-03-31,,1.02,1.02,0.08,1.02,,37259000.0,133213000.0,136880000.0,-3667000.0,133213000.0,2363650000.0,2806967000.0,7990000.0,,-271504000.0,,279690000.0,2363650000.0,443317000.0,202588000.0,-66394000.0,8186000.0,435131000.0,-260992000.0,174139000.0,2806967000.0,131700000.0,130810000.0,132314000.0
Vulcan Materials Co,VMC,549300Q8LSNHAVWBNI21,1396009,2015.0,FY,2015-01-01,2015-12-31,2018-02-27 10:53:25+00:00,1.66,1.66,0.4,1.64,,94943000.0,221177000.0,232914000.0,-11737000.0,221177000.0,2564648000.0,3422181000.0,-1678000.0,,-9927000.0,,317682000.0,2564648000.0,857533000.0,220588000.0,345000.0,307755000.0,549778000.0,-221921000.0,327857000.0,3422181000.0,133200000.0,133210000.0,135093000.0
Vulcan Materials Co,VMC,549300Q8LSNHAVWBNI21,1396009,2015.0,Q4,2015-10-01,2015-12-31,,0.67,0.67,0.1,0.67,-5190000.0,43765000.0,88888000.0,93560000.0,-4672000.0,88888000.0,603356000.0,857285000.0,600000.0,,-2504000.0,-4546000.0,93132000.0,603356000.0,253929000.0,220588000.0,184276000.0,80892000.0,173037000.0,-35712000.0,137325000.0,857285000.0,133200000.0,133210000.0,135093000.0
Vulcan Materials Co,VMC,549300Q8LSNHAVWBNI21,1396009,2015.0,Q3,2015-07-01,2015-09-30,2016-11-02 14:54:08+00:00,0.93,0.93,0.1,0.91,0.0,45386000.0,123805000.0,126202000.0,-2397000.0,123805000.0,747170000.0,1038460000.0,-2818000.0,,-799000.0,448000.0,79435000.0,747170000.0,291290000.0,,-37800000.0,79084000.0,212206000.0,-40618000.0,171588000.0,1038460000.0,133100000.0,133474000.0,135558000.0
Vulcan Materials Co,VMC,549300Q8LSNHAVWBNI21,1396009,2015.0,Q3YTD,2015-01-01,2015-09-30,,0.99,0.99,0.3,0.97,5190000.0,51178000.0,132289000.0,139354000.0,-7065000.0,132289000.0,1961292000.0,2564896000.0,-2278000.0,,-7423000.0,4546000.0,224550000.0,1961292000.0,603604000.0,,-183931000.0,226863000.0,376741000.0,-186209000.0,190532000.0,2564896000.0,133100000.0,133474000.0,135558000.0
Vulcan Materials Co,VMC,549300Q8LSNHAVWBNI21,1396009,2015.0,Q3TTM,2014-10-01,2015-09-30,,1.28,1.28,0.36,1.25,8285000.0,70922000.0,170311000.0,177703000.0,-7392000.0,170311000.0,2546659000.0,3319923000.0,-3201000.0,,-13117000.0,3796000.0,297667000.0,2546659000.0,773264000.0,243367000.0,18560000.0,296631000.0,476633000.0,-228008000.0,248625000.0,3319923000.0,133100000.0,133474000.0,135558000.0
Vulcan Materials Co,VMC,549300Q8LSNHAVWBNI21,1396009,2015.0,Q2,2015-04-01,2015-06-30,2016-08-03 10:06:24+00:00,0.36,0.36,0.1,0.36,5190000.0,19867000.0,48162000.0,49819000.0,-1657000.0,48162000.0,660694000.0,895143000.0,-439000.0,,-249000.0,1280000.0,74452000.0,660694000.0,234449000.0,,-83651000.0,80673000.0,153776000.0,-84090000.0,69686000.0,895143000.0,133800000.0,133103000.0,135234000.0
Vulcan Materials Co,VMC,549300Q8LSNHAVWBNI21,1396009,2015.0,Q2YTD,2015-01-01,2015-06-30,,0.06,0.06,0.2,0.06,5190000.0,5792000.0,8484000.0,13152000.0,-4668000.0,8484000.0,1214122000.0,1526436000.0,540000.0,,-6624000.0,4098000.0,145115000.0,1214122000.0,312314000.0,,-146131000.0,147779000.0,164535000.0,-145591000.0,18944000.0,1526436000.0,133800000.0,133103000.0,135234000.0
Vulcan Materials Co,VMC,549300Q8LSNHAVWBNI21,1396009,2015.0,Q2TTM,2014-07-01,2015-06-30,,0.86,0.86,0.32,0.84,8285000.0,56602000.0,113445000.0,119282000.0,-5837000.0,113445000.0,2464026000.0,3155042000.0,-976000.0,,-13320000.0,4098000.0,287195000.0,2464026000.0,691016000.0,243367000.0,15469000.0,286258000.0,404758000.0,-228874000.0,175884000.0,3155042000.0,133800000.0,133103000.0,135234000.0
Vulcan Materials Co,VMC,549300Q8LSNHAVWBNI21,1396009,2015.0,Q1,2015-01-01,2015-03-31,2016-05-04 10:13:41+00:00,-0.3,-0.3,0.1,-0.3,0.0,-14075000.0,-39678000.0,-36667000.0,-3011000.0,-39678000.0,553428000.0,631293000.0,979000.0,,-6375000.0,2818000.0,70663000.0,553428000.0,77865000.0,,-62480000.0,67106000.0,10759000.0,-61501000.0,-50742000.0,631293000.0,132300000.0,132659000.0,132659000.0
Vulcan Materials Co,VMC,549300Q8LSNHAVWBNI21,1396009,2015.0,Q1TTM,2014-04-01,2015-03-31,,0.85,0.85,0.27,0.83,3095000.0,54717000.0,111250000.0,115974000.0,-4724000.0,111250000.0,2419687000.0,3051042000.0,1261000.0,,-14233000.0,2818000.0,285447000.0,2419687000.0,631355000.0,243367000.0,58569000.0,277127000.0,354228000.0,-183537000.0,170691000.0,3051042000.0,132300000.0,132659000.0,132659000.0
Vulcan Materials Co,VMC,549300Q8LSNHAVWBNI21,1396009,2016.0,FY,2016-01-01,2016-12-31,2019-02-26 10:27:58+00:00,3.15,3.15,0.8,3.09,,124851000.0,419491000.0,422406000.0,-2915000.0,419491000.0,2603782000.0,3592667000.0,14624000.0,,-15431000.0,,338414000.0,2603782000.0,988885000.0,134076000.0,807000.0,322983000.0,665902000.0,-118645000.0,547257000.0,3592667000.0,133200000.0,133205000.0,135790000.0
Vulcan Materials Co,VMC,549300Q8LSNHAVWBNI21,1396009,2016.0,Q4,2016-10-01,2016-12-31,,0.85,0.85,0.2,0.82,-10506000.0,33277000.0,112600000.0,108063000.0,4537000.0,112600000.0,645200000.0,872974000.0,14299000.0,,-845000.0,,79006000.0,645200000.0,227774000.0,134076000.0,100998000.0,67655000.0,160119000.0,-18779000.0,141340000.0,872974000.0,133200000.0,133205000.0,135790000.0
Vulcan Materials Co,VMC,549300Q8LSNHAVWBNI21,1396009,2016.0,Q3,2016-07-01,2016-09-30,2017-11-03 10:39:03+00:00,1.07,1.07,0.2,1.05,0.0,49803000.0,142024000.0,145137000.0,-3113000.0,142024000.0,703931000.0,1008140000.0,990000.0,,-2713000.0,,79846000.0,703931000.0,304209000.0,,-33126000.0,77133000.0,227076000.0,-32136000.0,194940000.0,1008140000.0,132700000.0,133019000.0,135823000.0
Vulcan Materials Co,VMC,549300Q8LSNHAVWBNI21,1396009,2016.0,Q3YTD,2016-01-01,2016-09-30,,2.3,2.3,0.6,2.27,10506000.0,91574000.0,306891000.0,314343000.0,-7452000.0,306891000.0,1958582000.0,2719693000.0,325000.0,,-14586000.0,,259408000.0,1958582000.0,761111000.0,,-100191000.0,255328000.0,505783000.0,-99866000.0,405917000.0,2719693000.0,132700000.0,133019000.0,135823000.0
Vulcan Materials Co,VMC,549300Q8LSNHAVWBNI21,1396009,2016.0,Q3TTM,2015-10-01,2016-09-30,,2.97,2.97,0.7,2.94,5316000.0,135339000.0,395779000.0,407903000.0,-12124000.0,395779000.0,2561938000.0,3576978000.0,925000.0,,-17090000.0,-4546000.0,352540000.0,2561938000.0,1015040000.0,220588000.0,84085000.0,336220000.0,678820000.0,-135578000.0,543242000.0,3576978000.0,132700000.0,133019000.0,135823000.0
Vulcan Materials Co,VMC,549300Q8LSNHAVWBNI21,1396009,2016.0,Q2,2016-04-01,2016-06-30,2017-08-04 10:15:51+00:00,0.93,0.93,0.2,0.92,860000.0,53241000.0,124709000.0,127241000.0,-2532000.0,124709000.0,664641000.0,956825000.0,29000.0,,-11318000.0,,88856000.0,664641000.0,292184000.0,,-33333000.0,78398000.0,213786000.0,-33304000.0,180482000.0,956825000.0,134100000.0,133419000.0,136208000.0
Vulcan Materials Co,VMC,549300Q8LSNHAVWBNI21,1396009,2016.0,Q2YTD,2016-01-01,2016-06-30,,1.23,1.23,0.4,1.22,10506000.0,41771000.0,164867000.0,169206000.0,-4339000.0,164867000.0,1254651000.0,1711553000.0,-665000.0,,-11873000.0,,179562000.0,1254651000.0,456902000.0,,-67065000.0,178195000.0,278707000.0,-67730000.0,210977000.0,1711553000.0,134100000.0,133419000.0,136208000.0
Vulcan Materials Co,VMC,549300Q8LSNHAVWBNI21,1396009,2016.0,Q2TTM,2015-07-01,2016-06-30,,2.83,2.83,0.6,2.8,5316000.0,130922000.0,377560000.0,388968000.0,-11408000.0,377560000.0,2605177000.0,3607298000.0,-2883000.0,,-15176000.0,-4098000.0,352129000.0,2605177000.0,1002121000.0,220588000.0,79411000.0,338171000.0,663950000.0,-144060000.0,519890000.0,3607298000.0,134100000.0,133419000.0,136208000.0
Vulcan Materials Co,VMC,549300Q8LSNHAVWBNI21,1396009,2016.0,Q1,2016-01-01,2016-03-31,2017-05-10 12:52:16+00:00,0.3,0.3,0.2,0.3,9646000.0,-11470000.0,40158000.0,41965000.0,-1807000.0,40158000.0,590010000.0,754728000.0,-694000.0,,-555000.0,,90706000.0,590010000.0,164718000.0,,-33732000.0,99797000.0,64921000.0,-34426000.0,30495000.0,754728000.0,133900000.0,133821000.0,136100000.0
Vulcan Materials Co,VMC,549300Q8LSNHAVWBNI21,1396009,2016.0,Q1TTM,2015-04-01,2016-03-31,,2.26,2.26,0.5,2.24,9646000.0,97548000.0,301013000.0,311546000.0,-10533000.0,301013000.0,2601230000.0,3545616000.0,-3351000.0,,-4107000.0,-2818000.0,337725000.0,2601230000.0,944386000.0,220588000.0,29093000.0,340446000.0,603940000.0,-194846000.0,409094000.0,3545616000.0,133900000.0,133821000.0,136100000.0
Vulcan Materials Co,VMC,549300Q8LSNHAVWBNI21,1396009,2017.0,FY,2017-01-01,2017-12-31,2020-02-26 10:00:36+00:00,4.54,4.54,1.0,4.46,,-232075000.0,601185000.0,593391000.0,7794000.0,601185000.0,2896783000.0,3890296000.0,13357000.0,,-17827000.0,,372296000.0,2896783000.0,993513000.0,295522000.0,4437000.0,354469000.0,639044000.0,-277728000.0,361316000.0,3890296000.0,132400000.0,132513000.0,134878000.0
Vulcan Materials Co,VMC,549300Q8LSNHAVWBNI21,1396009,2017.0,Q4,2017-10-01,2017-12-31,,2.47,2.47,0.25,2.43,,-313632000.0,327546000.0,327969000.0,-423000.0,327546000.0,735973000.0,977490000.0,1629000.0,,-13197000.0,,105493000.0,735973000.0,241517000.0,295522000.0,159009000.0,92296000.0,149221000.0,-134884000.0,14337000.0,977490000.0,132400000.0,132513000.0,134878000.0
Vulcan Materials Co,VMC,549300Q8LSNHAVWBNI21,1396009,2017.0,Q3,2017-07-01,2017-09-30,2018-10-31 10:06:58+00:00,0.82,0.82,0.25,0.81,,39080000.0,108579000.0,110150000.0,-1571000.0,108579000.0,790957000.0,1094715000.0,3793000.0,,-1488000.0,,77768000.0,790957000.0,303758000.0,0.0,-82041000.0,76280000.0,227478000.0,-78248000.0,149230000.0,1094715000.0,132400000.0,132484000.0,134765000.0
Vulcan Materials Co,VMC,549300Q8LSNHAVWBNI21,1396009,2017.0,Q3YTD,2017-01-01,2017-09-30,,2.07,2.07,0.75,2.03,,81557000.0,273639000.0,265422000.0,8217000.0,273639000.0,2160810000.0,2912806000.0,11728000.0,,-4630000.0,,266803000.0,2160810000.0,751996000.0,,-154572000.0,262173000.0,489823000.0,-142844000.0,346979000.0,2912806000.0,132400000.0,132484000.0,134765000.0
Vulcan Materials Co,VMC,549300Q8LSNHAVWBNI21,1396009,2017.0,Q3TTM,2016-10-01,2017-09-30,,2.92,2.92,0.95,2.85,-10506000.0,114834000.0,386239000.0,373485000.0,12754000.0,386239000.0,2806010000.0,3785780000.0,26027000.0,,-5475000.0,,345809000.0,2806010000.0,979770000.0,134076000.0,-53574000.0,329828000.0,649942000.0,-161623000.0,488319000.0,3785780000.0,132400000.0,132484000.0,134765000.0
Vulcan Materials Co,VMC,549300Q8LSNHAVWBNI21,1396009,2017.0,Q2,2017-04-01,2017-06-30,2018-08-01 09:47:25+00:00,0.91,0.91,0.25,0.89,,45652000.0,120139000.0,111749000.0,8390000.0,120139000.0,740746000.0,1030763000.0,3890000.0,,-2773000.0,,100824000.0,740746000.0,290017000.0,0.0,-38455000.0,98051000.0,191966000.0,-34565000.0,157401000.0,1030763000.0,132000000.0,132413000.0,134735000.0
Vulcan Materials Co,VMC,549300Q8LSNHAVWBNI21,1396009,2017.0,Q2YTD,2017-01-01,2017-06-30,,1.25,1.25,0.5,1.22,,42477000.0,165060000.0,155272000.0,9788000.0,165060000.0,1369853000.0,1818091000.0,7935000.0,,-3142000.0,,189035000.0,1369853000.0,448238000.0,,-72531000.0,185893000.0,262345000.0,-64596000.0,197749000.0,1818091000.0,132000000.0,132413000.0,134735000.0
Vulcan Materials Co,VMC,549300Q8LSNHAVWBNI21,1396009,2017.0,Q2TTM,2016-07-01,2017-06-30,,3.17,3.17,0.9,3.09,-10506000.0,125557000.0,419684000.0,408472000.0,11212000.0,419684000.0,2718984000.0,3699205000.0,23224000.0,,-6700000.0,,347887000.0,2718984000.0,980221000.0,134076000.0,-4659000.0,330681000.0,649540000.0,-115511000.0,534029000.0,3699205000.0,132000000.0,132413000.0,134735000.0
Vulcan Materials Co,VMC,549300Q8LSNHAVWBNI21,1396009,2017.0,Q1,2017-01-01,2017-03-31,2018-05-04 10:18:38+00:00,0.34,0.34,0.25,0.33,,-3175000.0,44921000.0,43523000.0,1398000.0,44921000.0,629107000.0,787328000.0,4045000.0,,-369000.0,,88211000.0,629107000.0,158221000.0,0.0,-34076000.0,87842000.0,70379000.0,-30031000.0,40348000.0,787328000.0,132100000.0,132636000.0,134968000.0
Vulcan Materials Co,VMC,549300Q8LSNHAVWBNI21,1396009,2017.0,Q1TTM,2016-04-01,2017-03-31,,3.19,3.19,0.85,3.12,-9646000.0,133146000.0,424254000.0,423964000.0,290000.0,424254000.0,2642879000.0,3625267000.0,19363000.0,,-15245000.0,,335919000.0,2642879000.0,982388000.0,134076000.0,463000.0,311028000.0,671360000.0,-114250000.0,557110000.0,3625267000.0,132100000.0,132636000.0,134968000.0
Vulcan Materials Co,VMC,549300Q8LSNHAVWBNI21,1396009,2018.0,FY,2018-01-01,2018-12-31,2020-02-26 10:00:36+00:00,3.9,3.9,1.12,3.85,,105449000.0,515805000.0,517841000.0,-2036000.0,515805000.0,3281924000.0,4382869000.0,13000000.0,,-14944000.0,,368176000.0,3281924000.0,1100945000.0,135481000.0,554000.0,353232000.0,747713000.0,-121927000.0,623290000.0,4382869000.0,132300000.0,132393000.0,133926000.0
Vulcan Materials Co,VMC,549300Q8LSNHAVWBNI21,1396009,2018.0,Q3,2018-07-01,2018-09-30,2019-11-07 10:05:27+00:00,1.35,1.35,0.28,1.34,,40663000.0,179151000.0,179864000.0,-713000.0,179151000.0,897055000.0,1240197000.0,4890000.0,,-2104000.0,,96062000.0,897055000.0,343142000.0,0.0,-33547000.0,93958000.0,249184000.0,-28657000.0,220527000.0,1240197000.0,132700000.0,132392000.0,133894000.0
Vulcan Materials Co,VMC,549300Q8LSNHAVWBNI21,1396009,2018.0,Q3YTD,2018-01-01,2018-09-30,,2.96,2.96,0.84,2.92,,75806000.0,391782000.0,393561000.0,-1779000.0,391782000.0,2469162000.0,3294822000.0,13300000.0,,-8374000.0,,273402000.0,2469162000.0,825660000.0,,-104565000.0,265028000.0,560632000.0,-91265000.0,469367000.0,3294822000.0,132700000.0,132392000.0,133894000.0
Vulcan Materials Co,VMC,549300Q8LSNHAVWBNI21,1396009,2018.0,Q3TTM,2017-10-01,2018-09-30,,5.43,5.43,1.09,5.35,,-237826000.0,719328000.0,721530000.0,-2202000.0,719328000.0,3205135000.0,4272312000.0,14929000.0,,-21571000.0,,378895000.0,3205135000.0,1067177000.0,295522000.0,54444000.0,357324000.0,709853000.0,-226149000.0,483704000.0,4272312000.0,132700000.0,132392000.0,133894000.0
Vulcan Materials Co,VMC,549300Q8LSNHAVWBNI21,1396009,2018.0,Q2,2018-04-01,2018-06-30,2019-07-29 09:45:34+00:00,1.21,1.21,0.28,1.19,,40046000.0,159652000.0,160302000.0,-650000.0,159652000.0,876967000.0,1200151000.0,3339000.0,,-2106000.0,,95037000.0,876967000.0,323184000.0,,-33244000.0,92931000.0,230253000.0,-29905000.0,200348000.0,1200151000.0,131900000.0,132437000.0,134051000.0
Vulcan Materials Co,VMC,549300Q8LSNHAVWBNI21,1396009,2018.0,Q2YTD,2018-01-01,2018-06-30,,1.61,1.61,0.56,1.58,,35143000.0,212631000.0,213697000.0,-1066000.0,212631000.0,1572107000.0,2054625000.0,8410000.0,,-6270000.0,,177340000.0,1572107000.0,482518000.0,,-71018000.0,171070000.0,311448000.0,-62608000.0,248840000.0,2054625000.0,131900000.0,132437000.0,134051000.0
Vulcan Materials Co,VMC,549300Q8LSNHAVWBNI21,1396009,2018.0,Q2TTM,2017-07-01,2018-06-30,,4.9,4.9,1.06,4.82,,-239409000.0,648756000.0,651816000.0,-3060000.0,648756000.0,3099037000.0,4126830000.0,13832000.0,,-20955000.0,,360601000.0,3099037000.0,1027793000.0,295522000.0,5950000.0,339646000.0,688147000.0,-275740000.0,412407000.0,4126830000.0,131900000.0,132437000.0,134051000.0
Vulcan Materials Co,VMC,549300Q8LSNHAVWBNI21,1396009,2018.0,Q1,2018-01-01,2018-03-31,2019-05-03 10:10:11+00:00,0.4,0.4,0.28,0.39,,-4903000.0,52979000.0,53395000.0,-416000.0,52979000.0,695140000.0,854474000.0,5071000.0,,-4164000.0,,82303000.0,695140000.0,159334000.0,,-37774000.0,78139000.0,81195000.0,-32703000.0,48492000.0,854474000.0,132400000.0,132690000.0,134359000.0
Vulcan Materials Co,VMC,549300Q8LSNHAVWBNI21,1396009,2018.0,Q1TTM,2017-04-01,2018-03-31,,4.6,4.6,1.03,4.52,,-233803000.0,609243000.0,603263000.0,5980000.0,609243000.0,2962816000.0,3957442000.0,14383000.0,,-21622000.0,,366388000.0,2962816000.0,994626000.0,295522000.0,739000.0,344766000.0,649860000.0,-280400000.0,369460000.0,3957442000.0,132400000.0,132690000.0,134359000.0
Vulcan Materials Co,VMC,549300Q8LSNHAVWBNI21,1396009,2019.0,Q4,2019-10-01,2019-12-31,,1.07,1.07,0.31,1.05,,23435000.0,141092000.0,142595000.0,-1503000.0,141092000.0,893071000.0,1186152000.0,3289000.0,,-12770000.0,,112276000.0,893071000.0,293081000.0,130155000.0,99321000.0,99506000.0,193575000.0,-27545000.0,166030000.0,1186152000.0,132300000.0,132300000.0,133385000.0
Vulcan Materials Co,VMC,549300Q8LSNHAVWBNI21,1396009,2019.0,FY,2019-01-01,2019-12-31,2020-02-26 10:00:36+00:00,4.67,4.67,1.24,4.63,,135198000.0,617662000.0,622503000.0,-4841000.0,617662000.0,3673202000.0,4929103000.0,9243000.0,,-23752000.0,,402195000.0,3673202000.0,1255901000.0,130155000.0,1155000.0,378443000.0,877458000.0,-119757000.0,757701000.0,4929103000.0,132300000.0,132300000.0,133385000.0
Vulcan Materials Co,VMC,549300Q8LSNHAVWBNI21,1396009,2019.0,Q3YTD,2019-01-01,2019-09-30,,3.6,3.6,0.93,3.58,,111763000.0,476570000.0,479908000.0,-3338000.0,476570000.0,2780131000.0,3742951000.0,5954000.0,,-10982000.0,,289919000.0,2780131000.0,962820000.0,,-98166000.0,278937000.0,683883000.0,-92212000.0,591671000.0,3742951000.0,132300000.0,132414000.0,133375000.0
Vulcan Materials Co,VMC,549300Q8LSNHAVWBNI21,1396009,2019.0,Q3TTM,2018-10-01,2019-09-30,,4.54,4.54,1.21,4.51,,141406000.0,600593000.0,604188000.0,-3595000.0,600593000.0,3592893000.0,4830998000.0,5654000.0,,-17552000.0,,384693000.0,3592893000.0,1238105000.0,135481000.0,6953000.0,367141000.0,870964000.0,-122874000.0,745594000.0,4830998000.0,132300000.0,132414000.0,133375000.0
Vulcan Materials Co,VMC,549300Q8LSNHAVWBNI21,1396009,2019.0,Q3,2019-07-01,2019-09-30,2019-11-07 10:05:27+00:00,1.63,1.63,0.31,1.62,,53472000.0,215713000.0,218066000.0,-2353000.0,215713000.0,1018115000.0,1418758000.0,359000.0,,-234000.0,,97501000.0,1018115000.0,400643000.0,0.0,-32197000.0,97267000.0,303376000.0,-31838000.0,271538000.0,1418758000.0,132300000.0,132414000.0,133375000.0
Vulcan Materials Co,VMC,549300Q8LSNHAVWBNI21,1396009,2019.0,Q2YTD,2019-01-01,2019-06-30,,1.97,1.97,0.62,1.96,,58291000.0,260857000.0,261842000.0,-985000.0,260857000.0,1762016000.0,2324193000.0,5595000.0,,-10748000.0,,192418000.0,1762016000.0,562177000.0,,-65969000.0,181670000.0,380507000.0,-60374000.0,320133000.0,2324193000.0,132600000.0,132269000.0,133354000.0
Vulcan Materials Co,VMC,549300Q8LSNHAVWBNI21,1396009,2019.0,Q2TTM,2018-07-01,2019-06-30,,4.26,4.26,1.18,4.23,,128597000.0,564031000.0,565986000.0,-1955000.0,564031000.0,3471833000.0,4652437000.0,10185000.0,,-19422000.0,,383254000.0,3471833000.0,1180604000.0,135481000.0,5603000.0,363832000.0,816772000.0,-119693000.0,694583000.0,4652437000.0,132600000.0,132269000.0,133354000.0
Vulcan Materials Co,VMC,549300Q8LSNHAVWBNI21,1396009,2019.0,Q2,2019-04-01,2019-06-30,2019-07-29 09:45:34+00:00,1.49,1.49,0.31,1.48,,47598000.0,197558000.0,197907000.0,-349000.0,197558000.0,957180000.0,1327682000.0,2466000.0,,-3451000.0,,97879000.0,957180000.0,370502000.0,,-33035000.0,94428000.0,276074000.0,-30569000.0,245505000.0,1327682000.0,132600000.0,132269000.0,133354000.0
Vulcan Materials Co,VMC,549300Q8LSNHAVWBNI21,1396009,2019.0,Q1,2019-01-01,2019-03-31,2020-05-06 15:00:33+00:00,0.48,0.48,0.31,0.48,,10693000.0,63299000.0,63935000.0,-636000.0,63299000.0,804836000.0,996511000.0,3129000.0,,-7297000.0,,94539000.0,804836000.0,191675000.0,0.0,-32934000.0,87242000.0,104433000.0,-29805000.0,74628000.0,996511000.0,131900000.0,132043000.0,133054000.0
Vulcan Materials Co,VMC,549300Q8LSNHAVWBNI21,1396009,2019.0,Q1TTM,2018-04-01,2019-03-31,,3.98,3.98,1.15,3.94,,121045000.0,526125000.0,528381000.0,-2256000.0,526125000.0,3391620000.0,4524906000.0,11058000.0,,-18077000.0,,380412000.0,3391620000.0,1133286000.0,135481000.0,5394000.0,362335000.0,770951000.0,-119029000.0,649426000.0,4524906000.0,131900000.0,132043000.0,133054000.0
Vulcan Materials Co,VMC,549300Q8LSNHAVWBNI21,1396009,2020.0,Q1TTM,2019-04-01,2020-03-31,,4.64,4.64,1.27,4.6,,136699000.0,614621000.0,618566000.0,-3945000.0,614621000.0,3715885000.0,4981834000.0,-3222000.0,,-17454000.0,,398077000.0,3715885000.0,1265949000.0,130155000.0,3316000.0,380623000.0,885326000.0,-130061000.0,755265000.0,4981834000.0,133900000.0,132567000.0,133259000.0
Vulcan Materials Co,VMC,549300Q8LSNHAVWBNI21,1396009,2020.0,Q1,2020-01-01,2020-03-31,2020-05-06 15:00:33+00:00,0.45,0.45,0.34,0.45,,12194000.0,60258000.0,59998000.0,260000.0,60258000.0,847519000.0,1049242000.0,-9336000.0,,-999000.0,,90421000.0,847519000.0,201723000.0,,-30773000.0,89422000.0,112301000.0,-40109000.0,72192000.0,1049242000.0,133900000.0,132567000.0,133259000.0
