company_name,company_ticker,company_lei,company_cik,year,quarter,start_date,end_date,filing_date,basicdilutedeps,basiceps,cashdividendspershare,depreciationexpense,dilutedeps,incometaxexpense,netincome,netincomecontinuing,netincomediscontinued,netincometocommon,operatingcostofrevenue,operatingrevenue,otherincome,otheroperatingexpenses,otherspecialcharges,sgaexpense,totalcostofrevenue,totalgrossprofit,totalinterestexpense,totalinterestincome,totaloperatingexpenses,totaloperatingincome,totalotherincome,totalpretaxincome,totalrevenue,weightedavebasicdilutedsharesos,weightedavebasicsharesos,weightedavedilutedsharesos
Big Lots Inc,BIG,,768835,2008.0,FY,2008-02-03,2009-01-31,2011-03-30 16:01:46+00:00,1.87,1.87,,78624000.0,1.85,94908000.0,151547000.0,154798000.0,-3251000.0,151547000.0,2787854000.0,4645283000.0,,,0.0,1523882000.0,2787854000.0,1857429000.0,5282000.0,65000.0,1602506000.0,254923000.0,-5217000.0,249706000.0,4645283000.0,81000000.0,81000000.0,81900000.0
Big Lots Inc,BIG,,768835,2009.0,FY,2009-02-01,2010-01-30,2012-03-26 16:49:56+00:00,2.45,2.45,,74904000.0,2.42,121975000.0,200369000.0,201370000.0,-1001000.0,200369000.0,2807466000.0,4726772000.0,175000.0,,-12964000.0,1532356000.0,2807466000.0,1919306000.0,1840000.0,,1594296000.0,325010000.0,-1665000.0,323345000.0,4726772000.0,81619000.0,81619000.0,81619000.0
Big Lots Inc,BIG,,768835,2009.0,Q3,2009-08-02,2009-10-31,2010-12-08 16:18:23+00:00,0.37,0.37,,18184000.0,0.37,16828000.0,30329000.0,30256000.0,73000.0,30329000.0,617278000.0,1035269000.0,,,-12964000.0,365194000.0,617278000.0,417991000.0,507000.0,14000.0,370414000.0,47577000.0,-493000.0,47084000.0,1035269000.0,82000000.0,81674000.0,82733000.0
Big Lots Inc,BIG,,768835,2009.0,Q2,2009-05-03,2009-08-01,2010-09-08 16:01:57+00:00,0.35,0.35,,18949000.0,0.34,18550000.0,28443000.0,28616000.0,-173000.0,28443000.0,652184000.0,1086567000.0,,,,367781000.0,652184000.0,434383000.0,506000.0,19000.0,386730000.0,47653000.0,-487000.0,47166000.0,1086567000.0,81300000.0,81623000.0,82516000.0
Big Lots Inc,BIG,,768835,2010.0,Q4,2010-10-31,2011-01-29,,1.46,1.46,,21074000.0,1.44,66372000.0,110055000.0,110025000.0,30000.0,110055000.0,898979000.0,1518943000.0,384000.0,,,421726000.0,898979000.0,619964000.0,808000.0,-343000.0,442800000.0,177164000.0,-767000.0,176397000.0,1518943000.0,77596000.0,77596000.0,77596000.0
Big Lots Inc,BIG,,768835,2010.0,FY,2010-01-31,2011-01-29,2013-04-02 16:21:01+00:00,2.87,2.87,,78606000.0,2.83,132837000.0,222524000.0,222547000.0,-23000.0,222524000.0,2939793000.0,4952244000.0,612000.0,,,1576500000.0,2939793000.0,2012451000.0,2573000.0,,1655106000.0,357345000.0,-1961000.0,355384000.0,4952244000.0,77596000.0,77596000.0,77596000.0
Big Lots Inc,BIG,,768835,2010.0,Q3YTD,2010-01-31,2010-10-30,,1.41,1.41,,57532000.0,1.39,66465000.0,112469000.0,112522000.0,-53000.0,112469000.0,2040814000.0,3433301000.0,228000.0,,,1154774000.0,2040814000.0,1392487000.0,1765000.0,343000.0,1212306000.0,180181000.0,-1194000.0,178987000.0,3433301000.0,76900000.0,75481000.0,76369000.0
Big Lots Inc,BIG,,768835,2010.0,Q3,2010-08-01,2010-10-30,2011-12-07 16:26:44+00:00,0.23,0.23,,19584000.0,0.23,8453000.0,17694000.0,17745000.0,-51000.0,17694000.0,627723000.0,1055830000.0,51000.0,,,381620000.0,627723000.0,428107000.0,756000.0,,401204000.0,26903000.0,-705000.0,26198000.0,1055830000.0,76900000.0,75481000.0,76369000.0
Big Lots Inc,BIG,,768835,2010.0,Q2YTD,2010-01-31,2010-07-31,,1.18,1.18,,37948000.0,1.16,58012000.0,94775000.0,94777000.0,-2000.0,94775000.0,1413091000.0,2377471000.0,177000.0,,,773154000.0,1413091000.0,964380000.0,1009000.0,343000.0,811102000.0,153278000.0,-489000.0,152789000.0,2377471000.0,79300000.0,79467000.0,80333000.0
Big Lots Inc,BIG,,768835,2010.0,Q2,2010-05-02,2010-07-31,2011-09-07 16:24:26+00:00,0.49,0.49,,18848000.0,0.48,24098000.0,38877000.0,38779000.0,98000.0,38877000.0,679884000.0,1142309000.0,177000.0,,,380374000.0,679884000.0,462425000.0,503000.0,,399222000.0,63203000.0,-326000.0,62877000.0,1142309000.0,79300000.0,79467000.0,80333000.0
Big Lots Inc,BIG,,768835,2010.0,Q1,2010-01-31,2010-05-01,2011-06-07 16:03:23+00:00,0.69,0.69,,19100000.0,0.68,33914000.0,55898000.0,55998000.0,-100000.0,55898000.0,733207000.0,1235162000.0,,,,392780000.0,733207000.0,501955000.0,506000.0,343000.0,411880000.0,90075000.0,-163000.0,89912000.0,1235162000.0,81000000.0,80932000.0,82385000.0
Big Lots Inc,BIG,,768835,2011.0,Q4,2011-10-30,2012-01-28,,1.75,1.75,,25170000.0,1.72,74166000.0,114720000.0,113672000.0,1048000.0,114720000.0,962530000.0,1626554000.0,-120000.0,,,450123000.0,962530000.0,664024000.0,773000.0,,475293000.0,188731000.0,-893000.0,187838000.0,1626554000.0,68316000.0,68316000.0,68316000.0
Big Lots Inc,BIG,,768835,2011.0,FY,2011-01-30,2012-01-28,2014-04-01 16:02:19+00:00,3.03,3.03,,90135000.0,2.98,133835000.0,207064000.0,206158000.0,906000.0,207064000.0,3096200000.0,5159249000.0,-173000.0,,,1629218000.0,3096200000.0,2063049000.0,3530000.0,,1719353000.0,343696000.0,-3703000.0,339993000.0,5159249000.0,68316000.0,68316000.0,68316000.0
Big Lots Inc,BIG,,768835,2011.0,Q3TTM,2010-10-31,2011-10-29,,2.74,2.74,,86039000.0,2.7,126041000.0,202399000.0,202511000.0,-112000.0,202399000.0,3032649000.0,5051638000.0,331000.0,,,1600821000.0,3032649000.0,2018989000.0,3565000.0,-343000.0,1686860000.0,332129000.0,-3577000.0,328552000.0,5051638000.0,69800000.0,64949000.0,65931000.0
Big Lots Inc,BIG,,768835,2011.0,Q3YTD,2011-01-30,2011-10-29,,1.28,1.28,,64965000.0,1.26,59669000.0,92344000.0,92486000.0,-142000.0,92344000.0,2133670000.0,3532695000.0,-53000.0,,,1179095000.0,2133670000.0,1399025000.0,2757000.0,,1244060000.0,154965000.0,-2810000.0,152155000.0,3532695000.0,69800000.0,64949000.0,65931000.0
Big Lots Inc,BIG,,768835,2011.0,Q3,2011-07-31,2011-10-29,2012-12-05 17:20:45+00:00,0.06,0.06,,22873000.0,0.06,3524000.0,4190000.0,4241000.0,-51000.0,4190000.0,693926000.0,1138286000.0,-219000.0,,,412581000.0,693926000.0,444360000.0,922000.0,,435454000.0,8906000.0,-1141000.0,7765000.0,1138286000.0,69800000.0,64949000.0,65931000.0
Big Lots Inc,BIG,,768835,2011.0,Q2TTM,2010-08-01,2011-07-30,,2.91,2.91,,82750000.0,2.87,130970000.0,215903000.0,216015000.0,-112000.0,215903000.0,2966446000.0,4969182000.0,601000.0,,,1569860000.0,2966446000.0,2002736000.0,3399000.0,-343000.0,1652610000.0,350126000.0,-3141000.0,346985000.0,4969182000.0,70000000.0,70130000.0,71049000.0
Big Lots Inc,BIG,,768835,2011.0,Q2YTD,2011-01-30,2011-07-30,,1.22,1.22,,42092000.0,1.2,56145000.0,88154000.0,88245000.0,-91000.0,88154000.0,1439744000.0,2394409000.0,166000.0,,,766514000.0,1439744000.0,954665000.0,1835000.0,,808606000.0,146059000.0,-1669000.0,144390000.0,2394409000.0,70000000.0,70130000.0,71049000.0
Big Lots Inc,BIG,,768835,2011.0,Q2,2011-05-01,2011-07-30,2012-09-05 16:06:15+00:00,0.51,0.51,,21428000.0,0.5,22767000.0,35683000.0,35714000.0,-31000.0,35683000.0,706599000.0,1167135000.0,54000.0,,,379347000.0,706599000.0,460536000.0,1334000.0,,400775000.0,59761000.0,-1280000.0,58481000.0,1167135000.0,70000000.0,70130000.0,71049000.0
Big Lots Inc,BIG,,768835,2011.0,Q1TTM,2010-05-02,2011-04-30,,2.89,2.89,,80170000.0,2.85,132301000.0,219097000.0,219080000.0,17000.0,219097000.0,2939731000.0,4944356000.0,724000.0,,,1570887000.0,2939731000.0,2004625000.0,2568000.0,-343000.0,1651057000.0,353568000.0,-2187000.0,351381000.0,4944356000.0,73900000.0,74047000.0,75266000.0
Big Lots Inc,BIG,,768835,2011.0,Q1,2011-01-30,2011-04-30,2012-06-06 16:03:35+00:00,0.71,0.71,,20664000.0,0.7,33378000.0,52471000.0,52531000.0,-60000.0,52471000.0,733145000.0,1227274000.0,112000.0,,,387167000.0,733145000.0,494129000.0,501000.0,,407831000.0,86298000.0,-389000.0,85909000.0,1227274000.0,73900000.0,74047000.0,75266000.0
Big Lots Inc,BIG,,768835,2012.0,FY,2012-01-29,2013-02-02,2015-03-31 16:04:13+00:00,2.96,2.96,0.0,103146000.0,2.93,117071000.0,177121000.0,190517000.0,-13396000.0,177121000.0,3157632000.0,5212318000.0,2000.0,,,1639770000.0,3157632000.0,2054686000.0,4184000.0,,1742916000.0,311770000.0,-4182000.0,307588000.0,5212318000.0,59852000.0,59852000.0,59852000.0
Big Lots Inc,BIG,,768835,2012.0,Q4,2012-10-28,2013-02-02,,2.05,2.05,,24997000.0,2.04,75136000.0,120287000.0,133635000.0,-13348000.0,120287000.0,933783000.0,1565595000.0,-43000.0,,,396539000.0,933783000.0,631812000.0,1462000.0,,421536000.0,210276000.0,-1505000.0,208771000.0,1565595000.0,59852000.0,59852000.0,59852000.0
Big Lots Inc,BIG,,768835,2012.0,Q3TTM,2011-10-30,2012-10-27,,2.66,2.66,,103319000.0,2.61,116101000.0,171554000.0,170554000.0,1000000.0,171554000.0,3186379000.0,5273277000.0,-75000.0,,,1693354000.0,3186379000.0,2086898000.0,3495000.0,,1796673000.0,290225000.0,-3570000.0,286655000.0,5273277000.0,59900000.0,57756000.0,57756000.0
Big Lots Inc,BIG,,768835,2012.0,Q3YTD,2012-01-29,2012-10-27,,0.91,0.91,,78149000.0,0.89,41935000.0,56834000.0,56882000.0,-48000.0,56834000.0,2223849000.0,3646723000.0,45000.0,,,1243231000.0,2223849000.0,1422874000.0,2722000.0,,1321380000.0,101494000.0,-2677000.0,98817000.0,3646723000.0,59900000.0,57756000.0,57756000.0
Big Lots Inc,BIG,,768835,2012.0,Q3,2012-07-29,2012-10-27,2013-12-11 16:04:13+00:00,-0.1,-0.1,,26590000.0,-0.1,-2149000.0,-5987000.0,-5988000.0,1000.0,-5987000.0,701615000.0,1134205000.0,46000.0,,,412692000.0,701615000.0,432590000.0,1491000.0,,439282000.0,-6692000.0,-1445000.0,-8137000.0,1134205000.0,59900000.0,57756000.0,57756000.0
Big Lots Inc,BIG,,768835,2012.0,Q2TTM,2011-07-31,2012-07-28,,2.82,2.82,,99602000.0,2.77,121774000.0,181731000.0,180783000.0,948000.0,181731000.0,3178690000.0,5277358000.0,-340000.0,,,1693243000.0,3178690000.0,2098668000.0,2926000.0,,1792845000.0,305823000.0,-3266000.0,302557000.0,5277358000.0,59700000.0,60466000.0,60997000.0
Big Lots Inc,BIG,,768835,2012.0,Q2YTD,2012-01-29,2012-07-28,,1.01,1.01,,51559000.0,0.99,44084000.0,62821000.0,62870000.0,-49000.0,62821000.0,1522234000.0,2512518000.0,-1000.0,,,830539000.0,1522234000.0,990284000.0,1231000.0,,882098000.0,108186000.0,-1232000.0,106954000.0,2512518000.0,59700000.0,60466000.0,60997000.0
Big Lots Inc,BIG,,768835,2012.0,Q2,2012-04-29,2012-07-28,2013-09-10 16:12:24+00:00,0.37,0.37,,26271000.0,0.36,16321000.0,22075000.0,22090000.0,-15000.0,22075000.0,740202000.0,1218037000.0,-38000.0,,,412220000.0,740202000.0,477835000.0,895000.0,,438491000.0,39344000.0,-933000.0,38411000.0,1218037000.0,59700000.0,60466000.0,60997000.0
Big Lots Inc,BIG,,768835,2012.0,Q1TTM,2011-05-01,2012-04-28,,2.96,2.96,,94759000.0,2.91,128220000.0,195339000.0,194407000.0,932000.0,195339000.0,3145087000.0,5226456000.0,-248000.0,,,1660370000.0,3145087000.0,2081369000.0,3365000.0,,1755129000.0,326240000.0,-3613000.0,322627000.0,5226456000.0,63700000.0,64119000.0,65165000.0
Big Lots Inc,BIG,,768835,2012.0,Q1,2012-01-29,2012-04-28,2013-06-12 16:01:57+00:00,0.64,0.64,,25288000.0,0.63,27763000.0,40746000.0,40780000.0,-34000.0,40746000.0,782032000.0,1294481000.0,37000.0,,,418319000.0,782032000.0,512449000.0,336000.0,,443607000.0,68842000.0,-299000.0,68543000.0,1294481000.0,63700000.0,64119000.0,65165000.0
Big Lots Inc,BIG,,768835,2013.0,FY,2013-02-03,2014-02-01,2016-03-29 16:05:09+00:00,2.18,2.18,0.0,113228000.0,2.16,85515000.0,125295000.0,141290000.0,-15995000.0,125295000.0,3117386000.0,5124755000.0,-12000.0,,,1664031000.0,3117386000.0,2007369000.0,3293000.0,,1777259000.0,230110000.0,-3305000.0,226805000.0,5124755000.0,57415000.0,57415000.0,57415000.0
Big Lots Inc,BIG,,768835,2013.0,Q4,2013-11-03,2014-02-01,,1.3,1.47,,29835000.0,1.46,50001000.0,84353000.0,84229000.0,124000.0,84353000.0,962281000.0,1571912000.0,-1000.0,,,444762000.0,962281000.0,609631000.0,803000.0,,474597000.0,135034000.0,-804000.0,134230000.0,1571912000.0,57415000.0,57415000.0,57415000.0
Big Lots Inc,BIG,,768835,2013.0,Q3TTM,2012-10-28,2013-11-02,,2.93,2.76,,108390000.0,2.74,110650000.0,161229000.0,190696000.0,-29467000.0,161229000.0,3088888000.0,5118438000.0,-54000.0,,,1615808000.0,3088888000.0,2029550000.0,3952000.0,,1724198000.0,305352000.0,-4006000.0,301346000.0,5118438000.0,,57461000.0,57461000.0
Big Lots Inc,BIG,,768835,2013.0,Q3YTD,2013-02-03,2013-11-02,,0.88,0.71,,83393000.0,0.7,35514000.0,40942000.0,57061000.0,-16119000.0,40942000.0,2155105000.0,3552843000.0,-11000.0,,,1219269000.0,2155105000.0,1397738000.0,2490000.0,,1302662000.0,95076000.0,-2501000.0,92575000.0,3552843000.0,,57461000.0,57461000.0
Big Lots Inc,BIG,,768835,2013.0,Q3,2013-08-04,2013-11-02,2014-12-10 16:13:27+00:00,,-0.17,0.0,29014000.0,-0.17,-1951000.0,-9517000.0,-1948000.0,-7569000.0,-9517000.0,673490000.0,1104918000.0,0.0,,,405279000.0,673490000.0,431428000.0,1034000.0,,434293000.0,-2865000.0,-1034000.0,-3899000.0,1104918000.0,,57461000.0,57461000.0
Big Lots Inc,BIG,,768835,2013.0,Q2TTM,2012-07-29,2013-08-03,,2.83,2.83,,105966000.0,2.81,110452000.0,164759000.0,186656000.0,-21897000.0,164759000.0,3117013000.0,5147725000.0,-8000.0,,,1623221000.0,3117013000.0,2030712000.0,4409000.0,,1729187000.0,301525000.0,-4417000.0,297108000.0,5147725000.0,56600000.0,57382000.0,57924000.0
Big Lots Inc,BIG,,768835,2013.0,Q2YTD,2013-02-03,2013-08-03,,0.88,0.88,,54379000.0,0.87,37465000.0,50459000.0,59009000.0,-8550000.0,50459000.0,1481615000.0,2447925000.0,-11000.0,,,813990000.0,1481615000.0,966310000.0,1456000.0,,868369000.0,97941000.0,-1467000.0,96474000.0,2447925000.0,56600000.0,57382000.0,57924000.0
Big Lots Inc,BIG,,768835,2013.0,Q2,2013-05-05,2013-08-03,2014-09-10 16:04:43+00:00,0.32,0.32,0.0,27534000.0,0.31,13808000.0,18126000.0,21944000.0,-3818000.0,18126000.0,716790000.0,1180905000.0,-11000.0,,,400088000.0,716790000.0,464115000.0,730000.0,,427622000.0,36493000.0,-741000.0,35752000.0,1180905000.0,56600000.0,57382000.0,57924000.0
Big Lots Inc,BIG,,768835,2013.0,Q1TTM,2012-04-29,2013-05-04,,2.88,2.88,,104703000.0,2.86,112965000.0,168708000.0,186802000.0,-18094000.0,168708000.0,3140425000.0,5184857000.0,-35000.0,,,1635353000.0,3140425000.0,2044432000.0,4574000.0,,1740056000.0,304376000.0,-4609000.0,299767000.0,5184857000.0,57700000.0,57305000.0,57843000.0
Big Lots Inc,BIG,,768835,2013.0,Q1,2013-02-03,2013-05-04,2014-06-11 16:07:43+00:00,0.56,0.56,,26845000.0,0.56,23657000.0,32333000.0,37065000.0,-4732000.0,32333000.0,764825000.0,1267020000.0,0.0,,,413902000.0,764825000.0,502195000.0,726000.0,,440747000.0,61448000.0,-726000.0,60722000.0,1267020000.0,57700000.0,57305000.0,57843000.0
Big Lots Inc,BIG,,768835,2014.0,FY,2014-02-02,2015-01-31,2017-03-28 16:05:53+00:00,2.08,2.08,0.51,119702000.0,2.06,85239000.0,114276000.0,136661000.0,-22385000.0,114276000.0,3133124000.0,5177078000.0,0.0,,,1699764000.0,3133124000.0,2043954000.0,2588000.0,,1819466000.0,224488000.0,-2588000.0,221900000.0,5177078000.0,54935000.0,54935000.0,54935000.0
Big Lots Inc,BIG,,768835,2014.0,Q4,2014-11-02,2015-01-31,,1.72,1.72,0.17,31167000.0,1.7,58463000.0,94431000.0,93983000.0,448000.0,94431000.0,943420000.0,1593349000.0,,,,465344000.0,943420000.0,649929000.0,972000.0,,496511000.0,153418000.0,-972000.0,152446000.0,1593349000.0,54935000.0,54935000.0,54935000.0
Big Lots Inc,BIG,,768835,2014.0,Q3TTM,2013-11-03,2014-11-01,,1.66,1.83,0.34,118370000.0,1.82,76777000.0,104198000.0,126907000.0,-22709000.0,104198000.0,3151985000.0,5155641000.0,-1000.0,,,1679182000.0,3151985000.0,2003656000.0,2419000.0,,1797552000.0,206104000.0,-2420000.0,203684000.0,5155641000.0,57400000.0,54850000.0,54850000.0
Big Lots Inc,BIG,,768835,2014.0,Q3,2014-08-03,2014-11-01,2015-12-09 16:05:30+00:00,-0.06,-0.06,0.17,30267000.0,-0.06,-1698000.0,-3441000.0,-3115000.0,-326000.0,-3441000.0,676153000.0,1107095000.0,0.0,,,404732000.0,676153000.0,430942000.0,756000.0,,434999000.0,-4057000.0,-756000.0,-4813000.0,1107095000.0,57400000.0,54850000.0,54850000.0
Big Lots Inc,BIG,,768835,2014.0,Q3YTD,2014-02-02,2014-11-01,,0.36,0.36,0.34,88535000.0,0.36,26776000.0,19845000.0,42678000.0,-22833000.0,19845000.0,2189704000.0,3583729000.0,,,,1234420000.0,2189704000.0,1394025000.0,1616000.0,,1322955000.0,71070000.0,-1616000.0,69454000.0,3583729000.0,57400000.0,54850000.0,54850000.0
Big Lots Inc,BIG,,768835,2014.0,Q2TTM,2013-08-04,2014-08-02,,1.72,1.72,0.17,117117000.0,1.71,76524000.0,98122000.0,128074000.0,-29952000.0,98122000.0,3149322000.0,5153464000.0,-1000.0,,,1679729000.0,3149322000.0,2004142000.0,2697000.0,,1796846000.0,207296000.0,-2698000.0,204598000.0,5153464000.0,55400000.0,54991000.0,55689000.0
Big Lots Inc,BIG,,768835,2014.0,Q2,2014-05-04,2014-08-02,2015-09-09 16:18:51+00:00,0.36,0.36,0.17,29443000.0,0.36,10220000.0,19938000.0,17212000.0,2726000.0,19938000.0,725836000.0,1195363000.0,0.0,,,412142000.0,725836000.0,469527000.0,510000.0,,441585000.0,27942000.0,-510000.0,27432000.0,1195363000.0,55400000.0,54991000.0,55689000.0
Big Lots Inc,BIG,,768835,2014.0,Q2YTD,2014-02-02,2014-08-02,,0.42,0.42,0.17,58268000.0,0.42,28474000.0,23286000.0,45793000.0,-22507000.0,23286000.0,1513551000.0,2476634000.0,,,,829688000.0,1513551000.0,963083000.0,860000.0,,887956000.0,75127000.0,-860000.0,74267000.0,2476634000.0,55400000.0,54991000.0,55689000.0
Big Lots Inc,BIG,,768835,2014.0,Q1TTM,2013-05-05,2014-05-03,,1.68,1.68,,115208000.0,1.66,80112000.0,96310000.0,132806000.0,-36496000.0,96310000.0,3140276000.0,5139006000.0,-12000.0,,,1667675000.0,3140276000.0,1998730000.0,2917000.0,,1782883000.0,215847000.0,-2929000.0,212918000.0,5139006000.0,55800000.0,57010000.0,57536000.0
Big Lots Inc,BIG,,768835,2014.0,Q1,2014-02-02,2014-05-03,2015-06-10 16:05:00+00:00,0.06,0.06,0.0,28825000.0,0.06,18254000.0,3348000.0,28581000.0,-25233000.0,3348000.0,787715000.0,1281271000.0,0.0,,,417546000.0,787715000.0,493556000.0,350000.0,,446371000.0,47185000.0,-350000.0,46835000.0,1281271000.0,55800000.0,57010000.0,57536000.0
Big Lots Inc,BIG,,768835,2015.0,FY,2015-02-01,2016-01-30,2018-04-03 16:07:45+00:00,2.83,2.83,0.76,122854000.0,2.8,83977000.0,142873000.0,142873000.0,,142873000.0,3123442000.0,5190582000.0,-5254000.0,,,1708499000.0,3123442000.0,2067140000.0,3683000.0,,1831353000.0,235787000.0,-8937000.0,226850000.0,5190582000.0,50517000.0,50517000.0,50517000.0
Big Lots Inc,BIG,,768835,2015.0,Q4,2015-11-01,2016-01-30,,1.9,1.9,0.19,30466000.0,1.89,56393000.0,94532000.0,94557000.0,-25000.0,94532000.0,936784000.0,1583967000.0,-2867000.0,,,461954000.0,936784000.0,647183000.0,946000.0,,492420000.0,154763000.0,-3813000.0,150950000.0,1583967000.0,50517000.0,50517000.0,50517000.0
Big Lots Inc,BIG,,768835,2015.0,Q3,2015-08-02,2015-10-31,2016-12-07 16:05:11+00:00,-0.03,-0.03,0.19,30171000.0,-0.03,-2400000.0,-1508000.0,-1703000.0,195000.0,-1508000.0,676467000.0,1116474000.0,-673000.0,,,411994000.0,676467000.0,440007000.0,1272000.0,,442165000.0,-2158000.0,-1945000.0,-4103000.0,1116474000.0,50300000.0,49057000.0,49057000.0
Big Lots Inc,BIG,,768835,2015.0,Q3YTD,2015-02-01,2015-10-31,,0.93,0.93,0.57,92388000.0,0.91,27584000.0,48341000.0,48316000.0,25000.0,48341000.0,2186658000.0,3606615000.0,-2387000.0,,,1246545000.0,2186658000.0,1419957000.0,2737000.0,,1338933000.0,81024000.0,-5124000.0,75900000.0,3606615000.0,50300000.0,49057000.0,49057000.0
Big Lots Inc,BIG,,768835,2015.0,Q3TTM,2014-11-02,2015-10-31,,2.65,2.65,0.74,123555000.0,2.61,86047000.0,142772000.0,142299000.0,473000.0,142772000.0,3130078000.0,5199964000.0,-2387000.0,,,1711889000.0,3130078000.0,2069886000.0,3709000.0,,1835444000.0,234442000.0,-6096000.0,228346000.0,5199964000.0,50300000.0,49057000.0,49057000.0
Big Lots Inc,BIG,,768835,2015.0,Q2,2015-05-03,2015-08-01,2016-09-07 16:08:56+00:00,0.35,0.35,0.19,30992000.0,0.34,10115000.0,17636000.0,17711000.0,-75000.0,17636000.0,733852000.0,1209686000.0,-1742000.0,,,414305000.0,733852000.0,475834000.0,969000.0,,445297000.0,30537000.0,-2711000.0,27826000.0,1209686000.0,50400000.0,50831000.0,51336000.0
Big Lots Inc,BIG,,768835,2015.0,Q2YTD,2015-02-01,2015-08-01,,0.96,0.96,0.38,62217000.0,0.94,29984000.0,49849000.0,50019000.0,-170000.0,49849000.0,1510191000.0,2490141000.0,-1714000.0,,,834551000.0,1510191000.0,979950000.0,1465000.0,,896768000.0,83182000.0,-3179000.0,80003000.0,2490141000.0,50400000.0,50831000.0,51336000.0
Big Lots Inc,BIG,,768835,2015.0,Q2TTM,2014-08-03,2015-08-01,,2.62,2.62,0.72,123651000.0,2.58,86749000.0,140839000.0,140887000.0,-48000.0,140839000.0,3129764000.0,5190585000.0,-1714000.0,,,1704627000.0,3129764000.0,2060821000.0,3193000.0,,1828278000.0,232543000.0,-4907000.0,227636000.0,5190585000.0,50400000.0,50831000.0,51336000.0
Big Lots Inc,BIG,,768835,2015.0,Q1,2015-02-01,2015-05-02,2016-06-08 16:03:40+00:00,0.61,0.61,0.19,31225000.0,0.6,19869000.0,32213000.0,32308000.0,-95000.0,32213000.0,776339000.0,1280455000.0,28000.0,,,420246000.0,776339000.0,504116000.0,496000.0,,451471000.0,52645000.0,-468000.0,52177000.0,1280455000.0,52800000.0,53087000.0,53657000.0
Big Lots Inc,BIG,,768835,2015.0,Q1TTM,2014-05-04,2015-05-02,,2.63,2.63,0.7,122102000.0,2.6,86854000.0,143141000.0,140388000.0,2753000.0,143141000.0,3121748000.0,5176262000.0,28000.0,,,1702464000.0,3121748000.0,2054514000.0,2734000.0,,1824566000.0,229948000.0,-2706000.0,227242000.0,5176262000.0,52800000.0,53087000.0,53657000.0
Big Lots Inc,BIG,,768835,2016.0,FY,2016-01-31,2017-01-28,2019-04-02 16:06:03+00:00,3.37,3.37,0.84,120460000.0,3.32,91471000.0,152828000.0,152828000.0,,152828000.0,3094576000.0,5193995000.0,1387000.0,,,1730956000.0,3094576000.0,2099419000.0,5091000.0,,1851416000.0,248003000.0,-3704000.0,244299000.0,5193995000.0,45316000.0,45316000.0,45316000.0
Big Lots Inc,BIG,,768835,2016.0,Q4,2016-10-30,2017-01-28,,2.03,2.03,0.21,29690000.0,2.0,53501000.0,90078000.0,90078000.0,,90078000.0,919444000.0,1572767000.0,356000.0,,,479112000.0,919444000.0,653323000.0,1298000.0,,508802000.0,144521000.0,-942000.0,143579000.0,1572767000.0,45316000.0,45316000.0,45316000.0
Big Lots Inc,BIG,,768835,2016.0,Q3,2016-07-31,2016-10-29,2017-12-06 16:07:36+00:00,0.03,0.03,0.21,30294000.0,0.03,-365000.0,1376000.0,1376000.0,,1376000.0,663506000.0,1105498000.0,673000.0,,,409695000.0,663506000.0,441992000.0,1665000.0,,439989000.0,2003000.0,-992000.0,1011000.0,1105498000.0,45900000.0,44165000.0,44926000.0
Big Lots Inc,BIG,,768835,2016.0,Q3YTD,2016-01-31,2016-10-29,,1.34,1.34,0.63,90770000.0,1.32,37970000.0,62750000.0,62750000.0,,62750000.0,2175132000.0,3621228000.0,1031000.0,,,1251844000.0,2175132000.0,1446096000.0,3793000.0,,1342614000.0,103482000.0,-2762000.0,100720000.0,3621228000.0,45900000.0,44165000.0,44926000.0
Big Lots Inc,BIG,,768835,2016.0,Q3TTM,2015-11-01,2016-10-29,,3.24,3.24,0.82,121236000.0,3.21,94363000.0,157282000.0,157307000.0,-25000.0,157282000.0,3111916000.0,5205195000.0,-1836000.0,,,1713798000.0,3111916000.0,2093279000.0,4739000.0,,1835034000.0,258245000.0,-6575000.0,251670000.0,5205195000.0,45900000.0,44165000.0,44926000.0
Big Lots Inc,BIG,,768835,2016.0,Q2,2016-05-01,2016-07-30,2017-09-06 16:06:03+00:00,0.51,0.51,0.21,30757000.0,0.5,14305000.0,22715000.0,22715000.0,,22715000.0,716732000.0,1203155000.0,-406000.0,,,416746000.0,716732000.0,486423000.0,1494000.0,,447503000.0,38920000.0,-1900000.0,37020000.0,1203155000.0,44500000.0,44402000.0,45014000.0
Big Lots Inc,BIG,,768835,2016.0,Q2YTD,2016-01-31,2016-07-30,,1.31,1.31,0.42,60476000.0,1.29,38335000.0,61374000.0,61374000.0,,61374000.0,1511626000.0,2515730000.0,358000.0,,,842149000.0,1511626000.0,1004104000.0,2128000.0,,902625000.0,101479000.0,-1770000.0,99709000.0,2515730000.0,44500000.0,44402000.0,45014000.0
Big Lots Inc,BIG,,768835,2016.0,Q2TTM,2015-08-02,2016-07-30,,3.18,3.18,0.8,121113000.0,3.15,92328000.0,154398000.0,154228000.0,170000.0,154398000.0,3124877000.0,5216171000.0,-3182000.0,,,1716097000.0,3124877000.0,2091294000.0,4346000.0,,1837210000.0,254084000.0,-7528000.0,246556000.0,5216171000.0,44500000.0,44402000.0,45014000.0
Big Lots Inc,BIG,,768835,2016.0,Q1,2016-01-31,2016-04-30,2017-06-07 16:03:47+00:00,0.8,0.8,0.21,29719000.0,0.79,24030000.0,38659000.0,38659000.0,,38659000.0,794894000.0,1312575000.0,764000.0,,,425403000.0,794894000.0,517681000.0,634000.0,,455122000.0,62559000.0,130000.0,62689000.0,1312575000.0,48300000.0,48466000.0,48888000.0
Big Lots Inc,BIG,,768835,2016.0,Q1TTM,2015-05-03,2016-04-30,,3.02,3.02,0.78,121348000.0,2.99,88138000.0,149319000.0,149224000.0,95000.0,149319000.0,3141997000.0,5222702000.0,-4518000.0,,,1713656000.0,3141997000.0,2080705000.0,3821000.0,,1835004000.0,245701000.0,-8339000.0,237362000.0,5222702000.0,48300000.0,48466000.0,48888000.0
Big Lots Inc,BIG,,768835,2017.0,FY,2017-01-29,2018-02-03,2020-03-31 16:05:20+00:00,4.43,4.43,1.0,117093000.0,4.38,105522000.0,189832000.0,189832000.0,,189832000.0,3121920000.0,5264362000.0,712000.0,0.0,,1723996000.0,3121920000.0,2142442000.0,6711000.0,,1841089000.0,301353000.0,-5999000.0,295354000.0,5264362000.0,42818000.0,42818000.0,42818000.0
Big Lots Inc,BIG,,768835,2017.0,Q4,2017-10-29,2018-02-03,,2.49,2.49,0.25,29604000.0,2.46,61436000.0,104828000.0,104828000.0,,104828000.0,958570000.0,1640611000.0,389000.0,,,484556000.0,958570000.0,682041000.0,2006000.0,,514160000.0,167881000.0,-1617000.0,166264000.0,1640611000.0,42818000.0,42818000.0,42818000.0
Big Lots Inc,BIG,,768835,2017.0,Q3,2017-07-30,2017-10-28,2018-12-12 16:19:25+00:00,0.1,0.1,0.25,29508000.0,0.1,-240000.0,4372000.0,4372000.0,,4372000.0,665558000.0,1109184000.0,405000.0,,,408314000.0,665558000.0,443626000.0,2077000.0,,437822000.0,5804000.0,-1672000.0,4132000.0,1109184000.0,43700000.0,41967000.0,42524000.0
Big Lots Inc,BIG,,768835,2017.0,Q3YTD,2017-01-29,2017-10-28,,1.94,1.94,0.75,87489000.0,1.92,44086000.0,85004000.0,85004000.0,,85004000.0,2163350000.0,3623751000.0,323000.0,,,1239440000.0,2163350000.0,1460401000.0,4705000.0,,1326929000.0,133472000.0,-4382000.0,129090000.0,3623751000.0,43700000.0,41967000.0,42524000.0
Big Lots Inc,BIG,,768835,2017.0,Q3TTM,2016-10-30,2017-10-28,,3.97,3.97,0.96,117179000.0,3.92,97587000.0,175082000.0,175082000.0,,175082000.0,3082794000.0,5196518000.0,679000.0,,,1718552000.0,3082794000.0,2113724000.0,6003000.0,,1835731000.0,277993000.0,-5324000.0,272669000.0,5196518000.0,43700000.0,41967000.0,42524000.0
Big Lots Inc,BIG,,768835,2017.0,Q2,2017-04-30,2017-07-29,2018-09-12 16:15:28+00:00,0.68,0.68,0.25,29386000.0,0.67,17656000.0,29120000.0,29120000.0,,29120000.0,727097000.0,1219597000.0,435000.0,,,415154000.0,727097000.0,492500000.0,1619000.0,,444540000.0,47960000.0,-1184000.0,46776000.0,1219597000.0,42800000.0,43136000.0,43564000.0
Big Lots Inc,BIG,,768835,2017.0,Q2YTD,2017-01-29,2017-07-29,,1.84,1.84,0.5,57981000.0,1.82,44326000.0,80632000.0,80632000.0,,80632000.0,1497792000.0,2514567000.0,-82000.0,,,831126000.0,1497792000.0,1016775000.0,2628000.0,,889107000.0,127668000.0,-2710000.0,124958000.0,2514567000.0,42800000.0,43136000.0,43564000.0
Big Lots Inc,BIG,,768835,2017.0,Q2TTM,2016-07-31,2017-07-29,,3.9,3.9,0.92,117965000.0,3.85,97462000.0,172086000.0,172086000.0,,172086000.0,3080742000.0,5192832000.0,947000.0,,,1719933000.0,3080742000.0,2112090000.0,5591000.0,,1837898000.0,274192000.0,-4644000.0,269548000.0,5192832000.0,42800000.0,43136000.0,43564000.0
Big Lots Inc,BIG,,768835,2017.0,Q1,2017-01-29,2017-04-29,2018-06-13 16:04:08+00:00,1.16,1.16,0.25,28595000.0,1.15,26670000.0,51512000.0,51512000.0,,51512000.0,770695000.0,1294970000.0,-517000.0,,,415972000.0,770695000.0,524275000.0,1009000.0,,444567000.0,79708000.0,-1526000.0,78182000.0,1294970000.0,44400000.0,44361000.0,44728000.0
Big Lots Inc,BIG,,768835,2017.0,Q1TTM,2016-05-01,2017-04-29,,3.73,3.73,0.88,119336000.0,3.68,94111000.0,165681000.0,165681000.0,,165681000.0,3070377000.0,5176390000.0,106000.0,,,1721525000.0,3070377000.0,2106013000.0,5466000.0,,1840861000.0,265152000.0,-5360000.0,259792000.0,5176390000.0,44400000.0,44361000.0,44728000.0
Big Lots Inc,BIG,,768835,2018.0,FY,2018-02-04,2019-02-02,2020-03-31 16:05:20+00:00,3.84,3.84,1.2,124970000.0,3.83,50719000.0,156894000.0,156894000.0,,156894000.0,3116210000.0,5238105000.0,-558000.0,0.0,,1778416000.0,3116210000.0,2121895000.0,10338000.0,,1903386000.0,218509000.0,-10896000.0,207613000.0,5238105000.0,40809000.0,40809000.0,40809000.0
Big Lots Inc,BIG,,768835,2018.0,Q4,2018-11-04,2019-02-02,,2.67,2.67,0.3,34034000.0,2.66,35879000.0,108047000.0,108047000.0,,108047000.0,939207000.0,1598551000.0,-1274000.0,,,476893000.0,939207000.0,659344000.0,3217000.0,,510927000.0,148417000.0,-4491000.0,143926000.0,1598551000.0,40809000.0,40809000.0,40809000.0
Big Lots Inc,BIG,,768835,2018.0,Q3,2018-08-05,2018-11-03,2019-12-11 16:09:52+00:00,-0.16,-0.16,0.3,31911000.0,-0.16,-6086000.0,-6556000.0,-6556000.0,,-6556000.0,690228000.0,1149402000.0,59000.0,0.0,,436826000.0,690228000.0,459174000.0,3138000.0,,468737000.0,-9563000.0,-3079000.0,-12642000.0,1149402000.0,41000000.0,40021000.0,40021000.0
Big Lots Inc,BIG,,768835,2018.0,Q3YTD,2018-02-04,2018-11-03,,1.17,1.17,0.9,90936000.0,1.17,14840000.0,48847000.0,48847000.0,,48847000.0,2177003000.0,3639554000.0,716000.0,,,1301523000.0,2177003000.0,1462551000.0,7121000.0,,1392459000.0,70092000.0,-6405000.0,63687000.0,3639554000.0,41000000.0,40021000.0,40021000.0
Big Lots Inc,BIG,,768835,2018.0,Q3TTM,2017-10-29,2018-11-03,,3.66,3.66,1.15,120540000.0,3.63,76276000.0,153675000.0,153675000.0,,153675000.0,3135573000.0,5280165000.0,1105000.0,,,1786079000.0,3135573000.0,2144592000.0,9127000.0,,1906619000.0,237973000.0,-8022000.0,229951000.0,5280165000.0,41000000.0,40021000.0,40021000.0
Big Lots Inc,BIG,,768835,2018.0,Q2,2018-05-06,2018-08-04,2019-09-11 16:09:24+00:00,0.59,0.59,0.3,30496000.0,0.59,7896000.0,24164000.0,24164000.0,,24164000.0,730750000.0,1222169000.0,149000.0,,,426605000.0,730750000.0,491419000.0,2407000.0,,457101000.0,34318000.0,-2258000.0,32060000.0,1222169000.0,41000000.0,41061000.0,41281000.0
Big Lots Inc,BIG,,768835,2018.0,Q2YTD,2018-02-04,2018-08-04,,1.33,1.33,0.6,59025000.0,1.33,20926000.0,55403000.0,55403000.0,,55403000.0,1486775000.0,2490152000.0,657000.0,,,864697000.0,1486775000.0,1003377000.0,3983000.0,,923722000.0,79655000.0,-3326000.0,76329000.0,2490152000.0,41000000.0,41061000.0,41281000.0
Big Lots Inc,BIG,,768835,2018.0,Q2TTM,2017-07-30,2018-08-04,,3.92,3.92,1.1,118137000.0,3.89,82122000.0,164603000.0,164603000.0,,164603000.0,3110903000.0,5239947000.0,1451000.0,,,1757567000.0,3110903000.0,2129044000.0,8066000.0,,1875704000.0,253340000.0,-6615000.0,246725000.0,5239947000.0,41000000.0,41061000.0,41281000.0
Big Lots Inc,BIG,,768835,2018.0,Q1,2018-02-04,2018-05-05,2019-06-12 16:08:55+00:00,0.74,0.74,0.3,28529000.0,0.74,13030000.0,31239000.0,31239000.0,,31239000.0,756025000.0,1267983000.0,508000.0,,,438092000.0,756025000.0,511958000.0,1576000.0,,466621000.0,45337000.0,-1068000.0,44269000.0,1267983000.0,42200000.0,42113000.0,42218000.0
Big Lots Inc,BIG,,768835,2018.0,Q1TTM,2017-04-30,2018-05-05,,4.01,4.01,1.05,117027000.0,3.97,91882000.0,169559000.0,169559000.0,,169559000.0,3107250000.0,5237375000.0,1737000.0,,,1746116000.0,3107250000.0,2130125000.0,7278000.0,,1863143000.0,266982000.0,-5541000.0,261441000.0,5237375000.0,42200000.0,42113000.0,42218000.0
Big Lots Inc,BIG,,768835,2019.0,Q4,2019-11-03,2020-02-01,,2.38,2.38,0.3,37409000.0,2.36,28362000.0,93764000.0,93764000.0,,93764000.0,972963000.0,1606982000.0,-250000.0,,,471064000.0,972963000.0,634019000.0,3170000.0,,508473000.0,125546000.0,-3420000.0,122126000.0,1606982000.0,39244000.0,39244000.0,39244000.0
Big Lots Inc,BIG,,768835,2019.0,FY,2019-02-03,2020-02-01,2020-03-31 16:05:20+00:00,6.18,6.18,1.2,134981000.0,6.16,75084000.0,242464000.0,242464000.0,,242464000.0,3208498000.0,5323180000.0,-451000.0,-178534000.0,,1823409000.0,3208498000.0,2114682000.0,16827000.0,,1779856000.0,334826000.0,-17278000.0,317548000.0,5323180000.0,39244000.0,39244000.0,39244000.0
Big Lots Inc,BIG,,768835,2019.0,Q3YTD,2019-02-03,2019-11-02,,3.8,3.8,0.9,97572000.0,3.8,46722000.0,148700000.0,148700000.0,,148700000.0,2235535000.0,3716198000.0,-201000.0,-178534000.0,,1352345000.0,2235535000.0,1480663000.0,13657000.0,,1271383000.0,209280000.0,-13858000.0,195422000.0,3716198000.0,39100000.0,39017000.0,39094000.0
Big Lots Inc,BIG,,768835,2019.0,Q3TTM,2018-11-04,2019-11-02,,6.47,6.47,1.2,131606000.0,6.46,82601000.0,256747000.0,256747000.0,,256747000.0,3174742000.0,5314749000.0,-1475000.0,-178534000.0,,1829238000.0,3174742000.0,2140007000.0,16874000.0,,1782310000.0,357697000.0,-18349000.0,339348000.0,5314749000.0,39100000.0,39017000.0,39094000.0
Big Lots Inc,BIG,,768835,2019.0,Q3,2019-08-04,2019-11-02,2019-12-11 16:09:52+00:00,3.25,3.25,0.3,34752000.0,3.25,37791000.0,126982000.0,126982000.0,,126982000.0,704602000.0,1167988000.0,-322000.0,-178534000.0,,436714000.0,704602000.0,463386000.0,5359000.0,,292932000.0,170454000.0,-5681000.0,164773000.0,1167988000.0,39100000.0,39017000.0,39094000.0
Big Lots Inc,BIG,,768835,2019.0,Q2YTD,2019-02-03,2019-08-03,,0.55,0.55,0.6,62820000.0,0.55,8931000.0,21718000.0,21718000.0,,21718000.0,1530933000.0,2548210000.0,121000.0,,,915631000.0,1530933000.0,1017277000.0,8298000.0,,978451000.0,38826000.0,-8177000.0,30649000.0,2548210000.0,38600000.0,39000000.0,39077000.0
Big Lots Inc,BIG,,768835,2019.0,Q2TTM,2018-08-05,2019-08-03,,3.06,3.06,1.2,128765000.0,3.05,38724000.0,123209000.0,123209000.0,,123209000.0,3160368000.0,5296163000.0,-1094000.0,,,1829350000.0,3160368000.0,2135795000.0,14653000.0,,1958115000.0,177680000.0,-15747000.0,161933000.0,5296163000.0,38600000.0,39000000.0,39077000.0
Big Lots Inc,BIG,,768835,2019.0,Q2,2019-05-05,2019-08-03,2019-09-11 16:09:24+00:00,0.16,0.16,0.3,30023000.0,0.16,1649000.0,6178000.0,6178000.0,,6178000.0,754184000.0,1252414000.0,-789000.0,,,455026000.0,754184000.0,498230000.0,4565000.0,,485049000.0,13181000.0,-5354000.0,7827000.0,1252414000.0,38600000.0,39000000.0,39077000.0
Big Lots Inc,BIG,,768835,2019.0,Q1,2019-02-03,2019-05-04,2020-06-10 16:21:02+00:00,0.39,0.39,0.3,32797000.0,0.39,7282000.0,15540000.0,15540000.0,,15540000.0,776749000.0,1295796000.0,910000.0,,,460605000.0,776749000.0,519047000.0,3733000.0,,493402000.0,25645000.0,-2823000.0,22822000.0,1295796000.0,39800000.0,39922000.0,40002000.0
Big Lots Inc,BIG,,768835,2019.0,Q1TTM,2018-05-06,2019-05-04,,3.49,3.49,1.2,129238000.0,3.48,44971000.0,141195000.0,141195000.0,,141195000.0,3136934000.0,5265918000.0,-156000.0,,,1800929000.0,3136934000.0,2128984000.0,12495000.0,,1930167000.0,198817000.0,-12651000.0,186166000.0,5265918000.0,39800000.0,39922000.0,40002000.0
Big Lots Inc,BIG,,768835,2020.0,Q1TTM,2019-05-05,2020-05-02,,7.05,7.05,1.2,139874000.0,7.03,86275000.0,276247000.0,276247000.0,,276247000.0,3300142000.0,5466533000.0,-4678000.0,-178534000.0,,1821435000.0,3300142000.0,2166391000.0,16416000.0,,1782775000.0,383616000.0,-21094000.0,362522000.0,5466533000.0,39100000.0,39129000.0,39240000.0
Big Lots Inc,BIG,,768835,2020.0,Q1,2020-02-02,2020-05-02,2020-06-10 16:21:02+00:00,1.26,1.26,0.3,37690000.0,1.26,18473000.0,49323000.0,49323000.0,,49323000.0,868393000.0,1439149000.0,-3317000.0,,,458631000.0,868393000.0,570756000.0,3322000.0,,496321000.0,74435000.0,-6639000.0,67796000.0,1439149000.0,39100000.0,39129000.0,39240000.0
