company_name,company_ticker,company_lei,company_cik,year,quarter,start_date,end_date,filing_date,basicdilutedeps,basiceps,cashdividendspershare,dilutedeps,incometaxexpense,netincome,netincomecontinuing,netincometocommon,netincometononcontrollinginterest,operatingcostofrevenue,operatingrevenue,othergains,otherincome,otheroperatingexpenses,rdexpense,restructuringcharge,sgaexpense,totalcostofrevenue,totalgrossprofit,totalinterestexpense,totalinterestincome,totaloperatingexpenses,totaloperatingincome,totalotherincome,totalpretaxincome,totalrevenue,weightedavebasicdilutedsharesos,weightedavebasicsharesos,weightedavedilutedsharesos
West Pharmaceutical Services Inc,WST,5493007NKRGM1RJQ1P16,105770,2008.0,FY,2008-01-01,2008-12-31,2011-02-28 17:27:31+00:00,2.65,2.65,0.58,2.5,23700000.0,86600000.0,86600000.0,86000000.0,600000.0,748500000.0,1051100000.0,800000.0,,,18700000.0,500000.0,159300000.0,748500000.0,302600000.0,16000000.0,1400000.0,178500000.0,124100000.0,-14600000.0,109500000.0,1051100000.0,32500000.0,32400000.0,36100000.0
West Pharmaceutical Services Inc,WST,5493007NKRGM1RJQ1P16,105770,2009.0,FY,2009-01-01,2009-12-31,2012-03-01 14:36:02+00:00,2.21,2.21,0.62,2.12,13500000.0,72600000.0,72600000.0,72600000.0,,752100000.0,1055700000.0,3000000.0,,,19900000.0,8500000.0,177700000.0,752100000.0,303600000.0,15200000.0,800000.0,206100000.0,97500000.0,-14400000.0,83100000.0,1055700000.0,32900000.0,32800000.0,36300000.0
West Pharmaceutical Services Inc,WST,5493007NKRGM1RJQ1P16,105770,2009.0,Q3,2009-07-01,2009-09-30,2010-11-05 14:01:10+00:00,0.52,0.52,,0.5,6000000.0,17200000.0,17200000.0,17200000.0,,187200000.0,258900000.0,800000.0,,,5100000.0,-3600000.0,44300000.0,187200000.0,71700000.0,3800000.0,300000.0,45800000.0,25900000.0,-3500000.0,22400000.0,258900000.0,33100000.0,32900000.0,36400000.0
West Pharmaceutical Services Inc,WST,5493007NKRGM1RJQ1P16,105770,2009.0,Q2,2009-04-01,2009-06-30,2010-08-05 13:09:35+00:00,0.6,0.6,0.15,0.57,6100000.0,19700000.0,19700000.0,19700000.0,,182300000.0,261000000.0,500000.0,,,4700000.0,200000.0,45100000.0,182300000.0,78700000.0,3500000.0,100000.0,50000000.0,28700000.0,-3400000.0,25300000.0,261000000.0,32800000.0,32800000.0,36200000.0
West Pharmaceutical Services Inc,WST,5493007NKRGM1RJQ1P16,105770,2010.0,Q4,2010-10-01,2010-12-31,,0.18,0.18,0.17,0.18,-3700000.0,6000000.0,6000000.0,6000000.0,,198800000.0,276800000.0,700000.0,,,6900000.0,14700000.0,50400000.0,198800000.0,78000000.0,4700000.0,300000.0,72000000.0,6000000.0,-4400000.0,1600000.0,276800000.0,33300000.0,33300000.0,36700000.0
West Pharmaceutical Services Inc,WST,5493007NKRGM1RJQ1P16,105770,2010.0,FY,2010-01-01,2010-12-31,2013-02-27 16:58:21+00:00,1.96,1.96,0.66,1.89,13600000.0,65300000.0,65300000.0,65300000.0,,786600000.0,1104700000.0,4400000.0,,,23900000.0,15800000.0,187700000.0,786600000.0,318100000.0,16800000.0,600000.0,227400000.0,90700000.0,-16200000.0,74500000.0,1104700000.0,33300000.0,33300000.0,36700000.0
West Pharmaceutical Services Inc,WST,5493007NKRGM1RJQ1P16,105770,2010.0,Q3YTD,2010-01-01,2010-09-30,,1.78,1.78,0.48,1.78,17300000.0,59300000.0,59300000.0,59300000.0,,587800000.0,827900000.0,3700000.0,,,17000000.0,1100000.0,137300000.0,587800000.0,240100000.0,12100000.0,300000.0,155400000.0,84700000.0,-11800000.0,72900000.0,827900000.0,33600000.0,33400000.0,36700000.0
West Pharmaceutical Services Inc,WST,5493007NKRGM1RJQ1P16,105770,2010.0,Q3,2010-07-01,2010-09-30,2011-11-07 10:54:13+00:00,0.53,0.53,0.0,0.51,4500000.0,17800000.0,17800000.0,17800000.0,,196700000.0,271400000.0,1100000.0,,,5900000.0,-1400000.0,44900000.0,196700000.0,74700000.0,4200000.0,100000.0,49400000.0,25300000.0,-4100000.0,21200000.0,271400000.0,33600000.0,33400000.0,36700000.0
West Pharmaceutical Services Inc,WST,5493007NKRGM1RJQ1P16,105770,2010.0,Q2YTD,2010-01-01,2010-06-30,,1.25,1.25,0.32,1.19,12800000.0,41500000.0,41500000.0,41500000.0,,391100000.0,556500000.0,2600000.0,,,11100000.0,2500000.0,92400000.0,391100000.0,165400000.0,7900000.0,200000.0,106000000.0,59400000.0,-7700000.0,51700000.0,556500000.0,33400000.0,33300000.0,36700000.0
West Pharmaceutical Services Inc,WST,5493007NKRGM1RJQ1P16,105770,2010.0,Q2,2010-04-01,2010-06-30,2011-08-08 14:55:56+00:00,0.65,0.65,0.16,0.62,6600000.0,21700000.0,21700000.0,21700000.0,,198600000.0,281800000.0,1600000.0,,,5700000.0,1200000.0,45800000.0,198600000.0,83200000.0,3900000.0,100000.0,52700000.0,30500000.0,-3800000.0,26700000.0,281800000.0,33400000.0,33300000.0,36700000.0
West Pharmaceutical Services Inc,WST,5493007NKRGM1RJQ1P16,105770,2010.0,Q1,2010-01-01,2010-03-31,2011-05-05 15:06:48+00:00,0.6,0.6,0.16,0.57,6200000.0,19800000.0,19800000.0,19800000.0,,192500000.0,274700000.0,1000000.0,,,5400000.0,1300000.0,46600000.0,192500000.0,82200000.0,4000000.0,100000.0,53300000.0,28900000.0,-3900000.0,25000000.0,274700000.0,33000000.0,33100000.0,36500000.0
West Pharmaceutical Services Inc,WST,5493007NKRGM1RJQ1P16,105770,2011.0,Q4,2011-10-01,2011-12-31,,0.28,0.28,0.09,0.28,5500000.0,18900000.0,18900000.0,18900000.0,,210100000.0,295400000.0,1500000.0,,,7200000.0,2800000.0,48400000.0,210100000.0,85300000.0,4400000.0,400000.0,58400000.0,26900000.0,-4000000.0,22900000.0,295400000.0,67400000.0,67300000.0,74000000.0
West Pharmaceutical Services Inc,WST,5493007NKRGM1RJQ1P16,105770,2011.0,FY,2011-01-01,2011-12-31,2014-02-27 15:10:33+00:00,1.12,1.12,0.35,1.08,23500000.0,75500000.0,75500000.0,75500000.0,,853000000.0,1192300000.0,6300000.0,,,29100000.0,9500000.0,191100000.0,853000000.0,339300000.0,18200000.0,1300000.0,229700000.0,109600000.0,-16900000.0,92700000.0,1192300000.0,67400000.0,67300000.0,74000000.0
West Pharmaceutical Services Inc,WST,5493007NKRGM1RJQ1P16,105770,2011.0,Q3TTM,2010-10-01,2011-09-30,,1.85,1.85,0.67,1.85,14300000.0,62600000.0,62600000.0,62600000.0,,841700000.0,1173700000.0,5500000.0,,,28800000.0,21400000.0,193100000.0,841700000.0,332000000.0,18500000.0,1200000.0,243300000.0,88700000.0,-17300000.0,71400000.0,1173700000.0,33800000.0,33800000.0,37000000.0
West Pharmaceutical Services Inc,WST,5493007NKRGM1RJQ1P16,105770,2011.0,Q3YTD,2011-01-01,2011-09-30,,1.67,1.67,0.51,1.67,18000000.0,56600000.0,56600000.0,56600000.0,,642900000.0,896900000.0,4800000.0,,,21900000.0,6700000.0,142700000.0,642900000.0,254000000.0,13800000.0,900000.0,171300000.0,82700000.0,-12900000.0,69800000.0,896900000.0,33800000.0,33800000.0,37000000.0
West Pharmaceutical Services Inc,WST,5493007NKRGM1RJQ1P16,105770,2011.0,Q3,2011-07-01,2011-09-30,2012-11-05 15:32:21+00:00,0.5,0.5,0.0,0.49,6600000.0,16900000.0,16900000.0,16900000.0,,212200000.0,293600000.0,1500000.0,,,7700000.0,1900000.0,45700000.0,212200000.0,81400000.0,4500000.0,400000.0,55300000.0,26100000.0,-4100000.0,22000000.0,293600000.0,33800000.0,33800000.0,37000000.0
West Pharmaceutical Services Inc,WST,5493007NKRGM1RJQ1P16,105770,2011.0,Q2TTM,2010-07-01,2011-06-30,,1.89,1.89,0.67,1.89,12200000.0,63500000.0,63500000.0,63500000.0,,826200000.0,1151500000.0,5100000.0,,,27000000.0,18100000.0,192300000.0,826200000.0,325300000.0,18200000.0,900000.0,237400000.0,87900000.0,-17300000.0,70600000.0,1151500000.0,33500000.0,33600000.0,37000000.0
West Pharmaceutical Services Inc,WST,5493007NKRGM1RJQ1P16,105770,2011.0,Q2YTD,2011-01-01,2011-06-30,,1.18,1.18,0.34,1.18,11400000.0,39700000.0,39700000.0,39700000.0,,430700000.0,603300000.0,3300000.0,,,14200000.0,4800000.0,97000000.0,430700000.0,172600000.0,9300000.0,500000.0,116000000.0,56600000.0,-8800000.0,47800000.0,603300000.0,33500000.0,33600000.0,37000000.0
West Pharmaceutical Services Inc,WST,5493007NKRGM1RJQ1P16,105770,2011.0,Q2,2011-04-01,2011-06-30,2012-08-06 16:54:10+00:00,0.6,0.6,0.17,0.57,5300000.0,20100000.0,20100000.0,20100000.0,,223300000.0,307900000.0,1900000.0,,,7300000.0,3100000.0,46400000.0,223300000.0,84600000.0,4600000.0,300000.0,56800000.0,27800000.0,-4300000.0,23500000.0,307900000.0,33500000.0,33600000.0,37000000.0
West Pharmaceutical Services Inc,WST,5493007NKRGM1RJQ1P16,105770,2011.0,Q1TTM,2010-04-01,2011-03-31,,1.95,1.95,0.65,1.95,13500000.0,65100000.0,65100000.0,65100000.0,,801500000.0,1125400000.0,4800000.0,,,25400000.0,16200000.0,191700000.0,801500000.0,323900000.0,17500000.0,700000.0,233300000.0,90600000.0,-16800000.0,73800000.0,1125400000.0,33200000.0,33400000.0,36800000.0
West Pharmaceutical Services Inc,WST,5493007NKRGM1RJQ1P16,105770,2011.0,Q1,2011-01-01,2011-03-31,2012-05-04 16:27:57+00:00,0.59,0.59,0.17,0.56,6100000.0,19600000.0,19600000.0,19600000.0,,207400000.0,295400000.0,1400000.0,,,6900000.0,1700000.0,50600000.0,207400000.0,88000000.0,4700000.0,200000.0,59200000.0,28800000.0,-4500000.0,24300000.0,295400000.0,33200000.0,33400000.0,36800000.0
West Pharmaceutical Services Inc,WST,5493007NKRGM1RJQ1P16,105770,2012.0,Q4,2012-10-01,2012-12-31,,0.31,0.31,0.1,0.31,7400000.0,21100000.0,21100000.0,21100000.0,,224000000.0,321500000.0,100000.0,,1300000.0,8500000.0,-2500000.0,58700000.0,224000000.0,97500000.0,3400000.0,300000.0,66000000.0,31500000.0,-3100000.0,28400000.0,321500000.0,67800000.0,68100000.0,71800000.0
West Pharmaceutical Services Inc,WST,5493007NKRGM1RJQ1P16,105770,2012.0,FY,2012-01-01,2012-12-31,2015-02-25 17:30:02+00:00,1.19,1.19,0.37,1.15,32700000.0,80700000.0,80700000.0,80700000.0,,878700000.0,1266400000.0,4800000.0,,1300000.0,33200000.0,,218100000.0,878700000.0,387700000.0,28300000.0,1800000.0,252600000.0,135100000.0,-26500000.0,108600000.0,1266400000.0,67800000.0,68100000.0,71800000.0
West Pharmaceutical Services Inc,WST,5493007NKRGM1RJQ1P16,105770,2012.0,Q3TTM,2011-10-01,2012-09-30,,1.15,1.15,0.36,1.15,30800000.0,78500000.0,78500000.0,78500000.0,,864800000.0,1240300000.0,6200000.0,,,31900000.0,5300000.0,207800000.0,864800000.0,375500000.0,29300000.0,1900000.0,245000000.0,130500000.0,-27400000.0,103100000.0,1240300000.0,67300000.0,68300000.0,69400000.0
West Pharmaceutical Services Inc,WST,5493007NKRGM1RJQ1P16,105770,2012.0,Q3YTD,2012-01-01,2012-09-30,,0.87,0.87,0.27,0.87,25300000.0,59600000.0,59600000.0,59600000.0,,654700000.0,944900000.0,4700000.0,,,24700000.0,2500000.0,159400000.0,654700000.0,290200000.0,24900000.0,1500000.0,186600000.0,103600000.0,-23400000.0,80200000.0,944900000.0,67300000.0,68300000.0,69400000.0
West Pharmaceutical Services Inc,WST,5493007NKRGM1RJQ1P16,105770,2012.0,Q3,2012-07-01,2012-09-30,2013-11-04 16:53:16+00:00,0.22,0.22,0.0,0.21,9000000.0,14800000.0,14800000.0,14800000.0,,213400000.0,303800000.0,1400000.0,,,8200000.0,2200000.0,53700000.0,213400000.0,90400000.0,4400000.0,500000.0,64100000.0,26300000.0,-3900000.0,22400000.0,303800000.0,67300000.0,68300000.0,69400000.0
West Pharmaceutical Services Inc,WST,5493007NKRGM1RJQ1P16,105770,2012.0,Q2TTM,2011-07-01,2012-06-30,,2.37,2.37,0.71,2.37,28400000.0,80600000.0,80600000.0,80600000.0,,863600000.0,1230100000.0,6300000.0,,,31400000.0,5000000.0,199800000.0,863600000.0,366500000.0,29400000.0,1800000.0,236200000.0,130300000.0,-27600000.0,102700000.0,1230100000.0,67800000.0,34000000.0,36600000.0
West Pharmaceutical Services Inc,WST,5493007NKRGM1RJQ1P16,105770,2012.0,Q2YTD,2012-01-01,2012-06-30,,1.32,1.32,0.36,1.32,16300000.0,44800000.0,44800000.0,44800000.0,,441300000.0,641100000.0,3300000.0,,,16500000.0,300000.0,105700000.0,441300000.0,199800000.0,20500000.0,1000000.0,122500000.0,77300000.0,-19500000.0,57800000.0,641100000.0,67800000.0,34000000.0,36600000.0
West Pharmaceutical Services Inc,WST,5493007NKRGM1RJQ1P16,105770,2012.0,Q2,2012-04-01,2012-06-30,2013-08-05 16:18:03+00:00,0.23,0.46,0.18,0.45,6500000.0,15600000.0,15600000.0,15600000.0,,226100000.0,324800000.0,2100000.0,,,8200000.0,500000.0,54400000.0,226100000.0,98700000.0,16200000.0,600000.0,63100000.0,35600000.0,-15600000.0,20000000.0,324800000.0,67800000.0,34000000.0,36600000.0
West Pharmaceutical Services Inc,WST,5493007NKRGM1RJQ1P16,105770,2012.0,Q1TTM,2011-04-01,2012-03-31,,2.51,2.51,0.71,2.51,27200000.0,85100000.0,85100000.0,85100000.0,,860800000.0,1213200000.0,6100000.0,,,30500000.0,7600000.0,191800000.0,860800000.0,352400000.0,17800000.0,1500000.0,229900000.0,122500000.0,-16300000.0,106200000.0,1213200000.0,34000000.0,33900000.0,37100000.0
West Pharmaceutical Services Inc,WST,5493007NKRGM1RJQ1P16,105770,2012.0,Q1,2012-01-01,2012-03-31,2013-05-06 14:42:44+00:00,0.86,0.86,0.18,0.81,9800000.0,29200000.0,29200000.0,29200000.0,,215200000.0,316300000.0,1200000.0,,,8300000.0,-200000.0,51300000.0,215200000.0,101100000.0,4300000.0,400000.0,59400000.0,41700000.0,-3900000.0,37800000.0,316300000.0,34000000.0,33900000.0,37100000.0
West Pharmaceutical Services Inc,WST,5493007NKRGM1RJQ1P16,105770,2013.0,FY,2013-01-01,2013-12-31,2016-02-26 17:40:44+00:00,1.61,1.61,0.39,1.57,40200000.0,112300000.0,112300000.0,112300000.0,,933700000.0,1368400000.0,5400000.0,,-500000.0,37900000.0,,234900000.0,933700000.0,434700000.0,17200000.0,1900000.0,272300000.0,162400000.0,-15300000.0,147100000.0,1368400000.0,69800000.0,69600000.0,71400000.0
West Pharmaceutical Services Inc,WST,5493007NKRGM1RJQ1P16,105770,2013.0,Q4,2013-10-01,2013-12-31,,0.34,0.34,0.1,0.34,10700000.0,23600000.0,23600000.0,23600000.0,,236100000.0,342700000.0,800000.0,,,9700000.0,,60000000.0,236100000.0,106600000.0,3900000.0,500000.0,69700000.0,36900000.0,-3400000.0,33500000.0,342700000.0,69800000.0,69600000.0,71400000.0
West Pharmaceutical Services Inc,WST,5493007NKRGM1RJQ1P16,105770,2013.0,Q3TTM,2012-10-01,2013-09-30,,1.57,1.57,0.38,1.57,36900000.0,109800000.0,109800000.0,109800000.0,,921600000.0,1347200000.0,4700000.0,,800000.0,36700000.0,-2500000.0,233600000.0,921600000.0,425600000.0,16700000.0,1700000.0,268600000.0,157000000.0,-15000000.0,142000000.0,1347200000.0,70500000.0,69800000.0,71400000.0
West Pharmaceutical Services Inc,WST,5493007NKRGM1RJQ1P16,105770,2013.0,Q3YTD,2013-01-01,2013-09-30,,1.27,1.27,0.28,1.27,29500000.0,88700000.0,88700000.0,88700000.0,,697600000.0,1025700000.0,4600000.0,,-500000.0,28200000.0,,174900000.0,697600000.0,328100000.0,13300000.0,1400000.0,202600000.0,125500000.0,-11900000.0,113600000.0,1025700000.0,70500000.0,69800000.0,71400000.0
West Pharmaceutical Services Inc,WST,5493007NKRGM1RJQ1P16,105770,2013.0,Q3,2013-07-01,2013-09-30,2014-11-03 17:08:52+00:00,0.38,0.38,0.1,0.37,10600000.0,26800000.0,26800000.0,26800000.0,,236300000.0,341800000.0,1700000.0,,100000.0,9600000.0,,56100000.0,236300000.0,105500000.0,4400000.0,400000.0,65800000.0,39700000.0,-4000000.0,35700000.0,341800000.0,70500000.0,69800000.0,71400000.0
West Pharmaceutical Services Inc,WST,5493007NKRGM1RJQ1P16,105770,2013.0,Q2TTM,2012-07-01,2013-06-30,,1.41,1.41,0.37,1.41,35300000.0,97800000.0,97800000.0,97800000.0,,898700000.0,1309200000.0,4400000.0,,700000.0,35300000.0,-300000.0,231200000.0,898700000.0,410500000.0,16700000.0,1800000.0,266900000.0,143600000.0,-14900000.0,128700000.0,1309200000.0,68600000.0,69500000.0,70800000.0
West Pharmaceutical Services Inc,WST,5493007NKRGM1RJQ1P16,105770,2013.0,Q2YTD,2013-01-01,2013-06-30,,0.89,0.89,0.19,0.89,18900000.0,61900000.0,61900000.0,61900000.0,,461300000.0,683900000.0,2900000.0,,-600000.0,18600000.0,,118800000.0,461300000.0,222600000.0,8900000.0,1000000.0,136800000.0,85800000.0,-7900000.0,77900000.0,683900000.0,68600000.0,69500000.0,70800000.0
West Pharmaceutical Services Inc,WST,5493007NKRGM1RJQ1P16,105770,2013.0,Q2,2013-04-01,2013-06-30,2014-08-01 16:40:34+00:00,0.44,0.44,0.1,0.43,10300000.0,30200000.0,30200000.0,30200000.0,,233600000.0,344500000.0,1700000.0,,-800000.0,9500000.0,,59700000.0,233600000.0,110900000.0,4100000.0,400000.0,68400000.0,42500000.0,-3700000.0,38800000.0,344500000.0,68600000.0,69500000.0,70800000.0
West Pharmaceutical Services Inc,WST,5493007NKRGM1RJQ1P16,105770,2013.0,Q1TTM,2012-04-01,2013-03-31,,1.21,1.21,0.37,1.21,31500000.0,83200000.0,83200000.0,83200000.0,,891200000.0,1289500000.0,4800000.0,,1500000.0,34000000.0,200000.0,225900000.0,891200000.0,398300000.0,28800000.0,2000000.0,261600000.0,136700000.0,-26800000.0,109900000.0,1289500000.0,68900000.0,69000000.0,70300000.0
West Pharmaceutical Services Inc,WST,5493007NKRGM1RJQ1P16,105770,2013.0,Q1,2013-01-01,2013-03-31,2014-05-08 11:54:44+00:00,0.46,0.46,0.1,0.45,8600000.0,31700000.0,31700000.0,31700000.0,,227700000.0,339400000.0,1200000.0,,200000.0,9100000.0,,59100000.0,227700000.0,111700000.0,4800000.0,600000.0,68400000.0,43300000.0,-4200000.0,39100000.0,339400000.0,68900000.0,69000000.0,70300000.0
West Pharmaceutical Services Inc,WST,5493007NKRGM1RJQ1P16,105770,2014.0,FY,2014-01-01,2014-12-31,2017-02-28 12:15:34+00:00,1.79,1.79,0.41,1.75,47200000.0,127100000.0,127100000.0,127100000.0,,973600000.0,1421400000.0,5300000.0,,-200000.0,37300000.0,,228700000.0,973600000.0,447800000.0,16500000.0,3500000.0,265800000.0,182000000.0,-13000000.0,169000000.0,1421400000.0,71000000.0,70900000.0,72800000.0
West Pharmaceutical Services Inc,WST,5493007NKRGM1RJQ1P16,105770,2014.0,Q4,2014-10-01,2014-12-31,,0.44,0.44,0.11,0.44,11700000.0,31400000.0,31400000.0,31400000.0,,240100000.0,349800000.0,1500000.0,,-1500000.0,7800000.0,,58800000.0,240100000.0,109700000.0,3800000.0,800000.0,65100000.0,44600000.0,-3000000.0,41600000.0,349800000.0,71000000.0,70900000.0,72800000.0
West Pharmaceutical Services Inc,WST,5493007NKRGM1RJQ1P16,105770,2014.0,Q3TTM,2013-10-01,2014-09-30,,1.68,1.68,0.4,1.68,46200000.0,119300000.0,119300000.0,119300000.0,,969600000.0,1414300000.0,4600000.0,,1300000.0,39200000.0,,229900000.0,969600000.0,444700000.0,16600000.0,3200000.0,270400000.0,174300000.0,-13400000.0,160900000.0,1414300000.0,70500000.0,71000000.0,72600000.0
West Pharmaceutical Services Inc,WST,5493007NKRGM1RJQ1P16,105770,2014.0,Q3,2014-07-01,2014-09-30,2015-11-02 17:10:52+00:00,0.44,0.44,0.11,0.43,11700000.0,31000000.0,31000000.0,31000000.0,,246000000.0,355900000.0,1400000.0,,300000.0,9600000.0,,56000000.0,246000000.0,109900000.0,4500000.0,1800000.0,65900000.0,44000000.0,-2700000.0,41300000.0,355900000.0,70500000.0,71000000.0,72600000.0
West Pharmaceutical Services Inc,WST,5493007NKRGM1RJQ1P16,105770,2014.0,Q3YTD,2014-01-01,2014-09-30,,1.35,1.35,0.3,1.35,35500000.0,95700000.0,95700000.0,95700000.0,,733500000.0,1071600000.0,3800000.0,,1300000.0,29500000.0,,169900000.0,733500000.0,338100000.0,12700000.0,2700000.0,200700000.0,137400000.0,-10000000.0,127400000.0,1071600000.0,70500000.0,71000000.0,72600000.0
West Pharmaceutical Services Inc,WST,5493007NKRGM1RJQ1P16,105770,2014.0,Q2TTM,2013-07-01,2014-06-30,,1.63,1.63,0.39,1.63,45100000.0,115100000.0,115100000.0,115100000.0,,959900000.0,1400200000.0,4900000.0,,1100000.0,39200000.0,,230000000.0,959900000.0,440300000.0,16500000.0,1800000.0,270300000.0,170000000.0,-14700000.0,155300000.0,1400200000.0,70900000.0,70800000.0,72400000.0
West Pharmaceutical Services Inc,WST,5493007NKRGM1RJQ1P16,105770,2014.0,Q2,2014-04-01,2014-06-30,2015-08-03 17:01:36+00:00,0.53,0.53,0.1,0.52,14000000.0,37600000.0,37600000.0,37600000.0,,247100000.0,368900000.0,1200000.0,,300000.0,9900000.0,,57500000.0,247100000.0,121800000.0,4200000.0,500000.0,67700000.0,54100000.0,-3700000.0,50400000.0,368900000.0,70900000.0,70800000.0,72400000.0
West Pharmaceutical Services Inc,WST,5493007NKRGM1RJQ1P16,105770,2014.0,Q2YTD,2014-01-01,2014-06-30,,0.91,0.91,0.2,0.91,23800000.0,64700000.0,64700000.0,64700000.0,,487500000.0,715700000.0,2400000.0,,1000000.0,19900000.0,,113900000.0,487500000.0,228200000.0,8200000.0,900000.0,134800000.0,93400000.0,-7300000.0,86100000.0,715700000.0,70900000.0,70800000.0,72400000.0
West Pharmaceutical Services Inc,WST,5493007NKRGM1RJQ1P16,105770,2014.0,Q1TTM,2013-04-01,2014-03-31,,1.53,1.53,0.39,1.53,41400000.0,107700000.0,107700000.0,107700000.0,,946400000.0,1375800000.0,5400000.0,,,38800000.0,,232200000.0,946400000.0,429400000.0,16400000.0,1700000.0,271000000.0,158400000.0,-14700000.0,143700000.0,1375800000.0,71300000.0,70600000.0,72300000.0
West Pharmaceutical Services Inc,WST,5493007NKRGM1RJQ1P16,105770,2014.0,Q1,2014-01-01,2014-03-31,2015-05-06 16:40:38+00:00,0.38,0.38,0.1,0.38,9800000.0,27100000.0,27100000.0,27100000.0,,240400000.0,346800000.0,1200000.0,,700000.0,10000000.0,,56400000.0,240400000.0,106400000.0,4000000.0,400000.0,67100000.0,39300000.0,-3600000.0,35700000.0,346800000.0,71300000.0,70600000.0,72300000.0
West Pharmaceutical Services Inc,WST,5493007NKRGM1RJQ1P16,105770,2015.0,FY,2015-01-01,2015-12-31,2018-02-26 17:13:48+00:00,1.33,1.33,0.46,1.3,26300000.0,95600000.0,95600000.0,95600000.0,,944000000.0,1399800000.0,5800000.0,,60100000.0,34100000.0,,233000000.0,944000000.0,455800000.0,14100000.0,1600000.0,327200000.0,128600000.0,-12500000.0,116100000.0,1399800000.0,71900000.0,72000000.0,73800000.0
West Pharmaceutical Services Inc,WST,5493007NKRGM1RJQ1P16,105770,2015.0,Q4,2015-10-01,2015-12-31,,0.46,0.46,0.12,0.45,11200000.0,33400000.0,33400000.0,33400000.0,,240100000.0,359700000.0,2000000.0,,2000000.0,10000000.0,,62400000.0,240100000.0,119600000.0,2900000.0,300000.0,74400000.0,45200000.0,-2600000.0,42600000.0,359700000.0,71900000.0,72000000.0,73800000.0
West Pharmaceutical Services Inc,WST,5493007NKRGM1RJQ1P16,105770,2015.0,Q3,2015-07-01,2015-09-30,2016-10-31 14:19:16+00:00,0.02,0.02,0.12,0.02,-6600000.0,1500000.0,1500000.0,1500000.0,,236200000.0,344500000.0,1600000.0,,48700000.0,8500000.0,,54600000.0,236200000.0,108300000.0,3700000.0,500000.0,111800000.0,-3500000.0,-3200000.0,-6700000.0,344500000.0,75000000.0,72200000.0,73900000.0
West Pharmaceutical Services Inc,WST,5493007NKRGM1RJQ1P16,105770,2015.0,Q3YTD,2015-01-01,2015-09-30,,0.86,0.86,0.33,0.86,15100000.0,62200000.0,62200000.0,62200000.0,,703900000.0,1040100000.0,3800000.0,,58100000.0,24100000.0,,170600000.0,703900000.0,336200000.0,11200000.0,1300000.0,252800000.0,83400000.0,-9900000.0,73500000.0,1040100000.0,75000000.0,72200000.0,73900000.0
West Pharmaceutical Services Inc,WST,5493007NKRGM1RJQ1P16,105770,2015.0,Q3TTM,2014-10-01,2015-09-30,,1.3,1.3,0.44,1.3,26800000.0,93600000.0,93600000.0,93600000.0,,944000000.0,1389900000.0,5300000.0,,56600000.0,31900000.0,,229400000.0,944000000.0,445900000.0,15000000.0,2100000.0,317900000.0,128000000.0,-12900000.0,115100000.0,1389900000.0,75000000.0,72200000.0,73900000.0
West Pharmaceutical Services Inc,WST,5493007NKRGM1RJQ1P16,105770,2015.0,Q2,2015-04-01,2015-06-30,2016-08-01 17:06:32+00:00,0.39,0.39,0.11,0.38,9200000.0,27800000.0,27800000.0,27800000.0,,241500000.0,359700000.0,900000.0,,10200000.0,8100000.0,,60800000.0,241500000.0,118200000.0,3400000.0,400000.0,79100000.0,39100000.0,-3000000.0,36100000.0,359700000.0,71300000.0,72000000.0,73700000.0
West Pharmaceutical Services Inc,WST,5493007NKRGM1RJQ1P16,105770,2015.0,Q2YTD,2015-01-01,2015-06-30,,0.84,0.84,0.22,0.84,21700000.0,60700000.0,60700000.0,60700000.0,,467700000.0,695600000.0,2200000.0,,9400000.0,15600000.0,,116000000.0,467700000.0,227900000.0,7500000.0,800000.0,141000000.0,86900000.0,-6700000.0,80200000.0,695600000.0,71300000.0,72000000.0,73700000.0
West Pharmaceutical Services Inc,WST,5493007NKRGM1RJQ1P16,105770,2015.0,Q2TTM,2014-07-01,2015-06-30,,1.71,1.71,0.43,1.71,45100000.0,123100000.0,123100000.0,123100000.0,,953800000.0,1401300000.0,5100000.0,,8200000.0,33000000.0,,230800000.0,953800000.0,447500000.0,15800000.0,3400000.0,272000000.0,175500000.0,-12400000.0,163100000.0,1401300000.0,71300000.0,72000000.0,73700000.0
West Pharmaceutical Services Inc,WST,5493007NKRGM1RJQ1P16,105770,2015.0,Q1,2015-01-01,2015-03-31,2016-05-06 15:25:12+00:00,0.46,0.46,0.11,0.45,12500000.0,32900000.0,32900000.0,32900000.0,,226200000.0,335900000.0,1300000.0,,-800000.0,7500000.0,,55200000.0,226200000.0,109700000.0,4100000.0,400000.0,61900000.0,47800000.0,-3700000.0,44100000.0,335900000.0,71500000.0,71700000.0,73300000.0
West Pharmaceutical Services Inc,WST,5493007NKRGM1RJQ1P16,105770,2015.0,Q1TTM,2014-04-01,2015-03-31,,1.85,1.85,0.42,1.85,49900000.0,132900000.0,132900000.0,132900000.0,,959400000.0,1410500000.0,5400000.0,,-1700000.0,34800000.0,,227500000.0,959400000.0,451100000.0,16600000.0,3500000.0,260600000.0,190500000.0,-13100000.0,177400000.0,1410500000.0,71500000.0,71700000.0,73300000.0
West Pharmaceutical Services Inc,WST,5493007NKRGM1RJQ1P16,105770,2016.0,FY,2016-01-01,2016-12-31,2019-02-27 17:33:18+00:00,1.96,1.96,0.5,1.91,54400000.0,143600000.0,143600000.0,143600000.0,,1007700000.0,1509100000.0,8200000.0,1600000.0,29800000.0,36800000.0,,239600000.0,1007700000.0,501400000.0,8100000.0,1100000.0,306200000.0,195200000.0,-5400000.0,189800000.0,1509100000.0,73300000.0,73300000.0,75000000.0
West Pharmaceutical Services Inc,WST,5493007NKRGM1RJQ1P16,105770,2016.0,Q4,2016-10-01,2016-12-31,,0.53,0.53,0.13,0.51,16100000.0,39200000.0,39200000.0,39200000.0,,258600000.0,382300000.0,2100000.0,1600000.0,700000.0,9600000.0,,60700000.0,258600000.0,123700000.0,1400000.0,300000.0,71000000.0,52700000.0,500000.0,53200000.0,382300000.0,73300000.0,73300000.0,75000000.0
West Pharmaceutical Services Inc,WST,5493007NKRGM1RJQ1P16,105770,2016.0,Q3,2016-07-01,2016-09-30,2017-10-31 16:04:04+00:00,0.51,0.51,0.13,0.5,14400000.0,37600000.0,37600000.0,37600000.0,,255600000.0,376700000.0,2700000.0,,2500000.0,9000000.0,,58300000.0,255600000.0,121100000.0,2200000.0,200000.0,69800000.0,51300000.0,-2000000.0,49300000.0,376700000.0,73700000.0,73300000.0,75000000.0
West Pharmaceutical Services Inc,WST,5493007NKRGM1RJQ1P16,105770,2016.0,Q3YTD,2016-01-01,2016-09-30,,1.43,1.43,0.37,1.4,38300000.0,104400000.0,104400000.0,104400000.0,,749100000.0,1126800000.0,6100000.0,,29100000.0,27200000.0,,178900000.0,749100000.0,377700000.0,6700000.0,800000.0,235200000.0,142500000.0,-5900000.0,136600000.0,1126800000.0,73700000.0,73300000.0,75000000.0
West Pharmaceutical Services Inc,WST,5493007NKRGM1RJQ1P16,105770,2016.0,Q3TTM,2015-10-01,2016-09-30,,1.89,1.89,0.49,1.85,49500000.0,137800000.0,137800000.0,137800000.0,,989200000.0,1486500000.0,8100000.0,,31100000.0,37200000.0,,241300000.0,989200000.0,497300000.0,9600000.0,1100000.0,309600000.0,187700000.0,-8500000.0,179200000.0,1486500000.0,73700000.0,73300000.0,75000000.0
West Pharmaceutical Services Inc,WST,5493007NKRGM1RJQ1P16,105770,2016.0,Q2,2016-04-01,2016-06-30,2017-08-01 15:02:55+00:00,0.61,0.61,0.12,0.6,17000000.0,44700000.0,44700000.0,44700000.0,,254700000.0,388000000.0,2200000.0,,800000.0,8800000.0,,62500000.0,254700000.0,133300000.0,2000000.0,300000.0,72100000.0,61200000.0,-1700000.0,59500000.0,388000000.0,73300000.0,73300000.0,74800000.0
West Pharmaceutical Services Inc,WST,5493007NKRGM1RJQ1P16,105770,2016.0,Q2YTD,2016-01-01,2016-06-30,,0.92,0.92,0.24,0.9,23900000.0,66800000.0,66800000.0,66800000.0,,493500000.0,750100000.0,3400000.0,,26600000.0,18200000.0,,120600000.0,493500000.0,256600000.0,4500000.0,600000.0,165400000.0,91200000.0,-3900000.0,87300000.0,750100000.0,73300000.0,73300000.0,74800000.0
West Pharmaceutical Services Inc,WST,5493007NKRGM1RJQ1P16,105770,2016.0,Q2TTM,2015-07-01,2016-06-30,,1.39,1.39,0.47,1.39,28500000.0,101700000.0,101700000.0,101700000.0,,969800000.0,1454300000.0,7000000.0,,77300000.0,36700000.0,,237600000.0,969800000.0,484500000.0,11100000.0,1400000.0,351600000.0,132900000.0,-9700000.0,123200000.0,1454300000.0,73300000.0,73300000.0,74800000.0
West Pharmaceutical Services Inc,WST,5493007NKRGM1RJQ1P16,105770,2016.0,Q1,2016-01-01,2016-03-31,2017-05-05 15:44:55+00:00,0.31,0.31,0.12,0.3,6900000.0,22100000.0,22100000.0,22100000.0,,238800000.0,362100000.0,1200000.0,,25800000.0,9400000.0,,58100000.0,238800000.0,123300000.0,2500000.0,300000.0,93300000.0,30000000.0,-2200000.0,27800000.0,362100000.0,71300000.0,72500000.0,74100000.0
West Pharmaceutical Services Inc,WST,5493007NKRGM1RJQ1P16,105770,2016.0,Q1TTM,2015-04-01,2016-03-31,,1.17,1.17,0.46,1.17,20700000.0,84800000.0,84800000.0,84800000.0,,956600000.0,1426000000.0,5700000.0,,86700000.0,36000000.0,,235900000.0,956600000.0,469400000.0,12500000.0,1500000.0,358600000.0,110800000.0,-11000000.0,99800000.0,1426000000.0,71300000.0,72500000.0,74100000.0
West Pharmaceutical Services Inc,WST,5493007NKRGM1RJQ1P16,105770,2017.0,FY,2017-01-01,2017-12-31,2020-02-21 18:56:52+00:00,2.04,2.04,0.54,1.99,80900000.0,150700000.0,150700000.0,150700000.0,,1086200000.0,1599100000.0,9200000.0,3100000.0,2000000.0,39100000.0,,246000000.0,1086200000.0,512900000.0,7800000.0,1300000.0,287100000.0,225800000.0,-3400000.0,222400000.0,1599100000.0,73900000.0,73900000.0,75800000.0
West Pharmaceutical Services Inc,WST,5493007NKRGM1RJQ1P16,105770,2017.0,Q4,2017-10-01,2017-12-31,,-0.01,-0.01,0.14,-0.01,61800000.0,,,,,287000000.0,415600000.0,2500000.0,600000.0,-1100000.0,9700000.0,,59600000.0,287000000.0,128600000.0,2100000.0,400000.0,68200000.0,60400000.0,-1100000.0,59300000.0,415600000.0,73900000.0,73900000.0,75800000.0
West Pharmaceutical Services Inc,WST,5493007NKRGM1RJQ1P16,105770,2017.0,Q3,2017-07-01,2017-09-30,2018-10-30 17:03:08+00:00,0.69,0.69,0.14,0.67,14000000.0,51000000.0,51000000.0,51000000.0,,273100000.0,398200000.0,2100000.0,1100000.0,-9500000.0,9100000.0,,62600000.0,273100000.0,125100000.0,1400000.0,300000.0,62200000.0,62900000.0,,62900000.0,398200000.0,73900000.0,74200000.0,75900000.0
West Pharmaceutical Services Inc,WST,5493007NKRGM1RJQ1P16,105770,2017.0,Q3YTD,2017-01-01,2017-09-30,,2.05,2.05,0.4,1.99,19100000.0,150700000.0,150700000.0,150700000.0,,799200000.0,1183500000.0,6700000.0,2500000.0,3100000.0,29400000.0,,186400000.0,799200000.0,384300000.0,5700000.0,900000.0,218900000.0,165400000.0,-2300000.0,163100000.0,1183500000.0,73900000.0,74200000.0,75900000.0
West Pharmaceutical Services Inc,WST,5493007NKRGM1RJQ1P16,105770,2017.0,Q3TTM,2016-10-01,2017-09-30,,2.58,2.58,0.53,2.5,35200000.0,189900000.0,189900000.0,189900000.0,,1057800000.0,1565800000.0,8800000.0,4100000.0,3800000.0,39000000.0,,247100000.0,1057800000.0,508000000.0,7100000.0,1200000.0,289900000.0,218100000.0,-1800000.0,216300000.0,1565800000.0,73900000.0,74200000.0,75900000.0
West Pharmaceutical Services Inc,WST,5493007NKRGM1RJQ1P16,105770,2017.0,Q2,2017-04-01,2017-06-30,2018-07-31 16:44:31+00:00,0.53,0.53,0.13,0.51,2900000.0,38800000.0,38800000.0,38800000.0,,272600000.0,397600000.0,1000000.0,600000.0,11700000.0,10000000.0,,61300000.0,272600000.0,125000000.0,2200000.0,300000.0,83000000.0,42000000.0,-1300000.0,40700000.0,397600000.0,73200000.0,73900000.0,75800000.0
West Pharmaceutical Services Inc,WST,5493007NKRGM1RJQ1P16,105770,2017.0,Q2YTD,2017-01-01,2017-06-30,,1.36,1.36,0.26,1.32,5100000.0,99700000.0,99700000.0,99700000.0,,526100000.0,785300000.0,4600000.0,1400000.0,12600000.0,20300000.0,,123800000.0,526100000.0,259200000.0,4300000.0,600000.0,156700000.0,102500000.0,-2300000.0,100200000.0,785300000.0,73200000.0,73900000.0,75800000.0
West Pharmaceutical Services Inc,WST,5493007NKRGM1RJQ1P16,105770,2017.0,Q2TTM,2016-07-01,2017-06-30,,2.4,2.4,0.52,2.33,35600000.0,176500000.0,176500000.0,176500000.0,,1040300000.0,1544300000.0,9400000.0,3000000.0,15800000.0,38900000.0,,242800000.0,1040300000.0,504000000.0,7900000.0,1100000.0,297500000.0,206500000.0,-3800000.0,202700000.0,1544300000.0,73200000.0,73900000.0,75800000.0
West Pharmaceutical Services Inc,WST,5493007NKRGM1RJQ1P16,105770,2017.0,Q1,2017-01-01,2017-03-31,2018-05-08 16:58:24+00:00,0.83,0.83,0.13,0.81,2200000.0,60900000.0,60900000.0,60900000.0,,253500000.0,387700000.0,3600000.0,800000.0,900000.0,10300000.0,,62500000.0,253500000.0,134200000.0,2100000.0,300000.0,73700000.0,60500000.0,-1000000.0,59500000.0,387700000.0,73400000.0,73300000.0,74900000.0
West Pharmaceutical Services Inc,WST,5493007NKRGM1RJQ1P16,105770,2017.0,Q1TTM,2016-04-01,2017-03-31,,2.48,2.48,0.51,2.42,49700000.0,182400000.0,182400000.0,182400000.0,,1022400000.0,1534700000.0,10600000.0,2400000.0,4900000.0,37700000.0,,244000000.0,1022400000.0,512300000.0,7700000.0,1100000.0,286600000.0,225700000.0,-4200000.0,221500000.0,1534700000.0,73400000.0,73300000.0,74900000.0
West Pharmaceutical Services Inc,WST,5493007NKRGM1RJQ1P16,105770,2018.0,FY,2018-01-01,2018-12-31,2020-02-21 18:56:52+00:00,2.8,2.8,0.58,2.74,41400000.0,206900000.0,206900000.0,206900000.0,,1172000000.0,1717400000.0,7600000.0,6700000.0,1900000.0,40300000.0,,262900000.0,1172000000.0,545400000.0,8400000.0,2100000.0,305100000.0,240300000.0,400000.0,240700000.0,1717400000.0,73900000.0,73900000.0,75400000.0
West Pharmaceutical Services Inc,WST,5493007NKRGM1RJQ1P16,105770,2018.0,Q4,2018-10-01,2018-12-31,,0.7,0.7,0.15,0.68,14900000.0,52000000.0,52000000.0,52000000.0,,289300000.0,422500000.0,1100000.0,1600000.0,-2100000.0,9800000.0,,59700000.0,289300000.0,133200000.0,2300000.0,700000.0,67400000.0,65800000.0,,65800000.0,422500000.0,73900000.0,73900000.0,75400000.0
West Pharmaceutical Services Inc,WST,5493007NKRGM1RJQ1P16,105770,2018.0,Q3,2018-07-01,2018-09-30,2019-10-28 18:56:03+00:00,0.75,0.75,0.15,0.73,8000000.0,55200000.0,55200000.0,55200000.0,,296100000.0,431700000.0,2100000.0,1800000.0,-200000.0,10100000.0,,64900000.0,296100000.0,135600000.0,2000000.0,500000.0,74800000.0,60800000.0,300000.0,61100000.0,431700000.0,73600000.0,73900000.0,75700000.0
West Pharmaceutical Services Inc,WST,5493007NKRGM1RJQ1P16,105770,2018.0,Q3YTD,2018-01-01,2018-09-30,,2.1,2.1,0.43,2.06,26500000.0,154900000.0,154900000.0,154900000.0,,882700000.0,1294900000.0,6500000.0,5100000.0,4000000.0,30500000.0,,203200000.0,882700000.0,412200000.0,6100000.0,1400000.0,237700000.0,174500000.0,400000.0,174900000.0,1294900000.0,73600000.0,73900000.0,75700000.0
West Pharmaceutical Services Inc,WST,5493007NKRGM1RJQ1P16,105770,2018.0,Q3TTM,2017-10-01,2018-09-30,,2.09,2.09,0.57,2.06,88300000.0,154900000.0,154900000.0,154900000.0,,1169700000.0,1710500000.0,9000000.0,5700000.0,2900000.0,40200000.0,,262800000.0,1169700000.0,540800000.0,8200000.0,1800000.0,305900000.0,234900000.0,-700000.0,234200000.0,1710500000.0,73600000.0,73900000.0,75700000.0
West Pharmaceutical Services Inc,WST,5493007NKRGM1RJQ1P16,105770,2018.0,Q2,2018-04-01,2018-06-30,2019-07-29 16:48:30+00:00,0.76,0.76,0.14,0.75,6000000.0,56100000.0,56100000.0,56100000.0,,305300000.0,447500000.0,2000000.0,1700000.0,1100000.0,10800000.0,,70000000.0,305300000.0,142200000.0,2200000.0,300000.0,81900000.0,60300000.0,-200000.0,60100000.0,447500000.0,73800000.0,73600000.0,75000000.0
West Pharmaceutical Services Inc,WST,5493007NKRGM1RJQ1P16,105770,2018.0,Q2YTD,2018-01-01,2018-06-30,,1.35,1.35,0.28,1.33,18500000.0,99700000.0,99700000.0,99700000.0,,586600000.0,863200000.0,4400000.0,3300000.0,4200000.0,20400000.0,,138300000.0,586600000.0,276600000.0,4100000.0,900000.0,162900000.0,113700000.0,100000.0,113800000.0,863200000.0,73800000.0,73600000.0,75000000.0
West Pharmaceutical Services Inc,WST,5493007NKRGM1RJQ1P16,105770,2018.0,Q2TTM,2017-07-01,2018-06-30,,2.03,2.03,0.56,2.0,94300000.0,150700000.0,150700000.0,150700000.0,,1146700000.0,1677000000.0,9000000.0,5000000.0,-6400000.0,39200000.0,,260500000.0,1146700000.0,530300000.0,7600000.0,1600000.0,293300000.0,237000000.0,-1000000.0,236000000.0,1677000000.0,73800000.0,73600000.0,75000000.0
West Pharmaceutical Services Inc,WST,5493007NKRGM1RJQ1P16,105770,2018.0,Q1,2018-01-01,2018-03-31,2019-05-08 16:55:06+00:00,0.59,0.59,0.14,0.58,12500000.0,43600000.0,43600000.0,43600000.0,,281300000.0,415700000.0,2400000.0,1600000.0,3100000.0,9600000.0,,68300000.0,281300000.0,134400000.0,1900000.0,600000.0,81000000.0,53400000.0,300000.0,53700000.0,415700000.0,73900000.0,73900000.0,75500000.0
West Pharmaceutical Services Inc,WST,5493007NKRGM1RJQ1P16,105770,2018.0,Q1TTM,2017-04-01,2018-03-31,,1.8,1.8,0.55,1.76,91200000.0,133400000.0,133400000.0,133400000.0,,1114000000.0,1627100000.0,8000000.0,3900000.0,4200000.0,38400000.0,,251800000.0,1114000000.0,513100000.0,7600000.0,1600000.0,294400000.0,218700000.0,-2100000.0,216600000.0,1627100000.0,73900000.0,73900000.0,75500000.0
West Pharmaceutical Services Inc,WST,5493007NKRGM1RJQ1P16,105770,2019.0,Q4,2019-10-01,2019-12-31,,0.86,0.86,0.16,0.85,16500000.0,63900000.0,63900000.0,63900000.0,,317400000.0,470600000.0,3000000.0,100000.0,-4100000.0,10200000.0,,69000000.0,317400000.0,153200000.0,2100000.0,1300000.0,75100000.0,78100000.0,-700000.0,77400000.0,470600000.0,73900000.0,74000000.0,75400000.0
West Pharmaceutical Services Inc,WST,5493007NKRGM1RJQ1P16,105770,2019.0,FY,2019-01-01,2019-12-31,2020-02-21 18:56:52+00:00,3.27,3.27,0.62,3.21,59000000.0,241700000.0,241700000.0,241700000.0,,1234200000.0,1839900000.0,8900000.0,-100000.0,-2500000.0,38900000.0,,272700000.0,1234200000.0,605700000.0,8500000.0,3800000.0,309100000.0,296600000.0,-4800000.0,291800000.0,1839900000.0,73900000.0,74000000.0,75400000.0
West Pharmaceutical Services Inc,WST,5493007NKRGM1RJQ1P16,105770,2019.0,Q3YTD,2019-01-01,2019-09-30,,2.41,2.41,0.46,2.36,42500000.0,177800000.0,177800000.0,177800000.0,,916800000.0,1369300000.0,5900000.0,-200000.0,1600000.0,28700000.0,,203700000.0,916800000.0,452500000.0,6400000.0,2500000.0,234000000.0,218500000.0,-4100000.0,214400000.0,1369300000.0,74100000.0,74000000.0,75500000.0
West Pharmaceutical Services Inc,WST,5493007NKRGM1RJQ1P16,105770,2019.0,Q3TTM,2018-10-01,2019-09-30,,3.11,3.11,0.61,3.04,57400000.0,229800000.0,229800000.0,229800000.0,,1206100000.0,1791800000.0,7000000.0,1400000.0,-500000.0,38500000.0,,263400000.0,1206100000.0,585700000.0,8700000.0,3200000.0,301400000.0,284300000.0,-4100000.0,280200000.0,1791800000.0,74100000.0,74000000.0,75500000.0
West Pharmaceutical Services Inc,WST,5493007NKRGM1RJQ1P16,105770,2019.0,Q3,2019-07-01,2019-09-30,2019-10-28 18:56:03+00:00,0.76,0.76,0.16,0.75,10900000.0,56300000.0,56300000.0,56300000.0,,308300000.0,456100000.0,2300000.0,-1300000.0,6400000.0,9300000.0,,64800000.0,308300000.0,147800000.0,2100000.0,1000000.0,80500000.0,67300000.0,-2400000.0,64900000.0,456100000.0,74100000.0,74000000.0,75500000.0
West Pharmaceutical Services Inc,WST,5493007NKRGM1RJQ1P16,105770,2019.0,Q2YTD,2019-01-01,2019-06-30,,1.65,1.65,0.3,1.61,31600000.0,121500000.0,121500000.0,121500000.0,,608500000.0,913200000.0,3600000.0,1100000.0,-4800000.0,19400000.0,,138900000.0,608500000.0,304700000.0,4300000.0,1500000.0,153500000.0,151200000.0,-1700000.0,149500000.0,913200000.0,73400000.0,73700000.0,75100000.0
West Pharmaceutical Services Inc,WST,5493007NKRGM1RJQ1P16,105770,2019.0,Q2TTM,2018-07-01,2019-06-30,,3.1,3.1,0.6,3.02,54500000.0,228700000.0,228700000.0,228700000.0,,1193900000.0,1767400000.0,6800000.0,4500000.0,-7100000.0,39300000.0,,263500000.0,1193900000.0,573500000.0,8600000.0,2700000.0,295700000.0,277800000.0,-1400000.0,276400000.0,1767400000.0,73400000.0,73700000.0,75100000.0
West Pharmaceutical Services Inc,WST,5493007NKRGM1RJQ1P16,105770,2019.0,Q2,2019-04-01,2019-06-30,2019-07-29 16:48:30+00:00,0.9,0.9,0.15,0.88,15500000.0,66100000.0,66100000.0,66100000.0,,311800000.0,469700000.0,2000000.0,500000.0,-2500000.0,9600000.0,,70300000.0,311800000.0,157900000.0,2000000.0,600000.0,77400000.0,80500000.0,-900000.0,79600000.0,469700000.0,73400000.0,73700000.0,75100000.0
West Pharmaceutical Services Inc,WST,5493007NKRGM1RJQ1P16,105770,2019.0,Q1,2019-01-01,2019-03-31,2020-04-24 16:04:57+00:00,0.75,0.75,0.15,0.73,16100000.0,55400000.0,55400000.0,55400000.0,,296700000.0,443500000.0,1600000.0,600000.0,-2300000.0,9800000.0,,68600000.0,296700000.0,146800000.0,2300000.0,900000.0,76100000.0,70700000.0,-800000.0,69900000.0,443500000.0,73900000.0,74100000.0,75300000.0
West Pharmaceutical Services Inc,WST,5493007NKRGM1RJQ1P16,105770,2019.0,Q1TTM,2018-04-01,2019-03-31,,2.96,2.96,0.59,2.89,45000000.0,218700000.0,218700000.0,218700000.0,,1187400000.0,1745200000.0,6800000.0,5700000.0,-3500000.0,40500000.0,,263200000.0,1187400000.0,557800000.0,8800000.0,2400000.0,300200000.0,257600000.0,-700000.0,256900000.0,1745200000.0,73900000.0,74100000.0,75300000.0
West Pharmaceutical Services Inc,WST,5493007NKRGM1RJQ1P16,105770,2020.0,Q1TTM,2019-04-01,2020-03-31,,3.53,3.53,0.63,3.47,57900000.0,260600000.0,260600000.0,260600000.0,,1262000000.0,1887900000.0,10100000.0,-1000000.0,-3700000.0,39800000.0,,275900000.0,1262000000.0,625900000.0,8200000.0,3700000.0,312000000.0,313900000.0,-5500000.0,308400000.0,1887900000.0,73600000.0,73900000.0,75500000.0
West Pharmaceutical Services Inc,WST,5493007NKRGM1RJQ1P16,105770,2020.0,Q1,2020-01-01,2020-03-31,2020-04-24 16:04:57+00:00,1.01,1.01,0.16,0.99,15000000.0,74300000.0,74300000.0,74300000.0,,324500000.0,491500000.0,2800000.0,-300000.0,-3500000.0,10700000.0,,71800000.0,324500000.0,167000000.0,2000000.0,800000.0,79000000.0,88000000.0,-1500000.0,86500000.0,491500000.0,73600000.0,73900000.0,75500000.0
