company_name,company_ticker,company_lei,company_cik,year,quarter,start_date,end_date,filing_date,amortizationexpense,basicdilutedeps,basiceps,depreciationexpense,dilutedeps,impairmentexpense,incometaxexpense,netincome,netincomecontinuing,netincometocommon,netincometononcontrollinginterest,operatingcostofrevenue,operatingrevenue,otherincome,otheroperatingexpenses,otherspecialcharges,restructuringcharge,sgaexpense,totalcostofrevenue,totalgrossprofit,totalinterestexpense,totalinterestincome,totaloperatingexpenses,totaloperatingincome,totalotherincome,totalpretaxincome,totalrevenue,weightedavebasicdilutedsharesos,weightedavebasicsharesos,weightedavedilutedsharesos
Sprint Corp,S,549300ZTTY7CXOLJ6539,101830,2007.0,FY,2007-01-01,2007-12-31,2010-02-26 14:05:08+00:00,3312000000.0,-10.24,-10.24,5621000000.0,-10.24,30089000000.0,-331000000.0,-29444000000.0,-29444000000.0,-29444000000.0,,17191000000.0,40146000000.0,401000000.0,0.0,,,12673000000.0,17191000000.0,22955000000.0,1433000000.0,-3000000.0,51695000000.0,-28740000000.0,-1035000000.0,-29775000000.0,40146000000.0,2874000000.0,2875400000.0,2875400000.0
Sprint Corp,S,549300ZTTY7CXOLJ6539,101830,2008.0,FY,2008-01-01,2008-12-31,2011-02-24 10:39:51+00:00,2443000000.0,-0.98,-0.98,5964000000.0,-0.98,1798000000.0,-1264000000.0,-2796000000.0,-2796000000.0,-2796000000.0,,16746000000.0,35635000000.0,89000000.0,-29000000.0,,,11355000000.0,16746000000.0,18889000000.0,1362000000.0,-145000000.0,21531000000.0,-2642000000.0,-1418000000.0,-4060000000.0,35635000000.0,2863000000.0,2853100000.0,2853100000.0
Sprint Corp,S,549300ZTTY7CXOLJ6539,101830,2008.0,Q3,2008-07-01,2008-09-30,2009-11-06 14:47:35+00:00,569000000.0,-0.11,-0.11,1488000000.0,-0.11,,-189000000.0,-326000000.0,-326000000.0,-326000000.0,,4224000000.0,8816000000.0,,-28000000.0,,,2768000000.0,4224000000.0,4592000000.0,318000000.0,8000000.0,4797000000.0,-205000000.0,-310000000.0,-515000000.0,8816000000.0,2855000000.0,2963600000.0,2963600000.0
Sprint Corp,S,549300ZTTY7CXOLJ6539,101830,2008.0,Q2,2008-04-01,2008-06-30,2009-08-04 15:55:36+00:00,689000000.0,-0.12,-0.12,1467000000.0,-0.12,,-207000000.0,-344000000.0,-344000000.0,-344000000.0,,4177000000.0,9055000000.0,,,,106000000.0,2826000000.0,4177000000.0,4878000000.0,320000000.0,-21000000.0,5088000000.0,-210000000.0,-341000000.0,-551000000.0,9055000000.0,2852000000.0,2866700000.0,2866700000.0
Sprint Corp,S,549300ZTTY7CXOLJ6539,101830,2009.0,Q4,2009-10-01,2009-12-31,,321000000.0,-0.33,-0.33,1481000000.0,-0.33,447000000.0,-16000000.0,-980000000.0,-980000000.0,-980000000.0,,4079000000.0,7868000000.0,157000000.0,-33000000.0,,-298000000.0,2415000000.0,4079000000.0,3789000000.0,393000000.0,-216000000.0,4333000000.0,-544000000.0,-452000000.0,-996000000.0,7868000000.0,2886000000.0,2900000000.0,2900000000.0
Sprint Corp,S,549300ZTTY7CXOLJ6539,101830,2009.0,FY,2009-01-01,2009-12-31,2012-02-27 07:13:04+00:00,1589000000.0,-0.84,-0.84,5827000000.0,-0.84,447000000.0,-1058000000.0,-2436000000.0,-2436000000.0,-2436000000.0,,16435000000.0,32260000000.0,157000000.0,-93000000.0,,,9453000000.0,16435000000.0,15825000000.0,1450000000.0,-803000000.0,17223000000.0,-1398000000.0,-2096000000.0,-3494000000.0,32260000000.0,2886000000.0,2900000000.0,2900000000.0
Sprint Corp,S,549300ZTTY7CXOLJ6539,101830,2009.0,Q3YTD,2009-01-01,2009-09-30,,1268000000.0,-0.51,-0.51,4346000000.0,-0.51,,-1042000000.0,-1456000000.0,-1456000000.0,-1456000000.0,,12356000000.0,24392000000.0,,-89000000.0,,327000000.0,7038000000.0,12356000000.0,12036000000.0,1057000000.0,-587000000.0,12890000000.0,-854000000.0,-1644000000.0,-2498000000.0,24392000000.0,2881000000.0,2811800000.0,2811800000.0
Sprint Corp,S,549300ZTTY7CXOLJ6539,101830,2009.0,Q3,2009-07-01,2009-09-30,2010-11-05 09:06:54+00:00,344000000.0,-0.17,-0.17,1476000000.0,-0.17,,-287000000.0,-478000000.0,-478000000.0,-478000000.0,,4269000000.0,8042000000.0,,-60000000.0,,,2267000000.0,4269000000.0,3773000000.0,355000000.0,-156000000.0,4027000000.0,-254000000.0,-511000000.0,-765000000.0,8042000000.0,2881000000.0,2811800000.0,2811800000.0
Sprint Corp,S,549300ZTTY7CXOLJ6539,101830,2009.0,Q2YTD,2009-01-01,2009-06-30,,924000000.0,-0.34,-0.34,2870000000.0,-0.34,,-755000000.0,-978000000.0,-978000000.0,-978000000.0,,8087000000.0,16350000000.0,,-29000000.0,,327000000.0,4771000000.0,8087000000.0,8263000000.0,702000000.0,-431000000.0,8863000000.0,-600000000.0,-1133000000.0,-1733000000.0,16350000000.0,2882000000.0,2953800000.0,2953800000.0
Sprint Corp,S,549300ZTTY7CXOLJ6539,101830,2009.0,Q2,2009-04-01,2009-06-30,2010-08-05 12:40:46+00:00,458000000.0,-0.13,-0.13,1453000000.0,-0.13,,-225000000.0,-384000000.0,-384000000.0,-384000000.0,,4061000000.0,8141000000.0,,-29000000.0,,,2311000000.0,4061000000.0,4080000000.0,350000000.0,-146000000.0,4193000000.0,-113000000.0,-496000000.0,-609000000.0,8141000000.0,2882000000.0,2953800000.0,2953800000.0
Sprint Corp,S,549300ZTTY7CXOLJ6539,101830,2009.0,Q1,2009-01-01,2009-03-31,2010-05-05 16:39:46+00:00,466000000.0,-0.21,-0.21,1417000000.0,-0.21,,-530000000.0,-594000000.0,-594000000.0,-594000000.0,,4026000000.0,8209000000.0,,,,327000000.0,2460000000.0,4026000000.0,4183000000.0,352000000.0,-285000000.0,4670000000.0,-487000000.0,-637000000.0,-1124000000.0,8209000000.0,2882000000.0,2828600000.0,2828600000.0
Sprint Corp,S,549300ZTTY7CXOLJ6539,101830,2010.0,Q4,2010-10-01,2010-12-31,,-1022000000.0,-0.32,-0.32,2408000000.0,-0.32,,-5000000.0,-929000000.0,-929000000.0,-929000000.0,,4568000000.0,8301000000.0,46000000.0,-82000000.0,,150000000.0,2418000000.0,4568000000.0,3733000000.0,376000000.0,-465000000.0,3872000000.0,-139000000.0,-795000000.0,-934000000.0,8301000000.0,2988000000.0,2987100000.0,2987100000.0
Sprint Corp,S,549300ZTTY7CXOLJ6539,101830,2010.0,FY,2010-01-01,2010-12-31,2013-02-28 16:32:26+00:00,,-1.16,-1.16,6248000000.0,-1.16,,166000000.0,-3465000000.0,-3465000000.0,-3465000000.0,,17492000000.0,32563000000.0,46000000.0,-153000000.0,,133000000.0,9438000000.0,17492000000.0,15071000000.0,1464000000.0,-1286000000.0,15666000000.0,-595000000.0,-2704000000.0,-3299000000.0,32563000000.0,2988000000.0,2987100000.0,2987100000.0
Sprint Corp,S,549300ZTTY7CXOLJ6539,101830,2010.0,Q3TTM,2009-10-01,2010-09-30,,1343000000.0,-1.17,-1.17,5321000000.0,-1.17,447000000.0,155000000.0,-3516000000.0,-3516000000.0,-3516000000.0,,17003000000.0,32130000000.0,157000000.0,-4000000.0,,-327000000.0,9347000000.0,17003000000.0,15127000000.0,1507000000.0,-1011000000.0,16127000000.0,-1000000000.0,-2361000000.0,-3361000000.0,32130000000.0,2990000000.0,3036700000.0,3036700000.0
Sprint Corp,S,549300ZTTY7CXOLJ6539,101830,2010.0,Q3YTD,2010-01-01,2010-09-30,,1022000000.0,-0.84,-0.84,3840000000.0,-0.84,,171000000.0,-2536000000.0,-2536000000.0,-2536000000.0,,12924000000.0,24262000000.0,,,,,6932000000.0,12924000000.0,11338000000.0,1114000000.0,-795000000.0,11794000000.0,-456000000.0,-1909000000.0,-2365000000.0,24262000000.0,2990000000.0,3036700000.0,3036700000.0
Sprint Corp,S,549300ZTTY7CXOLJ6539,101830,2010.0,Q3,2010-07-01,2010-09-30,2011-11-03 15:03:19+00:00,248000000.0,-0.3,-0.3,1304000000.0,-0.3,,53000000.0,-911000000.0,-911000000.0,-911000000.0,,4496000000.0,8152000000.0,,,,,2317000000.0,4496000000.0,3656000000.0,361000000.0,-284000000.0,3869000000.0,-213000000.0,-645000000.0,-858000000.0,8152000000.0,2990000000.0,3036700000.0,3036700000.0
Sprint Corp,S,549300ZTTY7CXOLJ6539,101830,2010.0,Q2TTM,2009-07-01,2010-06-30,,1439000000.0,-1.04,-1.04,5493000000.0,-1.04,447000000.0,-185000000.0,-3083000000.0,-3083000000.0,-3083000000.0,,16776000000.0,32020000000.0,157000000.0,-64000000.0,,-327000000.0,9297000000.0,16776000000.0,15244000000.0,1501000000.0,-883000000.0,16285000000.0,-1041000000.0,-2227000000.0,-3268000000.0,32020000000.0,2988000000.0,3040000000.0,3040000000.0
Sprint Corp,S,549300ZTTY7CXOLJ6539,101830,2010.0,Q2YTD,2010-01-01,2010-06-30,,774000000.0,-0.54,-0.54,2536000000.0,-0.54,,118000000.0,-1625000000.0,-1625000000.0,-1625000000.0,,8428000000.0,16110000000.0,,,,,4615000000.0,8428000000.0,7682000000.0,753000000.0,-511000000.0,7925000000.0,-243000000.0,-1264000000.0,-1507000000.0,16110000000.0,2988000000.0,3040000000.0,3040000000.0
Sprint Corp,S,549300ZTTY7CXOLJ6539,101830,2010.0,Q2,2010-04-01,2010-06-30,2011-08-04 15:03:42+00:00,374000000.0,-0.25,-0.25,1261000000.0,-0.25,,47000000.0,-760000000.0,-760000000.0,-760000000.0,,4230000000.0,8025000000.0,,,,,2223000000.0,4230000000.0,3795000000.0,381000000.0,-269000000.0,3858000000.0,-63000000.0,-650000000.0,-713000000.0,8025000000.0,2988000000.0,3040000000.0,3040000000.0
Sprint Corp,S,549300ZTTY7CXOLJ6539,101830,2010.0,Q1TTM,2009-04-01,2010-03-31,,1523000000.0,-0.92,-0.92,5685000000.0,-0.92,447000000.0,-457000000.0,-2707000000.0,-2707000000.0,-2707000000.0,,16607000000.0,32136000000.0,157000000.0,-93000000.0,,-327000000.0,9385000000.0,16607000000.0,15529000000.0,1470000000.0,-760000000.0,16620000000.0,-1091000000.0,-2073000000.0,-3164000000.0,32136000000.0,2983000000.0,2982800000.0,2982800000.0
Sprint Corp,S,549300ZTTY7CXOLJ6539,101830,2010.0,Q1,2010-01-01,2010-03-31,2011-05-05 12:29:23+00:00,400000000.0,-0.29,-0.29,1275000000.0,-0.29,,71000000.0,-865000000.0,-865000000.0,-865000000.0,,4198000000.0,8085000000.0,,,,,2392000000.0,4198000000.0,3887000000.0,372000000.0,-242000000.0,4067000000.0,-180000000.0,-614000000.0,-794000000.0,8085000000.0,2983000000.0,2982800000.0,2982800000.0
Sprint Corp,S,549300ZTTY7CXOLJ6539,101830,2011.0,FY,2011-01-01,2011-12-31,2014-05-23 21:36:32+00:00,403000000.0,-0.96,-0.96,4455000000.0,-0.96,,254000000.0,-2890000000.0,-2890000000.0,-2890000000.0,,19015000000.0,33679000000.0,-3000000.0,,0.0,106000000.0,9592000000.0,19015000000.0,14664000000.0,1011000000.0,-1730000000.0,14556000000.0,108000000.0,-2744000000.0,-2636000000.0,33679000000.0,2995000000.0,3010400000.0,3010400000.0
Sprint Corp,S,549300ZTTY7CXOLJ6539,101830,2011.0,Q4,2011-10-01,2011-12-31,,76000000.0,-0.43,-0.43,1098000000.0,-0.43,,106000000.0,-1303000000.0,-1303000000.0,-1303000000.0,,5419000000.0,8722000000.0,-3000000.0,,,106000000.0,2461000000.0,5419000000.0,3303000000.0,287000000.0,-469000000.0,3741000000.0,-438000000.0,-759000000.0,-1197000000.0,8722000000.0,2995000000.0,3010400000.0,3010400000.0
Sprint Corp,S,549300ZTTY7CXOLJ6539,101830,2011.0,Q3YTD,2011-01-01,2011-09-30,,327000000.0,-0.53,-0.53,3357000000.0,-0.53,,148000000.0,-1587000000.0,-1587000000.0,-1587000000.0,,13596000000.0,24957000000.0,,,,,7131000000.0,13596000000.0,11361000000.0,724000000.0,-1261000000.0,10815000000.0,546000000.0,-1985000000.0,-1439000000.0,24957000000.0,2996000000.0,3010000000.0,3010000000.0
Sprint Corp,S,549300ZTTY7CXOLJ6539,101830,2011.0,Q3TTM,2010-10-01,2011-09-30,,-695000000.0,-0.85,-0.85,5765000000.0,-0.85,,143000000.0,-2516000000.0,-2516000000.0,-2516000000.0,,18164000000.0,33258000000.0,46000000.0,-82000000.0,,150000000.0,9549000000.0,18164000000.0,15094000000.0,1100000000.0,-1726000000.0,14687000000.0,407000000.0,-2780000000.0,-2373000000.0,33258000000.0,2996000000.0,3010000000.0,3010000000.0
Sprint Corp,S,549300ZTTY7CXOLJ6539,101830,2011.0,Q3,2011-07-01,2011-09-30,2012-11-07 10:40:52+00:00,,-0.1,-0.1,1194000000.0,-0.1,,12000000.0,-301000000.0,-301000000.0,-301000000.0,,4611000000.0,8333000000.0,,0.0,,0.0,2320000000.0,4611000000.0,3722000000.0,236000000.0,-261000000.0,3514000000.0,208000000.0,-497000000.0,-289000000.0,8333000000.0,2996000000.0,3010000000.0,3010000000.0
Sprint Corp,S,549300ZTTY7CXOLJ6539,101830,2011.0,Q2YTD,2011-01-01,2011-06-30,,133000000.0,-0.43,-0.43,2357000000.0,-0.43,,136000000.0,-1286000000.0,-1286000000.0,-1286000000.0,,8985000000.0,16624000000.0,,,,,4811000000.0,8985000000.0,7639000000.0,488000000.0,-1000000000.0,7301000000.0,338000000.0,-1488000000.0,-1150000000.0,16624000000.0,2994000000.0,3025000000.0,3025000000.0
Sprint Corp,S,549300ZTTY7CXOLJ6539,101830,2011.0,Q2TTM,2010-07-01,2011-06-30,,-641000000.0,-1.05,-1.05,6069000000.0,-1.05,,184000000.0,-3126000000.0,-3126000000.0,-3126000000.0,,18049000000.0,33077000000.0,46000000.0,-153000000.0,,133000000.0,9634000000.0,18049000000.0,15028000000.0,1199000000.0,-1775000000.0,15042000000.0,-14000000.0,-2928000000.0,-2942000000.0,33077000000.0,2994000000.0,3025000000.0,3025000000.0
Sprint Corp,S,549300ZTTY7CXOLJ6539,101830,2011.0,Q2,2011-04-01,2011-06-30,2012-08-02 13:05:16+00:00,,-0.28,-0.28,1235000000.0,-0.28,0.0,99000000.0,-847000000.0,-847000000.0,-847000000.0,,4589000000.0,8311000000.0,,0.0,,,2408000000.0,4589000000.0,3722000000.0,239000000.0,-588000000.0,3643000000.0,79000000.0,-827000000.0,-748000000.0,8311000000.0,2994000000.0,3025000000.0,3025000000.0
Sprint Corp,S,549300ZTTY7CXOLJ6539,101830,2011.0,Q1TTM,2010-04-01,2011-03-31,,-267000000.0,-1.02,-1.02,6095000000.0,-1.02,,132000000.0,-3039000000.0,-3039000000.0,-3039000000.0,,17690000000.0,32791000000.0,46000000.0,-153000000.0,,133000000.0,9449000000.0,17690000000.0,15101000000.0,1341000000.0,-1456000000.0,15257000000.0,-156000000.0,-2751000000.0,-2907000000.0,32791000000.0,2992000000.0,2926700000.0,2926700000.0
Sprint Corp,S,549300ZTTY7CXOLJ6539,101830,2011.0,Q1,2011-01-01,2011-03-31,2012-05-03 12:06:17+00:00,133000000.0,-0.15,-0.15,1122000000.0,-0.15,0.0,37000000.0,-439000000.0,-439000000.0,-439000000.0,,4396000000.0,8313000000.0,,0.0,,,2403000000.0,4396000000.0,3917000000.0,249000000.0,-412000000.0,3658000000.0,259000000.0,-661000000.0,-402000000.0,8313000000.0,2992000000.0,2926700000.0,2926700000.0
Sprint Corp,S,549300ZTTY7CXOLJ6539,101830,2012.0,FY,2012-01-01,2012-12-31,2014-05-23 21:36:32+00:00,303000000.0,-1.44,-1.44,6240000000.0,-1.44,,154000000.0,-4326000000.0,-4326000000.0,-4326000000.0,,20841000000.0,35345000000.0,190000000.0,-282000000.0,0.0,298000000.0,9765000000.0,20841000000.0,14504000000.0,1428000000.0,-1114000000.0,16324000000.0,-1820000000.0,-2352000000.0,-4172000000.0,35345000000.0,3002000000.0,3004200000.0,3004200000.0
Sprint Corp,S,549300ZTTY7CXOLJ6539,101830,2012.0,Q4,2012-10-01,2012-12-31,,227000000.0,-0.43,-0.43,1266000000.0,-0.43,-268000000.0,44000000.0,-1322000000.0,-1322000000.0,-1322000000.0,,5652000000.0,9005000000.0,190000000.0,,,276000000.0,2557000000.0,5652000000.0,3353000000.0,432000000.0,-331000000.0,4058000000.0,-705000000.0,-573000000.0,-1278000000.0,9005000000.0,3002000000.0,3004200000.0,3004200000.0
Sprint Corp,S,549300ZTTY7CXOLJ6539,101830,2012.0,Q3YTD,2012-01-01,2012-09-30,,76000000.0,-1.01,-1.01,4974000000.0,-1.01,268000000.0,110000000.0,-3004000000.0,-3004000000.0,-3004000000.0,,15189000000.0,26340000000.0,,-282000000.0,,22000000.0,7208000000.0,15189000000.0,11151000000.0,996000000.0,-783000000.0,12266000000.0,-1115000000.0,-1779000000.0,-2894000000.0,26340000000.0,3003000000.0,2950000000.0,2950000000.0
Sprint Corp,S,549300ZTTY7CXOLJ6539,101830,2012.0,Q3TTM,2011-10-01,2012-09-30,,152000000.0,-1.44,-1.44,6072000000.0,-1.44,268000000.0,216000000.0,-4307000000.0,-4307000000.0,-4307000000.0,,20608000000.0,35062000000.0,-3000000.0,-282000000.0,,128000000.0,9669000000.0,20608000000.0,14454000000.0,1283000000.0,-1252000000.0,16007000000.0,-1553000000.0,-2538000000.0,-4091000000.0,35062000000.0,3003000000.0,2950000000.0,2950000000.0
Sprint Corp,S,549300ZTTY7CXOLJ6539,101830,2012.0,Q3,2012-07-01,2012-09-30,2012-11-07 10:40:52+00:00,,-0.26,-0.26,1488000000.0,-0.26,,47000000.0,-767000000.0,-767000000.0,-767000000.0,,5093000000.0,8763000000.0,,0.0,,22000000.0,2391000000.0,5093000000.0,3670000000.0,377000000.0,-112000000.0,3901000000.0,-231000000.0,-489000000.0,-720000000.0,8763000000.0,3003000000.0,2950000000.0,2950000000.0
Sprint Corp,S,549300ZTTY7CXOLJ6539,101830,2012.0,Q2YTD,2012-01-01,2012-06-30,,76000000.0,-0.75,-0.75,3486000000.0,-0.75,268000000.0,63000000.0,-2237000000.0,-2237000000.0,-2237000000.0,,10096000000.0,17577000000.0,,-282000000.0,,,4817000000.0,10096000000.0,7481000000.0,619000000.0,-671000000.0,8365000000.0,-884000000.0,-1290000000.0,-2174000000.0,17577000000.0,3000000000.0,2987000000.0,2987000000.0
Sprint Corp,S,549300ZTTY7CXOLJ6539,101830,2012.0,Q2TTM,2011-07-01,2012-06-30,,232000000.0,-1.28,-1.28,5698000000.0,-1.28,268000000.0,181000000.0,-3841000000.0,-3841000000.0,-3841000000.0,,20126000000.0,34632000000.0,-3000000.0,-282000000.0,,106000000.0,9598000000.0,20126000000.0,14506000000.0,1142000000.0,-1401000000.0,15620000000.0,-1114000000.0,-2546000000.0,-3660000000.0,34632000000.0,3000000000.0,2987000000.0,2987000000.0
Sprint Corp,S,549300ZTTY7CXOLJ6539,101830,2012.0,Q2,2012-04-01,2012-06-30,2013-08-02 18:48:11+00:00,,-0.46,-0.46,1896000000.0,-0.46,,26000000.0,-1374000000.0,-1374000000.0,-1374000000.0,,5011000000.0,8843000000.0,,0.0,,184000000.0,2381000000.0,5011000000.0,3832000000.0,321000000.0,-398000000.0,4461000000.0,-629000000.0,-719000000.0,-1348000000.0,8843000000.0,3000000000.0,2987000000.0,2987000000.0
Sprint Corp,S,549300ZTTY7CXOLJ6539,101830,2012.0,Q1TTM,2011-04-01,2012-03-31,,346000000.0,-1.1,-1.1,4923000000.0,-1.1,84000000.0,254000000.0,-3314000000.0,-3314000000.0,-3314000000.0,,19704000000.0,34100000000.0,-3000000.0,-282000000.0,,106000000.0,9625000000.0,19704000000.0,14396000000.0,1060000000.0,-1591000000.0,14802000000.0,-406000000.0,-2654000000.0,-3060000000.0,34100000000.0,2999000000.0,2975900000.0,2975900000.0
Sprint Corp,S,549300ZTTY7CXOLJ6539,101830,2012.0,Q1,2012-01-01,2012-03-31,2013-05-06 14:08:40+00:00,,-0.29,-0.29,1666000000.0,-0.29,,37000000.0,-863000000.0,-863000000.0,-863000000.0,,5085000000.0,8734000000.0,,-282000000.0,,84000000.0,2436000000.0,5085000000.0,3649000000.0,298000000.0,-273000000.0,3904000000.0,-255000000.0,-571000000.0,-826000000.0,8734000000.0,2999000000.0,2975900000.0,2975900000.0
Sprint Corp,S,549300ZTTY7CXOLJ6539,101830,2013.0,FY,2013-01-01,2013-12-31,2016-05-17 17:21:00+00:00,908000000.0,-0.54,-0.54,2026000000.0,-0.54,0.0,45000000.0,-1860000000.0,-1860000000.0,-1860000000.0,,9777000000.0,16891000000.0,73000000.0,0.0,,309000000.0,4841000000.0,9777000000.0,7114000000.0,918000000.0,0.0,8084000000.0,-970000000.0,-845000000.0,-1815000000.0,16891000000.0,3475000000.0,3444400000.0,3444400000.0
Sprint Corp,S,549300ZTTY7CXOLJ6539,101830,2013.0,Q4,2013-10-01,2013-12-31,,447000000.0,0.38,0.38,-2040000000.0,0.38,,-138000000.0,1079000000.0,1079000000.0,1079000000.0,,-4543000000.0,-8528000000.0,-92000000.0,22000000.0,,-451000000.0,-2196000000.0,-4543000000.0,-3985000000.0,-358000000.0,442000000.0,-4218000000.0,233000000.0,708000000.0,941000000.0,-8528000000.0,3475000000.0,3444400000.0,3444400000.0
Sprint Corp,S,549300ZTTY7CXOLJ6539,101830,2013.0,Q3YTD,2013-01-01,2013-09-30,,461000000.0,-0.92,-0.92,4066000000.0,-0.92,,183000000.0,-2939000000.0,-2939000000.0,-2939000000.0,,14320000000.0,25419000000.0,165000000.0,-22000000.0,,760000000.0,7037000000.0,14320000000.0,11099000000.0,1276000000.0,-442000000.0,12302000000.0,-1203000000.0,-1553000000.0,-2756000000.0,25419000000.0,3883300000.0,3802000000.0,3802000000.0
Sprint Corp,S,549300ZTTY7CXOLJ6539,101830,2013.0,Q3TTM,2012-10-01,2013-09-30,,688000000.0,-1.35,-1.35,5332000000.0,-1.35,-268000000.0,227000000.0,-4261000000.0,-4261000000.0,-4261000000.0,,19972000000.0,34424000000.0,355000000.0,-22000000.0,,1036000000.0,9594000000.0,19972000000.0,14452000000.0,1708000000.0,-773000000.0,16360000000.0,-1908000000.0,-2126000000.0,-4034000000.0,34424000000.0,3883300000.0,3802000000.0,3802000000.0
Sprint Corp,S,549300ZTTY7CXOLJ6539,101830,2013.0,Q3,2013-07-01,2013-09-30,2014-11-06 17:14:51+00:00,461000000.0,-0.18,-0.18,942000000.0,-0.18,,90000000.0,-699000000.0,-699000000.0,-699000000.0,,4342000000.0,7749000000.0,165000000.0,,,103000000.0,2259000000.0,4342000000.0,3407000000.0,416000000.0,0.0,3765000000.0,-358000000.0,-251000000.0,-609000000.0,7749000000.0,3883300000.0,3802000000.0,3802000000.0
Sprint Corp,S,549300ZTTY7CXOLJ6539,101830,2013.0,Q2YTD,2013-01-01,2013-06-30,,,-0.74,-0.74,3124000000.0,-0.74,,93000000.0,-2240000000.0,-2240000000.0,-2240000000.0,,9978000000.0,17670000000.0,,-22000000.0,,657000000.0,4778000000.0,9978000000.0,7692000000.0,860000000.0,-442000000.0,8537000000.0,-845000000.0,-1302000000.0,-2147000000.0,17670000000.0,3022000000.0,3013200000.0,3013200000.0
Sprint Corp,S,549300ZTTY7CXOLJ6539,101830,2013.0,Q2TTM,2012-07-01,2013-06-30,,227000000.0,-1.43,-1.43,5878000000.0,-1.43,-268000000.0,184000000.0,-4329000000.0,-4329000000.0,-4329000000.0,,20723000000.0,35438000000.0,190000000.0,-22000000.0,,955000000.0,9726000000.0,20723000000.0,14715000000.0,1669000000.0,-885000000.0,16496000000.0,-1781000000.0,-2364000000.0,-4145000000.0,35438000000.0,3022000000.0,3013200000.0,3013200000.0
Sprint Corp,S,549300ZTTY7CXOLJ6539,101830,2013.0,Q2,2013-04-01,2013-06-30,2013-08-02 18:48:11+00:00,,-0.53,-0.53,1632000000.0,-0.53,,55000000.0,-1597000000.0,-1597000000.0,-1597000000.0,,5045000000.0,8877000000.0,,0.0,,632000000.0,2442000000.0,5045000000.0,3832000000.0,428000000.0,-240000000.0,4706000000.0,-874000000.0,-668000000.0,-1542000000.0,8877000000.0,3022000000.0,3013200000.0,3013200000.0
Sprint Corp,S,549300ZTTY7CXOLJ6539,101830,2013.0,Q1TTM,2012-04-01,2013-03-31,,227000000.0,-1.36,-1.36,6142000000.0,-1.36,-84000000.0,155000000.0,-4106000000.0,-4106000000.0,-4106000000.0,,20689000000.0,35404000000.0,190000000.0,-22000000.0,,323000000.0,9665000000.0,20689000000.0,14715000000.0,1562000000.0,-1043000000.0,16251000000.0,-1536000000.0,-2415000000.0,-3951000000.0,35404000000.0,3013000000.0,3061900000.0,3061900000.0
Sprint Corp,S,549300ZTTY7CXOLJ6539,101830,2013.0,Q1,2013-01-01,2013-03-31,2013-05-06 14:08:40+00:00,,-0.21,-0.21,1492000000.0,-0.21,,38000000.0,-643000000.0,-643000000.0,-643000000.0,,4933000000.0,8793000000.0,,-22000000.0,,25000000.0,2336000000.0,4933000000.0,3860000000.0,432000000.0,-202000000.0,3831000000.0,29000000.0,-634000000.0,-605000000.0,8793000000.0,3013000000.0,3061900000.0,3061900000.0
Sprint Corp,S,549300ZTTY7CXOLJ6539,101830,2014.0,FY,2014-04-01,2015-03-31,2017-05-26 11:20:30+00:00,1552000000.0,-0.85,-0.85,3797000000.0,-0.85,2133000000.0,-574000000.0,-3345000000.0,-3345000000.0,-3345000000.0,,18969000000.0,34532000000.0,27000000.0,109000000.0,,304000000.0,9563000000.0,18969000000.0,15563000000.0,2051000000.0,,17458000000.0,-1895000000.0,-2024000000.0,-3919000000.0,34532000000.0,3953000000.0,3935300000.0,3935300000.0
Sprint Corp,S,549300ZTTY7CXOLJ6539,101830,2014.0,Q4,2015-01-01,2015-03-31,,363000000.0,-0.07,-0.07,1091000000.0,-0.07,,27000000.0,-224000000.0,-224000000.0,-224000000.0,,4208000000.0,8282000000.0,8000000.0,-224000000.0,,304000000.0,2222000000.0,4208000000.0,4074000000.0,523000000.0,,3756000000.0,318000000.0,-515000000.0,-197000000.0,8282000000.0,3953000000.0,3935300000.0,3935300000.0
Sprint Corp,S,549300ZTTY7CXOLJ6539,101830,2014.0,Q3,2014-10-01,2014-12-31,2016-02-04 17:29:45+00:00,380000000.0,-0.6,-0.6,940000000.0,-0.6,2133000000.0,-657000000.0,-2379000000.0,-2379000000.0,-2379000000.0,,5282000000.0,8973000000.0,10000000.0,22000000.0,,,2756000000.0,5282000000.0,3691000000.0,506000000.0,,6231000000.0,-2540000000.0,-496000000.0,-3036000000.0,8973000000.0,3965000000.0,3957000000.0,3957000000.0
Sprint Corp,S,549300ZTTY7CXOLJ6539,101830,2014.0,Q3YTD,2014-04-01,2014-12-31,,1189000000.0,-0.78,-0.78,2706000000.0,-0.78,2133000000.0,-601000000.0,-3121000000.0,-3121000000.0,-3121000000.0,,14761000000.0,26250000000.0,19000000.0,333000000.0,,,7341000000.0,14761000000.0,11489000000.0,1528000000.0,,13702000000.0,-2213000000.0,-1509000000.0,-3722000000.0,26250000000.0,3965000000.0,3957000000.0,3957000000.0
Sprint Corp,S,549300ZTTY7CXOLJ6539,101830,2014.0,Q3TTM,2013-10-01,2014-12-31,,1636000000.0,-0.4,-0.4,666000000.0,-0.4,2133000000.0,-739000000.0,-2042000000.0,-2042000000.0,-2042000000.0,,10218000000.0,17722000000.0,-73000000.0,355000000.0,,-451000000.0,5145000000.0,10218000000.0,7504000000.0,1170000000.0,442000000.0,9484000000.0,-1980000000.0,-801000000.0,-2781000000.0,17722000000.0,3965000000.0,3957000000.0,3957000000.0
Sprint Corp,S,549300ZTTY7CXOLJ6539,101830,2014.0,Q2,2014-07-01,2014-09-30,2015-11-09 08:01:26+00:00,396000000.0,-0.19,-0.19,898000000.0,-0.19,0.0,71000000.0,-765000000.0,-765000000.0,-765000000.0,,4801000000.0,8488000000.0,8000000.0,284000000.0,,,2301000000.0,4801000000.0,3687000000.0,510000000.0,,3879000000.0,-192000000.0,-502000000.0,-694000000.0,8488000000.0,4026300000.0,3949000000.0,3949000000.0
Sprint Corp,S,549300ZTTY7CXOLJ6539,101830,2014.0,Q2YTD,2014-04-01,2014-09-30,,809000000.0,-0.18,-0.18,1766000000.0,-0.18,,56000000.0,-742000000.0,-742000000.0,-742000000.0,,9479000000.0,17277000000.0,9000000.0,311000000.0,,,4585000000.0,9479000000.0,7798000000.0,1022000000.0,,7471000000.0,327000000.0,-1013000000.0,-686000000.0,17277000000.0,4026300000.0,3949000000.0,3949000000.0
Sprint Corp,S,549300ZTTY7CXOLJ6539,101830,2014.0,Q2TTM,2013-07-01,2014-09-30,,1717000000.0,0.02,0.02,668000000.0,0.02,,8000000.0,-362000000.0,-362000000.0,-362000000.0,,9278000000.0,16498000000.0,82000000.0,333000000.0,,-348000000.0,4648000000.0,9278000000.0,7220000000.0,1080000000.0,442000000.0,7018000000.0,202000000.0,-556000000.0,-354000000.0,16498000000.0,4026300000.0,3949000000.0,3949000000.0
Sprint Corp,S,549300ZTTY7CXOLJ6539,101830,2014.0,Q1TTM,2013-04-01,2014-06-30,,1321000000.0,-0.32,-0.32,1402000000.0,-0.32,,-8000000.0,-1194000000.0,-1194000000.0,-1194000000.0,,9522000000.0,16887000000.0,74000000.0,49000000.0,,284000000.0,4789000000.0,9522000000.0,7365000000.0,998000000.0,202000000.0,7845000000.0,-480000000.0,-722000000.0,-1202000000.0,16887000000.0,2300000000.0,3945000000.0,4002000000.0
Sprint Corp,S,549300ZTTY7CXOLJ6539,101830,2014.0,Q1,2014-04-01,2014-06-30,2015-08-07 15:21:50+00:00,413000000.0,0.01,0.01,868000000.0,0.01,,-15000000.0,23000000.0,23000000.0,23000000.0,,4678000000.0,8789000000.0,1000000.0,27000000.0,,,2284000000.0,4678000000.0,4111000000.0,512000000.0,,3592000000.0,519000000.0,-511000000.0,8000000.0,8789000000.0,2300000000.0,3945000000.0,4002000000.0
Sprint Corp,S,549300ZTTY7CXOLJ6539,101830,2015.0,FY,2015-04-01,2016-03-31,2018-05-24 16:09:16+00:00,1294000000.0,-0.5,-0.5,1781000000.0,-0.5,,141000000.0,-1995000000.0,-1995000000.0,-1995000000.0,0.0,15555000000.0,32180000000.0,18000000.0,4352000000.0,,409000000.0,8479000000.0,15555000000.0,16625000000.0,2182000000.0,,16315000000.0,310000000.0,-2164000000.0,-1854000000.0,32180000000.0,3990000000.0,3969000000.0,3969000000.0
Sprint Corp,S,549300ZTTY7CXOLJ6539,101830,2015.0,Q4,2016-01-01,2016-03-31,,300000000.0,-0.13,-0.13,-2421000000.0,-0.13,,15000000.0,-554000000.0,-554000000.0,-554000000.0,,4117000000.0,8071000000.0,5000000.0,3719000000.0,,409000000.0,1939000000.0,4117000000.0,3954000000.0,552000000.0,,3946000000.0,8000000.0,-547000000.0,-539000000.0,8071000000.0,3990000000.0,3969000000.0,3969000000.0
Sprint Corp,S,549300ZTTY7CXOLJ6539,101830,2015.0,Q3,2015-10-01,2015-12-31,2017-02-06 16:56:11+00:00,316000000.0,-0.21,-0.21,1549000000.0,-0.21,,97000000.0,-836000000.0,-836000000.0,-836000000.0,,3937000000.0,8107000000.0,4000000.0,373000000.0,,,2129000000.0,3937000000.0,4170000000.0,546000000.0,,4367000000.0,-197000000.0,-542000000.0,-739000000.0,8107000000.0,3981000000.0,3970000000.0,3970000000.0
Sprint Corp,S,549300ZTTY7CXOLJ6539,101830,2015.0,Q3YTD,2015-04-01,2015-12-31,,994000000.0,-0.37,-0.37,4202000000.0,-0.37,,126000000.0,-1441000000.0,-1441000000.0,-1441000000.0,,11438000000.0,24109000000.0,13000000.0,633000000.0,,,6540000000.0,11438000000.0,12671000000.0,1630000000.0,,12369000000.0,302000000.0,-1617000000.0,-1315000000.0,24109000000.0,3981000000.0,3970000000.0,3970000000.0
Sprint Corp,S,549300ZTTY7CXOLJ6539,101830,2015.0,Q3TTM,2015-01-01,2015-12-31,,1357000000.0,-0.44,-0.44,5293000000.0,-0.44,,153000000.0,-1665000000.0,-1665000000.0,-1665000000.0,,15646000000.0,32391000000.0,21000000.0,409000000.0,,304000000.0,8762000000.0,15646000000.0,16745000000.0,2153000000.0,,16125000000.0,620000000.0,-2132000000.0,-1512000000.0,32391000000.0,3981000000.0,3970000000.0,3970000000.0
Sprint Corp,S,549300ZTTY7CXOLJ6539,101830,2015.0,Q2,2015-07-01,2015-09-30,2016-11-01 15:06:23+00:00,331000000.0,-0.15,-0.15,1412000000.0,-0.15,,46000000.0,-585000000.0,-585000000.0,-585000000.0,,3743000000.0,7975000000.0,5000000.0,267000000.0,,,2224000000.0,3743000000.0,4232000000.0,542000000.0,,4234000000.0,-2000000.0,-537000000.0,-539000000.0,7975000000.0,3900000000.0,3969000000.0,3969000000.0
Sprint Corp,S,549300ZTTY7CXOLJ6539,101830,2015.0,Q2YTD,2015-04-01,2015-09-30,,678000000.0,-0.16,-0.16,2653000000.0,-0.16,,29000000.0,-605000000.0,-605000000.0,-605000000.0,,7501000000.0,16002000000.0,9000000.0,260000000.0,,,4411000000.0,7501000000.0,8501000000.0,1084000000.0,,8002000000.0,499000000.0,-1075000000.0,-576000000.0,16002000000.0,3900000000.0,3969000000.0,3969000000.0
Sprint Corp,S,549300ZTTY7CXOLJ6539,101830,2015.0,Q2TTM,2014-10-01,2015-09-30,,1421000000.0,-0.83,-0.83,4684000000.0,-0.83,2133000000.0,-601000000.0,-3208000000.0,-3208000000.0,-3208000000.0,,16991000000.0,33257000000.0,27000000.0,58000000.0,,304000000.0,9389000000.0,16991000000.0,16266000000.0,2113000000.0,,17989000000.0,-1723000000.0,-2086000000.0,-3809000000.0,33257000000.0,3900000000.0,3969000000.0,3969000000.0
Sprint Corp,S,549300ZTTY7CXOLJ6539,101830,2015.0,Q1,2015-04-01,2015-06-30,2016-08-09 13:37:32+00:00,347000000.0,-0.01,-0.01,1241000000.0,-0.01,,-17000000.0,-20000000.0,-20000000.0,-20000000.0,,3758000000.0,8027000000.0,4000000.0,-7000000.0,,,2187000000.0,3758000000.0,4269000000.0,542000000.0,,3768000000.0,501000000.0,-538000000.0,-37000000.0,8027000000.0,2000000000.0,3967000000.0,3967000000.0
Sprint Corp,S,549300ZTTY7CXOLJ6539,101830,2015.0,Q1TTM,2014-07-01,2015-06-30,,1486000000.0,-0.87,-0.87,4170000000.0,-0.87,2133000000.0,-576000000.0,-3388000000.0,-3388000000.0,-3388000000.0,,18049000000.0,33770000000.0,30000000.0,75000000.0,,304000000.0,9466000000.0,18049000000.0,15721000000.0,2081000000.0,,17634000000.0,-1913000000.0,-2051000000.0,-3964000000.0,33770000000.0,2000000000.0,3967000000.0,3967000000.0
Sprint Corp,S,549300ZTTY7CXOLJ6539,101830,2016.0,FY,2016-04-01,2017-03-31,2019-11-12 15:39:21+00:00,1052000000.0,-0.3,-0.3,3116000000.0,-0.3,0.0,435000000.0,-1206000000.0,-1206000000.0,-1206000000.0,0.0,15419000000.0,33347000000.0,-40000000.0,4002000000.0,,,7994000000.0,15419000000.0,17928000000.0,2495000000.0,,16164000000.0,1764000000.0,-2535000000.0,-771000000.0,33347000000.0,4020000000.0,3981000000.0,3981000000.0
Sprint Corp,S,549300ZTTY7CXOLJ6539,101830,2016.0,Q4,2017-01-01,2017-03-31,,239000000.0,-0.06,-0.06,-2111000000.0,-0.06,,149000000.0,-283000000.0,-283000000.0,-283000000.0,,4197000000.0,8539000000.0,27000000.0,3742000000.0,,,2002000000.0,4197000000.0,4342000000.0,631000000.0,,3872000000.0,470000000.0,-604000000.0,-134000000.0,8539000000.0,4020000000.0,3981000000.0,3981000000.0
Sprint Corp,S,549300ZTTY7CXOLJ6539,101830,2016.0,Q3,2016-10-01,2016-12-31,2018-02-05 20:35:57+00:00,255000000.0,-0.12,-0.12,1837000000.0,-0.12,,111000000.0,-479000000.0,-479000000.0,-479000000.0,0.0,3910000000.0,8549000000.0,-60000000.0,156000000.0,,,2080000000.0,3910000000.0,4639000000.0,619000000.0,,4328000000.0,311000000.0,-679000000.0,-368000000.0,8549000000.0,3991700000.0,3983000000.0,3983000000.0
Sprint Corp,S,549300ZTTY7CXOLJ6539,101830,2016.0,Q3YTD,2016-04-01,2016-12-31,,813000000.0,-0.24,-0.24,5227000000.0,-0.24,,286000000.0,-923000000.0,-923000000.0,-923000000.0,,11222000000.0,24808000000.0,-67000000.0,260000000.0,,,5992000000.0,11222000000.0,13586000000.0,1864000000.0,,12292000000.0,1294000000.0,-1931000000.0,-637000000.0,24808000000.0,3991700000.0,3983000000.0,3983000000.0
Sprint Corp,S,549300ZTTY7CXOLJ6539,101830,2016.0,Q3TTM,2016-01-01,2016-12-31,,1113000000.0,-0.37,-0.37,2806000000.0,-0.37,,301000000.0,-1477000000.0,-1477000000.0,-1477000000.0,,15339000000.0,32879000000.0,-62000000.0,3979000000.0,,409000000.0,7931000000.0,15339000000.0,17540000000.0,2416000000.0,,16238000000.0,1302000000.0,-2478000000.0,-1176000000.0,32879000000.0,3991700000.0,3983000000.0,3983000000.0
Sprint Corp,S,549300ZTTY7CXOLJ6539,101830,2016.0,Q2,2016-07-01,2016-09-30,2017-11-02 17:02:04+00:00,271000000.0,-0.04,-0.04,1710000000.0,-0.04,,119000000.0,-142000000.0,-142000000.0,-142000000.0,,3794000000.0,8247000000.0,-15000000.0,-145000000.0,,,1995000000.0,3794000000.0,4453000000.0,630000000.0,,3831000000.0,622000000.0,-645000000.0,-23000000.0,8247000000.0,3550000000.0,3979000000.0,3979000000.0
Sprint Corp,S,549300ZTTY7CXOLJ6539,101830,2016.0,Q2YTD,2016-04-01,2016-09-30,,558000000.0,-0.12,-0.12,3390000000.0,-0.12,,175000000.0,-444000000.0,-444000000.0,-444000000.0,,7312000000.0,16259000000.0,-7000000.0,104000000.0,,,3912000000.0,7312000000.0,8947000000.0,1245000000.0,,7964000000.0,983000000.0,-1252000000.0,-269000000.0,16259000000.0,3550000000.0,3979000000.0,3979000000.0
Sprint Corp,S,549300ZTTY7CXOLJ6539,101830,2016.0,Q2TTM,2015-10-01,2016-09-30,,1174000000.0,-0.46,-0.46,2518000000.0,-0.46,,287000000.0,-1834000000.0,-1834000000.0,-1834000000.0,,15366000000.0,32437000000.0,2000000.0,4196000000.0,,409000000.0,7980000000.0,15366000000.0,17071000000.0,2343000000.0,,16277000000.0,794000000.0,-2341000000.0,-1547000000.0,32437000000.0,3550000000.0,3979000000.0,3979000000.0
Sprint Corp,S,549300ZTTY7CXOLJ6539,101830,2016.0,Q1,2016-04-01,2016-06-30,2017-08-03 12:22:43+00:00,287000000.0,-0.08,-0.08,1680000000.0,-0.08,,56000000.0,-302000000.0,-302000000.0,-302000000.0,,3518000000.0,8012000000.0,8000000.0,249000000.0,,,1917000000.0,3518000000.0,4494000000.0,615000000.0,,4133000000.0,361000000.0,-607000000.0,-246000000.0,8012000000.0,3775000000.0,3975000000.0,3975000000.0
Sprint Corp,S,549300ZTTY7CXOLJ6539,101830,2016.0,Q1TTM,2015-07-01,2016-06-30,,1234000000.0,-0.57,-0.57,2220000000.0,-0.57,,214000000.0,-2277000000.0,-2277000000.0,-2277000000.0,,15315000000.0,32165000000.0,22000000.0,4608000000.0,,409000000.0,8209000000.0,15315000000.0,16850000000.0,2255000000.0,,16680000000.0,170000000.0,-2233000000.0,-2063000000.0,32165000000.0,3775000000.0,3975000000.0,3975000000.0
Sprint Corp,S,549300ZTTY7CXOLJ6539,101830,2017.0,FY,2017-04-01,2018-03-31,2019-11-12 15:39:21+00:00,812000000.0,1.85,1.85,3792000000.0,1.81,0.0,-7074000000.0,7377000000.0,7377000000.0,7389000000.0,-12000000.0,13403000000.0,32406000000.0,-59000000.0,3585000000.0,,,8087000000.0,13403000000.0,19003000000.0,2365000000.0,,16276000000.0,2727000000.0,-2424000000.0,303000000.0,32406000000.0,3994100000.0,3999000000.0,4078000000.0
Sprint Corp,S,549300ZTTY7CXOLJ6539,101830,2017.0,Q4,2018-01-01,2018-03-31,,184000000.0,0.02,0.02,1060000000.0,0.01,,-412000000.0,63000000.0,63000000.0,69000000.0,-6000000.0,3294000000.0,8083000000.0,-9000000.0,1281000000.0,,,2028000000.0,3294000000.0,4789000000.0,576000000.0,,4553000000.0,236000000.0,-585000000.0,-349000000.0,8083000000.0,3994100000.0,3999000000.0,4078000000.0
Sprint Corp,S,549300ZTTY7CXOLJ6539,101830,2017.0,Q3,2017-10-01,2017-12-31,2019-01-31 16:06:06+00:00,196000000.0,1.79,1.79,990000000.0,1.76,,-7052000000.0,7156000000.0,7156000000.0,7162000000.0,-6000000.0,3529000000.0,8239000000.0,-42000000.0,689000000.0,,,2108000000.0,3529000000.0,4710000000.0,581000000.0,,3983000000.0,727000000.0,-623000000.0,104000000.0,8239000000.0,4001100000.0,4001000000.0,4061000000.0
Sprint Corp,S,549300ZTTY7CXOLJ6539,101830,2017.0,Q3YTD,2017-04-01,2017-12-31,,628000000.0,1.83,1.83,2732000000.0,1.8,,-6662000000.0,7314000000.0,7314000000.0,7320000000.0,-6000000.0,10109000000.0,24323000000.0,-50000000.0,2304000000.0,,,6059000000.0,10109000000.0,14214000000.0,1789000000.0,,11723000000.0,2491000000.0,-1839000000.0,652000000.0,24323000000.0,4001100000.0,4001000000.0,4061000000.0
Sprint Corp,S,549300ZTTY7CXOLJ6539,101830,2017.0,Q3TTM,2017-01-01,2017-12-31,,867000000.0,1.77,1.77,621000000.0,1.74,,-6513000000.0,7031000000.0,7031000000.0,7037000000.0,-6000000.0,14306000000.0,32862000000.0,-23000000.0,6046000000.0,,,8061000000.0,14306000000.0,18556000000.0,2420000000.0,,15595000000.0,2961000000.0,-2443000000.0,518000000.0,32862000000.0,4001100000.0,4001000000.0,4061000000.0
Sprint Corp,S,549300ZTTY7CXOLJ6539,101830,2017.0,Q2,2017-07-01,2017-09-30,2018-11-07 15:44:40+00:00,209000000.0,-0.01,-0.01,888000000.0,-0.01,,98000000.0,-48000000.0,-48000000.0,-48000000.0,0.0,3214000000.0,7927000000.0,44000000.0,1002000000.0,,,2013000000.0,3214000000.0,4713000000.0,595000000.0,,4112000000.0,601000000.0,-551000000.0,50000000.0,7927000000.0,4800000000.0,3998000000.0,3998000000.0
Sprint Corp,S,549300ZTTY7CXOLJ6539,101830,2017.0,Q2YTD,2017-04-01,2017-09-30,,432000000.0,0.04,0.04,1742000000.0,0.04,,390000000.0,158000000.0,158000000.0,158000000.0,,6580000000.0,16084000000.0,-8000000.0,1615000000.0,,,3951000000.0,6580000000.0,9504000000.0,1208000000.0,,7740000000.0,1764000000.0,-1216000000.0,548000000.0,16084000000.0,4800000000.0,3998000000.0,3998000000.0
Sprint Corp,S,549300ZTTY7CXOLJ6539,101830,2017.0,Q2TTM,2016-10-01,2017-09-30,,926000000.0,-0.14,-0.14,1468000000.0,-0.14,,650000000.0,-604000000.0,-604000000.0,-604000000.0,,14687000000.0,33172000000.0,-41000000.0,5513000000.0,,,8033000000.0,14687000000.0,18485000000.0,2458000000.0,,15940000000.0,2545000000.0,-2499000000.0,46000000.0,33172000000.0,4800000000.0,3998000000.0,3998000000.0
Sprint Corp,S,549300ZTTY7CXOLJ6539,101830,2017.0,Q1,2017-04-01,2017-06-30,2018-08-07 15:27:50+00:00,223000000.0,0.05,0.05,854000000.0,0.05,,292000000.0,206000000.0,206000000.0,206000000.0,0.0,3366000000.0,8157000000.0,-52000000.0,613000000.0,,,1938000000.0,3366000000.0,4791000000.0,613000000.0,,3628000000.0,1163000000.0,-665000000.0,498000000.0,8157000000.0,4120000000.0,3993000000.0,4076000000.0
Sprint Corp,S,549300ZTTY7CXOLJ6539,101830,2017.0,Q1TTM,2016-07-01,2017-06-30,,988000000.0,-0.17,-0.17,2290000000.0,-0.17,,671000000.0,-698000000.0,-698000000.0,-698000000.0,,15267000000.0,33492000000.0,-100000000.0,4366000000.0,,,8015000000.0,15267000000.0,18225000000.0,2493000000.0,,15659000000.0,2566000000.0,-2593000000.0,-27000000.0,33492000000.0,4120000000.0,3993000000.0,4076000000.0
Sprint Corp,S,549300ZTTY7CXOLJ6539,101830,2018.0,Q3,2018-10-01,2018-12-31,2020-01-27 17:08:33+00:00,145000000.0,-0.03,-0.03,1137000000.0,-0.03,,-8000000.0,-145000000.0,-145000000.0,-141000000.0,-4000000.0,3564000000.0,8601000000.0,32000000.0,1273000000.0,,,2003000000.0,3564000000.0,5037000000.0,664000000.0,,4558000000.0,479000000.0,-632000000.0,-153000000.0,8601000000.0,4700000000.0,4078000000.0,4078000000.0
Sprint Corp,S,549300ZTTY7CXOLJ6539,101830,2018.0,Q3YTD,2018-04-01,2018-12-31,,475000000.0,0.06,0.06,3454000000.0,0.06,,56000000.0,235000000.0,235000000.0,231000000.0,4000000.0,9997000000.0,25159000000.0,153000000.0,3430000000.0,,,5731000000.0,9997000000.0,15162000000.0,1934000000.0,,13090000000.0,2072000000.0,-1781000000.0,291000000.0,25159000000.0,4700000000.0,4078000000.0,4078000000.0
Sprint Corp,S,549300ZTTY7CXOLJ6539,101830,2018.0,Q3TTM,2018-01-01,2018-12-31,,659000000.0,0.08,0.08,4514000000.0,0.07,,-356000000.0,298000000.0,298000000.0,300000000.0,-2000000.0,13291000000.0,33242000000.0,144000000.0,4711000000.0,,,7759000000.0,13291000000.0,19951000000.0,2510000000.0,,17643000000.0,2308000000.0,-2366000000.0,-58000000.0,33242000000.0,4700000000.0,4078000000.0,4078000000.0
Sprint Corp,S,549300ZTTY7CXOLJ6539,101830,2018.0,Q2,2018-07-01,2018-09-30,2019-11-12 15:55:15+00:00,159000000.0,0.05,0.05,1181000000.0,0.05,,17000000.0,207000000.0,207000000.0,196000000.0,11000000.0,3362000000.0,8433000000.0,79000000.0,1092000000.0,,,1861000000.0,3362000000.0,5071000000.0,633000000.0,,4293000000.0,778000000.0,-554000000.0,224000000.0,8433000000.0,3920000000.0,4061000000.0,4124000000.0
Sprint Corp,S,549300ZTTY7CXOLJ6539,101830,2018.0,Q2YTD,2018-04-01,2018-09-30,,330000000.0,0.09,0.09,2317000000.0,0.09,,64000000.0,380000000.0,380000000.0,372000000.0,8000000.0,6433000000.0,16558000000.0,121000000.0,2157000000.0,,,3728000000.0,6433000000.0,10125000000.0,1270000000.0,,8532000000.0,1593000000.0,-1149000000.0,444000000.0,16558000000.0,3920000000.0,4061000000.0,4124000000.0
Sprint Corp,S,549300ZTTY7CXOLJ6539,101830,2018.0,Q2TTM,2017-10-01,2018-09-30,,710000000.0,1.9,1.9,4367000000.0,1.86,,-7400000000.0,7599000000.0,7599000000.0,7603000000.0,-4000000.0,13256000000.0,32880000000.0,70000000.0,4127000000.0,,,7864000000.0,13256000000.0,19624000000.0,2427000000.0,,17068000000.0,2556000000.0,-2357000000.0,199000000.0,32880000000.0,3920000000.0,4061000000.0,4124000000.0
Sprint Corp,S,549300ZTTY7CXOLJ6539,101830,2018.0,Q1,2018-04-01,2018-06-30,2019-08-07 17:33:27+00:00,171000000.0,0.04,0.04,1136000000.0,0.04,,47000000.0,173000000.0,173000000.0,176000000.0,-3000000.0,3071000000.0,8125000000.0,42000000.0,1065000000.0,,,1867000000.0,3071000000.0,5054000000.0,637000000.0,,4239000000.0,815000000.0,-595000000.0,220000000.0,8125000000.0,4400000000.0,4010000000.0,4061000000.0
Sprint Corp,S,549300ZTTY7CXOLJ6539,101830,2018.0,Q1TTM,2017-07-01,2018-06-30,,760000000.0,1.84,1.84,4074000000.0,1.8,,-7319000000.0,7344000000.0,7344000000.0,7359000000.0,-15000000.0,13108000000.0,32374000000.0,35000000.0,4037000000.0,,,8016000000.0,13108000000.0,19266000000.0,2389000000.0,,16887000000.0,2379000000.0,-2354000000.0,25000000.0,32374000000.0,4400000000.0,4010000000.0,4061000000.0
Sprint Corp,S,549300ZTTY7CXOLJ6539,101830,2019.0,Q3YTD,2019-04-01,2019-12-31,,698000000.0,-0.03,-0.13,3096000000.0,-0.13,,-494000000.0,-514000000.0,-514000000.0,-505000000.0,-9000000.0,10215000000.0,24017000000.0,36000000.0,3362000000.0,,,5888000000.0,10215000000.0,13802000000.0,1802000000.0,,13044000000.0,758000000.0,-1766000000.0,-1008000000.0,24017000000.0,-1714300000.0,4109000000.0,4109000000.0
Sprint Corp,S,549300ZTTY7CXOLJ6539,101830,2019.0,Q3,2019-10-01,2019-12-31,2020-01-27 17:08:33+00:00,474000000.0,0.07,-0.03,1011000000.0,-0.03,,-408000000.0,-121000000.0,-121000000.0,-120000000.0,-1000000.0,3565000000.0,8080000000.0,-6000000.0,919000000.0,,,2045000000.0,3565000000.0,4515000000.0,589000000.0,,4449000000.0,66000000.0,-595000000.0,-529000000.0,8080000000.0,-1714300000.0,4109000000.0,4109000000.0
Sprint Corp,S,549300ZTTY7CXOLJ6539,101830,2019.0,Q2,2019-07-01,2019-09-30,2019-11-12 15:55:15+00:00,106000000.0,-0.07,-0.07,1056000000.0,-0.07,,-64000000.0,-279000000.0,-279000000.0,-274000000.0,-5000000.0,3374000000.0,7795000000.0,14000000.0,1086000000.0,,,1936000000.0,3374000000.0,4421000000.0,594000000.0,,4184000000.0,237000000.0,-580000000.0,-343000000.0,7795000000.0,3914300000.0,4098000000.0,4098000000.0
Sprint Corp,S,549300ZTTY7CXOLJ6539,101830,2019.0,Q2YTD,2019-04-01,2019-09-30,,224000000.0,-0.1,-0.1,2085000000.0,-0.1,,-86000000.0,-393000000.0,-393000000.0,-385000000.0,-8000000.0,6650000000.0,15937000000.0,42000000.0,2443000000.0,,,3843000000.0,6650000000.0,9287000000.0,1213000000.0,,8595000000.0,692000000.0,-1171000000.0,-479000000.0,15937000000.0,3914300000.0,4098000000.0,4098000000.0
Sprint Corp,S,549300ZTTY7CXOLJ6539,101830,2019.0,Q1,2019-04-01,2019-06-30,2019-08-07 17:33:27+00:00,118000000.0,-0.03,-0.03,1029000000.0,-0.03,,-22000000.0,-114000000.0,-114000000.0,-111000000.0,-3000000.0,3276000000.0,8142000000.0,28000000.0,1357000000.0,,,1907000000.0,3276000000.0,4866000000.0,619000000.0,,4411000000.0,455000000.0,-591000000.0,-136000000.0,8142000000.0,3700000000.0,4087000000.0,4087000000.0
