company_name,company_ticker,company_lei,company_cik,year,quarter,start_date,end_date,filing_date,basicdilutedeps,basiceps,cashdividendspershare,depreciationexpense,dilutedeps,impairmentexpense,incometaxexpense,marketingexpense,netincome,netincomecontinuing,netincomediscontinued,netincometocommon,netincometononcontrollinginterest,operatingcostofrevenue,operatingrevenue,otherincome,otheroperatingexpenses,otherrevenue,otherspecialcharges,rdexpense,restructuringcharge,sgaexpense,totalcostofrevenue,totalgrossprofit,totalinterestexpense,totalinterestincome,totaloperatingexpenses,totaloperatingincome,totalotherincome,totalpretaxincome,totalrevenue,weightedavebasicdilutedsharesos,weightedavebasicsharesos,weightedavedilutedsharesos
New York Times Co,NYT,,71691,2008.0,FY,2007-12-31,2008-12-28,2011-02-22 17:02:39+00:00,-0.4,-0.4,0.75,144301000.0,-0.4,197879000.0,-5979000.0,,-57338000.0,-65940000.0,8602000.0,-57839000.0,501000.0,1310343000.0,2681187000.0,,,258577000.0,,,,1328432000.0,1310343000.0,1629421000.0,47790000.0,17062000.0,1670612000.0,-41191000.0,-30728000.0,-71919000.0,2939764000.0,144600000.0,143777000.0,143777000.0
New York Times Co,NYT,,71691,2009.0,FY,2008-12-29,2009-12-27,2012-02-23 15:01:36+00:00,0.14,0.14,,133696000.0,0.14,4179000.0,2206000.0,,19901000.0,1569000.0,18332000.0,19891000.0,10000.0,1021230000.0,2272777000.0,,78931000.0,167662000.0,-24530000.0,,,1152874000.0,1021230000.0,1419209000.0,9250000.0,-61034000.0,1345150000.0,74059000.0,-70284000.0,3775000.0,2440439000.0,142100000.0,144188000.0,146367000.0
New York Times Co,NYT,,71691,2009.0,Q3,2009-06-29,2009-09-27,2010-10-28 16:42:36+00:00,-0.25,-0.25,,31306000.0,-0.25,,-2482000.0,,-35735000.0,-34741000.0,-994000.0,-35624000.0,-111000.0,240256000.0,530657000.0,,76110000.0,38805000.0,-5198000.0,,,250681000.0,240256000.0,329206000.0,21028000.0,7498000.0,352899000.0,-23693000.0,-13530000.0,-37223000.0,569462000.0,142500000.0,144335000.0,144335000.0
New York Times Co,NYT,,71691,2009.0,Q2,2009-03-30,2009-06-28,2010-08-05 16:17:43+00:00,0.27,0.27,0.0,34391000.0,0.27,,-38200000.0,,39124000.0,39210000.0,-86000.0,39064000.0,60000.0,253089000.0,543020000.0,,6845000.0,39673000.0,,,,264886000.0,253089000.0,329604000.0,30906000.0,8434000.0,306122000.0,23482000.0,-22472000.0,1010000.0,582693000.0,144700000.0,143981000.0,144626000.0
New York Times Co,NYT,,71691,2010.0,FY,2009-12-28,2010-12-26,2012-02-23 15:01:36+00:00,0.74,0.74,,120950000.0,0.71,16148000.0,68516000.0,,108718000.0,108705000.0,13000.0,107704000.0,1014000.0,961778000.0,2231854000.0,,6268000.0,161609000.0,0.0,,,1054199000.0,961778000.0,1431685000.0,0.0,-56899000.0,1197565000.0,234120000.0,-56899000.0,177221000.0,2393463000.0,145500000.0,145636000.0,152600000.0
New York Times Co,NYT,,71691,2010.0,Q4,2010-09-27,2010-12-26,,0.46,0.46,,30134000.0,0.45,,18072000.0,,67099000.0,67099000.0,,67139000.0,-40000.0,246743000.0,616517000.0,,,45159000.0,,,,273155000.0,246743000.0,414933000.0,-61825000.0,-88298000.0,303289000.0,111644000.0,-26473000.0,85171000.0,661676000.0,145500000.0,145636000.0,152600000.0
New York Times Co,NYT,,71691,2010.0,Q3YTD,2009-12-28,2010-09-26,,0.28,0.28,,90816000.0,0.26,16148000.0,50444000.0,,41619000.0,41606000.0,13000.0,40565000.0,1054000.0,715035000.0,1615337000.0,,6268000.0,116450000.0,,,,781044000.0,715035000.0,1016752000.0,61825000.0,31399000.0,894276000.0,122476000.0,-30426000.0,92050000.0,1731787000.0,142000000.0,145803000.0,145803000.0
New York Times Co,NYT,,71691,2010.0,Q3,2010-06-28,2010-09-26,2011-11-03 16:02:10+00:00,-0.03,-0.03,,30100000.0,-0.03,16148000.0,-2018000.0,,-4358000.0,-4134000.0,-224000.0,-4261000.0,-97000.0,237384000.0,516128000.0,,6268000.0,38205000.0,,,,255440000.0,237384000.0,316949000.0,20627000.0,5482000.0,307956000.0,8993000.0,-15145000.0,-6152000.0,554333000.0,142000000.0,145803000.0,145803000.0
New York Times Co,NYT,,71691,2010.0,Q2YTD,2009-12-28,2010-06-27,,0.31,0.31,,60716000.0,0.29,,52462000.0,,45977000.0,45740000.0,237000.0,44826000.0,1151000.0,477651000.0,1099209000.0,,,78245000.0,,,,525604000.0,477651000.0,699803000.0,41198000.0,25917000.0,586320000.0,113483000.0,-15281000.0,98202000.0,1177454000.0,145600000.0,145601000.0,152962000.0
New York Times Co,NYT,,71691,2010.0,Q2,2010-03-29,2010-06-27,2011-08-04 16:12:36+00:00,0.22,0.22,,30327000.0,0.21,0.0,25435000.0,,31819000.0,31582000.0,237000.0,32033000.0,-214000.0,236802000.0,549688000.0,,0.0,39899000.0,,,,261633000.0,236802000.0,352785000.0,20614000.0,16806000.0,291960000.0,60825000.0,-3808000.0,57017000.0,589587000.0,145600000.0,145601000.0,152962000.0
New York Times Co,NYT,,71691,2010.0,Q1,2009-12-28,2010-03-28,2011-05-05 15:43:20+00:00,0.09,0.09,,30389000.0,0.08,,27027000.0,,14158000.0,14158000.0,,12793000.0,1365000.0,240849000.0,549521000.0,,,38346000.0,,,,263971000.0,240849000.0,347018000.0,20584000.0,9111000.0,294360000.0,52658000.0,-11473000.0,41185000.0,587867000.0,142100000.0,145195000.0,153924000.0
New York Times Co,NYT,,71691,2011.0,FY,2010-12-27,2011-12-25,2013-02-28 16:38:30+00:00,-0.27,-0.27,,94224000.0,-0.26,9225000.0,31932000.0,,-40224000.0,51295000.0,-91519000.0,-39669000.0,-555000.0,810569000.0,1817513000.0,,8728000.0,135117000.0,,,,886232000.0,810569000.0,1142061000.0,46381000.0,-14044000.0,998409000.0,143652000.0,-60425000.0,83227000.0,1952630000.0,146900000.0,147190000.0,152007000.0
New York Times Co,NYT,,71691,2011.0,Q4,2011-09-26,2011-12-25,,0.39,0.39,,18204000.0,0.39,,18583000.0,,58905000.0,35202000.0,23703000.0,58945000.0,-40000.0,188211000.0,455053000.0,,4500000.0,33356000.0,,,,212302000.0,188211000.0,300198000.0,-69782000.0,-81189000.0,235006000.0,65192000.0,-11407000.0,53785000.0,488409000.0,146900000.0,147190000.0,152007000.0
New York Times Co,NYT,,71691,2011.0,Q3YTD,2010-12-27,2011-09-25,,-0.66,-0.66,,76020000.0,-0.65,9225000.0,13349000.0,,-99129000.0,16093000.0,-115222000.0,-98614000.0,-515000.0,622358000.0,1362460000.0,,4228000.0,101761000.0,,,,673930000.0,622358000.0,841863000.0,116163000.0,67145000.0,763403000.0,78460000.0,-49018000.0,29442000.0,1464221000.0,142600000.0,147355000.0,151293000.0
New York Times Co,NYT,,71691,2011.0,Q3TTM,2010-09-27,2011-09-25,,-0.2,-0.2,,106154000.0,-0.2,9225000.0,31421000.0,,-32030000.0,83192000.0,-115222000.0,-31475000.0,-555000.0,869101000.0,1978977000.0,,4228000.0,146920000.0,,,,947085000.0,869101000.0,1256796000.0,54338000.0,-21153000.0,1066692000.0,190104000.0,-75491000.0,114613000.0,2125897000.0,142600000.0,147355000.0,151293000.0
New York Times Co,NYT,,71691,2011.0,Q3,2011-06-27,2011-09-25,2012-11-02 16:08:11+00:00,0.11,0.11,,23747000.0,0.1,0.0,12440000.0,,15468000.0,6394000.0,9074000.0,15685000.0,-217000.0,197504000.0,419109000.0,,0.0,32460000.0,,,,209269000.0,197504000.0,254065000.0,66420000.0,64205000.0,233016000.0,21049000.0,-2215000.0,18834000.0,451569000.0,142600000.0,147355000.0,151293000.0
New York Times Co,NYT,,71691,2011.0,Q2YTD,2010-12-27,2011-06-26,,-0.77,-0.77,,52273000.0,-0.75,9225000.0,909000.0,,-114597000.0,9699000.0,-124296000.0,-114299000.0,-298000.0,424854000.0,943351000.0,,4228000.0,69301000.0,,,,464661000.0,424854000.0,587798000.0,49743000.0,2940000.0,530387000.0,57411000.0,-46803000.0,10608000.0,1012652000.0,147800000.0,147176000.0,151802000.0
New York Times Co,NYT,,71691,2011.0,Q2TTM,2010-06-28,2011-06-26,,-0.34,-0.34,,112507000.0,-0.33,25373000.0,16963000.0,,-51856000.0,72664000.0,-124520000.0,-51421000.0,-435000.0,908981000.0,2075996000.0,,10496000.0,152665000.0,,,,993256000.0,908981000.0,1319680000.0,8545000.0,-79876000.0,1141632000.0,178048000.0,-88421000.0,89627000.0,2228661000.0,147800000.0,147176000.0,151802000.0
New York Times Co,NYT,,71691,2011.0,Q2,2011-03-28,2011-06-26,2012-08-03 14:45:42+00:00,-0.81,-0.81,,26600000.0,-0.79,9225000.0,1505000.0,,-119823000.0,7626000.0,-127449000.0,-119718000.0,-105000.0,209848000.0,477492000.0,,4228000.0,34496000.0,,,,230595000.0,209848000.0,302140000.0,25152000.0,2791000.0,270648000.0,31492000.0,-22361000.0,9131000.0,511988000.0,147800000.0,147176000.0,151802000.0
New York Times Co,NYT,,71691,2011.0,Q1TTM,2010-03-29,2011-03-27,,0.69,0.69,,116234000.0,0.67,16148000.0,40893000.0,,99786000.0,96620000.0,3166000.0,100330000.0,-544000.0,935935000.0,2148192000.0,,6268000.0,158068000.0,,,,1024294000.0,935935000.0,1370325000.0,4007000.0,-65861000.0,1162944000.0,207381000.0,-69868000.0,137513000.0,2306260000.0,135500000.0,146777000.0,153760000.0
New York Times Co,NYT,,71691,2011.0,Q1,2010-12-27,2011-03-27,2012-05-03 16:56:31+00:00,0.04,0.04,,25673000.0,0.04,0.0,-596000.0,,5226000.0,2073000.0,3153000.0,5419000.0,-193000.0,215006000.0,465859000.0,,,34805000.0,,,,234066000.0,215006000.0,285658000.0,24591000.0,149000.0,259739000.0,25919000.0,-24442000.0,1477000.0,500664000.0,135500000.0,146777000.0,153760000.0
New York Times Co,NYT,,71691,2012.0,FY,2011-12-26,2012-12-30,2014-02-26 17:20:35+00:00,0.9,0.92,0.0,78980000.0,0.89,0.0,94617000.0,,136013000.0,163940000.0,-27927000.0,135847000.0,166000.0,651318000.0,1506866000.0,,50277000.0,88475000.0,,,,711112000.0,651318000.0,944023000.0,62808000.0,217711000.0,840369000.0,103654000.0,154903000.0,258557000.0,1595341000.0,150900000.0,148147000.0,152693000.0
New York Times Co,NYT,,71691,2012.0,Q4,2012-09-24,2012-12-30,,0.59,1.21,,3459000.0,1.17,,66572000.0,,179324000.0,120979000.0,58345000.0,179057000.0,267000.0,43828000.0,193611000.0,,50277000.0,-12532000.0,,,,45058000.0,43828000.0,137251000.0,16395000.0,165489000.0,98794000.0,38457000.0,149094000.0,187551000.0,181079000.0,150900000.0,148147000.0,152693000.0
New York Times Co,NYT,,71691,2012.0,Q3,2012-06-25,2012-09-23,2012-11-02 16:08:11+00:00,0.02,0.02,,22485000.0,0.02,0.0,-2796000.0,,2261000.0,-3765000.0,6026000.0,2282000.0,-21000.0,201577000.0,417508000.0,,0.0,31520000.0,,,,216457000.0,201577000.0,247451000.0,15497000.0,427000.0,238942000.0,8509000.0,-15070000.0,-6561000.0,449028000.0,114100000.0,148254000.0,148254000.0
New York Times Co,NYT,,71691,2012.0,Q3YTD,2011-12-26,2012-09-23,,0.31,-0.29,,75521000.0,-0.28,,28045000.0,,-43311000.0,42961000.0,-86272000.0,-43210000.0,-101000.0,607490000.0,1313255000.0,,,101007000.0,,,,666054000.0,607490000.0,806772000.0,46413000.0,52222000.0,741575000.0,65197000.0,5809000.0,71006000.0,1414262000.0,114100000.0,148254000.0,148254000.0
New York Times Co,NYT,,71691,2012.0,Q3TTM,2011-09-26,2012-09-23,,0.7,0.1,,93725000.0,0.11,,46628000.0,,15594000.0,78163000.0,-62569000.0,15735000.0,-141000.0,795701000.0,1768308000.0,,4500000.0,134363000.0,,,,878356000.0,795701000.0,1106970000.0,-23369000.0,-28967000.0,976581000.0,130389000.0,-5598000.0,124791000.0,1902671000.0,114100000.0,148254000.0,148254000.0
New York Times Co,NYT,,71691,2012.0,Q2YTD,2011-12-26,2012-06-24,,0.29,-0.31,,53036000.0,-0.3,,30841000.0,,-45572000.0,46726000.0,-92298000.0,-45492000.0,-80000.0,405913000.0,895747000.0,,,69487000.0,,,,449597000.0,405913000.0,559321000.0,30916000.0,51795000.0,502633000.0,56688000.0,20879000.0,77567000.0,965234000.0,-8762200000.0,148005000.0,149799000.0
New York Times Co,NYT,,71691,2012.0,Q2TTM,2011-06-27,2012-06-24,,0.79,0.19,,94987000.0,0.19,,61864000.0,,28801000.0,88322000.0,-59521000.0,29138000.0,-337000.0,791628000.0,1769909000.0,,4500000.0,135303000.0,,,,871168000.0,791628000.0,1113584000.0,27554000.0,34811000.0,970655000.0,142929000.0,7257000.0,150186000.0,1905212000.0,-8762200000.0,148005000.0,149799000.0
New York Times Co,NYT,,71691,2012.0,Q2,2012-03-26,2012-06-24,2013-08-08 16:49:28+00:00,0.01,-0.59,,22920000.0,-0.58,,29440000.0,,-87649000.0,38040000.0,-125689000.0,-87622000.0,-27000.0,202578000.0,453519000.0,,,36283000.0,,,,220236000.0,202578000.0,287224000.0,15464000.0,38876000.0,243156000.0,44068000.0,23412000.0,67480000.0,489802000.0,-8762200000.0,148005000.0,149799000.0
New York Times Co,NYT,,71691,2012.0,Q1TTM,2011-03-28,2012-03-25,,-0.03,-0.03,,98667000.0,-0.02,9225000.0,33929000.0,,-3373000.0,57908000.0,-61281000.0,-2958000.0,-415000.0,798898000.0,1793882000.0,,8728000.0,133516000.0,,,,881527000.0,798898000.0,1128500000.0,37242000.0,-1274000.0,998147000.0,130353000.0,-38516000.0,91837000.0,1927398000.0,150500000.0,147867000.0,151468000.0
New York Times Co,NYT,,71691,2012.0,Q1,2011-12-26,2012-03-25,2013-05-09 16:31:27+00:00,0.28,0.28,,30116000.0,0.28,,1401000.0,,42077000.0,8686000.0,33391000.0,42130000.0,-53000.0,203335000.0,442228000.0,,,33204000.0,,,,229361000.0,203335000.0,272097000.0,15452000.0,12919000.0,259477000.0,12620000.0,-2533000.0,10087000.0,475432000.0,150500000.0,147867000.0,151468000.0
New York Times Co,NYT,,71691,2013.0,FY,2012-12-31,2013-12-29,2016-02-24 12:57:55+00:00,0.43,0.43,0.08,78477000.0,0.41,,37892000.0,,64856000.0,56907000.0,7949000.0,65105000.0,-249000.0,626913000.0,1490964000.0,,9399000.0,86266000.0,0.0,,,706354000.0,626913000.0,950317000.0,58073000.0,-3215000.0,794230000.0,156087000.0,-61288000.0,94799000.0,1577230000.0,151400000.0,149755000.0,157774000.0
New York Times Co,NYT,,71691,2013.0,Q4,2013-09-30,2013-12-29,,0.43,0.43,0.04,17634000.0,0.42,,18534000.0,,66117000.0,41956000.0,24161000.0,66062000.0,55000.0,124375000.0,345830000.0,,3228000.0,12772000.0,,,,139227000.0,124375000.0,234227000.0,13901000.0,253000.0,160089000.0,74138000.0,-13648000.0,60490000.0,358602000.0,151400000.0,149755000.0,157774000.0
New York Times Co,NYT,,71691,2013.0,Q3YTD,2012-12-31,2013-09-29,,,,0.04,60843000.0,-0.01,,19358000.0,,-1261000.0,14951000.0,-16212000.0,-957000.0,-304000.0,502538000.0,1145134000.0,,6171000.0,73494000.0,,,,567127000.0,502538000.0,716090000.0,44172000.0,-3468000.0,634141000.0,81949000.0,-47640000.0,34309000.0,1218628000.0,151400000.0,150033000.0,150033000.0
New York Times Co,NYT,,71691,2013.0,Q3TTM,2012-09-24,2013-09-29,,0.59,1.21,0.04,64302000.0,1.16,,85930000.0,,178063000.0,135930000.0,42133000.0,178100000.0,-37000.0,546366000.0,1338745000.0,,56448000.0,60962000.0,,,,612185000.0,546366000.0,853341000.0,60567000.0,162021000.0,732935000.0,120406000.0,101454000.0,221860000.0,1399707000.0,151400000.0,150033000.0,150033000.0
New York Times Co,NYT,,71691,2013.0,Q3,2013-07-01,2013-09-29,2014-11-05 16:39:14+00:00,-0.16,-0.16,0.04,20293000.0,-0.16,,2578000.0,,-24287000.0,-5300000.0,-18987000.0,-24226000.0,-61000.0,152595000.0,342174000.0,,6171000.0,19564000.0,0.0,,,169824000.0,152595000.0,209143000.0,15454000.0,-123000.0,196288000.0,12855000.0,-15577000.0,-2722000.0,361738000.0,151400000.0,150033000.0,150033000.0
New York Times Co,NYT,,71691,2013.0,Q2YTD,2012-12-31,2013-06-30,,0.16,0.16,,40550000.0,0.15,,16780000.0,,23026000.0,20251000.0,2775000.0,23269000.0,-243000.0,349943000.0,802960000.0,,,53930000.0,,,,397303000.0,349943000.0,506947000.0,28718000.0,-3345000.0,437853000.0,69094000.0,-32063000.0,37031000.0,856890000.0,143800000.0,148797000.0,156511000.0
New York Times Co,NYT,,71691,2013.0,Q2TTM,2012-06-25,2013-06-30,,0.77,1.39,,66494000.0,1.34,,80556000.0,,204611000.0,137465000.0,67146000.0,204608000.0,3000.0,595348000.0,1414079000.0,,50277000.0,72918000.0,,,,658818000.0,595348000.0,891649000.0,60610000.0,162571000.0,775589000.0,116060000.0,101961000.0,218021000.0,1486997000.0,143800000.0,148797000.0,156511000.0
New York Times Co,NYT,,71691,2013.0,Q2,2013-04-01,2013-06-30,2014-08-05 16:47:40+00:00,0.14,0.14,0.0,18750000.0,0.13,,13813000.0,,20137000.0,17362000.0,2775000.0,20131000.0,6000.0,153069000.0,370004000.0,,,20953000.0,0.0,,,172914000.0,153069000.0,237888000.0,14644000.0,-405000.0,191664000.0,46224000.0,-15049000.0,31175000.0,390957000.0,143800000.0,148797000.0,156511000.0
New York Times Co,NYT,,71691,2013.0,Q1,2012-12-31,2013-03-31,2013-05-09 16:31:27+00:00,0.02,0.02,,21800000.0,0.02,,2967000.0,,2889000.0,2889000.0,0.0,3138000.0,-249000.0,196874000.0,432956000.0,,,32977000.0,,,,224389000.0,196874000.0,269059000.0,14074000.0,-2940000.0,246189000.0,22870000.0,-17014000.0,5856000.0,465933000.0,156900000.0,148710000.0,155270000.0
New York Times Co,NYT,,71691,2013.0,Q1TTM,2012-03-26,2013-03-31,,0.64,0.66,,70664000.0,0.63,,96183000.0,,96825000.0,158143000.0,-61318000.0,96855000.0,-30000.0,644857000.0,1497594000.0,,50277000.0,88248000.0,,,,706140000.0,644857000.0,940985000.0,61430000.0,201852000.0,827081000.0,113904000.0,140422000.0,254326000.0,1585842000.0,156900000.0,148710000.0,155270000.0
New York Times Co,NYT,,71691,2014.0,FY,2013-12-30,2014-12-28,2017-02-22 17:31:08+00:00,0.22,0.22,0.16,79455000.0,0.2,,-3541000.0,,32305000.0,33391000.0,-1086000.0,33307000.0,-1002000.0,643995000.0,1502528000.0,,9525000.0,86000000.0,2550000.0,,0.0,761055000.0,643995000.0,944533000.0,53730000.0,-8368000.0,852585000.0,91948000.0,-62098000.0,29850000.0,1588528000.0,151400000.0,150673000.0,161323000.0
New York Times Co,NYT,,71691,2014.0,Q4,2014-09-29,2014-12-28,,0.23,0.23,0.04,20819000.0,0.21,,8685000.0,,33832000.0,33924000.0,-92000.0,34875000.0,-1043000.0,165891000.0,421578000.0,,,23105000.0,,,,195549000.0,165891000.0,278792000.0,11970000.0,-7845000.0,216368000.0,62424000.0,-19815000.0,42609000.0,444683000.0,151400000.0,150673000.0,161323000.0
New York Times Co,NYT,,71691,2014.0,Q3,2014-06-30,2014-09-28,2015-11-04 15:43:51+00:00,-0.08,-0.08,0.04,19375000.0,-0.08,,-10247000.0,,-12440000.0,-12440000.0,0.0,-12499000.0,59000.0,161177000.0,344951000.0,,0.0,19767000.0,0.0,,,193198000.0,161177000.0,203541000.0,15254000.0,1599000.0,212573000.0,-9032000.0,-13655000.0,-22687000.0,364718000.0,156200000.0,150822000.0,150822000.0
New York Times Co,NYT,,71691,2014.0,Q3YTD,2013-12-30,2014-09-28,,-0.01,-0.01,0.12,58636000.0,-0.01,,-12226000.0,,-1527000.0,-533000.0,-994000.0,-1568000.0,41000.0,478104000.0,1080950000.0,,9525000.0,62895000.0,2550000.0,,,565506000.0,478104000.0,665741000.0,41760000.0,-523000.0,636217000.0,29524000.0,-42283000.0,-12759000.0,1143845000.0,156200000.0,150822000.0,150822000.0
New York Times Co,NYT,,71691,2014.0,Q3TTM,2013-09-30,2014-09-28,,0.42,0.42,0.16,76270000.0,0.41,,6308000.0,,64590000.0,41423000.0,23167000.0,64494000.0,96000.0,602479000.0,1426780000.0,,12753000.0,75667000.0,2550000.0,,,704733000.0,602479000.0,899968000.0,55661000.0,-270000.0,796306000.0,103662000.0,-55931000.0,47731000.0,1502447000.0,156200000.0,150822000.0,150822000.0
New York Times Co,NYT,,71691,2014.0,Q2YTD,2013-12-30,2014-06-29,,0.07,0.07,0.08,39261000.0,0.07,,-1979000.0,,10913000.0,11907000.0,-994000.0,10931000.0,-18000.0,316927000.0,735999000.0,,9525000.0,43128000.0,2550000.0,,,372308000.0,316927000.0,462200000.0,26506000.0,-2122000.0,423644000.0,38556000.0,-28628000.0,9928000.0,779127000.0,153100000.0,150796000.0,161868000.0
New York Times Co,NYT,,71691,2014.0,Q2TTM,2013-07-01,2014-06-29,,0.34,0.34,0.16,77188000.0,0.33,,19133000.0,,52743000.0,48563000.0,4180000.0,52767000.0,-24000.0,593897000.0,1424003000.0,,18924000.0,75464000.0,2550000.0,,,681359000.0,593897000.0,905570000.0,55861000.0,-1992000.0,780021000.0,125549000.0,-57853000.0,67696000.0,1499467000.0,153100000.0,150796000.0,161868000.0
New York Times Co,NYT,,71691,2014.0,Q2,2014-03-31,2014-06-29,2015-08-06 15:37:14+00:00,0.06,0.06,0.04,19169000.0,0.06,,-5743000.0,,9060000.0,9060000.0,0.0,9188000.0,-128000.0,157944000.0,367064000.0,,9525000.0,21655000.0,0.0,,,185584000.0,157944000.0,230775000.0,13205000.0,25000.0,214278000.0,16497000.0,-13180000.0,3317000.0,388719000.0,153100000.0,150796000.0,161868000.0
New York Times Co,NYT,,71691,2014.0,Q1TTM,2013-04-01,2014-03-30,,0.42,0.42,0.12,76769000.0,0.4,,38689000.0,,63820000.0,56865000.0,6955000.0,63710000.0,110000.0,589022000.0,1426943000.0,,9399000.0,74762000.0,2550000.0,,,668689000.0,589022000.0,912683000.0,57300000.0,-2422000.0,757407000.0,155276000.0,-59722000.0,95554000.0,1501705000.0,174300000.0,150612000.0,161920000.0
New York Times Co,NYT,,71691,2014.0,Q1,2013-12-30,2014-03-30,2015-05-06 15:23:56+00:00,0.01,0.01,0.04,20092000.0,0.01,,3764000.0,,1853000.0,2847000.0,-994000.0,1743000.0,110000.0,158983000.0,368935000.0,,0.0,21473000.0,2550000.0,,,186724000.0,158983000.0,231425000.0,13301000.0,-2147000.0,209366000.0,22059000.0,-15448000.0,6611000.0,390408000.0,174300000.0,150612000.0,161920000.0
New York Times Co,NYT,,71691,2015.0,FY,2014-12-29,2015-12-27,2018-02-27 15:28:24+00:00,0.38,0.38,0.16,61597000.0,0.38,,33910000.0,,62842000.0,62842000.0,,63246000.0,-404000.0,617812000.0,1490499000.0,,49384000.0,88716000.0,0.0,,0.0,713837000.0,617812000.0,961403000.0,39050000.0,-783000.0,824818000.0,136585000.0,-39833000.0,96752000.0,1579215000.0,166400000.0,164390000.0,166423000.0
New York Times Co,NYT,,71691,2015.0,Q4,2015-09-28,2015-12-27,,0.31,0.31,0.04,15574000.0,0.31,,28006000.0,,51679000.0,51679000.0,,51693000.0,-14000.0,156372000.0,420010000.0,,4358000.0,24676000.0,,,,180717000.0,156372000.0,288314000.0,7955000.0,-25000.0,200649000.0,87665000.0,-7980000.0,79685000.0,444686000.0,166400000.0,164390000.0,166423000.0
New York Times Co,NYT,,71691,2015.0,Q3,2015-06-29,2015-09-27,2016-11-03 16:33:44+00:00,0.06,0.06,0.04,15369000.0,0.06,,3611000.0,,9365000.0,9365000.0,,9415000.0,-50000.0,152031000.0,346061000.0,,0.0,21343000.0,,,0.0,178071000.0,152031000.0,215373000.0,9127000.0,170000.0,193440000.0,21933000.0,-8957000.0,12976000.0,367404000.0,156900000.0,165052000.0,166981000.0
New York Times Co,NYT,,71691,2015.0,Q3YTD,2014-12-29,2015-09-27,,0.07,0.07,0.12,46023000.0,0.07,,5904000.0,,11163000.0,11163000.0,,11553000.0,-390000.0,461440000.0,1070489000.0,,45026000.0,64040000.0,,,,533120000.0,461440000.0,673089000.0,31095000.0,-758000.0,624169000.0,48920000.0,-31853000.0,17067000.0,1134529000.0,156900000.0,165052000.0,166981000.0
New York Times Co,NYT,,71691,2015.0,Q3TTM,2014-09-29,2015-09-27,,0.3,0.3,0.16,66842000.0,0.28,,14589000.0,,44995000.0,45087000.0,-92000.0,46428000.0,-1433000.0,627331000.0,1492067000.0,,45026000.0,87145000.0,,,,728669000.0,627331000.0,951881000.0,43065000.0,-8603000.0,840537000.0,111344000.0,-51668000.0,59676000.0,1579212000.0,156900000.0,165052000.0,166981000.0
New York Times Co,NYT,,71691,2015.0,Q2,2015-03-30,2015-06-28,2016-07-29 15:34:43+00:00,0.1,0.1,0.04,15810000.0,0.1,,11700000.0,,16219000.0,16219000.0,,16400000.0,-181000.0,152773000.0,361727000.0,,0.0,21159000.0,,,0.0,176252000.0,152773000.0,230113000.0,9776000.0,-356000.0,192062000.0,38051000.0,-10132000.0,27919000.0,382886000.0,164000000.0,166355000.0,168316000.0
New York Times Co,NYT,,71691,2015.0,Q2YTD,2014-12-29,2015-06-28,,0.01,0.01,0.08,30654000.0,0.01,,2293000.0,,1798000.0,1798000.0,,2138000.0,-340000.0,309409000.0,724428000.0,,45026000.0,42697000.0,,,,355049000.0,309409000.0,457716000.0,21968000.0,-928000.0,430729000.0,26987000.0,-22896000.0,4091000.0,767125000.0,164000000.0,166355000.0,168316000.0
New York Times Co,NYT,,71691,2015.0,Q2TTM,2014-06-30,2015-06-28,,0.16,0.16,0.16,70848000.0,0.14,,731000.0,,23190000.0,23282000.0,-92000.0,24514000.0,-1324000.0,636477000.0,1490957000.0,,45026000.0,85569000.0,,,,743796000.0,636477000.0,940049000.0,49192000.0,-7174000.0,859670000.0,80379000.0,-56366000.0,24013000.0,1576526000.0,164000000.0,166355000.0,168316000.0
New York Times Co,NYT,,71691,2015.0,Q1,2014-12-29,2015-03-29,2016-05-05 15:44:28+00:00,-0.09,-0.09,0.04,14844000.0,-0.09,,-9407000.0,,-14421000.0,-14421000.0,,-14262000.0,-159000.0,156636000.0,362701000.0,,45026000.0,21538000.0,,,,178797000.0,156636000.0,227603000.0,12192000.0,-572000.0,238667000.0,-11064000.0,-12764000.0,-23828000.0,384239000.0,158500000.0,163988000.0,163988000.0
New York Times Co,NYT,,71691,2015.0,Q1TTM,2014-03-31,2015-03-29,,0.12,0.12,0.16,74207000.0,0.1,,-16712000.0,,16031000.0,16123000.0,-92000.0,17302000.0,-1271000.0,641648000.0,1496294000.0,,54551000.0,86065000.0,,,,753128000.0,641648000.0,940711000.0,52621000.0,-6793000.0,881886000.0,58825000.0,-59414000.0,-589000.0,1582359000.0,158500000.0,163988000.0,163988000.0
New York Times Co,NYT,,71691,2016.0,FY,2015-12-28,2016-12-25,2019-02-26 15:29:17+00:00,0.18,0.18,0.16,61723000.0,0.18,,4421000.0,,23832000.0,26105000.0,-2273000.0,29068000.0,-5236000.0,629355000.0,1555342000.0,-11074000.0,6730000.0,,,,16518000.0,728338000.0,629355000.0,925987000.0,34805000.0,-36273000.0,813309000.0,112678000.0,-82152000.0,30526000.0,1555342000.0,161500000.0,161128000.0,162817000.0
New York Times Co,NYT,,71691,2016.0,Q4,2016-09-26,2016-12-25,,0.23,0.23,0.04,15720000.0,0.23,,13377000.0,,37627000.0,39900000.0,-2273000.0,37144000.0,483000.0,162160000.0,505036000.0,-11074000.0,29000.0,-65386000.0,,,1714000.0,193427000.0,162160000.0,277490000.0,7850000.0,5572000.0,210890000.0,66629000.0,-13352000.0,53277000.0,439650000.0,161500000.0,161128000.0,162817000.0
New York Times Co,NYT,,71691,2016.0,Q3,2016-06-27,2016-09-25,2017-11-01 15:07:01+00:00,0.0,0.0,0.08,15384000.0,0.0,,121000.0,,283000.0,283000.0,0.0,406000.0,-123000.0,156616000.0,341997000.0,,-5000000.0,21550000.0,,,2949000.0,184596000.0,156616000.0,206931000.0,9032000.0,463000.0,197929000.0,8973000.0,-8569000.0,404000.0,363547000.0,,161185000.0,162945000.0
New York Times Co,NYT,,71691,2016.0,Q3YTD,2015-12-28,2016-09-25,,-0.05,-0.05,0.12,46003000.0,-0.05,,-8956000.0,,-13795000.0,-13795000.0,,-8076000.0,-5719000.0,467195000.0,1050306000.0,,6701000.0,65386000.0,,,14804000.0,534911000.0,467195000.0,648497000.0,26955000.0,-41845000.0,602419000.0,46049000.0,-68800000.0,-22751000.0,1115692000.0,,161185000.0,162945000.0
New York Times Co,NYT,,71691,2016.0,Q3TTM,2015-09-28,2016-09-25,,0.26,0.26,0.16,61577000.0,0.26,,19050000.0,,37884000.0,37884000.0,,43617000.0,-5733000.0,623567000.0,1470316000.0,,11059000.0,90062000.0,,,14804000.0,715628000.0,623567000.0,936811000.0,34910000.0,-41870000.0,803068000.0,133714000.0,-76780000.0,56934000.0,1560378000.0,,161185000.0,162945000.0
New York Times Co,NYT,,71691,2016.0,Q2,2016-03-28,2016-06-26,2017-08-01 15:06:28+00:00,0.0,0.0,0.0,15147000.0,0.0,,124000.0,,-492000.0,-492000.0,,-211000.0,-281000.0,152717000.0,350635000.0,,11701000.0,21995000.0,,,11855000.0,172069000.0,152717000.0,219913000.0,9097000.0,-412000.0,210772000.0,9141000.0,-9509000.0,-368000.0,372630000.0,,161128000.0,161128000.0
New York Times Co,NYT,,71691,2016.0,Q2YTD,2015-12-28,2016-06-26,,-0.05,-0.05,0.04,30619000.0,-0.05,,-9077000.0,,-14078000.0,-14078000.0,,-8482000.0,-5596000.0,310579000.0,708309000.0,,11701000.0,43836000.0,,,11855000.0,350315000.0,310579000.0,441566000.0,17923000.0,-42308000.0,404490000.0,37076000.0,-60231000.0,-23155000.0,752145000.0,,161128000.0,161128000.0
New York Times Co,NYT,,71691,2016.0,Q2TTM,2015-06-29,2016-06-26,,0.32,0.32,0.12,61562000.0,0.32,,22540000.0,,46966000.0,46966000.0,,52626000.0,-5660000.0,618982000.0,1474380000.0,,16059000.0,89855000.0,,,11855000.0,709103000.0,618982000.0,945253000.0,35005000.0,-42163000.0,798579000.0,146674000.0,-77168000.0,69506000.0,1564235000.0,,161128000.0,161128000.0
New York Times Co,NYT,,71691,2016.0,Q1,2015-12-28,2016-03-27,2017-05-03 14:16:30+00:00,-0.05,-0.05,0.04,15472000.0,-0.05,,-9201000.0,,-13586000.0,-13586000.0,,-8271000.0,-5315000.0,157862000.0,357674000.0,,,21841000.0,,,0.0,178246000.0,157862000.0,221653000.0,8826000.0,-41896000.0,193718000.0,27935000.0,-50722000.0,-22787000.0,379515000.0,165400000.0,161003000.0,161003000.0
New York Times Co,NYT,,71691,2016.0,Q1TTM,2015-03-30,2016-03-27,,0.42,0.42,0.16,62225000.0,0.42,,34116000.0,,63677000.0,63677000.0,,69237000.0,-5560000.0,619038000.0,1485472000.0,,4358000.0,89019000.0,,,,713286000.0,619038000.0,955453000.0,35684000.0,-42107000.0,779869000.0,175584000.0,-77791000.0,97793000.0,1574491000.0,165400000.0,161003000.0,161003000.0
New York Times Co,NYT,,71691,2017.0,FY,2016-12-26,2017-12-31,2020-02-27 15:23:40+00:00,0.03,0.03,0.16,61871000.0,0.03,,103956000.0,,6837000.0,7268000.0,-431000.0,4296000.0,2541000.0,252656000.0,1665549000.0,-64225000.0,359366000.0,,,,0.0,815065000.0,252656000.0,1412893000.0,19783000.0,18641000.0,1236302000.0,176591000.0,-65367000.0,111224000.0,1665549000.0,143200000.0,161926000.0,164263000.0
New York Times Co,NYT,,71691,2017.0,Q4,2017-09-25,2017-12-31,,-0.35,-0.35,0.04,14910000.0,-0.34,,63094000.0,,-57839000.0,-57907000.0,57000.0,-56813000.0,-1026000.0,-200489000.0,532169000.0,-67805000.0,359366000.0,-51204000.0,,,,216698000.0,-200489000.0,681454000.0,4665000.0,-12823000.0,590974000.0,90480000.0,-85293000.0,5187000.0,480965000.0,143200000.0,161926000.0,164263000.0
New York Times Co,NYT,,71691,2017.0,Q3,2017-06-26,2017-09-24,2018-11-02 14:47:35+00:00,0.2,0.2,0.08,15677000.0,0.2,,23420000.0,,36002000.0,36490000.0,-488000.0,32329000.0,3673000.0,150154000.0,383093000.0,1193000.0,0.0,,,,,185442000.0,150154000.0,232939000.0,4660000.0,31557000.0,201119000.0,31820000.0,28090000.0,59910000.0,383093000.0,161600000.0,162173000.0,164405000.0
New York Times Co,NYT,,71691,2017.0,Q3YTD,2016-12-26,2017-09-24,,0.38,0.38,0.12,46961000.0,0.37,,40862000.0,,64676000.0,65175000.0,-488000.0,61109000.0,3567000.0,453145000.0,1133380000.0,3580000.0,,51204000.0,,,,598367000.0,453145000.0,731439000.0,15118000.0,31464000.0,645328000.0,86111000.0,19926000.0,106037000.0,1184584000.0,161600000.0,162173000.0,164405000.0
New York Times Co,NYT,,71691,2017.0,Q3TTM,2016-09-26,2017-09-24,,0.61,0.61,0.16,62681000.0,0.6,,54239000.0,,102303000.0,105075000.0,-2761000.0,98253000.0,4050000.0,615305000.0,1638416000.0,-7494000.0,29000.0,-14182000.0,,,1714000.0,791794000.0,615305000.0,1008929000.0,22968000.0,37036000.0,856218000.0,152740000.0,6574000.0,159314000.0,1624234000.0,161600000.0,162173000.0,164405000.0
New York Times Co,NYT,,71691,2017.0,Q2,2017-03-27,2017-06-25,2018-08-08 15:18:04+00:00,0.1,0.1,0.0,15131000.0,0.09,,6700000.0,,15559000.0,15570000.0,,15599000.0,-40000.0,149694000.0,380286000.0,1193000.0,,24803000.0,,,,213788000.0,149694000.0,255395000.0,5133000.0,-266000.0,228919000.0,26476000.0,-4206000.0,22270000.0,405089000.0,156000000.0,161787000.0,163808000.0
New York Times Co,NYT,,71691,2017.0,Q2YTD,2016-12-26,2017-06-25,,0.18,0.18,0.04,31284000.0,0.17,,17442000.0,,28674000.0,28685000.0,,28780000.0,-106000.0,302991000.0,750287000.0,2387000.0,,51204000.0,,,,412925000.0,302991000.0,498500000.0,10458000.0,-93000.0,444209000.0,54291000.0,-8164000.0,46127000.0,801491000.0,156000000.0,161787000.0,163808000.0
New York Times Co,NYT,,71691,2017.0,Q2TTM,2016-06-27,2017-06-25,,0.41,0.41,0.16,62388000.0,0.4,,30940000.0,,66584000.0,68868000.0,-2273000.0,66330000.0,254000.0,621767000.0,1597320000.0,-8687000.0,-4971000.0,7368000.0,,,4663000.0,790948000.0,621767000.0,982921000.0,27340000.0,5942000.0,853028000.0,129893000.0,-30085000.0,99808000.0,1604688000.0,156000000.0,161787000.0,163808000.0
New York Times Co,NYT,,71691,2017.0,Q1,2016-12-26,2017-03-26,2018-05-04 13:36:13+00:00,0.08,0.08,0.04,16153000.0,0.08,,10742000.0,,13115000.0,13115000.0,,13181000.0,-66000.0,153297000.0,370001000.0,1194000.0,,26401000.0,,,,199137000.0,153297000.0,243105000.0,5325000.0,173000.0,215290000.0,27815000.0,-3958000.0,23857000.0,396402000.0,164800000.0,161402000.0,162592000.0
New York Times Co,NYT,,71691,2017.0,Q1TTM,2016-03-28,2017-03-26,,0.31,0.31,0.16,62404000.0,0.31,,24364000.0,,50533000.0,52806000.0,-2273000.0,50520000.0,13000.0,624790000.0,1567669000.0,-9880000.0,6730000.0,4560000.0,,,16518000.0,749229000.0,624790000.0,947439000.0,31304000.0,5796000.0,834881000.0,112558000.0,-35388000.0,77170000.0,1572229000.0,164800000.0,161402000.0,162592000.0
New York Times Co,NYT,,71691,2018.0,FY,2018-01-01,2018-12-30,2020-02-27 15:23:40+00:00,0.76,0.76,0.16,59011000.0,0.75,,48631000.0,,127460000.0,127460000.0,0.0,125684000.0,1776000.0,273498000.0,1744094000.0,-8274000.0,375827000.0,,,,0.0,845591000.0,273498000.0,1470596000.0,16566000.0,10764000.0,1280429000.0,190167000.0,-14076000.0,176091000.0,1744094000.0,165400000.0,164845000.0,166939000.0
New York Times Co,NYT,,71691,2018.0,Q4,2018-10-01,2018-12-30,,0.34,0.34,0.04,15042000.0,0.33,,23288000.0,,56976000.0,56977000.0,,55199000.0,1777000.0,-11439000.0,501380000.0,-2048000.0,191983000.0,,,,,231127000.0,-11439000.0,512819000.0,3127000.0,10773000.0,438152000.0,74667000.0,5598000.0,80265000.0,501380000.0,165400000.0,164845000.0,166939000.0
New York Times Co,NYT,,71691,2018.0,Q3,2018-07-02,2018-09-30,2019-11-06 15:07:12+00:00,0.15,0.15,0.04,14847000.0,0.15,,10092000.0,,24974000.0,24974000.0,,24976000.0,-2000.0,67493000.0,417346000.0,-2335000.0,91090000.0,,,,0.0,202473000.0,67493000.0,349853000.0,4026000.0,-16000.0,308410000.0,41443000.0,-6377000.0,35066000.0,417346000.0,166500000.0,165064000.0,166966000.0
New York Times Co,NYT,,71691,2018.0,Q3YTD,2018-01-01,2018-09-30,,0.42,0.42,0.12,43969000.0,0.42,,25343000.0,,70484000.0,70483000.0,,70485000.0,-1000.0,284937000.0,1242714000.0,-6226000.0,183844000.0,,,,,614464000.0,284937000.0,957777000.0,13439000.0,-9000.0,842277000.0,115500000.0,-19674000.0,95826000.0,1242714000.0,166500000.0,165064000.0,166966000.0
New York Times Co,NYT,,71691,2018.0,Q3TTM,2017-09-25,2018-09-30,,0.07,0.07,0.16,58879000.0,0.08,,88437000.0,,12645000.0,12576000.0,57000.0,13672000.0,-1027000.0,84448000.0,1774883000.0,-74031000.0,543210000.0,-51204000.0,,,,831162000.0,84448000.0,1639231000.0,18104000.0,-12832000.0,1433251000.0,205980000.0,-104967000.0,101013000.0,1723679000.0,166500000.0,165064000.0,166966000.0
New York Times Co,NYT,,71691,2018.0,Q2,2018-04-02,2018-07-01,2019-08-07 14:58:02+00:00,0.14,0.14,0.04,14081000.0,0.14,,10000000.0,,23596000.0,23595000.0,,23597000.0,-1000.0,63103000.0,413308000.0,-1863000.0,92754000.0,,,,,203368000.0,63103000.0,350205000.0,4536000.0,-8000.0,310203000.0,40002000.0,-6407000.0,33595000.0,413308000.0,168600000.0,165027000.0,166899000.0
New York Times Co,NYT,,71691,2018.0,Q2YTD,2018-01-01,2018-07-01,,0.27,0.27,0.08,29122000.0,0.27,,15251000.0,,45510000.0,45509000.0,,45509000.0,1000.0,217444000.0,825368000.0,-3891000.0,92754000.0,,,,,411991000.0,217444000.0,607924000.0,9413000.0,7000.0,533867000.0,74057000.0,-13297000.0,60760000.0,825368000.0,168600000.0,165027000.0,166899000.0
New York Times Co,NYT,,71691,2018.0,Q2TTM,2017-06-26,2018-07-01,,0.12,0.12,0.2,59709000.0,0.13,,101765000.0,,23673000.0,24092000.0,-431000.0,21025000.0,2648000.0,167109000.0,1740630000.0,-70503000.0,452120000.0,-51204000.0,,,,814131000.0,167109000.0,1522317000.0,18738000.0,18741000.0,1325960000.0,196357000.0,-70500000.0,125857000.0,1689426000.0,168600000.0,165027000.0,166899000.0
New York Times Co,NYT,,71691,2018.0,Q1,2018-01-01,2018-04-01,2019-05-08 15:02:04+00:00,0.13,0.13,0.04,15041000.0,0.13,,5251000.0,,21914000.0,21914000.0,,21912000.0,2000.0,154341000.0,412060000.0,-2028000.0,,,,,,208623000.0,154341000.0,257719000.0,4877000.0,15000.0,223664000.0,34055000.0,-6890000.0,27165000.0,412060000.0,168600000.0,164094000.0,166237000.0
New York Times Co,NYT,,71691,2018.0,Q1TTM,2017-03-27,2018-04-01,,0.08,0.08,0.16,60759000.0,0.08,,98465000.0,,15636000.0,16067000.0,-431000.0,13027000.0,2609000.0,253700000.0,1707608000.0,-67447000.0,359366000.0,-26401000.0,,,,824551000.0,253700000.0,1427507000.0,19335000.0,18483000.0,1244676000.0,182831000.0,-68299000.0,114532000.0,1681207000.0,168600000.0,164094000.0,166237000.0
New York Times Co,NYT,,71691,2019.0,Q4,2019-09-30,2019-12-29,,0.41,0.41,0.05,15113000.0,0.4,,7720000.0,-74820000.0,68212000.0,68197000.0,,68212000.0,,-98528000.0,508363000.0,-1800000.0,213734000.0,,,-23728000.0,,398627000.0,-98528000.0,606891000.0,248000.0,,528926000.0,77965000.0,-2048000.0,75917000.0,508363000.0,166600000.0,166042000.0,167545000.0
New York Times Co,NYT,,71691,2019.0,FY,2018-12-31,2019-12-29,2020-02-27 15:23:40+00:00,0.84,0.84,0.2,60661000.0,0.83,,24494000.0,,139966000.0,139966000.0,0.0,139966000.0,0.0,282285000.0,1812184000.0,-7302000.0,422025000.0,,,,4008000.0,867623000.0,282285000.0,1529899000.0,3820000.0,0.0,1354317000.0,175582000.0,-11122000.0,164460000.0,1812184000.0,166600000.0,166042000.0,167545000.0
New York Times Co,NYT,,71691,2019.0,Q3,2019-07-01,2019-09-29,2019-11-06 15:07:12+00:00,0.1,0.1,0.05,15450000.0,0.1,,6070000.0,,16427000.0,16427000.0,,16427000.0,0.0,72399000.0,428501000.0,-1834000.0,104332000.0,,,,4008000.0,207226000.0,72399000.0,356102000.0,755000.0,0.0,331016000.0,25086000.0,-2589000.0,22497000.0,428501000.0,164300000.0,166148000.0,167555000.0
New York Times Co,NYT,,71691,2019.0,Q3YTD,2018-12-31,2019-09-29,,0.43,0.43,0.15,45548000.0,0.43,,16774000.0,74820000.0,71754000.0,71769000.0,,71754000.0,,380813000.0,1303821000.0,-5502000.0,208291000.0,,,23728000.0,4008000.0,468996000.0,380813000.0,923008000.0,3572000.0,,825391000.0,97617000.0,-9074000.0,88543000.0,1303821000.0,164300000.0,166148000.0,167555000.0
New York Times Co,NYT,,71691,2019.0,Q3TTM,2018-10-01,2019-09-29,,0.77,0.77,0.19,60590000.0,0.76,,40062000.0,74820000.0,128730000.0,128746000.0,,126953000.0,1777000.0,369374000.0,1805201000.0,-7550000.0,400274000.0,,,23728000.0,4008000.0,700123000.0,369374000.0,1435827000.0,6699000.0,10773000.0,1263543000.0,172284000.0,-3476000.0,168808000.0,1805201000.0,164300000.0,166148000.0,167555000.0
New York Times Co,NYT,,71691,2019.0,Q2YTD,2018-12-31,2019-06-30,,0.33,0.33,0.1,30098000.0,0.33,,10704000.0,74820000.0,55327000.0,55342000.0,,55327000.0,,308414000.0,875320000.0,-3668000.0,103959000.0,,,23728000.0,,261770000.0,308414000.0,566906000.0,2817000.0,,494375000.0,72531000.0,-6485000.0,66046000.0,875320000.0,167800000.0,166152000.0,167549000.0
New York Times Co,NYT,,71691,2019.0,Q2TTM,2018-07-02,2019-06-30,,0.82,0.82,0.18,59987000.0,0.81,,44084000.0,74820000.0,137277000.0,137293000.0,,135502000.0,1775000.0,364468000.0,1794046000.0,-8051000.0,387032000.0,,,23728000.0,,695370000.0,364468000.0,1429578000.0,9970000.0,10757000.0,1240937000.0,188641000.0,-7264000.0,181377000.0,1794046000.0,167800000.0,166152000.0,167549000.0
New York Times Co,NYT,,71691,2019.0,Q2,2019-04-01,2019-06-30,2019-08-07 14:58:02+00:00,0.15,0.15,0.05,15180000.0,0.15,,9400000.0,,25171000.0,25186000.0,,25171000.0,0.0,69055000.0,436258000.0,-1833000.0,103959000.0,,,,,210131000.0,69055000.0,367203000.0,1514000.0,0.0,329270000.0,37933000.0,-3347000.0,34586000.0,436258000.0,167800000.0,166152000.0,167549000.0
New York Times Co,NYT,,71691,2019.0,Q1,2018-12-31,2019-03-31,2020-05-07 15:02:20+00:00,0.18,0.18,0.05,14918000.0,0.18,,1304000.0,74820000.0,30156000.0,30156000.0,,30156000.0,,239359000.0,439062000.0,-1835000.0,,,,23728000.0,,51639000.0,239359000.0,199703000.0,1303000.0,,165105000.0,34598000.0,-3138000.0,31460000.0,439062000.0,167500000.0,165674000.0,167129000.0
New York Times Co,NYT,,71691,2019.0,Q1TTM,2018-04-02,2019-03-31,,0.81,0.81,0.17,58888000.0,0.8,,44684000.0,74820000.0,135702000.0,135702000.0,,133928000.0,1774000.0,358516000.0,1771096000.0,-8081000.0,375827000.0,,,23728000.0,,688607000.0,358516000.0,1412580000.0,12992000.0,10749000.0,1221870000.0,190710000.0,-10324000.0,180386000.0,1771096000.0,167500000.0,165674000.0,167129000.0
New York Times Co,NYT,,71691,2020.0,Q1,2019-12-30,2020-03-29,2020-05-07 15:02:20+00:00,0.2,0.2,0.06,15185000.0,0.2,,6006000.0,73796000.0,32854000.0,32854000.0,,32854000.0,,243672000.0,443636000.0,-2314000.0,,,,30802000.0,,52861000.0,243672000.0,199964000.0,-13854000.0,,172644000.0,27320000.0,11540000.0,38860000.0,443636000.0,164300000.0,166549000.0,167845000.0
New York Times Co,NYT,,71691,2020.0,Q1TTM,2019-04-01,2020-03-29,,0.86,0.86,0.21,60928000.0,0.85,,29196000.0,-1024000.0,142664000.0,142664000.0,,142664000.0,,286598000.0,1816758000.0,-7781000.0,422025000.0,,,7074000.0,4008000.0,868845000.0,286598000.0,1530160000.0,-11337000.0,,1361856000.0,168304000.0,3556000.0,171860000.0,1816758000.0,164300000.0,166549000.0,167845000.0
