company_name,company_ticker,company_lei,company_cik,year,quarter,start_date,end_date,filing_date,basicdilutedeps,basiceps,cashdividendspershare,depreciationexpense,dilutedeps,impairmentexpense,incometaxexpense,marketingexpense,netincome,netincomecontinuing,netincometocommon,operatingcostofrevenue,operatingrevenue,otherincome,otheroperatingexpenses,otherrevenue,otherspecialcharges,preferreddividends,restructuringcharge,sgaexpense,totalcostofrevenue,totalgrossprofit,totalinterestexpense,totalinterestincome,totaloperatingexpenses,totaloperatingincome,totalotherincome,totalpretaxincome,totalrevenue,weightedavebasicdilutedsharesos,weightedavebasicsharesos,weightedavedilutedsharesos
T-Mobile US Inc,TMUS,549300V2JRLO5DIFGE82,1283699,2008.0,FY,2008-01-01,2008-12-31,2011-03-01 11:25:45+00:00,0.43,0.43,,255319000.0,0.42,,129986000.0,,149438000.0,149438000.0,149438000.0,1561943000.0,2751516000.0,-1035000.0,,,18905000.0,,,447582000.0,1561943000.0,1189573000.0,179398000.0,-7910000.0,721806000.0,467767000.0,-188343000.0,279424000.0,2751516000.0,347500000.0,349395285.0,355380111.0
T-Mobile US Inc,TMUS,549300V2JRLO5DIFGE82,1283699,2009.0,FY,2009-01-01,2009-12-31,2012-02-29 11:43:09+00:00,0.5,0.5,,377856000.0,0.49,,86835000.0,,176844000.0,176844000.0,176844000.0,2004324000.0,3480515000.0,-1808000.0,,,-4683000.0,,,567730000.0,2004324000.0,1476191000.0,270285000.0,484000.0,940903000.0,535288000.0,-271609000.0,263679000.0,3480515000.0,353700000.0,351898898.0,355942921.0
T-Mobile US Inc,TMUS,549300V2JRLO5DIFGE82,1283699,2009.0,Q3,2009-07-01,2009-09-30,2010-11-05 06:07:46+00:00,0.21,0.21,,98977000.0,0.21,,14350000.0,,73550000.0,73550000.0,73550000.0,497380000.0,895593000.0,-397000.0,,,2569000.0,,,138460000.0,497380000.0,398213000.0,70391000.0,481000.0,240006000.0,158207000.0,-70307000.0,87900000.0,895593000.0,350200000.0,352182656.0,355359436.0
T-Mobile US Inc,TMUS,549300V2JRLO5DIFGE82,1283699,2009.0,Q2,2009-04-01,2009-06-30,2010-08-09 12:43:01+00:00,0.07,0.07,,91375000.0,0.07,,18590000.0,,26196000.0,26196000.0,26196000.0,496133000.0,859612000.0,-394000.0,,,14010000.0,,,142321000.0,496133000.0,363479000.0,70535000.0,-58000.0,247706000.0,115773000.0,-70987000.0,44786000.0,859612000.0,374200000.0,351912464.0,357087331.0
T-Mobile US Inc,TMUS,549300V2JRLO5DIFGE82,1283699,2010.0,Q4,2010-10-01,2010-12-31,,0.04,0.04,,118825000.0,0.04,,1509000.0,,13552000.0,13552000.0,13552000.0,606010000.0,1065525000.0,-411000.0,,,-22351000.0,,,155720000.0,606010000.0,459515000.0,192450000.0,601000.0,252194000.0,207321000.0,-192260000.0,15061000.0,1065525000.0,358200000.0,353711045.0,356135089.0
T-Mobile US Inc,TMUS,549300V2JRLO5DIFGE82,1283699,2010.0,FY,2010-01-01,2010-12-31,2013-03-01 15:46:18+00:00,0.54,0.54,,449732000.0,0.54,,118879000.0,,193415000.0,193415000.0,193415000.0,2317875000.0,4069353000.0,-1807000.0,,,-38812000.0,,,621660000.0,2317875000.0,1751478000.0,406751000.0,1954000.0,1032580000.0,718898000.0,-406604000.0,312294000.0,4069353000.0,358200000.0,353711045.0,356135089.0
T-Mobile US Inc,TMUS,549300V2JRLO5DIFGE82,1283699,2010.0,Q3YTD,2010-01-01,2010-09-30,,0.51,0.51,,330907000.0,0.51,,117370000.0,,179863000.0,179863000.0,179863000.0,1711865000.0,3003828000.0,-1396000.0,,,-16461000.0,,,465940000.0,1711865000.0,1291963000.0,214301000.0,1353000.0,780386000.0,511577000.0,-214344000.0,297233000.0,3003828000.0,351300000.0,353954532.0,356423216.0
T-Mobile US Inc,TMUS,549300V2JRLO5DIFGE82,1283699,2010.0,Q3,2010-07-01,2010-09-30,2011-11-01 08:11:59+00:00,0.22,0.22,,113804000.0,0.22,,49366000.0,,77287000.0,77287000.0,77287000.0,569953000.0,1020789000.0,-462000.0,,,-18333000.0,,,147431000.0,569953000.0,450836000.0,81316000.0,497000.0,242902000.0,207934000.0,-81281000.0,126653000.0,1020789000.0,351300000.0,353954532.0,356423216.0
T-Mobile US Inc,TMUS,549300V2JRLO5DIFGE82,1283699,2010.0,Q2YTD,2010-01-01,2010-06-30,,0.29,0.29,,217103000.0,0.29,,68004000.0,,102576000.0,102576000.0,102576000.0,1141912000.0,1983039000.0,-934000.0,,,1872000.0,,,318509000.0,1141912000.0,841127000.0,132985000.0,856000.0,537484000.0,303643000.0,-133063000.0,170580000.0,1983039000.0,363300000.0,353278423.0,355685446.0
T-Mobile US Inc,TMUS,549300V2JRLO5DIFGE82,1283699,2010.0,Q2,2010-04-01,2010-06-30,2011-08-03 12:31:01+00:00,0.22,0.22,,109302000.0,0.22,,52907000.0,,79915000.0,79915000.0,79915000.0,543522000.0,1012536000.0,-479000.0,,,2700000.0,,,158600000.0,543522000.0,469014000.0,65503000.0,392000.0,270602000.0,198412000.0,-65590000.0,132822000.0,1012536000.0,363300000.0,353278423.0,355685446.0
T-Mobile US Inc,TMUS,549300V2JRLO5DIFGE82,1283699,2010.0,Q1,2010-01-01,2010-03-31,2011-05-06 12:40:56+00:00,0.06,0.06,,107801000.0,0.06,,15097000.0,,22661000.0,22661000.0,22661000.0,598390000.0,970503000.0,-455000.0,,,-828000.0,,,159909000.0,598390000.0,372113000.0,67482000.0,464000.0,266882000.0,105231000.0,-67473000.0,37758000.0,970503000.0,377700000.0,352782898.0,354003541.0
T-Mobile US Inc,TMUS,549300V2JRLO5DIFGE82,1283699,2011.0,Q4,2011-10-01,2011-12-31,,-9.21,-9.21,,2579471000.0,-9.21,6420000000.0,-337887000.0,,-4928039000.0,-4928039000.0,-4928039000.0,6413251000.0,16772782000.0,-10534000.0,169000000.0,236000000.0,-2731000.0,,,6241214000.0,6413251000.0,10595531000.0,467412000.0,23443000.0,15406954000.0,-4811423000.0,-454503000.0,-5265926000.0,17008782000.0,535500000.0,535286077.0,535286077.0
T-Mobile US Inc,TMUS,549300V2JRLO5DIFGE82,1283699,2011.0,FY,2011-01-01,2011-12-31,2014-02-24 21:52:32+00:00,-8.81,-8.81,,2982000000.0,-8.81,6420000000.0,-216000000.0,,-4718000000.0,-4718000000.0,-4718000000.0,8598000000.0,20382000000.0,-10000000.0,169000000.0,236000000.0,,,0.0,6728000000.0,8598000000.0,12020000000.0,670000000.0,25000000.0,16299000000.0,-4279000000.0,-655000000.0,-4934000000.0,20618000000.0,535500000.0,535286077.0,535286077.0
T-Mobile US Inc,TMUS,549300V2JRLO5DIFGE82,1283699,2011.0,Q3YTD,2011-01-01,2011-09-30,,0.58,0.58,,402529000.0,0.58,,121887000.0,,210039000.0,210039000.0,210039000.0,2184749000.0,3609218000.0,534000.0,,,2731000.0,,,486786000.0,2184749000.0,1424469000.0,202588000.0,1557000.0,892046000.0,532423000.0,-200497000.0,331926000.0,3609218000.0,364900000.0,362019205.0,364865226.0
T-Mobile US Inc,TMUS,549300V2JRLO5DIFGE82,1283699,2011.0,Q3TTM,2010-10-01,2011-09-30,,0.62,0.62,,521354000.0,0.62,,123396000.0,,223591000.0,223591000.0,223591000.0,2790759000.0,4674743000.0,123000.0,,,-19620000.0,,,642506000.0,2790759000.0,1883984000.0,395038000.0,2158000.0,1144240000.0,739744000.0,-392757000.0,346987000.0,4674743000.0,364900000.0,362019205.0,364865226.0
T-Mobile US Inc,TMUS,549300V2JRLO5DIFGE82,1283699,2011.0,Q3,2011-07-01,2011-09-30,2012-10-30 08:43:10+00:00,0.19,0.19,,139309000.0,0.19,,38618000.0,,69326000.0,69326000.0,69326000.0,725506000.0,1205388000.0,93000.0,,,1283000.0,,,162459000.0,725506000.0,479882000.0,69511000.0,531000.0,303051000.0,176831000.0,-68887000.0,107944000.0,1205388000.0,364900000.0,362019205.0,364865226.0
T-Mobile US Inc,TMUS,549300V2JRLO5DIFGE82,1283699,2011.0,Q2YTD,2011-01-01,2011-06-30,,0.39,0.39,,263220000.0,0.39,,83269000.0,,140713000.0,140713000.0,140713000.0,1459243000.0,2403830000.0,441000.0,,,1448000.0,,,324327000.0,1459243000.0,944587000.0,133077000.0,1026000.0,588995000.0,355592000.0,-131610000.0,223982000.0,2403830000.0,366700000.0,360226487.0,365390280.0
T-Mobile US Inc,TMUS,549300V2JRLO5DIFGE82,1283699,2011.0,Q2TTM,2010-07-01,2011-06-30,,0.64,0.64,,495849000.0,0.64,,134144000.0,,231552000.0,231552000.0,231552000.0,2635206000.0,4490144000.0,-432000.0,,,-39236000.0,,,627478000.0,2635206000.0,1854938000.0,406843000.0,2124000.0,1084091000.0,770847000.0,-405151000.0,365696000.0,4490144000.0,366700000.0,360226487.0,365390280.0
T-Mobile US Inc,TMUS,549300V2JRLO5DIFGE82,1283699,2011.0,Q2,2011-04-01,2011-06-30,2012-07-26 06:33:45+00:00,0.23,0.23,,134525000.0,0.23,,50101000.0,,84335000.0,84335000.0,84335000.0,708564000.0,1209453000.0,186000.0,,,1553000.0,,,154556000.0,708564000.0,500889000.0,76516000.0,511000.0,290634000.0,210255000.0,-75819000.0,134436000.0,1209453000.0,366700000.0,360226487.0,365390280.0
T-Mobile US Inc,TMUS,549300V2JRLO5DIFGE82,1283699,2011.0,Q1TTM,2010-04-01,2011-03-31,,0.64,0.64,,470626000.0,0.64,,136950000.0,,227132000.0,227132000.0,227132000.0,2470164000.0,4293227000.0,-1097000.0,,,-38089000.0,,,631522000.0,2470164000.0,1823063000.0,395830000.0,2005000.0,1064059000.0,759004000.0,-394922000.0,364082000.0,4293227000.0,352400000.0,356988270.0,361406194.0
T-Mobile US Inc,TMUS,549300V2JRLO5DIFGE82,1283699,2011.0,Q1,2011-01-01,2011-03-31,2012-04-26 06:42:08+00:00,0.16,0.16,,128695000.0,0.15,,33168000.0,,56378000.0,56378000.0,56378000.0,750679000.0,1194377000.0,255000.0,,,-105000.0,,,169771000.0,750679000.0,443698000.0,56561000.0,515000.0,298361000.0,145337000.0,-55791000.0,89546000.0,1194377000.0,352400000.0,356988270.0,361406194.0
T-Mobile US Inc,TMUS,549300V2JRLO5DIFGE82,1283699,2012.0,FY,2012-01-01,2012-12-31,2015-02-18 21:30:33+00:00,-13.7,-13.7,,3187000000.0,-13.7,8134000000.0,350000000.0,,-7336000000.0,-7336000000.0,-7336000000.0,8098000000.0,19455000000.0,-5000000.0,99000000.0,264000000.0,-205000000.0,,7000000.0,6796000000.0,8098000000.0,11621000000.0,661000000.0,77000000.0,18018000000.0,-6397000000.0,-589000000.0,-6986000000.0,19719000000.0,535500000.0,535286077.0,535286077.0
T-Mobile US Inc,TMUS,549300V2JRLO5DIFGE82,1283699,2012.0,Q4,2012-10-01,2012-12-31,,0.32,0.32,4.49,1390181000.0,0.32,,195342000.0,-1574000000.0,170996000.0,170996000.0,170996000.0,3320209000.0,8547410000.0,-43103000.0,259000000.0,119000000.0,-206120000.0,,-77000000.0,4908407000.0,3320209000.0,5346201000.0,274917000.0,38625000.0,4700468000.0,645733000.0,-279395000.0,366338000.0,8666410000.0,535500000.0,535286077.0,535286077.0
T-Mobile US Inc,TMUS,549300V2JRLO5DIFGE82,1283699,2012.0,Q3YTD,2012-01-01,2012-09-30,,-14.02,-14.02,,1796819000.0,-14.02,8134000000.0,154658000.0,1574000000.0,-7506996000.0,-7506996000.0,-7506996000.0,4777791000.0,10907590000.0,38103000.0,-160000000.0,145000000.0,1120000.0,,84000000.0,1887593000.0,4777791000.0,6274799000.0,386083000.0,38375000.0,13317532000.0,-7042733000.0,-309605000.0,-7352338000.0,11052590000.0,535300000.0,535286077.0,535286077.0
T-Mobile US Inc,TMUS,549300V2JRLO5DIFGE82,1283699,2012.0,Q3TTM,2011-10-01,2012-09-30,,-23.23,-23.23,,4376290000.0,-23.23,14554000000.0,-183229000.0,1574000000.0,-12435035000.0,-12435035000.0,-12435035000.0,11191042000.0,27680372000.0,27569000.0,9000000.0,381000000.0,-1611000.0,,84000000.0,8128807000.0,11191042000.0,16870330000.0,853495000.0,61818000.0,28724486000.0,-11854156000.0,-764108000.0,-12618264000.0,28061372000.0,535300000.0,535286077.0,535286077.0
T-Mobile US Inc,TMUS,549300V2JRLO5DIFGE82,1283699,2012.0,Q3,2012-07-01,2012-09-30,2013-11-06 20:49:16+00:00,-14.45,-14.45,,825000000.0,-14.45,8134000000.0,12000000.0,823000000.0,-7735000000.0,-7735000000.0,-7735000000.0,2007000000.0,4815000000.0,15000000.0,-179000000.0,78000000.0,,,36000000.0,840000000.0,2007000000.0,2886000000.0,165000000.0,20000000.0,10479000000.0,-7593000000.0,-130000000.0,-7723000000.0,4893000000.0,535300000.0,535286077.0,535286077.0
T-Mobile US Inc,TMUS,549300V2JRLO5DIFGE82,1283699,2012.0,Q2YTD,2012-01-01,2012-06-30,,0.43,0.43,,971819000.0,0.43,,142658000.0,751000000.0,228004000.0,228004000.0,228004000.0,2770791000.0,6092590000.0,23103000.0,19000000.0,67000000.0,1120000.0,,48000000.0,1047593000.0,2770791000.0,3388799000.0,221083000.0,18375000.0,2838532000.0,550267000.0,-179605000.0,370662000.0,6159590000.0,530800000.0,535286077.0,535286077.0
T-Mobile US Inc,TMUS,549300V2JRLO5DIFGE82,1283699,2012.0,Q2TTM,2011-07-01,2012-06-30,,-8.65,-8.65,,3690599000.0,-8.65,6420000000.0,-156611000.0,751000000.0,-4630709000.0,-4630709000.0,-4630709000.0,9909548000.0,24070760000.0,12662000.0,188000000.0,303000000.0,-328000.0,,48000000.0,7451266000.0,9909548000.0,14464212000.0,758006000.0,42349000.0,18548537000.0,-4084325000.0,-702995000.0,-4787320000.0,24373760000.0,530800000.0,535286077.0,535286077.0
T-Mobile US Inc,TMUS,549300V2JRLO5DIFGE82,1283699,2012.0,Q2,2012-04-01,2012-06-30,2013-08-08 10:16:35+00:00,0.39,0.39,,819000000.0,0.39,,135000000.0,751000000.0,207000000.0,207000000.0,207000000.0,1923000000.0,4816000000.0,23000000.0,19000000.0,67000000.0,,,48000000.0,871000000.0,1923000000.0,2960000000.0,151000000.0,18000000.0,2508000000.0,452000000.0,-110000000.0,342000000.0,4883000000.0,530800000.0,535286077.0,535286077.0
T-Mobile US Inc,TMUS,549300V2JRLO5DIFGE82,1283699,2012.0,Q1TTM,2011-04-01,2012-03-31,,-13.1,-13.1,,3006124000.0,-13.1,6420000000.0,-241510000.0,,-4753374000.0,-4753374000.0,-4753374000.0,8695112000.0,20464213000.0,-10152000.0,169000000.0,236000000.0,1225000.0,,,6734822000.0,8695112000.0,12005101000.0,683522000.0,24860000.0,16331171000.0,-4326070000.0,-668814000.0,-4994884000.0,20700213000.0,350100000.0,362718613.0,364283160.0
T-Mobile US Inc,TMUS,549300V2JRLO5DIFGE82,1283699,2012.0,Q1,2012-01-01,2012-03-31,2013-04-25 09:55:18+00:00,0.06,0.06,,152819000.0,0.06,,7658000.0,,21004000.0,21004000.0,21004000.0,847791000.0,1276590000.0,103000.0,,,1120000.0,,,176593000.0,847791000.0,428799000.0,70083000.0,375000.0,330532000.0,98267000.0,-69605000.0,28662000.0,1276590000.0,350100000.0,362718613.0,364283160.0
T-Mobile US Inc,TMUS,549300V2JRLO5DIFGE82,1283699,2013.0,FY,2013-01-01,2013-12-31,2015-02-18 21:30:33+00:00,0.05,0.05,,3627000000.0,0.05,0.0,16000000.0,,35000000.0,35000000.0,35000000.0,12255000000.0,24101000000.0,89000000.0,54000000.0,319000000.0,-2000000.0,,108000000.0,7382000000.0,12255000000.0,12165000000.0,1223000000.0,189000000.0,11169000000.0,996000000.0,-945000000.0,51000000.0,24420000000.0,700000000.0,672955980.0,676885215.0
T-Mobile US Inc,TMUS,549300V2JRLO5DIFGE82,1283699,2013.0,Q4,2013-10-01,2013-12-31,,-0.03,-0.03,,997000000.0,-0.03,,-119000000.0,,-20000000.0,-20000000.0,-20000000.0,3538000000.0,6750000000.0,-16000000.0,56000000.0,77000000.0,-2000000.0,,3000000.0,2096000000.0,3538000000.0,3289000000.0,326000000.0,64000000.0,3150000000.0,139000000.0,-278000000.0,-139000000.0,6827000000.0,700000000.0,672955980.0,676885215.0
T-Mobile US Inc,TMUS,549300V2JRLO5DIFGE82,1283699,2013.0,Q3YTD,2013-01-01,2013-09-30,,0.08,0.08,0.06,2630000000.0,0.08,,135000000.0,,55000000.0,55000000.0,55000000.0,8717000000.0,17351000000.0,105000000.0,-2000000.0,242000000.0,,,105000000.0,5286000000.0,8717000000.0,8876000000.0,897000000.0,125000000.0,8019000000.0,857000000.0,-667000000.0,190000000.0,17593000000.0,720000000.0,726877458.0,726877458.0
T-Mobile US Inc,TMUS,549300V2JRLO5DIFGE82,1283699,2013.0,Q3TTM,2012-10-01,2013-09-30,,0.31,0.31,3.36,4020181000.0,0.31,,330342000.0,-1574000000.0,225996000.0,225996000.0,225996000.0,12037209000.0,25898410000.0,61897000.0,257000000.0,361000000.0,-206120000.0,,28000000.0,10194407000.0,12037209000.0,14222201000.0,1171917000.0,163625000.0,12719468000.0,1502733000.0,-946395000.0,556338000.0,26259410000.0,720000000.0,726877458.0,726877458.0
T-Mobile US Inc,TMUS,549300V2JRLO5DIFGE82,1283699,2013.0,Q3,2013-07-01,2013-09-30,2014-10-27 21:23:14+00:00,-0.05,-0.05,,987000000.0,-0.05,,42000000.0,,-36000000.0,-36000000.0,-36000000.0,3459000000.0,6605000000.0,-7000000.0,0.0,83000000.0,0.0,,12000000.0,1933000000.0,3459000000.0,3229000000.0,334000000.0,50000000.0,2932000000.0,297000000.0,-291000000.0,6000000.0,6688000000.0,720000000.0,726877458.0,726877458.0
T-Mobile US Inc,TMUS,549300V2JRLO5DIFGE82,1283699,2013.0,Q2YTD,2013-01-01,2013-06-30,,0.14,0.14,0.06,1643000000.0,0.14,,93000000.0,,91000000.0,91000000.0,91000000.0,5258000000.0,10746000000.0,112000000.0,-2000000.0,159000000.0,,,93000000.0,3353000000.0,5258000000.0,5647000000.0,563000000.0,75000000.0,5087000000.0,560000000.0,-376000000.0,184000000.0,10905000000.0,800000000.0,664603682.0,664603682.0
T-Mobile US Inc,TMUS,549300V2JRLO5DIFGE82,1283699,2013.0,Q2TTM,2012-07-01,2013-06-30,,-11.24,-11.24,3.68,3858181000.0,-11.24,8134000000.0,300342000.0,-751000000.0,-7473004000.0,-7473004000.0,-7473004000.0,10585209000.0,24108410000.0,83897000.0,78000000.0,356000000.0,-206120000.0,,52000000.0,9101407000.0,10585209000.0,13879201000.0,1002917000.0,133625000.0,20266468000.0,-6387267000.0,-785395000.0,-7172662000.0,24464410000.0,800000000.0,664603682.0,664603682.0
T-Mobile US Inc,TMUS,549300V2JRLO5DIFGE82,1283699,2013.0,Q2,2013-04-01,2013-06-30,2014-07-30 20:44:30+00:00,-0.02,-0.02,,888000000.0,-0.02,,21000000.0,,-16000000.0,-16000000.0,-16000000.0,3263000000.0,6135000000.0,118000000.0,0.0,93000000.0,,,49000000.0,1847000000.0,3263000000.0,2965000000.0,334000000.0,40000000.0,2784000000.0,181000000.0,-176000000.0,5000000.0,6228000000.0,800000000.0,664603682.0,664603682.0
T-Mobile US Inc,TMUS,549300V2JRLO5DIFGE82,1283699,2013.0,Q1TTM,2012-04-01,2013-03-31,,-13.54,-13.54,4.49,3789181000.0,-13.54,8134000000.0,414342000.0,,-7250004000.0,-7250004000.0,-7250004000.0,9245209000.0,22789410000.0,-11103000.0,97000000.0,330000000.0,-206120000.0,,51000000.0,8125407000.0,9245209000.0,13874201000.0,819917000.0,111625000.0,19990468000.0,-6116267000.0,-719395000.0,-6835662000.0,23119410000.0,535000000.0,535286077.0,535286077.0
T-Mobile US Inc,TMUS,549300V2JRLO5DIFGE82,1283699,2013.0,Q1,2013-01-01,2013-03-31,2014-04-30 21:34:40+00:00,0.2,0.2,,755000000.0,0.2,,72000000.0,,107000000.0,107000000.0,107000000.0,1995000000.0,4611000000.0,-6000000.0,-2000000.0,66000000.0,,,44000000.0,1506000000.0,1995000000.0,2682000000.0,229000000.0,35000000.0,2303000000.0,379000000.0,-200000000.0,179000000.0,4677000000.0,535000000.0,535286077.0,535286077.0
T-Mobile US Inc,TMUS,549300V2JRLO5DIFGE82,1283699,2014.0,FY,2014-01-01,2014-12-31,2017-02-14 07:37:53+00:00,0.31,0.31,,4412000000.0,0.3,,166000000.0,,247000000.0,247000000.0,247000000.0,15409000000.0,29164000000.0,-11000000.0,5000000.0,400000000.0,-840000000.0,0.0,299000000.0,8863000000.0,15409000000.0,14155000000.0,1351000000.0,359000000.0,12739000000.0,1416000000.0,-1003000000.0,413000000.0,29564000000.0,796800000.0,805284712.0,815922258.0
T-Mobile US Inc,TMUS,549300V2JRLO5DIFGE82,1283699,2014.0,Q4,2014-10-01,2014-12-31,,0.13,0.13,,1090000000.0,0.13,,99000000.0,,101000000.0,101000000.0,101000000.0,4195000000.0,8050000000.0,21000000.0,5000000.0,104000000.0,-70000000.0,,168000000.0,2333000000.0,4195000000.0,3959000000.0,358000000.0,104000000.0,3526000000.0,433000000.0,-233000000.0,200000000.0,8154000000.0,796800000.0,805284712.0,815922258.0
T-Mobile US Inc,TMUS,549300V2JRLO5DIFGE82,1283699,2014.0,Q3,2014-07-01,2014-09-30,2015-10-27 07:50:50+00:00,-0.12,-0.12,,1138000000.0,-0.12,,-117000000.0,,-94000000.0,-94000000.0,-94000000.0,3796000000.0,7245000000.0,-14000000.0,,105000000.0,-13000000.0,0.0,97000000.0,2283000000.0,3796000000.0,3554000000.0,343000000.0,97000000.0,3505000000.0,49000000.0,-260000000.0,-211000000.0,7350000000.0,783300000.0,807221761.0,807221761.0
T-Mobile US Inc,TMUS,549300V2JRLO5DIFGE82,1283699,2014.0,Q3YTD,2014-01-01,2014-09-30,,0.18,0.18,,3322000000.0,0.18,,67000000.0,,146000000.0,146000000.0,146000000.0,11214000000.0,21114000000.0,-32000000.0,,296000000.0,-770000000.0,,131000000.0,6530000000.0,11214000000.0,10196000000.0,993000000.0,255000000.0,9213000000.0,983000000.0,-770000000.0,213000000.0,21410000000.0,783300000.0,807221761.0,807221761.0
T-Mobile US Inc,TMUS,549300V2JRLO5DIFGE82,1283699,2014.0,Q3TTM,2013-10-01,2014-09-30,,0.16,0.16,,4319000000.0,0.16,,-52000000.0,,126000000.0,126000000.0,126000000.0,14752000000.0,27864000000.0,-48000000.0,56000000.0,373000000.0,-772000000.0,,134000000.0,8626000000.0,14752000000.0,13485000000.0,1319000000.0,319000000.0,12363000000.0,1122000000.0,-1048000000.0,74000000.0,28237000000.0,783300000.0,807221761.0,807221761.0
T-Mobile US Inc,TMUS,549300V2JRLO5DIFGE82,1283699,2014.0,Q2,2014-04-01,2014-06-30,2015-07-30 07:44:12+00:00,0.49,0.49,,1129000000.0,0.48,,286000000.0,,391000000.0,391000000.0,391000000.0,3668000000.0,7084000000.0,-12000000.0,,101000000.0,-747000000.0,0.0,22000000.0,2151000000.0,3668000000.0,3517000000.0,356000000.0,83000000.0,2555000000.0,962000000.0,-285000000.0,677000000.0,7185000000.0,798000000.0,803923913.0,813556137.0
T-Mobile US Inc,TMUS,549300V2JRLO5DIFGE82,1283699,2014.0,Q2YTD,2014-01-01,2014-06-30,,0.3,0.3,,2184000000.0,0.3,,184000000.0,,240000000.0,240000000.0,240000000.0,7418000000.0,13869000000.0,-18000000.0,,191000000.0,-757000000.0,,34000000.0,4247000000.0,7418000000.0,6642000000.0,650000000.0,158000000.0,5708000000.0,934000000.0,-510000000.0,424000000.0,14060000000.0,798000000.0,803923913.0,813556137.0
T-Mobile US Inc,TMUS,549300V2JRLO5DIFGE82,1283699,2014.0,Q2TTM,2013-07-01,2014-06-30,,0.23,0.23,,4168000000.0,0.23,,107000000.0,,184000000.0,184000000.0,184000000.0,14415000000.0,27224000000.0,-41000000.0,56000000.0,351000000.0,-759000000.0,,49000000.0,8276000000.0,14415000000.0,13160000000.0,1310000000.0,272000000.0,11790000000.0,1370000000.0,-1079000000.0,291000000.0,27575000000.0,798000000.0,803923913.0,813556137.0
T-Mobile US Inc,TMUS,549300V2JRLO5DIFGE82,1283699,2014.0,Q1,2014-01-01,2014-03-31,2015-04-28 07:43:18+00:00,-0.19,-0.19,,1055000000.0,-0.19,,-102000000.0,,-151000000.0,-151000000.0,-151000000.0,3750000000.0,6785000000.0,-6000000.0,,90000000.0,-10000000.0,0.0,12000000.0,2096000000.0,3750000000.0,3125000000.0,294000000.0,75000000.0,3153000000.0,-28000000.0,-225000000.0,-253000000.0,6875000000.0,794700000.0,802520723.0,802520723.0
T-Mobile US Inc,TMUS,549300V2JRLO5DIFGE82,1283699,2014.0,Q1TTM,2013-04-01,2014-03-31,,-0.28,-0.28,0.05,3927000000.0,-0.28,,-158000000.0,,-223000000.0,-223000000.0,-223000000.0,14010000000.0,26275000000.0,89000000.0,56000000.0,343000000.0,-12000000.0,,76000000.0,7972000000.0,14010000000.0,12608000000.0,1288000000.0,229000000.0,12019000000.0,589000000.0,-970000000.0,-381000000.0,26618000000.0,794700000.0,802520723.0,802520723.0
T-Mobile US Inc,TMUS,549300V2JRLO5DIFGE82,1283699,2015.0,FY,2015-01-01,2015-12-31,2018-02-08 06:15:41+00:00,0.83,0.83,,4688000000.0,0.82,,245000000.0,,733000000.0,733000000.0,678000000.0,14898000000.0,31539000000.0,-11000000.0,,928000000.0,-163000000.0,55000000.0,376000000.0,10189000000.0,14898000000.0,17569000000.0,1496000000.0,6000000.0,15090000000.0,2479000000.0,-1501000000.0,978000000.0,32467000000.0,816900000.0,812994028.0,822617938.0
T-Mobile US Inc,TMUS,549300V2JRLO5DIFGE82,1283699,2015.0,Q4,2015-10-01,2015-12-31,,0.34,0.34,,1369000000.0,0.34,,184000000.0,,297000000.0,297000000.0,283000000.0,3403000000.0,8092000000.0,-3000000.0,,569000000.0,-139000000.0,14000000.0,21000000.0,2755000000.0,3403000000.0,5258000000.0,439000000.0,-329000000.0,4006000000.0,1252000000.0,-771000000.0,481000000.0,8661000000.0,816900000.0,812994028.0,822617938.0
T-Mobile US Inc,TMUS,549300V2JRLO5DIFGE82,1283699,2015.0,Q3,2015-07-01,2015-09-30,2016-10-24 07:37:14+00:00,0.15,0.15,,1157000000.0,0.15,,100000000.0,,138000000.0,138000000.0,125000000.0,3363000000.0,7718000000.0,-1000000.0,,131000000.0,-1000000.0,13000000.0,193000000.0,2624000000.0,3363000000.0,4486000000.0,383000000.0,109000000.0,3973000000.0,513000000.0,-275000000.0,238000000.0,7849000000.0,833300000.0,815069272.0,822017220.0
T-Mobile US Inc,TMUS,549300V2JRLO5DIFGE82,1283699,2015.0,Q3YTD,2015-01-01,2015-09-30,,0.48,0.48,0.05,3319000000.0,0.48,,61000000.0,,436000000.0,436000000.0,395000000.0,11495000000.0,23447000000.0,-8000000.0,,359000000.0,-24000000.0,41000000.0,355000000.0,7434000000.0,11495000000.0,12311000000.0,1057000000.0,335000000.0,11084000000.0,1227000000.0,-730000000.0,497000000.0,23806000000.0,833300000.0,815069272.0,822017220.0
T-Mobile US Inc,TMUS,549300V2JRLO5DIFGE82,1283699,2015.0,Q3TTM,2014-10-01,2015-09-30,,0.61,0.61,0.05,4409000000.0,0.61,,160000000.0,,537000000.0,537000000.0,496000000.0,15690000000.0,31497000000.0,13000000.0,5000000.0,463000000.0,-94000000.0,41000000.0,523000000.0,9767000000.0,15690000000.0,16270000000.0,1415000000.0,439000000.0,14610000000.0,1660000000.0,-963000000.0,697000000.0,31960000000.0,833300000.0,815069272.0,822017220.0
T-Mobile US Inc,TMUS,549300V2JRLO5DIFGE82,1283699,2015.0,Q2,2015-04-01,2015-06-30,2016-07-27 07:40:25+00:00,0.43,0.43,,1075000000.0,0.42,,2000000.0,,361000000.0,361000000.0,347000000.0,4058000000.0,8059000000.0,1000000.0,,120000000.0,-23000000.0,14000000.0,34000000.0,2438000000.0,4058000000.0,4121000000.0,349000000.0,114000000.0,3524000000.0,597000000.0,-234000000.0,363000000.0,8179000000.0,807000000.0,811605031.0,821122537.0
T-Mobile US Inc,TMUS,549300V2JRLO5DIFGE82,1283699,2015.0,Q2YTD,2015-01-01,2015-06-30,,0.33,0.33,0.03,2162000000.0,0.33,,-39000000.0,,298000000.0,298000000.0,270000000.0,8132000000.0,15729000000.0,-7000000.0,,228000000.0,-23000000.0,28000000.0,162000000.0,4810000000.0,8132000000.0,7825000000.0,674000000.0,226000000.0,7111000000.0,714000000.0,-455000000.0,259000000.0,15957000000.0,807000000.0,811605031.0,821122537.0
T-Mobile US Inc,TMUS,549300V2JRLO5DIFGE82,1283699,2015.0,Q2TTM,2014-07-01,2015-06-30,,0.34,0.34,0.03,4390000000.0,0.34,,-57000000.0,,305000000.0,305000000.0,277000000.0,16123000000.0,31024000000.0,,5000000.0,437000000.0,-106000000.0,28000000.0,427000000.0,9426000000.0,16123000000.0,15338000000.0,1375000000.0,427000000.0,14142000000.0,1196000000.0,-948000000.0,248000000.0,31461000000.0,807000000.0,811605031.0,821122537.0
T-Mobile US Inc,TMUS,549300V2JRLO5DIFGE82,1283699,2015.0,Q1,2015-01-01,2015-03-31,2016-04-26 06:21:56+00:00,-0.09,-0.09,,1087000000.0,-0.09,,-41000000.0,,-63000000.0,-63000000.0,-77000000.0,4074000000.0,7670000000.0,-8000000.0,,108000000.0,0.0,14000000.0,128000000.0,2372000000.0,4074000000.0,3704000000.0,325000000.0,112000000.0,3587000000.0,117000000.0,-221000000.0,-104000000.0,7778000000.0,855600000.0,808605526.0,808605526.0
T-Mobile US Inc,TMUS,549300V2JRLO5DIFGE82,1283699,2015.0,Q1TTM,2014-04-01,2015-03-31,,0.4,0.4,0.02,4444000000.0,0.4,,227000000.0,,335000000.0,335000000.0,321000000.0,15733000000.0,30049000000.0,-13000000.0,5000000.0,418000000.0,-830000000.0,14000000.0,415000000.0,9139000000.0,15733000000.0,14734000000.0,1382000000.0,396000000.0,13173000000.0,1561000000.0,-999000000.0,562000000.0,30467000000.0,855600000.0,808605526.0,808605526.0
T-Mobile US Inc,TMUS,549300V2JRLO5DIFGE82,1283699,2016.0,FY,2016-01-01,2016-12-31,2019-02-07 07:46:51+00:00,1.71,1.71,,6243000000.0,1.69,,867000000.0,,1460000000.0,1460000000.0,1405000000.0,16550000000.0,37490000000.0,-6000000.0,,,-835000000.0,55000000.0,104000000.0,11378000000.0,16550000000.0,20940000000.0,1730000000.0,13000000.0,16890000000.0,4050000000.0,-1723000000.0,2327000000.0,37490000000.0,821600000.0,822470275.0,833054545.0
T-Mobile US Inc,TMUS,549300V2JRLO5DIFGE82,1283699,2016.0,Q4,2016-10-01,2016-12-31,,0.45,0.45,,1548000000.0,0.46,,216000000.0,,390000000.0,390000000.0,376000000.0,4732000000.0,10904000000.0,,,-670000000.0,,14000000.0,-6000000.0,2959000000.0,4732000000.0,5502000000.0,399000000.0,4000000.0,4501000000.0,1001000000.0,-395000000.0,606000000.0,10234000000.0,821600000.0,822470275.0,833054545.0
T-Mobile US Inc,TMUS,549300V2JRLO5DIFGE82,1283699,2016.0,Q3,2016-07-01,2016-09-30,2017-10-23 07:37:08+00:00,0.43,0.43,,1568000000.0,0.42,,232000000.0,,366000000.0,366000000.0,353000000.0,3975000000.0,9081000000.0,-1000000.0,,224000000.0,-199000000.0,13000000.0,15000000.0,2898000000.0,3975000000.0,5330000000.0,452000000.0,3000000.0,4282000000.0,1048000000.0,-450000000.0,598000000.0,9305000000.0,820900000.0,822998697.0,832257819.0
T-Mobile US Inc,TMUS,549300V2JRLO5DIFGE82,1283699,2016.0,Q3YTD,2016-01-01,2016-09-30,,1.26,1.26,,4695000000.0,1.23,,651000000.0,,1070000000.0,1070000000.0,1029000000.0,11818000000.0,26586000000.0,-6000000.0,,670000000.0,-835000000.0,41000000.0,110000000.0,8419000000.0,11818000000.0,15438000000.0,1331000000.0,9000000.0,12389000000.0,3049000000.0,-1328000000.0,1721000000.0,27256000000.0,820900000.0,822998697.0,832257819.0
T-Mobile US Inc,TMUS,549300V2JRLO5DIFGE82,1283699,2016.0,Q3TTM,2015-10-01,2016-09-30,,1.6,1.6,,6064000000.0,1.57,,835000000.0,,1367000000.0,1367000000.0,1312000000.0,15221000000.0,34678000000.0,-9000000.0,,1239000000.0,-974000000.0,55000000.0,131000000.0,11174000000.0,15221000000.0,20696000000.0,1770000000.0,-320000000.0,16395000000.0,4301000000.0,-2099000000.0,2202000000.0,35917000000.0,820900000.0,822998697.0,832257819.0
T-Mobile US Inc,TMUS,549300V2JRLO5DIFGE82,1283699,2016.0,Q2,2016-04-01,2016-06-30,2017-07-20 16:07:10+00:00,0.26,0.26,,1575000000.0,0.25,,147000000.0,,225000000.0,225000000.0,211000000.0,4048000000.0,9076000000.0,-3000000.0,,211000000.0,0.0,14000000.0,59000000.0,2772000000.0,4048000000.0,5239000000.0,461000000.0,3000000.0,4406000000.0,833000000.0,-461000000.0,372000000.0,9287000000.0,811500000.0,822434490.0,829752956.0
T-Mobile US Inc,TMUS,549300V2JRLO5DIFGE82,1283699,2016.0,Q2YTD,2016-01-01,2016-06-30,,0.83,0.83,,3127000000.0,0.81,,419000000.0,,704000000.0,704000000.0,676000000.0,7843000000.0,17505000000.0,-5000000.0,,446000000.0,-636000000.0,28000000.0,95000000.0,5521000000.0,7843000000.0,10108000000.0,879000000.0,6000000.0,8107000000.0,2001000000.0,-878000000.0,1123000000.0,17951000000.0,811500000.0,822434490.0,829752956.0
T-Mobile US Inc,TMUS,549300V2JRLO5DIFGE82,1283699,2016.0,Q2TTM,2015-07-01,2016-06-30,,1.32,1.32,,5653000000.0,1.3,,703000000.0,,1139000000.0,1139000000.0,1084000000.0,14609000000.0,33315000000.0,-9000000.0,,1146000000.0,-776000000.0,55000000.0,309000000.0,10900000000.0,14609000000.0,19852000000.0,1701000000.0,-214000000.0,16086000000.0,3766000000.0,-1924000000.0,1842000000.0,34461000000.0,811500000.0,822434490.0,829752956.0
T-Mobile US Inc,TMUS,549300V2JRLO5DIFGE82,1283699,2016.0,Q1,2016-01-01,2016-03-31,2017-04-24 16:15:44+00:00,0.57,0.57,,1552000000.0,0.56,,272000000.0,,479000000.0,479000000.0,465000000.0,3795000000.0,8429000000.0,-2000000.0,,235000000.0,-636000000.0,14000000.0,36000000.0,2749000000.0,3795000000.0,4869000000.0,418000000.0,3000000.0,3701000000.0,1168000000.0,-417000000.0,751000000.0,8664000000.0,815800000.0,819431761.0,859382827.0
T-Mobile US Inc,TMUS,549300V2JRLO5DIFGE82,1283699,2016.0,Q1TTM,2015-04-01,2016-03-31,,1.49,1.49,0.07,5153000000.0,1.49,,558000000.0,,1275000000.0,1275000000.0,1220000000.0,14619000000.0,32298000000.0,-5000000.0,,1055000000.0,-799000000.0,55000000.0,284000000.0,10566000000.0,14619000000.0,18734000000.0,1589000000.0,-103000000.0,15204000000.0,3530000000.0,-1697000000.0,1833000000.0,33353000000.0,815800000.0,819431761.0,859382827.0
T-Mobile US Inc,TMUS,549300V2JRLO5DIFGE82,1283699,2017.0,FY,2017-01-01,2017-12-31,2020-02-06 16:08:16+00:00,5.39,5.39,,5984000000.0,5.2,,-1375000000.0,,4536000000.0,4536000000.0,4481000000.0,17708000000.0,40604000000.0,-73000000.0,,,-235000000.0,55000000.0,,12259000000.0,17708000000.0,22896000000.0,1671000000.0,17000000.0,18008000000.0,4888000000.0,-1727000000.0,3161000000.0,40604000000.0,831400000.0,831850073.0,871787450.0
T-Mobile US Inc,TMUS,549300V2JRLO5DIFGE82,1283699,2017.0,Q4,2017-10-01,2017-12-31,,3.23,3.23,,1485000000.0,3.1,,-1993000000.0,,2707000000.0,2707000000.0,2693000000.0,5039000000.0,11262000000.0,16000000.0,,-503000000.0,-168000000.0,14000000.0,,3291000000.0,5039000000.0,5720000000.0,416000000.0,2000000.0,4608000000.0,1112000000.0,-398000000.0,714000000.0,10759000000.0,831400000.0,831850073.0,871787450.0
T-Mobile US Inc,TMUS,549300V2JRLO5DIFGE82,1283699,2017.0,Q3,2017-07-01,2017-09-30,2018-10-30 16:08:05+00:00,0.65,0.65,,1416000000.0,0.63,,356000000.0,,550000000.0,550000000.0,537000000.0,4211000000.0,10019000000.0,1000000.0,,,-29000000.0,13000000.0,,3098000000.0,4211000000.0,5808000000.0,420000000.0,2000000.0,4485000000.0,1323000000.0,-417000000.0,906000000.0,10019000000.0,826200000.0,831189779.0,871420065.0
T-Mobile US Inc,TMUS,549300V2JRLO5DIFGE82,1283699,2017.0,Q3YTD,2017-01-01,2017-09-30,,2.16,2.16,,4499000000.0,2.1,,618000000.0,,1829000000.0,1829000000.0,1788000000.0,12669000000.0,29342000000.0,-89000000.0,,503000000.0,-67000000.0,41000000.0,,8968000000.0,12669000000.0,17176000000.0,1255000000.0,15000000.0,13400000000.0,3776000000.0,-1329000000.0,2447000000.0,29845000000.0,826200000.0,831189779.0,871420065.0
T-Mobile US Inc,TMUS,549300V2JRLO5DIFGE82,1283699,2017.0,Q3TTM,2016-10-01,2017-09-30,,2.61,2.61,,6047000000.0,2.56,,834000000.0,,2219000000.0,2219000000.0,2164000000.0,17401000000.0,40246000000.0,-89000000.0,,-167000000.0,-67000000.0,55000000.0,-6000000.0,11927000000.0,17401000000.0,22678000000.0,1654000000.0,19000000.0,17901000000.0,4777000000.0,-1724000000.0,3053000000.0,40079000000.0,826200000.0,831189779.0,871420065.0
T-Mobile US Inc,TMUS,549300V2JRLO5DIFGE82,1283699,2017.0,Q2,2017-04-01,2017-06-30,2018-08-01 16:19:54+00:00,0.68,0.68,,1519000000.0,0.67,,353000000.0,,581000000.0,581000000.0,567000000.0,4364000000.0,9951000000.0,-92000000.0,,262000000.0,-1000000.0,14000000.0,,2915000000.0,4364000000.0,5849000000.0,396000000.0,6000000.0,4433000000.0,1416000000.0,-482000000.0,934000000.0,10213000000.0,833800000.0,830971528.0,870457181.0
T-Mobile US Inc,TMUS,549300V2JRLO5DIFGE82,1283699,2017.0,Q2YTD,2017-01-01,2017-06-30,,1.51,1.51,,3083000000.0,1.47,,262000000.0,,1279000000.0,1279000000.0,1251000000.0,8458000000.0,19323000000.0,-90000000.0,,503000000.0,-38000000.0,28000000.0,,5870000000.0,8458000000.0,11368000000.0,835000000.0,13000000.0,8915000000.0,2453000000.0,-912000000.0,1541000000.0,19826000000.0,833800000.0,830971528.0,870457181.0
T-Mobile US Inc,TMUS,549300V2JRLO5DIFGE82,1283699,2017.0,Q2TTM,2016-07-01,2017-06-30,,2.39,2.39,,6199000000.0,2.35,,710000000.0,,2035000000.0,2035000000.0,1980000000.0,17165000000.0,39308000000.0,-91000000.0,,57000000.0,-237000000.0,55000000.0,9000000.0,11727000000.0,17165000000.0,22200000000.0,1686000000.0,20000000.0,17698000000.0,4502000000.0,-1757000000.0,2745000000.0,39365000000.0,833800000.0,830971528.0,870457181.0
T-Mobile US Inc,TMUS,549300V2JRLO5DIFGE82,1283699,2017.0,Q1,2017-01-01,2017-03-31,2018-05-01 16:13:24+00:00,0.83,0.83,,1564000000.0,0.8,,-91000000.0,,698000000.0,698000000.0,684000000.0,4094000000.0,9372000000.0,2000000.0,,241000000.0,-37000000.0,14000000.0,,2955000000.0,4094000000.0,5519000000.0,439000000.0,7000000.0,4482000000.0,1037000000.0,-430000000.0,607000000.0,9613000000.0,824100000.0,827723034.0,869395984.0
T-Mobile US Inc,TMUS,549300V2JRLO5DIFGE82,1283699,2017.0,Q1TTM,2016-04-01,2017-03-31,,1.97,1.97,,6255000000.0,1.93,,504000000.0,,1679000000.0,1679000000.0,1624000000.0,16849000000.0,38433000000.0,-2000000.0,,6000000.0,-236000000.0,55000000.0,68000000.0,11584000000.0,16849000000.0,21590000000.0,1751000000.0,17000000.0,17671000000.0,3919000000.0,-1736000000.0,2183000000.0,38439000000.0,824100000.0,827723034.0,869395984.0
T-Mobile US Inc,TMUS,549300V2JRLO5DIFGE82,1283699,2018.0,FY,2018-01-01,2018-12-31,2020-02-06 16:08:16+00:00,3.4,3.4,,6486000000.0,3.36,,1029000000.0,,2888000000.0,2888000000.0,2888000000.0,18354000000.0,43310000000.0,-54000000.0,,,0.0,0.0,,13161000000.0,18354000000.0,24956000000.0,1357000000.0,19000000.0,19647000000.0,5309000000.0,-1392000000.0,3917000000.0,43310000000.0,849400000.0,849744152.0,858290174.0
T-Mobile US Inc,TMUS,549300V2JRLO5DIFGE82,1283699,2018.0,Q4,2018-10-01,2018-12-31,,0.76,0.76,,1640000000.0,0.73,,198000000.0,,640000000.0,640000000.0,640000000.0,5170000000.0,11445000000.0,-3000000.0,,,,,,3498000000.0,5170000000.0,6275000000.0,298000000.0,2000000.0,5138000000.0,1137000000.0,-299000000.0,838000000.0,11445000000.0,849400000.0,849744152.0,858290174.0
T-Mobile US Inc,TMUS,549300V2JRLO5DIFGE82,1283699,2018.0,Q3,2018-07-01,2018-09-30,2019-10-28 16:27:16+00:00,0.94,0.94,,1637000000.0,0.93,,335000000.0,,795000000.0,795000000.0,795000000.0,4448000000.0,10839000000.0,3000000.0,,,,,,3314000000.0,4448000000.0,6391000000.0,318000000.0,5000000.0,4951000000.0,1440000000.0,-310000000.0,1130000000.0,10839000000.0,845700000.0,847087120.0,853852764.0
T-Mobile US Inc,TMUS,549300V2JRLO5DIFGE82,1283699,2018.0,Q3YTD,2018-01-01,2018-09-30,,2.64,2.64,,4846000000.0,2.63,,831000000.0,,2248000000.0,2248000000.0,2248000000.0,13184000000.0,31865000000.0,-51000000.0,,,,,,9663000000.0,13184000000.0,18681000000.0,1059000000.0,17000000.0,14509000000.0,4172000000.0,-1093000000.0,3079000000.0,31865000000.0,845700000.0,847087120.0,853852764.0
T-Mobile US Inc,TMUS,549300V2JRLO5DIFGE82,1283699,2018.0,Q3TTM,2017-10-01,2018-09-30,,5.87,5.87,,6331000000.0,5.73,,-1162000000.0,,4955000000.0,4955000000.0,4941000000.0,18223000000.0,43127000000.0,-35000000.0,,-503000000.0,-168000000.0,14000000.0,,12954000000.0,18223000000.0,24401000000.0,1475000000.0,19000000.0,19117000000.0,5284000000.0,-1491000000.0,3793000000.0,42624000000.0,845700000.0,847087120.0,853852764.0
T-Mobile US Inc,TMUS,549300V2JRLO5DIFGE82,1283699,2018.0,Q2,2018-04-01,2018-06-30,2019-07-26 16:31:57+00:00,0.92,0.92,,1634000000.0,0.92,,286000000.0,,782000000.0,782000000.0,782000000.0,4302000000.0,10571000000.0,-64000000.0,,,,,,3185000000.0,4302000000.0,6269000000.0,324000000.0,6000000.0,4819000000.0,1450000000.0,-382000000.0,1068000000.0,10571000000.0,850000000.0,847660488.0,852040670.0
T-Mobile US Inc,TMUS,549300V2JRLO5DIFGE82,1283699,2018.0,Q2YTD,2018-01-01,2018-06-30,,1.7,1.7,,3209000000.0,1.7,,496000000.0,,1453000000.0,1453000000.0,1453000000.0,8736000000.0,21026000000.0,-54000000.0,,,,,,6349000000.0,8736000000.0,12290000000.0,741000000.0,12000000.0,9558000000.0,2732000000.0,-783000000.0,1949000000.0,21026000000.0,850000000.0,847660488.0,852040670.0
T-Mobile US Inc,TMUS,549300V2JRLO5DIFGE82,1283699,2018.0,Q2TTM,2017-07-01,2018-06-30,,5.58,5.58,,6110000000.0,5.43,,-1141000000.0,,4710000000.0,4710000000.0,4683000000.0,17986000000.0,42307000000.0,-37000000.0,,-503000000.0,-197000000.0,27000000.0,,12738000000.0,17986000000.0,23818000000.0,1577000000.0,16000000.0,18651000000.0,5167000000.0,-1598000000.0,3569000000.0,41804000000.0,850000000.0,847660488.0,852040670.0
T-Mobile US Inc,TMUS,549300V2JRLO5DIFGE82,1283699,2018.0,Q1,2018-01-01,2018-03-31,2019-04-25 16:26:07+00:00,0.78,0.78,,1575000000.0,0.78,,210000000.0,,671000000.0,671000000.0,671000000.0,4434000000.0,10455000000.0,10000000.0,,,,,,3164000000.0,4434000000.0,6021000000.0,417000000.0,6000000.0,4739000000.0,1282000000.0,-401000000.0,881000000.0,10455000000.0,860300000.0,855222664.0,862244084.0
T-Mobile US Inc,TMUS,549300V2JRLO5DIFGE82,1283699,2018.0,Q1TTM,2017-04-01,2018-03-31,,5.34,5.34,,5995000000.0,5.18,,-1074000000.0,,4509000000.0,4509000000.0,4468000000.0,18048000000.0,41687000000.0,-65000000.0,,-241000000.0,-198000000.0,41000000.0,,12468000000.0,18048000000.0,23398000000.0,1649000000.0,16000000.0,18265000000.0,5133000000.0,-1698000000.0,3435000000.0,41446000000.0,860300000.0,855222664.0,862244084.0
T-Mobile US Inc,TMUS,549300V2JRLO5DIFGE82,1283699,2019.0,FY,2019-01-01,2019-12-31,2020-02-06 16:08:16+00:00,4.06,4.06,,6616000000.0,4.02,,1135000000.0,,3468000000.0,3468000000.0,3468000000.0,18521000000.0,44998000000.0,-8000000.0,,,0.0,0.0,,14139000000.0,18521000000.0,26477000000.0,1135000000.0,24000000.0,20755000000.0,5722000000.0,-1119000000.0,4603000000.0,44998000000.0,854200000.0,854143751.0,863433511.0
T-Mobile US Inc,TMUS,549300V2JRLO5DIFGE82,1283699,2019.0,Q4,2019-10-01,2019-12-31,,0.87,0.87,,1776000000.0,0.86,,214000000.0,,751000000.0,751000000.0,751000000.0,5212000000.0,11878000000.0,4000000.0,,,,,,3656000000.0,5212000000.0,6666000000.0,280000000.0,7000000.0,5432000000.0,1234000000.0,-269000000.0,965000000.0,11878000000.0,854200000.0,854143751.0,863433511.0
T-Mobile US Inc,TMUS,549300V2JRLO5DIFGE82,1283699,2019.0,Q3,2019-07-01,2019-09-30,2019-10-28 16:27:16+00:00,1.02,1.02,,1655000000.0,1.01,,325000000.0,,870000000.0,870000000.0,870000000.0,4437000000.0,11061000000.0,3000000.0,,,,,,3498000000.0,4437000000.0,6624000000.0,284000000.0,5000000.0,5153000000.0,1471000000.0,-276000000.0,1195000000.0,11061000000.0,852900000.0,854578241.0,862690751.0
T-Mobile US Inc,TMUS,549300V2JRLO5DIFGE82,1283699,2019.0,Q3YTD,2019-01-01,2019-09-30,,3.19,3.19,,4840000000.0,3.16,,921000000.0,,2717000000.0,2717000000.0,2717000000.0,13309000000.0,33120000000.0,-12000000.0,,,,,,10483000000.0,13309000000.0,19811000000.0,855000000.0,17000000.0,15323000000.0,4488000000.0,-850000000.0,3638000000.0,33120000000.0,852900000.0,854578241.0,862690751.0
T-Mobile US Inc,TMUS,549300V2JRLO5DIFGE82,1283699,2019.0,Q3TTM,2018-10-01,2019-09-30,,3.95,3.95,,6480000000.0,3.89,,1119000000.0,,3357000000.0,3357000000.0,3357000000.0,18479000000.0,44565000000.0,-15000000.0,,,,,,13981000000.0,18479000000.0,26086000000.0,1153000000.0,19000000.0,20461000000.0,5625000000.0,-1149000000.0,4476000000.0,44565000000.0,852900000.0,854578241.0,862690751.0
T-Mobile US Inc,TMUS,549300V2JRLO5DIFGE82,1283699,2019.0,Q2,2019-04-01,2019-06-30,2019-07-26 16:31:57+00:00,1.1,1.1,,1585000000.0,1.09,,301000000.0,,939000000.0,939000000.0,939000000.0,4310000000.0,10979000000.0,-22000000.0,,,,,,3543000000.0,4310000000.0,6669000000.0,283000000.0,4000000.0,5128000000.0,1541000000.0,-301000000.0,1240000000.0,10979000000.0,853600000.0,854368443.0,860135593.0
T-Mobile US Inc,TMUS,549300V2JRLO5DIFGE82,1283699,2019.0,Q2YTD,2019-01-01,2019-06-30,,2.17,2.17,,3185000000.0,2.15,,596000000.0,,1847000000.0,1847000000.0,1847000000.0,8872000000.0,22059000000.0,-15000000.0,,,,,,6985000000.0,8872000000.0,13187000000.0,571000000.0,12000000.0,10170000000.0,3017000000.0,-574000000.0,2443000000.0,22059000000.0,853600000.0,854368443.0,860135593.0
T-Mobile US Inc,TMUS,549300V2JRLO5DIFGE82,1283699,2019.0,Q2TTM,2018-07-01,2019-06-30,,3.87,3.87,,6462000000.0,3.81,,1129000000.0,,3282000000.0,3282000000.0,3282000000.0,18490000000.0,44343000000.0,-15000000.0,,,,,,13797000000.0,18490000000.0,25853000000.0,1187000000.0,19000000.0,20259000000.0,5594000000.0,-1183000000.0,4411000000.0,44343000000.0,853600000.0,854368443.0,860135593.0
T-Mobile US Inc,TMUS,549300V2JRLO5DIFGE82,1283699,2019.0,Q1,2019-01-01,2019-03-31,2020-05-06 16:19:11+00:00,1.07,1.07,,1600000000.0,1.06,,295000000.0,,908000000.0,908000000.0,908000000.0,4562000000.0,11080000000.0,7000000.0,,,,,,3442000000.0,4562000000.0,6518000000.0,288000000.0,8000000.0,5042000000.0,1476000000.0,-273000000.0,1203000000.0,11080000000.0,848600000.0,851223498.0,858643481.0
T-Mobile US Inc,TMUS,549300V2JRLO5DIFGE82,1283699,2019.0,Q1TTM,2018-04-01,2019-03-31,,3.69,3.69,,6511000000.0,3.64,,1114000000.0,,3125000000.0,3125000000.0,3125000000.0,18482000000.0,43935000000.0,-57000000.0,,,,,,13439000000.0,18482000000.0,25453000000.0,1228000000.0,21000000.0,19950000000.0,5503000000.0,-1264000000.0,4239000000.0,43935000000.0,848600000.0,851223498.0,858643481.0
