company_name,company_ticker,company_lei,company_cik,year,quarter,start_date,end_date,filing_date,amortizationexpense,basicdilutedeps,basiceps,dilutedeps,impairmentexpense,incometaxexpense,netincome,netincomecontinuing,netincometocommon,operatingcostofrevenue,operatingrevenue,otherincome,otherrevenue,otherspecialcharges,rdexpense,restructuringcharge,sgaexpense,totalcostofrevenue,totalgrossprofit,totalinterestexpense,totalinterestincome,totaloperatingexpenses,totaloperatingincome,totalotherincome,totalpretaxincome,totalrevenue,weightedavebasicdilutedsharesos,weightedavebasicsharesos,weightedavedilutedsharesos
Alexion Pharmaceuticals Inc,ALXN,M1YXUUZR0EIMU8T0EM75,899866,2008.0,FY,2008-01-01,2008-12-31,2011-02-17 17:17:01+00:00,,0.43,0.43,0.39,,1581000.0,33149000.0,33149000.0,33149000.0,28366000.0,259099000.0,-282000.0,,,62581000.0,,133543000.0,28366000.0,230733000.0,2407000.0,2810000.0,196124000.0,34609000.0,121000.0,34730000.0,259099000.0,77100000.0,77680000.0,89967000.0
Alexion Pharmaceuticals Inc,ALXN,M1YXUUZR0EIMU8T0EM75,899866,2009.0,FY,2009-01-01,2009-12-31,2012-02-17 17:29:44+00:00,0.0,1.73,1.73,1.63,,-211852000.0,295166000.0,295166000.0,295166000.0,45059000.0,386800000.0,-530000.0,,,81915000.0,0.0,172767000.0,45059000.0,341741000.0,4001000.0,786000.0,254682000.0,87059000.0,-3745000.0,83314000.0,386800000.0,170600000.0,170652000.0,181164000.0
Alexion Pharmaceuticals Inc,ALXN,M1YXUUZR0EIMU8T0EM75,899866,2009.0,Q3,2009-07-01,2009-09-30,2010-11-02 15:45:35+00:00,,0.31,0.31,0.29,,951000.0,26731000.0,26731000.0,26731000.0,11895000.0,102628000.0,-250000.0,,,21323000.0,,41523000.0,11895000.0,90733000.0,80000.0,125000.0,62846000.0,27887000.0,-205000.0,27682000.0,102628000.0,86200000.0,87447000.0,90946000.0
Alexion Pharmaceuticals Inc,ALXN,M1YXUUZR0EIMU8T0EM75,899866,2009.0,Q2,2009-04-01,2009-06-30,2010-07-30 17:04:46+00:00,,0.2,0.2,0.19,,1092000.0,16802000.0,16802000.0,16802000.0,10313000.0,92256000.0,264000.0,,,18288000.0,,42705000.0,10313000.0,81943000.0,3504000.0,184000.0,60993000.0,20950000.0,-3056000.0,17894000.0,92256000.0,84000000.0,85128000.0,90159000.0
Alexion Pharmaceuticals Inc,ALXN,M1YXUUZR0EIMU8T0EM75,899866,2010.0,Q4,2010-10-01,2010-12-31,,,0.15,0.15,0.15,,17798000.0,26450000.0,26450000.0,26450000.0,20222000.0,155976000.0,-1050000.0,,,27177000.0,722000.0,62825000.0,20222000.0,135754000.0,174000.0,442000.0,90724000.0,45030000.0,-782000.0,44248000.0,155976000.0,179700000.0,178542000.0,186074000.0
Alexion Pharmaceuticals Inc,ALXN,M1YXUUZR0EIMU8T0EM75,899866,2010.0,FY,2010-01-01,2010-12-31,2013-02-19 10:05:39+00:00,0.0,0.54,0.54,0.52,0.0,51981000.0,97030000.0,97030000.0,97030000.0,64437000.0,540957000.0,-2434000.0,,,98394000.0,722000.0,226766000.0,64437000.0,476520000.0,704000.0,1511000.0,325882000.0,150638000.0,-1627000.0,149011000.0,540957000.0,179700000.0,178542000.0,186074000.0
Alexion Pharmaceuticals Inc,ALXN,M1YXUUZR0EIMU8T0EM75,899866,2010.0,Q3YTD,2010-01-01,2010-09-30,,,0.39,0.39,0.39,,34183000.0,70580000.0,70580000.0,70580000.0,44215000.0,384981000.0,-1384000.0,,,71217000.0,,163941000.0,44215000.0,340766000.0,530000.0,1069000.0,235158000.0,105608000.0,-845000.0,104763000.0,384981000.0,174200000.0,178980000.0,186042000.0
Alexion Pharmaceuticals Inc,ALXN,M1YXUUZR0EIMU8T0EM75,899866,2010.0,Q3,2010-07-01,2010-09-30,2011-10-31 16:22:44+00:00,,0.16,0.16,0.15,,14734000.0,27873000.0,27873000.0,27873000.0,16495000.0,141569000.0,-427000.0,,,25153000.0,,57208000.0,16495000.0,125074000.0,162000.0,483000.0,82361000.0,42713000.0,-106000.0,42607000.0,141569000.0,174200000.0,178980000.0,186042000.0
Alexion Pharmaceuticals Inc,ALXN,M1YXUUZR0EIMU8T0EM75,899866,2010.0,Q2YTD,2010-01-01,2010-06-30,,,0.24,0.24,0.24,,19449000.0,42707000.0,42707000.0,42707000.0,27720000.0,243412000.0,-957000.0,,,46064000.0,,106733000.0,27720000.0,215692000.0,368000.0,586000.0,152797000.0,62895000.0,-739000.0,62156000.0,243412000.0,181400000.0,178004000.0,185150000.0
Alexion Pharmaceuticals Inc,ALXN,M1YXUUZR0EIMU8T0EM75,899866,2010.0,Q2,2010-04-01,2010-06-30,2011-08-03 15:07:28+00:00,,0.12,0.12,0.12,,10310000.0,21773000.0,21773000.0,21773000.0,13721000.0,125834000.0,-420000.0,,,23690000.0,,56098000.0,13721000.0,112113000.0,158000.0,336000.0,79788000.0,32325000.0,-242000.0,32083000.0,125834000.0,181400000.0,178004000.0,185150000.0
Alexion Pharmaceuticals Inc,ALXN,M1YXUUZR0EIMU8T0EM75,899866,2010.0,Q1,2010-01-01,2010-03-31,2011-05-04 17:21:24+00:00,,0.24,0.24,0.23,,9139000.0,20934000.0,20934000.0,20934000.0,13999000.0,117578000.0,-537000.0,,,22374000.0,,50635000.0,13999000.0,103579000.0,210000.0,250000.0,73009000.0,30570000.0,-497000.0,30073000.0,117578000.0,87200000.0,88506000.0,92090000.0
Alexion Pharmaceuticals Inc,ALXN,M1YXUUZR0EIMU8T0EM75,899866,2011.0,Q4,2011-10-01,2011-12-31,,105000.0,0.26,0.26,0.26,,25908000.0,48170000.0,48170000.0,48170000.0,28798000.0,227559000.0,-1329000.0,,,34398000.0,2322000.0,86566000.0,28798000.0,198761000.0,183000.0,220000.0,123391000.0,75370000.0,-1292000.0,74078000.0,227559000.0,182600000.0,183220000.0,191806000.0
Alexion Pharmaceuticals Inc,ALXN,M1YXUUZR0EIMU8T0EM75,899866,2011.0,FY,2011-01-01,2011-12-31,2014-02-10 16:43:11+00:00,382000.0,0.96,0.96,0.91,0.0,54353000.0,175315000.0,175315000.0,175315000.0,93140000.0,783431000.0,-2281000.0,,,137421000.0,13486000.0,308176000.0,93140000.0,690291000.0,788000.0,1911000.0,459465000.0,230826000.0,-1158000.0,229668000.0,783431000.0,182600000.0,183220000.0,191806000.0
Alexion Pharmaceuticals Inc,ALXN,M1YXUUZR0EIMU8T0EM75,899866,2011.0,Q3YTD,2011-01-01,2011-09-30,,277000.0,0.69,0.69,0.69,,28445000.0,127145000.0,127145000.0,127145000.0,64342000.0,555872000.0,-952000.0,,,103023000.0,11164000.0,221610000.0,64342000.0,491530000.0,605000.0,1691000.0,336074000.0,155456000.0,134000.0,155590000.0,555872000.0,182100000.0,183706000.0,192161000.0
Alexion Pharmaceuticals Inc,ALXN,M1YXUUZR0EIMU8T0EM75,899866,2011.0,Q3TTM,2010-10-01,2011-09-30,,277000.0,0.84,0.84,0.84,,46243000.0,153595000.0,153595000.0,153595000.0,84564000.0,711848000.0,-2002000.0,,,130200000.0,11886000.0,284435000.0,84564000.0,627284000.0,779000.0,2133000.0,426798000.0,200486000.0,-648000.0,199838000.0,711848000.0,182100000.0,183706000.0,192161000.0
Alexion Pharmaceuticals Inc,ALXN,M1YXUUZR0EIMU8T0EM75,899866,2011.0,Q3,2011-07-01,2011-09-30,2012-10-29 13:26:34+00:00,104000.0,0.36,0.36,0.34,0.0,107000.0,65570000.0,65570000.0,65570000.0,23369000.0,204047000.0,-841000.0,,,36567000.0,236000.0,77572000.0,23369000.0,180678000.0,204000.0,523000.0,114479000.0,66199000.0,-522000.0,65677000.0,204047000.0,182100000.0,183706000.0,192161000.0
Alexion Pharmaceuticals Inc,ALXN,M1YXUUZR0EIMU8T0EM75,899866,2011.0,Q2YTD,2011-01-01,2011-06-30,,173000.0,0.34,0.34,0.34,,28338000.0,61575000.0,61575000.0,61575000.0,40973000.0,351825000.0,-111000.0,,,66456000.0,10928000.0,144038000.0,40973000.0,310852000.0,401000.0,1168000.0,221595000.0,89257000.0,656000.0,89913000.0,351825000.0,182900000.0,182962000.0,191187000.0
Alexion Pharmaceuticals Inc,ALXN,M1YXUUZR0EIMU8T0EM75,899866,2011.0,Q2TTM,2010-07-01,2011-06-30,,173000.0,0.63,0.63,0.63,,60870000.0,115898000.0,115898000.0,115898000.0,77690000.0,649370000.0,-1588000.0,,,118786000.0,11650000.0,264071000.0,77690000.0,571680000.0,737000.0,2093000.0,394680000.0,177000000.0,-232000.0,176768000.0,649370000.0,182900000.0,182962000.0,191187000.0
Alexion Pharmaceuticals Inc,ALXN,M1YXUUZR0EIMU8T0EM75,899866,2011.0,Q2,2011-04-01,2011-06-30,2012-07-27 13:45:17+00:00,104000.0,0.19,0.19,0.18,,14342000.0,34745000.0,34745000.0,34745000.0,21745000.0,185699000.0,-506000.0,,,35646000.0,1000000.0,78180000.0,21745000.0,163954000.0,203000.0,772000.0,114930000.0,49024000.0,63000.0,49087000.0,185699000.0,182900000.0,182962000.0,191187000.0
Alexion Pharmaceuticals Inc,ALXN,M1YXUUZR0EIMU8T0EM75,899866,2011.0,Q1TTM,2010-04-01,2011-03-31,,69000.0,0.57,0.57,0.57,,56838000.0,102926000.0,102926000.0,102926000.0,69666000.0,589505000.0,-1502000.0,,,106830000.0,10650000.0,241989000.0,69666000.0,519839000.0,692000.0,1657000.0,359538000.0,160301000.0,-537000.0,159764000.0,589505000.0,178900000.0,181724000.0,190366000.0
Alexion Pharmaceuticals Inc,ALXN,M1YXUUZR0EIMU8T0EM75,899866,2011.0,Q1,2011-01-01,2011-03-31,2012-05-02 16:14:16+00:00,69000.0,0.15,0.15,0.14,,13996000.0,26830000.0,26830000.0,26830000.0,19228000.0,166126000.0,395000.0,,,30810000.0,9928000.0,65858000.0,19228000.0,146898000.0,198000.0,396000.0,106665000.0,40233000.0,593000.0,40826000.0,166126000.0,178900000.0,181724000.0,190366000.0
Alexion Pharmaceuticals Inc,ALXN,M1YXUUZR0EIMU8T0EM75,899866,2012.0,Q4,2012-10-01,2012-12-31,,105000.0,0.43,0.43,0.43,,26298000.0,80972000.0,80972000.0,80972000.0,33147000.0,320526000.0,-391000.0,,,63409000.0,3365000.0,112624000.0,33147000.0,287379000.0,1181000.0,966000.0,179503000.0,107876000.0,-606000.0,107270000.0,320526000.0,190200000.0,190461000.0,198501000.0
Alexion Pharmaceuticals Inc,ALXN,M1YXUUZR0EIMU8T0EM75,899866,2012.0,FY,2012-01-01,2012-12-31,2015-02-06 16:37:46+00:00,417000.0,1.34,1.34,1.28,26300000.0,142744000.0,254822000.0,254822000.0,254822000.0,72837000.0,1134114000.0,-1208000.0,,,222732000.0,22812000.0,384678000.0,72837000.0,1061277000.0,7402000.0,1838000.0,656939000.0,404338000.0,-6772000.0,397566000.0,1134114000.0,190200000.0,190461000.0,198501000.0
Alexion Pharmaceuticals Inc,ALXN,M1YXUUZR0EIMU8T0EM75,899866,2012.0,Q3YTD,2012-01-01,2012-09-30,,312000.0,0.9,0.9,0.9,26300000.0,116446000.0,173850000.0,173850000.0,173850000.0,39690000.0,813588000.0,-817000.0,,,159323000.0,19447000.0,272054000.0,39690000.0,773898000.0,6221000.0,872000.0,477436000.0,296462000.0,-6166000.0,290296000.0,813588000.0,192000000.0,193353000.0,201142000.0
Alexion Pharmaceuticals Inc,ALXN,M1YXUUZR0EIMU8T0EM75,899866,2012.0,Q3TTM,2011-10-01,2012-09-30,,417000.0,1.15,1.15,1.15,26300000.0,142354000.0,222020000.0,222020000.0,222020000.0,68488000.0,1041147000.0,-2146000.0,,,193721000.0,21769000.0,358620000.0,68488000.0,972659000.0,6404000.0,1092000.0,600827000.0,371832000.0,-7458000.0,364374000.0,1041147000.0,192000000.0,193353000.0,201142000.0
Alexion Pharmaceuticals Inc,ALXN,M1YXUUZR0EIMU8T0EM75,899866,2012.0,Q3,2012-07-01,2012-09-30,2013-10-25 16:53:43+00:00,104000.0,0.48,0.48,0.46,26300000.0,48586000.0,92179000.0,92179000.0,92179000.0,-20191000.0,294136000.0,-416000.0,,,54280000.0,967000.0,89957000.0,-20191000.0,314327000.0,1855000.0,317000.0,171608000.0,142719000.0,-1954000.0,140765000.0,294136000.0,192000000.0,193353000.0,201142000.0
Alexion Pharmaceuticals Inc,ALXN,M1YXUUZR0EIMU8T0EM75,899866,2012.0,Q2YTD,2012-01-01,2012-06-30,,208000.0,0.43,0.43,0.43,,67860000.0,81671000.0,81671000.0,81671000.0,59881000.0,519452000.0,-401000.0,,,105043000.0,18480000.0,182097000.0,59881000.0,459571000.0,4366000.0,555000.0,305828000.0,153743000.0,-4212000.0,149531000.0,519452000.0,190800000.0,188575000.0,197051000.0
Alexion Pharmaceuticals Inc,ALXN,M1YXUUZR0EIMU8T0EM75,899866,2012.0,Q2TTM,2011-07-01,2012-06-30,,417000.0,1.04,1.04,1.04,,93875000.0,195411000.0,195411000.0,195411000.0,112048000.0,951058000.0,-2571000.0,,,176008000.0,21038000.0,346235000.0,112048000.0,839010000.0,4753000.0,1298000.0,543698000.0,295312000.0,-6026000.0,289286000.0,951058000.0,190800000.0,188575000.0,197051000.0
Alexion Pharmaceuticals Inc,ALXN,M1YXUUZR0EIMU8T0EM75,899866,2012.0,Q2,2012-04-01,2012-06-30,2013-07-26 16:21:02+00:00,104000.0,0.19,0.19,0.18,,45464000.0,36258000.0,36258000.0,36258000.0,31613000.0,274719000.0,-186000.0,,,59635000.0,4807000.0,94855000.0,31613000.0,243106000.0,2079000.0,282000.0,159401000.0,83705000.0,-1983000.0,81722000.0,274719000.0,190800000.0,188575000.0,197051000.0
Alexion Pharmaceuticals Inc,ALXN,M1YXUUZR0EIMU8T0EM75,899866,2012.0,Q1TTM,2011-04-01,2012-03-31,,417000.0,1.04,1.04,1.04,,62753000.0,193898000.0,193898000.0,193898000.0,102180000.0,862038000.0,-2891000.0,,,152019000.0,17231000.0,329560000.0,102180000.0,759858000.0,2877000.0,1788000.0,499227000.0,260631000.0,-3980000.0,256651000.0,862038000.0,189200000.0,185682000.0,194560000.0
Alexion Pharmaceuticals Inc,ALXN,M1YXUUZR0EIMU8T0EM75,899866,2012.0,Q1,2012-01-01,2012-03-31,2013-04-30 14:32:58+00:00,104000.0,0.24,0.24,0.23,,22396000.0,45413000.0,45413000.0,45413000.0,28268000.0,244733000.0,-215000.0,,,45408000.0,13673000.0,87242000.0,28268000.0,216465000.0,2287000.0,273000.0,146427000.0,70038000.0,-2229000.0,67809000.0,244733000.0,189200000.0,185682000.0,194560000.0
Alexion Pharmaceuticals Inc,ALXN,M1YXUUZR0EIMU8T0EM75,899866,2013.0,FY,2013-01-01,2013-12-31,2017-01-19 17:14:33+00:00,1440000.0,1.29,1.29,1.27,33521000.0,273374000.0,252895000.0,252895000.0,252895000.0,177556000.0,1551346000.0,-975000.0,0.0,4006000.0,317093000.0,0.0,489720000.0,177556000.0,1373790000.0,4112000.0,3346000.0,845780000.0,528010000.0,-1741000.0,526269000.0,1551346000.0,196000000.0,195532000.0,199712000.0
Alexion Pharmaceuticals Inc,ALXN,M1YXUUZR0EIMU8T0EM75,899866,2013.0,Q4,2013-10-01,2013-12-31,,1128000.0,-0.1,-0.1,-0.09,33521000.0,156969000.0,-18992000.0,-18992000.0,-18992000.0,51552000.0,441909000.0,-841000.0,,4006000.0,85785000.0,-6974000.0,134819000.0,51552000.0,390357000.0,807000.0,1553000.0,252285000.0,138072000.0,-95000.0,137977000.0,441909000.0,196000000.0,195532000.0,199712000.0
Alexion Pharmaceuticals Inc,ALXN,M1YXUUZR0EIMU8T0EM75,899866,2013.0,Q3YTD,2013-01-01,2013-09-30,,312000.0,1.39,1.39,1.39,,116405000.0,271887000.0,271887000.0,271887000.0,126004000.0,1109437000.0,-134000.0,,,231308000.0,6974000.0,354901000.0,126004000.0,983433000.0,3305000.0,1793000.0,593495000.0,389938000.0,-1646000.0,388292000.0,1109437000.0,195400000.0,195662000.0,199711000.0
Alexion Pharmaceuticals Inc,ALXN,M1YXUUZR0EIMU8T0EM75,899866,2013.0,Q3TTM,2012-10-01,2013-09-30,,417000.0,1.8,1.8,1.8,,142703000.0,352859000.0,352859000.0,352859000.0,159151000.0,1429963000.0,-525000.0,,,294717000.0,10339000.0,467525000.0,159151000.0,1270812000.0,4486000.0,2759000.0,772998000.0,497814000.0,-2252000.0,495562000.0,1429963000.0,195400000.0,195662000.0,199711000.0
Alexion Pharmaceuticals Inc,ALXN,M1YXUUZR0EIMU8T0EM75,899866,2013.0,Q3,2013-07-01,2013-09-30,2014-10-24 16:52:52+00:00,104000.0,0.48,0.48,0.47,0.0,40503000.0,93785000.0,93785000.0,93785000.0,51358000.0,400405000.0,-547000.0,,,88209000.0,2573000.0,122886000.0,51358000.0,349047000.0,1078000.0,638000.0,213772000.0,135275000.0,-987000.0,134288000.0,400405000.0,195400000.0,195662000.0,199711000.0
Alexion Pharmaceuticals Inc,ALXN,M1YXUUZR0EIMU8T0EM75,899866,2013.0,Q2YTD,2013-01-01,2013-06-30,,208000.0,0.91,0.91,0.91,,75902000.0,178102000.0,178102000.0,178102000.0,74646000.0,709032000.0,413000.0,,,143099000.0,4401000.0,232015000.0,74646000.0,634386000.0,2227000.0,1155000.0,379723000.0,254663000.0,-659000.0,254004000.0,709032000.0,195700000.0,195247000.0,199299000.0
Alexion Pharmaceuticals Inc,ALXN,M1YXUUZR0EIMU8T0EM75,899866,2013.0,Q2TTM,2012-07-01,2013-06-30,,417000.0,1.8,1.8,1.8,26300000.0,150786000.0,351253000.0,351253000.0,351253000.0,87602000.0,1323694000.0,-394000.0,,,260788000.0,8733000.0,434596000.0,87602000.0,1236092000.0,5263000.0,2438000.0,730834000.0,505258000.0,-3219000.0,502039000.0,1323694000.0,195700000.0,195247000.0,199299000.0
Alexion Pharmaceuticals Inc,ALXN,M1YXUUZR0EIMU8T0EM75,899866,2013.0,Q2,2013-04-01,2013-06-30,2014-07-25 12:19:23+00:00,104000.0,0.49,0.49,0.48,0.0,41378000.0,95885000.0,95885000.0,95885000.0,39377000.0,370091000.0,-90000.0,,,68563000.0,1167000.0,123189000.0,39377000.0,330714000.0,1056000.0,718000.0,193023000.0,137691000.0,-428000.0,137263000.0,370091000.0,195700000.0,195247000.0,199299000.0
Alexion Pharmaceuticals Inc,ALXN,M1YXUUZR0EIMU8T0EM75,899866,2013.0,Q1TTM,2012-04-01,2013-03-31,,417000.0,1.5,1.5,1.5,26300000.0,154872000.0,291626000.0,291626000.0,291626000.0,79838000.0,1228322000.0,-490000.0,,,251860000.0,12373000.0,406262000.0,79838000.0,1148484000.0,6286000.0,2002000.0,697212000.0,451272000.0,-4774000.0,446498000.0,1228322000.0,195800000.0,194771000.0,199057000.0
Alexion Pharmaceuticals Inc,ALXN,M1YXUUZR0EIMU8T0EM75,899866,2013.0,Q1,2013-01-01,2013-03-31,2014-04-25 15:32:26+00:00,104000.0,0.42,0.42,0.41,0.0,34524000.0,82217000.0,82217000.0,82217000.0,35269000.0,338941000.0,503000.0,,,74536000.0,3234000.0,108826000.0,35269000.0,303672000.0,1171000.0,437000.0,186700000.0,116972000.0,-231000.0,116741000.0,338941000.0,195800000.0,194771000.0,199057000.0
Alexion Pharmaceuticals Inc,ALXN,M1YXUUZR0EIMU8T0EM75,899866,2014.0,FY,2014-01-01,2014-12-31,2017-02-16 17:22:36+00:00,0.0,3.32,3.32,3.26,12000000.0,215000000.0,657000000.0,657000000.0,657000000.0,174000000.0,2234000000.0,-2000000.0,0.0,20000000.0,514000000.0,15000000.0,630000000.0,174000000.0,2060000000.0,3000000.0,8000000.0,1191000000.0,869000000.0,3000000.0,872000000.0,2234000000.0,197900000.0,198000000.0,202000000.0
Alexion Pharmaceuticals Inc,ALXN,M1YXUUZR0EIMU8T0EM75,899866,2014.0,Q4,2014-10-01,2014-12-31,,-10292000.0,0.77,0.77,0.76,8536000.0,51814000.0,153420000.0,153420000.0,153420000.0,49577000.0,599743000.0,-11000.0,,20000000.0,129328000.0,15038000.0,183567000.0,49577000.0,550166000.0,567000.0,1823000.0,346177000.0,203989000.0,1245000.0,205234000.0,599743000.0,197900000.0,198000000.0,202000000.0
Alexion Pharmaceuticals Inc,ALXN,M1YXUUZR0EIMU8T0EM75,899866,2014.0,Q3,2014-07-01,2014-09-30,2015-11-02 16:41:31+00:00,8303000.0,0.9,0.9,0.88,0.0,58478000.0,177731000.0,177731000.0,177731000.0,51858000.0,555146000.0,-2045000.0,0.0,,100661000.0,0.0,157665000.0,51858000.0,503288000.0,655000.0,2250000.0,266629000.0,236659000.0,-450000.0,236209000.0,555146000.0,197500000.0,198052000.0,201313000.0
Alexion Pharmaceuticals Inc,ALXN,M1YXUUZR0EIMU8T0EM75,899866,2014.0,Q3YTD,2014-01-01,2014-09-30,,10292000.0,2.55,2.55,2.5,3464000.0,163186000.0,503580000.0,503580000.0,503580000.0,124423000.0,1634257000.0,-1989000.0,,,384672000.0,-38000.0,446433000.0,124423000.0,1509834000.0,2433000.0,6177000.0,844823000.0,665011000.0,1755000.0,666766000.0,1634257000.0,197500000.0,198052000.0,201313000.0
Alexion Pharmaceuticals Inc,ALXN,M1YXUUZR0EIMU8T0EM75,899866,2014.0,Q3TTM,2013-10-01,2014-09-30,,11420000.0,2.45,2.45,2.41,36985000.0,320155000.0,484588000.0,484588000.0,484588000.0,175975000.0,2076166000.0,-2830000.0,,4006000.0,470457000.0,-7012000.0,581252000.0,175975000.0,1900191000.0,3240000.0,7730000.0,1097108000.0,803083000.0,1660000.0,804743000.0,2076166000.0,197500000.0,198052000.0,201313000.0
Alexion Pharmaceuticals Inc,ALXN,M1YXUUZR0EIMU8T0EM75,899866,2014.0,Q2YTD,2014-01-01,2014-06-30,,1989000.0,1.65,1.65,1.62,3464000.0,104708000.0,325849000.0,325849000.0,325849000.0,72565000.0,1079111000.0,56000.0,,,284011000.0,-38000.0,288768000.0,72565000.0,1006546000.0,1778000.0,3927000.0,578194000.0,428352000.0,2205000.0,430557000.0,1079111000.0,198200000.0,197880000.0,201524000.0
Alexion Pharmaceuticals Inc,ALXN,M1YXUUZR0EIMU8T0EM75,899866,2014.0,Q2TTM,2013-07-01,2014-06-30,,3221000.0,2.03,2.03,2.0,36985000.0,302180000.0,400642000.0,400642000.0,400642000.0,175475000.0,1921425000.0,-1332000.0,,4006000.0,458005000.0,-4439000.0,546473000.0,175475000.0,1745950000.0,3663000.0,6118000.0,1044251000.0,701699000.0,1123000.0,702822000.0,1921425000.0,198200000.0,197880000.0,201524000.0
Alexion Pharmaceuticals Inc,ALXN,M1YXUUZR0EIMU8T0EM75,899866,2014.0,Q2,2014-04-01,2014-06-30,2015-07-31 13:50:45+00:00,1989000.0,0.84,0.84,0.83,0.0,52151000.0,166495000.0,166495000.0,166495000.0,39626000.0,512495000.0,-1202000.0,0.0,,92554000.0,0.0,159477000.0,39626000.0,472869000.0,715000.0,1714000.0,254020000.0,218849000.0,-203000.0,218646000.0,512495000.0,198200000.0,197880000.0,201524000.0
Alexion Pharmaceuticals Inc,ALXN,M1YXUUZR0EIMU8T0EM75,899866,2014.0,Q1TTM,2013-04-01,2014-03-31,,1336000.0,1.67,1.67,1.67,36985000.0,291407000.0,330032000.0,330032000.0,330032000.0,175226000.0,1779021000.0,-220000.0,,4006000.0,434014000.0,-3272000.0,510185000.0,175226000.0,1603795000.0,4004000.0,5122000.0,983254000.0,620541000.0,898000.0,621439000.0,1779021000.0,196700000.0,197797000.0,201804000.0
Alexion Pharmaceuticals Inc,ALXN,M1YXUUZR0EIMU8T0EM75,899866,2014.0,Q1,2014-01-01,2014-03-31,2015-04-24 16:06:38+00:00,,0.81,0.81,0.79,3464000.0,52557000.0,159354000.0,159354000.0,159354000.0,32939000.0,566616000.0,1258000.0,,,191457000.0,-38000.0,129291000.0,32939000.0,533677000.0,1063000.0,2213000.0,324174000.0,209503000.0,2408000.0,211911000.0,566616000.0,196700000.0,197797000.0,201804000.0
Alexion Pharmaceuticals Inc,ALXN,M1YXUUZR0EIMU8T0EM75,899866,2015.0,FY,2015-01-01,2015-12-31,2018-02-08 16:26:33+00:00,155800000.0,0.68,0.68,0.67,0.0,353700000.0,144400000.0,144400000.0,144400000.0,233100000.0,2602500000.0,700000.0,1500000.0,64200000.0,709500000.0,42100000.0,862600000.0,233100000.0,2370900000.0,47800000.0,8500000.0,1834200000.0,536700000.0,-38600000.0,498100000.0,2604000000.0,212400000.0,213400000.0,215900000.0
Alexion Pharmaceuticals Inc,ALXN,M1YXUUZR0EIMU8T0EM75,899866,2015.0,Q4,2015-10-01,2015-12-31,,83340000.0,0.19,0.19,0.2,,7885000.0,66619000.0,66619000.0,66619000.0,57637000.0,700393000.0,-1055000.0,427000.0,18493000.0,191063000.0,11363000.0,241581000.0,57637000.0,643183000.0,23207000.0,1423000.0,545840000.0,97343000.0,-22839000.0,74504000.0,700820000.0,212400000.0,213400000.0,215900000.0
Alexion Pharmaceuticals Inc,ALXN,M1YXUUZR0EIMU8T0EM75,899866,2015.0,Q3,2015-07-01,2015-09-30,2017-01-04 17:16:37+00:00,42683000.0,-0.81,-0.81,-0.81,,323116000.0,-183757000.0,-183757000.0,-183757000.0,54057000.0,665791000.0,2795000.0,846000.0,29684000.0,165664000.0,7461000.0,212520000.0,54057000.0,612580000.0,19971000.0,1967000.0,458012000.0,154568000.0,-15209000.0,139359000.0,666637000.0,226900000.0,226228000.0,226228000.0
Alexion Pharmaceuticals Inc,ALXN,M1YXUUZR0EIMU8T0EM75,899866,2015.0,Q3YTD,2015-01-01,2015-09-30,,72460000.0,0.49,0.49,0.47,,345815000.0,77781000.0,77781000.0,77781000.0,175463000.0,1902107000.0,1755000.0,1073000.0,45707000.0,518437000.0,30737000.0,621019000.0,175463000.0,1727717000.0,24593000.0,7077000.0,1288360000.0,439357000.0,-15761000.0,423596000.0,1903180000.0,226900000.0,226228000.0,226228000.0
Alexion Pharmaceuticals Inc,ALXN,M1YXUUZR0EIMU8T0EM75,899866,2015.0,Q3TTM,2014-10-01,2015-09-30,,62168000.0,1.26,1.26,1.23,8536000.0,397629000.0,231201000.0,231201000.0,231201000.0,225040000.0,2501850000.0,1744000.0,1073000.0,65707000.0,647765000.0,45775000.0,804586000.0,225040000.0,2277883000.0,25160000.0,8900000.0,1634537000.0,643346000.0,-14516000.0,628830000.0,2502923000.0,226900000.0,226228000.0,226228000.0
Alexion Pharmaceuticals Inc,ALXN,M1YXUUZR0EIMU8T0EM75,899866,2015.0,Q2,2015-04-01,2015-06-30,2016-07-29 16:11:04+00:00,29777000.0,0.84,0.84,0.83,,7077000.0,170215000.0,170215000.0,170215000.0,52007000.0,635983000.0,-2045000.0,227000.0,4044000.0,131693000.0,16224000.0,221383000.0,52007000.0,584203000.0,3971000.0,2226000.0,403121000.0,181082000.0,-3790000.0,177292000.0,636210000.0,202600000.0,202234000.0,204546000.0
Alexion Pharmaceuticals Inc,ALXN,M1YXUUZR0EIMU8T0EM75,899866,2015.0,Q2YTD,2015-01-01,2015-06-30,,29777000.0,1.3,1.3,1.28,,22699000.0,261538000.0,261538000.0,261538000.0,121406000.0,1236316000.0,-1040000.0,227000.0,16023000.0,352773000.0,23276000.0,408499000.0,121406000.0,1115137000.0,4622000.0,5110000.0,830348000.0,284789000.0,-552000.0,284237000.0,1236543000.0,202600000.0,202234000.0,204546000.0
Alexion Pharmaceuticals Inc,ALXN,M1YXUUZR0EIMU8T0EM75,899866,2015.0,Q2TTM,2014-07-01,2015-06-30,,27788000.0,2.97,2.97,2.92,8536000.0,132991000.0,592689000.0,592689000.0,592689000.0,222841000.0,2391205000.0,-3096000.0,227000.0,36023000.0,582762000.0,38314000.0,749731000.0,222841000.0,2168591000.0,5844000.0,9183000.0,1443154000.0,725437000.0,243000.0,725680000.0,2391432000.0,202600000.0,202234000.0,204546000.0
Alexion Pharmaceuticals Inc,ALXN,M1YXUUZR0EIMU8T0EM75,899866,2015.0,Q1,2015-01-01,2015-03-31,2016-04-29 16:29:38+00:00,0.0,0.46,0.46,0.45,,15622000.0,91323000.0,91323000.0,91323000.0,69399000.0,600333000.0,1005000.0,0.0,11979000.0,221080000.0,7052000.0,187116000.0,69399000.0,530934000.0,651000.0,2884000.0,427227000.0,103707000.0,3238000.0,106945000.0,600333000.0,198500000.0,199361000.0,202034000.0
Alexion Pharmaceuticals Inc,ALXN,M1YXUUZR0EIMU8T0EM75,899866,2015.0,Q1TTM,2014-04-01,2015-03-31,,,2.97,2.97,2.92,8536000.0,178065000.0,588969000.0,588969000.0,588969000.0,210460000.0,2267717000.0,-2253000.0,,31979000.0,543623000.0,22090000.0,687825000.0,210460000.0,2057257000.0,2588000.0,8671000.0,1294053000.0,763204000.0,3830000.0,767034000.0,2267717000.0,198500000.0,199361000.0,202034000.0
Alexion Pharmaceuticals Inc,ALXN,M1YXUUZR0EIMU8T0EM75,899866,2016.0,FY,2016-01-01,2016-12-31,2019-02-06 09:03:21+00:00,324500000.0,1.78,1.78,1.76,85000000.0,176800000.0,399400000.0,399400000.0,399400000.0,258300000.0,3084100000.0,-5200000.0,,35700000.0,757200000.0,3000000.0,953000000.0,258300000.0,2825800000.0,96900000.0,10900000.0,2158400000.0,667400000.0,-91200000.0,576200000.0,3084100000.0,224400000.0,224300000.0,226300000.0
Alexion Pharmaceuticals Inc,ALXN,M1YXUUZR0EIMU8T0EM75,899866,2016.0,Q4,2016-10-01,2016-12-31,,80500000.0,0.41,0.41,0.4,85000000.0,10800000.0,93400000.0,93400000.0,93400000.0,68300000.0,833100000.0,-1200000.0,-2000000.0,4700000.0,206200000.0,1000000.0,258000000.0,68300000.0,762800000.0,24900000.0,2900000.0,635400000.0,127400000.0,-23200000.0,104200000.0,831100000.0,224400000.0,224300000.0,226300000.0
Alexion Pharmaceuticals Inc,ALXN,M1YXUUZR0EIMU8T0EM75,899866,2016.0,Q3,2016-07-01,2016-09-30,2017-10-26 16:06:12+00:00,82000000.0,0.42,0.42,0.42,0.0,65000000.0,94000000.0,94000000.0,94000000.0,71000000.0,798000000.0,-1000000.0,1000000.0,41000000.0,195000000.0,1000000.0,230000000.0,71000000.0,728000000.0,24000000.0,5000000.0,549000000.0,179000000.0,-20000000.0,159000000.0,799000000.0,223800000.0,224000000.0,226000000.0
Alexion Pharmaceuticals Inc,ALXN,M1YXUUZR0EIMU8T0EM75,899866,2016.0,Q3YTD,2016-01-01,2016-09-30,,244000000.0,1.37,1.37,1.36,,166000000.0,306000000.0,306000000.0,306000000.0,190000000.0,2251000000.0,-4000000.0,2000000.0,31000000.0,551000000.0,2000000.0,695000000.0,190000000.0,2063000000.0,72000000.0,8000000.0,1523000000.0,540000000.0,-68000000.0,472000000.0,2253000000.0,223800000.0,224000000.0,226000000.0
Alexion Pharmaceuticals Inc,ALXN,M1YXUUZR0EIMU8T0EM75,899866,2016.0,Q3TTM,2015-10-01,2016-09-30,,327340000.0,1.56,1.56,1.56,,173885000.0,372619000.0,372619000.0,372619000.0,247637000.0,2951393000.0,-5055000.0,2427000.0,49493000.0,742063000.0,13363000.0,936581000.0,247637000.0,2706183000.0,95207000.0,9423000.0,2068840000.0,637343000.0,-90839000.0,546504000.0,2953820000.0,223800000.0,224000000.0,226000000.0
Alexion Pharmaceuticals Inc,ALXN,M1YXUUZR0EIMU8T0EM75,899866,2016.0,Q2,2016-04-01,2016-06-30,2017-07-27 16:10:01+00:00,81000000.0,0.54,0.54,0.53,0.0,50000000.0,120000000.0,120000000.0,120000000.0,60000000.0,753000000.0,-3000000.0,0.0,5000000.0,180000000.0,0.0,232000000.0,60000000.0,693000000.0,24000000.0,2000000.0,498000000.0,195000000.0,-25000000.0,170000000.0,753000000.0,222200000.0,224000000.0,226000000.0
Alexion Pharmaceuticals Inc,ALXN,M1YXUUZR0EIMU8T0EM75,899866,2016.0,Q2YTD,2016-01-01,2016-06-30,,162000000.0,0.95,0.95,0.94,,101000000.0,212000000.0,212000000.0,212000000.0,119000000.0,1453000000.0,-3000000.0,1000000.0,-10000000.0,356000000.0,1000000.0,465000000.0,119000000.0,1335000000.0,48000000.0,3000000.0,974000000.0,361000000.0,-48000000.0,313000000.0,1454000000.0,222200000.0,224000000.0,226000000.0
Alexion Pharmaceuticals Inc,ALXN,M1YXUUZR0EIMU8T0EM75,899866,2016.0,Q2TTM,2015-07-01,2016-06-30,,288023000.0,0.33,0.33,0.33,,432001000.0,94862000.0,94862000.0,94862000.0,230694000.0,2819184000.0,-1260000.0,2273000.0,38177000.0,712727000.0,19824000.0,919101000.0,230694000.0,2590763000.0,91178000.0,6390000.0,1977852000.0,612911000.0,-86048000.0,526863000.0,2821457000.0,222200000.0,224000000.0,226000000.0
Alexion Pharmaceuticals Inc,ALXN,M1YXUUZR0EIMU8T0EM75,899866,2016.0,Q1,2016-01-01,2016-03-31,2017-04-27 16:07:26+00:00,81000000.0,0.41,0.41,0.41,,51000000.0,92000000.0,92000000.0,92000000.0,59000000.0,700000000.0,0.0,1000000.0,-15000000.0,176000000.0,1000000.0,233000000.0,59000000.0,642000000.0,24000000.0,1000000.0,476000000.0,166000000.0,-23000000.0,143000000.0,701000000.0,224400000.0,225000000.0,227000000.0
Alexion Pharmaceuticals Inc,ALXN,M1YXUUZR0EIMU8T0EM75,899866,2016.0,Q1TTM,2015-04-01,2016-03-31,,236800000.0,0.63,0.63,0.63,,389078000.0,145077000.0,145077000.0,145077000.0,222701000.0,2702167000.0,-305000.0,2500000.0,37221000.0,664420000.0,36048000.0,908484000.0,222701000.0,2481966000.0,71149000.0,6616000.0,1882973000.0,598993000.0,-64838000.0,534155000.0,2704667000.0,224400000.0,225000000.0,227000000.0
Alexion Pharmaceuticals Inc,ALXN,M1YXUUZR0EIMU8T0EM75,899866,2017.0,FY,2017-01-01,2017-12-31,2020-02-04 06:30:53+00:00,320100000.0,1.98,1.98,1.97,31000000.0,104500000.0,443300000.0,443300000.0,443300000.0,454200000.0,3551100000.0,300000.0,,41000000.0,878400000.0,104600000.0,1094400000.0,454200000.0,3096900000.0,98400000.0,18500000.0,2469500000.0,627400000.0,-79600000.0,547800000.0,3551100000.0,223900000.0,223900000.0,225400000.0
Alexion Pharmaceuticals Inc,ALXN,M1YXUUZR0EIMU8T0EM75,899866,2017.0,Q4,2017-10-01,2017-12-31,,80000000.0,0.13,0.13,0.14,,59300000.0,30000000.0,30000000.0,30000000.0,144600000.0,911000000.0,200000.0,-1300000.0,9200000.0,265000000.0,5900000.0,296400000.0,144600000.0,765100000.0,25100000.0,5600000.0,656500000.0,108600000.0,-19300000.0,89300000.0,909700000.0,223900000.0,223900000.0,225400000.0
Alexion Pharmaceuticals Inc,ALXN,M1YXUUZR0EIMU8T0EM75,899866,2017.0,Q3,2017-07-01,2017-09-30,2018-10-24 16:27:34+00:00,80000000.0,0.35,0.35,0.35,0.0,-19800000.0,78000000.0,78000000.0,78000000.0,157000000.0,858800000.0,-1400000.0,300000.0,3700000.0,195700000.0,72000000.0,270600000.0,157000000.0,702100000.0,25000000.0,4500000.0,622000000.0,80100000.0,-21900000.0,58200000.0,859100000.0,222900000.0,223300000.0,225000000.0
Alexion Pharmaceuticals Inc,ALXN,M1YXUUZR0EIMU8T0EM75,899866,2017.0,Q3YTD,2017-01-01,2017-09-30,,240100000.0,1.85,1.85,1.83,31000000.0,45200000.0,413300000.0,413300000.0,413300000.0,309600000.0,2640100000.0,100000.0,1300000.0,31800000.0,613400000.0,98700000.0,798000000.0,309600000.0,2331800000.0,73300000.0,12900000.0,1813000000.0,518800000.0,-60300000.0,458500000.0,2641400000.0,222900000.0,223300000.0,225000000.0
Alexion Pharmaceuticals Inc,ALXN,M1YXUUZR0EIMU8T0EM75,899866,2017.0,Q3TTM,2016-10-01,2017-09-30,,320600000.0,2.26,2.26,2.23,116000000.0,56000000.0,506700000.0,506700000.0,506700000.0,377900000.0,3473200000.0,-1100000.0,-700000.0,36500000.0,819600000.0,99700000.0,1056000000.0,377900000.0,3094600000.0,98200000.0,15800000.0,2448400000.0,646200000.0,-83500000.0,562700000.0,3472500000.0,222900000.0,223300000.0,225000000.0
Alexion Pharmaceuticals Inc,ALXN,M1YXUUZR0EIMU8T0EM75,899866,2017.0,Q2,2017-04-01,2017-06-30,2018-07-26 16:40:18+00:00,80100000.0,0.74,0.74,0.73,31000000.0,41100000.0,165200000.0,165200000.0,165200000.0,83600000.0,912200000.0,-100000.0,500000.0,24600000.0,198200000.0,2900000.0,265600000.0,83600000.0,829100000.0,24800000.0,4500000.0,602400000.0,226700000.0,-20400000.0,206300000.0,912700000.0,223200000.0,224400000.0,225500000.0
Alexion Pharmaceuticals Inc,ALXN,M1YXUUZR0EIMU8T0EM75,899866,2017.0,Q2YTD,2017-01-01,2017-06-30,,160100000.0,1.5,1.5,1.48,31000000.0,65000000.0,335300000.0,335300000.0,335300000.0,152600000.0,1781300000.0,1500000.0,1000000.0,28100000.0,417700000.0,26700000.0,527400000.0,152600000.0,1629700000.0,48300000.0,8400000.0,1191000000.0,438700000.0,-38400000.0,400300000.0,1782300000.0,223200000.0,224400000.0,225500000.0
Alexion Pharmaceuticals Inc,ALXN,M1YXUUZR0EIMU8T0EM75,899866,2017.0,Q2TTM,2016-07-01,2017-06-30,,322600000.0,2.33,2.33,2.3,116000000.0,140800000.0,522700000.0,522700000.0,522700000.0,291900000.0,3412400000.0,-700000.0,,73800000.0,818900000.0,28700000.0,1015400000.0,291900000.0,3120500000.0,97200000.0,16300000.0,2375400000.0,745100000.0,-81600000.0,663500000.0,3412400000.0,223200000.0,224400000.0,225500000.0
Alexion Pharmaceuticals Inc,ALXN,M1YXUUZR0EIMU8T0EM75,899866,2017.0,Q1,2017-01-01,2017-03-31,2018-04-26 16:05:12+00:00,80000000.0,0.76,0.76,0.75,,23900000.0,170100000.0,170100000.0,170100000.0,69000000.0,869100000.0,1600000.0,500000.0,3500000.0,219500000.0,23800000.0,261800000.0,69000000.0,800600000.0,23500000.0,3900000.0,588600000.0,212000000.0,-18000000.0,194000000.0,869600000.0,223800000.0,224600000.0,226200000.0
Alexion Pharmaceuticals Inc,ALXN,M1YXUUZR0EIMU8T0EM75,899866,2017.0,Q1TTM,2016-04-01,2017-03-31,,323500000.0,2.13,2.13,2.1,85000000.0,149700000.0,477500000.0,477500000.0,477500000.0,268300000.0,3253200000.0,-3600000.0,-500000.0,54200000.0,800700000.0,25800000.0,981800000.0,268300000.0,2984400000.0,96400000.0,13800000.0,2271000000.0,713400000.0,-86200000.0,627200000.0,3252700000.0,223800000.0,224600000.0,226200000.0
Alexion Pharmaceuticals Inc,ALXN,M1YXUUZR0EIMU8T0EM75,899866,2018.0,FY,2018-01-01,2018-12-31,2020-02-04 06:30:53+00:00,320100000.0,0.35,0.35,0.35,0.0,164600000.0,77600000.0,77600000.0,77600000.0,374300000.0,4131200000.0,5500000.0,,116500000.0,1913400000.0,25500000.0,1111800000.0,374300000.0,3756900000.0,98200000.0,65300000.0,3487300000.0,269600000.0,-27400000.0,242200000.0,4131200000.0,221700000.0,222700000.0,224500000.0
Alexion Pharmaceuticals Inc,ALXN,M1YXUUZR0EIMU8T0EM75,899866,2018.0,Q4,2018-10-01,2018-12-31,,80000000.0,-0.2,-0.2,-0.18,,12100000.0,-45000000.0,-45000000.0,-45000000.0,96800000.0,1128800000.0,2000000.0,,5600000.0,584900000.0,-900000.0,318700000.0,96800000.0,1032000000.0,24500000.0,-54100000.0,988300000.0,43700000.0,-76600000.0,-32900000.0,1128800000.0,221700000.0,222700000.0,224500000.0
Alexion Pharmaceuticals Inc,ALXN,M1YXUUZR0EIMU8T0EM75,899866,2018.0,Q3,2018-07-01,2018-09-30,2019-10-23 07:56:30+00:00,80000000.0,1.48,1.48,1.47,,11200000.0,330900000.0,330900000.0,330900000.0,90600000.0,1026500000.0,2200000.0,,53500000.0,174800000.0,10300000.0,258700000.0,90600000.0,935900000.0,24600000.0,5900000.0,577300000.0,358600000.0,-16500000.0,342100000.0,1026500000.0,223600000.0,222900000.0,224600000.0
Alexion Pharmaceuticals Inc,ALXN,M1YXUUZR0EIMU8T0EM75,899866,2018.0,Q3YTD,2018-01-01,2018-09-30,,240100000.0,0.55,0.55,0.53,,152500000.0,122600000.0,122600000.0,122600000.0,277500000.0,3002400000.0,3500000.0,,110900000.0,1328500000.0,26400000.0,793100000.0,277500000.0,2724900000.0,73700000.0,119400000.0,2499000000.0,225900000.0,49200000.0,275100000.0,3002400000.0,223600000.0,222900000.0,224600000.0
Alexion Pharmaceuticals Inc,ALXN,M1YXUUZR0EIMU8T0EM75,899866,2018.0,Q3TTM,2017-10-01,2018-09-30,,320100000.0,0.68,0.68,0.67,,211800000.0,152600000.0,152600000.0,152600000.0,422100000.0,3913400000.0,3700000.0,-1300000.0,120100000.0,1593500000.0,32300000.0,1089500000.0,422100000.0,3490000000.0,98800000.0,125000000.0,3155500000.0,334500000.0,29900000.0,364400000.0,3912100000.0,223600000.0,222900000.0,224600000.0
Alexion Pharmaceuticals Inc,ALXN,M1YXUUZR0EIMU8T0EM75,899866,2018.0,Q2,2018-04-01,2018-06-30,2019-07-24 08:00:01+00:00,80100000.0,-2.05,-2.05,-2.05,,38800000.0,-457400000.0,-457400000.0,-457400000.0,95300000.0,1045000000.0,-1200000.0,,4700000.0,977100000.0,10600000.0,277300000.0,95300000.0,949700000.0,25000000.0,7700000.0,1349800000.0,-400100000.0,-18500000.0,-418600000.0,1045000000.0,223100000.0,222600000.0,222600000.0
Alexion Pharmaceuticals Inc,ALXN,M1YXUUZR0EIMU8T0EM75,899866,2018.0,Q2YTD,2018-01-01,2018-06-30,,160100000.0,-0.93,-0.93,-0.94,,141300000.0,-208300000.0,-208300000.0,-208300000.0,186900000.0,1975900000.0,1300000.0,,57400000.0,1153700000.0,16100000.0,534400000.0,186900000.0,1789000000.0,49100000.0,113500000.0,1921700000.0,-132700000.0,65700000.0,-67000000.0,1975900000.0,223100000.0,222600000.0,222600000.0
Alexion Pharmaceuticals Inc,ALXN,M1YXUUZR0EIMU8T0EM75,899866,2018.0,Q2TTM,2017-07-01,2018-06-30,,320100000.0,-0.45,-0.45,-0.45,,180800000.0,-100300000.0,-100300000.0,-100300000.0,488500000.0,3745700000.0,100000.0,-1000000.0,70300000.0,1614400000.0,94000000.0,1101400000.0,488500000.0,3256200000.0,99200000.0,123600000.0,3200200000.0,56000000.0,24500000.0,80500000.0,3744700000.0,223100000.0,222600000.0,222600000.0
Alexion Pharmaceuticals Inc,ALXN,M1YXUUZR0EIMU8T0EM75,899866,2018.0,Q1,2018-01-01,2018-03-31,2019-04-25 08:51:04+00:00,80000000.0,1.12,1.12,1.11,,102500000.0,249100000.0,249100000.0,249100000.0,91600000.0,930900000.0,2500000.0,,52700000.0,176600000.0,5500000.0,257100000.0,91600000.0,839300000.0,24100000.0,105800000.0,571900000.0,267400000.0,84200000.0,351600000.0,930900000.0,222400000.0,222100000.0,223700000.0
Alexion Pharmaceuticals Inc,ALXN,M1YXUUZR0EIMU8T0EM75,899866,2018.0,Q1TTM,2017-04-01,2018-03-31,,320100000.0,2.34,2.34,2.33,31000000.0,183100000.0,522300000.0,522300000.0,522300000.0,476800000.0,3612900000.0,1200000.0,-500000.0,90200000.0,835500000.0,86300000.0,1089700000.0,476800000.0,3135600000.0,99000000.0,120400000.0,2452800000.0,682800000.0,22600000.0,705400000.0,3612400000.0,222400000.0,222100000.0,223700000.0
Alexion Pharmaceuticals Inc,ALXN,M1YXUUZR0EIMU8T0EM75,899866,2019.0,Q4,2019-10-01,2019-12-31,,73900000.0,4.0,4.0,3.97,,-287000000.0,889000000.0,889000000.0,889000000.0,114300000.0,1384300000.0,33000000.0,,4400000.0,269600000.0,100000.0,381000000.0,114300000.0,1270000000.0,21700000.0,49700000.0,729000000.0,541000000.0,61000000.0,602000000.0,1384300000.0,223200000.0,223200000.0,224800000.0
Alexion Pharmaceuticals Inc,ALXN,M1YXUUZR0EIMU8T0EM75,899866,2019.0,FY,2019-01-01,2019-12-31,2020-02-04 06:30:53+00:00,309600000.0,10.77,10.77,10.7,0.0,-225500000.0,2404300000.0,2404300000.0,2404300000.0,394500000.0,4991100000.0,35900000.0,,11600000.0,881900000.0,12000000.0,1261100000.0,394500000.0,4596600000.0,77800000.0,100300000.0,2476200000.0,2120400000.0,58400000.0,2178800000.0,4991100000.0,223200000.0,223200000.0,224800000.0
Alexion Pharmaceuticals Inc,ALXN,M1YXUUZR0EIMU8T0EM75,899866,2019.0,Q3YTD,2019-01-01,2019-09-30,,235700000.0,6.77,6.77,6.73,,61500000.0,1515300000.0,1515300000.0,1515300000.0,280200000.0,3606800000.0,2900000.0,,7200000.0,612300000.0,11900000.0,880100000.0,280200000.0,3326600000.0,56100000.0,50600000.0,1747200000.0,1579400000.0,-2600000.0,1576800000.0,3606800000.0,223700000.0,223300000.0,224500000.0
Alexion Pharmaceuticals Inc,ALXN,M1YXUUZR0EIMU8T0EM75,899866,2019.0,Q3TTM,2018-10-01,2019-09-30,,315700000.0,6.57,6.57,6.55,,73600000.0,1470300000.0,1470300000.0,1470300000.0,377000000.0,4735600000.0,4900000.0,,12800000.0,1197200000.0,11000000.0,1198800000.0,377000000.0,4358600000.0,80600000.0,-3500000.0,2735500000.0,1623100000.0,-79200000.0,1543900000.0,4735600000.0,223700000.0,223300000.0,224500000.0
Alexion Pharmaceuticals Inc,ALXN,M1YXUUZR0EIMU8T0EM75,899866,2019.0,Q3,2019-07-01,2019-09-30,2019-10-23 07:56:30+00:00,75600000.0,2.09,2.09,2.08,,67900000.0,467600000.0,467600000.0,467600000.0,95200000.0,1263100000.0,400000.0,,29800000.0,232900000.0,300000.0,299300000.0,95200000.0,1167900000.0,17900000.0,23000000.0,637900000.0,530000000.0,5500000.0,535500000.0,1263100000.0,223700000.0,223300000.0,224500000.0
Alexion Pharmaceuticals Inc,ALXN,M1YXUUZR0EIMU8T0EM75,899866,2019.0,Q2YTD,2019-01-01,2019-06-30,,160100000.0,4.68,4.68,4.65,,-6400000.0,1047700000.0,1047700000.0,1047700000.0,185000000.0,2343700000.0,2500000.0,,-22600000.0,379400000.0,11600000.0,580800000.0,185000000.0,2158700000.0,38200000.0,27600000.0,1109300000.0,1049400000.0,-8100000.0,1041300000.0,2343700000.0,224300000.0,224200000.0,225600000.0
Alexion Pharmaceuticals Inc,ALXN,M1YXUUZR0EIMU8T0EM75,899866,2019.0,Q2TTM,2018-07-01,2019-06-30,,320100000.0,5.96,5.96,5.94,,16900000.0,1333600000.0,1333600000.0,1333600000.0,372400000.0,4499000000.0,6700000.0,,36500000.0,1139100000.0,21000000.0,1158200000.0,372400000.0,4126600000.0,87300000.0,-20600000.0,2674900000.0,1451700000.0,-101200000.0,1350500000.0,4499000000.0,224300000.0,224200000.0,225600000.0
Alexion Pharmaceuticals Inc,ALXN,M1YXUUZR0EIMU8T0EM75,899866,2019.0,Q2,2019-04-01,2019-06-30,2019-07-24 08:00:01+00:00,80100000.0,2.05,2.05,2.04,,39700000.0,459800000.0,459800000.0,459800000.0,99200000.0,1203300000.0,100000.0,,6100000.0,183500000.0,2500000.0,299300000.0,99200000.0,1104100000.0,18300000.0,-14900000.0,571500000.0,532600000.0,-33100000.0,499500000.0,1203300000.0,224300000.0,224200000.0,225600000.0
Alexion Pharmaceuticals Inc,ALXN,M1YXUUZR0EIMU8T0EM75,899866,2019.0,Q1,2019-01-01,2019-03-31,2020-05-06 07:23:44+00:00,80000000.0,2.63,2.63,2.61,,-46100000.0,587900000.0,587900000.0,587900000.0,85800000.0,1140400000.0,2400000.0,,-28700000.0,195900000.0,9100000.0,281500000.0,85800000.0,1054600000.0,19900000.0,42500000.0,537800000.0,516800000.0,25000000.0,541800000.0,1140400000.0,223500000.0,223800000.0,225500000.0
Alexion Pharmaceuticals Inc,ALXN,M1YXUUZR0EIMU8T0EM75,899866,2019.0,Q1TTM,2018-04-01,2019-03-31,,320100000.0,1.86,1.86,1.85,,16000000.0,416400000.0,416400000.0,416400000.0,368500000.0,4340700000.0,5400000.0,,35100000.0,1932700000.0,29100000.0,1136200000.0,368500000.0,3972200000.0,94000000.0,2000000.0,3453200000.0,519000000.0,-86600000.0,432400000.0,4340700000.0,223500000.0,223800000.0,225500000.0
Alexion Pharmaceuticals Inc,ALXN,M1YXUUZR0EIMU8T0EM75,899866,2020.0,Q1TTM,2019-04-01,2020-03-31,,303300000.0,10.66,10.66,10.59,,-73400000.0,2374000000.0,2374000000.0,2374000000.0,420400000.0,5295500000.0,32600000.0,,46100000.0,886900000.0,40200000.0,1299500000.0,420400000.0,4875100000.0,83700000.0,52600000.0,2576000000.0,2299100000.0,1500000.0,2300600000.0,5295500000.0,221300000.0,221600000.0,222600000.0
Alexion Pharmaceuticals Inc,ALXN,M1YXUUZR0EIMU8T0EM75,899866,2020.0,Q1,2020-01-01,2020-03-31,2020-05-06 07:23:44+00:00,73700000.0,2.52,2.52,2.5,,106000000.0,557600000.0,557600000.0,557600000.0,111700000.0,1444800000.0,-900000.0,,5800000.0,200900000.0,37300000.0,319900000.0,111700000.0,1333100000.0,25800000.0,-5200000.0,637600000.0,695500000.0,-31900000.0,663600000.0,1444800000.0,221300000.0,221600000.0,222600000.0
