company_name,company_ticker,company_lei,company_cik,year,quarter,start_date,end_date,filing_date,basicdilutedeps,basiceps,depreciationexpense,dilutedeps,impairmentexpense,incometaxexpense,netincome,netincomecontinuing,netincomediscontinued,netincometocommon,netincometononcontrollinginterest,operatingcostofrevenue,operatingrevenue,otheradjustmentstoconsolidatednetincome,otheroperatingexpenses,otherspecialcharges,restructuringcharge,sgaexpense,totalcostofrevenue,totalgrossprofit,totalinterestexpense,totalinterestincome,totaloperatingexpenses,totaloperatingincome,totalotherincome,totalpretaxincome,totalrevenue,weightedavebasicdilutedsharesos,weightedavebasicsharesos,weightedavedilutedsharesos
Cameron International Corp ,CAM,P2PV5Z2Z2UKRY3P3V155,941548,2007.0,FY,2007-01-01,2007-12-31,2010-02-26 16:54:14+00:00,2.23,2.23,109774000.0,2.11,,199762000.0,488181000.0,488181000.0,,488181000.0,,3242238000.0,4666368000.0,,-30745000.0,35725000.0,0.0,577588000.0,3242238000.0,1424130000.0,43845000.0,,692342000.0,731788000.0,-43845000.0,687943000.0,4666368000.0,218900000.0,218900000.0,231400000.0
Cameron International Corp ,CAM,P2PV5Z2Z2UKRY3P3V155,941548,2008.0,FY,2008-01-01,2008-12-31,2010-02-26 16:54:14+00:00,2.67,2.67,132079000.0,2.54,,270732000.0,580703000.0,580703000.0,,580703000.0,,4127931000.0,5848877000.0,,-27350000.0,26196000.0,0.0,668296000.0,4127931000.0,1720946000.0,70290000.0,,799221000.0,921725000.0,-70290000.0,851435000.0,5848877000.0,217500000.0,217500000.0,228600000.0
Cameron International Corp ,CAM,P2PV5Z2Z2UKRY3P3V155,941548,2008.0,Q3,2008-07-01,2008-09-30,2009-11-06 16:38:22+00:00,,0.75,32496000.0,0.71,,79190000.0,162980000.0,162980000.0,,162980000.0,,1050826000.0,1504733000.0,,-9692000.0,,0.0,165308000.0,1050826000.0,453907000.0,23625000.0,,188112000.0,265795000.0,-23625000.0,242170000.0,1504733000.0,,218478000.0,229219000.0
Cameron International Corp ,CAM,P2PV5Z2Z2UKRY3P3V155,941548,2008.0,Q2,2008-04-01,2008-06-30,2009-08-06 16:08:40+00:00,0.69,0.69,31309000.0,0.64,,69659000.0,148785000.0,148785000.0,,148785000.0,,1063245000.0,1480633000.0,,,,0.0,161855000.0,1063245000.0,417388000.0,12181000.0,6401000.0,193164000.0,224224000.0,-5780000.0,218444000.0,1480633000.0,215600000.0,216634000.0,233107000.0
Cameron International Corp ,CAM,P2PV5Z2Z2UKRY3P3V155,941548,2009.0,Q4,2009-10-01,2009-12-31,,0.98,0.41,44302000.0,0.41,,36049000.0,97352000.0,97352000.0,,97352000.0,,1027604000.0,1464371000.0,,-3700000.0,,42583000.0,198376000.0,1027604000.0,436767000.0,18583000.0,-3222000.0,281561000.0,155206000.0,-21805000.0,133401000.0,1464371000.0,221400000.0,221400000.0,221400000.0
Cameron International Corp ,CAM,P2PV5Z2Z2UKRY3P3V155,941548,2009.0,FY,2009-01-01,2009-12-31,2011-02-28 13:02:02+00:00,2.15,2.15,156600000.0,2.11,,167300000.0,475500000.0,475500000.0,,475500000.0,,3540100000.0,5223200000.0,,-5900000.0,0.0,81600000.0,715600000.0,3540100000.0,1683100000.0,92400000.0,,947900000.0,735200000.0,-92400000.0,642800000.0,5223200000.0,221400000.0,221400000.0,221400000.0
Cameron International Corp ,CAM,P2PV5Z2Z2UKRY3P3V155,941548,2009.0,Q3,2009-07-01,2009-09-30,2009-11-06 16:38:22+00:00,,0.57,38347000.0,0.56,,43672000.0,124944000.0,124944000.0,,124944000.0,,828012000.0,1231791000.0,,,,5853000.0,169739000.0,828012000.0,403779000.0,22598000.0,1374000.0,213939000.0,189840000.0,-21224000.0,168616000.0,1231791000.0,,219537000.0,221912000.0
Cameron International Corp ,CAM,P2PV5Z2Z2UKRY3P3V155,941548,2009.0,Q3YTD,2009-01-01,2009-09-30,,1.17,1.74,112298000.0,1.7,,131251000.0,378148000.0,378148000.0,,378148000.0,,2512496000.0,3758829000.0,,-2200000.0,,39017000.0,517224000.0,2512496000.0,1246333000.0,73817000.0,3222000.0,666339000.0,579994000.0,-70595000.0,509399000.0,3758829000.0,,219537000.0,221912000.0
Cameron International Corp ,CAM,P2PV5Z2Z2UKRY3P3V155,941548,2009.0,Q2,2009-04-01,2009-06-30,2009-08-06 16:08:40+00:00,0.64,0.64,37251000.0,0.62,,34879000.0,138604000.0,138604000.0,,138604000.0,,840784000.0,1270038000.0,,,,10864000.0,182885000.0,840784000.0,429254000.0,26619000.0,1848000.0,231000000.0,198254000.0,-24771000.0,173483000.0,1270038000.0,216600000.0,217084000.0,221852000.0
Cameron International Corp ,CAM,P2PV5Z2Z2UKRY3P3V155,941548,2009.0,Q2YTD,2009-01-01,2009-06-30,,1.17,1.17,73951000.0,1.14,,87579000.0,253204000.0,253204000.0,,253204000.0,,1684484000.0,2527038000.0,,-2200000.0,,33164000.0,347485000.0,1684484000.0,842554000.0,51219000.0,1848000.0,452400000.0,390154000.0,-49371000.0,340783000.0,2527038000.0,216600000.0,217084000.0,221852000.0
Cameron International Corp ,CAM,P2PV5Z2Z2UKRY3P3V155,941548,2009.0,Q1,2009-01-01,2009-03-31,2010-04-30 19:08:16+00:00,0.53,0.53,36700000.0,0.52,,52700000.0,114600000.0,114600000.0,,114600000.0,,843700000.0,1257000000.0,,-2200000.0,,22300000.0,164600000.0,843700000.0,413300000.0,24600000.0,,221400000.0,191900000.0,-24600000.0,167300000.0,1257000000.0,216200000.0,216900000.0,220000000.0
Cameron International Corp ,CAM,P2PV5Z2Z2UKRY3P3V155,941548,2010.0,FY,2010-01-01,2010-12-31,2012-02-27 19:12:04+00:00,2.32,2.32,201600000.0,2.27,,170400000.0,562900000.0,562900000.0,,562900000.0,,4212400000.0,6134800000.0,,,,47200000.0,862300000.0,4212400000.0,1922400000.0,,-78000000.0,1111100000.0,811300000.0,-78000000.0,733300000.0,6134800000.0,243100000.0,243100000.0,243100000.0
Cameron International Corp ,CAM,P2PV5Z2Z2UKRY3P3V155,941548,2010.0,Q4,2010-10-01,2010-12-31,,0.69,0.69,47900000.0,0.66,,137000000.0,78400000.0,78400000.0,,78400000.0,,1264900000.0,1808300000.0,,,,8100000.0,250400000.0,1264900000.0,543400000.0,-59400000.0,-81000000.0,306400000.0,237000000.0,-21600000.0,215400000.0,1808300000.0,243100000.0,243100000.0,243100000.0
Cameron International Corp ,CAM,P2PV5Z2Z2UKRY3P3V155,941548,2010.0,Q3,2010-07-01,2010-09-30,2010-11-02 17:53:46+00:00,0.61,0.61,52700000.0,0.61,,36400000.0,148700000.0,148700000.0,,148700000.0,,1048700000.0,1527100000.0,,,,10400000.0,210200000.0,1048700000.0,478400000.0,21400000.0,1400000.0,273300000.0,205100000.0,-20000000.0,185100000.0,1527100000.0,243800000.0,242200000.0,245500000.0
Cameron International Corp ,CAM,P2PV5Z2Z2UKRY3P3V155,941548,2010.0,Q3YTD,2010-01-01,2010-09-30,,1.63,1.63,153700000.0,1.61,,33400000.0,484500000.0,484500000.0,,484500000.0,,2947500000.0,4326500000.0,,,,39100000.0,611900000.0,2947500000.0,1379000000.0,59400000.0,3000000.0,804700000.0,574300000.0,-56400000.0,517900000.0,4326500000.0,243800000.0,242200000.0,245500000.0
Cameron International Corp ,CAM,P2PV5Z2Z2UKRY3P3V155,941548,2010.0,Q3TTM,2009-10-01,2010-09-30,,2.61,2.04,198002000.0,2.02,,69449000.0,581852000.0,581852000.0,,581852000.0,,3975104000.0,5790871000.0,,-3700000.0,,81683000.0,810276000.0,3975104000.0,1815767000.0,77983000.0,-222000.0,1086261000.0,729506000.0,-78205000.0,651301000.0,5790871000.0,243800000.0,242200000.0,245500000.0
Cameron International Corp ,CAM,P2PV5Z2Z2UKRY3P3V155,941548,2010.0,Q2,2010-04-01,2010-06-30,2010-08-20 17:47:02+00:00,0.53,0.53,52900000.0,0.52,,-43100000.0,215400000.0,215400000.0,,215400000.0,,984700000.0,1452700000.0,,,,18400000.0,205000000.0,984700000.0,468000000.0,20100000.0,700000.0,276300000.0,191700000.0,-19400000.0,172300000.0,1452700000.0,406400000.0,242900000.0,246400000.0
Cameron International Corp ,CAM,P2PV5Z2Z2UKRY3P3V155,941548,2010.0,Q2YTD,2010-01-01,2010-06-30,,1.02,1.02,101000000.0,1.0,,-3000000.0,335800000.0,335800000.0,,335800000.0,,1898800000.0,2799400000.0,,,,28700000.0,401700000.0,1898800000.0,900600000.0,38000000.0,1600000.0,531400000.0,369200000.0,-36400000.0,332800000.0,2799400000.0,406400000.0,242900000.0,246400000.0
Cameron International Corp ,CAM,P2PV5Z2Z2UKRY3P3V155,941548,2010.0,Q2TTM,2009-07-01,2010-06-30,,2.0,2.0,183649000.0,1.97,,76721000.0,558096000.0,558096000.0,,558096000.0,,3754416000.0,5495562000.0,,-3700000.0,,77136000.0,769815000.0,3754416000.0,1741146000.0,79181000.0,-248000.0,1026900000.0,714246000.0,-79429000.0,634817000.0,5495562000.0,406400000.0,242900000.0,246400000.0
Cameron International Corp ,CAM,P2PV5Z2Z2UKRY3P3V155,941548,2010.0,Q1,2010-01-01,2010-03-31,2010-04-30 19:08:16+00:00,0.49,0.49,48100000.0,0.48,,40100000.0,120400000.0,120400000.0,,120400000.0,,914100000.0,1346700000.0,,,,10300000.0,196700000.0,914100000.0,432600000.0,17900000.0,900000.0,255100000.0,177500000.0,-17000000.0,160500000.0,1346700000.0,245700000.0,244400000.0,249000000.0
Cameron International Corp ,CAM,P2PV5Z2Z2UKRY3P3V155,941548,2010.0,Q1TTM,2009-04-01,2010-03-31,,2.11,2.11,168000000.0,2.07,,154700000.0,481300000.0,481300000.0,,481300000.0,,3610500000.0,5312900000.0,,-3700000.0,,69600000.0,747700000.0,3610500000.0,1702400000.0,85700000.0,900000.0,981600000.0,720800000.0,-84800000.0,636000000.0,5312900000.0,245700000.0,244400000.0,249000000.0
Cameron International Corp ,CAM,P2PV5Z2Z2UKRY3P3V155,941548,2011.0,Q4,2011-10-01,2011-12-31,,0.41,0.41,61100000.0,0.4,,25900000.0,99900000.0,99900000.0,,99900000.0,,1430500000.0,2030700000.0,,,,114200000.0,277900000.0,1430500000.0,600200000.0,21200000.0,,453200000.0,147000000.0,-21200000.0,125800000.0,2030700000.0,245000000.0,245000000.0,245000000.0
Cameron International Corp ,CAM,P2PV5Z2Z2UKRY3P3V155,941548,2011.0,FY,2011-01-01,2011-12-31,2014-02-26 16:18:44+00:00,2.13,2.13,206600000.0,2.09,,129200000.0,521900000.0,521900000.0,,521900000.0,0.0,4838400000.0,6959000000.0,,,,177400000.0,1001500000.0,4838400000.0,2120600000.0,84000000.0,,1385500000.0,735100000.0,-84000000.0,651100000.0,6959000000.0,245000000.0,245000000.0,245000000.0
Cameron International Corp ,CAM,P2PV5Z2Z2UKRY3P3V155,941548,2011.0,Q3,2011-07-01,2011-09-30,2011-11-02 14:32:43+00:00,0.67,0.67,53100000.0,0.67,,33500000.0,164500000.0,164500000.0,,164500000.0,,1136600000.0,1685900000.0,,,,34200000.0,243400000.0,1136600000.0,549300000.0,20600000.0,,330700000.0,218600000.0,-20600000.0,198000000.0,1685900000.0,245500000.0,245100000.0,247100000.0
Cameron International Corp ,CAM,P2PV5Z2Z2UKRY3P3V155,941548,2011.0,Q3YTD,2011-01-01,2011-09-30,,1.72,1.72,145500000.0,1.69,,103300000.0,422000000.0,422000000.0,,422000000.0,,3407900000.0,4928300000.0,,,,63200000.0,723600000.0,3407900000.0,1520400000.0,62800000.0,,932300000.0,588100000.0,-62800000.0,525300000.0,4928300000.0,245500000.0,245100000.0,247100000.0
Cameron International Corp ,CAM,P2PV5Z2Z2UKRY3P3V155,941548,2011.0,Q3TTM,2010-10-01,2011-09-30,,2.41,2.41,193400000.0,2.35,,240300000.0,500400000.0,500400000.0,,500400000.0,,4672800000.0,6736600000.0,,,,71300000.0,974000000.0,4672800000.0,2063800000.0,3400000.0,-81000000.0,1238700000.0,825100000.0,-84400000.0,740700000.0,6736600000.0,245500000.0,245100000.0,247100000.0
Cameron International Corp ,CAM,P2PV5Z2Z2UKRY3P3V155,941548,2011.0,Q2,2011-04-01,2011-06-30,2011-07-29 18:11:34+00:00,0.6,0.6,47600000.0,0.59,,39400000.0,148000000.0,148000000.0,,148000000.0,,1213400000.0,1741100000.0,,,,20100000.0,250500000.0,1213400000.0,527700000.0,22100000.0,,318200000.0,209500000.0,-22100000.0,187400000.0,1741100000.0,246700000.0,245000000.0,249900000.0
Cameron International Corp ,CAM,P2PV5Z2Z2UKRY3P3V155,941548,2011.0,Q2YTD,2011-01-01,2011-06-30,,1.05,1.05,92400000.0,1.02,,69800000.0,257500000.0,257500000.0,,257500000.0,,2271300000.0,3242400000.0,,,,29000000.0,480200000.0,2271300000.0,971100000.0,42200000.0,,601600000.0,369500000.0,-42200000.0,327300000.0,3242400000.0,246700000.0,245000000.0,249900000.0
Cameron International Corp ,CAM,P2PV5Z2Z2UKRY3P3V155,941548,2011.0,Q2TTM,2010-07-01,2011-06-30,,2.35,2.35,193000000.0,2.29,,243200000.0,484600000.0,484600000.0,,484600000.0,,4584900000.0,6577800000.0,,,,47500000.0,940800000.0,4584900000.0,1992900000.0,4200000.0,-79600000.0,1181300000.0,811600000.0,-83800000.0,727800000.0,6577800000.0,246700000.0,245000000.0,249900000.0
Cameron International Corp ,CAM,P2PV5Z2Z2UKRY3P3V155,941548,2011.0,Q1,2011-01-01,2011-03-31,2011-05-05 14:57:34+00:00,0.45,0.45,44800000.0,0.43,,30400000.0,109500000.0,109500000.0,,109500000.0,,1057900000.0,1501300000.0,,,,8900000.0,229700000.0,1057900000.0,443400000.0,20100000.0,,283400000.0,160000000.0,-20100000.0,139900000.0,1501300000.0,243300000.0,244700000.0,252100000.0
Cameron International Corp ,CAM,P2PV5Z2Z2UKRY3P3V155,941548,2011.0,Q1TTM,2010-04-01,2011-03-31,,2.28,2.28,198300000.0,2.22,,160700000.0,552000000.0,552000000.0,,552000000.0,,4356200000.0,6289400000.0,,,,45800000.0,895300000.0,4356200000.0,1933200000.0,2200000.0,-78900000.0,1139400000.0,793800000.0,-81100000.0,712700000.0,6289400000.0,243300000.0,244700000.0,252100000.0
Cameron International Corp ,CAM,P2PV5Z2Z2UKRY3P3V155,941548,2012.0,Q4,2012-10-01,2012-12-31,,0.89,0.89,48100000.0,0.89,,24500000.0,218800000.0,152800000.0,66000000.0,218800000.0,,1224500000.0,1718700000.0,,,,21200000.0,227400000.0,1224500000.0,494200000.0,,-20200000.0,296700000.0,197500000.0,-20200000.0,177300000.0,1718700000.0,246000000.0,246000000.0,246000000.0
Cameron International Corp ,CAM,P2PV5Z2Z2UKRY3P3V155,941548,2012.0,FY,2012-01-01,2012-12-31,2015-02-20 16:34:08+00:00,3.05,3.05,238000000.0,3.03,,157000000.0,751000000.0,685000000.0,66000000.0,751000000.0,0.0,5522000000.0,7795000000.0,,,,33000000.0,1070000000.0,5522000000.0,2273000000.0,,-90000000.0,1341000000.0,932000000.0,-90000000.0,842000000.0,7795000000.0,246000000.0,246000000.0,246000000.0
Cameron International Corp ,CAM,P2PV5Z2Z2UKRY3P3V155,941548,2012.0,Q3,2012-07-01,2012-09-30,2012-11-01 17:48:37+00:00,0.91,0.91,66800000.0,0.9,,46200000.0,223600000.0,223600000.0,,223600000.0,,1568200000.0,2218300000.0,,,,3400000.0,285000000.0,1568200000.0,650100000.0,,-25100000.0,355200000.0,294900000.0,-25100000.0,269800000.0,2218300000.0,245700000.0,246400000.0,248100000.0
Cameron International Corp ,CAM,P2PV5Z2Z2UKRY3P3V155,941548,2012.0,Q3YTD,2012-01-01,2012-09-30,,2.16,2.16,189900000.0,2.14,,132500000.0,532200000.0,532200000.0,,532200000.0,,4297500000.0,6076300000.0,,,,11800000.0,842600000.0,4297500000.0,1778800000.0,,-69800000.0,1044300000.0,734500000.0,-69800000.0,664700000.0,6076300000.0,245700000.0,246400000.0,248100000.0
Cameron International Corp ,CAM,P2PV5Z2Z2UKRY3P3V155,941548,2012.0,Q3TTM,2011-10-01,2012-09-30,,2.57,2.57,251000000.0,2.54,,158400000.0,632100000.0,632100000.0,,632100000.0,,5728000000.0,8107000000.0,,,,126000000.0,1120500000.0,5728000000.0,2379000000.0,21200000.0,-69800000.0,1497500000.0,881500000.0,-91000000.0,790500000.0,8107000000.0,245700000.0,246400000.0,248100000.0
Cameron International Corp ,CAM,P2PV5Z2Z2UKRY3P3V155,941548,2012.0,Q2,2012-04-01,2012-06-30,2012-07-30 17:18:45+00:00,0.71,0.71,63600000.0,0.7,,48500000.0,174600000.0,174600000.0,,174600000.0,,1448900000.0,2053700000.0,,,,9900000.0,286200000.0,1448900000.0,604800000.0,,-22000000.0,359700000.0,245100000.0,-22000000.0,223100000.0,2053700000.0,245900000.0,246300000.0,247700000.0
Cameron International Corp ,CAM,P2PV5Z2Z2UKRY3P3V155,941548,2012.0,Q2YTD,2012-01-01,2012-06-30,,1.25,1.25,123100000.0,1.24,,86300000.0,308600000.0,308600000.0,,308600000.0,,2729300000.0,3858000000.0,,,,8400000.0,557600000.0,2729300000.0,1128700000.0,,-44700000.0,689100000.0,439600000.0,-44700000.0,394900000.0,3858000000.0,245900000.0,246300000.0,247700000.0
Cameron International Corp ,CAM,P2PV5Z2Z2UKRY3P3V155,941548,2012.0,Q2TTM,2011-07-01,2012-06-30,,2.33,2.33,237300000.0,2.31,,145700000.0,573000000.0,573000000.0,,573000000.0,,5296400000.0,7574600000.0,,,,156800000.0,1078900000.0,5296400000.0,2278200000.0,41800000.0,-44700000.0,1473000000.0,805200000.0,-86500000.0,718700000.0,7574600000.0,245900000.0,246300000.0,247700000.0
Cameron International Corp ,CAM,P2PV5Z2Z2UKRY3P3V155,941548,2012.0,Q1,2012-01-01,2012-03-31,2012-04-30 16:12:26+00:00,0.54,0.54,59500000.0,0.54,,37800000.0,134000000.0,134000000.0,,134000000.0,,1280400000.0,1804300000.0,,,,-1500000.0,271400000.0,1280400000.0,523900000.0,,-22700000.0,329400000.0,194500000.0,-22700000.0,171800000.0,1804300000.0,248100000.0,246100000.0,247900000.0
Cameron International Corp ,CAM,P2PV5Z2Z2UKRY3P3V155,941548,2012.0,Q1TTM,2011-04-01,2012-03-31,,2.22,2.22,221300000.0,2.2,,136600000.0,546400000.0,546400000.0,,546400000.0,,5060900000.0,7262000000.0,,,,167000000.0,1043200000.0,5060900000.0,2201100000.0,63900000.0,-22700000.0,1431500000.0,769600000.0,-86600000.0,683000000.0,7262000000.0,248100000.0,246100000.0,247900000.0
Cameron International Corp ,CAM,P2PV5Z2Z2UKRY3P3V155,941548,2013.0,Q4,2013-10-01,2013-12-31,,0.94,0.94,74500000.0,0.92,,40300000.0,242900000.0,177900000.0,65000000.0,220700000.0,22200000.0,1618200000.0,2237100000.0,,,,11700000.0,288800000.0,1618200000.0,618900000.0,-74300000.0,-100000000.0,375000000.0,243900000.0,-25700000.0,218200000.0,2237100000.0,242000000.0,242000000.0,242000000.0
Cameron International Corp ,CAM,P2PV5Z2Z2UKRY3P3V155,941548,2013.0,FY,2013-01-01,2013-12-31,2015-02-20 16:34:08+00:00,2.89,2.89,298000000.0,2.87,,196000000.0,724000000.0,659000000.0,65000000.0,699000000.0,25000000.0,6518000000.0,9138000000.0,,,,92000000.0,1275000000.0,6518000000.0,2620000000.0,,-100000000.0,1665000000.0,955000000.0,-100000000.0,855000000.0,9138000000.0,242000000.0,242000000.0,242000000.0
Cameron International Corp ,CAM,P2PV5Z2Z2UKRY3P3V155,941548,2013.0,Q3,2013-07-01,2013-09-30,2013-10-29 13:58:39+00:00,0.78,0.78,83400000.0,0.78,,55600000.0,192400000.0,192400000.0,,189600000.0,2800000.0,1780700000.0,2495800000.0,,,,13900000.0,346600000.0,1780700000.0,715100000.0,23200000.0,,443900000.0,271200000.0,-23200000.0,248000000.0,2495800000.0,243100000.0,242700000.0,244200000.0
Cameron International Corp ,CAM,P2PV5Z2Z2UKRY3P3V155,941548,2013.0,Q3YTD,2013-01-01,2013-09-30,,1.95,1.95,223500000.0,1.95,,155700000.0,481100000.0,481100000.0,,478300000.0,2800000.0,4899800000.0,6900900000.0,,,,80300000.0,986200000.0,4899800000.0,2001100000.0,74300000.0,,1290000000.0,711100000.0,-74300000.0,636800000.0,6900900000.0,243100000.0,242700000.0,244200000.0
Cameron International Corp ,CAM,P2PV5Z2Z2UKRY3P3V155,941548,2013.0,Q3TTM,2012-10-01,2013-09-30,,2.84,2.84,271600000.0,2.84,,180200000.0,699900000.0,633900000.0,66000000.0,697100000.0,2800000.0,6124300000.0,8619600000.0,,,,101500000.0,1213600000.0,6124300000.0,2495300000.0,74300000.0,-20200000.0,1586700000.0,908600000.0,-94500000.0,814100000.0,8619600000.0,243100000.0,242700000.0,244200000.0
Cameron International Corp ,CAM,P2PV5Z2Z2UKRY3P3V155,941548,2013.0,Q2,2013-04-01,2013-06-30,2013-07-29 13:36:02+00:00,0.57,0.57,70100000.0,0.57,,65500000.0,140400000.0,140400000.0,,140400000.0,,1625000000.0,2287400000.0,,,,35600000.0,325500000.0,1625000000.0,662400000.0,25300000.0,,431200000.0,231200000.0,-25300000.0,205900000.0,2287400000.0,246300000.0,246600000.0,248100000.0
Cameron International Corp ,CAM,P2PV5Z2Z2UKRY3P3V155,941548,2013.0,Q2YTD,2013-01-01,2013-06-30,,1.17,1.17,140100000.0,1.17,,100100000.0,288700000.0,288700000.0,,288700000.0,,3119100000.0,4405100000.0,,,,66400000.0,639600000.0,3119100000.0,1286000000.0,51100000.0,,846100000.0,439900000.0,-51100000.0,388800000.0,4405100000.0,246300000.0,246600000.0,248100000.0
Cameron International Corp ,CAM,P2PV5Z2Z2UKRY3P3V155,941548,2013.0,Q2TTM,2012-07-01,2013-06-30,,2.97,2.97,255000000.0,2.96,,170800000.0,731100000.0,665100000.0,66000000.0,731100000.0,,5911800000.0,8342100000.0,,,,91000000.0,1152000000.0,5911800000.0,2430300000.0,51100000.0,-45300000.0,1498000000.0,932300000.0,-96400000.0,835900000.0,8342100000.0,246300000.0,246600000.0,248100000.0
Cameron International Corp ,CAM,P2PV5Z2Z2UKRY3P3V155,941548,2013.0,Q1,2013-01-01,2013-03-31,2013-04-29 15:50:29+00:00,0.6,0.6,70000000.0,0.6,,34600000.0,148300000.0,148300000.0,,148300000.0,,1494100000.0,2117700000.0,,,,30800000.0,314100000.0,1494100000.0,623600000.0,25800000.0,,414900000.0,208700000.0,-25800000.0,182900000.0,2117700000.0,247200000.0,247500000.0,249000000.0
Cameron International Corp ,CAM,P2PV5Z2Z2UKRY3P3V155,941548,2013.0,Q1TTM,2012-04-01,2013-03-31,,3.11,3.11,248500000.0,3.09,,153800000.0,765300000.0,699300000.0,66000000.0,765300000.0,,5735700000.0,8108400000.0,,,,65300000.0,1112700000.0,5735700000.0,2372700000.0,25800000.0,-67300000.0,1426500000.0,946200000.0,-93100000.0,853100000.0,8108400000.0,247200000.0,247500000.0,249000000.0
Cameron International Corp ,CAM,P2PV5Z2Z2UKRY3P3V155,941548,2014.0,FY,2014-01-01,2014-12-31,2016-01-29 12:10:46+00:00,3.98,3.98,348000000.0,3.96,44000000.0,258000000.0,848000000.0,822000000.0,26000000.0,811000000.0,37000000.0,7464000000.0,10381000000.0,,,,29000000.0,1287000000.0,7464000000.0,2917000000.0,,-129000000.0,1708000000.0,1209000000.0,-129000000.0,1080000000.0,10381000000.0,204000000.0,204000000.0,204000000.0
Cameron International Corp ,CAM,P2PV5Z2Z2UKRY3P3V155,941548,2014.0,Q4,2014-10-01,2014-12-31,,1.27,1.27,90200000.0,1.26,44000000.0,74500000.0,260900000.0,255300000.0,3000000.0,253900000.0,7000000.0,1933900000.0,2701500000.0,2600000.0,,-19000000.0,-20000000.0,311700000.0,1933900000.0,767600000.0,-32100000.0,-63000000.0,406900000.0,360700000.0,-30900000.0,329800000.0,2701500000.0,204000000.0,204000000.0,204000000.0
Cameron International Corp ,CAM,P2PV5Z2Z2UKRY3P3V155,941548,2014.0,Q3,2014-07-01,2014-09-30,2015-10-22 16:45:01+00:00,1.12,1.12,83000000.0,1.11,0.0,70000000.0,238000000.0,235000000.0,,225000000.0,13000000.0,1915000000.0,2678000000.0,3000000.0,,19000000.0,,320000000.0,1915000000.0,763000000.0,,-36000000.0,422000000.0,341000000.0,-36000000.0,305000000.0,2678000000.0,200900000.0,201000000.0,203000000.0
Cameron International Corp ,CAM,P2PV5Z2Z2UKRY3P3V155,941548,2014.0,Q3YTD,2014-01-01,2014-09-30,,2.71,2.71,257800000.0,2.7,,183500000.0,587100000.0,566700000.0,23000000.0,557100000.0,30000000.0,5530100000.0,7679500000.0,-2600000.0,,19000000.0,49000000.0,975300000.0,5530100000.0,2149400000.0,32100000.0,-66000000.0,1301100000.0,848300000.0,-98100000.0,750200000.0,7679500000.0,200900000.0,201000000.0,203000000.0
Cameron International Corp ,CAM,P2PV5Z2Z2UKRY3P3V155,941548,2014.0,Q3TTM,2013-10-01,2014-09-30,,3.65,3.65,332300000.0,3.62,,223800000.0,830000000.0,744600000.0,88000000.0,777800000.0,52200000.0,7148300000.0,9916600000.0,-2600000.0,,19000000.0,60700000.0,1264100000.0,7148300000.0,2768300000.0,-42200000.0,-166000000.0,1676100000.0,1092200000.0,-123800000.0,968400000.0,9916600000.0,200900000.0,201000000.0,203000000.0
Cameron International Corp ,CAM,P2PV5Z2Z2UKRY3P3V155,941548,2014.0,Q2,2014-04-01,2014-06-30,2015-07-24 11:45:46+00:00,1.08,1.08,88000000.0,1.08,,65000000.0,233000000.0,210000000.0,23000000.0,221000000.0,12000000.0,1850000000.0,2570000000.0,,,,,327000000.0,1850000000.0,720000000.0,,-30000000.0,415000000.0,305000000.0,-30000000.0,275000000.0,2570000000.0,204600000.0,204000000.0,205000000.0
Cameron International Corp ,CAM,P2PV5Z2Z2UKRY3P3V155,941548,2014.0,Q2YTD,2014-01-01,2014-06-30,,1.59,1.59,174800000.0,1.59,,113500000.0,349100000.0,331700000.0,23000000.0,332100000.0,17000000.0,3615100000.0,5001500000.0,-5600000.0,,,49000000.0,655300000.0,3615100000.0,1386400000.0,32100000.0,-30000000.0,879100000.0,507300000.0,-62100000.0,445200000.0,5001500000.0,204600000.0,204000000.0,205000000.0
Cameron International Corp ,CAM,P2PV5Z2Z2UKRY3P3V155,941548,2014.0,Q2TTM,2013-07-01,2014-06-30,,3.31,3.31,332700000.0,3.29,,209400000.0,784400000.0,702000000.0,88000000.0,742400000.0,42000000.0,7014000000.0,9734400000.0,-5600000.0,,,74600000.0,1290700000.0,7014000000.0,2720400000.0,-19000000.0,-130000000.0,1698000000.0,1022400000.0,-111000000.0,911400000.0,9734400000.0,204600000.0,204000000.0,205000000.0
Cameron International Corp ,CAM,P2PV5Z2Z2UKRY3P3V155,941548,2014.0,Q1,2014-01-01,2014-03-31,2014-04-28 13:10:13+00:00,0.51,0.51,86800000.0,0.51,,48500000.0,116100000.0,121700000.0,,111100000.0,5000000.0,1765100000.0,2431500000.0,-5600000.0,,,49000000.0,328300000.0,1765100000.0,666400000.0,32100000.0,,464100000.0,202300000.0,-32100000.0,170200000.0,2431500000.0,217800000.0,214900000.0,216200000.0
Cameron International Corp ,CAM,P2PV5Z2Z2UKRY3P3V155,941548,2014.0,Q1TTM,2013-04-01,2014-03-31,,2.8,2.8,314800000.0,2.78,,209900000.0,691800000.0,632400000.0,65000000.0,661800000.0,30000000.0,6789000000.0,9451800000.0,-5600000.0,,,110200000.0,1289200000.0,6789000000.0,2662800000.0,6300000.0,-100000000.0,1714200000.0,948600000.0,-106300000.0,842300000.0,9451800000.0,217800000.0,214900000.0,216200000.0
Cameron International Corp ,CAM,P2PV5Z2Z2UKRY3P3V155,941548,2015.0,FY,2015-01-01,2015-12-31,2016-01-29 12:10:46+00:00,2.61,2.61,342000000.0,2.6,639000000.0,184000000.0,568000000.0,137000000.0,431000000.0,501000000.0,67000000.0,6126000000.0,8782000000.0,,,,134000000.0,1082000000.0,6126000000.0,2656000000.0,,-138000000.0,2197000000.0,459000000.0,-138000000.0,321000000.0,8782000000.0,192000000.0,192000000.0,192000000.0
Cameron International Corp ,CAM,P2PV5Z2Z2UKRY3P3V155,941548,2015.0,Q3YTD,2015-01-01,2015-09-30,,1.96,1.96,264000000.0,1.95,571000000.0,144000000.0,419000000.0,-12000000.0,432000000.0,376000000.0,43000000.0,4723000000.0,6703000000.0,,,26000000.0,,882000000.0,4723000000.0,1980000000.0,,-105000000.0,1743000000.0,237000000.0,-105000000.0,132000000.0,6703000000.0,190800000.0,191000000.0,192000000.0
Cameron International Corp ,CAM,P2PV5Z2Z2UKRY3P3V155,941548,2015.0,Q3TTM,2014-10-01,2015-09-30,,3.23,3.23,354200000.0,3.21,615000000.0,218500000.0,679900000.0,243300000.0,435000000.0,629900000.0,50000000.0,6656900000.0,9404500000.0,2600000.0,,7000000.0,-20000000.0,1193700000.0,6656900000.0,2747600000.0,-32100000.0,-168000000.0,2149900000.0,597700000.0,-135900000.0,461800000.0,9404500000.0,190800000.0,191000000.0,192000000.0
Cameron International Corp ,CAM,P2PV5Z2Z2UKRY3P3V155,941548,2015.0,Q3,2015-07-01,2015-09-30,2015-10-22 16:45:01+00:00,0.98,0.98,86000000.0,0.97,18000000.0,44000000.0,213000000.0,214000000.0,,187000000.0,26000000.0,1530000000.0,2208000000.0,,,26000000.0,,256000000.0,1530000000.0,678000000.0,,-34000000.0,386000000.0,292000000.0,-34000000.0,258000000.0,2208000000.0,190800000.0,191000000.0,192000000.0
Cameron International Corp ,CAM,P2PV5Z2Z2UKRY3P3V155,941548,2015.0,Q2YTD,2015-01-01,2015-06-30,,0.98,0.98,178000000.0,0.98,553000000.0,100000000.0,206000000.0,-226000000.0,432000000.0,189000000.0,17000000.0,3193000000.0,4495000000.0,,,,,626000000.0,3193000000.0,1302000000.0,,-71000000.0,1357000000.0,-55000000.0,-71000000.0,-126000000.0,4495000000.0,191800000.0,191000000.0,192000000.0
Cameron International Corp ,CAM,P2PV5Z2Z2UKRY3P3V155,941548,2015.0,Q2TTM,2014-07-01,2015-06-30,,3.37,3.37,351200000.0,3.35,597000000.0,244500000.0,704900000.0,264300000.0,435000000.0,667900000.0,37000000.0,7041900000.0,9874500000.0,5600000.0,,,-20000000.0,1257700000.0,7041900000.0,2832600000.0,-32100000.0,-170000000.0,2185900000.0,646700000.0,-137900000.0,508800000.0,9874500000.0,191800000.0,191000000.0,192000000.0
Cameron International Corp ,CAM,P2PV5Z2Z2UKRY3P3V155,941548,2015.0,Q2,2015-04-01,2015-06-30,2015-07-24 11:45:46+00:00,0.73,0.73,89000000.0,0.73,,47000000.0,155000000.0,152000000.0,3000000.0,140000000.0,15000000.0,1585000000.0,2222000000.0,,,,,316000000.0,1585000000.0,637000000.0,,-33000000.0,405000000.0,232000000.0,-33000000.0,199000000.0,2222000000.0,191800000.0,191000000.0,192000000.0
Cameron International Corp ,CAM,P2PV5Z2Z2UKRY3P3V155,941548,2015.0,Q1TTM,2014-04-01,2015-03-31,,3.72,3.72,350200000.0,3.7,597000000.0,262500000.0,782900000.0,322300000.0,455000000.0,748900000.0,34000000.0,7306900000.0,10222500000.0,5600000.0,,,-20000000.0,1268700000.0,7306900000.0,2915600000.0,-32100000.0,-167000000.0,2195900000.0,719700000.0,-134900000.0,584800000.0,10222500000.0,196000000.0,193000000.0,193000000.0
Cameron International Corp ,CAM,P2PV5Z2Z2UKRY3P3V155,941548,2015.0,Q1,2015-01-01,2015-03-31,2015-04-24 11:14:00+00:00,0.25,0.25,89000000.0,0.25,553000000.0,53000000.0,51000000.0,-378000000.0,429000000.0,49000000.0,2000000.0,1608000000.0,2273000000.0,,,,,310000000.0,1608000000.0,665000000.0,,-38000000.0,952000000.0,-287000000.0,-38000000.0,-325000000.0,2273000000.0,196000000.0,193000000.0,193000000.0
