company_name,company_ticker,company_lei,company_cik,year,quarter,start_date,end_date,filing_date,basicdilutedeps,basiceps,cashdividendspershare,dilutedeps,incometaxexpense,netincome,netincomecontinuing,netincomediscontinued,netincometocommon,netincometononcontrollinginterest,operatingcostofrevenue,operatingrevenue,otheradjustmentstoconsolidatednetincome,otherincome,sgaexpense,totalcostofrevenue,totalgrossprofit,totalinterestexpense,totalinterestincome,totaloperatingexpenses,totaloperatingincome,totalotherincome,totalpretaxincome,totalrevenue,weightedavebasicdilutedsharesos,weightedavebasicsharesos,weightedavedilutedsharesos
Jacobs Engineering Group Inc,J,549300CZ8QS1GE53O776,52988,2007.0,FY,2006-10-01,2007-09-28,2009-11-20 15:16:24+00:00,2.42,2.42,,2.35,161512000.0,287130000.0,287130000.0,,287130000.0,,7262621000.0,8473970000.0,,-5059000.0,769393000.0,7262621000.0,1211349000.0,8019000.0,19764000.0,769393000.0,441956000.0,6686000.0,448642000.0,8473970000.0,118600000.0,118600000.0,122200000.0
Jacobs Engineering Group Inc,J,549300CZ8QS1GE53O776,52988,2008.0,FY,2007-09-29,2008-09-26,2010-11-23 14:30:57+00:00,3.47,3.47,,3.38,236669000.0,421299000.0,421299000.0,,420742000.0,-557000.0,9517673000.0,11252159000.0,,3876000.0,1091427000.0,9517673000.0,1734486000.0,4414000.0,15447000.0,1091427000.0,643059000.0,14909000.0,657968000.0,11252159000.0,121083000.0,121083000.0,121083000.0
Jacobs Engineering Group Inc,J,549300CZ8QS1GE53O776,52988,2008.0,Q3,2008-04-01,2008-06-30,2009-07-29 20:34:13+00:00,0.89,0.89,,0.87,61130000.0,108677000.0,108677000.0,,108677000.0,,2467283000.0,2918927000.0,,-1436000.0,282773000.0,2467283000.0,451644000.0,987000.0,3359000.0,282773000.0,168871000.0,936000.0,169807000.0,2918927000.0,122100000.0,122100000.0,124900000.0
Jacobs Engineering Group Inc,J,549300CZ8QS1GE53O776,52988,2009.0,Q4,2009-07-01,2009-10-02,,0.65,0.65,,0.63,44616000.0,79241000.0,79241000.0,,79317000.0,-76000.0,2204570000.0,2552547000.0,,-1287000.0,225834000.0,2204570000.0,347977000.0,488000.0,3489000.0,225834000.0,122143000.0,1714000.0,123857000.0,2552547000.0,122772000.0,122772000.0,122772000.0
Jacobs Engineering Group Inc,J,549300CZ8QS1GE53O776,52988,2009.0,FY,2008-09-27,2009-10-02,2011-11-21 17:26:43+00:00,3.26,3.26,,3.21,224919000.0,399213000.0,399213000.0,,399854000.0,-641000.0,9906493000.0,11467376000.0,,-6670000.0,940310000.0,9906493000.0,1560883000.0,2916000.0,13145000.0,940310000.0,620573000.0,3559000.0,624132000.0,11467376000.0,122772000.0,122772000.0,122772000.0
Jacobs Engineering Group Inc,J,549300CZ8QS1GE53O776,52988,2009.0,Q3YTD,2008-09-27,2009-06-30,,2.61,2.61,,2.58,180303000.0,319972000.0,319972000.0,,320537000.0,-565000.0,7701923000.0,8914829000.0,,-5383000.0,714476000.0,7701923000.0,1212906000.0,2428000.0,9656000.0,714476000.0,498430000.0,1845000.0,500275000.0,8914829000.0,122953000.0,122953000.0,122953000.0
Jacobs Engineering Group Inc,J,549300CZ8QS1GE53O776,52988,2009.0,Q3,2009-04-01,2009-06-30,2010-07-30 15:18:10+00:00,0.77,0.77,,0.76,53381000.0,94686000.0,94686000.0,,94900000.0,-214000.0,2334861000.0,2706724000.0,,-670000.0,225189000.0,2334861000.0,371863000.0,402000.0,2465000.0,225189000.0,146674000.0,1393000.0,148067000.0,2706724000.0,122953000.0,122953000.0,122953000.0
Jacobs Engineering Group Inc,J,549300CZ8QS1GE53O776,52988,2009.0,Q2YTD,2008-09-27,2009-04-03,,1.84,1.84,,1.82,126922000.0,225286000.0,225286000.0,,225637000.0,-351000.0,5367062000.0,6208105000.0,,-4713000.0,489287000.0,5367062000.0,841043000.0,2026000.0,7191000.0,489287000.0,351756000.0,452000.0,352208000.0,6208105000.0,122800000.0,122800000.0,124200000.0
Jacobs Engineering Group Inc,J,549300CZ8QS1GE53O776,52988,2009.0,Q2,2009-01-01,2009-04-03,2010-04-29 16:16:56+00:00,0.89,0.89,,0.88,61457000.0,109170000.0,109170000.0,,109287000.0,-117000.0,2571828000.0,2975452000.0,,-1853000.0,232936000.0,2571828000.0,403624000.0,797000.0,2589000.0,232936000.0,170688000.0,-61000.0,170627000.0,2975452000.0,122800000.0,122800000.0,124200000.0
Jacobs Engineering Group Inc,J,549300CZ8QS1GE53O776,52988,2009.0,Q1,2008-10-01,2009-01-02,2010-01-28 15:47:23+00:00,0.95,0.95,,0.94,65465000.0,116116000.0,116116000.0,,116350000.0,-234000.0,2795234000.0,3232653000.0,,-2860000.0,256351000.0,2795234000.0,437419000.0,1229000.0,4602000.0,256351000.0,181068000.0,513000.0,181581000.0,3232653000.0,122500000.0,122500000.0,123800000.0
Jacobs Engineering Group Inc,J,549300CZ8QS1GE53O776,52988,2010.0,Q4,2010-07-03,2010-10-01,,0.61,0.61,,0.61,43308000.0,77079000.0,77079000.0,,76994000.0,85000.0,1995006000.0,2343033000.0,,72000.0,228512000.0,1995006000.0,348027000.0,383000.0,1183000.0,228512000.0,119515000.0,872000.0,120387000.0,2343033000.0,124134000.0,124134000.0,124134000.0
Jacobs Engineering Group Inc,J,549300CZ8QS1GE53O776,52988,2010.0,FY,2009-10-03,2010-10-01,2012-11-20 17:04:40+00:00,1.98,1.98,,1.96,145647000.0,246287000.0,246287000.0,,245974000.0,313000.0,8582912000.0,9915517000.0,,-3066000.0,932522000.0,8582912000.0,1332605000.0,9874000.0,4791000.0,932522000.0,400083000.0,-8149000.0,391934000.0,9915517000.0,124134000.0,124134000.0,124134000.0
Jacobs Engineering Group Inc,J,549300CZ8QS1GE53O776,52988,2010.0,Q3YTD,2009-10-03,2010-07-02,,1.37,1.37,,1.35,102339000.0,169208000.0,169208000.0,,168980000.0,228000.0,6587906000.0,7572484000.0,,-3138000.0,704010000.0,6587906000.0,984578000.0,9491000.0,3608000.0,704010000.0,280568000.0,-9021000.0,271547000.0,7572484000.0,124328000.0,124328000.0,124328000.0
Jacobs Engineering Group Inc,J,549300CZ8QS1GE53O776,52988,2010.0,Q3TTM,2009-07-01,2010-07-02,,2.02,2.02,,1.98,146955000.0,248449000.0,248449000.0,,248297000.0,152000.0,8792476000.0,10125031000.0,,-4425000.0,929844000.0,8792476000.0,1332555000.0,9979000.0,7097000.0,929844000.0,402711000.0,-7307000.0,395404000.0,10125031000.0,124328000.0,124328000.0,124328000.0
Jacobs Engineering Group Inc,J,549300CZ8QS1GE53O776,52988,2010.0,Q3,2010-04-03,2010-07-02,2011-07-29 13:50:39+00:00,0.15,0.15,,0.15,17999000.0,19240000.0,19240000.0,,19043000.0,197000.0,2235537000.0,2507725000.0,,-1644000.0,227105000.0,2235537000.0,272188000.0,8174000.0,1974000.0,227105000.0,45083000.0,-7844000.0,37239000.0,2507725000.0,124328000.0,124328000.0,124328000.0
Jacobs Engineering Group Inc,J,549300CZ8QS1GE53O776,52988,2010.0,Q2YTD,2009-10-03,2010-04-02,,1.22,1.22,,1.2,84340000.0,149968000.0,149968000.0,,149937000.0,31000.0,4352369000.0,5064759000.0,,-1494000.0,476905000.0,4352369000.0,712390000.0,1317000.0,1634000.0,476905000.0,235485000.0,-1177000.0,234308000.0,5064759000.0,123911000.0,123911000.0,123911000.0
Jacobs Engineering Group Inc,J,549300CZ8QS1GE53O776,52988,2010.0,Q2TTM,2009-04-01,2010-04-02,,2.64,2.64,,2.59,182337000.0,323895000.0,323895000.0,,324154000.0,-259000.0,8891800000.0,10324030000.0,,-3451000.0,927928000.0,8891800000.0,1432230000.0,2207000.0,7588000.0,927928000.0,504302000.0,1930000.0,506232000.0,10324030000.0,123911000.0,123911000.0,123911000.0
Jacobs Engineering Group Inc,J,549300CZ8QS1GE53O776,52988,2010.0,Q2,2010-01-02,2010-04-02,2011-04-29 13:52:06+00:00,0.63,0.63,,0.62,43593000.0,77567000.0,77567000.0,,77500000.0,67000.0,2223793000.0,2586974000.0,,-935000.0,241177000.0,2223793000.0,363181000.0,705000.0,796000.0,241177000.0,122004000.0,-844000.0,121160000.0,2586974000.0,123911000.0,123911000.0,123911000.0
Jacobs Engineering Group Inc,J,549300CZ8QS1GE53O776,52988,2010.0,Q1TTM,2009-01-03,2010-01-01,,2.9,2.9,,2.85,200201000.0,355498000.0,355498000.0,,355941000.0,-443000.0,9239835000.0,10712508000.0,,-4369000.0,919687000.0,9239835000.0,1472673000.0,2299000.0,9381000.0,919687000.0,552986000.0,2713000.0,555699000.0,10712508000.0,123622000.0,123622000.0,123622000.0
Jacobs Engineering Group Inc,J,549300CZ8QS1GE53O776,52988,2010.0,Q1,2009-10-03,2010-01-01,2011-01-26 17:19:14+00:00,0.59,0.59,,0.58,40747000.0,72401000.0,72401000.0,,72437000.0,-36000.0,2128576000.0,2477785000.0,,-559000.0,235728000.0,2128576000.0,349209000.0,612000.0,838000.0,235728000.0,113481000.0,-333000.0,113148000.0,2477785000.0,123622000.0,123622000.0,123622000.0
Jacobs Engineering Group Inc,J,549300CZ8QS1GE53O776,52988,2011.0,Q4,2011-07-02,2011-09-30,,1.38,0.74,,0.74,49909000.0,95247000.0,95247000.0,,94280000.0,967000.0,2296733000.0,2723295000.0,,-1591000.0,278658000.0,2296733000.0,426562000.0,2684000.0,1527000.0,278658000.0,147904000.0,-2748000.0,145156000.0,2723295000.0,125686000.0,125686000.0,125686000.0
Jacobs Engineering Group Inc,J,549300CZ8QS1GE53O776,52988,2011.0,FY,2010-10-02,2011-09-30,2013-11-22 15:56:16+00:00,2.63,2.63,,2.6,181440000.0,335221000.0,335221000.0,,331029000.0,4192000.0,8822171000.0,10381664000.0,,1625000.0,1040575000.0,8822171000.0,1559493000.0,8799000.0,4917000.0,1040575000.0,518918000.0,-2257000.0,516661000.0,10381664000.0,125686000.0,125686000.0,125686000.0
Jacobs Engineering Group Inc,J,549300CZ8QS1GE53O776,52988,2011.0,Q3TTM,2010-07-03,2011-07-01,,1.86,2.5,,2.47,174839000.0,317053000.0,317053000.0,,313743000.0,3310000.0,8520444000.0,10001402000.0,,3288000.0,990429000.0,8520444000.0,1480958000.0,6498000.0,4573000.0,990429000.0,490529000.0,1363000.0,491892000.0,10001402000.0,125903000.0,125903000.0,125903000.0
Jacobs Engineering Group Inc,J,549300CZ8QS1GE53O776,52988,2011.0,Q3YTD,2010-10-02,2011-07-01,,1.25,1.89,,1.86,131531000.0,239974000.0,239974000.0,,236749000.0,3225000.0,6525438000.0,7658369000.0,,3216000.0,761917000.0,6525438000.0,1132931000.0,6115000.0,3390000.0,761917000.0,371014000.0,491000.0,371505000.0,7658369000.0,125903000.0,125903000.0,125903000.0
Jacobs Engineering Group Inc,J,549300CZ8QS1GE53O776,52988,2011.0,Q3,2011-04-02,2011-07-01,2012-08-02 14:12:33+00:00,0.72,0.72,,0.71,49365000.0,91936000.0,91936000.0,,90676000.0,1260000.0,2331466000.0,2744178000.0,,3172000.0,273332000.0,2331466000.0,412712000.0,2568000.0,1317000.0,273332000.0,139380000.0,1921000.0,141301000.0,2744178000.0,125903000.0,125903000.0,125903000.0
Jacobs Engineering Group Inc,J,549300CZ8QS1GE53O776,52988,2011.0,Q2TTM,2010-04-03,2011-04-01,,1.29,1.93,,1.91,143473000.0,244357000.0,244357000.0,,242110000.0,2247000.0,8424515000.0,9764949000.0,,-1528000.0,944202000.0,8424515000.0,1340434000.0,12104000.0,5230000.0,944202000.0,396232000.0,-8402000.0,387830000.0,9764949000.0,,125400000.0,127400000.0
Jacobs Engineering Group Inc,J,549300CZ8QS1GE53O776,52988,2011.0,Q2YTD,2010-10-02,2011-04-01,,0.53,1.17,,1.15,82166000.0,148038000.0,148038000.0,,146073000.0,1965000.0,4193972000.0,4914191000.0,,44000.0,488585000.0,4193972000.0,720219000.0,3547000.0,2073000.0,488585000.0,231634000.0,-1430000.0,230204000.0,4914191000.0,,125400000.0,127400000.0
Jacobs Engineering Group Inc,J,549300CZ8QS1GE53O776,52988,2011.0,Q2,2011-01-01,2011-04-01,2012-05-01 20:23:19+00:00,,0.64,,0.63,45140000.0,81341000.0,81341000.0,,80250000.0,1091000.0,2168835000.0,2558016000.0,,37000.0,261166000.0,2168835000.0,389181000.0,2720000.0,1149000.0,261166000.0,128015000.0,-1534000.0,126481000.0,2558016000.0,,125400000.0,127400000.0
Jacobs Engineering Group Inc,J,549300CZ8QS1GE53O776,52988,2011.0,Q1TTM,2010-01-02,2010-12-31,,1.92,1.92,,1.9,141926000.0,240583000.0,240583000.0,,239360000.0,1223000.0,8479473000.0,9793907000.0,,-2500000.0,924213000.0,8479473000.0,1314434000.0,10089000.0,4877000.0,924213000.0,390221000.0,-7712000.0,382509000.0,9793907000.0,124988000.0,124988000.0,124988000.0
Jacobs Engineering Group Inc,J,549300CZ8QS1GE53O776,52988,2011.0,Q1,2010-10-02,2010-12-31,2012-01-27 14:35:23+00:00,0.53,0.53,,0.52,37026000.0,66697000.0,66697000.0,,65823000.0,874000.0,2025137000.0,2356175000.0,,7000.0,227419000.0,2025137000.0,331038000.0,827000.0,924000.0,227419000.0,103619000.0,104000.0,103723000.0,2356175000.0,124988000.0,124988000.0,124988000.0
Jacobs Engineering Group Inc,J,549300CZ8QS1GE53O776,52988,2012.0,Q4,2012-06-30,2012-09-28,,0.83,0.83,,0.83,59014000.0,111082000.0,111082000.0,,107411000.0,3671000.0,2339623000.0,2786285000.0,,4251000.0,279045000.0,2339623000.0,446662000.0,2538000.0,766000.0,279045000.0,167617000.0,2479000.0,170096000.0,2786285000.0,127644000.0,127644000.0,127644000.0
Jacobs Engineering Group Inc,J,549300CZ8QS1GE53O776,52988,2012.0,FY,2011-10-01,2012-09-28,2014-11-21 17:54:08+00:00,2.97,2.97,,2.94,202382000.0,390954000.0,390954000.0,,378954000.0,12000000.0,9166789000.0,10893778000.0,,2900000.0,1130916000.0,9166789000.0,1726989000.0,11686000.0,6049000.0,1130916000.0,596073000.0,-2737000.0,593336000.0,10893778000.0,127644000.0,127644000.0,127644000.0
Jacobs Engineering Group Inc,J,549300CZ8QS1GE53O776,52988,2012.0,Q3TTM,2011-07-02,2012-06-29,,3.52,2.88,,2.85,193277000.0,375119000.0,375119000.0,,365823000.0,9296000.0,9123899000.0,10830788000.0,,-2942000.0,1130529000.0,9123899000.0,1706889000.0,11832000.0,6810000.0,1130529000.0,576360000.0,-7964000.0,568396000.0,10830788000.0,127922000.0,127922000.0,127922000.0
Jacobs Engineering Group Inc,J,549300CZ8QS1GE53O776,52988,2012.0,Q3YTD,2011-10-01,2012-06-29,,2.14,2.14,,2.11,143368000.0,279872000.0,279872000.0,,271543000.0,8329000.0,6827166000.0,8107493000.0,,-1351000.0,851871000.0,6827166000.0,1280327000.0,9148000.0,5283000.0,851871000.0,428456000.0,-5216000.0,423240000.0,8107493000.0,127922000.0,127922000.0,127922000.0
Jacobs Engineering Group Inc,J,549300CZ8QS1GE53O776,52988,2012.0,Q3,2012-03-31,2012-06-29,2013-08-01 15:40:58+00:00,0.77,0.77,,0.76,50381000.0,100990000.0,100990000.0,,97900000.0,3090000.0,2339793000.0,2772874000.0,,-1330000.0,279715000.0,2339793000.0,433081000.0,2990000.0,2325000.0,279715000.0,153366000.0,-1995000.0,151371000.0,2772874000.0,127922000.0,127922000.0,127922000.0
Jacobs Engineering Group Inc,J,549300CZ8QS1GE53O776,52988,2012.0,Q2TTM,2011-04-02,2012-03-30,,3.47,2.83,,2.8,192261000.0,366065000.0,366065000.0,,358599000.0,7466000.0,9115572000.0,10802092000.0,,1560000.0,1124146000.0,9115572000.0,1686520000.0,11410000.0,5802000.0,1124146000.0,562374000.0,-4048000.0,558326000.0,10802092000.0,127412000.0,127412000.0,127412000.0
Jacobs Engineering Group Inc,J,549300CZ8QS1GE53O776,52988,2012.0,Q2YTD,2011-10-01,2012-03-30,,1.37,1.37,,1.35,92987000.0,178882000.0,178882000.0,,173643000.0,5239000.0,4487373000.0,5334619000.0,,-21000.0,572156000.0,4487373000.0,847246000.0,6158000.0,2958000.0,572156000.0,275090000.0,-3221000.0,271869000.0,5334619000.0,127412000.0,127412000.0,127412000.0
Jacobs Engineering Group Inc,J,549300CZ8QS1GE53O776,52988,2012.0,Q2,2011-12-31,2012-03-30,2013-05-01 16:28:14+00:00,0.66,0.66,,0.65,44869000.0,87446000.0,87446000.0,,83933000.0,3513000.0,2276647000.0,2702851000.0,,110000.0,293066000.0,2276647000.0,426204000.0,2496000.0,1563000.0,293066000.0,133138000.0,-823000.0,132315000.0,2702851000.0,127412000.0,127412000.0,127412000.0
Jacobs Engineering Group Inc,J,549300CZ8QS1GE53O776,52988,2012.0,Q1TTM,2011-01-01,2011-12-30,,2.81,2.81,,2.78,192532000.0,359960000.0,359960000.0,,354916000.0,5044000.0,9007760000.0,10657257000.0,,1487000.0,1092246000.0,9007760000.0,1649497000.0,11634000.0,5388000.0,1092246000.0,557251000.0,-4759000.0,552492000.0,10657257000.0,126921000.0,126921000.0,126921000.0
Jacobs Engineering Group Inc,J,549300CZ8QS1GE53O776,52988,2012.0,Q1,2011-10-01,2011-12-30,2013-01-24 14:34:26+00:00,0.71,0.71,,0.7,48118000.0,91436000.0,91436000.0,,89710000.0,1726000.0,2210726000.0,2631768000.0,,-131000.0,279090000.0,2210726000.0,421042000.0,3662000.0,1395000.0,279090000.0,141952000.0,-2398000.0,139554000.0,2631768000.0,126921000.0,126921000.0,126921000.0
Jacobs Engineering Group Inc,J,549300CZ8QS1GE53O776,52988,2013.0,FY,2012-09-29,2013-09-27,2015-11-23 21:36:08+00:00,3.27,3.27,,3.23,221366000.0,440182000.0,440182000.0,,423093000.0,17089000.0,9976057000.0,11818376000.0,,80000.0,1173340000.0,9976057000.0,1842319000.0,12906000.0,5395000.0,1173340000.0,668979000.0,-7431000.0,661548000.0,11818376000.0,129288000.0,129288000.0,129288000.0
Jacobs Engineering Group Inc,J,549300CZ8QS1GE53O776,52988,2013.0,Q4,2013-06-29,2013-09-27,,0.85,0.85,,0.84,58425000.0,116481000.0,116481000.0,,110811000.0,5670000.0,2667965000.0,3142656000.0,,1275000.0,299543000.0,2667965000.0,474691000.0,3391000.0,1874000.0,299543000.0,175148000.0,-242000.0,174906000.0,3142656000.0,129288000.0,129288000.0,129288000.0
Jacobs Engineering Group Inc,J,549300CZ8QS1GE53O776,52988,2013.0,Q3TTM,2012-06-30,2013-06-28,,3.25,3.25,,3.22,221955000.0,434783000.0,434783000.0,,419693000.0,15090000.0,9647715000.0,11462005000.0,,3056000.0,1152842000.0,9647715000.0,1814290000.0,12053000.0,4287000.0,1152842000.0,661448000.0,-4710000.0,656738000.0,11462005000.0,129536000.0,129536000.0,129536000.0
Jacobs Engineering Group Inc,J,549300CZ8QS1GE53O776,52988,2013.0,Q3YTD,2012-09-29,2013-06-28,,2.42,2.42,,2.39,162941000.0,323701000.0,323701000.0,,312282000.0,11419000.0,7308092000.0,8675720000.0,,-1195000.0,873797000.0,7308092000.0,1367628000.0,9515000.0,3521000.0,873797000.0,493831000.0,-7189000.0,486642000.0,8675720000.0,129536000.0,129536000.0,129536000.0
Jacobs Engineering Group Inc,J,549300CZ8QS1GE53O776,52988,2013.0,Q3,2013-03-30,2013-06-28,2014-08-01 13:22:07+00:00,0.84,0.84,,0.83,56334000.0,112089000.0,112089000.0,,108871000.0,3218000.0,2613991000.0,3080995000.0,,1518000.0,298645000.0,2613991000.0,467004000.0,2786000.0,1332000.0,298645000.0,168359000.0,64000.0,168423000.0,3080995000.0,129536000.0,129536000.0,129536000.0
Jacobs Engineering Group Inc,J,549300CZ8QS1GE53O776,52988,2013.0,Q2TTM,2012-03-31,2013-03-29,,3.18,3.18,,3.15,216002000.0,423684000.0,423684000.0,,408722000.0,14962000.0,9373517000.0,11153884000.0,,208000.0,1133912000.0,9373517000.0,1780367000.0,12257000.0,5280000.0,1133912000.0,646455000.0,-6769000.0,639686000.0,11153884000.0,129096000.0,129096000.0,129096000.0
Jacobs Engineering Group Inc,J,549300CZ8QS1GE53O776,52988,2013.0,Q2YTD,2012-09-29,2013-03-29,,1.58,1.58,,1.56,106607000.0,211612000.0,211612000.0,,203411000.0,8201000.0,4694101000.0,5594725000.0,,-2713000.0,575152000.0,4694101000.0,900624000.0,6729000.0,2189000.0,575152000.0,325472000.0,-7253000.0,318219000.0,5594725000.0,129096000.0,129096000.0,129096000.0
Jacobs Engineering Group Inc,J,549300CZ8QS1GE53O776,52988,2013.0,Q2,2012-12-29,2013-03-29,2014-05-02 15:05:25+00:00,0.81,0.81,,0.8,54819000.0,107089000.0,107089000.0,,104401000.0,2688000.0,2370183000.0,2835084000.0,,-1359000.0,299698000.0,2370183000.0,464901000.0,3035000.0,1099000.0,299698000.0,165203000.0,-3295000.0,161908000.0,2835084000.0,129096000.0,129096000.0,129096000.0
Jacobs Engineering Group Inc,J,549300CZ8QS1GE53O776,52988,2013.0,Q1TTM,2011-12-31,2012-12-28,,3.03,3.03,,3.0,206052000.0,404041000.0,404041000.0,,388254000.0,15787000.0,9279981000.0,11021651000.0,,1677000.0,1127280000.0,9279981000.0,1741670000.0,11718000.0,5744000.0,1127280000.0,614390000.0,-4297000.0,610093000.0,11021651000.0,128644000.0,128644000.0,128644000.0
Jacobs Engineering Group Inc,J,549300CZ8QS1GE53O776,52988,2013.0,Q1,2012-09-29,2012-12-28,2014-01-24 15:24:43+00:00,0.77,0.77,,0.76,51788000.0,104523000.0,104523000.0,,99010000.0,5513000.0,2323918000.0,2759641000.0,,-1354000.0,275454000.0,2323918000.0,435723000.0,3694000.0,1090000.0,275454000.0,160269000.0,-3958000.0,156311000.0,2759641000.0,128644000.0,128644000.0,128644000.0
Jacobs Engineering Group Inc,J,549300CZ8QS1GE53O776,52988,2014.0,FY,2013-09-28,2014-09-26,2016-11-22 09:46:55+00:00,2.51,2.51,,2.48,190054000.0,352112000.0,352112000.0,,328108000.0,24004000.0,10621373000.0,12695157000.0,,15842000.0,1545716000.0,10621373000.0,2073784000.0,11437000.0,9693000.0,1545716000.0,528068000.0,14098000.0,542166000.0,12695157000.0,130483000.0,130483000.0,130483000.0
Jacobs Engineering Group Inc,J,549300CZ8QS1GE53O776,52988,2014.0,Q4,2014-06-28,2014-09-26,,0.65,0.65,,0.65,53751000.0,91054000.0,91054000.0,,86074000.0,4980000.0,2676641000.0,3218442000.0,,6833000.0,405151000.0,2676641000.0,541801000.0,947000.0,2269000.0,405151000.0,136650000.0,8155000.0,144805000.0,3218442000.0,130483000.0,130483000.0,130483000.0
Jacobs Engineering Group Inc,J,549300CZ8QS1GE53O776,52988,2014.0,Q3TTM,2013-06-29,2014-06-27,,2.71,2.71,,2.67,194728000.0,377539000.0,377539000.0,,352845000.0,24694000.0,10612697000.0,12619371000.0,,10284000.0,1440108000.0,10612697000.0,2006674000.0,13881000.0,9298000.0,1440108000.0,566566000.0,5701000.0,572267000.0,12619371000.0,130738000.0,130738000.0,130738000.0
Jacobs Engineering Group Inc,J,549300CZ8QS1GE53O776,52988,2014.0,Q3,2014-03-29,2014-06-27,2015-07-30 19:51:18+00:00,0.5,0.5,,0.49,46737000.0,71309000.0,71309000.0,,64842000.0,6467000.0,2670052000.0,3231791000.0,,-2950000.0,437802000.0,2670052000.0,561739000.0,5565000.0,2624000.0,437802000.0,123937000.0,-5891000.0,118046000.0,3231791000.0,130738000.0,130738000.0,130738000.0
Jacobs Engineering Group Inc,J,549300CZ8QS1GE53O776,52988,2014.0,Q3YTD,2013-09-28,2014-06-27,,1.86,1.86,,1.83,136303000.0,261058000.0,261058000.0,,242034000.0,19024000.0,7944732000.0,9476715000.0,,9009000.0,1140565000.0,7944732000.0,1531983000.0,10490000.0,7424000.0,1140565000.0,391418000.0,5943000.0,397361000.0,9476715000.0,130738000.0,130738000.0,130738000.0
Jacobs Engineering Group Inc,J,549300CZ8QS1GE53O776,52988,2014.0,Q2TTM,2013-03-30,2014-03-28,,3.05,3.05,,3.01,204325000.0,418319000.0,418319000.0,,396874000.0,21445000.0,10556636000.0,12468575000.0,,14752000.0,1300951000.0,10556636000.0,1911939000.0,11102000.0,8006000.0,1300951000.0,610988000.0,11656000.0,622644000.0,12468575000.0,130384000.0,130384000.0,130384000.0
Jacobs Engineering Group Inc,J,549300CZ8QS1GE53O776,52988,2014.0,Q2,2013-12-28,2014-03-28,2015-05-01 15:52:11+00:00,0.64,0.64,,0.63,41594000.0,90800000.0,90800000.0,,83460000.0,7340000.0,2659480000.0,3176033000.0,,12072000.0,394119000.0,2659480000.0,516553000.0,5116000.0,3004000.0,394119000.0,122434000.0,9960000.0,132394000.0,3176033000.0,130384000.0,130384000.0,130384000.0
Jacobs Engineering Group Inc,J,549300CZ8QS1GE53O776,52988,2014.0,Q2YTD,2013-09-28,2014-03-28,,1.36,1.36,,1.34,89566000.0,189749000.0,189749000.0,,177192000.0,12557000.0,5274680000.0,6244924000.0,,11959000.0,702763000.0,5274680000.0,970244000.0,4925000.0,4800000.0,702763000.0,267481000.0,11834000.0,279315000.0,6244924000.0,130384000.0,130384000.0,130384000.0
Jacobs Engineering Group Inc,J,549300CZ8QS1GE53O776,52988,2014.0,Q1TTM,2012-12-29,2013-12-27,,3.22,3.22,,3.18,217550000.0,434608000.0,434608000.0,,417815000.0,16793000.0,10267339000.0,12127626000.0,,1321000.0,1206530000.0,10267339000.0,1860287000.0,9021000.0,6101000.0,1206530000.0,653757000.0,-1599000.0,652158000.0,12127626000.0,130121000.0,130121000.0,130121000.0
Jacobs Engineering Group Inc,J,549300CZ8QS1GE53O776,52988,2014.0,Q1,2013-09-28,2013-12-27,2015-01-30 18:28:48+00:00,0.72,0.72,,0.71,47972000.0,98949000.0,98949000.0,,93732000.0,5217000.0,2615200000.0,3068891000.0,,-113000.0,308644000.0,2615200000.0,453691000.0,-191000.0,1796000.0,308644000.0,145047000.0,1874000.0,146921000.0,3068891000.0,130121000.0,130121000.0,130121000.0
Jacobs Engineering Group Inc,J,549300CZ8QS1GE53O776,52988,2015.0,FY,2014-09-27,2015-10-02,2017-11-21 17:06:49+00:00,2.42,2.42,,2.4,101255000.0,328882000.0,328882000.0,,302971000.0,25911000.0,10146494000.0,12114832000.0,,-3149000.0,1522811000.0,10146494000.0,1968338000.0,19503000.0,7262000.0,1522811000.0,445527000.0,-15390000.0,430137000.0,12114832000.0,125007000.0,125007000.0,125007000.0
Jacobs Engineering Group Inc,J,549300CZ8QS1GE53O776,52988,2015.0,Q4,2015-06-27,2015-10-02,,0.25,0.25,,0.26,12023000.0,37269000.0,37269000.0,,29863000.0,7406000.0,2643603000.0,3116954000.0,,-2114000.0,419526000.0,2643603000.0,473351000.0,4128000.0,1709000.0,419526000.0,53825000.0,-4533000.0,49292000.0,3116954000.0,125007000.0,125007000.0,125007000.0
Jacobs Engineering Group Inc,J,549300CZ8QS1GE53O776,52988,2015.0,Q3,2015-03-28,2015-06-26,2016-08-09 09:46:15+00:00,0.74,0.74,,0.73,-120000.0,97308000.0,97308000.0,,91062000.0,6246000.0,2422944000.0,2907541000.0,,566000.0,384163000.0,2422944000.0,484597000.0,5509000.0,1697000.0,384163000.0,100434000.0,-3246000.0,97188000.0,2907541000.0,123392000.0,123392000.0,123392000.0
Jacobs Engineering Group Inc,J,549300CZ8QS1GE53O776,52988,2015.0,Q3YTD,2014-09-27,2015-06-26,,2.17,2.17,,2.14,89232000.0,291613000.0,291613000.0,,273108000.0,18505000.0,7502891000.0,8997878000.0,,-1035000.0,1103285000.0,7502891000.0,1494987000.0,15375000.0,5553000.0,1103285000.0,391702000.0,-10857000.0,380845000.0,8997878000.0,123392000.0,123392000.0,123392000.0
Jacobs Engineering Group Inc,J,549300CZ8QS1GE53O776,52988,2015.0,Q3TTM,2014-06-28,2015-06-26,,2.82,2.82,,2.79,142983000.0,382667000.0,382667000.0,,359182000.0,23485000.0,10179532000.0,12216320000.0,,5798000.0,1508436000.0,10179532000.0,2036788000.0,16322000.0,7822000.0,1508436000.0,528352000.0,-2702000.0,525650000.0,12216320000.0,123392000.0,123392000.0,123392000.0
Jacobs Engineering Group Inc,J,549300CZ8QS1GE53O776,52988,2015.0,Q2,2014-12-27,2015-03-27,2016-05-05 10:46:16+00:00,0.65,0.65,,0.64,40852000.0,88110000.0,88110000.0,,81967000.0,6143000.0,2412388000.0,2903332000.0,,-1115000.0,357899000.0,2412388000.0,490944000.0,4548000.0,1580000.0,357899000.0,133045000.0,-4083000.0,128962000.0,2903332000.0,125992000.0,125992000.0,125992000.0
Jacobs Engineering Group Inc,J,549300CZ8QS1GE53O776,52988,2015.0,Q2YTD,2014-09-27,2015-03-27,,1.43,1.43,,1.41,89352000.0,194305000.0,194305000.0,,182046000.0,12259000.0,5079947000.0,6090337000.0,,-1601000.0,719122000.0,5079947000.0,1010390000.0,9866000.0,3856000.0,719122000.0,291268000.0,-7611000.0,283657000.0,6090337000.0,125992000.0,125992000.0,125992000.0
Jacobs Engineering Group Inc,J,549300CZ8QS1GE53O776,52988,2015.0,Q2TTM,2014-03-29,2015-03-27,,2.58,2.58,,2.55,189840000.0,356668000.0,356668000.0,,332962000.0,23706000.0,10426640000.0,12540570000.0,,2282000.0,1562075000.0,10426640000.0,2113930000.0,16378000.0,8749000.0,1562075000.0,551855000.0,-5347000.0,546508000.0,12540570000.0,125992000.0,125992000.0,125992000.0
Jacobs Engineering Group Inc,J,549300CZ8QS1GE53O776,52988,2015.0,Q1TTM,2013-12-28,2014-12-26,,2.57,2.57,,2.54,190582000.0,359358000.0,359358000.0,,334455000.0,24903000.0,10673732000.0,12813271000.0,,15469000.0,1598295000.0,10673732000.0,2139539000.0,16946000.0,10173000.0,1598295000.0,541244000.0,8696000.0,549940000.0,12813271000.0,128652000.0,128652000.0,128652000.0
Jacobs Engineering Group Inc,J,549300CZ8QS1GE53O776,52988,2015.0,Q1,2014-09-27,2014-12-26,2016-02-03 10:47:47+00:00,0.78,0.78,,0.77,48500000.0,106195000.0,106195000.0,,100079000.0,6116000.0,2667559000.0,3187005000.0,,-486000.0,361223000.0,2667559000.0,519446000.0,5318000.0,2276000.0,361223000.0,158223000.0,-3528000.0,154695000.0,3187005000.0,128652000.0,128652000.0,128652000.0
Jacobs Engineering Group Inc,J,549300CZ8QS1GE53O776,52988,2016.0,FY,2015-10-03,2016-09-30,2018-11-21 17:08:45+00:00,1.75,1.75,,1.73,72208000.0,214515000.0,214515000.0,,210463000.0,4052000.0,9196326000.0,10964157000.0,,-3053000.0,1429233000.0,9196326000.0,1767831000.0,15260000.0,-33562000.0,1429233000.0,338598000.0,-51875000.0,286723000.0,10964157000.0,120133000.0,120133000.0,120133000.0
Jacobs Engineering Group Inc,J,549300CZ8QS1GE53O776,52988,2016.0,Q4,2016-07-02,2016-09-30,,0.25,0.25,,0.24,5790000.0,29883000.0,29883000.0,,29644000.0,239000.0,2208895000.0,2640587000.0,,-3523000.0,348881000.0,2208895000.0,431692000.0,4945000.0,-38670000.0,348881000.0,82811000.0,-47138000.0,35673000.0,2640587000.0,120133000.0,120133000.0,120133000.0
Jacobs Engineering Group Inc,J,549300CZ8QS1GE53O776,52988,2016.0,Q3,2016-04-02,2016-07-01,2017-08-08 11:43:24+00:00,0.58,0.58,,0.57,31870000.0,70937000.0,70937000.0,,69055000.0,1882000.0,2242424000.0,2693873000.0,,-2801000.0,341893000.0,2242424000.0,451449000.0,4572000.0,624000.0,341893000.0,109556000.0,-6749000.0,102807000.0,2693873000.0,119850000.0,119850000.0,119850000.0
Jacobs Engineering Group Inc,J,549300CZ8QS1GE53O776,52988,2016.0,Q3YTD,2015-10-03,2016-07-01,,1.5,1.5,,1.49,66418000.0,184632000.0,184632000.0,,180819000.0,3813000.0,6987431000.0,8323570000.0,,470000.0,1080352000.0,6987431000.0,1336139000.0,10315000.0,5108000.0,1080352000.0,255787000.0,-4737000.0,251050000.0,8323570000.0,119850000.0,119850000.0,119850000.0
Jacobs Engineering Group Inc,J,549300CZ8QS1GE53O776,52988,2016.0,Q3TTM,2015-06-27,2016-07-01,,1.75,1.75,,1.75,78441000.0,221901000.0,221901000.0,,210682000.0,11219000.0,9631034000.0,11440524000.0,,-1644000.0,1499878000.0,9631034000.0,1809490000.0,14443000.0,6817000.0,1499878000.0,309612000.0,-9270000.0,300342000.0,11440524000.0,119850000.0,119850000.0,119850000.0
Jacobs Engineering Group Inc,J,549300CZ8QS1GE53O776,52988,2016.0,Q2,2016-01-02,2016-04-01,2017-05-09 10:46:43+00:00,0.54,0.54,,0.54,27067000.0,63389000.0,63389000.0,,65250000.0,-1861000.0,2337547000.0,2781763000.0,,3611000.0,357435000.0,2337547000.0,444216000.0,2200000.0,2264000.0,357435000.0,86781000.0,3675000.0,90456000.0,2781763000.0,120216000.0,120216000.0,120216000.0
Jacobs Engineering Group Inc,J,549300CZ8QS1GE53O776,52988,2016.0,Q2YTD,2015-10-03,2016-04-01,,0.92,0.92,,0.92,34548000.0,113695000.0,113695000.0,,111764000.0,1931000.0,4745007000.0,5629697000.0,,3271000.0,738459000.0,4745007000.0,884690000.0,5743000.0,4484000.0,738459000.0,146231000.0,2012000.0,148243000.0,5629697000.0,120216000.0,120216000.0,120216000.0
Jacobs Engineering Group Inc,J,549300CZ8QS1GE53O776,52988,2016.0,Q2TTM,2015-03-28,2016-04-01,,1.91,1.91,,1.91,46451000.0,248272000.0,248272000.0,,232689000.0,15583000.0,9811554000.0,11654192000.0,,1723000.0,1542148000.0,9811554000.0,1842638000.0,15380000.0,7890000.0,1542148000.0,300490000.0,-5767000.0,294723000.0,11654192000.0,120216000.0,120216000.0,120216000.0
Jacobs Engineering Group Inc,J,549300CZ8QS1GE53O776,52988,2016.0,Q1,2015-10-03,2016-01-01,2017-02-08 10:46:21+00:00,0.38,0.38,,0.38,7481000.0,50306000.0,50306000.0,,46514000.0,3792000.0,2407460000.0,2847934000.0,,-340000.0,381024000.0,2407460000.0,440474000.0,3543000.0,2220000.0,381024000.0,59450000.0,-1663000.0,57787000.0,2847934000.0,120888000.0,120888000.0,120888000.0
Jacobs Engineering Group Inc,J,549300CZ8QS1GE53O776,52988,2016.0,Q1TTM,2014-12-27,2016-01-01,,2.02,2.02,,2.01,60236000.0,272993000.0,272993000.0,,249406000.0,23587000.0,9886395000.0,11775761000.0,,-3003000.0,1542612000.0,9886395000.0,1889366000.0,17728000.0,7206000.0,1542612000.0,346754000.0,-13525000.0,333229000.0,11775761000.0,120888000.0,120888000.0,120888000.0
Jacobs Engineering Group Inc,J,549300CZ8QS1GE53O776,52988,2017.0,FY,2016-10-01,2017-09-29,2019-11-25 07:28:00+00:00,2.43,2.43,,2.42,73103000.0,287375000.0,170051000.0,117324000.0,293727000.0,-6352000.0,5070091000.0,6330126000.0,,2299000.0,1015893000.0,5070091000.0,1260035000.0,12035000.0,8748000.0,1015893000.0,244142000.0,-988000.0,243154000.0,6330126000.0,119370000.0,119370000.0,119370000.0
Jacobs Engineering Group Inc,J,549300CZ8QS1GE53O776,52988,2017.0,Q4,2017-07-01,2017-09-29,,0.78,0.78,,0.77,-6717000.0,93428000.0,-23896000.0,117324000.0,94141000.0,-713000.0,-1000870000.0,-1038796000.0,,8178000.0,3208000.0,-1000870000.0,-37926000.0,708000.0,3051000.0,3208000.0,-41134000.0,10521000.0,-30613000.0,-1038796000.0,119370000.0,119370000.0,119370000.0
Jacobs Engineering Group Inc,J,549300CZ8QS1GE53O776,52988,2017.0,Q3,2017-04-01,2017-06-30,2018-08-06 09:42:05+00:00,0.74,0.74,,0.74,38767000.0,88629000.0,88629000.0,,89032000.0,-403000.0,2055386000.0,2514751000.0,,852000.0,330890000.0,2055386000.0,459365000.0,4054000.0,2123000.0,330890000.0,128475000.0,-1079000.0,127396000.0,2514751000.0,119206000.0,119206000.0,119206000.0
Jacobs Engineering Group Inc,J,549300CZ8QS1GE53O776,52988,2017.0,Q3YTD,2016-10-01,2017-06-30,,1.65,1.65,,1.65,79820000.0,193947000.0,193947000.0,,199586000.0,-5639000.0,6070961000.0,7368922000.0,,-5879000.0,1012685000.0,6070961000.0,1297961000.0,11327000.0,5697000.0,1012685000.0,285276000.0,-11509000.0,273767000.0,7368922000.0,119206000.0,119206000.0,119206000.0
Jacobs Engineering Group Inc,J,549300CZ8QS1GE53O776,52988,2017.0,Q3TTM,2016-07-02,2017-06-30,,1.9,1.9,,1.89,85610000.0,223830000.0,223830000.0,,229230000.0,-5400000.0,8279856000.0,10009509000.0,,-9402000.0,1361566000.0,8279856000.0,1729653000.0,16272000.0,-32973000.0,1361566000.0,368087000.0,-58647000.0,309440000.0,10009509000.0,119206000.0,119206000.0,119206000.0
Jacobs Engineering Group Inc,J,549300CZ8QS1GE53O776,52988,2017.0,Q2,2016-12-31,2017-03-31,2018-05-08 09:47:41+00:00,0.41,0.41,,0.41,16326000.0,44165000.0,44165000.0,,50018000.0,-5853000.0,1883283000.0,2302567000.0,,-6015000.0,351111000.0,1883283000.0,419284000.0,3755000.0,2088000.0,351111000.0,68173000.0,-7682000.0,60491000.0,2302567000.0,119484000.0,119484000.0,119484000.0
Jacobs Engineering Group Inc,J,549300CZ8QS1GE53O776,52988,2017.0,Q2YTD,2016-10-01,2017-03-31,,0.91,0.91,,0.91,41053000.0,105318000.0,105318000.0,,110554000.0,-5236000.0,4015575000.0,4854171000.0,,-6731000.0,681795000.0,4015575000.0,838596000.0,7273000.0,3574000.0,681795000.0,156801000.0,-10430000.0,146371000.0,4854171000.0,119484000.0,119484000.0,119484000.0
Jacobs Engineering Group Inc,J,549300CZ8QS1GE53O776,52988,2017.0,Q2TTM,2016-04-02,2017-03-31,,1.74,1.74,,1.72,78713000.0,206138000.0,206138000.0,,209253000.0,-3115000.0,8466894000.0,10188631000.0,,-13055000.0,1372569000.0,8466894000.0,1721737000.0,16790000.0,-34472000.0,1372569000.0,349168000.0,-64317000.0,284851000.0,10188631000.0,119484000.0,119484000.0,119484000.0
Jacobs Engineering Group Inc,J,549300CZ8QS1GE53O776,52988,2017.0,Q1,2016-10-01,2016-12-30,2018-02-07 09:46:36+00:00,0.5,0.5,,0.5,24727000.0,61153000.0,61153000.0,,60536000.0,617000.0,2132292000.0,2551604000.0,,-716000.0,330684000.0,2132292000.0,419312000.0,3518000.0,1486000.0,330684000.0,88628000.0,-2748000.0,85880000.0,2551604000.0,119438000.0,119438000.0,119438000.0
Jacobs Engineering Group Inc,J,549300CZ8QS1GE53O776,52988,2017.0,Q1TTM,2016-01-02,2016-12-30,,1.87,1.87,,1.85,89454000.0,225362000.0,225362000.0,,224485000.0,877000.0,8921158000.0,10667827000.0,,-3429000.0,1378893000.0,8921158000.0,1746669000.0,15235000.0,-34296000.0,1378893000.0,367776000.0,-52960000.0,314816000.0,10667827000.0,119438000.0,119438000.0,119438000.0
Jacobs Engineering Group Inc,J,549300CZ8QS1GE53O776,52988,2018.0,FY,2017-09-30,2018-09-28,2019-11-25 07:28:00+00:00,1.18,1.18,0.6,1.18,325632000.0,173142000.0,5349000.0,167793000.0,163431000.0,9711000.0,8421223000.0,10579773000.0,,11314000.0,1771107000.0,8421223000.0,2158550000.0,76760000.0,8984000.0,1771107000.0,387443000.0,-56462000.0,330981000.0,10579773000.0,137536000.0,137536000.0,137536000.0
Jacobs Engineering Group Inc,J,549300CZ8QS1GE53O776,52988,2018.0,Q4,2018-06-30,2018-09-28,,-0.23,-0.23,,-0.23,215402000.0,-31024000.0,-73002000.0,41647000.0,-37474000.0,6450000.0,2385623000.0,2991856000.0,331000.0,6118000.0,445387000.0,2385623000.0,606233000.0,26652000.0,2088000.0,445387000.0,160846000.0,-18446000.0,142400000.0,2991856000.0,137536000.0,137536000.0,137536000.0
Jacobs Engineering Group Inc,J,549300CZ8QS1GE53O776,52988,2018.0,Q3,2018-03-31,2018-06-29,2019-08-05 09:02:59+00:00,1.05,1.05,,1.05,31174000.0,150071000.0,115459000.0,34612000.0,150222000.0,-151000.0,2325028000.0,2933623000.0,,6632000.0,446083000.0,2325028000.0,608595000.0,23788000.0,1277000.0,446083000.0,162512000.0,-15879000.0,146633000.0,2933623000.0,142015000.0,142015000.0,142015000.0
Jacobs Engineering Group Inc,J,549300CZ8QS1GE53O776,52988,2018.0,Q3YTD,2017-09-30,2018-06-29,,1.41,1.41,,1.41,110230000.0,204166000.0,78351000.0,126146000.0,200905000.0,3261000.0,6035600000.0,7587917000.0,-331000.0,5196000.0,1325720000.0,6035600000.0,1552317000.0,50108000.0,6896000.0,1325720000.0,226597000.0,-38016000.0,188581000.0,7587917000.0,142015000.0,142015000.0,142015000.0
Jacobs Engineering Group Inc,J,549300CZ8QS1GE53O776,52988,2018.0,Q3TTM,2017-07-01,2018-06-29,,2.19,2.19,,2.18,103513000.0,297594000.0,54455000.0,243470000.0,295046000.0,2548000.0,5034730000.0,6549121000.0,-331000.0,13374000.0,1328928000.0,5034730000.0,1514391000.0,50816000.0,9947000.0,1328928000.0,185463000.0,-27495000.0,157968000.0,6549121000.0,142015000.0,142015000.0,142015000.0
Jacobs Engineering Group Inc,J,549300CZ8QS1GE53O776,52988,2018.0,Q2,2017-12-30,2018-03-30,2019-05-07 09:46:51+00:00,0.34,0.34,,0.34,51856000.0,51932000.0,-3205000.0,55137000.0,48587000.0,3345000.0,2268667000.0,2870295000.0,,-2661000.0,532873000.0,2268667000.0,601628000.0,19228000.0,1785000.0,532873000.0,68755000.0,-20104000.0,48651000.0,2870295000.0,141785000.0,141785000.0,141785000.0
Jacobs Engineering Group Inc,J,549300CZ8QS1GE53O776,52988,2018.0,Q2YTD,2017-09-30,2018-03-30,,0.36,0.36,,0.36,79056000.0,54095000.0,-37108000.0,91534000.0,50683000.0,3412000.0,3710572000.0,4654294000.0,-331000.0,-1436000.0,879637000.0,3710572000.0,943722000.0,26320000.0,5619000.0,879637000.0,64085000.0,-22137000.0,41948000.0,4654294000.0,141785000.0,141785000.0,141785000.0
Jacobs Engineering Group Inc,J,549300CZ8QS1GE53O776,52988,2018.0,Q2TTM,2017-04-01,2018-03-30,,1.88,1.88,,1.87,111106000.0,236152000.0,27625000.0,208858000.0,233856000.0,2296000.0,4765088000.0,6130249000.0,-331000.0,7594000.0,1213735000.0,4765088000.0,1365161000.0,31082000.0,10793000.0,1213735000.0,151426000.0,-12695000.0,138731000.0,6130249000.0,141785000.0,141785000.0,141785000.0
Jacobs Engineering Group Inc,J,549300CZ8QS1GE53O776,52988,2018.0,Q1,2017-09-30,2017-12-29,2019-02-06 09:48:40+00:00,0.02,0.02,,0.02,27200000.0,2163000.0,-33903000.0,36397000.0,2096000.0,67000.0,1441905000.0,1783999000.0,-331000.0,1225000.0,346764000.0,1441905000.0,342094000.0,7092000.0,3834000.0,346764000.0,-4670000.0,-2033000.0,-6703000.0,1783999000.0,104800000.0,104800000.0,104800000.0
Jacobs Engineering Group Inc,J,549300CZ8QS1GE53O776,52988,2018.0,Q1TTM,2016-12-31,2017-12-29,,1.95,1.95,,1.94,75576000.0,228385000.0,74995000.0,153721000.0,235287000.0,-6902000.0,4379704000.0,5562521000.0,-331000.0,4240000.0,1031973000.0,4379704000.0,1182817000.0,15609000.0,11096000.0,1031973000.0,150844000.0,-273000.0,150571000.0,5562521000.0,104800000.0,104800000.0,104800000.0
Jacobs Engineering Group Inc,J,549300CZ8QS1GE53O776,52988,2019.0,Q4,2019-06-29,2019-09-27,,1.03,1.03,,1.01,24124000.0,149791000.0,29413000.0,120378000.0,142324000.0,7467000.0,2727329000.0,3392862000.0,,-37743000.0,566447000.0,2727329000.0,665533000.0,10121000.0,2315000.0,566447000.0,99086000.0,-45549000.0,53537000.0,3392862000.0,137907000.0,137907000.0,137907000.0
Jacobs Engineering Group Inc,J,549300CZ8QS1GE53O776,52988,2019.0,FY,2018-09-29,2019-09-27,2019-11-25 07:28:00+00:00,6.14,6.14,,6.08,36954000.0,873219000.0,314005000.0,559214000.0,847979000.0,25240000.0,10260840000.0,12737868000.0,,20468000.0,2072177000.0,10260840000.0,2477028000.0,83847000.0,9487000.0,2072177000.0,404851000.0,-53892000.0,350959000.0,12737868000.0,137907000.0,137907000.0,137907000.0
Jacobs Engineering Group Inc,J,549300CZ8QS1GE53O776,52988,2019.0,Q3YTD,2018-09-29,2019-06-28,,5.11,5.11,,5.07,12830000.0,723428000.0,284592000.0,438836000.0,705655000.0,17773000.0,7533511000.0,9345006000.0,,58211000.0,1505730000.0,7533511000.0,1811495000.0,73726000.0,7172000.0,1505730000.0,305765000.0,-8343000.0,297422000.0,9345006000.0,136611000.0,136611000.0,136611000.0
Jacobs Engineering Group Inc,J,549300CZ8QS1GE53O776,52988,2019.0,Q3TTM,2018-06-30,2019-06-28,,4.88,4.88,,4.84,228232000.0,692404000.0,211590000.0,480483000.0,668181000.0,24223000.0,9919134000.0,12336862000.0,331000.0,64329000.0,1951117000.0,9919134000.0,2417728000.0,100378000.0,9260000.0,1951117000.0,466611000.0,-26789000.0,439822000.0,12336862000.0,136611000.0,136611000.0,136611000.0
Jacobs Engineering Group Inc,J,549300CZ8QS1GE53O776,52988,2019.0,Q3,2019-03-30,2019-06-28,2019-08-05 09:02:59+00:00,3.83,3.83,,3.8,-1981000.0,531064000.0,95380000.0,435684000.0,524442000.0,6622000.0,2543488000.0,3169622000.0,,19025000.0,536180000.0,2543488000.0,626134000.0,18978000.0,3398000.0,536180000.0,89954000.0,3445000.0,93399000.0,3169622000.0,136611000.0,136611000.0,136611000.0
Jacobs Engineering Group Inc,J,549300CZ8QS1GE53O776,52988,2019.0,Q2,2018-12-29,2019-03-29,2020-05-06 16:28:26+00:00,0.41,0.41,,0.41,-7947000.0,62773000.0,119779000.0,-57006000.0,56917000.0,5856000.0,2474755000.0,3091596000.0,,36904000.0,514160000.0,2474755000.0,616841000.0,29423000.0,1670000.0,514160000.0,102681000.0,9151000.0,111832000.0,3091596000.0,138335000.0,138335000.0,138335000.0
Jacobs Engineering Group Inc,J,549300CZ8QS1GE53O776,52988,2019.0,Q2YTD,2018-09-29,2019-03-29,,1.28,1.28,,1.27,14811000.0,192364000.0,189212000.0,3152000.0,181213000.0,11151000.0,4990023000.0,6175384000.0,,39186000.0,969550000.0,4990023000.0,1185361000.0,54748000.0,3774000.0,969550000.0,215811000.0,-11788000.0,204023000.0,6175384000.0,138335000.0,138335000.0,138335000.0
Jacobs Engineering Group Inc,J,549300CZ8QS1GE53O776,52988,2019.0,Q2TTM,2018-03-31,2019-03-29,,2.1,2.1,,2.09,261387000.0,311411000.0,231669000.0,79411000.0,293961000.0,17450000.0,9700674000.0,12100863000.0,331000.0,51936000.0,1861020000.0,9700674000.0,2400189000.0,105188000.0,7139000.0,1861020000.0,539169000.0,-46113000.0,493056000.0,12100863000.0,138335000.0,138335000.0,138335000.0
Jacobs Engineering Group Inc,J,549300CZ8QS1GE53O776,52988,2019.0,Q1,2018-09-29,2018-12-28,2020-02-04 08:58:45+00:00,0.87,0.87,,0.86,22758000.0,129591000.0,69433000.0,60158000.0,124296000.0,5295000.0,2515268000.0,3083788000.0,,2282000.0,455390000.0,2515268000.0,568520000.0,25325000.0,2104000.0,455390000.0,113130000.0,-20939000.0,92191000.0,3083788000.0,142154000.0,142154000.0,142154000.0
Jacobs Engineering Group Inc,J,549300CZ8QS1GE53O776,52988,2019.0,Q1TTM,2017-12-30,2018-12-28,,2.03,2.03,,2.02,321190000.0,300570000.0,108685000.0,191554000.0,285631000.0,14939000.0,9494586000.0,11879562000.0,331000.0,12371000.0,1879733000.0,9494586000.0,2384976000.0,94993000.0,7254000.0,1879733000.0,505243000.0,-75368000.0,429875000.0,11879562000.0,142154000.0,142154000.0,142154000.0
Jacobs Engineering Group Inc,J,549300CZ8QS1GE53O776,52988,2020.0,Q2YTD,2019-09-28,2020-03-27,,1.24,1.24,,1.22,7367000.0,177464000.0,69997000.0,107467000.0,164923000.0,12541000.0,5494523000.0,6787229000.0,,-213719000.0,973583000.0,5494523000.0,1292706000.0,29971000.0,1931000.0,973583000.0,319123000.0,-241759000.0,77364000.0,6787229000.0,132531000.0,132531000.0,132531000.0
Jacobs Engineering Group Inc,J,549300CZ8QS1GE53O776,52988,2020.0,Q2TTM,2019-03-30,2020-03-27,,6.1,6.1,,6.03,29510000.0,858319000.0,194790000.0,663529000.0,831689000.0,26630000.0,10765340000.0,13349713000.0,,-232437000.0,2076210000.0,10765340000.0,2584373000.0,59070000.0,7644000.0,2076210000.0,508163000.0,-283863000.0,224300000.0,13349713000.0,132531000.0,132531000.0,132531000.0
Jacobs Engineering Group Inc,J,549300CZ8QS1GE53O776,52988,2020.0,Q2,2019-12-28,2020-03-27,2020-05-06 16:28:26+00:00,-0.69,-0.69,,-0.69,-61122000.0,-85803000.0,-115683000.0,29880000.0,-92087000.0,6284000.0,2779045000.0,3427180000.0,,-330414000.0,480357000.0,2779045000.0,648135000.0,15154000.0,985000.0,480357000.0,167778000.0,-344583000.0,-176805000.0,3427180000.0,132531000.0,132531000.0,132531000.0
Jacobs Engineering Group Inc,J,549300CZ8QS1GE53O776,52988,2020.0,Q1TTM,2018-12-29,2019-12-27,,7.2,7.2,,7.13,82685000.0,1006895000.0,430252000.0,576643000.0,980693000.0,26202000.0,10461050000.0,13014129000.0,,134881000.0,2110013000.0,10461050000.0,2553079000.0,73339000.0,8329000.0,2110013000.0,443066000.0,69871000.0,512937000.0,13014129000.0,133134000.0,133134000.0,133134000.0
Jacobs Engineering Group Inc,J,549300CZ8QS1GE53O776,52988,2020.0,Q1,2019-09-28,2019-12-27,2020-02-04 08:58:45+00:00,1.93,1.93,,1.91,68489000.0,263267000.0,185680000.0,77587000.0,257010000.0,6257000.0,2715478000.0,3360049000.0,,116695000.0,493226000.0,2715478000.0,644571000.0,14817000.0,946000.0,493226000.0,151345000.0,102824000.0,254169000.0,3360049000.0,133134000.0,133134000.0,133134000.0
