company_name,company_ticker,company_lei,company_cik,year,quarter,start_date,end_date,filing_date,basicdilutedeps,basiceps,cashdividendspershare,depreciationexpense,dilutedeps,impairmentexpense,incometaxexpense,netincome,netincomecontinuing,netincometocommon,netincometononcontrollinginterest,operatingcostofrevenue,operatingrevenue,otheroperatingexpenses,otherrevenue,otherspecialcharges,sgaexpense,totalcostofrevenue,totalgrossprofit,totalinterestexpense,totalinterestincome,totaloperatingexpenses,totaloperatingincome,totalotherincome,totalpretaxincome,totalrevenue,weightedavebasicdilutedsharesos,weightedavebasicsharesos,weightedavedilutedsharesos
Marathon Petroleum Corp,MPC,3BNYRYQHD39K4LCKQF12,1510295,2009.0,FY,2009-01-01,2009-12-31,2012-02-29 15:01:51+00:00,1.26,1.26,,670000000.0,1.25,,236000000.0,449000000.0,449000000.0,449000000.0,,43244000000.0,45530000000.0,229000000.0,75000000.0,-4000000.0,842000000.0,43244000000.0,2361000000.0,,61000000.0,1737000000.0,624000000.0,61000000.0,685000000.0,45605000000.0,356300000.0,356000000.0,358000000.0
Marathon Petroleum Corp,MPC,3BNYRYQHD39K4LCKQF12,1510295,2010.0,FY,2010-01-01,2010-12-31,2013-02-28 17:04:19+00:00,1.75,1.75,,941000000.0,1.74,,400000000.0,623000000.0,623000000.0,623000000.0,,59532000000.0,62487000000.0,247000000.0,37000000.0,-11000000.0,874000000.0,59532000000.0,2992000000.0,,82000000.0,2051000000.0,941000000.0,82000000.0,1023000000.0,62524000000.0,356000000.0,356000000.0,358000000.0
Marathon Petroleum Corp,MPC,3BNYRYQHD39K4LCKQF12,1510295,2010.0,Q3,2010-07-01,2010-09-30,2011-11-09 13:57:07+00:00,0.78,0.78,,234000000.0,0.77,,162000000.0,277000000.0,277000000.0,277000000.0,,14966000000.0,15897000000.0,59000000.0,8000000.0,-5000000.0,226000000.0,14966000000.0,939000000.0,,14000000.0,514000000.0,425000000.0,14000000.0,439000000.0,15905000000.0,356000000.0,356000000.0,356000000.0
Marathon Petroleum Corp,MPC,3BNYRYQHD39K4LCKQF12,1510295,2010.0,Q2,2010-04-01,2010-06-30,2011-08-09 13:42:12+00:00,1.14,1.14,,269000000.0,1.13,,235000000.0,405000000.0,405000000.0,405000000.0,,14629000000.0,15795000000.0,63000000.0,10000000.0,-2000000.0,228000000.0,14629000000.0,1176000000.0,,22000000.0,558000000.0,618000000.0,22000000.0,640000000.0,15805000000.0,356000000.0,356000000.0,356000000.0
Marathon Petroleum Corp,MPC,3BNYRYQHD39K4LCKQF12,1510295,2011.0,Q4,2011-10-01,2011-12-31,,-0.22,-0.22,0.25,230000000.0,-0.21,,-105000000.0,-75000000.0,-75000000.0,-75000000.0,,19065000000.0,19420000000.0,49000000.0,10000000.0,-2000000.0,255000000.0,19065000000.0,365000000.0,,-13000000.0,532000000.0,-167000000.0,-13000000.0,-180000000.0,19430000000.0,356600000.0,356000000.0,357000000.0
Marathon Petroleum Corp,MPC,3BNYRYQHD39K4LCKQF12,1510295,2011.0,FY,2011-01-01,2011-12-31,2014-02-28 14:59:24+00:00,6.7,6.7,0.45,891000000.0,6.67,,1330000000.0,2389000000.0,2389000000.0,2389000000.0,0.0,72825000000.0,78638000000.0,239000000.0,59000000.0,-12000000.0,1059000000.0,72825000000.0,5872000000.0,,24000000.0,2177000000.0,3695000000.0,24000000.0,3719000000.0,78697000000.0,356600000.0,356000000.0,357000000.0
Marathon Petroleum Corp,MPC,3BNYRYQHD39K4LCKQF12,1510295,2011.0,Q3YTD,2011-01-01,2011-09-30,,6.92,6.92,0.2,661000000.0,6.88,,1435000000.0,2464000000.0,2464000000.0,2464000000.0,,53760000000.0,59218000000.0,190000000.0,49000000.0,-10000000.0,804000000.0,53760000000.0,5507000000.0,,37000000.0,1645000000.0,3862000000.0,37000000.0,3899000000.0,59267000000.0,356300000.0,356000000.0,357000000.0
Marathon Petroleum Corp,MPC,3BNYRYQHD39K4LCKQF12,1510295,2011.0,Q3,2011-07-01,2011-09-30,2012-11-09 13:29:30+00:00,3.18,3.18,0.2,227000000.0,3.16,,611000000.0,1133000000.0,1133000000.0,1133000000.0,,18305000000.0,20616000000.0,63000000.0,17000000.0,-5000000.0,299000000.0,18305000000.0,2328000000.0,,0.0,584000000.0,1744000000.0,,1744000000.0,20633000000.0,356300000.0,356000000.0,357000000.0
Marathon Petroleum Corp,MPC,3BNYRYQHD39K4LCKQF12,1510295,2011.0,Q2YTD,2011-01-01,2011-06-30,,3.74,3.74,,434000000.0,3.72,,824000000.0,1331000000.0,1331000000.0,1331000000.0,,35455000000.0,38602000000.0,127000000.0,32000000.0,-5000000.0,505000000.0,35455000000.0,3179000000.0,,37000000.0,1061000000.0,2118000000.0,37000000.0,2155000000.0,38634000000.0,356400000.0,356000000.0,358000000.0
Marathon Petroleum Corp,MPC,3BNYRYQHD39K4LCKQF12,1510295,2011.0,Q2,2011-04-01,2011-06-30,2012-08-08 16:34:14+00:00,2.25,2.25,,218000000.0,2.24,,531000000.0,802000000.0,802000000.0,802000000.0,,18904000000.0,20760000000.0,59000000.0,13000000.0,-4000000.0,288000000.0,18904000000.0,1869000000.0,,25000000.0,561000000.0,1308000000.0,25000000.0,1333000000.0,20773000000.0,356400000.0,356000000.0,358000000.0
Marathon Petroleum Corp,MPC,3BNYRYQHD39K4LCKQF12,1510295,2011.0,Q1,2011-01-01,2011-03-31,2012-05-09 16:47:15+00:00,1.49,1.49,,216000000.0,1.48,,293000000.0,529000000.0,529000000.0,529000000.0,,16551000000.0,17842000000.0,68000000.0,19000000.0,-1000000.0,217000000.0,16551000000.0,1310000000.0,,12000000.0,500000000.0,810000000.0,12000000.0,822000000.0,17861000000.0,355000000.0,356000000.0,358000000.0
Marathon Petroleum Corp,MPC,3BNYRYQHD39K4LCKQF12,1510295,2012.0,FY,2012-01-01,2012-12-31,2015-02-27 13:44:04+00:00,9.95,9.95,1.2,995000000.0,9.89,,1845000000.0,3393000000.0,3393000000.0,3389000000.0,4000000.0,74657000000.0,82446000000.0,270000000.0,46000000.0,,1223000000.0,74657000000.0,7835000000.0,109000000.0,,2488000000.0,5347000000.0,-109000000.0,5238000000.0,82492000000.0,340600000.0,340000000.0,342000000.0
Marathon Petroleum Corp,MPC,3BNYRYQHD39K4LCKQF12,1510295,2012.0,Q4,2012-10-01,2012-12-31,,2.22,2.22,0.34,283000000.0,2.22,,385000000.0,759000000.0,759000000.0,755000000.0,4000000.0,18859000000.0,20889000000.0,66000000.0,18000000.0,178000000.0,314000000.0,18859000000.0,2048000000.0,70000000.0,7000000.0,841000000.0,1207000000.0,-63000000.0,1144000000.0,20907000000.0,340600000.0,340000000.0,342000000.0
Marathon Petroleum Corp,MPC,3BNYRYQHD39K4LCKQF12,1510295,2012.0,Q3YTD,2012-01-01,2012-09-30,,7.79,7.79,0.86,712000000.0,7.79,,1460000000.0,2634000000.0,2634000000.0,2634000000.0,,55798000000.0,61557000000.0,204000000.0,28000000.0,-178000000.0,909000000.0,55798000000.0,5787000000.0,39000000.0,-7000000.0,1647000000.0,4140000000.0,-46000000.0,4094000000.0,61585000000.0,339100000.0,338000000.0,340000000.0
Marathon Petroleum Corp,MPC,3BNYRYQHD39K4LCKQF12,1510295,2012.0,Q3TTM,2011-10-01,2012-09-30,,7.57,7.57,3.44,942000000.0,7.57,,1355000000.0,2559000000.0,2559000000.0,2559000000.0,,74863000000.0,80977000000.0,253000000.0,38000000.0,-180000000.0,1164000000.0,74863000000.0,6152000000.0,39000000.0,-20000000.0,2179000000.0,3973000000.0,-59000000.0,3914000000.0,81015000000.0,339100000.0,338000000.0,340000000.0
Marathon Petroleum Corp,MPC,3BNYRYQHD39K4LCKQF12,1510295,2012.0,Q3,2012-07-01,2012-09-30,2013-11-07 09:04:43+00:00,3.61,3.61,0.35,246000000.0,3.59,,646000000.0,1224000000.0,1224000000.0,1224000000.0,0.0,18749000000.0,21049000000.0,66000000.0,18000000.0,-175000000.0,293000000.0,18749000000.0,2318000000.0,,-18000000.0,430000000.0,1888000000.0,-18000000.0,1870000000.0,21067000000.0,339100000.0,338000000.0,340000000.0
Marathon Petroleum Corp,MPC,3BNYRYQHD39K4LCKQF12,1510295,2012.0,Q2YTD,2012-01-01,2012-06-30,,4.15,4.15,0.51,466000000.0,4.15,,814000000.0,1410000000.0,1410000000.0,1410000000.0,,37049000000.0,40508000000.0,138000000.0,10000000.0,-3000000.0,616000000.0,37049000000.0,3469000000.0,39000000.0,11000000.0,1217000000.0,2252000000.0,-28000000.0,2224000000.0,40518000000.0,340600000.0,340000000.0,341000000.0
Marathon Petroleum Corp,MPC,3BNYRYQHD39K4LCKQF12,1510295,2012.0,Q2TTM,2011-07-01,2012-06-30,,7.26,7.26,3.28,923000000.0,7.26,,1320000000.0,2468000000.0,2468000000.0,2468000000.0,,74419000000.0,80544000000.0,250000000.0,37000000.0,-10000000.0,1170000000.0,74419000000.0,6162000000.0,39000000.0,-2000000.0,2333000000.0,3829000000.0,-41000000.0,3788000000.0,80581000000.0,340600000.0,340000000.0,341000000.0
Marathon Petroleum Corp,MPC,3BNYRYQHD39K4LCKQF12,1510295,2012.0,Q2,2012-04-01,2012-06-30,2013-08-08 11:29:11+00:00,2.39,2.39,0.25,236000000.0,2.38,,476000000.0,814000000.0,814000000.0,814000000.0,0.0,18285000000.0,20243000000.0,64000000.0,4000000.0,-1000000.0,365000000.0,18285000000.0,1962000000.0,17000000.0,9000000.0,664000000.0,1298000000.0,-8000000.0,1290000000.0,20247000000.0,340600000.0,340000000.0,341000000.0
Marathon Petroleum Corp,MPC,3BNYRYQHD39K4LCKQF12,1510295,2012.0,Q1TTM,2011-04-01,2012-03-31,,6.92,6.92,0.7,905000000.0,6.89,,1375000000.0,2456000000.0,2456000000.0,2456000000.0,,75038000000.0,81061000000.0,245000000.0,46000000.0,-13000000.0,1093000000.0,75038000000.0,6069000000.0,22000000.0,14000000.0,2230000000.0,3839000000.0,-8000000.0,3831000000.0,81107000000.0,348500000.0,348000000.0,350000000.0
Marathon Petroleum Corp,MPC,3BNYRYQHD39K4LCKQF12,1510295,2012.0,Q1,2012-01-01,2012-03-31,2013-05-09 16:01:13+00:00,1.71,1.71,0.25,230000000.0,1.7,,338000000.0,596000000.0,596000000.0,596000000.0,0.0,18764000000.0,20265000000.0,74000000.0,6000000.0,-2000000.0,251000000.0,18764000000.0,1507000000.0,22000000.0,2000000.0,553000000.0,954000000.0,-20000000.0,934000000.0,20271000000.0,348500000.0,348000000.0,350000000.0
Marathon Petroleum Corp,MPC,3BNYRYQHD39K4LCKQF12,1510295,2013.0,FY,2013-01-01,2013-12-31,2016-02-26 14:59:20+00:00,3.34,3.34,0.77,1220000000.0,3.32,,1113000000.0,2133000000.0,2133000000.0,2112000000.0,21000000.0,94021000000.0,100202000000.0,340000000.0,52000000.0,,1248000000.0,94021000000.0,6233000000.0,179000000.0,,2808000000.0,3425000000.0,-179000000.0,3246000000.0,100254000000.0,632300000.0,630000000.0,634000000.0
Marathon Petroleum Corp,MPC,3BNYRYQHD39K4LCKQF12,1510295,2013.0,Q4,2013-10-01,2013-12-31,,0.99,0.99,0.21,332000000.0,0.99,,338000000.0,631000000.0,631000000.0,626000000.0,5000000.0,23175000000.0,24939000000.0,81000000.0,12000000.0,3000000.0,336000000.0,23175000000.0,1776000000.0,179000000.0,124000000.0,752000000.0,1024000000.0,-55000000.0,969000000.0,24951000000.0,632300000.0,630000000.0,634000000.0
Marathon Petroleum Corp,MPC,3BNYRYQHD39K4LCKQF12,1510295,2013.0,Q3YTD,2013-01-01,2013-09-30,,4.81,4.81,1.21,888000000.0,4.81,,775000000.0,1502000000.0,1502000000.0,1486000000.0,16000000.0,70846000000.0,75263000000.0,259000000.0,40000000.0,-3000000.0,912000000.0,70846000000.0,4457000000.0,,-124000000.0,2056000000.0,2401000000.0,-124000000.0,2277000000.0,75303000000.0,311100000.0,309000000.0,311000000.0
Marathon Petroleum Corp,MPC,3BNYRYQHD39K4LCKQF12,1510295,2013.0,Q3TTM,2012-10-01,2013-09-30,,7.25,7.25,1.58,1171000000.0,7.25,,1160000000.0,2261000000.0,2261000000.0,2241000000.0,20000000.0,89705000000.0,96152000000.0,325000000.0,58000000.0,175000000.0,1226000000.0,89705000000.0,6505000000.0,70000000.0,-117000000.0,2897000000.0,3608000000.0,-187000000.0,3421000000.0,96210000000.0,311100000.0,309000000.0,311000000.0
Marathon Petroleum Corp,MPC,3BNYRYQHD39K4LCKQF12,1510295,2013.0,Q3,2013-07-01,2013-09-30,2014-11-03 15:11:22+00:00,0.54,0.54,0.42,299000000.0,0.54,,81000000.0,173000000.0,173000000.0,168000000.0,5000000.0,25287000000.0,26256000000.0,82000000.0,8000000.0,-1000000.0,305000000.0,25287000000.0,977000000.0,,-38000000.0,685000000.0,292000000.0,-38000000.0,254000000.0,26264000000.0,311100000.0,309000000.0,311000000.0
Marathon Petroleum Corp,MPC,3BNYRYQHD39K4LCKQF12,1510295,2013.0,Q2YTD,2013-01-01,2013-06-30,,4.09,4.09,0.74,589000000.0,4.09,,694000000.0,1329000000.0,1329000000.0,1318000000.0,11000000.0,45559000000.0,49007000000.0,177000000.0,32000000.0,-2000000.0,607000000.0,45559000000.0,3480000000.0,,-86000000.0,1371000000.0,2109000000.0,-86000000.0,2023000000.0,49039000000.0,322300000.0,322000000.0,324000000.0
Marathon Petroleum Corp,MPC,3BNYRYQHD39K4LCKQF12,1510295,2013.0,Q2TTM,2012-07-01,2013-06-30,,10.24,10.24,1.47,1118000000.0,10.24,,1725000000.0,3312000000.0,3312000000.0,3297000000.0,15000000.0,83167000000.0,90945000000.0,309000000.0,68000000.0,1000000.0,1214000000.0,83167000000.0,7846000000.0,70000000.0,-97000000.0,2642000000.0,5204000000.0,-167000000.0,5037000000.0,91013000000.0,322300000.0,322000000.0,324000000.0
Marathon Petroleum Corp,MPC,3BNYRYQHD39K4LCKQF12,1510295,2013.0,Q2,2013-04-01,2013-06-30,2014-08-04 13:59:53+00:00,1.84,1.84,0.35,302000000.0,1.83,,316000000.0,599000000.0,599000000.0,593000000.0,6000000.0,23995000000.0,25677000000.0,88000000.0,18000000.0,-1000000.0,358000000.0,23995000000.0,1700000000.0,,-38000000.0,747000000.0,953000000.0,-38000000.0,915000000.0,25695000000.0,322300000.0,322000000.0,324000000.0
Marathon Petroleum Corp,MPC,3BNYRYQHD39K4LCKQF12,1510295,2013.0,Q1TTM,2012-04-01,2013-03-31,,10.63,10.63,1.33,1052000000.0,10.63,,1885000000.0,3527000000.0,3527000000.0,3518000000.0,9000000.0,77457000000.0,85511000000.0,285000000.0,54000000.0,1000000.0,1221000000.0,77457000000.0,8108000000.0,87000000.0,-50000000.0,2559000000.0,5549000000.0,-137000000.0,5412000000.0,85565000000.0,331100000.0,331000000.0,333000000.0
Marathon Petroleum Corp,MPC,3BNYRYQHD39K4LCKQF12,1510295,2013.0,Q1,2013-01-01,2013-03-31,2014-05-05 16:43:31+00:00,2.19,2.19,0.35,287000000.0,2.17,,378000000.0,730000000.0,730000000.0,725000000.0,5000000.0,21564000000.0,23330000000.0,89000000.0,14000000.0,-1000000.0,249000000.0,21564000000.0,1780000000.0,,-48000000.0,624000000.0,1156000000.0,-48000000.0,1108000000.0,23344000000.0,331100000.0,331000000.0,333000000.0
Marathon Petroleum Corp,MPC,3BNYRYQHD39K4LCKQF12,1510295,2014.0,FY,2014-01-01,2014-12-31,2017-02-24 14:17:13+00:00,4.42,4.42,0.92,1326000000.0,4.39,0.0,1280000000.0,2555000000.0,2555000000.0,2524000000.0,31000000.0,90960000000.0,97991000000.0,390000000.0,111000000.0,,1375000000.0,90960000000.0,7142000000.0,216000000.0,,3091000000.0,4051000000.0,-216000000.0,3835000000.0,98102000000.0,571000000.0,570000000.0,574000000.0
Marathon Petroleum Corp,MPC,3BNYRYQHD39K4LCKQF12,1510295,2014.0,Q4,2014-10-01,2014-12-31,,1.4,1.4,0.25,359000000.0,1.4,,382000000.0,805000000.0,805000000.0,798000000.0,7000000.0,20252000000.0,22289000000.0,102000000.0,54000000.0,,371000000.0,20252000000.0,2091000000.0,72000000.0,,832000000.0,1259000000.0,-72000000.0,1187000000.0,22343000000.0,571000000.0,570000000.0,574000000.0
Marathon Petroleum Corp,MPC,3BNYRYQHD39K4LCKQF12,1510295,2014.0,Q3,2014-07-01,2014-09-30,2015-11-02 12:29:05+00:00,1.19,1.19,0.25,322000000.0,1.18,,333000000.0,679000000.0,679000000.0,672000000.0,7000000.0,23669000000.0,25469000000.0,86000000.0,12000000.0,,342000000.0,23669000000.0,1812000000.0,50000000.0,,750000000.0,1062000000.0,-50000000.0,1012000000.0,25481000000.0,564700000.0,565000000.0,569000000.0
Marathon Petroleum Corp,MPC,3BNYRYQHD39K4LCKQF12,1510295,2014.0,Q3YTD,2014-01-01,2014-09-30,,3.05,3.05,0.72,967000000.0,3.05,,898000000.0,1750000000.0,1750000000.0,1726000000.0,24000000.0,70708000000.0,75702000000.0,288000000.0,57000000.0,,1004000000.0,70708000000.0,5051000000.0,144000000.0,,2259000000.0,2792000000.0,-144000000.0,2648000000.0,75759000000.0,564700000.0,565000000.0,569000000.0
Marathon Petroleum Corp,MPC,3BNYRYQHD39K4LCKQF12,1510295,2014.0,Q3TTM,2013-10-01,2014-09-30,,4.16,4.16,0.95,1299000000.0,4.16,,1236000000.0,2381000000.0,2381000000.0,2352000000.0,29000000.0,93883000000.0,100641000000.0,369000000.0,69000000.0,3000000.0,1340000000.0,93883000000.0,6827000000.0,323000000.0,124000000.0,3011000000.0,3816000000.0,-199000000.0,3617000000.0,100710000000.0,564700000.0,565000000.0,569000000.0
Marathon Petroleum Corp,MPC,3BNYRYQHD39K4LCKQF12,1510295,2014.0,Q2,2014-04-01,2014-06-30,2015-08-03 11:29:41+00:00,1.49,1.49,0.21,325000000.0,1.48,,457000000.0,864000000.0,864000000.0,855000000.0,9000000.0,24825000000.0,26912000000.0,98000000.0,21000000.0,,316000000.0,24825000000.0,2108000000.0,48000000.0,,739000000.0,1369000000.0,-48000000.0,1321000000.0,26933000000.0,573800000.0,574000000.0,578000000.0
Marathon Petroleum Corp,MPC,3BNYRYQHD39K4LCKQF12,1510295,2014.0,Q2YTD,2014-01-01,2014-06-30,,1.84,1.84,0.45,645000000.0,1.84,,565000000.0,1071000000.0,1071000000.0,1054000000.0,17000000.0,47039000000.0,50233000000.0,202000000.0,45000000.0,,662000000.0,47039000000.0,3239000000.0,94000000.0,,1509000000.0,1730000000.0,-94000000.0,1636000000.0,50278000000.0,573800000.0,574000000.0,578000000.0
Marathon Petroleum Corp,MPC,3BNYRYQHD39K4LCKQF12,1510295,2014.0,Q2TTM,2013-07-01,2014-06-30,,3.22,3.22,0.91,1276000000.0,3.22,,984000000.0,1875000000.0,1875000000.0,1848000000.0,27000000.0,95501000000.0,101428000000.0,365000000.0,65000000.0,2000000.0,1303000000.0,95501000000.0,5992000000.0,273000000.0,86000000.0,2946000000.0,3046000000.0,-187000000.0,2859000000.0,101493000000.0,573800000.0,574000000.0,578000000.0
Marathon Petroleum Corp,MPC,3BNYRYQHD39K4LCKQF12,1510295,2014.0,Q1,2014-01-01,2014-03-31,2015-05-04 14:18:02+00:00,0.68,0.68,0.42,320000000.0,0.67,,108000000.0,207000000.0,207000000.0,199000000.0,8000000.0,22214000000.0,23321000000.0,104000000.0,24000000.0,,346000000.0,22214000000.0,1131000000.0,46000000.0,,770000000.0,361000000.0,-46000000.0,315000000.0,23345000000.0,292600000.0,293000000.0,295000000.0
Marathon Petroleum Corp,MPC,3BNYRYQHD39K4LCKQF12,1510295,2014.0,Q1TTM,2013-04-01,2014-03-31,,5.41,5.41,1.75,1253000000.0,5.41,,843000000.0,1610000000.0,1610000000.0,1586000000.0,24000000.0,94671000000.0,100193000000.0,355000000.0,62000000.0,1000000.0,1345000000.0,94671000000.0,5584000000.0,225000000.0,48000000.0,2954000000.0,2630000000.0,-177000000.0,2453000000.0,100255000000.0,292600000.0,293000000.0,295000000.0
Marathon Petroleum Corp,MPC,3BNYRYQHD39K4LCKQF12,1510295,2015.0,FY,2015-01-01,2015-12-31,2018-02-28 15:37:13+00:00,5.29,5.29,1.14,1502000000.0,5.26,144000000.0,1506000000.0,2868000000.0,2868000000.0,2852000000.0,16000000.0,63583000000.0,72146000000.0,761000000.0,112000000.0,,1576000000.0,63583000000.0,8675000000.0,318000000.0,,3983000000.0,4692000000.0,-318000000.0,4374000000.0,72258000000.0,539100000.0,538000000.0,542000000.0
Marathon Petroleum Corp,MPC,3BNYRYQHD39K4LCKQF12,1510295,2015.0,Q4,2015-10-01,2015-12-31,,0.35,0.35,0.34,413000000.0,0.35,,67000000.0,168000000.0,168000000.0,187000000.0,-19000000.0,14030000000.0,15638000000.0,465000000.0,41000000.0,,433000000.0,14030000000.0,1649000000.0,103000000.0,,1311000000.0,338000000.0,-103000000.0,235000000.0,15679000000.0,539100000.0,538000000.0,542000000.0
Marathon Petroleum Corp,MPC,3BNYRYQHD39K4LCKQF12,1510295,2015.0,Q3,2015-07-01,2015-09-30,2016-10-31 13:08:51+00:00,1.77,1.77,0.32,364000000.0,1.76,144000000.0,521000000.0,958000000.0,958000000.0,948000000.0,10000000.0,16214000000.0,18741000000.0,95000000.0,17000000.0,,392000000.0,16214000000.0,2544000000.0,70000000.0,,995000000.0,1549000000.0,-70000000.0,1479000000.0,18758000000.0,535600000.0,535000000.0,538000000.0
Marathon Petroleum Corp,MPC,3BNYRYQHD39K4LCKQF12,1510295,2015.0,Q3YTD,2015-01-01,2015-09-30,,4.98,4.98,0.88,1089000000.0,4.98,144000000.0,1439000000.0,2700000000.0,2700000000.0,2665000000.0,35000000.0,49553000000.0,56508000000.0,296000000.0,71000000.0,,1143000000.0,49553000000.0,7026000000.0,215000000.0,,2672000000.0,4354000000.0,-215000000.0,4139000000.0,56579000000.0,535600000.0,535000000.0,538000000.0
Marathon Petroleum Corp,MPC,3BNYRYQHD39K4LCKQF12,1510295,2015.0,Q3TTM,2014-10-01,2015-09-30,,6.47,6.47,1.15,1448000000.0,6.47,144000000.0,1821000000.0,3505000000.0,3505000000.0,3463000000.0,42000000.0,69805000000.0,78797000000.0,398000000.0,125000000.0,,1514000000.0,69805000000.0,9117000000.0,287000000.0,,3504000000.0,5613000000.0,-287000000.0,5326000000.0,78922000000.0,535600000.0,535000000.0,538000000.0
Marathon Petroleum Corp,MPC,3BNYRYQHD39K4LCKQF12,1510295,2015.0,Q2,2015-04-01,2015-06-30,2016-08-02 19:43:40+00:00,1.52,1.52,0.25,362000000.0,1.51,0.0,432000000.0,839000000.0,839000000.0,826000000.0,13000000.0,18387000000.0,20556000000.0,104000000.0,25000000.0,,393000000.0,18387000000.0,2194000000.0,64000000.0,,859000000.0,1335000000.0,-64000000.0,1271000000.0,20581000000.0,543400000.0,541000000.0,544000000.0
Marathon Petroleum Corp,MPC,3BNYRYQHD39K4LCKQF12,1510295,2015.0,Q2YTD,2015-01-01,2015-06-30,,3.17,3.17,0.54,725000000.0,3.17,,918000000.0,1742000000.0,1742000000.0,1717000000.0,25000000.0,33339000000.0,37767000000.0,201000000.0,54000000.0,,751000000.0,33339000000.0,4482000000.0,145000000.0,,1677000000.0,2805000000.0,-145000000.0,2660000000.0,37821000000.0,543400000.0,541000000.0,544000000.0
Marathon Petroleum Corp,MPC,3BNYRYQHD39K4LCKQF12,1510295,2015.0,Q2TTM,2014-07-01,2015-06-30,,5.89,5.89,1.08,1406000000.0,5.89,,1633000000.0,3226000000.0,3226000000.0,3187000000.0,39000000.0,77260000000.0,85525000000.0,389000000.0,120000000.0,,1464000000.0,77260000000.0,8385000000.0,267000000.0,,3259000000.0,5126000000.0,-267000000.0,4859000000.0,85645000000.0,543400000.0,541000000.0,544000000.0
Marathon Petroleum Corp,MPC,3BNYRYQHD39K4LCKQF12,1510295,2015.0,Q1,2015-01-01,2015-03-31,2016-05-02 16:59:29+00:00,1.63,1.63,0.25,363000000.0,1.62,0.0,486000000.0,903000000.0,903000000.0,891000000.0,12000000.0,14952000000.0,17211000000.0,97000000.0,29000000.0,,358000000.0,14952000000.0,2288000000.0,81000000.0,,818000000.0,1470000000.0,-81000000.0,1389000000.0,17240000000.0,546600000.0,545000000.0,549000000.0
Marathon Petroleum Corp,MPC,3BNYRYQHD39K4LCKQF12,1510295,2015.0,Q1TTM,2014-04-01,2015-03-31,,5.9,5.9,1.04,1369000000.0,5.9,,1658000000.0,3251000000.0,3251000000.0,3216000000.0,35000000.0,83698000000.0,91881000000.0,383000000.0,116000000.0,,1387000000.0,83698000000.0,8299000000.0,251000000.0,,3139000000.0,5160000000.0,-251000000.0,4909000000.0,91997000000.0,546600000.0,545000000.0,549000000.0
Marathon Petroleum Corp,MPC,3BNYRYQHD39K4LCKQF12,1510295,2016.0,FY,2016-01-01,2016-12-31,2019-02-28 14:17:56+00:00,2.22,2.22,1.36,2001000000.0,2.21,130000000.0,609000000.0,1213000000.0,1213000000.0,1174000000.0,39000000.0,57185000000.0,63186000000.0,65000000.0,178000000.0,,1597000000.0,57185000000.0,6179000000.0,564000000.0,,3793000000.0,2386000000.0,-564000000.0,1822000000.0,63364000000.0,528800000.0,528000000.0,530000000.0
Marathon Petroleum Corp,MPC,3BNYRYQHD39K4LCKQF12,1510295,2016.0,Q4,2016-10-01,2016-12-31,,0.43,0.43,0.65,504000000.0,0.43,,128000000.0,289000000.0,289000000.0,227000000.0,62000000.0,15718000000.0,17212000000.0,103000000.0,72000000.0,,398000000.0,15718000000.0,1566000000.0,144000000.0,,1005000000.0,561000000.0,-144000000.0,417000000.0,17284000000.0,528800000.0,528000000.0,530000000.0
Marathon Petroleum Corp,MPC,3BNYRYQHD39K4LCKQF12,1510295,2016.0,Q3,2016-07-01,2016-09-30,2017-10-30 11:42:27+00:00,0.28,0.28,0.36,507000000.0,0.27,0.0,75000000.0,219000000.0,219000000.0,145000000.0,74000000.0,14986000000.0,16411000000.0,112000000.0,49000000.0,,420000000.0,14986000000.0,1474000000.0,141000000.0,,1039000000.0,435000000.0,-141000000.0,294000000.0,16460000000.0,517900000.0,527000000.0,530000000.0
Marathon Petroleum Corp,MPC,3BNYRYQHD39K4LCKQF12,1510295,2016.0,Q3YTD,2016-01-01,2016-09-30,,1.8,1.8,1.74,1497000000.0,1.8,130000000.0,481000000.0,924000000.0,924000000.0,947000000.0,-23000000.0,41467000000.0,45974000000.0,-38000000.0,106000000.0,,1199000000.0,41467000000.0,4613000000.0,420000000.0,,2788000000.0,1825000000.0,-420000000.0,1405000000.0,46080000000.0,517900000.0,527000000.0,530000000.0
Marathon Petroleum Corp,MPC,3BNYRYQHD39K4LCKQF12,1510295,2016.0,Q3TTM,2015-10-01,2016-09-30,,2.15,2.15,2.09,1910000000.0,2.15,130000000.0,548000000.0,1092000000.0,1092000000.0,1134000000.0,-42000000.0,55497000000.0,61612000000.0,427000000.0,147000000.0,,1632000000.0,55497000000.0,6262000000.0,523000000.0,,4099000000.0,2163000000.0,-523000000.0,1640000000.0,61759000000.0,517900000.0,527000000.0,530000000.0
Marathon Petroleum Corp,MPC,3BNYRYQHD39K4LCKQF12,1510295,2016.0,Q2,2016-04-01,2016-06-30,2017-08-03 06:31:59+00:00,1.51,1.51,0.32,500000000.0,1.51,1000000.0,395000000.0,783000000.0,783000000.0,801000000.0,-18000000.0,14847000000.0,16761000000.0,-274000000.0,29000000.0,,401000000.0,14847000000.0,1943000000.0,137000000.0,,628000000.0,1315000000.0,-137000000.0,1178000000.0,16790000000.0,530500000.0,528000000.0,531000000.0
Marathon Petroleum Corp,MPC,3BNYRYQHD39K4LCKQF12,1510295,2016.0,Q2YTD,2016-01-01,2016-06-30,,1.52,1.52,1.11,990000000.0,1.52,130000000.0,406000000.0,705000000.0,705000000.0,802000000.0,-97000000.0,26481000000.0,29563000000.0,-150000000.0,57000000.0,,779000000.0,26481000000.0,3139000000.0,279000000.0,,1749000000.0,1390000000.0,-279000000.0,1111000000.0,29620000000.0,530500000.0,528000000.0,531000000.0
Marathon Petroleum Corp,MPC,3BNYRYQHD39K4LCKQF12,1510295,2016.0,Q2TTM,2015-07-01,2016-06-30,,3.67,3.67,1.8,1767000000.0,3.67,274000000.0,994000000.0,1831000000.0,1831000000.0,1937000000.0,-106000000.0,56725000000.0,63942000000.0,410000000.0,115000000.0,,1604000000.0,56725000000.0,7332000000.0,452000000.0,,4055000000.0,3277000000.0,-452000000.0,2825000000.0,64057000000.0,530500000.0,528000000.0,531000000.0
Marathon Petroleum Corp,MPC,3BNYRYQHD39K4LCKQF12,1510295,2016.0,Q1,2016-01-01,2016-03-31,2017-05-01 11:02:09+00:00,0.003,0.003,0.32,490000000.0,0.003,129000000.0,11000000.0,-78000000.0,-78000000.0,1000000.0,-79000000.0,11634000000.0,12802000000.0,124000000.0,28000000.0,,378000000.0,11634000000.0,1196000000.0,142000000.0,,1121000000.0,75000000.0,-142000000.0,-67000000.0,12830000000.0,333300000.0,529000000.0,531000000.0
Marathon Petroleum Corp,MPC,3BNYRYQHD39K4LCKQF12,1510295,2016.0,Q1TTM,2015-04-01,2016-03-31,,3.71,3.71,1.51,1629000000.0,3.71,273000000.0,1031000000.0,1887000000.0,1887000000.0,1962000000.0,-75000000.0,60265000000.0,67737000000.0,788000000.0,111000000.0,,1596000000.0,60265000000.0,7583000000.0,379000000.0,,4286000000.0,3297000000.0,-379000000.0,2918000000.0,67848000000.0,333300000.0,529000000.0,531000000.0
Marathon Petroleum Corp,MPC,3BNYRYQHD39K4LCKQF12,1510295,2017.0,FY,2017-01-01,2017-12-31,2020-02-28 16:23:56+00:00,6.76,6.76,1.52,2114000000.0,6.7,0.0,-460000000.0,3804000000.0,3804000000.0,3432000000.0,372000000.0,67089000000.0,75049000000.0,454000000.0,320000000.0,,1694000000.0,67089000000.0,8280000000.0,674000000.0,,4262000000.0,4018000000.0,-674000000.0,3344000000.0,75369000000.0,507700000.0,507000000.0,512000000.0
Marathon Petroleum Corp,MPC,3BNYRYQHD39K4LCKQF12,1510295,2017.0,Q4,2017-10-01,2017-12-31,,3.97,3.97,0.4,540000000.0,3.94,,-1166000000.0,2125000000.0,2125000000.0,2016000000.0,109000000.0,19005000000.0,21135000000.0,115000000.0,101000000.0,,408000000.0,19005000000.0,2231000000.0,209000000.0,,1063000000.0,1168000000.0,-209000000.0,959000000.0,21236000000.0,507700000.0,507000000.0,512000000.0
Marathon Petroleum Corp,MPC,3BNYRYQHD39K4LCKQF12,1510295,2017.0,Q3,2017-07-01,2017-09-30,2018-11-05 10:33:55+00:00,1.79,1.79,0.4,517000000.0,1.77,,415000000.0,1004000000.0,1004000000.0,903000000.0,101000000.0,16765000000.0,19294000000.0,116000000.0,92000000.0,,411000000.0,16765000000.0,2621000000.0,158000000.0,,1044000000.0,1577000000.0,-158000000.0,1419000000.0,19386000000.0,504500000.0,504000000.0,508000000.0
Marathon Petroleum Corp,MPC,3BNYRYQHD39K4LCKQF12,1510295,2017.0,Q3YTD,2017-01-01,2017-09-30,,2.81,2.81,2.15,1574000000.0,2.81,,706000000.0,1679000000.0,1679000000.0,1416000000.0,263000000.0,48084000000.0,53914000000.0,339000000.0,219000000.0,,1286000000.0,48084000000.0,6049000000.0,465000000.0,,3199000000.0,2850000000.0,-465000000.0,2385000000.0,54133000000.0,504500000.0,504000000.0,508000000.0
Marathon Petroleum Corp,MPC,3BNYRYQHD39K4LCKQF12,1510295,2017.0,Q3TTM,2016-10-01,2017-09-30,,3.26,3.26,2.83,2078000000.0,3.26,,834000000.0,1968000000.0,1968000000.0,1643000000.0,325000000.0,63802000000.0,71126000000.0,442000000.0,291000000.0,,1684000000.0,63802000000.0,7615000000.0,609000000.0,,4204000000.0,3411000000.0,-609000000.0,2802000000.0,71417000000.0,504500000.0,504000000.0,508000000.0
Marathon Petroleum Corp,MPC,3BNYRYQHD39K4LCKQF12,1510295,2017.0,Q2,2017-04-01,2017-06-30,2018-08-06 10:04:14+00:00,0.94,0.94,0.36,521000000.0,0.93,,250000000.0,574000000.0,574000000.0,483000000.0,91000000.0,16251000000.0,18270000000.0,115000000.0,84000000.0,,485000000.0,16251000000.0,2103000000.0,158000000.0,,1121000000.0,982000000.0,-158000000.0,824000000.0,18354000000.0,513800000.0,513000000.0,517000000.0
Marathon Petroleum Corp,MPC,3BNYRYQHD39K4LCKQF12,1510295,2017.0,Q2YTD,2017-01-01,2017-06-30,,1.0,1.0,1.36,1057000000.0,1.0,,291000000.0,675000000.0,675000000.0,513000000.0,162000000.0,31319000000.0,34620000000.0,223000000.0,127000000.0,,875000000.0,31319000000.0,3428000000.0,307000000.0,,2155000000.0,1273000000.0,-307000000.0,966000000.0,34747000000.0,513800000.0,513000000.0,517000000.0
Marathon Petroleum Corp,MPC,3BNYRYQHD39K4LCKQF12,1510295,2017.0,Q2TTM,2016-07-01,2017-06-30,,1.73,1.73,2.68,2068000000.0,1.73,,494000000.0,1183000000.0,1183000000.0,885000000.0,298000000.0,62023000000.0,68243000000.0,438000000.0,248000000.0,,1693000000.0,62023000000.0,6468000000.0,592000000.0,,4199000000.0,2269000000.0,-592000000.0,1677000000.0,68491000000.0,513800000.0,513000000.0,517000000.0
Marathon Petroleum Corp,MPC,3BNYRYQHD39K4LCKQF12,1510295,2017.0,Q1,2017-01-01,2017-03-31,2018-04-30 14:29:40+00:00,0.06,0.06,0.36,536000000.0,0.06,,41000000.0,101000000.0,101000000.0,30000000.0,71000000.0,15068000000.0,16350000000.0,108000000.0,43000000.0,,390000000.0,15068000000.0,1325000000.0,149000000.0,,1034000000.0,291000000.0,-149000000.0,142000000.0,16393000000.0,500000000.0,525000000.0,530000000.0
Marathon Petroleum Corp,MPC,3BNYRYQHD39K4LCKQF12,1510295,2017.0,Q1TTM,2016-04-01,2017-03-31,,2.29,2.29,2.51,2047000000.0,2.29,1000000.0,639000000.0,1392000000.0,1392000000.0,1203000000.0,189000000.0,60619000000.0,66734000000.0,49000000.0,193000000.0,,1609000000.0,60619000000.0,6308000000.0,571000000.0,,3706000000.0,2602000000.0,-571000000.0,2031000000.0,66927000000.0,500000000.0,525000000.0,530000000.0
Marathon Petroleum Corp,MPC,3BNYRYQHD39K4LCKQF12,1510295,2018.0,FY,2018-01-01,2018-12-31,2020-02-28 16:23:56+00:00,5.36,5.36,1.84,2490000000.0,5.28,0.0,962000000.0,3606000000.0,3606000000.0,2780000000.0,826000000.0,86066000000.0,96900000000.0,557000000.0,202000000.0,,2418000000.0,86066000000.0,11036000000.0,1003000000.0,,5465000000.0,5571000000.0,-1003000000.0,4568000000.0,97102000000.0,518700000.0,518000000.0,526000000.0
Marathon Petroleum Corp,MPC,3BNYRYQHD39K4LCKQF12,1510295,2018.0,Q4,2018-10-01,2018-12-31,,1.35,1.35,0.46,874000000.0,1.31,,437000000.0,1195000000.0,1195000000.0,951000000.0,244000000.0,28294000000.0,32461000000.0,209000000.0,80000000.0,,1147000000.0,28294000000.0,4247000000.0,385000000.0,,2230000000.0,2017000000.0,-385000000.0,1632000000.0,32541000000.0,518700000.0,518000000.0,526000000.0
Marathon Petroleum Corp,MPC,3BNYRYQHD39K4LCKQF12,1510295,2018.0,Q3,2018-07-01,2018-09-30,2019-11-04 16:07:26+00:00,1.63,1.63,0.46,555000000.0,1.62,,222000000.0,941000000.0,941000000.0,737000000.0,204000000.0,20606000000.0,23085000000.0,123000000.0,47000000.0,,445000000.0,20606000000.0,2526000000.0,240000000.0,,1123000000.0,1403000000.0,-240000000.0,1163000000.0,23132000000.0,452100000.0,451000000.0,456000000.0
Marathon Petroleum Corp,MPC,3BNYRYQHD39K4LCKQF12,1510295,2018.0,Q3YTD,2018-01-01,2018-09-30,,4.01,4.01,1.38,1616000000.0,3.97,,525000000.0,2411000000.0,2411000000.0,1829000000.0,582000000.0,57772000000.0,64439000000.0,348000000.0,122000000.0,,1271000000.0,57772000000.0,6789000000.0,618000000.0,,3235000000.0,3554000000.0,-618000000.0,2936000000.0,64561000000.0,452100000.0,451000000.0,456000000.0
Marathon Petroleum Corp,MPC,3BNYRYQHD39K4LCKQF12,1510295,2018.0,Q3TTM,2017-10-01,2018-09-30,,7.98,7.98,1.78,2156000000.0,7.91,,-641000000.0,4536000000.0,4536000000.0,3845000000.0,691000000.0,76777000000.0,85574000000.0,463000000.0,223000000.0,,1679000000.0,76777000000.0,9020000000.0,827000000.0,,4298000000.0,4722000000.0,-827000000.0,3895000000.0,85797000000.0,452100000.0,451000000.0,456000000.0
Marathon Petroleum Corp,MPC,3BNYRYQHD39K4LCKQF12,1510295,2018.0,Q2,2018-04-01,2018-06-30,2019-08-05 12:51:17+00:00,2.3,2.3,0.46,533000000.0,2.27,,281000000.0,1235000000.0,1235000000.0,1055000000.0,180000000.0,19655000000.0,22400000000.0,122000000.0,45000000.0,,424000000.0,19655000000.0,2790000000.0,195000000.0,,1079000000.0,1711000000.0,-195000000.0,1516000000.0,22445000000.0,458700000.0,459000000.0,464000000.0
Marathon Petroleum Corp,MPC,3BNYRYQHD39K4LCKQF12,1510295,2018.0,Q2YTD,2018-01-01,2018-06-30,,2.38,2.38,0.92,1061000000.0,2.35,,303000000.0,1470000000.0,1470000000.0,1092000000.0,378000000.0,37166000000.0,41354000000.0,225000000.0,75000000.0,,826000000.0,37166000000.0,4263000000.0,378000000.0,,2112000000.0,2151000000.0,-378000000.0,1773000000.0,41429000000.0,458700000.0,459000000.0,464000000.0
Marathon Petroleum Corp,MPC,3BNYRYQHD39K4LCKQF12,1510295,2018.0,Q2TTM,2017-07-01,2018-06-30,,8.14,8.14,1.72,2118000000.0,8.06,,-448000000.0,4599000000.0,4599000000.0,4011000000.0,588000000.0,72936000000.0,81783000000.0,456000000.0,268000000.0,,1645000000.0,72936000000.0,9115000000.0,745000000.0,,4219000000.0,4896000000.0,-745000000.0,4151000000.0,82051000000.0,458700000.0,459000000.0,464000000.0
Marathon Petroleum Corp,MPC,3BNYRYQHD39K4LCKQF12,1510295,2018.0,Q1,2018-01-01,2018-03-31,2019-05-09 12:14:29+00:00,0.08,0.08,0.46,528000000.0,0.08,,22000000.0,235000000.0,235000000.0,37000000.0,198000000.0,17511000000.0,18954000000.0,103000000.0,30000000.0,,402000000.0,17511000000.0,1473000000.0,183000000.0,,1033000000.0,440000000.0,-183000000.0,257000000.0,18984000000.0,462500000.0,476000000.0,480000000.0
Marathon Petroleum Corp,MPC,3BNYRYQHD39K4LCKQF12,1510295,2018.0,Q1TTM,2017-04-01,2018-03-31,,7.22,7.22,3.22,2106000000.0,7.22,,-479000000.0,3938000000.0,3938000000.0,3439000000.0,499000000.0,69532000000.0,77653000000.0,449000000.0,307000000.0,,1706000000.0,69532000000.0,8428000000.0,708000000.0,,4261000000.0,4167000000.0,-708000000.0,3459000000.0,77960000000.0,462500000.0,476000000.0,480000000.0
Marathon Petroleum Corp,MPC,3BNYRYQHD39K4LCKQF12,1510295,2019.0,Q4,2019-10-01,2019-12-31,,0.67,0.67,0.53,978000000.0,0.66,1197000000.0,277000000.0,262000000.0,262000000.0,443000000.0,-181000000.0,27301000000.0,31255000000.0,201000000.0,67000000.0,,804000000.0,27301000000.0,4021000000.0,302000000.0,,3180000000.0,841000000.0,-302000000.0,539000000.0,31322000000.0,659300000.0,659000000.0,664000000.0
Marathon Petroleum Corp,MPC,3BNYRYQHD39K4LCKQF12,1510295,2019.0,FY,2019-01-01,2019-12-31,2020-02-28 16:23:56+00:00,4.0,4.0,2.12,3638000000.0,3.97,1197000000.0,1074000000.0,3255000000.0,3255000000.0,2637000000.0,618000000.0,110243000000.0,124650000000.0,751000000.0,163000000.0,,3408000000.0,110243000000.0,14570000000.0,1247000000.0,,8994000000.0,5576000000.0,-1247000000.0,4329000000.0,124813000000.0,659300000.0,659000000.0,664000000.0
Marathon Petroleum Corp,MPC,3BNYRYQHD39K4LCKQF12,1510295,2019.0,Q3YTD,2019-01-01,2019-09-30,,3.33,3.33,1.59,2660000000.0,3.31,,797000000.0,2993000000.0,2993000000.0,2194000000.0,799000000.0,82942000000.0,93395000000.0,550000000.0,96000000.0,,2604000000.0,82942000000.0,10549000000.0,945000000.0,,5814000000.0,4735000000.0,-945000000.0,3790000000.0,93491000000.0,655700000.0,656000000.0,660000000.0
Marathon Petroleum Corp,MPC,3BNYRYQHD39K4LCKQF12,1510295,2019.0,Q3TTM,2018-10-01,2019-09-30,,4.68,4.68,2.05,3534000000.0,4.62,,1234000000.0,4188000000.0,4188000000.0,3145000000.0,1043000000.0,111236000000.0,125856000000.0,759000000.0,176000000.0,,3751000000.0,111236000000.0,14796000000.0,1330000000.0,,8044000000.0,6752000000.0,-1330000000.0,5422000000.0,126032000000.0,655700000.0,656000000.0,660000000.0
Marathon Petroleum Corp,MPC,3BNYRYQHD39K4LCKQF12,1510295,2019.0,Q3,2019-07-01,2019-09-30,2019-11-04 16:07:26+00:00,1.67,1.67,0.53,855000000.0,1.66,,340000000.0,1367000000.0,1367000000.0,1095000000.0,272000000.0,27300000000.0,31171000000.0,190000000.0,31000000.0,,833000000.0,27300000000.0,3902000000.0,317000000.0,,1878000000.0,2024000000.0,-317000000.0,1707000000.0,31202000000.0,655700000.0,656000000.0,660000000.0
Marathon Petroleum Corp,MPC,3BNYRYQHD39K4LCKQF12,1510295,2019.0,Q2YTD,2019-01-01,2019-06-30,,1.66,1.66,1.06,1805000000.0,1.65,,457000000.0,1626000000.0,1626000000.0,1099000000.0,527000000.0,55642000000.0,62224000000.0,360000000.0,65000000.0,,1771000000.0,55642000000.0,6647000000.0,628000000.0,,3936000000.0,2711000000.0,-628000000.0,2083000000.0,62289000000.0,662300000.0,662000000.0,666000000.0
Marathon Petroleum Corp,MPC,3BNYRYQHD39K4LCKQF12,1510295,2019.0,Q2TTM,2018-07-01,2019-06-30,,4.64,4.64,1.98,3234000000.0,4.58,,1116000000.0,3762000000.0,3762000000.0,2787000000.0,975000000.0,104542000000.0,117770000000.0,692000000.0,192000000.0,,3363000000.0,104542000000.0,13420000000.0,1253000000.0,,7289000000.0,6131000000.0,-1253000000.0,4878000000.0,117962000000.0,662300000.0,662000000.0,666000000.0
Marathon Petroleum Corp,MPC,3BNYRYQHD39K4LCKQF12,1510295,2019.0,Q2,2019-04-01,2019-06-30,2019-08-05 12:51:17+00:00,1.67,1.67,0.53,886000000.0,1.66,,353000000.0,1367000000.0,1367000000.0,1106000000.0,261000000.0,29682000000.0,33658000000.0,174000000.0,30000000.0,,904000000.0,29682000000.0,4006000000.0,322000000.0,,1964000000.0,2042000000.0,-322000000.0,1720000000.0,33688000000.0,662300000.0,662000000.0,666000000.0
Marathon Petroleum Corp,MPC,3BNYRYQHD39K4LCKQF12,1510295,2019.0,Q1,2019-01-01,2019-03-31,2020-05-07 09:10:37+00:00,-0.01,-0.01,0.53,919000000.0,-0.01,0.0,104000000.0,259000000.0,259000000.0,-7000000.0,266000000.0,25960000000.0,28566000000.0,186000000.0,35000000.0,,867000000.0,25960000000.0,2641000000.0,306000000.0,,1972000000.0,669000000.0,-306000000.0,363000000.0,28601000000.0,700000000.0,673000000.0,673000000.0
Marathon Petroleum Corp,MPC,3BNYRYQHD39K4LCKQF12,1510295,2019.0,Q1TTM,2018-04-01,2019-03-31,,5.27,5.27,1.91,2881000000.0,5.19,,1044000000.0,3630000000.0,3630000000.0,2736000000.0,894000000.0,94515000000.0,106512000000.0,640000000.0,207000000.0,,2883000000.0,94515000000.0,12204000000.0,1126000000.0,,6404000000.0,5800000000.0,-1126000000.0,4674000000.0,106719000000.0,700000000.0,673000000.0,673000000.0
Marathon Petroleum Corp,MPC,3BNYRYQHD39K4LCKQF12,1510295,2020.0,Q1TTM,2019-04-01,2020-03-31,,-10.24,-10.24,2.17,3681000000.0,-10.27,9019000000.0,-967000000.0,-7222000000.0,-7222000000.0,-6590000000.0,-632000000.0,107104000000.0,120093000000.0,4036000000.0,199000000.0,,3362000000.0,107104000000.0,13188000000.0,1279000000.0,,20098000000.0,-6910000000.0,-1279000000.0,-8189000000.0,120292000000.0,648000000.0,648000000.0,648000000.0
Marathon Petroleum Corp,MPC,3BNYRYQHD39K4LCKQF12,1510295,2020.0,Q1,2020-01-01,2020-03-31,2020-05-07 09:10:37+00:00,-14.25,-14.25,0.58,962000000.0,-14.25,7822000000.0,-1937000000.0,-10218000000.0,-10218000000.0,-9234000000.0,-984000000.0,22821000000.0,24009000000.0,3471000000.0,71000000.0,,821000000.0,22821000000.0,1259000000.0,338000000.0,,13076000000.0,-11817000000.0,-338000000.0,-12155000000.0,24080000000.0,648000000.0,648000000.0,648000000.0
