company_name,company_ticker,company_lei,company_cik,year,quarter,start_date,end_date,filing_date,basicdilutedeps,basiceps,cashdividendspershare,dilutedeps,incometaxexpense,netincome,netincomecontinuing,netincometocommon,netincometononcontrollinginterest,operatingcostofrevenue,operatingrevenue,otherincome,otherspecialcharges,sgaexpense,totalcostofrevenue,totalgrossprofit,totalinterestexpense,totaloperatingexpenses,totaloperatingincome,totalotherincome,totalpretaxincome,totalrevenue,weightedavebasicdilutedsharesos,weightedavebasicsharesos,weightedavedilutedsharesos
Ecolab Inc,ECL,82DYEISM090VG8LTLS26,31462,2007.0,FY,2007-01-01,2007-12-31,2010-02-26 16:38:17+00:00,1.73,1.73,0.475,1.7,189100000.0,428900000.0,428900000.0,427200000.0,1700000.0,2691700000.0,5469600000.0,,19700000.0,2089200000.0,2691700000.0,2777900000.0,51000000.0,2108900000.0,669000000.0,-51000000.0,618000000.0,5469600000.0,246900000.0,246800000.0,251800000.0
Ecolab Inc,ECL,82DYEISM090VG8LTLS26,31462,2008.0,FY,2008-01-01,2008-12-31,2010-02-26 16:38:17+00:00,1.83,1.83,0.53,1.8,202800000.0,448400000.0,448400000.0,448100000.0,300000.0,3141600000.0,6137500000.0,,25900000.0,2257200000.0,3141600000.0,2995900000.0,61600000.0,2283100000.0,712800000.0,-61600000.0,651200000.0,6137500000.0,244900000.0,245400000.0,249300000.0
Ecolab Inc,ECL,82DYEISM090VG8LTLS26,31462,2008.0,Q3,2008-07-01,2008-09-30,2009-11-06 08:24:43+00:00,0.51,0.51,0.13,0.5,59500000.0,125900000.0,125900000.0,126200000.0,-300000.0,834300000.0,1626300000.0,,11800000.0,578800000.0,834300000.0,792000000.0,16000000.0,590600000.0,201400000.0,-16000000.0,185400000.0,1626300000.0,247500000.0,247500000.0,251800000.0
Ecolab Inc,ECL,82DYEISM090VG8LTLS26,31462,2008.0,Q2,2008-04-01,2008-06-30,2009-08-07 08:11:34+00:00,0.56,0.56,0.13,0.55,56200000.0,139000000.0,139000000.0,139000000.0,0.0,798800000.0,1570000000.0,,-19300000.0,580000000.0,798800000.0,771200000.0,15300000.0,560700000.0,210500000.0,-15300000.0,195200000.0,1570000000.0,248200000.0,247100000.0,251400000.0
Ecolab Inc,ECL,82DYEISM090VG8LTLS26,31462,2009.0,Q4,2009-10-01,2009-12-31,,0.49,0.49,0.15,0.49,64400000.0,116300000.0,116300000.0,115800000.0,500000.0,781100000.0,1564500000.0,,10200000.0,577400000.0,781100000.0,783400000.0,15100000.0,587600000.0,195800000.0,-15100000.0,180700000.0,1564500000.0,237100000.0,236700000.0,239900000.0
Ecolab Inc,ECL,82DYEISM090VG8LTLS26,31462,2009.0,FY,2009-01-01,2009-12-31,2012-02-28 17:14:44+00:00,1.76,1.76,0.575,1.74,201400000.0,418700000.0,418700000.0,417300000.0,1400000.0,2978000000.0,5900600000.0,,67100000.0,2174200000.0,2978000000.0,2922600000.0,61200000.0,2241300000.0,681300000.0,-61200000.0,620100000.0,5900600000.0,237100000.0,236700000.0,239900000.0
Ecolab Inc,ECL,82DYEISM090VG8LTLS26,31462,2009.0,Q3,2009-07-01,2009-09-30,2009-11-06 08:24:43+00:00,0.61,0.61,0.14,0.6,62700000.0,145200000.0,145200000.0,145000000.0,200000.0,763900000.0,1546400000.0,,5400000.0,554100000.0,763900000.0,782500000.0,15100000.0,559500000.0,223000000.0,-15100000.0,207900000.0,1546400000.0,237700000.0,237000000.0,240600000.0
Ecolab Inc,ECL,82DYEISM090VG8LTLS26,31462,2009.0,Q3YTD,2009-01-01,2009-09-30,,1.27,1.27,0.42,1.25,137000000.0,302400000.0,302400000.0,301500000.0,900000.0,2196900000.0,4336100000.0,,56900000.0,1596800000.0,2196900000.0,2139200000.0,46100000.0,1653700000.0,485500000.0,-46100000.0,439400000.0,4336100000.0,237700000.0,237000000.0,240600000.0
Ecolab Inc,ECL,82DYEISM090VG8LTLS26,31462,2009.0,Q2,2009-04-01,2009-06-30,2009-08-07 08:11:34+00:00,0.42,0.42,0.14,0.41,50300000.0,99500000.0,99500000.0,99100000.0,400000.0,725100000.0,1441500000.0,,25000000.0,526400000.0,725100000.0,716400000.0,15200000.0,551400000.0,165000000.0,-15200000.0,149800000.0,1441500000.0,236000000.0,236500000.0,239500000.0
Ecolab Inc,ECL,82DYEISM090VG8LTLS26,31462,2009.0,Q2YTD,2009-01-01,2009-06-30,,0.66,0.66,0.28,0.65,74300000.0,157200000.0,157200000.0,156500000.0,700000.0,1433000000.0,2789700000.0,,51500000.0,1042700000.0,1433000000.0,1356700000.0,31000000.0,1094200000.0,262500000.0,-31000000.0,231500000.0,2789700000.0,236000000.0,236500000.0,239500000.0
Ecolab Inc,ECL,82DYEISM090VG8LTLS26,31462,2009.0,Q1,2009-01-01,2009-03-31,2010-05-06 07:14:55+00:00,0.24,0.24,0.14,0.24,24000000.0,57700000.0,57700000.0,57400000.0,300000.0,707900000.0,1348200000.0,,26500000.0,516300000.0,707900000.0,640300000.0,15800000.0,542800000.0,97500000.0,-15800000.0,81700000.0,1348200000.0,239200000.0,236100000.0,238100000.0
Ecolab Inc,ECL,82DYEISM090VG8LTLS26,31462,2010.0,Q4,2010-10-01,2010-12-31,,0.56,0.56,0.17,0.55,57800000.0,131600000.0,131600000.0,131300000.0,300000.0,783700000.0,1575500000.0,,8500000.0,579700000.0,783700000.0,791800000.0,14200000.0,588200000.0,203600000.0,-14200000.0,189400000.0,1575500000.0,233600000.0,233400000.0,237600000.0
Ecolab Inc,ECL,82DYEISM090VG8LTLS26,31462,2010.0,FY,2010-01-01,2010-12-31,2013-02-26 16:44:35+00:00,2.27,2.27,0.64,2.23,216600000.0,531100000.0,531100000.0,530300000.0,800000.0,3013800000.0,6089700000.0,,7500000.0,2261600000.0,3013800000.0,3075900000.0,59100000.0,2269100000.0,806800000.0,-59100000.0,747700000.0,6089700000.0,233600000.0,233400000.0,237600000.0
Ecolab Inc,ECL,82DYEISM090VG8LTLS26,31462,2010.0,Q3,2010-07-01,2010-09-30,2010-11-04 16:33:55+00:00,0.75,0.75,0.155,0.74,55900000.0,174300000.0,174300000.0,174200000.0,100000.0,763400000.0,1561900000.0,,-5100000.0,558500000.0,763400000.0,798500000.0,14900000.0,553400000.0,245100000.0,-14900000.0,230200000.0,1561900000.0,232300000.0,232800000.0,237000000.0
Ecolab Inc,ECL,82DYEISM090VG8LTLS26,31462,2010.0,Q3YTD,2010-01-01,2010-09-30,,1.71,1.71,0.47,1.68,158800000.0,399500000.0,399500000.0,399000000.0,500000.0,2230100000.0,4514200000.0,,-1000000.0,1681900000.0,2230100000.0,2284100000.0,44900000.0,1680900000.0,603200000.0,-44900000.0,558300000.0,4514200000.0,232300000.0,232800000.0,237000000.0
Ecolab Inc,ECL,82DYEISM090VG8LTLS26,31462,2010.0,Q3TTM,2009-10-01,2010-09-30,,2.2,2.2,0.62,2.17,223200000.0,515800000.0,515800000.0,514800000.0,1000000.0,3011200000.0,6078700000.0,,9200000.0,2259300000.0,3011200000.0,3067500000.0,60000000.0,2268500000.0,799000000.0,-60000000.0,739000000.0,6078700000.0,232300000.0,232800000.0,237000000.0
Ecolab Inc,ECL,82DYEISM090VG8LTLS26,31462,2010.0,Q2,2010-04-01,2010-06-30,2010-08-05 06:03:00+00:00,0.55,0.55,0.155,0.54,59800000.0,129500000.0,129500000.0,129300000.0,200000.0,750000000.0,1520200000.0,,600000.0,565300000.0,750000000.0,770200000.0,15000000.0,565900000.0,204300000.0,-15000000.0,189300000.0,1520200000.0,235100000.0,233400000.0,237400000.0
Ecolab Inc,ECL,82DYEISM090VG8LTLS26,31462,2010.0,Q2YTD,2010-01-01,2010-06-30,,0.96,0.96,0.31,0.94,102900000.0,225200000.0,225200000.0,224800000.0,400000.0,1466700000.0,2952300000.0,,4100000.0,1123400000.0,1466700000.0,1485600000.0,30000000.0,1127500000.0,358100000.0,-30000000.0,328100000.0,2952300000.0,235100000.0,233400000.0,237400000.0
Ecolab Inc,ECL,82DYEISM090VG8LTLS26,31462,2010.0,Q2TTM,2009-07-01,2010-06-30,,2.06,2.06,0.61,2.03,230000000.0,486700000.0,486700000.0,485600000.0,1100000.0,3011700000.0,6063200000.0,,19700000.0,2254900000.0,3011700000.0,3051500000.0,60200000.0,2274600000.0,776900000.0,-60200000.0,716700000.0,6063200000.0,235100000.0,233400000.0,237400000.0
Ecolab Inc,ECL,82DYEISM090VG8LTLS26,31462,2010.0,Q1,2010-01-01,2010-03-31,2010-05-06 07:14:55+00:00,0.41,0.41,0.155,0.4,43100000.0,95700000.0,95700000.0,95500000.0,200000.0,716700000.0,1432100000.0,,3500000.0,558100000.0,716700000.0,715400000.0,15000000.0,561600000.0,153800000.0,-15000000.0,138800000.0,1432100000.0,232900000.0,235400000.0,239000000.0
Ecolab Inc,ECL,82DYEISM090VG8LTLS26,31462,2010.0,Q1TTM,2009-04-01,2010-03-31,,1.93,1.93,0.59,1.9,220500000.0,456700000.0,456700000.0,455400000.0,1300000.0,2986800000.0,5984500000.0,,44100000.0,2216000000.0,2986800000.0,2997700000.0,60400000.0,2260100000.0,737600000.0,-60400000.0,677200000.0,5984500000.0,232900000.0,235400000.0,239000000.0
Ecolab Inc,ECL,82DYEISM090VG8LTLS26,31462,2011.0,Q4,2011-10-01,2011-12-31,,0.34,0.34,0.2,0.33,41000000.0,88800000.0,88800000.0,88700000.0,100000.0,966500000.0,1845300000.0,,63000000.0,651600000.0,966500000.0,878800000.0,34400000.0,714600000.0,164200000.0,-34400000.0,129800000.0,1845300000.0,237200000.0,236900000.0,242100000.0
Ecolab Inc,ECL,82DYEISM090VG8LTLS26,31462,2011.0,FY,2011-01-01,2011-12-31,2014-02-28 07:52:07+00:00,1.95,1.95,0.725,1.91,216300000.0,463300000.0,463300000.0,462500000.0,800000.0,3475600000.0,6798500000.0,,131000000.0,2438100000.0,3475600000.0,3322900000.0,74200000.0,2569100000.0,753800000.0,-74200000.0,679600000.0,6798500000.0,237200000.0,236900000.0,242100000.0
Ecolab Inc,ECL,82DYEISM090VG8LTLS26,31462,2011.0,Q3,2011-07-01,2011-09-30,2012-10-30 16:35:25+00:00,0.67,0.67,0.175,0.65,71900000.0,154500000.0,154500000.0,154300000.0,200000.0,877900000.0,1736100000.0,,23300000.0,595300000.0,877900000.0,858200000.0,13200000.0,618600000.0,239600000.0,-13200000.0,226400000.0,1736100000.0,230300000.0,231900000.0,236100000.0
Ecolab Inc,ECL,82DYEISM090VG8LTLS26,31462,2011.0,Q3YTD,2011-01-01,2011-09-30,,1.61,1.61,0.52,1.58,175300000.0,374500000.0,374500000.0,373800000.0,700000.0,2509100000.0,4953200000.0,,68000000.0,1786500000.0,2509100000.0,2444100000.0,39800000.0,1854500000.0,589600000.0,-39800000.0,549800000.0,4953200000.0,230300000.0,231900000.0,236100000.0
Ecolab Inc,ECL,82DYEISM090VG8LTLS26,31462,2011.0,Q3TTM,2010-10-01,2011-09-30,,2.17,2.17,0.7,2.13,233100000.0,506100000.0,506100000.0,505100000.0,1000000.0,3292800000.0,6528700000.0,,76500000.0,2366200000.0,3292800000.0,3235900000.0,54000000.0,2442700000.0,793200000.0,-54000000.0,739200000.0,6528700000.0,230300000.0,231900000.0,236100000.0
Ecolab Inc,ECL,82DYEISM090VG8LTLS26,31462,2011.0,Q2,2011-04-01,2011-06-30,2011-08-04 16:31:44+00:00,0.54,0.54,0.175,0.53,59000000.0,126200000.0,126200000.0,125900000.0,300000.0,860800000.0,1698800000.0,,30100000.0,609600000.0,860800000.0,838000000.0,13100000.0,639700000.0,198300000.0,-13100000.0,185200000.0,1698800000.0,233100000.0,231600000.0,236100000.0
Ecolab Inc,ECL,82DYEISM090VG8LTLS26,31462,2011.0,Q2YTD,2011-01-01,2011-06-30,,0.94,0.94,0.35,0.93,103400000.0,220000000.0,220000000.0,219500000.0,500000.0,1631200000.0,3217100000.0,,44700000.0,1191200000.0,1631200000.0,1585900000.0,26600000.0,1235900000.0,350000000.0,-26600000.0,323400000.0,3217100000.0,233100000.0,231600000.0,236100000.0
Ecolab Inc,ECL,82DYEISM090VG8LTLS26,31462,2011.0,Q2TTM,2010-07-01,2011-06-30,,2.25,2.25,0.68,2.22,217100000.0,525900000.0,525900000.0,525000000.0,900000.0,3178300000.0,6354500000.0,,48100000.0,2329400000.0,3178300000.0,3176200000.0,55700000.0,2377500000.0,798700000.0,-55700000.0,743000000.0,6354500000.0,233100000.0,231600000.0,236100000.0
Ecolab Inc,ECL,82DYEISM090VG8LTLS26,31462,2011.0,Q1,2011-01-01,2011-03-31,2011-05-05 07:31:11+00:00,0.4,0.4,0.175,0.4,44400000.0,93800000.0,93800000.0,93600000.0,200000.0,770400000.0,1518300000.0,,14600000.0,581600000.0,770400000.0,747900000.0,13500000.0,596200000.0,151700000.0,-13500000.0,138200000.0,1518300000.0,234000000.0,232000000.0,235900000.0
Ecolab Inc,ECL,82DYEISM090VG8LTLS26,31462,2011.0,Q1TTM,2010-04-01,2011-03-31,,2.26,2.26,0.66,2.23,217900000.0,529200000.0,529200000.0,528400000.0,800000.0,3067500000.0,6175900000.0,,18600000.0,2285100000.0,3067500000.0,3108400000.0,57600000.0,2303700000.0,804700000.0,-57600000.0,747100000.0,6175900000.0,234000000.0,232000000.0,235900000.0
Ecolab Inc,ECL,82DYEISM090VG8LTLS26,31462,2012.0,Q4,2012-10-01,2012-12-31,,0.8,0.8,0.23,0.76,98800000.0,234500000.0,234500000.0,231400000.0,3100000.0,1546100000.0,3045800000.0,,34700000.0,1069200000.0,1546100000.0,1499700000.0,62500000.0,1103900000.0,395800000.0,-62500000.0,333300000.0,3045800000.0,292000000.0,292500000.0,298900000.0
Ecolab Inc,ECL,82DYEISM090VG8LTLS26,31462,2012.0,FY,2012-01-01,2012-12-31,2015-02-27 08:50:20+00:00,2.41,2.41,0.83,2.35,311300000.0,701300000.0,701300000.0,703600000.0,-2300000.0,6385400000.0,11838700000.0,,145700000.0,4018300000.0,6385400000.0,5453300000.0,276700000.0,4164000000.0,1289300000.0,-276700000.0,1012600000.0,11838700000.0,292000000.0,292500000.0,298900000.0
Ecolab Inc,ECL,82DYEISM090VG8LTLS26,31462,2012.0,Q3,2012-07-01,2012-09-30,2012-10-30 16:35:25+00:00,0.81,0.81,0.2,0.8,97700000.0,239300000.0,239300000.0,238000000.0,1300000.0,1616400000.0,3023300000.0,,28000000.0,977700000.0,1616400000.0,1406900000.0,64200000.0,1005700000.0,401200000.0,-64200000.0,337000000.0,3023300000.0,293800000.0,292700000.0,298600000.0
Ecolab Inc,ECL,82DYEISM090VG8LTLS26,31462,2012.0,Q3YTD,2012-01-01,2012-09-30,,1.61,1.61,0.6,1.59,212500000.0,466800000.0,466800000.0,472200000.0,-5400000.0,4839300000.0,8792900000.0,,111000000.0,2949100000.0,4839300000.0,3953600000.0,214200000.0,3060100000.0,893500000.0,-214200000.0,679300000.0,8792900000.0,293800000.0,292700000.0,298600000.0
Ecolab Inc,ECL,82DYEISM090VG8LTLS26,31462,2012.0,Q3TTM,2011-10-01,2012-09-30,,1.95,1.95,0.8,1.92,253500000.0,555600000.0,555600000.0,560900000.0,-5300000.0,5805800000.0,10638200000.0,,174000000.0,3600700000.0,5805800000.0,4832400000.0,248600000.0,3774700000.0,1057700000.0,-248600000.0,809100000.0,10638200000.0,293800000.0,292700000.0,298600000.0
Ecolab Inc,ECL,82DYEISM090VG8LTLS26,31462,2012.0,Q2,2012-04-01,2012-06-30,2012-08-02 07:37:52+00:00,0.63,0.63,0.2,0.62,79200000.0,183400000.0,183400000.0,184500000.0,-1100000.0,1608900000.0,2958700000.0,,41600000.0,981700000.0,1608900000.0,1349800000.0,63900000.0,1023300000.0,326500000.0,-63900000.0,262600000.0,2958700000.0,292900000.0,291900000.0,298200000.0
Ecolab Inc,ECL,82DYEISM090VG8LTLS26,31462,2012.0,Q2YTD,2012-01-01,2012-06-30,,0.8,0.8,0.4,0.79,114800000.0,227500000.0,227500000.0,234200000.0,-6700000.0,3222900000.0,5769600000.0,,83000000.0,1971400000.0,3222900000.0,2546700000.0,150000000.0,2054400000.0,492300000.0,-150000000.0,342300000.0,5769600000.0,292900000.0,291900000.0,298200000.0
Ecolab Inc,ECL,82DYEISM090VG8LTLS26,31462,2012.0,Q2TTM,2011-07-01,2012-06-30,,1.81,1.81,0.77,1.77,227700000.0,470800000.0,470800000.0,477200000.0,-6400000.0,5067300000.0,9351000000.0,,169300000.0,3218300000.0,5067300000.0,4283700000.0,197600000.0,3387600000.0,896100000.0,-197600000.0,698500000.0,9351000000.0,292900000.0,291900000.0,298200000.0
Ecolab Inc,ECL,82DYEISM090VG8LTLS26,31462,2012.0,Q1,2012-01-01,2012-03-31,2012-05-03 07:01:54+00:00,0.17,0.17,0.2,0.17,35600000.0,44100000.0,44100000.0,49700000.0,-5600000.0,1614000000.0,2810900000.0,,41400000.0,989700000.0,1614000000.0,1196900000.0,86100000.0,1031100000.0,165800000.0,-86100000.0,79700000.0,2810900000.0,292400000.0,291500000.0,297900000.0
Ecolab Inc,ECL,82DYEISM090VG8LTLS26,31462,2012.0,Q1TTM,2011-04-01,2012-03-31,,1.72,1.72,0.75,1.68,207500000.0,413600000.0,413600000.0,418600000.0,-5000000.0,4319200000.0,8091100000.0,,157800000.0,2846200000.0,4319200000.0,3771900000.0,146800000.0,3004000000.0,767900000.0,-146800000.0,621100000.0,8091100000.0,292400000.0,291500000.0,297900000.0
Ecolab Inc,ECL,82DYEISM090VG8LTLS26,31462,2013.0,Q4,2013-10-01,2013-12-31,,0.96,0.96,0.28,0.94,113400000.0,289600000.0,289600000.0,287100000.0,2500000.0,1884900000.0,3559500000.0,,20200000.0,1183800000.0,1884900000.0,1674600000.0,67600000.0,1204000000.0,470600000.0,-67600000.0,403000000.0,3559500000.0,299600000.0,299900000.0,305900000.0
Ecolab Inc,ECL,82DYEISM090VG8LTLS26,31462,2013.0,FY,2013-01-01,2013-12-31,2015-02-27 08:50:20+00:00,3.23,3.23,0.965,3.16,324700000.0,973600000.0,973600000.0,967800000.0,5800000.0,7161200000.0,13253400000.0,,171300000.0,4360300000.0,7161200000.0,6092200000.0,262300000.0,4531600000.0,1560600000.0,-262300000.0,1298300000.0,13253400000.0,299600000.0,299900000.0,305900000.0
Ecolab Inc,ECL,82DYEISM090VG8LTLS26,31462,2013.0,Q3,2013-07-01,2013-09-30,2013-10-31 16:35:26+00:00,1.02,1.02,0.23,1.0,101800000.0,307200000.0,307200000.0,308000000.0,-800000.0,1882800000.0,3484000000.0,,27800000.0,1097400000.0,1882800000.0,1601200000.0,67000000.0,1125200000.0,476000000.0,-67000000.0,409000000.0,3484000000.0,302000000.0,301200000.0,307200000.0
Ecolab Inc,ECL,82DYEISM090VG8LTLS26,31462,2013.0,Q3YTD,2013-01-01,2013-09-30,,2.27,2.27,0.69,2.22,211300000.0,684000000.0,684000000.0,680700000.0,3300000.0,5276300000.0,9693900000.0,,151100000.0,3176500000.0,5276300000.0,4417600000.0,194700000.0,3327600000.0,1090000000.0,-194700000.0,895300000.0,9693900000.0,302000000.0,301200000.0,307200000.0
Ecolab Inc,ECL,82DYEISM090VG8LTLS26,31462,2013.0,Q3TTM,2012-10-01,2013-09-30,,3.07,3.07,0.92,2.98,310100000.0,918500000.0,918500000.0,912100000.0,6400000.0,6822400000.0,12739700000.0,,185800000.0,4245700000.0,6822400000.0,5917300000.0,257200000.0,4431500000.0,1485800000.0,-257200000.0,1228600000.0,12739700000.0,302000000.0,301200000.0,307200000.0
Ecolab Inc,ECL,82DYEISM090VG8LTLS26,31462,2013.0,Q2,2013-04-01,2013-06-30,2013-08-01 07:48:37+00:00,0.71,0.71,0.23,0.69,70300000.0,215800000.0,215800000.0,213100000.0,2700000.0,1828600000.0,3337800000.0,,73600000.0,1083300000.0,1828600000.0,1509200000.0,66200000.0,1156900000.0,352300000.0,-66200000.0,286100000.0,3337800000.0,300100000.0,301500000.0,307400000.0
Ecolab Inc,ECL,82DYEISM090VG8LTLS26,31462,2013.0,Q2YTD,2013-01-01,2013-06-30,,1.25,1.25,0.46,1.22,109500000.0,376800000.0,376800000.0,372700000.0,4100000.0,3393500000.0,6209900000.0,,123300000.0,2079100000.0,3393500000.0,2816400000.0,127700000.0,2202400000.0,614000000.0,-127700000.0,486300000.0,6209900000.0,300100000.0,301500000.0,307400000.0
Ecolab Inc,ECL,82DYEISM090VG8LTLS26,31462,2013.0,Q2TTM,2012-07-01,2013-06-30,,2.86,2.86,0.89,2.78,306000000.0,850600000.0,850600000.0,842100000.0,8500000.0,6556000000.0,12279000000.0,,186000000.0,4126000000.0,6556000000.0,5723000000.0,254400000.0,4312000000.0,1411000000.0,-254400000.0,1156600000.0,12279000000.0,300100000.0,301500000.0,307400000.0
Ecolab Inc,ECL,82DYEISM090VG8LTLS26,31462,2013.0,Q1,2013-01-01,2013-03-31,2013-05-02 06:37:18+00:00,0.54,0.54,0.23,0.53,39200000.0,161000000.0,161000000.0,159600000.0,1400000.0,1564900000.0,2872100000.0,,49700000.0,995800000.0,1564900000.0,1307200000.0,61500000.0,1045500000.0,261700000.0,-61500000.0,200200000.0,2872100000.0,295600000.0,295400000.0,300900000.0
Ecolab Inc,ECL,82DYEISM090VG8LTLS26,31462,2013.0,Q1TTM,2012-04-01,2013-03-31,,2.78,2.78,0.86,2.71,314900000.0,818200000.0,818200000.0,813500000.0,4700000.0,6336300000.0,11899900000.0,,154000000.0,4024400000.0,6336300000.0,5563600000.0,252100000.0,4178400000.0,1385200000.0,-252100000.0,1133100000.0,11899900000.0,295600000.0,295400000.0,300900000.0
Ecolab Inc,ECL,82DYEISM090VG8LTLS26,31462,2014.0,FY,2014-01-01,2014-12-31,2017-02-24 08:25:17+00:00,4.01,4.01,1.155,3.93,476200000.0,1222200000.0,1222200000.0,1202800000.0,19400000.0,7679100000.0,14280500000.0,,68800000.0,4577600000.0,7679100000.0,6601400000.0,256600000.0,4646400000.0,1955000000.0,-256600000.0,1698400000.0,14280500000.0,300000000.0,300100000.0,305900000.0
Ecolab Inc,ECL,82DYEISM090VG8LTLS26,31462,2014.0,Q4,2014-10-01,2014-12-31,,1.11,1.11,0.33,1.1,115200000.0,343300000.0,343300000.0,335500000.0,7800000.0,1979900000.0,3680800000.0,,38300000.0,1142100000.0,1979900000.0,1700900000.0,62000000.0,1180400000.0,520500000.0,-62000000.0,458500000.0,3680800000.0,300000000.0,300100000.0,305900000.0
Ecolab Inc,ECL,82DYEISM090VG8LTLS26,31462,2014.0,Q3,2014-07-01,2014-09-30,2015-11-02 16:33:02+00:00,1.22,1.22,0.275,1.19,138700000.0,369400000.0,369400000.0,364900000.0,4500000.0,1970600000.0,3694900000.0,,7000000.0,1145900000.0,1970600000.0,1724300000.0,63300000.0,1152900000.0,571400000.0,-63300000.0,508100000.0,3694900000.0,299100000.0,300000000.0,305700000.0
Ecolab Inc,ECL,82DYEISM090VG8LTLS26,31462,2014.0,Q3YTD,2014-01-01,2014-09-30,,2.9,2.9,0.83,2.83,361000000.0,878900000.0,878900000.0,867300000.0,11600000.0,5699200000.0,10599700000.0,,30500000.0,3435500000.0,5699200000.0,4900500000.0,194600000.0,3466000000.0,1434500000.0,-194600000.0,1239900000.0,10599700000.0,299100000.0,300000000.0,305700000.0
Ecolab Inc,ECL,82DYEISM090VG8LTLS26,31462,2014.0,Q3TTM,2013-10-01,2014-09-30,,3.86,3.86,1.1,3.77,474400000.0,1168500000.0,1168500000.0,1154400000.0,14100000.0,7584100000.0,14159200000.0,,50700000.0,4619300000.0,7584100000.0,6575100000.0,262200000.0,4670000000.0,1905100000.0,-262200000.0,1642900000.0,14159200000.0,299100000.0,300000000.0,305700000.0
Ecolab Inc,ECL,82DYEISM090VG8LTLS26,31462,2014.0,Q2YTD,2014-01-01,2014-06-30,,1.68,1.68,0.55,1.64,222300000.0,509500000.0,509500000.0,502400000.0,7100000.0,3728600000.0,6904800000.0,,23500000.0,2289600000.0,3728600000.0,3176200000.0,131300000.0,2313100000.0,863100000.0,-131300000.0,731800000.0,6904800000.0,299400000.0,299600000.0,305200000.0
Ecolab Inc,ECL,82DYEISM090VG8LTLS26,31462,2014.0,Q2TTM,2013-07-01,2014-06-30,,3.66,3.66,1.06,3.58,437500000.0,1106300000.0,1106300000.0,1097500000.0,8800000.0,7496300000.0,13948300000.0,,71500000.0,4570800000.0,7496300000.0,6452000000.0,265900000.0,4642300000.0,1809700000.0,-265900000.0,1543800000.0,13948300000.0,299400000.0,299600000.0,305200000.0
Ecolab Inc,ECL,82DYEISM090VG8LTLS26,31462,2014.0,Q2,2014-04-01,2014-06-30,2015-08-06 08:43:57+00:00,1.04,1.04,0.275,1.02,131000000.0,315000000.0,315000000.0,311400000.0,3600000.0,1909400000.0,3568200000.0,,-6100000.0,1152700000.0,1909400000.0,1658800000.0,66200000.0,1146600000.0,512200000.0,-66200000.0,446000000.0,3568200000.0,299400000.0,299600000.0,305200000.0
Ecolab Inc,ECL,82DYEISM090VG8LTLS26,31462,2014.0,Q1,2014-01-01,2014-03-31,2014-05-08 07:31:53+00:00,0.64,0.64,0.275,0.62,91300000.0,194500000.0,194500000.0,191000000.0,3500000.0,1819200000.0,3336600000.0,,29600000.0,1136900000.0,1819200000.0,1517400000.0,65100000.0,1166500000.0,350900000.0,-65100000.0,285800000.0,3336600000.0,298400000.0,300600000.0,306500000.0
Ecolab Inc,ECL,82DYEISM090VG8LTLS26,31462,2014.0,Q1TTM,2013-04-01,2014-03-31,,3.33,3.33,1.01,3.25,376800000.0,1007100000.0,1007100000.0,999200000.0,7900000.0,7415500000.0,13717900000.0,,151200000.0,4501400000.0,7415500000.0,6302400000.0,265900000.0,4652600000.0,1649800000.0,-265900000.0,1383900000.0,13717900000.0,298400000.0,300600000.0,306500000.0
Ecolab Inc,ECL,82DYEISM090VG8LTLS26,31462,2015.0,FY,2015-01-01,2015-12-31,2018-02-23 08:46:10+00:00,3.38,3.38,1.34,3.32,300500000.0,1017200000.0,1017200000.0,1002100000.0,15100000.0,7223500000.0,13545100000.0,,414800000.0,4345500000.0,7223500000.0,6321600000.0,243600000.0,4760300000.0,1561300000.0,-243600000.0,1317700000.0,13545100000.0,296500000.0,296400000.0,301400000.0
Ecolab Inc,ECL,82DYEISM090VG8LTLS26,31462,2015.0,Q4,2015-10-01,2015-12-31,,0.71,0.71,0.35,0.69,37600000.0,222900000.0,222900000.0,208900000.0,14000000.0,1831700000.0,3412000000.0,,198700000.0,1058800000.0,1831700000.0,1580300000.0,62300000.0,1257500000.0,322800000.0,-62300000.0,260500000.0,3412000000.0,296500000.0,296400000.0,301400000.0
Ecolab Inc,ECL,82DYEISM090VG8LTLS26,31462,2015.0,Q3,2015-07-01,2015-09-30,2016-11-03 16:32:00+00:00,0.87,0.87,0.33,0.86,105300000.0,250100000.0,250100000.0,257800000.0,-7700000.0,1820000000.0,3446400000.0,,142700000.0,1070700000.0,1820000000.0,1626400000.0,57600000.0,1213400000.0,413000000.0,-57600000.0,355400000.0,3446400000.0,296300000.0,295200000.0,300000000.0
Ecolab Inc,ECL,82DYEISM090VG8LTLS26,31462,2015.0,Q3YTD,2015-01-01,2015-09-30,,2.67,2.67,0.99,2.63,262900000.0,794300000.0,794300000.0,793200000.0,1100000.0,5391800000.0,10133100000.0,,216100000.0,3286700000.0,5391800000.0,4741300000.0,181300000.0,3502800000.0,1238500000.0,-181300000.0,1057200000.0,10133100000.0,296300000.0,295200000.0,300000000.0
Ecolab Inc,ECL,82DYEISM090VG8LTLS26,31462,2015.0,Q3TTM,2014-10-01,2015-09-30,,3.78,3.78,1.32,3.73,378100000.0,1137600000.0,1137600000.0,1128700000.0,8900000.0,7371700000.0,13813900000.0,,254400000.0,4428800000.0,7371700000.0,6442200000.0,243300000.0,4683200000.0,1759000000.0,-243300000.0,1515700000.0,13813900000.0,296300000.0,295200000.0,300000000.0
Ecolab Inc,ECL,82DYEISM090VG8LTLS26,31462,2015.0,Q2,2015-04-01,2015-06-30,2016-08-04 08:33:26+00:00,1.02,1.02,0.33,1.0,67800000.0,308800000.0,308800000.0,302000000.0,6800000.0,1806500000.0,3389100000.0,,65600000.0,1079200000.0,1806500000.0,1582600000.0,61200000.0,1144800000.0,437800000.0,-61200000.0,376600000.0,3389100000.0,296100000.0,296200000.0,301100000.0
Ecolab Inc,ECL,82DYEISM090VG8LTLS26,31462,2015.0,Q2YTD,2015-01-01,2015-06-30,,1.8,1.8,0.66,1.77,157600000.0,544200000.0,544200000.0,535400000.0,8800000.0,3571800000.0,6686700000.0,,73400000.0,2216000000.0,3571800000.0,3114900000.0,123700000.0,2289400000.0,825500000.0,-123700000.0,701800000.0,6686700000.0,296100000.0,296200000.0,301100000.0
Ecolab Inc,ECL,82DYEISM090VG8LTLS26,31462,2015.0,Q2TTM,2014-07-01,2015-06-30,,4.13,4.13,1.27,4.06,411500000.0,1256900000.0,1256900000.0,1235800000.0,21100000.0,7522300000.0,14062400000.0,,118700000.0,4504000000.0,7522300000.0,6540100000.0,249000000.0,4622700000.0,1917400000.0,-249000000.0,1668400000.0,14062400000.0,296100000.0,296200000.0,301100000.0
Ecolab Inc,ECL,82DYEISM090VG8LTLS26,31462,2015.0,Q1,2015-01-01,2015-03-31,2016-05-05 08:38:47+00:00,0.78,0.78,0.33,0.77,89800000.0,235400000.0,235400000.0,233400000.0,2000000.0,1765300000.0,3297600000.0,,7800000.0,1136800000.0,1765300000.0,1532300000.0,62500000.0,1144600000.0,387700000.0,-62500000.0,325200000.0,3297600000.0,299200000.0,298200000.0,303200000.0
Ecolab Inc,ECL,82DYEISM090VG8LTLS26,31462,2015.0,Q1TTM,2014-04-01,2015-03-31,,4.15,4.15,1.21,4.08,474700000.0,1263100000.0,1263100000.0,1245200000.0,17900000.0,7625200000.0,14241500000.0,,47000000.0,4577500000.0,7625200000.0,6616300000.0,254000000.0,4624500000.0,1991800000.0,-254000000.0,1737800000.0,14241500000.0,299200000.0,298200000.0,303200000.0
Ecolab Inc,ECL,82DYEISM090VG8LTLS26,31462,2016.0,FY,2016-01-01,2016-12-31,2019-03-01 06:25:44+00:00,4.2,4.2,1.42,4.14,402900000.0,1246500000.0,1246500000.0,1229000000.0,17500000.0,7533900000.0,13151800000.0,43800000.0,39500000.0,3708200000.0,7533900000.0,5617900000.0,264600000.0,3747700000.0,1870200000.0,-220800000.0,1649400000.0,13151800000.0,292600000.0,292500000.0,296700000.0
Ecolab Inc,ECL,82DYEISM090VG8LTLS26,31462,2016.0,Q4,2016-10-01,2016-12-31,,1.26,1.26,0.37,1.23,116200000.0,371400000.0,371400000.0,365700000.0,5700000.0,2380100000.0,3351100000.0,43800000.0,3800000.0,455100000.0,2380100000.0,971000000.0,68300000.0,458900000.0,512100000.0,-24500000.0,487600000.0,3351100000.0,292600000.0,292500000.0,296700000.0
Ecolab Inc,ECL,82DYEISM090VG8LTLS26,31462,2016.0,Q3,2016-07-01,2016-09-30,2017-11-02 16:58:38+00:00,1.28,1.28,0.35,1.27,129700000.0,379500000.0,379500000.0,374100000.0,5400000.0,1737200000.0,3386100000.0,,3200000.0,1071600000.0,1737200000.0,1648900000.0,64900000.0,1074800000.0,574100000.0,-64900000.0,509200000.0,3386100000.0,292300000.0,291600000.0,295700000.0
Ecolab Inc,ECL,82DYEISM090VG8LTLS26,31462,2016.0,Q3YTD,2016-01-01,2016-09-30,,2.94,2.94,1.05,2.91,286700000.0,875100000.0,875100000.0,863300000.0,11800000.0,5153800000.0,9800700000.0,,35700000.0,3253100000.0,5153800000.0,4646900000.0,196300000.0,3288800000.0,1358100000.0,-196300000.0,1161800000.0,9800700000.0,292300000.0,291600000.0,295700000.0
Ecolab Inc,ECL,82DYEISM090VG8LTLS26,31462,2016.0,Q3TTM,2015-10-01,2016-09-30,,3.65,3.65,1.4,3.6,324300000.0,1098000000.0,1098000000.0,1072200000.0,25800000.0,6985500000.0,13212700000.0,,234400000.0,4311900000.0,6985500000.0,6227200000.0,258600000.0,4546300000.0,1680900000.0,-258600000.0,1422300000.0,13212700000.0,292300000.0,291600000.0,295700000.0
Ecolab Inc,ECL,82DYEISM090VG8LTLS26,31462,2016.0,Q2,2016-04-01,2016-06-30,2017-08-03 08:40:53+00:00,0.88,0.88,0.35,0.87,83600000.0,263600000.0,263600000.0,258400000.0,5200000.0,1785200000.0,3317200000.0,,26200000.0,1093300000.0,1785200000.0,1532000000.0,65300000.0,1119500000.0,412500000.0,-65300000.0,347200000.0,3317200000.0,293600000.0,292400000.0,296500000.0
Ecolab Inc,ECL,82DYEISM090VG8LTLS26,31462,2016.0,Q2YTD,2016-01-01,2016-06-30,,1.66,1.66,0.7,1.64,157000000.0,495600000.0,495600000.0,489200000.0,6400000.0,3416600000.0,6414600000.0,,32500000.0,2181500000.0,3416600000.0,2998000000.0,131400000.0,2214000000.0,784000000.0,-131400000.0,652600000.0,6414600000.0,293600000.0,292400000.0,296500000.0
Ecolab Inc,ECL,82DYEISM090VG8LTLS26,31462,2016.0,Q2TTM,2015-07-01,2016-06-30,,3.24,3.24,1.38,3.19,299900000.0,968600000.0,968600000.0,955900000.0,12700000.0,7068300000.0,13273000000.0,,373900000.0,4311000000.0,7068300000.0,6204700000.0,251300000.0,4684900000.0,1519800000.0,-251300000.0,1268500000.0,13273000000.0,293600000.0,292400000.0,296500000.0
Ecolab Inc,ECL,82DYEISM090VG8LTLS26,31462,2016.0,Q1,2016-01-01,2016-03-31,2017-05-04 16:36:42+00:00,0.78,0.78,0.35,0.77,73400000.0,232000000.0,232000000.0,230800000.0,1200000.0,1631400000.0,3097400000.0,,6300000.0,1088200000.0,1631400000.0,1466000000.0,66100000.0,1094500000.0,371500000.0,-66100000.0,305400000.0,3097400000.0,295900000.0,294400000.0,298300000.0
Ecolab Inc,ECL,82DYEISM090VG8LTLS26,31462,2016.0,Q1TTM,2015-04-01,2016-03-31,,3.38,3.38,1.36,3.32,284100000.0,1013800000.0,1013800000.0,999500000.0,14300000.0,7089600000.0,13344900000.0,,413300000.0,4296900000.0,7089600000.0,6255300000.0,247200000.0,4710200000.0,1545100000.0,-247200000.0,1297900000.0,13344900000.0,295900000.0,294400000.0,298300000.0
Ecolab Inc,ECL,82DYEISM090VG8LTLS26,31462,2017.0,FY,2017-01-01,2017-12-31,2020-02-28 16:36:22+00:00,5.2,5.2,1.52,5.12,243800000.0,1518600000.0,1518600000.0,1504600000.0,14000000.0,8064200000.0,13835900000.0,67300000.0,-3700000.0,3825300000.0,8064200000.0,5771700000.0,255000000.0,3821600000.0,1950100000.0,-187700000.0,1762400000.0,13835900000.0,289300000.0,289600000.0,294000000.0
Ecolab Inc,ECL,82DYEISM090VG8LTLS26,31462,2017.0,Q4,2017-10-01,2017-12-31,,2.98,1.95,0.41,1.92,-20200000.0,568400000.0,568400000.0,562600000.0,5800000.0,2102400000.0,3649000000.0,16800000.0,-51600000.0,989000000.0,2102400000.0,1546600000.0,77800000.0,937400000.0,609200000.0,-61000000.0,548200000.0,3649000000.0,289300000.0,289600000.0,294000000.0
Ecolab Inc,ECL,82DYEISM090VG8LTLS26,31462,2017.0,Q3,2017-07-01,2017-09-30,2018-11-01 17:24:29+00:00,1.36,1.36,0.37,1.34,129300000.0,396600000.0,396600000.0,393200000.0,3400000.0,2064600000.0,3564500000.0,16900000.0,4900000.0,930900000.0,2064600000.0,1499900000.0,55100000.0,935800000.0,564100000.0,-38200000.0,525900000.0,3564500000.0,289100000.0,289000000.0,293400000.0
Ecolab Inc,ECL,82DYEISM090VG8LTLS26,31462,2017.0,Q3YTD,2017-01-01,2017-09-30,,2.22,3.25,1.11,3.2,264000000.0,950200000.0,950200000.0,942000000.0,8200000.0,5961800000.0,10186900000.0,50500000.0,47900000.0,2836300000.0,5961800000.0,4225100000.0,177200000.0,2884200000.0,1340900000.0,-126700000.0,1214200000.0,10186900000.0,289100000.0,289000000.0,293400000.0
Ecolab Inc,ECL,82DYEISM090VG8LTLS26,31462,2017.0,Q3TTM,2016-10-01,2017-09-30,,3.48,4.51,1.48,4.43,380200000.0,1321600000.0,1321600000.0,1307700000.0,13900000.0,8341900000.0,13538000000.0,94300000.0,51700000.0,3291400000.0,8341900000.0,5196100000.0,245500000.0,3343100000.0,1853000000.0,-151200000.0,1701800000.0,13538000000.0,289100000.0,289000000.0,293400000.0
Ecolab Inc,ECL,82DYEISM090VG8LTLS26,31462,2017.0,Q2,2017-04-01,2017-06-30,2018-08-02 08:31:34+00:00,-0.01,1.02,0.37,1.0,80500000.0,296300000.0,296300000.0,294800000.0,1500000.0,2045400000.0,3460000000.0,16800000.0,36800000.0,958200000.0,2045400000.0,1414600000.0,59600000.0,995000000.0,419600000.0,-42800000.0,376800000.0,3460000000.0,-29480000000.0,289800000.0,294100000.0
Ecolab Inc,ECL,82DYEISM090VG8LTLS26,31462,2017.0,Q2YTD,2017-01-01,2017-06-30,,0.86,1.89,0.74,1.86,134700000.0,553600000.0,553600000.0,548800000.0,4800000.0,3897200000.0,6622400000.0,33600000.0,43000000.0,1905400000.0,3897200000.0,2725200000.0,122100000.0,1948400000.0,776800000.0,-88500000.0,688300000.0,6622400000.0,-29480000000.0,289800000.0,294100000.0
Ecolab Inc,ECL,82DYEISM090VG8LTLS26,31462,2017.0,Q2TTM,2016-07-01,2017-06-30,,3.4,4.43,1.46,4.36,380600000.0,1304500000.0,1304500000.0,1288600000.0,15900000.0,8014500000.0,13359600000.0,77400000.0,50000000.0,3432100000.0,8014500000.0,5345100000.0,255300000.0,3482100000.0,1863000000.0,-177900000.0,1685100000.0,13359600000.0,-29480000000.0,289800000.0,294100000.0
Ecolab Inc,ECL,82DYEISM090VG8LTLS26,31462,2017.0,Q1,2017-01-01,2017-03-31,2018-05-03 08:15:34+00:00,0.87,0.87,0.37,0.86,54200000.0,257300000.0,257300000.0,254000000.0,3300000.0,1851800000.0,3162400000.0,16800000.0,6200000.0,947200000.0,1851800000.0,1310600000.0,62500000.0,953400000.0,357200000.0,-45700000.0,311500000.0,3162400000.0,292000000.0,290600000.0,295000000.0
Ecolab Inc,ECL,82DYEISM090VG8LTLS26,31462,2017.0,Q1TTM,2016-04-01,2017-03-31,,4.29,4.29,1.44,4.23,383700000.0,1271800000.0,1271800000.0,1252200000.0,19600000.0,7754300000.0,13216800000.0,60600000.0,39400000.0,3567200000.0,7754300000.0,5462500000.0,261000000.0,3606600000.0,1855900000.0,-200400000.0,1655500000.0,13216800000.0,292000000.0,290600000.0,295000000.0
Ecolab Inc,ECL,82DYEISM090VG8LTLS26,31462,2018.0,FY,2018-01-01,2018-12-31,2020-02-28 16:36:22+00:00,4.95,4.95,1.69,4.88,364300000.0,1440300000.0,1440300000.0,1429100000.0,11200000.0,8625900000.0,14668200000.0,79900000.0,126700000.0,3968600000.0,8625900000.0,6042300000.0,222300000.0,4095300000.0,1947000000.0,-142400000.0,1804600000.0,14668200000.0,288700000.0,288600000.0,292800000.0
Ecolab Inc,ECL,82DYEISM090VG8LTLS26,31462,2018.0,Q4,2018-10-01,2018-12-31,,1.36,1.36,0.46,1.36,147700000.0,400200000.0,400200000.0,395100000.0,5100000.0,2216800000.0,3760500000.0,19900000.0,13000000.0,948800000.0,2216800000.0,1543700000.0,53900000.0,961800000.0,581900000.0,-34000000.0,547900000.0,3760500000.0,288700000.0,288600000.0,292800000.0
Ecolab Inc,ECL,82DYEISM090VG8LTLS26,31462,2018.0,Q3,2018-07-01,2018-09-30,2019-10-31 17:03:40+00:00,1.51,1.51,0.41,1.48,43200000.0,438300000.0,438300000.0,435400000.0,2900000.0,2190700000.0,3747200000.0,21000000.0,75600000.0,964700000.0,2190700000.0,1556500000.0,55700000.0,1040300000.0,516200000.0,-34700000.0,481500000.0,3747200000.0,288300000.0,288800000.0,293400000.0
Ecolab Inc,ECL,82DYEISM090VG8LTLS26,31462,2018.0,Q3YTD,2018-01-01,2018-09-30,,3.59,3.59,1.23,3.52,216600000.0,1040100000.0,1040100000.0,1034000000.0,6100000.0,6409100000.0,10907700000.0,60000000.0,113700000.0,3019800000.0,6409100000.0,4498600000.0,168400000.0,3133500000.0,1365100000.0,-108400000.0,1256700000.0,10907700000.0,288300000.0,288800000.0,293400000.0
Ecolab Inc,ECL,82DYEISM090VG8LTLS26,31462,2018.0,Q3TTM,2017-10-01,2018-09-30,,6.57,5.54,1.64,5.44,196400000.0,1608500000.0,1608500000.0,1596600000.0,11900000.0,8511500000.0,14556700000.0,76800000.0,62100000.0,4008800000.0,8511500000.0,6045200000.0,246200000.0,4070900000.0,1974300000.0,-169400000.0,1804900000.0,14556700000.0,288300000.0,288800000.0,293400000.0
Ecolab Inc,ECL,82DYEISM090VG8LTLS26,31462,2018.0,Q2,2018-04-01,2018-06-30,2019-08-01 07:35:38+00:00,1.22,1.22,0.41,1.2,104300000.0,353600000.0,353600000.0,351300000.0,2300000.0,2146100000.0,3689600000.0,19600000.0,12100000.0,1036800000.0,2146100000.0,1543500000.0,56300000.0,1048900000.0,494600000.0,-36700000.0,457900000.0,3689600000.0,288000000.0,288800000.0,293300000.0
Ecolab Inc,ECL,82DYEISM090VG8LTLS26,31462,2018.0,Q2YTD,2018-01-01,2018-06-30,,2.08,2.08,0.82,2.04,173400000.0,601800000.0,601800000.0,598600000.0,3200000.0,4218400000.0,7160500000.0,39000000.0,38100000.0,2055100000.0,4218400000.0,2942100000.0,112700000.0,2093200000.0,848900000.0,-73700000.0,775200000.0,7160500000.0,288000000.0,288800000.0,293300000.0
Ecolab Inc,ECL,82DYEISM090VG8LTLS26,31462,2018.0,Q2TTM,2017-07-01,2018-06-30,,6.42,5.39,1.6,5.3,282500000.0,1566800000.0,1566800000.0,1554400000.0,12400000.0,8385400000.0,14374000000.0,72700000.0,-8600000.0,3975000000.0,8385400000.0,5988600000.0,245600000.0,3966400000.0,2022200000.0,-172900000.0,1849300000.0,14374000000.0,288000000.0,288800000.0,293300000.0
Ecolab Inc,ECL,82DYEISM090VG8LTLS26,31462,2018.0,Q1,2018-01-01,2018-03-31,2019-05-02 07:58:50+00:00,0.86,0.86,0.41,0.84,69100000.0,248200000.0,248200000.0,247300000.0,900000.0,2072300000.0,3470900000.0,19400000.0,26000000.0,1018300000.0,2072300000.0,1398600000.0,56400000.0,1044300000.0,354300000.0,-37000000.0,317300000.0,3470900000.0,287600000.0,288600000.0,292700000.0
Ecolab Inc,ECL,82DYEISM090VG8LTLS26,31462,2018.0,Q1TTM,2017-04-01,2018-03-31,,5.19,5.19,1.56,5.1,258700000.0,1509500000.0,1509500000.0,1497900000.0,11600000.0,8284700000.0,14144400000.0,69900000.0,16100000.0,3896400000.0,8284700000.0,5859700000.0,248900000.0,3912500000.0,1947200000.0,-179000000.0,1768200000.0,14144400000.0,287600000.0,288600000.0,292700000.0
Ecolab Inc,ECL,82DYEISM090VG8LTLS26,31462,2019.0,Q4,2019-10-01,2019-12-31,,1.49,1.49,0.47,1.47,93300000.0,434300000.0,434300000.0,429600000.0,4700000.0,2218200000.0,3823600000.0,13400000.0,61000000.0,984000000.0,2218200000.0,1605400000.0,46200000.0,1045000000.0,560400000.0,-32800000.0,527600000.0,3823600000.0,288200000.0,288100000.0,292500000.0
Ecolab Inc,ECL,82DYEISM090VG8LTLS26,31462,2019.0,FY,2019-01-01,2019-12-31,2020-02-28 16:36:22+00:00,5.41,5.41,1.85,5.33,322700000.0,1576200000.0,1576200000.0,1558900000.0,17300000.0,8723400000.0,14906300000.0,76300000.0,211600000.0,3957500000.0,8723400000.0,6182900000.0,191200000.0,4169100000.0,2013800000.0,-114900000.0,1898900000.0,14906300000.0,288200000.0,288100000.0,292500000.0
Ecolab Inc,ECL,82DYEISM090VG8LTLS26,31462,2019.0,Q3YTD,2019-01-01,2019-09-30,,3.92,3.92,1.38,3.86,229400000.0,1141900000.0,1141900000.0,1129300000.0,12600000.0,6505200000.0,11082700000.0,62900000.0,150600000.0,2973500000.0,6505200000.0,4577500000.0,145000000.0,3124100000.0,1453400000.0,-82100000.0,1371300000.0,11082700000.0,288300000.0,288100000.0,292800000.0
Ecolab Inc,ECL,82DYEISM090VG8LTLS26,31462,2019.0,Q3TTM,2018-10-01,2019-09-30,,5.28,5.28,1.84,5.22,377100000.0,1542100000.0,1542100000.0,1524400000.0,17700000.0,8722000000.0,14843200000.0,82800000.0,163600000.0,3922300000.0,8722000000.0,6121200000.0,198900000.0,4085900000.0,2035300000.0,-116100000.0,1919200000.0,14843200000.0,288300000.0,288100000.0,292800000.0
Ecolab Inc,ECL,82DYEISM090VG8LTLS26,31462,2019.0,Q3,2019-07-01,2019-09-30,2019-10-31 17:03:40+00:00,1.61,1.61,0.46,1.59,93000000.0,469300000.0,469300000.0,464200000.0,5100000.0,2207400000.0,3817900000.0,20800000.0,60400000.0,962500000.0,2207400000.0,1610500000.0,46100000.0,1022900000.0,587600000.0,-25300000.0,562300000.0,3817900000.0,288300000.0,288100000.0,292800000.0
Ecolab Inc,ECL,82DYEISM090VG8LTLS26,31462,2019.0,Q2YTD,2019-01-01,2019-06-30,,2.31,2.31,0.92,2.27,136400000.0,672600000.0,672600000.0,665100000.0,7500000.0,4297800000.0,7264800000.0,42100000.0,90200000.0,2011000000.0,4297800000.0,2967000000.0,98900000.0,2101200000.0,865800000.0,-56800000.0,809000000.0,7264800000.0,288000000.0,287600000.0,292100000.0
Ecolab Inc,ECL,82DYEISM090VG8LTLS26,31462,2019.0,Q2TTM,2018-07-01,2019-06-30,,5.18,5.18,1.79,5.11,327300000.0,1511100000.0,1511100000.0,1495600000.0,15500000.0,8705300000.0,14772500000.0,83000000.0,178800000.0,3924500000.0,8705300000.0,6067200000.0,208500000.0,4103300000.0,1963900000.0,-125500000.0,1838400000.0,14772500000.0,288000000.0,287600000.0,292100000.0
Ecolab Inc,ECL,82DYEISM090VG8LTLS26,31462,2019.0,Q2,2019-04-01,2019-06-30,2019-08-01 07:35:38+00:00,1.28,1.28,0.46,1.26,97800000.0,372200000.0,372200000.0,368600000.0,3600000.0,2208200000.0,3759400000.0,20900000.0,49900000.0,1002700000.0,2208200000.0,1551200000.0,49500000.0,1052600000.0,498600000.0,-28600000.0,470000000.0,3759400000.0,288000000.0,287600000.0,292100000.0
Ecolab Inc,ECL,82DYEISM090VG8LTLS26,31462,2019.0,Q1,2019-01-01,2019-03-31,2020-05-07 16:07:54+00:00,1.03,1.03,0.46,1.01,38600000.0,300400000.0,300400000.0,296500000.0,3900000.0,2089600000.0,3505400000.0,21200000.0,40300000.0,1008300000.0,2089600000.0,1415800000.0,49400000.0,1048600000.0,367200000.0,-28200000.0,339000000.0,3505400000.0,287900000.0,288200000.0,292300000.0
Ecolab Inc,ECL,82DYEISM090VG8LTLS26,31462,2019.0,Q1TTM,2018-04-01,2019-03-31,,5.12,5.12,1.74,5.05,333800000.0,1492500000.0,1492500000.0,1478300000.0,14200000.0,8643200000.0,14702700000.0,81700000.0,141000000.0,3958600000.0,8643200000.0,6059500000.0,215300000.0,4099600000.0,1959900000.0,-133600000.0,1826300000.0,14702700000.0,287900000.0,288200000.0,292300000.0
Ecolab Inc,ECL,82DYEISM090VG8LTLS26,31462,2020.0,Q1TTM,2019-04-01,2020-03-31,,5.36,5.36,1.86,5.29,358200000.0,1566000000.0,1566000000.0,1545800000.0,20200000.0,8750600000.0,14982300000.0,70300000.0,223700000.0,3964200000.0,8750600000.0,6231700000.0,189900000.0,4187900000.0,2043800000.0,-119600000.0,1924200000.0,14982300000.0,289200000.0,288800000.0,292600000.0
Ecolab Inc,ECL,82DYEISM090VG8LTLS26,31462,2020.0,Q1,2020-01-01,2020-03-31,2020-05-07 16:07:54+00:00,0.98,0.98,0.47,0.97,74100000.0,290200000.0,290200000.0,283400000.0,6800000.0,2116800000.0,3581400000.0,15200000.0,52400000.0,1015000000.0,2116800000.0,1464600000.0,48100000.0,1067400000.0,397200000.0,-32900000.0,364300000.0,3581400000.0,289200000.0,288800000.0,292600000.0
