company_name,company_ticker,company_lei,company_cik,year,quarter,start_date,end_date,filing_date,basicdilutedeps,basiceps,cashdividendspershare,dilutedeps,incometaxexpense,netincome,netincomecontinuing,netincomediscontinued,netincometocommon,operatingcostofrevenue,operatingrevenue,otherincome,otheroperatingexpenses,rdexpense,restructuringcharge,sgaexpense,totalcostofrevenue,totalgrossprofit,totalinterestexpense,totalinterestincome,totaloperatingexpenses,totaloperatingincome,totalotherincome,totalpretaxincome,totalrevenue,weightedavebasicdilutedsharesos,weightedavebasicsharesos,weightedavedilutedsharesos
FLIR Systems Inc,FLIR,VOBD35NEPH6WISIRTJ85,354908,2007.0,FY,2007-01-01,2007-12-31,2010-02-26 12:58:45+00:00,0.99,0.99,,0.89,52502000.0,133572000.0,133572000.0,,133572000.0,346167000.0,779397000.0,3932000.0,,72458000.0,,168940000.0,346167000.0,433230000.0,15309000.0,5619000.0,241398000.0,191832000.0,-5758000.0,186074000.0,779397000.0,134900000.0,134900000.0,150100000.0
FLIR Systems Inc,FLIR,VOBD35NEPH6WISIRTJ85,354908,2008.0,FY,2008-01-01,2008-12-31,2011-03-01 13:57:41+00:00,1.45,1.45,,1.28,89418000.0,200900000.0,200900000.0,,200900000.0,470832000.0,1076974000.0,12766000.0,,89964000.0,,231687000.0,470832000.0,606142000.0,14336000.0,7397000.0,321651000.0,284491000.0,5827000.0,290318000.0,1076974000.0,138600000.0,138600000.0,157000000.0
FLIR Systems Inc,FLIR,VOBD35NEPH6WISIRTJ85,354908,2008.0,Q3,2008-07-01,2008-09-30,2009-11-06 17:49:00+00:00,0.39,0.39,,0.35,23354000.0,54779000.0,54779000.0,,54779000.0,121478000.0,276740000.0,4956000.0,,21639000.0,,56973000.0,121478000.0,155262000.0,3473000.0,,78612000.0,76650000.0,1483000.0,78133000.0,276740000.0,140500000.0,139211000.0,163124000.0
FLIR Systems Inc,FLIR,VOBD35NEPH6WISIRTJ85,354908,2008.0,Q2,2008-04-01,2008-06-30,2009-08-10 12:10:15+00:00,,0.32,,0.29,20059000.0,44617000.0,44617000.0,,44617000.0,114364000.0,260978000.0,3637000.0,,23547000.0,,58394000.0,114364000.0,146614000.0,3634000.0,,81941000.0,64673000.0,3000.0,64676000.0,260978000.0,,138054000.0,162344000.0
FLIR Systems Inc,FLIR,VOBD35NEPH6WISIRTJ85,354908,2009.0,FY,2009-01-01,2009-12-31,2012-02-29 13:19:29+00:00,1.54,1.54,,1.45,110180000.0,230213000.0,230213000.0,0.0,230213000.0,488558000.0,1147087000.0,-1761000.0,,91301000.0,,219941000.0,488558000.0,658529000.0,6882000.0,1749000.0,311242000.0,347287000.0,-6894000.0,340393000.0,1147087000.0,149405000.0,149405000.0,158800000.0
FLIR Systems Inc,FLIR,VOBD35NEPH6WISIRTJ85,354908,2009.0,Q3,2009-07-01,2009-09-30,2010-11-09 11:27:03+00:00,0.4,0.4,,0.38,26382000.0,60035000.0,60035000.0,,60035000.0,122736000.0,285553000.0,-1664000.0,,21294000.0,,52204000.0,122736000.0,162817000.0,1238000.0,,73498000.0,89319000.0,-2902000.0,86417000.0,285553000.0,150100000.0,151573000.0,160287000.0
FLIR Systems Inc,FLIR,VOBD35NEPH6WISIRTJ85,354908,2009.0,Q2,2009-04-01,2009-06-30,2010-08-06 14:42:01+00:00,0.37,0.37,,0.35,26189000.0,55653000.0,55653000.0,,55653000.0,116030000.0,277978000.0,-1092000.0,,23232000.0,,54055000.0,116030000.0,161948000.0,1727000.0,,77287000.0,84661000.0,-2819000.0,81842000.0,277978000.0,150400000.0,149948000.0,161354000.0
FLIR Systems Inc,FLIR,VOBD35NEPH6WISIRTJ85,354908,2010.0,Q4,2010-10-01,2010-12-31,,0.44,0.44,,0.43,31840000.0,69822000.0,70070000.0,-248000.0,69822000.0,204653000.0,437509000.0,1597000.0,,35003000.0,,97487000.0,204653000.0,232856000.0,411000.0,358000.0,132490000.0,100366000.0,1544000.0,101910000.0,437509000.0,156141000.0,156141000.0,156141000.0
FLIR Systems Inc,FLIR,VOBD35NEPH6WISIRTJ85,354908,2010.0,FY,2010-01-01,2010-12-31,2013-03-01 12:15:11+00:00,1.59,1.59,,1.54,114326000.0,248126000.0,248374000.0,-248000.0,248126000.0,624796000.0,1388437000.0,4015000.0,,116635000.0,,286695000.0,624796000.0,763641000.0,2884000.0,1258000.0,403330000.0,360311000.0,2389000.0,362700000.0,1388437000.0,156141000.0,156141000.0,156141000.0
FLIR Systems Inc,FLIR,VOBD35NEPH6WISIRTJ85,354908,2010.0,Q3YTD,2010-01-01,2010-09-30,,1.15,1.15,,1.11,82486000.0,178304000.0,178304000.0,,178304000.0,420143000.0,950928000.0,2418000.0,,81632000.0,,189208000.0,420143000.0,530785000.0,2473000.0,900000.0,270840000.0,259945000.0,845000.0,260790000.0,950928000.0,157400000.0,158215000.0,160925000.0
FLIR Systems Inc,FLIR,VOBD35NEPH6WISIRTJ85,354908,2010.0,Q3,2010-07-01,2010-09-30,2011-11-08 14:01:45+00:00,0.4,0.4,,0.39,23568000.0,62955000.0,62955000.0,,62955000.0,150389000.0,332497000.0,631000.0,,28520000.0,,67801000.0,150389000.0,182108000.0,349000.0,454000.0,96321000.0,85787000.0,736000.0,86523000.0,332497000.0,157400000.0,158215000.0,160925000.0
FLIR Systems Inc,FLIR,VOBD35NEPH6WISIRTJ85,354908,2010.0,Q2YTD,2010-01-01,2010-06-30,,0.75,0.75,,0.72,58918000.0,115349000.0,115349000.0,,115349000.0,269754000.0,618431000.0,1787000.0,,53112000.0,,121407000.0,269754000.0,348677000.0,2124000.0,446000.0,174519000.0,174158000.0,109000.0,174267000.0,618431000.0,156500000.0,154495000.0,161643000.0
FLIR Systems Inc,FLIR,VOBD35NEPH6WISIRTJ85,354908,2010.0,Q2,2010-04-01,2010-06-30,2011-08-08 12:17:15+00:00,0.38,0.38,,0.37,31387000.0,59454000.0,59454000.0,,59454000.0,147810000.0,331133000.0,1734000.0,,28309000.0,,65199000.0,147810000.0,183323000.0,900000.0,192000.0,93508000.0,89815000.0,1026000.0,90841000.0,331133000.0,156500000.0,154495000.0,161643000.0
FLIR Systems Inc,FLIR,VOBD35NEPH6WISIRTJ85,354908,2010.0,Q1,2010-01-01,2010-03-31,2011-05-10 12:04:49+00:00,0.37,0.37,,0.35,27531000.0,55895000.0,55895000.0,,55895000.0,121944000.0,287298000.0,53000.0,,24803000.0,,56208000.0,121944000.0,165354000.0,1224000.0,254000.0,81011000.0,84343000.0,-917000.0,83426000.0,287298000.0,151100000.0,152899000.0,161604000.0
FLIR Systems Inc,FLIR,VOBD35NEPH6WISIRTJ85,354908,2011.0,Q4,2011-10-01,2011-12-31,,0.49,0.49,0.06,0.48,31318000.0,76131000.0,76833000.0,-702000.0,76131000.0,179712000.0,405211000.0,892000.0,,34919000.0,,80913000.0,179712000.0,225499000.0,3176000.0,768000.0,115832000.0,109667000.0,-1516000.0,108151000.0,405211000.0,158323000.0,158323000.0,158323000.0
FLIR Systems Inc,FLIR,VOBD35NEPH6WISIRTJ85,354908,2011.0,FY,2011-01-01,2011-12-31,2014-03-03 14:15:23+00:00,1.4,1.4,0.06,1.38,88427000.0,221474000.0,222652000.0,-1178000.0,221474000.0,714743000.0,1544062000.0,2098000.0,,147177000.0,0.0,368947000.0,714743000.0,829319000.0,5487000.0,1273000.0,516124000.0,313195000.0,-2116000.0,311079000.0,1544062000.0,158323000.0,158323000.0,158323000.0
FLIR Systems Inc,FLIR,VOBD35NEPH6WISIRTJ85,354908,2011.0,Q3YTD,2011-01-01,2011-09-30,,0.91,0.91,,0.9,57109000.0,145343000.0,145819000.0,-476000.0,145343000.0,535031000.0,1138851000.0,1206000.0,,112258000.0,,288034000.0,535031000.0,603820000.0,2311000.0,505000.0,400292000.0,203528000.0,-600000.0,202928000.0,1138851000.0,157900000.0,158665000.0,160798000.0
FLIR Systems Inc,FLIR,VOBD35NEPH6WISIRTJ85,354908,2011.0,Q3TTM,2010-10-01,2011-09-30,,1.35,1.35,,1.33,88949000.0,215165000.0,215889000.0,-724000.0,215165000.0,739684000.0,1576360000.0,2803000.0,,147261000.0,,385521000.0,739684000.0,836676000.0,2722000.0,863000.0,532782000.0,303894000.0,944000.0,304838000.0,1576360000.0,157900000.0,158665000.0,160798000.0
FLIR Systems Inc,FLIR,VOBD35NEPH6WISIRTJ85,354908,2011.0,Q3,2011-07-01,2011-09-30,2012-11-05 16:31:05+00:00,0.41,0.41,,0.4,19582000.0,64719000.0,64390000.0,329000.0,64719000.0,169430000.0,371327000.0,-66000.0,,35188000.0,,81300000.0,169430000.0,201897000.0,1526000.0,155000.0,116488000.0,85409000.0,-1437000.0,83972000.0,371327000.0,157900000.0,158665000.0,160798000.0
FLIR Systems Inc,FLIR,VOBD35NEPH6WISIRTJ85,354908,2011.0,Q2YTD,2011-01-01,2011-06-30,,0.5,0.5,,0.5,37527000.0,80624000.0,81429000.0,-805000.0,80624000.0,365601000.0,767524000.0,1272000.0,,77070000.0,,206734000.0,365601000.0,401923000.0,785000.0,350000.0,283804000.0,118119000.0,837000.0,118956000.0,767524000.0,162800000.0,159796000.0,162550000.0
FLIR Systems Inc,FLIR,VOBD35NEPH6WISIRTJ85,354908,2011.0,Q2TTM,2010-07-01,2011-06-30,,1.34,1.34,,1.32,92935000.0,213401000.0,214454000.0,-1053000.0,213401000.0,720643000.0,1537530000.0,3500000.0,,140593000.0,,372022000.0,720643000.0,816887000.0,1545000.0,1162000.0,512615000.0,304272000.0,3117000.0,307389000.0,1537530000.0,162800000.0,159796000.0,162550000.0
FLIR Systems Inc,FLIR,VOBD35NEPH6WISIRTJ85,354908,2011.0,Q2,2011-04-01,2011-06-30,2012-08-06 13:59:27+00:00,0.18,0.18,,0.18,13755000.0,29309000.0,29823000.0,-514000.0,29309000.0,186144000.0,391555000.0,2124000.0,,39481000.0,,124127000.0,186144000.0,205411000.0,435000.0,86000.0,163608000.0,41803000.0,1775000.0,43578000.0,391555000.0,162800000.0,159796000.0,162550000.0
FLIR Systems Inc,FLIR,VOBD35NEPH6WISIRTJ85,354908,2011.0,Q1TTM,2010-04-01,2011-03-31,,1.54,1.54,,1.51,110567000.0,243546000.0,244085000.0,-539000.0,243546000.0,682309000.0,1477108000.0,3110000.0,,129421000.0,,313094000.0,682309000.0,794799000.0,2010000.0,1268000.0,442515000.0,352284000.0,2368000.0,354652000.0,1477108000.0,160400000.0,159400000.0,162310000.0
FLIR Systems Inc,FLIR,VOBD35NEPH6WISIRTJ85,354908,2011.0,Q1,2011-01-01,2011-03-31,2012-05-10 12:21:28+00:00,0.32,0.32,,0.32,23772000.0,51315000.0,51606000.0,-291000.0,51315000.0,179457000.0,375969000.0,-852000.0,,37589000.0,,82607000.0,179457000.0,196512000.0,350000.0,264000.0,120196000.0,76316000.0,-938000.0,75378000.0,375969000.0,160400000.0,159400000.0,162310000.0
FLIR Systems Inc,FLIR,VOBD35NEPH6WISIRTJ85,354908,2012.0,Q4,2012-10-01,2012-12-31,,0.52,0.52,0.07,0.5,19528000.0,77261000.0,78177000.0,-916000.0,77261000.0,177310000.0,386385000.0,-151000.0,,33680000.0,2000000.0,73319000.0,177310000.0,209075000.0,2729000.0,509000.0,108999000.0,100076000.0,-2371000.0,97705000.0,386385000.0,151634000.0,151634000.0,151634000.0
FLIR Systems Inc,FLIR,VOBD35NEPH6WISIRTJ85,354908,2012.0,FY,2012-01-01,2012-12-31,2015-02-27 15:20:29+00:00,1.47,1.47,0.07,1.45,66556000.0,222398000.0,225356000.0,-2958000.0,222398000.0,670174000.0,1405358000.0,-1341000.0,,137354000.0,2000000.0,292500000.0,670174000.0,735184000.0,11659000.0,1582000.0,431854000.0,303330000.0,-11418000.0,291912000.0,1405358000.0,151634000.0,151634000.0,151634000.0
FLIR Systems Inc,FLIR,VOBD35NEPH6WISIRTJ85,354908,2012.0,Q3YTD,2012-01-01,2012-09-30,,0.95,0.95,,0.95,47028000.0,145137000.0,147179000.0,-2042000.0,145137000.0,492864000.0,1018973000.0,-1190000.0,,103674000.0,,219181000.0,492864000.0,526109000.0,8930000.0,1073000.0,322855000.0,203254000.0,-9047000.0,194207000.0,1018973000.0,151100000.0,150878000.0,152327000.0
FLIR Systems Inc,FLIR,VOBD35NEPH6WISIRTJ85,354908,2012.0,Q3TTM,2011-10-01,2012-09-30,,1.44,1.44,0.06,1.43,78346000.0,221268000.0,224012000.0,-2744000.0,221268000.0,672576000.0,1424184000.0,-298000.0,,138593000.0,,300094000.0,672576000.0,751608000.0,12106000.0,1841000.0,438687000.0,312921000.0,-10563000.0,302358000.0,1424184000.0,151100000.0,150878000.0,152327000.0
FLIR Systems Inc,FLIR,VOBD35NEPH6WISIRTJ85,354908,2012.0,Q3,2012-07-01,2012-09-30,2013-11-08 17:00:01+00:00,0.37,0.37,,0.37,13285000.0,55905000.0,55949000.0,-44000.0,55905000.0,158877000.0,332230000.0,-2175000.0,,29593000.0,,69523000.0,158877000.0,173353000.0,3096000.0,268000.0,99116000.0,74237000.0,-5003000.0,69234000.0,332230000.0,151100000.0,150878000.0,152327000.0
FLIR Systems Inc,FLIR,VOBD35NEPH6WISIRTJ85,354908,2012.0,Q2YTD,2012-01-01,2012-06-30,,0.58,0.58,,0.58,33743000.0,89232000.0,91230000.0,-1998000.0,89232000.0,333987000.0,686743000.0,985000.0,,74081000.0,,149658000.0,333987000.0,352756000.0,5834000.0,805000.0,223739000.0,129017000.0,-4044000.0,124973000.0,686743000.0,152200000.0,153172000.0,155033000.0
FLIR Systems Inc,FLIR,VOBD35NEPH6WISIRTJ85,354908,2012.0,Q2TTM,2011-07-01,2012-06-30,,1.48,1.48,0.06,1.46,84643000.0,230082000.0,232453000.0,-2371000.0,230082000.0,683129000.0,1463281000.0,1811000.0,,144188000.0,,311871000.0,683129000.0,780152000.0,10536000.0,1728000.0,456059000.0,324093000.0,-6997000.0,317096000.0,1463281000.0,152200000.0,153172000.0,155033000.0
FLIR Systems Inc,FLIR,VOBD35NEPH6WISIRTJ85,354908,2012.0,Q2,2012-04-01,2012-06-30,2013-08-08 12:56:58+00:00,0.27,0.27,,0.27,15685000.0,41093000.0,42405000.0,-1312000.0,41093000.0,168262000.0,338291000.0,-240000.0,,37510000.0,,71798000.0,168262000.0,170029000.0,2768000.0,377000.0,109308000.0,60721000.0,-2631000.0,58090000.0,338291000.0,152200000.0,153172000.0,155033000.0
FLIR Systems Inc,FLIR,VOBD35NEPH6WISIRTJ85,354908,2012.0,Q1TTM,2011-04-01,2012-03-31,,1.39,1.39,0.06,1.37,82713000.0,218298000.0,219871000.0,-1573000.0,218298000.0,701011000.0,1516545000.0,4175000.0,,146159000.0,,364200000.0,701011000.0,815534000.0,8203000.0,1437000.0,510359000.0,305175000.0,-2591000.0,302584000.0,1516545000.0,155300000.0,154485000.0,156972000.0
FLIR Systems Inc,FLIR,VOBD35NEPH6WISIRTJ85,354908,2012.0,Q1,2012-01-01,2012-03-31,2013-05-08 14:01:34+00:00,0.31,0.31,,0.31,18058000.0,48139000.0,48825000.0,-686000.0,48139000.0,165725000.0,348452000.0,1225000.0,,36571000.0,,77860000.0,165725000.0,182727000.0,3066000.0,428000.0,114431000.0,68296000.0,-1413000.0,66883000.0,348452000.0,155300000.0,154485000.0,156972000.0
FLIR Systems Inc,FLIR,VOBD35NEPH6WISIRTJ85,354908,2013.0,FY,2013-01-01,2013-12-31,2016-02-26 15:48:00+00:00,1.24,1.24,0.09,1.22,51971000.0,177015000.0,177015000.0,,177015000.0,759362000.0,1496372000.0,1276000.0,,147696000.0,25832000.0,322739000.0,759362000.0,737010000.0,14091000.0,1058000.0,496267000.0,240743000.0,-11757000.0,228986000.0,1496372000.0,142446000.0,142446000.0,142446000.0
FLIR Systems Inc,FLIR,VOBD35NEPH6WISIRTJ85,354908,2013.0,Q4,2013-10-01,2013-12-31,,0.2,0.2,0.09,0.2,6413000.0,28735000.0,28735000.0,,28735000.0,210227000.0,400319000.0,740000.0,,38425000.0,25832000.0,88033000.0,210227000.0,190092000.0,3731000.0,337000.0,152290000.0,37802000.0,-2654000.0,35148000.0,400319000.0,142446000.0,142446000.0,142446000.0
FLIR Systems Inc,FLIR,VOBD35NEPH6WISIRTJ85,354908,2013.0,Q3,2013-07-01,2013-09-30,2014-11-07 13:37:49+00:00,0.33,0.33,,0.32,13560000.0,46486000.0,46486000.0,,46486000.0,185251000.0,358141000.0,-53000.0,,32986000.0,0.0,76365000.0,185251000.0,172890000.0,3696000.0,256000.0,109351000.0,63539000.0,-3493000.0,60046000.0,358141000.0,140900000.0,141863000.0,144231000.0
FLIR Systems Inc,FLIR,VOBD35NEPH6WISIRTJ85,354908,2013.0,Q3YTD,2013-01-01,2013-09-30,,1.04,1.04,,1.02,45558000.0,148280000.0,148280000.0,,148280000.0,549135000.0,1096053000.0,536000.0,,109271000.0,,234706000.0,549135000.0,546918000.0,10360000.0,721000.0,343977000.0,202941000.0,-9103000.0,193838000.0,1096053000.0,140900000.0,141863000.0,144231000.0
FLIR Systems Inc,FLIR,VOBD35NEPH6WISIRTJ85,354908,2013.0,Q3TTM,2012-10-01,2013-09-30,,1.56,1.56,0.07,1.52,65086000.0,225541000.0,226457000.0,-916000.0,225541000.0,726445000.0,1482438000.0,385000.0,,142951000.0,2000000.0,308025000.0,726445000.0,755993000.0,13089000.0,1230000.0,452976000.0,303017000.0,-11474000.0,291543000.0,1482438000.0,140900000.0,141863000.0,144231000.0
FLIR Systems Inc,FLIR,VOBD35NEPH6WISIRTJ85,354908,2013.0,Q2,2013-04-01,2013-06-30,2014-08-08 10:59:43+00:00,0.35,0.35,,0.35,16446000.0,50158000.0,50158000.0,,50158000.0,199288000.0,389329000.0,-175000.0,,39601000.0,0.0,80168000.0,199288000.0,190041000.0,3767000.0,274000.0,119769000.0,70272000.0,-3668000.0,66604000.0,389329000.0,143300000.0,142085000.0,143774000.0
FLIR Systems Inc,FLIR,VOBD35NEPH6WISIRTJ85,354908,2013.0,Q2YTD,2013-01-01,2013-06-30,,0.71,0.71,,0.7,31998000.0,101794000.0,101794000.0,,101794000.0,363884000.0,737912000.0,589000.0,,76285000.0,,158341000.0,363884000.0,374028000.0,6664000.0,465000.0,234626000.0,139402000.0,-5610000.0,133792000.0,737912000.0,143300000.0,142085000.0,143774000.0
FLIR Systems Inc,FLIR,VOBD35NEPH6WISIRTJ85,354908,2013.0,Q2TTM,2012-07-01,2013-06-30,,1.6,1.6,0.07,1.57,64811000.0,234960000.0,235920000.0,-960000.0,234960000.0,700071000.0,1456527000.0,-1737000.0,,139558000.0,2000000.0,301183000.0,700071000.0,756456000.0,12489000.0,1242000.0,442741000.0,313715000.0,-12984000.0,300731000.0,1456527000.0,143300000.0,142085000.0,143774000.0
FLIR Systems Inc,FLIR,VOBD35NEPH6WISIRTJ85,354908,2013.0,Q1,2013-01-01,2013-03-31,2014-05-12 13:27:43+00:00,0.36,0.36,,0.35,15552000.0,51636000.0,51636000.0,,51636000.0,164596000.0,348583000.0,764000.0,,36684000.0,0.0,78173000.0,164596000.0,183987000.0,2897000.0,191000.0,114857000.0,69130000.0,-1942000.0,67188000.0,348583000.0,143400000.0,144629000.0,146291000.0
FLIR Systems Inc,FLIR,VOBD35NEPH6WISIRTJ85,354908,2013.0,Q1TTM,2012-04-01,2013-03-31,,1.52,1.52,0.07,1.49,64050000.0,225895000.0,228167000.0,-2272000.0,225895000.0,669045000.0,1405489000.0,-1802000.0,,137467000.0,2000000.0,292813000.0,669045000.0,736444000.0,11490000.0,1345000.0,432280000.0,304164000.0,-11947000.0,292217000.0,1405489000.0,143400000.0,144629000.0,146291000.0
FLIR Systems Inc,FLIR,VOBD35NEPH6WISIRTJ85,354908,2014.0,FY,2014-01-01,2014-12-31,2017-02-24 15:57:39+00:00,1.42,1.42,0.1,1.39,49268000.0,200261000.0,200261000.0,,200261000.0,780281000.0,1530654000.0,3473000.0,,142751000.0,16383000.0,331995000.0,780281000.0,750373000.0,14593000.0,1405000.0,491129000.0,259244000.0,-9715000.0,249529000.0,1530654000.0,141143000.0,141143000.0,141143000.0
FLIR Systems Inc,FLIR,VOBD35NEPH6WISIRTJ85,354908,2014.0,Q4,2014-10-01,2014-12-31,,0.52,0.52,0.1,0.5,10032000.0,72752000.0,72752000.0,,72752000.0,219629000.0,434366000.0,-1514000.0,,36096000.0,963000.0,90258000.0,219629000.0,214737000.0,3593000.0,471000.0,127317000.0,87420000.0,-4636000.0,82784000.0,434366000.0,141143000.0,141143000.0,141143000.0
FLIR Systems Inc,FLIR,VOBD35NEPH6WISIRTJ85,354908,2014.0,Q3,2014-07-01,2014-09-30,2015-11-09 14:57:42+00:00,0.37,0.37,,0.37,17606000.0,52857000.0,52857000.0,,52857000.0,190980000.0,375366000.0,3719000.0,,34022000.0,4060000.0,76295000.0,190980000.0,184386000.0,3663000.0,398000.0,114377000.0,70009000.0,454000.0,70463000.0,375366000.0,142900000.0,141433000.0,143413000.0
FLIR Systems Inc,FLIR,VOBD35NEPH6WISIRTJ85,354908,2014.0,Q3YTD,2014-01-01,2014-09-30,,0.9,0.9,,0.89,39236000.0,127509000.0,127509000.0,,127509000.0,560652000.0,1096288000.0,4987000.0,,106655000.0,15420000.0,241737000.0,560652000.0,535636000.0,11000000.0,934000.0,363812000.0,171824000.0,-5079000.0,166745000.0,1096288000.0,142900000.0,141433000.0,143413000.0
FLIR Systems Inc,FLIR,VOBD35NEPH6WISIRTJ85,354908,2014.0,Q3TTM,2013-10-01,2014-09-30,,1.1,1.1,0.09,1.09,45649000.0,156244000.0,156244000.0,,156244000.0,770879000.0,1496607000.0,5727000.0,,145080000.0,41252000.0,329770000.0,770879000.0,725728000.0,14731000.0,1271000.0,516102000.0,209626000.0,-7733000.0,201893000.0,1496607000.0,142900000.0,141433000.0,143413000.0
FLIR Systems Inc,FLIR,VOBD35NEPH6WISIRTJ85,354908,2014.0,Q2YTD,2014-01-01,2014-06-30,,0.53,0.53,,0.52,21630000.0,74652000.0,74652000.0,,74652000.0,369672000.0,720922000.0,1268000.0,,72633000.0,11360000.0,165442000.0,369672000.0,351250000.0,7337000.0,536000.0,249435000.0,101815000.0,-5533000.0,96282000.0,720922000.0,139900000.0,141574000.0,144120000.0
FLIR Systems Inc,FLIR,VOBD35NEPH6WISIRTJ85,354908,2014.0,Q2TTM,2013-07-01,2014-06-30,,1.06,1.06,0.09,1.04,41603000.0,149873000.0,149873000.0,,149873000.0,765150000.0,1479382000.0,1955000.0,,144044000.0,37192000.0,329840000.0,765150000.0,714232000.0,14764000.0,1129000.0,511076000.0,203156000.0,-11680000.0,191476000.0,1479382000.0,139900000.0,141574000.0,144120000.0
FLIR Systems Inc,FLIR,VOBD35NEPH6WISIRTJ85,354908,2014.0,Q2,2014-04-01,2014-06-30,2015-08-05 18:14:45+00:00,0.32,0.32,,0.31,12319000.0,44758000.0,44758000.0,,44758000.0,186662000.0,369380000.0,1070000.0,,36307000.0,3547000.0,83500000.0,186662000.0,182718000.0,3629000.0,272000.0,123354000.0,59364000.0,-2287000.0,57077000.0,369380000.0,139900000.0,141574000.0,144120000.0
FLIR Systems Inc,FLIR,VOBD35NEPH6WISIRTJ85,354908,2014.0,Q1TTM,2013-04-01,2014-03-31,,1.09,1.09,0.09,1.08,45730000.0,155273000.0,155273000.0,,155273000.0,777776000.0,1499331000.0,710000.0,,147338000.0,33645000.0,326508000.0,777776000.0,721555000.0,14902000.0,1131000.0,507491000.0,214064000.0,-13061000.0,201003000.0,1499331000.0,142400000.0,140932000.0,143828000.0
FLIR Systems Inc,FLIR,VOBD35NEPH6WISIRTJ85,354908,2014.0,Q1,2014-01-01,2014-03-31,2015-05-06 14:05:18+00:00,0.21,0.21,,0.21,9311000.0,29894000.0,29894000.0,,29894000.0,183010000.0,351542000.0,198000.0,,36326000.0,7813000.0,81942000.0,183010000.0,168532000.0,3708000.0,264000.0,126081000.0,42451000.0,-3246000.0,39205000.0,351542000.0,142400000.0,140932000.0,143828000.0
FLIR Systems Inc,FLIR,VOBD35NEPH6WISIRTJ85,354908,2015.0,FY,2015-01-01,2015-12-31,2018-02-23 16:23:38+00:00,1.73,1.73,0.11,1.72,63760000.0,241686000.0,241686000.0,,241686000.0,803506000.0,1557067000.0,12601000.0,0.0,132892000.0,1361000.0,313544000.0,803506000.0,753561000.0,14086000.0,1167000.0,447797000.0,305764000.0,-318000.0,305446000.0,1557067000.0,139353000.0,139353000.0,139353000.0
FLIR Systems Inc,FLIR,VOBD35NEPH6WISIRTJ85,354908,2015.0,Q4,2015-10-01,2015-12-31,,0.51,0.51,0.11,0.5,34578000.0,70204000.0,70204000.0,,70204000.0,230337000.0,437647000.0,14376000.0,,31792000.0,1361000.0,80660000.0,230337000.0,207310000.0,3397000.0,306000.0,113813000.0,93497000.0,11285000.0,104782000.0,437647000.0,139353000.0,139353000.0,139353000.0
FLIR Systems Inc,FLIR,VOBD35NEPH6WISIRTJ85,354908,2015.0,Q3,2015-07-01,2015-09-30,2016-11-04 17:17:49+00:00,0.52,0.52,,0.52,-1896000.0,73072000.0,73072000.0,,73072000.0,201189000.0,381928000.0,-1455000.0,,31200000.0,,73557000.0,201189000.0,180739000.0,3670000.0,319000.0,104757000.0,75982000.0,-4806000.0,71176000.0,381928000.0,140500000.0,139596000.0,140525000.0
FLIR Systems Inc,FLIR,VOBD35NEPH6WISIRTJ85,354908,2015.0,Q3YTD,2015-01-01,2015-09-30,,1.22,1.22,,1.22,29182000.0,171482000.0,171482000.0,,171482000.0,573169000.0,1119420000.0,-1775000.0,,101100000.0,,232884000.0,573169000.0,546251000.0,10689000.0,861000.0,333984000.0,212267000.0,-11603000.0,200664000.0,1119420000.0,140500000.0,139596000.0,140525000.0
FLIR Systems Inc,FLIR,VOBD35NEPH6WISIRTJ85,354908,2015.0,Q3TTM,2014-10-01,2015-09-30,,1.74,1.74,0.1,1.72,39214000.0,244234000.0,244234000.0,,244234000.0,792798000.0,1553786000.0,-3289000.0,,137196000.0,963000.0,323142000.0,792798000.0,760988000.0,14282000.0,1332000.0,461301000.0,299687000.0,-16239000.0,283448000.0,1553786000.0,140500000.0,139596000.0,140525000.0
FLIR Systems Inc,FLIR,VOBD35NEPH6WISIRTJ85,354908,2015.0,Q2,2015-04-01,2015-06-30,2016-08-03 14:36:50+00:00,0.36,0.36,,0.36,15948000.0,50500000.0,50500000.0,,50500000.0,203360000.0,392975000.0,-1020000.0,,35126000.0,,83958000.0,203360000.0,189615000.0,3358000.0,295000.0,119084000.0,70531000.0,-4083000.0,66448000.0,392975000.0,140300000.0,140063000.0,141491000.0
FLIR Systems Inc,FLIR,VOBD35NEPH6WISIRTJ85,354908,2015.0,Q2YTD,2015-01-01,2015-06-30,,0.7,0.7,,0.7,31078000.0,98410000.0,98410000.0,,98410000.0,371980000.0,737492000.0,-320000.0,,69900000.0,,159327000.0,371980000.0,365512000.0,7019000.0,542000.0,229227000.0,136285000.0,-6797000.0,129488000.0,737492000.0,140300000.0,140063000.0,141491000.0
FLIR Systems Inc,FLIR,VOBD35NEPH6WISIRTJ85,354908,2015.0,Q2TTM,2014-07-01,2015-06-30,,1.59,1.59,0.1,1.57,58716000.0,224019000.0,224019000.0,,224019000.0,782589000.0,1547224000.0,1885000.0,,140018000.0,5023000.0,325880000.0,782589000.0,764635000.0,14275000.0,1411000.0,470921000.0,293714000.0,-10979000.0,282735000.0,1547224000.0,140300000.0,140063000.0,141491000.0
FLIR Systems Inc,FLIR,VOBD35NEPH6WISIRTJ85,354908,2015.0,Q1,2015-01-01,2015-03-31,2016-05-06 16:30:39+00:00,0.34,0.34,,0.34,15130000.0,47910000.0,47910000.0,,47910000.0,168620000.0,344517000.0,700000.0,,34774000.0,,75369000.0,168620000.0,175897000.0,3661000.0,247000.0,110143000.0,65754000.0,-2714000.0,63040000.0,344517000.0,140900000.0,139768000.0,141472000.0
FLIR Systems Inc,FLIR,VOBD35NEPH6WISIRTJ85,354908,2015.0,Q1TTM,2014-04-01,2015-03-31,,1.55,1.55,0.1,1.52,55087000.0,218277000.0,218277000.0,,218277000.0,765891000.0,1523629000.0,3975000.0,,141199000.0,8570000.0,325422000.0,765891000.0,757738000.0,14546000.0,1388000.0,475191000.0,282547000.0,-9183000.0,273364000.0,1523629000.0,140900000.0,139768000.0,141472000.0
FLIR Systems Inc,FLIR,VOBD35NEPH6WISIRTJ85,354908,2016.0,FY,2016-01-01,2016-12-31,2019-02-27 19:13:53+00:00,1.22,1.22,0.12,1.2,109331000.0,166626000.0,166626000.0,,166626000.0,895046000.0,1662167000.0,-3092000.0,0.0,147537000.0,1431000.0,322435000.0,895046000.0,767121000.0,18071000.0,1402000.0,471403000.0,295718000.0,-19761000.0,275957000.0,1662167000.0,137138000.0,137138000.0,137138000.0
FLIR Systems Inc,FLIR,VOBD35NEPH6WISIRTJ85,354908,2016.0,Q4,2016-10-01,2016-12-31,,0.45,0.45,0.12,0.43,23776000.0,61500000.0,61500000.0,,61500000.0,260005000.0,474738000.0,-2954000.0,,38210000.0,1431000.0,82812000.0,260005000.0,214733000.0,4528000.0,478000.0,122453000.0,92280000.0,-7004000.0,85276000.0,474738000.0,137138000.0,137138000.0,137138000.0
FLIR Systems Inc,FLIR,VOBD35NEPH6WISIRTJ85,354908,2016.0,Q3,2016-07-01,2016-09-30,2017-10-27 16:16:22+00:00,0.43,0.43,,0.43,16575000.0,58633000.0,58633000.0,,58633000.0,213852000.0,405228000.0,-241000.0,,33839000.0,,76688000.0,213852000.0,191376000.0,5736000.0,336000.0,110527000.0,80849000.0,-5641000.0,75208000.0,405228000.0,136400000.0,136963000.0,137938000.0
FLIR Systems Inc,FLIR,VOBD35NEPH6WISIRTJ85,354908,2016.0,Q3YTD,2016-01-01,2016-09-30,,0.77,0.77,,0.77,85555000.0,105126000.0,105126000.0,,105126000.0,635041000.0,1187429000.0,-138000.0,,109327000.0,,239623000.0,635041000.0,552388000.0,13543000.0,924000.0,348950000.0,203438000.0,-12757000.0,190681000.0,1187429000.0,136400000.0,136963000.0,137938000.0
FLIR Systems Inc,FLIR,VOBD35NEPH6WISIRTJ85,354908,2016.0,Q3TTM,2015-10-01,2016-09-30,,1.28,1.28,0.11,1.27,120133000.0,175330000.0,175330000.0,,175330000.0,865378000.0,1625076000.0,14238000.0,,141119000.0,1361000.0,320283000.0,865378000.0,759698000.0,16940000.0,1230000.0,462763000.0,296935000.0,-1472000.0,295463000.0,1625076000.0,136400000.0,136963000.0,137938000.0
FLIR Systems Inc,FLIR,VOBD35NEPH6WISIRTJ85,354908,2016.0,Q2,2016-04-01,2016-06-30,2017-07-28 16:01:56+00:00,0.33,0.33,,0.33,14485000.0,45368000.0,45368000.0,,45368000.0,219407000.0,402729000.0,-1327000.0,,38208000.0,,79902000.0,219407000.0,183322000.0,4360000.0,328000.0,118110000.0,65212000.0,-5359000.0,59853000.0,402729000.0,137500000.0,137861000.0,138993000.0
FLIR Systems Inc,FLIR,VOBD35NEPH6WISIRTJ85,354908,2016.0,Q2YTD,2016-01-01,2016-06-30,,0.34,0.34,,0.34,68980000.0,46493000.0,46493000.0,,46493000.0,421189000.0,782201000.0,103000.0,,75488000.0,,162935000.0,421189000.0,361012000.0,7807000.0,588000.0,238423000.0,122589000.0,-7116000.0,115473000.0,782201000.0,137500000.0,137861000.0,138993000.0
FLIR Systems Inc,FLIR,VOBD35NEPH6WISIRTJ85,354908,2016.0,Q2TTM,2015-07-01,2016-06-30,,1.37,1.37,0.11,1.36,101662000.0,189769000.0,189769000.0,,189769000.0,852715000.0,1601776000.0,13024000.0,,138480000.0,1361000.0,317152000.0,852715000.0,749061000.0,14874000.0,1213000.0,456993000.0,292068000.0,-637000.0,291431000.0,1601776000.0,137500000.0,137861000.0,138993000.0
FLIR Systems Inc,FLIR,VOBD35NEPH6WISIRTJ85,354908,2016.0,Q1,2016-01-01,2016-03-31,2017-05-03 13:55:00+00:00,0.01,0.01,,0.01,54495000.0,1125000.0,1125000.0,,1125000.0,201782000.0,379472000.0,1430000.0,,37280000.0,,83033000.0,201782000.0,177690000.0,3447000.0,260000.0,120313000.0,57377000.0,-1757000.0,55620000.0,379472000.0,112500000.0,137496.0,138779.0
FLIR Systems Inc,FLIR,VOBD35NEPH6WISIRTJ85,354908,2016.0,Q1TTM,2015-04-01,2016-03-31,,1.4,1.4,0.11,1.39,103125000.0,194901000.0,194901000.0,,194901000.0,836668000.0,1592022000.0,13331000.0,,135398000.0,1361000.0,321208000.0,836668000.0,755354000.0,13872000.0,1180000.0,457967000.0,297387000.0,639000.0,298026000.0,1592022000.0,112500000.0,137496.0,138779.0
FLIR Systems Inc,FLIR,VOBD35NEPH6WISIRTJ85,354908,2017.0,FY,2017-01-01,2017-12-31,2020-02-27 16:34:25+00:00,0.78,0.78,0.15,0.77,171842000.0,107223000.0,107223000.0,,107223000.0,941658000.0,1800434000.0,4144000.0,23588000.0,170735000.0,625000.0,373867000.0,941658000.0,858776000.0,16804000.0,1764000.0,568815000.0,289961000.0,-10896000.0,279065000.0,1800434000.0,137456000.0,137456000.0,137456000.0
FLIR Systems Inc,FLIR,VOBD35NEPH6WISIRTJ85,354908,2017.0,Q4,2017-10-01,2017-12-31,,-0.37,-0.37,,-0.37,125718000.0,-50290000.0,-50290000.0,,-50290000.0,256952000.0,494784000.0,1679000.0,23588000.0,42833000.0,625000.0,93627000.0,256952000.0,237832000.0,4060000.0,650000.0,160673000.0,77159000.0,-1731000.0,75428000.0,494784000.0,137456000.0,137456000.0,137456000.0
FLIR Systems Inc,FLIR,VOBD35NEPH6WISIRTJ85,354908,2017.0,Q3,2017-07-01,2017-09-30,2018-10-30 14:02:17+00:00,0.46,0.46,,0.46,21004000.0,63529000.0,63529000.0,,63529000.0,241821000.0,464712000.0,778000.0,0.0,42873000.0,,92932000.0,241821000.0,222891000.0,3819000.0,488000.0,135805000.0,87086000.0,-2553000.0,84533000.0,464712000.0,138100000.0,137849000.0,139419000.0
FLIR Systems Inc,FLIR,VOBD35NEPH6WISIRTJ85,354908,2017.0,Q3YTD,2017-01-01,2017-09-30,,1.15,1.15,,1.14,46124000.0,157513000.0,157513000.0,,157513000.0,684706000.0,1305650000.0,2465000.0,,127902000.0,,280240000.0,684706000.0,620944000.0,12744000.0,1114000.0,408142000.0,212802000.0,-9165000.0,203637000.0,1305650000.0,138100000.0,137849000.0,139419000.0
FLIR Systems Inc,FLIR,VOBD35NEPH6WISIRTJ85,354908,2017.0,Q3TTM,2016-10-01,2017-09-30,,1.6,1.6,0.12,1.57,69900000.0,219013000.0,219013000.0,,219013000.0,944711000.0,1780388000.0,-489000.0,,166112000.0,1431000.0,363052000.0,944711000.0,835677000.0,17272000.0,1592000.0,530595000.0,305082000.0,-16169000.0,288913000.0,1780388000.0,138100000.0,137849000.0,139419000.0
FLIR Systems Inc,FLIR,VOBD35NEPH6WISIRTJ85,354908,2017.0,Q2,2017-04-01,2017-06-30,2018-07-27 14:25:16+00:00,0.38,0.38,,0.37,12127000.0,51413000.0,51413000.0,,51413000.0,227392000.0,434124000.0,1027000.0,0.0,43046000.0,,97056000.0,227392000.0,206732000.0,4472000.0,355000.0,140102000.0,66630000.0,-3090000.0,63540000.0,434124000.0,135300000.0,136865000.0,138449000.0
FLIR Systems Inc,FLIR,VOBD35NEPH6WISIRTJ85,354908,2017.0,Q2YTD,2017-01-01,2017-06-30,,0.69,0.69,,0.68,25120000.0,93984000.0,93984000.0,,93984000.0,442885000.0,840938000.0,1687000.0,,85029000.0,,187308000.0,442885000.0,398053000.0,8925000.0,626000.0,272337000.0,125716000.0,-6612000.0,119104000.0,840938000.0,135300000.0,136865000.0,138449000.0
FLIR Systems Inc,FLIR,VOBD35NEPH6WISIRTJ85,354908,2017.0,Q2TTM,2016-07-01,2017-06-30,,1.57,1.57,0.12,1.54,65471000.0,214117000.0,214117000.0,,214117000.0,916742000.0,1720904000.0,-1508000.0,,157078000.0,1431000.0,346808000.0,916742000.0,804162000.0,19189000.0,1440000.0,505317000.0,298845000.0,-19257000.0,279588000.0,1720904000.0,135300000.0,136865000.0,138449000.0
FLIR Systems Inc,FLIR,VOBD35NEPH6WISIRTJ85,354908,2017.0,Q1,2017-01-01,2017-03-31,2018-05-04 12:21:30+00:00,0.31,0.31,,0.31,12993000.0,42571000.0,42571000.0,,42571000.0,215493000.0,406814000.0,660000.0,0.0,41983000.0,,90252000.0,215493000.0,191321000.0,4453000.0,271000.0,132235000.0,59086000.0,-3522000.0,55564000.0,406814000.0,137300000.0,136359000.0,138239000.0
FLIR Systems Inc,FLIR,VOBD35NEPH6WISIRTJ85,354908,2017.0,Q1TTM,2016-04-01,2017-03-31,,1.52,1.52,0.12,1.5,67829000.0,208072000.0,208072000.0,,208072000.0,908757000.0,1689509000.0,-3862000.0,,152240000.0,1431000.0,329654000.0,908757000.0,780752000.0,19077000.0,1413000.0,483325000.0,297427000.0,-21526000.0,275901000.0,1689509000.0,137300000.0,136359000.0,138239000.0
FLIR Systems Inc,FLIR,VOBD35NEPH6WISIRTJ85,354908,2018.0,FY,2018-01-01,2018-12-31,2020-02-27 16:34:25+00:00,2.05,2.05,0.16,2.01,24678000.0,282425000.0,282425000.0,,282425000.0,875368000.0,1775686000.0,743000.0,13708000.0,176281000.0,4854000.0,386869000.0,875368000.0,900318000.0,16147000.0,3901000.0,581712000.0,318606000.0,-11503000.0,307103000.0,1775686000.0,137815000.0,137815000.0,137815000.0
FLIR Systems Inc,FLIR,VOBD35NEPH6WISIRTJ85,354908,2018.0,Q4,2018-10-01,2018-12-31,,0.72,0.72,-0.16,0.7,-14399000.0,98516000.0,98516000.0,,98516000.0,220684000.0,448463000.0,972000.0,3530000.0,43294000.0,4854000.0,90205000.0,220684000.0,227779000.0,4061000.0,1310000.0,141883000.0,85896000.0,-1779000.0,84117000.0,448463000.0,137815000.0,137815000.0,137815000.0
FLIR Systems Inc,FLIR,VOBD35NEPH6WISIRTJ85,354908,2018.0,Q3,2018-07-01,2018-09-30,2019-10-31 16:29:42+00:00,0.53,0.53,0.0,0.52,12267000.0,73151000.0,73151000.0,,73151000.0,212824000.0,434898000.0,-71000.0,0.0,41997000.0,,91525000.0,212824000.0,222074000.0,4042000.0,979000.0,133522000.0,88552000.0,-3134000.0,85418000.0,434898000.0,138000000.0,138190000.0,140327000.0
FLIR Systems Inc,FLIR,VOBD35NEPH6WISIRTJ85,354908,2018.0,Q3YTD,2018-01-01,2018-09-30,,1.33,1.33,0.16,1.31,39077000.0,183909000.0,183909000.0,,183909000.0,654684000.0,1327223000.0,-229000.0,10178000.0,132987000.0,,296664000.0,654684000.0,672539000.0,12086000.0,2591000.0,439829000.0,232710000.0,-9724000.0,222986000.0,1327223000.0,138000000.0,138190000.0,140327000.0
FLIR Systems Inc,FLIR,VOBD35NEPH6WISIRTJ85,354908,2018.0,Q3TTM,2017-10-01,2018-09-30,,0.96,0.96,0.16,0.94,164795000.0,133619000.0,133619000.0,,133619000.0,911636000.0,1822007000.0,1450000.0,33766000.0,175820000.0,625000.0,390291000.0,911636000.0,910371000.0,16146000.0,3241000.0,600502000.0,309869000.0,-11455000.0,298414000.0,1822007000.0,138000000.0,138190000.0,140327000.0
FLIR Systems Inc,FLIR,VOBD35NEPH6WISIRTJ85,354908,2018.0,Q2,2018-04-01,2018-06-30,2019-07-31 14:29:32+00:00,0.52,0.52,0.0,0.51,11390000.0,71563000.0,71563000.0,,71563000.0,220156000.0,452707000.0,-2377000.0,0.0,46429000.0,,97456000.0,220156000.0,232551000.0,3992000.0,656000.0,143885000.0,88666000.0,-5713000.0,82953000.0,452707000.0,137600000.0,137749000.0,140149000.0
FLIR Systems Inc,FLIR,VOBD35NEPH6WISIRTJ85,354908,2018.0,Q2YTD,2018-01-01,2018-06-30,,0.8,0.8,0.16,0.79,26810000.0,110758000.0,110758000.0,,110758000.0,441860000.0,892325000.0,-158000.0,10178000.0,90990000.0,,205139000.0,441860000.0,450465000.0,8044000.0,1612000.0,306307000.0,144158000.0,-6590000.0,137568000.0,892325000.0,137600000.0,137749000.0,140149000.0
FLIR Systems Inc,FLIR,VOBD35NEPH6WISIRTJ85,354908,2018.0,Q2TTM,2017-07-01,2018-06-30,,0.89,0.89,0.16,0.88,173532000.0,123997000.0,123997000.0,,123997000.0,940633000.0,1851821000.0,2299000.0,33766000.0,176696000.0,625000.0,391698000.0,940633000.0,911188000.0,15923000.0,2750000.0,602785000.0,308403000.0,-10874000.0,297529000.0,1851821000.0,137600000.0,137749000.0,140149000.0
FLIR Systems Inc,FLIR,VOBD35NEPH6WISIRTJ85,354908,2018.0,Q1,2018-01-01,2018-03-31,2019-05-02 14:26:08+00:00,0.28,0.28,0.16,0.28,15420000.0,39195000.0,39195000.0,,39195000.0,221704000.0,439618000.0,2219000.0,10178000.0,44561000.0,,107683000.0,221704000.0,217914000.0,4052000.0,956000.0,162422000.0,55492000.0,-877000.0,54615000.0,439618000.0,140000000.0,138504000.0,140994000.0
FLIR Systems Inc,FLIR,VOBD35NEPH6WISIRTJ85,354908,2018.0,Q1TTM,2017-04-01,2018-03-31,,0.75,0.75,0.16,0.74,174269000.0,103847000.0,103847000.0,,103847000.0,947869000.0,1833238000.0,5703000.0,33766000.0,173313000.0,625000.0,391298000.0,947869000.0,885369000.0,16403000.0,2449000.0,599002000.0,286367000.0,-8251000.0,278116000.0,1833238000.0,140000000.0,138504000.0,140994000.0
FLIR Systems Inc,FLIR,VOBD35NEPH6WISIRTJ85,354908,2019.0,Q4,2019-10-01,2019-12-31,,0.01,0.01,,0.01,40226000.0,1684000.0,1684000.0,,1684000.0,256609000.0,489044000.0,-5346000.0,,53456000.0,9490000.0,115436000.0,256609000.0,232435000.0,7341000.0,544000.0,178382000.0,54053000.0,-12143000.0,41910000.0,489044000.0,135016000.0,135016000.0,135016000.0
FLIR Systems Inc,FLIR,VOBD35NEPH6WISIRTJ85,354908,2019.0,FY,2019-01-01,2019-12-31,2020-02-27 16:34:25+00:00,1.27,1.27,,1.26,70319000.0,171597000.0,171597000.0,,171597000.0,957523000.0,1887026000.0,-6284000.0,0.0,204207000.0,10099000.0,441937000.0,957523000.0,929503000.0,27711000.0,2651000.0,656243000.0,273260000.0,-31344000.0,241916000.0,1887026000.0,135016000.0,135016000.0,135016000.0
FLIR Systems Inc,FLIR,VOBD35NEPH6WISIRTJ85,354908,2019.0,Q3YTD,2019-01-01,2019-09-30,,1.26,1.26,,1.25,30093000.0,169913000.0,169913000.0,,169913000.0,700914000.0,1397982000.0,-938000.0,,150751000.0,609000.0,326501000.0,700914000.0,697068000.0,20370000.0,2107000.0,477861000.0,219207000.0,-19201000.0,200006000.0,1397982000.0,134900000.0,134741000.0,136050000.0
FLIR Systems Inc,FLIR,VOBD35NEPH6WISIRTJ85,354908,2019.0,Q3TTM,2018-10-01,2019-09-30,,1.98,1.98,-0.16,1.95,15694000.0,268429000.0,268429000.0,,268429000.0,921598000.0,1846445000.0,34000.0,3530000.0,194045000.0,5463000.0,416706000.0,921598000.0,924847000.0,24431000.0,3417000.0,619744000.0,305103000.0,-20980000.0,284123000.0,1846445000.0,134900000.0,134741000.0,136050000.0
FLIR Systems Inc,FLIR,VOBD35NEPH6WISIRTJ85,354908,2019.0,Q3,2019-07-01,2019-09-30,2019-10-31 16:29:42+00:00,0.46,0.46,,0.46,5079000.0,62047000.0,62047000.0,,62047000.0,241661000.0,471248000.0,-292000.0,0.0,50050000.0,,105149000.0,241661000.0,229587000.0,7582000.0,612000.0,155199000.0,74388000.0,-7262000.0,67126000.0,471248000.0,134900000.0,134741000.0,136050000.0
FLIR Systems Inc,FLIR,VOBD35NEPH6WISIRTJ85,354908,2019.0,Q2YTD,2019-01-01,2019-06-30,,0.8,0.8,,0.79,25014000.0,107866000.0,107866000.0,,107866000.0,459253000.0,926734000.0,-646000.0,,100701000.0,609000.0,221352000.0,459253000.0,467481000.0,12788000.0,1495000.0,322662000.0,144819000.0,-11939000.0,132880000.0,926734000.0,135600000.0,135519000.0,137084000.0
FLIR Systems Inc,FLIR,VOBD35NEPH6WISIRTJ85,354908,2019.0,Q2TTM,2018-07-01,2019-06-30,,2.05,2.05,-0.16,2.01,22882000.0,279533000.0,279533000.0,,279533000.0,892761000.0,1810095000.0,255000.0,3530000.0,185992000.0,5463000.0,403082000.0,892761000.0,917334000.0,20891000.0,3784000.0,598067000.0,319267000.0,-16852000.0,302415000.0,1810095000.0,135600000.0,135519000.0,137084000.0
FLIR Systems Inc,FLIR,VOBD35NEPH6WISIRTJ85,354908,2019.0,Q2,2019-04-01,2019-06-30,2019-07-31 14:29:32+00:00,0.34,0.34,,0.34,12005000.0,46118000.0,46118000.0,,46118000.0,248378000.0,481998000.0,1220000.0,0.0,53021000.0,,116862000.0,248378000.0,233620000.0,7272000.0,438000.0,169883000.0,63737000.0,-5614000.0,58123000.0,481998000.0,135600000.0,135519000.0,137084000.0
FLIR Systems Inc,FLIR,VOBD35NEPH6WISIRTJ85,354908,2019.0,Q1,2019-01-01,2019-03-31,2020-05-06 07:51:20+00:00,0.46,0.46,0.0,0.45,13009000.0,61748000.0,61748000.0,,61748000.0,210875000.0,444736000.0,-1866000.0,,47680000.0,609000.0,104490000.0,210875000.0,233861000.0,5516000.0,1057000.0,152779000.0,81082000.0,-6325000.0,74757000.0,444736000.0,134200000.0,135541000.0,137165000.0
FLIR Systems Inc,FLIR,VOBD35NEPH6WISIRTJ85,354908,2019.0,Q1TTM,2018-04-01,2019-03-31,,2.23,2.23,-0.16,2.18,22267000.0,304978000.0,304978000.0,,304978000.0,864539000.0,1780804000.0,-3342000.0,3530000.0,179400000.0,5463000.0,383676000.0,864539000.0,916265000.0,17611000.0,4002000.0,572069000.0,344196000.0,-16951000.0,327245000.0,1780804000.0,134200000.0,135541000.0,137165000.0
FLIR Systems Inc,FLIR,VOBD35NEPH6WISIRTJ85,354908,2020.0,Q1TTM,2019-04-01,2020-03-31,,0.93,0.93,0.17,0.92,65084000.0,125273000.0,125273000.0,,125273000.0,978203000.0,1893213000.0,-3103000.0,,210374000.0,30274000.0,453689000.0,978203000.0,915010000.0,29156000.0,1943000.0,694337000.0,220673000.0,-30316000.0,190357000.0,1893213000.0,128500000.0,133596000.0,134927000.0
FLIR Systems Inc,FLIR,VOBD35NEPH6WISIRTJ85,354908,2020.0,Q1,2020-01-01,2020-03-31,2020-05-06 07:51:20+00:00,0.12,0.12,0.17,0.11,7774000.0,15424000.0,15424000.0,,15424000.0,231555000.0,450923000.0,1315000.0,,53847000.0,20784000.0,116242000.0,231555000.0,219368000.0,6961000.0,349000.0,190873000.0,28495000.0,-5297000.0,23198000.0,450923000.0,128500000.0,133596000.0,134927000.0
