company_name,company_ticker,company_lei,company_cik,year,quarter,start_date,end_date,filing_date,basicdilutedeps,basiceps,cashdividendspershare,depreciationexpense,dilutedeps,incometaxexpense,netincome,netincomecontinuing,netincometocommon,netincometononcontrollinginterest,operatingcostofrevenue,operatingrevenue,othergains,otherincome,preferreddividends,restructuringcharge,sgaexpense,totalcostofrevenue,totalgrossprofit,totalinterestexpense,totalinterestincome,totaloperatingexpenses,totaloperatingincome,totalotherincome,totalpretaxincome,totalrevenue,weightedavebasicdilutedsharesos,weightedavebasicsharesos,weightedavedilutedsharesos
Interpublic Group of Companies Inc,IPG,5493008IUOJ5VWTRC333,51644,2008.0,FY,2008-01-01,2008-12-31,2011-02-25 09:02:37+00:00,0.57,0.57,,,0.52,156600000.0,318000000.0,318000000.0,265200000.0,23000000.0,4342600000.0,6962700000.0,3100000.0,3100000.0,29800000.0,17100000.0,2013300000.0,4342600000.0,2620100000.0,211900000.0,90600000.0,2030400000.0,589700000.0,-118200000.0,471500000.0,6962700000.0,465300000.0,461500000.0,518300000.0
Interpublic Group of Companies Inc,IPG,5493008IUOJ5VWTRC333,51644,2009.0,FY,2009-01-01,2009-12-31,2012-02-24 09:09:28+00:00,0.2,0.2,0.0,,0.19,90100000.0,143400000.0,143400000.0,93600000.0,22100000.0,3961200000.0,6007400000.0,1100000.0,11700000.0,27700000.0,4600000.0,1700300000.0,3961200000.0,2046200000.0,155600000.0,35000000.0,1704900000.0,341300000.0,-108900000.0,232400000.0,6007400000.0,468000000.0,468200000.0,508100000.0
Interpublic Group of Companies Inc,IPG,5493008IUOJ5VWTRC333,51644,2009.0,Q3,2009-07-01,2009-09-30,2010-10-29 09:00:05+00:00,,0.04,,,0.03,3700000.0,25900000.0,25900000.0,17200000.0,1800000.0,943500000.0,1426700000.0,500000.0,1000000.0,6900000.0,-500000.0,425400000.0,943500000.0,483200000.0,37800000.0,7600000.0,424900000.0,58300000.0,-29200000.0,29100000.0,1426700000.0,,470500000.0,513800000.0
Interpublic Group of Companies Inc,IPG,5493008IUOJ5VWTRC333,51644,2009.0,Q2,2009-04-01,2009-06-30,2010-07-29 09:00:02+00:00,0.04,0.04,,,0.04,3700000.0,31400000.0,31400000.0,20900000.0,3600000.0,968400000.0,1474400000.0,-1500000.0,-23300000.0,6900000.0,0.0,409100000.0,968400000.0,506000000.0,45100000.0,8100000.0,409100000.0,96900000.0,-60300000.0,36600000.0,1474400000.0,522500000.0,467100000.0,507500000.0
Interpublic Group of Companies Inc,IPG,5493008IUOJ5VWTRC333,51644,2010.0,Q4,2010-10-01,2010-12-31,,0.41,0.41,,,0.39,98900000.0,222800000.0,222800000.0,195000000.0,24900000.0,1139600000.0,2005200000.0,1500000.0,17600000.0,2900000.0,-2300000.0,537200000.0,1139600000.0,865600000.0,37400000.0,9300000.0,534900000.0,330700000.0,-10500000.0,320200000.0,2005200000.0,475800000.0,473600000.0,542100000.0
Interpublic Group of Companies Inc,IPG,5493008IUOJ5VWTRC333,51644,2010.0,FY,2010-01-01,2010-12-31,2013-02-22 09:01:00+00:00,0.57,0.57,0.0,,0.47,171300000.0,281200000.0,281200000.0,271200000.0,20100000.0,4117000000.0,6507300000.0,1900000.0,12900000.0,-10100000.0,,1841600000.0,4117000000.0,2390300000.0,139700000.0,28700000.0,1841600000.0,548700000.0,-98100000.0,450600000.0,6507300000.0,475800000.0,473600000.0,542100000.0
Interpublic Group of Companies Inc,IPG,5493008IUOJ5VWTRC333,51644,2010.0,Q3YTD,2010-01-01,2010-09-30,,0.16,0.16,,,0.08,72400000.0,58400000.0,58400000.0,76200000.0,-4800000.0,2977400000.0,4502100000.0,400000.0,-4700000.0,-13000000.0,2300000.0,1304400000.0,2977400000.0,1524700000.0,102300000.0,19400000.0,1306700000.0,218000000.0,-87600000.0,130400000.0,4502100000.0,471100000.0,474700000.0,533600000.0
Interpublic Group of Companies Inc,IPG,5493008IUOJ5VWTRC333,51644,2010.0,Q3,2010-07-01,2010-09-30,2011-10-28 09:02:22+00:00,0.09,0.09,0.0,,0.08,24400000.0,45600000.0,45600000.0,42400000.0,300000.0,1007100000.0,1553400000.0,800000.0,-3100000.0,2900000.0,1400000.0,444700000.0,1007100000.0,546300000.0,34700000.0,6800000.0,446100000.0,100200000.0,-31000000.0,69200000.0,1553400000.0,471100000.0,474700000.0,533600000.0
Interpublic Group of Companies Inc,IPG,5493008IUOJ5VWTRC333,51644,2010.0,Q2YTD,2010-01-01,2010-06-30,,0.07,0.07,,,0.07,48000000.0,12800000.0,12800000.0,33800000.0,-5100000.0,1970300000.0,2948700000.0,-400000.0,-1600000.0,-15900000.0,900000.0,859700000.0,1970300000.0,978400000.0,67600000.0,12600000.0,860600000.0,117800000.0,-56600000.0,61200000.0,2948700000.0,478600000.0,473000000.0,544900000.0
Interpublic Group of Companies Inc,IPG,5493008IUOJ5VWTRC333,51644,2010.0,Q2,2010-04-01,2010-06-30,2011-07-28 09:12:38+00:00,0.22,0.22,0.0,,0.15,63300000.0,83100000.0,83100000.0,105300000.0,600000.0,991000000.0,1611700000.0,200000.0,-2100000.0,-22800000.0,600000.0,442900000.0,991000000.0,620700000.0,35000000.0,6100000.0,443500000.0,177200000.0,-31000000.0,146200000.0,1611700000.0,478600000.0,473000000.0,544900000.0
Interpublic Group of Companies Inc,IPG,5493008IUOJ5VWTRC333,51644,2010.0,Q1,2010-01-01,2010-03-31,2011-04-28 09:00:29+00:00,-0.15,-0.15,0.0,,-0.15,-15300000.0,-70300000.0,-70300000.0,-71500000.0,-5700000.0,979300000.0,1337000000.0,-600000.0,500000.0,6900000.0,300000.0,416800000.0,979300000.0,357700000.0,32600000.0,6500000.0,417100000.0,-59400000.0,-25600000.0,-85000000.0,1337000000.0,471300000.0,476700000.0,476700000.0
Interpublic Group of Companies Inc,IPG,5493008IUOJ5VWTRC333,51644,2011.0,Q4,2011-10-01,2011-12-31,,0.56,0.56,0.06,,0.5,93700000.0,278300000.0,278300000.0,259000000.0,16400000.0,1138300000.0,2072600000.0,1600000.0,13900000.0,2900000.0,200000.0,548800000.0,1138300000.0,934300000.0,38900000.0,10100000.0,549000000.0,385300000.0,-14900000.0,370400000.0,2072600000.0,464900000.0,465500000.0,540600000.0
Interpublic Group of Companies Inc,IPG,5493008IUOJ5VWTRC333,51644,2011.0,FY,2011-01-01,2011-12-31,2014-02-24 08:36:42+00:00,1.12,1.12,0.24,,0.99,190200000.0,551500000.0,551500000.0,520700000.0,19200000.0,4402100000.0,7014600000.0,3300000.0,150200000.0,11600000.0,1000000.0,1924300000.0,4402100000.0,2612500000.0,136800000.0,37800000.0,1925300000.0,687200000.0,51200000.0,738400000.0,7014600000.0,464900000.0,465500000.0,540600000.0
Interpublic Group of Companies Inc,IPG,5493008IUOJ5VWTRC333,51644,2011.0,Q3YTD,2011-01-01,2011-09-30,,0.56,0.56,0.18,,0.49,96500000.0,273200000.0,273200000.0,261700000.0,2800000.0,3263800000.0,4942000000.0,1700000.0,136300000.0,8700000.0,800000.0,1375500000.0,3263800000.0,1678200000.0,97900000.0,27700000.0,1376300000.0,301900000.0,66100000.0,368000000.0,4942000000.0,462400000.0,464700000.0,537600000.0
Interpublic Group of Companies Inc,IPG,5493008IUOJ5VWTRC333,51644,2011.0,Q3TTM,2010-10-01,2011-09-30,,0.97,0.97,0.18,,0.88,195400000.0,496000000.0,496000000.0,456700000.0,27700000.0,4403400000.0,6947200000.0,3200000.0,153900000.0,11600000.0,-1500000.0,1912700000.0,4403400000.0,2543800000.0,135300000.0,37000000.0,1911200000.0,632600000.0,55600000.0,688200000.0,6947200000.0,462400000.0,464700000.0,537600000.0
Interpublic Group of Companies Inc,IPG,5493008IUOJ5VWTRC333,51644,2011.0,Q3,2011-07-01,2011-09-30,2012-10-26 08:57:01+00:00,0.45,0.45,0.06,,0.4,70400000.0,217500000.0,217500000.0,208100000.0,6500000.0,1088000000.0,1726500000.0,800000.0,137100000.0,2900000.0,,465300000.0,1088000000.0,638500000.0,32900000.0,9700000.0,465300000.0,173200000.0,113900000.0,287100000.0,1726500000.0,462400000.0,464700000.0,537600000.0
Interpublic Group of Companies Inc,IPG,5493008IUOJ5VWTRC333,51644,2011.0,Q2YTD,2011-01-01,2011-06-30,,0.11,0.11,0.12,,0.09,26100000.0,55700000.0,55700000.0,53600000.0,-3700000.0,2175800000.0,3215500000.0,900000.0,-800000.0,5800000.0,800000.0,910200000.0,2175800000.0,1039700000.0,65000000.0,18000000.0,911000000.0,128700000.0,-47800000.0,80900000.0,3215500000.0,484300000.0,473100000.0,546900000.0
Interpublic Group of Companies Inc,IPG,5493008IUOJ5VWTRC333,51644,2011.0,Q2TTM,2010-07-01,2011-06-30,,0.61,0.61,0.12,,0.56,149400000.0,324100000.0,324100000.0,291000000.0,21500000.0,4322500000.0,6774100000.0,3200000.0,13700000.0,11600000.0,-100000.0,1892100000.0,4322500000.0,2451600000.0,137100000.0,34100000.0,1892000000.0,559600000.0,-89300000.0,470300000.0,6774100000.0,484300000.0,473100000.0,546900000.0
Interpublic Group of Companies Inc,IPG,5493008IUOJ5VWTRC333,51644,2011.0,Q2,2011-04-01,2011-06-30,2012-07-26 09:02:32+00:00,0.21,0.21,0.06,,0.19,47600000.0,108900000.0,108900000.0,101700000.0,4300000.0,1095700000.0,1740700000.0,600000.0,5300000.0,2900000.0,,471000000.0,1095700000.0,645000000.0,33100000.0,9700000.0,471000000.0,174000000.0,-18100000.0,155900000.0,1740700000.0,484300000.0,473100000.0,546900000.0
Interpublic Group of Companies Inc,IPG,5493008IUOJ5VWTRC333,51644,2011.0,Q1TTM,2010-04-01,2011-03-31,,0.62,0.62,0.06,,0.52,165100000.0,298300000.0,298300000.0,294600000.0,17800000.0,4217800000.0,6645100000.0,2800000.0,6300000.0,-14100000.0,500000.0,1864000000.0,4217800000.0,2427300000.0,139000000.0,30500000.0,1864500000.0,562800000.0,-102200000.0,460600000.0,6645100000.0,481000000.0,481000000.0,481000000.0
Interpublic Group of Companies Inc,IPG,5493008IUOJ5VWTRC333,51644,2011.0,Q1,2011-01-01,2011-03-31,2012-04-26 09:00:46+00:00,-0.1,-0.1,0.06,,-0.1,-21500000.0,-53200000.0,-53200000.0,-48100000.0,-8000000.0,1080100000.0,1474800000.0,300000.0,-6100000.0,2900000.0,800000.0,439200000.0,1080100000.0,394700000.0,31900000.0,8300000.0,440000000.0,-45300000.0,-29700000.0,-75000000.0,1474800000.0,481000000.0,481000000.0,481000000.0
Interpublic Group of Companies Inc,IPG,5493008IUOJ5VWTRC333,51644,2012.0,Q4,2012-10-01,2012-12-31,,0.72,0.72,0.06,,0.67,140500000.0,337100000.0,337100000.0,313300000.0,20900000.0,1133800000.0,2063300000.0,800000.0,95400000.0,2900000.0,-1200000.0,520800000.0,1133800000.0,929500000.0,36600000.0,8100000.0,519600000.0,409900000.0,66900000.0,476800000.0,2063300000.0,430800000.0,432500000.0,481400000.0
Interpublic Group of Companies Inc,IPG,5493008IUOJ5VWTRC333,51644,2012.0,FY,2012-01-01,2012-12-31,2015-02-23 08:41:45+00:00,1.01,1.01,0.24,,0.94,213300000.0,464600000.0,464600000.0,435100000.0,17900000.0,4391900000.0,6956200000.0,3100000.0,100500000.0,11600000.0,-1200000.0,1887200000.0,4391900000.0,2564300000.0,133500000.0,29500000.0,1886000000.0,678300000.0,-3500000.0,674800000.0,6956200000.0,430800000.0,432500000.0,481400000.0
Interpublic Group of Companies Inc,IPG,5493008IUOJ5VWTRC333,51644,2012.0,Q3YTD,2012-01-01,2012-09-30,,0.29,0.29,0.18,,0.27,72800000.0,127500000.0,127500000.0,121800000.0,-3000000.0,3258100000.0,4892900000.0,2300000.0,5100000.0,8700000.0,,1366400000.0,3258100000.0,1634800000.0,96900000.0,21400000.0,1366400000.0,268400000.0,-70400000.0,198000000.0,4892900000.0,429400000.0,431300000.0,456100000.0
Interpublic Group of Companies Inc,IPG,5493008IUOJ5VWTRC333,51644,2012.0,Q3TTM,2011-10-01,2012-09-30,,0.85,0.85,0.24,,0.77,166500000.0,405800000.0,405800000.0,380800000.0,13400000.0,4396400000.0,6965500000.0,3900000.0,19000000.0,11600000.0,200000.0,1915200000.0,4396400000.0,2569100000.0,135800000.0,31500000.0,1915400000.0,653700000.0,-85300000.0,568400000.0,6965500000.0,429400000.0,431300000.0,456100000.0
Interpublic Group of Companies Inc,IPG,5493008IUOJ5VWTRC333,51644,2012.0,Q3,2012-07-01,2012-09-30,2013-10-24 16:16:34+00:00,0.16,0.16,0.06,,0.15,41900000.0,67700000.0,67700000.0,68700000.0,-3900000.0,1064300000.0,1670400000.0,1400000.0,1700000.0,2900000.0,,474700000.0,1064300000.0,606100000.0,31600000.0,6700000.0,474700000.0,131400000.0,-23200000.0,108200000.0,1670400000.0,429400000.0,431300000.0,456100000.0
Interpublic Group of Companies Inc,IPG,5493008IUOJ5VWTRC333,51644,2012.0,Q2YTD,2012-01-01,2012-06-30,,0.13,0.13,0.12,,0.12,30900000.0,59800000.0,59800000.0,53100000.0,900000.0,2193800000.0,3222500000.0,900000.0,3400000.0,5800000.0,,891700000.0,2193800000.0,1028700000.0,65300000.0,14700000.0,891700000.0,137000000.0,-47200000.0,89800000.0,3222500000.0,430400000.0,437400000.0,477700000.0
Interpublic Group of Companies Inc,IPG,5493008IUOJ5VWTRC333,51644,2012.0,Q2TTM,2011-07-01,2012-06-30,,1.14,1.14,0.24,,1.02,195000000.0,555600000.0,555600000.0,520200000.0,23800000.0,4420100000.0,7021600000.0,3300000.0,154400000.0,11600000.0,200000.0,1905800000.0,4420100000.0,2601500000.0,137100000.0,34500000.0,1906000000.0,695500000.0,51800000.0,747300000.0,7021600000.0,430400000.0,437400000.0,477700000.0
Interpublic Group of Companies Inc,IPG,5493008IUOJ5VWTRC333,51644,2012.0,Q2,2012-04-01,2012-06-30,2013-07-25 08:30:42+00:00,0.23,0.23,0.06,,0.22,50100000.0,105500000.0,105500000.0,99000000.0,3600000.0,1088900000.0,1715700000.0,500000.0,4700000.0,2900000.0,,450400000.0,1088900000.0,626800000.0,32700000.0,6700000.0,450400000.0,176400000.0,-21300000.0,155100000.0,1715700000.0,430400000.0,437400000.0,477700000.0
Interpublic Group of Companies Inc,IPG,5493008IUOJ5VWTRC333,51644,2012.0,Q1TTM,2011-04-01,2012-03-31,,1.12,1.12,0.24,,0.99,192500000.0,559000000.0,559000000.0,522900000.0,24500000.0,4426900000.0,7046600000.0,3400000.0,155000000.0,11600000.0,200000.0,1926400000.0,4426900000.0,2619700000.0,137500000.0,37500000.0,1926600000.0,693100000.0,55000000.0,748100000.0,7046600000.0,437600000.0,459000000.0,459000000.0
Interpublic Group of Companies Inc,IPG,5493008IUOJ5VWTRC333,51644,2012.0,Q1,2012-01-01,2012-03-31,2013-04-25 09:16:32+00:00,-0.1,-0.1,0.06,,-0.1,-19200000.0,-45700000.0,-45700000.0,-45900000.0,-2700000.0,1104900000.0,1506800000.0,400000.0,-1300000.0,2900000.0,,441300000.0,1104900000.0,401900000.0,32600000.0,8000000.0,441300000.0,-39400000.0,-25900000.0,-65300000.0,1506800000.0,437600000.0,459000000.0,459000000.0
Interpublic Group of Companies Inc,IPG,5493008IUOJ5VWTRC333,51644,2013.0,FY,2013-01-01,2013-12-31,2016-02-22 08:35:20+00:00,0.62,0.62,0.3,,0.61,181200000.0,288900000.0,288900000.0,259200000.0,21000000.0,4545500000.0,7122300000.0,2100000.0,-32300000.0,8700000.0,60600000.0,1917900000.0,4545500000.0,2576800000.0,122700000.0,24700000.0,1978500000.0,598300000.0,-130300000.0,468000000.0,7122300000.0,418100000.0,421100000.0,429600000.0
Interpublic Group of Companies Inc,IPG,5493008IUOJ5VWTRC333,51644,2013.0,Q2YTD,2013-01-01,2013-06-30,,0.05,0.05,0.15,,0.04,49600000.0,27600000.0,27600000.0,20700000.0,1100000.0,2252300000.0,3299200000.0,300000.0,6600000.0,5800000.0,,914500000.0,2252300000.0,1046900000.0,74300000.0,12200000.0,914500000.0,132400000.0,-55500000.0,76900000.0,3299200000.0,420500000.0,425100000.0,448300000.0
Interpublic Group of Companies Inc,IPG,5493008IUOJ5VWTRC333,51644,2013.0,Q2TTM,2012-07-01,2013-06-30,,0.93,0.93,0.27,,0.86,232000000.0,432400000.0,432400000.0,402700000.0,18100000.0,4450400000.0,7032900000.0,2500000.0,103700000.0,11600000.0,-1200000.0,1910000000.0,4450400000.0,2582500000.0,142500000.0,27000000.0,1908800000.0,673700000.0,-11800000.0,661900000.0,7032900000.0,420500000.0,425100000.0,448300000.0
Interpublic Group of Companies Inc,IPG,5493008IUOJ5VWTRC333,51644,2013.0,Q2,2013-04-01,2013-06-30,2014-07-24 07:59:29+00:00,0.19,0.19,0.075,,0.18,62000000.0,86100000.0,86100000.0,79900000.0,3300000.0,1120200000.0,1756200000.0,200000.0,4800000.0,2900000.0,,461200000.0,1120200000.0,636000000.0,37500000.0,5800000.0,461200000.0,174800000.0,-26900000.0,147900000.0,1756200000.0,420500000.0,425100000.0,448300000.0
Interpublic Group of Companies Inc,IPG,5493008IUOJ5VWTRC333,51644,2013.0,Q1TTM,2012-04-01,2013-03-31,,0.97,0.97,0.26,,0.9,220100000.0,451800000.0,451800000.0,421800000.0,18400000.0,4419100000.0,6992400000.0,2800000.0,103600000.0,11600000.0,-1200000.0,1899200000.0,4419100000.0,2573300000.0,137700000.0,27900000.0,1898000000.0,675300000.0,-6200000.0,669100000.0,6992400000.0,414200000.0,422900000.0,422900000.0
Interpublic Group of Companies Inc,IPG,5493008IUOJ5VWTRC333,51644,2013.0,Q1,2013-01-01,2013-03-31,2014-04-23 08:26:05+00:00,-0.14,-0.14,0.075,,-0.14,-12400000.0,-58500000.0,-58500000.0,-59200000.0,-2200000.0,1132100000.0,1543000000.0,100000.0,1800000.0,2900000.0,,453300000.0,1132100000.0,410900000.0,36800000.0,6400000.0,453300000.0,-42400000.0,-28600000.0,-71000000.0,1543000000.0,414200000.0,422900000.0,422900000.0
Interpublic Group of Companies Inc,IPG,5493008IUOJ5VWTRC333,51644,2014.0,FY,2014-01-01,2014-12-31,2017-02-21 08:47:50+00:00,1.14,1.14,0.38,,1.12,216500000.0,505400000.0,505400000.0,477100000.0,28300000.0,4820400000.0,7537100000.0,1200000.0,-10200000.0,,,1928300000.0,4820400000.0,2716700000.0,84900000.0,27400000.0,1928300000.0,788400000.0,-67700000.0,720700000.0,7537100000.0,418500000.0,419200000.0,425400000.0
Interpublic Group of Companies Inc,IPG,5493008IUOJ5VWTRC333,51644,2014.0,Q4,2014-10-01,2014-12-31,,0.74,0.74,0.1,,0.73,87900000.0,331300000.0,331300000.0,308900000.0,22400000.0,1266400000.0,2207100000.0,600000.0,-100000.0,,,507700000.0,1266400000.0,940700000.0,21400000.0,7100000.0,507700000.0,433000000.0,-14400000.0,418600000.0,2207100000.0,418500000.0,419200000.0,425400000.0
Interpublic Group of Companies Inc,IPG,5493008IUOJ5VWTRC333,51644,2014.0,Q3,2014-07-01,2014-09-30,2015-10-22 09:10:50+00:00,0.21,0.21,0.095,,0.21,65000000.0,92800000.0,92800000.0,89700000.0,3100000.0,1195200000.0,1841100000.0,300000.0,-600000.0,,,474600000.0,1195200000.0,645900000.0,20700000.0,7500000.0,474600000.0,171300000.0,-13800000.0,157500000.0,1841100000.0,427100000.0,419200000.0,426400000.0
Interpublic Group of Companies Inc,IPG,5493008IUOJ5VWTRC333,51644,2014.0,Q3YTD,2014-01-01,2014-09-30,,0.4,0.4,0.29,,0.39,128600000.0,174100000.0,174100000.0,168200000.0,5900000.0,3554000000.0,5330000000.0,600000.0,-10100000.0,,,1420600000.0,3554000000.0,1776000000.0,63500000.0,20300000.0,1420600000.0,355400000.0,-53300000.0,302100000.0,5330000000.0,427100000.0,419200000.0,426400000.0
Interpublic Group of Companies Inc,IPG,5493008IUOJ5VWTRC333,51644,2014.0,Q2YTD,2014-01-01,2014-06-30,,0.19,0.19,0.19,,0.18,63600000.0,81300000.0,81300000.0,78500000.0,2800000.0,2358800000.0,3488900000.0,300000.0,-9500000.0,,,946000000.0,2358800000.0,1130100000.0,42800000.0,12800000.0,946000000.0,184100000.0,-39500000.0,144600000.0,3488900000.0,414200000.0,421100000.0,428100000.0
Interpublic Group of Companies Inc,IPG,5493008IUOJ5VWTRC333,51644,2014.0,Q2TTM,2013-07-01,2014-06-30,,0.76,0.76,0.34,,0.75,195200000.0,342600000.0,342600000.0,317000000.0,22700000.0,4652000000.0,7312000000.0,2100000.0,-48400000.0,2900000.0,60600000.0,1949400000.0,4652000000.0,2660000000.0,91200000.0,25300000.0,2010000000.0,650000000.0,-114300000.0,535700000.0,7312000000.0,414200000.0,421100000.0,428100000.0
Interpublic Group of Companies Inc,IPG,5493008IUOJ5VWTRC333,51644,2014.0,Q2,2014-04-01,2014-06-30,2015-07-23 08:53:22+00:00,0.24,0.24,0.095,,0.23,65300000.0,103700000.0,103700000.0,99400000.0,4300000.0,1170200000.0,1851400000.0,400000.0,-11200000.0,,,485400000.0,1170200000.0,681200000.0,22600000.0,6600000.0,485400000.0,195800000.0,-27200000.0,168600000.0,1851400000.0,414200000.0,421100000.0,428100000.0
Interpublic Group of Companies Inc,IPG,5493008IUOJ5VWTRC333,51644,2014.0,Q1TTM,2013-04-01,2014-03-31,,0.71,0.71,0.32,,0.7,191900000.0,325000000.0,325000000.0,297500000.0,21700000.0,4602000000.0,7216800000.0,1900000.0,-32400000.0,5800000.0,60600000.0,1925200000.0,4602000000.0,2614800000.0,106100000.0,24500000.0,1985800000.0,629000000.0,-114000000.0,515000000.0,7216800000.0,422800000.0,418000000.0,418000000.0
Interpublic Group of Companies Inc,IPG,5493008IUOJ5VWTRC333,51644,2014.0,Q1,2014-01-01,2014-03-31,2015-04-24 09:04:46+00:00,-0.05,-0.05,0.095,,-0.05,-1700000.0,-22400000.0,-22400000.0,-20900000.0,-1500000.0,1188600000.0,1637500000.0,-100000.0,1700000.0,,,460600000.0,1188600000.0,448900000.0,20200000.0,6200000.0,460600000.0,-11700000.0,-12300000.0,-24000000.0,1637500000.0,422800000.0,418000000.0,418000000.0
Interpublic Group of Companies Inc,IPG,5493008IUOJ5VWTRC333,51644,2015.0,FY,2015-01-01,2015-12-31,2018-02-26 08:47:30+00:00,1.11,1.11,0.48,,1.09,282800000.0,480500000.0,480500000.0,454600000.0,25900000.0,4854800000.0,7613800000.0,1100000.0,-49600000.0,,,1884200000.0,4854800000.0,2759000000.0,85800000.0,22800000.0,1884200000.0,874800000.0,-112600000.0,762200000.0,7613800000.0,409500000.0,408100000.0,415700000.0
Interpublic Group of Companies Inc,IPG,5493008IUOJ5VWTRC333,51644,2015.0,Q4,2015-10-01,2015-12-31,,0.63,0.63,0.12,,0.62,145400000.0,282900000.0,282900000.0,260300000.0,22600000.0,1232200000.0,2196200000.0,500000.0,-13200000.0,,,504700000.0,1232200000.0,964000000.0,23300000.0,5000000.0,504700000.0,459300000.0,-31500000.0,427800000.0,2196200000.0,409500000.0,408100000.0,415700000.0
Interpublic Group of Companies Inc,IPG,5493008IUOJ5VWTRC333,51644,2015.0,Q3,2015-07-01,2015-09-30,2016-10-27 08:54:16+00:00,0.18,0.18,0.12,,0.18,61100000.0,78000000.0,78000000.0,74900000.0,3100000.0,1202200000.0,1865500000.0,100000.0,-37200000.0,,,471400000.0,1202200000.0,663300000.0,21300000.0,5600000.0,471400000.0,191900000.0,-52900000.0,139000000.0,1865500000.0,416100000.0,407600000.0,415500000.0
Interpublic Group of Companies Inc,IPG,5493008IUOJ5VWTRC333,51644,2015.0,Q3YTD,2015-01-01,2015-09-30,,0.48,0.48,0.36,,0.47,137400000.0,197600000.0,197600000.0,194300000.0,3300000.0,3622600000.0,5417600000.0,600000.0,-36400000.0,,,1379500000.0,3622600000.0,1795000000.0,62500000.0,17800000.0,1379500000.0,415500000.0,-81100000.0,334400000.0,5417600000.0,416100000.0,407600000.0,415500000.0
Interpublic Group of Companies Inc,IPG,5493008IUOJ5VWTRC333,51644,2015.0,Q3TTM,2014-10-01,2015-09-30,,1.22,1.22,0.46,,1.2,225300000.0,528900000.0,528900000.0,503200000.0,25700000.0,4889000000.0,7624700000.0,1200000.0,-36500000.0,,,1887200000.0,4889000000.0,2735700000.0,83900000.0,24900000.0,1887200000.0,848500000.0,-95500000.0,753000000.0,7624700000.0,416100000.0,407600000.0,415500000.0
Interpublic Group of Companies Inc,IPG,5493008IUOJ5VWTRC333,51644,2015.0,Q2,2015-04-01,2015-06-30,2016-07-28 08:39:36+00:00,0.3,0.3,0.12,,0.29,77700000.0,123800000.0,123800000.0,121200000.0,2600000.0,1205200000.0,1876100000.0,500000.0,500000.0,,,455100000.0,1205200000.0,670900000.0,20300000.0,5000000.0,455100000.0,215800000.0,-14800000.0,201000000.0,1876100000.0,404000000.0,410500000.0,417600000.0
Interpublic Group of Companies Inc,IPG,5493008IUOJ5VWTRC333,51644,2015.0,Q2YTD,2015-01-01,2015-06-30,,0.3,0.3,0.24,,0.29,76300000.0,119600000.0,119600000.0,119400000.0,200000.0,2420400000.0,3552100000.0,500000.0,800000.0,,,908100000.0,2420400000.0,1131700000.0,41200000.0,12200000.0,908100000.0,223600000.0,-28200000.0,195400000.0,3552100000.0,404000000.0,410500000.0,417600000.0
Interpublic Group of Companies Inc,IPG,5493008IUOJ5VWTRC333,51644,2015.0,Q2TTM,2014-07-01,2015-06-30,,1.25,1.25,0.43,,1.23,229200000.0,543700000.0,543700000.0,518000000.0,25700000.0,4882000000.0,7600300000.0,1400000.0,100000.0,,,1890400000.0,4882000000.0,2718300000.0,83300000.0,26800000.0,1890400000.0,827900000.0,-56400000.0,771500000.0,7600300000.0,404000000.0,410500000.0,417600000.0
Interpublic Group of Companies Inc,IPG,5493008IUOJ5VWTRC333,51644,2015.0,Q1,2015-01-01,2015-03-31,2016-04-22 08:53:42+00:00,0.0,0.0,0.12,,0.0,-1400000.0,-4200000.0,-4200000.0,-1800000.0,-2400000.0,1215200000.0,1676000000.0,0.0,300000.0,,,453000000.0,1215200000.0,460800000.0,20900000.0,7200000.0,453000000.0,7800000.0,-13400000.0,-5600000.0,1676000000.0,411100000.0,411100000.0,411100000.0
Interpublic Group of Companies Inc,IPG,5493008IUOJ5VWTRC333,51644,2016.0,FY,2016-01-01,2016-12-31,2018-02-26 08:47:30+00:00,1.53,1.53,0.6,,1.49,198000000.0,632500000.0,632500000.0,608500000.0,24000000.0,5035100000.0,7846600000.0,300000.0,-40300000.0,,,1870500000.0,5035100000.0,2811500000.0,90600000.0,20100000.0,1870500000.0,941000000.0,-110800000.0,830200000.0,7846600000.0,397700000.0,397900000.0,408000000.0
Interpublic Group of Companies Inc,IPG,5493008IUOJ5VWTRC333,51644,2016.0,Q4,2016-10-01,2016-12-31,,0.81,0.81,0.15,,0.78,106100000.0,336900000.0,336900000.0,317600000.0,19300000.0,1308800000.0,2264500000.0,1900000.0,-26800000.0,,,470000000.0,1308800000.0,955700000.0,21800000.0,4000000.0,470000000.0,485700000.0,-44600000.0,441100000.0,2264500000.0,397700000.0,397900000.0,408000000.0
Interpublic Group of Companies Inc,IPG,5493008IUOJ5VWTRC333,51644,2016.0,Q3,2016-07-01,2016-09-30,2017-10-26 08:49:10+00:00,0.32,0.32,0.15,,0.32,63800000.0,132700000.0,132700000.0,128600000.0,4100000.0,1228000000.0,1922200000.0,200000.0,5300000.0,,,486200000.0,1228000000.0,694200000.0,21700000.0,4700000.0,486200000.0,208000000.0,-11700000.0,196300000.0,1922200000.0,401900000.0,397700000.0,407900000.0
Interpublic Group of Companies Inc,IPG,5493008IUOJ5VWTRC333,51644,2016.0,Q3YTD,2016-01-01,2016-09-30,,0.72,0.72,0.45,,0.71,91900000.0,295600000.0,295600000.0,290900000.0,4700000.0,3726300000.0,5582100000.0,-1600000.0,-13500000.0,,,1400500000.0,3726300000.0,1855800000.0,68800000.0,16100000.0,1400500000.0,455300000.0,-66200000.0,389100000.0,5582100000.0,401900000.0,397700000.0,407900000.0
Interpublic Group of Companies Inc,IPG,5493008IUOJ5VWTRC333,51644,2016.0,Q3TTM,2015-10-01,2016-09-30,,1.35,1.35,0.57,,1.33,237300000.0,578500000.0,578500000.0,551200000.0,27300000.0,4958500000.0,7778300000.0,-1100000.0,-26700000.0,,,1905200000.0,4958500000.0,2819800000.0,92100000.0,21100000.0,1905200000.0,914600000.0,-97700000.0,816900000.0,7778300000.0,401900000.0,397700000.0,407900000.0
Interpublic Group of Companies Inc,IPG,5493008IUOJ5VWTRC333,51644,2016.0,Q2,2016-04-01,2016-06-30,2017-07-27 08:53:04+00:00,0.39,0.39,0.15,,0.38,43700000.0,160200000.0,160200000.0,156900000.0,3300000.0,1229500000.0,1917900000.0,-1900000.0,400000.0,,,464100000.0,1229500000.0,688400000.0,24500000.0,5600000.0,464100000.0,224300000.0,-18500000.0,205800000.0,1917900000.0,402300000.0,400100000.0,409800000.0
Interpublic Group of Companies Inc,IPG,5493008IUOJ5VWTRC333,51644,2016.0,Q2YTD,2016-01-01,2016-06-30,,0.4,0.4,0.3,,0.39,28100000.0,162900000.0,162900000.0,162300000.0,600000.0,2498300000.0,3659900000.0,-1800000.0,-18800000.0,,,914300000.0,2498300000.0,1161600000.0,47100000.0,11400000.0,914300000.0,247300000.0,-54500000.0,192800000.0,3659900000.0,402300000.0,400100000.0,409800000.0
Interpublic Group of Companies Inc,IPG,5493008IUOJ5VWTRC333,51644,2016.0,Q2TTM,2015-07-01,2016-06-30,,1.21,1.21,0.54,,1.19,234600000.0,523800000.0,523800000.0,497500000.0,26300000.0,4932700000.0,7721600000.0,-1200000.0,-69200000.0,,,1890400000.0,4932700000.0,2788900000.0,91700000.0,22000000.0,1890400000.0,898500000.0,-138900000.0,759600000.0,7721600000.0,402300000.0,400100000.0,409800000.0
Interpublic Group of Companies Inc,IPG,5493008IUOJ5VWTRC333,51644,2016.0,Q1,2016-01-01,2016-03-31,2017-04-21 09:01:24+00:00,0.01,0.01,0.15,,0.01,-15600000.0,2700000.0,2700000.0,5400000.0,-2700000.0,1268800000.0,1742000000.0,100000.0,-19200000.0,,,450200000.0,1268800000.0,473200000.0,22600000.0,5800000.0,450200000.0,23000000.0,-36000000.0,-13000000.0,1742000000.0,540000000.0,400600000.0,409300000.0
Interpublic Group of Companies Inc,IPG,5493008IUOJ5VWTRC333,51644,2016.0,Q1TTM,2015-04-01,2016-03-31,,1.12,1.12,0.51,,1.1,268600000.0,487400000.0,487400000.0,461800000.0,25600000.0,4908400000.0,7679800000.0,1200000.0,-69100000.0,,,1881400000.0,4908400000.0,2771400000.0,87500000.0,21400000.0,1881400000.0,890000000.0,-135200000.0,754800000.0,7679800000.0,540000000.0,400600000.0,409300000.0
Interpublic Group of Companies Inc,IPG,5493008IUOJ5VWTRC333,51644,2017.0,FY,2017-01-01,2017-12-31,2020-02-21 08:52:40+00:00,1.42,1.42,,157100000.0,1.4,271300000.0,570400000.0,570400000.0,554400000.0,16000000.0,7834000000.0,9047600000.0,900000.0,-26200000.0,,-400000.0,118500000.0,7834000000.0,1213600000.0,90800000.0,19400000.0,275200000.0,938400000.0,-97600000.0,840800000.0,9047600000.0,390400000.0,389600000.0,397300000.0
Interpublic Group of Companies Inc,IPG,5493008IUOJ5VWTRC333,51644,2017.0,Q4,2017-10-01,2017-12-31,,1.0,0.65,-0.54,32600000.0,0.64,135100000.0,269200000.0,269200000.0,252300000.0,16900000.0,2085200000.0,2589800000.0,800000.0,-1700000.0,,-400000.0,49400000.0,2085200000.0,504600000.0,23200000.0,5400000.0,81600000.0,423000000.0,-19500000.0,403500000.0,2589800000.0,390400000.0,389600000.0,397300000.0
Interpublic Group of Companies Inc,IPG,5493008IUOJ5VWTRC333,51644,2017.0,Q3,2017-07-01,2017-09-30,2018-10-25 09:00:41+00:00,0.38,0.44,0.18,42200000.0,0.43,54900000.0,172300000.0,172300000.0,169700000.0,2600000.0,1897400000.0,2208200000.0,-1000000.0,-9900000.0,,,13600000.0,1897400000.0,310800000.0,21000000.0,4100000.0,55800000.0,255000000.0,-26800000.0,228200000.0,2208200000.0,446600000.0,389500000.0,397200000.0
Interpublic Group of Companies Inc,IPG,5493008IUOJ5VWTRC333,51644,2017.0,Q3YTD,2017-01-01,2017-09-30,,0.42,0.77,0.54,124500000.0,0.76,136200000.0,301200000.0,301200000.0,302100000.0,-900000.0,5748800000.0,6457800000.0,100000.0,-24500000.0,,,69100000.0,5748800000.0,709000000.0,67600000.0,14000000.0,193600000.0,515400000.0,-78100000.0,437300000.0,6457800000.0,446600000.0,389500000.0,397200000.0
Interpublic Group of Companies Inc,IPG,5493008IUOJ5VWTRC333,51644,2017.0,Q3TTM,2016-10-01,2017-09-30,,1.23,1.58,0.69,124500000.0,1.54,242300000.0,638100000.0,638100000.0,619700000.0,18400000.0,7057600000.0,8722300000.0,2000000.0,-51300000.0,,,539100000.0,7057600000.0,1664700000.0,89400000.0,18000000.0,663600000.0,1001100000.0,-122700000.0,878400000.0,8722300000.0,446600000.0,389500000.0,397200000.0
Interpublic Group of Companies Inc,IPG,5493008IUOJ5VWTRC333,51644,2017.0,Q2,2017-04-01,2017-06-30,2018-07-25 08:55:37+00:00,0.03,0.27,0.18,41300000.0,0.27,81600000.0,107600000.0,107600000.0,107700000.0,-100000.0,1898500000.0,2185800000.0,-100000.0,-15400000.0,,,20300000.0,1898500000.0,287300000.0,25700000.0,4700000.0,61600000.0,225700000.0,-36400000.0,189300000.0,2185800000.0,3590000000.0,392300000.0,400300000.0
Interpublic Group of Companies Inc,IPG,5493008IUOJ5VWTRC333,51644,2017.0,Q2YTD,2017-01-01,2017-06-30,,0.04,0.33,0.36,82300000.0,0.33,81300000.0,128900000.0,128900000.0,132400000.0,-3500000.0,3851400000.0,4249600000.0,1100000.0,-14600000.0,,,55500000.0,3851400000.0,398200000.0,46600000.0,9900000.0,137800000.0,260400000.0,-51300000.0,209100000.0,4249600000.0,3590000000.0,392300000.0,400300000.0
Interpublic Group of Companies Inc,IPG,5493008IUOJ5VWTRC333,51644,2017.0,Q2TTM,2016-07-01,2017-06-30,,1.17,1.46,0.66,82300000.0,1.43,251200000.0,598500000.0,598500000.0,578600000.0,19900000.0,6388200000.0,8436300000.0,3200000.0,-36100000.0,,,1011700000.0,6388200000.0,2048100000.0,90100000.0,18600000.0,1094000000.0,954100000.0,-107600000.0,846500000.0,8436300000.0,3590000000.0,392300000.0,400300000.0
Interpublic Group of Companies Inc,IPG,5493008IUOJ5VWTRC333,51644,2017.0,Q1,2017-01-01,2017-03-31,2018-04-27 08:59:59+00:00,0.01,0.06,0.18,41000000.0,0.06,-300000.0,21300000.0,21300000.0,24700000.0,-3400000.0,1952900000.0,2063800000.0,1200000.0,800000.0,,,35200000.0,1952900000.0,110900000.0,20900000.0,5200000.0,76200000.0,34700000.0,-14900000.0,19800000.0,2063800000.0,2470000000.0,391700000.0,399300000.0
Interpublic Group of Companies Inc,IPG,5493008IUOJ5VWTRC333,51644,2017.0,Q1TTM,2016-04-01,2017-03-31,,1.53,1.58,0.63,41000000.0,1.54,213300000.0,651100000.0,651100000.0,627800000.0,23300000.0,5719200000.0,8168400000.0,1400000.0,-20300000.0,,,1455500000.0,5719200000.0,2449200000.0,88900000.0,19500000.0,1496500000.0,952700000.0,-89700000.0,863000000.0,8168400000.0,2470000000.0,391700000.0,399300000.0
Interpublic Group of Companies Inc,IPG,5493008IUOJ5VWTRC333,51644,2018.0,FY,2018-01-01,2018-12-31,2020-02-21 08:52:40+00:00,1.61,1.61,0.84,202900000.0,1.59,199200000.0,637700000.0,637700000.0,618900000.0,18800000.0,8336200000.0,9714400000.0,-1100000.0,-69600000.0,,0.0,166500000.0,8336200000.0,1378200000.0,123000000.0,21800000.0,369400000.0,1008800000.0,-170800000.0,838000000.0,9714400000.0,384400000.0,383300000.0,389000000.0
Interpublic Group of Companies Inc,IPG,5493008IUOJ5VWTRC333,51644,2018.0,Q4,2018-10-01,2018-12-31,,0.85,0.85,-0.21,68900000.0,0.85,62200000.0,342500000.0,342500000.0,326200000.0,16300000.0,2247000000.0,2856000000.0,800000.0,-13600000.0,,,81000000.0,2247000000.0,609000000.0,49400000.0,7800000.0,149900000.0,459100000.0,-55200000.0,403900000.0,2856000000.0,384400000.0,383300000.0,389000000.0
Interpublic Group of Companies Inc,IPG,5493008IUOJ5VWTRC333,51644,2018.0,Q3,2018-07-01,2018-09-30,2019-10-25 08:58:54+00:00,0.42,0.42,,44000000.0,0.41,60700000.0,163500000.0,163500000.0,161000000.0,2500000.0,1970200000.0,2297500000.0,100000.0,-15300000.0,,0.0,21600000.0,1970200000.0,327300000.0,27600000.0,5300000.0,65600000.0,261700000.0,-37600000.0,224100000.0,2297500000.0,383300000.0,382600000.0,388400000.0
Interpublic Group of Companies Inc,IPG,5493008IUOJ5VWTRC333,51644,2018.0,Q3YTD,2018-01-01,2018-09-30,,0.76,0.76,0.21,134000000.0,0.74,137000000.0,295200000.0,295200000.0,292700000.0,2500000.0,6089200000.0,6858400000.0,-1900000.0,-56000000.0,,,85500000.0,6089200000.0,769200000.0,73600000.0,14000000.0,219500000.0,549700000.0,-115600000.0,434100000.0,6858400000.0,383300000.0,382600000.0,388400000.0
Interpublic Group of Companies Inc,IPG,5493008IUOJ5VWTRC333,51644,2018.0,Q3TTM,2017-10-01,2018-09-30,,1.76,1.41,-0.33,166600000.0,1.38,272100000.0,564400000.0,564400000.0,545000000.0,19400000.0,8174400000.0,9448200000.0,-1100000.0,-57700000.0,,-400000.0,134900000.0,8174400000.0,1273800000.0,96800000.0,19400000.0,301100000.0,972700000.0,-135100000.0,837600000.0,9448200000.0,383300000.0,382600000.0,388400000.0
Interpublic Group of Companies Inc,IPG,5493008IUOJ5VWTRC333,51644,2018.0,Q2,2018-04-01,2018-06-30,2019-07-25 09:05:38+00:00,0.38,0.38,,44000000.0,0.37,63600000.0,147800000.0,147800000.0,145800000.0,2000000.0,2069800000.0,2391800000.0,-100000.0,-16300000.0,,0.0,28800000.0,2069800000.0,322000000.0,26100000.0,4700000.0,72800000.0,249200000.0,-37700000.0,211500000.0,2391800000.0,383700000.0,383600000.0,389500000.0
Interpublic Group of Companies Inc,IPG,5493008IUOJ5VWTRC333,51644,2018.0,Q2YTD,2018-01-01,2018-06-30,,0.34,0.34,0.21,90000000.0,0.33,76300000.0,131700000.0,131700000.0,131700000.0,,4119000000.0,4560900000.0,-2000000.0,-40700000.0,,,63900000.0,4119000000.0,441900000.0,46000000.0,8700000.0,153900000.0,288000000.0,-78000000.0,210000000.0,4560900000.0,383700000.0,383600000.0,389500000.0
Interpublic Group of Companies Inc,IPG,5493008IUOJ5VWTRC333,51644,2018.0,Q2TTM,2017-07-01,2018-06-30,,1.72,1.43,-0.15,164800000.0,1.4,266300000.0,573200000.0,573200000.0,553700000.0,19500000.0,8101600000.0,9358900000.0,-2200000.0,-52300000.0,,-400000.0,126900000.0,8101600000.0,1257300000.0,90200000.0,18200000.0,291300000.0,966000000.0,-124300000.0,841700000.0,9358900000.0,383700000.0,383600000.0,389500000.0
Interpublic Group of Companies Inc,IPG,5493008IUOJ5VWTRC333,51644,2018.0,Q1,2018-01-01,2018-03-31,2019-04-26 09:02:38+00:00,-0.04,-0.04,0.21,46000000.0,-0.04,12700000.0,-16100000.0,-16100000.0,-14100000.0,-2000000.0,2049200000.0,2169100000.0,-1900000.0,-24400000.0,,0.0,35100000.0,2049200000.0,119900000.0,19900000.0,4000000.0,81100000.0,38800000.0,-40300000.0,-1500000.0,2169100000.0,352500000.0,383400000.0,383400000.0
Interpublic Group of Companies Inc,IPG,5493008IUOJ5VWTRC333,51644,2018.0,Q1TTM,2017-04-01,2018-03-31,,1.37,1.32,0.03,162100000.0,1.3,284300000.0,533000000.0,533000000.0,515600000.0,17400000.0,7930300000.0,9152900000.0,-2200000.0,-51400000.0,,-400000.0,118400000.0,7930300000.0,1222600000.0,89800000.0,18200000.0,280100000.0,942500000.0,-123000000.0,819500000.0,9152900000.0,352500000.0,383400000.0,383400000.0
Interpublic Group of Companies Inc,IPG,5493008IUOJ5VWTRC333,51644,2019.0,Q4,2019-10-01,2019-12-31,,0.85,0.85,0.94,65400000.0,0.85,86100000.0,342200000.0,342200000.0,328900000.0,13300000.0,2320600000.0,2901800000.0,500000.0,-24800000.0,,,24500000.0,2320600000.0,581200000.0,48200000.0,9500000.0,89900000.0,491300000.0,-63500000.0,427800000.0,2901800000.0,385900000.0,386100000.0,391200000.0
Interpublic Group of Companies Inc,IPG,5493008IUOJ5VWTRC333,51644,2019.0,FY,2019-01-01,2019-12-31,2020-02-21 08:52:40+00:00,1.7,1.7,0.94,278500000.0,1.68,204800000.0,673900000.0,673900000.0,656000000.0,17900000.0,8729100000.0,10221300000.0,400000.0,-42900000.0,,33900000.0,93800000.0,8729100000.0,1492200000.0,199300000.0,34500000.0,406200000.0,1086000000.0,-207700000.0,878300000.0,10221300000.0,385900000.0,386100000.0,391200000.0
Interpublic Group of Companies Inc,IPG,5493008IUOJ5VWTRC333,51644,2019.0,Q3YTD,2019-01-01,2019-09-30,,0.85,0.85,,213100000.0,0.83,118700000.0,331700000.0,331700000.0,327100000.0,4600000.0,6408500000.0,7319500000.0,-100000.0,-18100000.0,,33900000.0,69300000.0,6408500000.0,911000000.0,151100000.0,25000000.0,316300000.0,594700000.0,-144200000.0,450500000.0,7319500000.0,385100000.0,386700000.0,391800000.0
Interpublic Group of Companies Inc,IPG,5493008IUOJ5VWTRC333,51644,2019.0,Q3TTM,2018-10-01,2019-09-30,,1.7,1.7,0.63,282000000.0,1.68,180900000.0,674200000.0,674200000.0,653300000.0,20900000.0,8655500000.0,10175500000.0,700000.0,-31700000.0,,33900000.0,150300000.0,8655500000.0,1520000000.0,200500000.0,32800000.0,466200000.0,1053800000.0,-199400000.0,854400000.0,10175500000.0,385100000.0,386700000.0,391800000.0
Interpublic Group of Companies Inc,IPG,5493008IUOJ5VWTRC333,51644,2019.0,Q3,2019-07-01,2019-09-30,2019-10-25 08:58:54+00:00,0.43,0.43,,69000000.0,0.42,64600000.0,168400000.0,168400000.0,165600000.0,2800000.0,2079000000.0,2438100000.0,300000.0,-7400000.0,,0.0,9800000.0,2079000000.0,359100000.0,49700000.0,9500000.0,78800000.0,280300000.0,-47600000.0,232700000.0,2438100000.0,385100000.0,386700000.0,391800000.0
Interpublic Group of Companies Inc,IPG,5493008IUOJ5VWTRC333,51644,2019.0,Q2YTD,2019-01-01,2019-06-30,,0.42,0.42,,144100000.0,0.41,54100000.0,163300000.0,163300000.0,161500000.0,1800000.0,4329500000.0,4881400000.0,-400000.0,-10700000.0,,33900000.0,59500000.0,4329500000.0,551900000.0,101400000.0,15500000.0,237500000.0,314400000.0,-96600000.0,217800000.0,4881400000.0,385200000.0,386200000.0,391200000.0
Interpublic Group of Companies Inc,IPG,5493008IUOJ5VWTRC333,51644,2019.0,Q2TTM,2018-07-01,2019-06-30,,1.69,1.69,0.63,257000000.0,1.67,177000000.0,669300000.0,669300000.0,648700000.0,20600000.0,8546700000.0,10034900000.0,500000.0,-39600000.0,,33900000.0,162100000.0,8546700000.0,1488200000.0,178400000.0,28600000.0,453000000.0,1035200000.0,-189400000.0,845800000.0,10034900000.0,385200000.0,386200000.0,391200000.0
Interpublic Group of Companies Inc,IPG,5493008IUOJ5VWTRC333,51644,2019.0,Q2,2019-04-01,2019-06-30,2019-07-25 09:05:38+00:00,0.44,0.44,,73000000.0,0.43,43600000.0,172800000.0,172800000.0,169500000.0,3300000.0,2162800000.0,2520200000.0,-100000.0,-3800000.0,,2100000.0,18100000.0,2162800000.0,357400000.0,51600000.0,7700000.0,93200000.0,264200000.0,-47700000.0,216500000.0,2520200000.0,385200000.0,386200000.0,391200000.0
Interpublic Group of Companies Inc,IPG,5493008IUOJ5VWTRC333,51644,2019.0,Q1,2019-01-01,2019-03-31,2020-04-23 08:59:00+00:00,-0.02,-0.02,,71100000.0,-0.02,10500000.0,-9500000.0,-9500000.0,-8000000.0,-1500000.0,2166700000.0,2361200000.0,-300000.0,-6900000.0,,31800000.0,41400000.0,2166700000.0,194500000.0,49800000.0,7800000.0,144300000.0,50200000.0,-48900000.0,1300000.0,2361200000.0,400000000.0,384500000.0,384500000.0
Interpublic Group of Companies Inc,IPG,5493008IUOJ5VWTRC333,51644,2019.0,Q1TTM,2018-04-01,2019-03-31,,1.63,1.63,0.63,228000000.0,1.61,197000000.0,644300000.0,644300000.0,625000000.0,19300000.0,8453700000.0,9906500000.0,500000.0,-52100000.0,,31800000.0,172800000.0,8453700000.0,1452800000.0,152900000.0,25600000.0,432600000.0,1020200000.0,-179400000.0,840800000.0,9906500000.0,400000000.0,384500000.0,384500000.0
Interpublic Group of Companies Inc,IPG,5493008IUOJ5VWTRC333,51644,2020.0,Q1TTM,2019-04-01,2020-03-31,,1.73,1.73,0.94,280200000.0,1.71,211500000.0,686000000.0,686000000.0,668700000.0,17300000.0,8751100000.0,10219900000.0,500000.0,-57800000.0,,2100000.0,74800000.0,8751100000.0,1468800000.0,194300000.0,37400000.0,357100000.0,1111700000.0,-214700000.0,897000000.0,10219900000.0,470000000.0,387700000.0,391700000.0
Interpublic Group of Companies Inc,IPG,5493008IUOJ5VWTRC333,51644,2020.0,Q1,2020-01-01,2020-03-31,2020-04-23 08:59:00+00:00,0.01,0.01,,72800000.0,0.01,17200000.0,2600000.0,2600000.0,4700000.0,-2100000.0,2188700000.0,2359800000.0,-200000.0,-21800000.0,,0.0,22400000.0,2188700000.0,171100000.0,44800000.0,10700000.0,95200000.0,75900000.0,-55900000.0,20000000.0,2359800000.0,470000000.0,387700000.0,391700000.0
