company_name,company_ticker,company_lei,company_cik,year,quarter,start_date,end_date,filing_date,basicdilutedeps,basiceps,cashdividendspershare,dilutedeps,impairmentexpense,incometaxexpense,netincome,netincomecontinuing,netincometocommon,netincometononcontrollinginterest,operatingcostofrevenue,operatingrevenue,otheradjustmentstoconsolidatednetincome,otherincome,otheroperatingexpenses,restructuringcharge,sgaexpense,totalcostofrevenue,totalgrossprofit,totalinterestexpense,totalinterestincome,totaloperatingexpenses,totaloperatingincome,totalotherincome,totalpretaxincome,totalrevenue,weightedavebasicdilutedsharesos,weightedavebasicsharesos,weightedavedilutedsharesos
Mosaic Co,MOS,2YD5STGSJNMUB7H76907,1285785,2010.0,Q4,2010-03-01,2010-05-31,,-0.47,-0.47,,-0.47,,-83200000.0,-211500000.0,-220800000.0,-208400000.0,-3100000.0,-2637700000.0,-3166900000.0,9300000.0,3500000.0,,,-194900000.0,-2637700000.0,-529200000.0,-26800000.0,,-194900000.0,-334300000.0,30300000.0,-304000000.0,-3166900000.0,,,
Mosaic Co,MOS,2YD5STGSJNMUB7H76907,1285785,2010.0,Q3YTD,2009-06-01,2010-02-28,,0.47,0.47,,0.47,,83200000.0,211500000.0,220800000.0,208400000.0,3100000.0,2637700000.0,3166900000.0,-9300000.0,-3500000.0,,,194900000.0,2637700000.0,529200000.0,26800000.0,,194900000.0,334300000.0,-30300000.0,304000000.0,3166900000.0,,,
Mosaic Co,MOS,2YD5STGSJNMUB7H76907,1285785,2010.0,Q2YTD,2009-06-01,2009-11-30,,0.47,0.47,,0.47,,83200000.0,211500000.0,220800000.0,208400000.0,3100000.0,2637700000.0,3166900000.0,-9300000.0,-3500000.0,,,194900000.0,2637700000.0,529200000.0,26800000.0,,194900000.0,334300000.0,-30300000.0,304000000.0,3166900000.0,449200000.0,445000000.0,446500000.0
Mosaic Co,MOS,2YD5STGSJNMUB7H76907,1285785,2010.0,Q2,2009-09-01,2009-11-30,2011-01-06 15:25:10+00:00,0.24,0.24,,0.24,,50400000.0,109000000.0,120800000.0,107800000.0,1200000.0,1402700000.0,1709700000.0,-11800000.0,-17000000.0,,,106900000.0,1402700000.0,307000000.0,11900000.0,0.0,106900000.0,200100000.0,-28900000.0,171200000.0,1709700000.0,449200000.0,445000000.0,446500000.0
Mosaic Co,MOS,2YD5STGSJNMUB7H76907,1285785,2010.0,Q1,2009-06-01,2009-08-31,2010-10-29 12:23:56+00:00,0.23,0.23,,0.23,,32800000.0,102500000.0,100000000.0,100600000.0,1900000.0,1235000000.0,1457200000.0,2500000.0,13500000.0,,,88000000.0,1235000000.0,222200000.0,14900000.0,,88000000.0,134200000.0,-1400000.0,132800000.0,1457200000.0,437400000.0,444600000.0,446300000.0
Mosaic Co,MOS,2YD5STGSJNMUB7H76907,1285785,2011.0,Q4,2011-03-01,2011-05-31,,5.64,5.64,0.2,5.62,,752800000.0,2513500000.0,2518500000.0,2514600000.0,-1100000.0,6816000000.0,9937800000.0,-5000000.0,-73400000.0,,,457600000.0,6816000000.0,3121800000.0,,680500000.0,457600000.0,2664200000.0,607100000.0,3271300000.0,9937800000.0,445900000.0,446000000.0,447500000.0
Mosaic Co,MOS,2YD5STGSJNMUB7H76907,1285785,2011.0,FY,2010-06-01,2011-05-31,2014-02-18 17:03:46+00:00,5.64,5.64,0.2,5.62,0.0,752800000.0,2513500000.0,2518500000.0,2514600000.0,-1100000.0,6816000000.0,9937800000.0,-5000000.0,-73400000.0,,,457600000.0,6816000000.0,3121800000.0,,680500000.0,457600000.0,2664200000.0,607100000.0,3271300000.0,9937800000.0,445900000.0,446000000.0,447500000.0
Mosaic Co,MOS,2YD5STGSJNMUB7H76907,1285785,2011.0,Q3TTM,2010-03-01,2011-02-28,,-0.47,-0.47,,-0.47,,-83200000.0,-211500000.0,-220800000.0,-208400000.0,-3100000.0,-2637700000.0,-3166900000.0,9300000.0,3500000.0,,,-194900000.0,-2637700000.0,-529200000.0,-26800000.0,,-194900000.0,-334300000.0,30300000.0,-304000000.0,-3166900000.0,,,
Mosaic Co,MOS,2YD5STGSJNMUB7H76907,1285785,2011.0,Q2TTM,2009-12-01,2010-11-30,,-0.47,-0.47,,-0.47,,-83200000.0,-211500000.0,-220800000.0,-208400000.0,-3100000.0,-2637700000.0,-3166900000.0,9300000.0,3500000.0,,,-194900000.0,-2637700000.0,-529200000.0,-26800000.0,,-194900000.0,-334300000.0,30300000.0,-304000000.0,-3166900000.0,,,
Mosaic Co,MOS,2YD5STGSJNMUB7H76907,1285785,2011.0,Q1TTM,2009-09-01,2010-08-31,,-0.23,-0.23,,-0.23,,-32800000.0,-102500000.0,-100000000.0,-100600000.0,-1900000.0,-1235000000.0,-1457200000.0,-2500000.0,-13500000.0,,,-88000000.0,-1235000000.0,-222200000.0,-14900000.0,,-88000000.0,-134200000.0,1400000.0,-132800000.0,-1457200000.0,,,
Mosaic Co,MOS,2YD5STGSJNMUB7H76907,1285785,2012.0,Q4,2012-03-01,2012-05-31,,2.39,2.39,0.28,2.38,,393700000.0,1033300000.0,1025100000.0,1033300000.0,,4221800000.0,5903800000.0,8200000.0,7900000.0,,,281600000.0,4221800000.0,1682000000.0,8200000.0,18700000.0,281600000.0,1400400000.0,18400000.0,1418800000.0,5903800000.0,434700000.0,435200000.0,436500000.0
Mosaic Co,MOS,2YD5STGSJNMUB7H76907,1285785,2012.0,FY,2011-06-01,2012-05-31,2015-02-17 16:58:50+00:00,4.44,4.44,0.275,4.42,0.0,711400000.0,1930800000.0,1917500000.0,1930200000.0,600000.0,8022800000.0,11107800000.0,13300000.0,-900000.0,,0.0,473900000.0,8022800000.0,3085000000.0,0.0,18700000.0,473900000.0,2611100000.0,17800000.0,2628900000.0,11107800000.0,434700000.0,435200000.0,436500000.0
Mosaic Co,MOS,2YD5STGSJNMUB7H76907,1285785,2012.0,Q3YTD,2011-06-01,2012-02-29,,2.05,2.05,,2.04,,317700000.0,897500000.0,892400000.0,896900000.0,600000.0,3801000000.0,5204000000.0,5100000.0,-8800000.0,,,192300000.0,3801000000.0,1403000000.0,-8200000.0,,192300000.0,1210700000.0,-600000.0,1210100000.0,5204000000.0,427000000.0,425400000.0,426700000.0
Mosaic Co,MOS,2YD5STGSJNMUB7H76907,1285785,2012.0,Q3TTM,2011-03-01,2012-02-29,,7.69,7.69,0.2,7.66,,1070500000.0,3411000000.0,3410900000.0,3411500000.0,-500000.0,10617000000.0,15141800000.0,100000.0,-82200000.0,,,649900000.0,10617000000.0,4524800000.0,-8200000.0,680500000.0,649900000.0,3874900000.0,606500000.0,4481400000.0,15141800000.0,427000000.0,425400000.0,426700000.0
Mosaic Co,MOS,2YD5STGSJNMUB7H76907,1285785,2012.0,Q3,2011-12-01,2012-02-29,2013-03-28 12:10:20+00:00,0.64,0.64,,0.64,,87000000.0,271900000.0,267700000.0,273300000.0,-1400000.0,1667700000.0,2189500000.0,4200000.0,-63100000.0,,,108100000.0,1667700000.0,521800000.0,-4100000.0,,108100000.0,413700000.0,-59000000.0,354700000.0,2189500000.0,427000000.0,425400000.0,426700000.0
Mosaic Co,MOS,2YD5STGSJNMUB7H76907,1285785,2012.0,Q2YTD,2011-06-01,2011-11-30,,1.41,1.41,,1.4,,230700000.0,625600000.0,624700000.0,623600000.0,2000000.0,2133300000.0,3014500000.0,900000.0,54300000.0,,,84200000.0,2133300000.0,881200000.0,-4100000.0,,84200000.0,797000000.0,58400000.0,855400000.0,3014500000.0,442300000.0,443400000.0,444700000.0
Mosaic Co,MOS,2YD5STGSJNMUB7H76907,1285785,2012.0,Q2TTM,2010-12-01,2011-11-30,,7.05,7.05,0.2,7.02,,983500000.0,3139100000.0,3143200000.0,3138200000.0,900000.0,8949300000.0,12952300000.0,-4100000.0,-19100000.0,,,541800000.0,8949300000.0,4003000000.0,-4100000.0,680500000.0,541800000.0,3461200000.0,665500000.0,4126700000.0,12952300000.0,442300000.0,443400000.0,444700000.0
Mosaic Co,MOS,2YD5STGSJNMUB7H76907,1285785,2012.0,Q2,2011-09-01,2011-11-30,2013-01-04 12:04:52+00:00,1.41,1.41,,1.4,,230700000.0,625600000.0,624700000.0,623600000.0,2000000.0,2133300000.0,3014500000.0,900000.0,54300000.0,,,84200000.0,2133300000.0,881200000.0,-4100000.0,,84200000.0,797000000.0,58400000.0,855400000.0,3014500000.0,442300000.0,443400000.0,444700000.0
Mosaic Co,MOS,2YD5STGSJNMUB7H76907,1285785,2012.0,Q1TTM,2010-09-01,2011-08-31,,5.64,5.64,0.2,5.62,,752800000.0,2513500000.0,2518500000.0,2514600000.0,-1100000.0,6816000000.0,9937800000.0,-5000000.0,-73400000.0,,,457600000.0,6816000000.0,3121800000.0,,680500000.0,457600000.0,2664200000.0,607100000.0,3271300000.0,9937800000.0,,,
Mosaic Co,MOS,2YD5STGSJNMUB7H76907,1285785,2013.0,FY,2012-06-01,2013-05-31,2016-02-19 15:01:12+00:00,4.44,4.44,1.0,4.42,0.0,341000000.0,1891800000.0,1873500000.0,1888700000.0,3100000.0,7213900000.0,9974100000.0,18300000.0,-13900000.0,,0.0,550600000.0,7213900000.0,2760200000.0,0.0,18800000.0,550600000.0,2209600000.0,4900000.0,2214500000.0,9974100000.0,425400000.0,425700000.0,426900000.0
Mosaic Co,MOS,2YD5STGSJNMUB7H76907,1285785,2013.0,Q4,2013-03-01,2013-05-31,,2.15,2.15,1.0,2.14,,310200000.0,916100000.0,902200000.0,915300000.0,800000.0,3681400000.0,5197300000.0,13900000.0,-29300000.0,,,285000000.0,3681400000.0,1515900000.0,8000000.0,18800000.0,285000000.0,1230900000.0,-18500000.0,1212400000.0,5197300000.0,425400000.0,425700000.0,426900000.0
Mosaic Co,MOS,2YD5STGSJNMUB7H76907,1285785,2013.0,Q3YTD,2012-06-01,2013-02-28,,2.29,2.29,,2.28,,30800000.0,975700000.0,971300000.0,973400000.0,2300000.0,3532500000.0,4776800000.0,4400000.0,15400000.0,,,265600000.0,3532500000.0,1244300000.0,-8000000.0,,265600000.0,978700000.0,23400000.0,1002100000.0,4776800000.0,425400000.0,425700000.0,427100000.0
Mosaic Co,MOS,2YD5STGSJNMUB7H76907,1285785,2013.0,Q3TTM,2012-03-01,2013-02-28,,4.68,4.68,0.28,4.66,,424500000.0,2009000000.0,1996400000.0,2006700000.0,2300000.0,7754300000.0,10680600000.0,12600000.0,23300000.0,,,547200000.0,7754300000.0,2926300000.0,200000.0,18700000.0,547200000.0,2379100000.0,41800000.0,2420900000.0,10680600000.0,425400000.0,425700000.0,427100000.0
Mosaic Co,MOS,2YD5STGSJNMUB7H76907,1285785,2013.0,Q3,2012-12-01,2013-02-28,2013-03-28 12:10:20+00:00,0.81,0.81,,0.81,,108900000.0,345400000.0,345700000.0,344600000.0,800000.0,1672200000.0,2240600000.0,-300000.0,31900000.0,,,149300000.0,1672200000.0,568400000.0,-3600000.0,,149300000.0,419100000.0,35500000.0,454600000.0,2240600000.0,425400000.0,425700000.0,427100000.0
Mosaic Co,MOS,2YD5STGSJNMUB7H76907,1285785,2013.0,Q2YTD,2012-06-01,2012-11-30,,1.48,1.48,,1.47,,-78100000.0,630300000.0,625600000.0,628800000.0,1500000.0,1860300000.0,2536200000.0,4700000.0,-16500000.0,,,116300000.0,1860300000.0,675900000.0,-4400000.0,,116300000.0,559600000.0,-12100000.0,547500000.0,2536200000.0,424900000.0,425700000.0,427000000.0
Mosaic Co,MOS,2YD5STGSJNMUB7H76907,1285785,2013.0,Q2TTM,2011-12-01,2012-11-30,,4.51,4.51,0.28,4.49,,402600000.0,1935500000.0,1918400000.0,1935400000.0,100000.0,7749800000.0,10629500000.0,17100000.0,-71700000.0,,,506000000.0,7749800000.0,2879700000.0,-300000.0,18700000.0,506000000.0,2373700000.0,-52700000.0,2321000000.0,10629500000.0,424900000.0,425700000.0,427000000.0
Mosaic Co,MOS,2YD5STGSJNMUB7H76907,1285785,2013.0,Q2,2012-09-01,2012-11-30,2013-01-04 12:04:52+00:00,1.48,1.48,,1.47,,-78100000.0,630300000.0,625600000.0,628800000.0,1500000.0,1860300000.0,2536200000.0,4700000.0,-16500000.0,,,116300000.0,1860300000.0,675900000.0,-4400000.0,,116300000.0,559600000.0,-12100000.0,547500000.0,2536200000.0,424900000.0,425700000.0,427000000.0
Mosaic Co,MOS,2YD5STGSJNMUB7H76907,1285785,2013.0,Q1TTM,2011-09-01,2012-08-31,,4.44,4.44,0.28,4.42,,711400000.0,1930800000.0,1917500000.0,1930200000.0,600000.0,8022800000.0,11107800000.0,13300000.0,-900000.0,,,473900000.0,8022800000.0,3085000000.0,,18700000.0,473900000.0,2611100000.0,17800000.0,2628900000.0,11107800000.0,,,
Mosaic Co,MOS,2YD5STGSJNMUB7H76907,1285785,2014.0,FY,2014-01-01,2014-12-31,2017-02-15 16:46:30+00:00,2.69,2.69,1.0,2.68,-16400000.0,184700000.0,1030400000.0,1032600000.0,1028600000.0,1800000.0,7129200000.0,9055800000.0,-2200000.0,73300000.0,,125400000.0,505800000.0,7129200000.0,1926600000.0,60200000.0,-107600000.0,614800000.0,1311800000.0,-94500000.0,1217300000.0,9055800000.0,382400000.0,374100000.0,375600000.0
Mosaic Co,MOS,2YD5STGSJNMUB7H76907,1285785,2014.0,Q4,2014-10-01,2014-12-31,,0.96,0.96,1.0,0.96,15300000.0,27000000.0,361600000.0,354200000.0,360800000.0,800000.0,1799500000.0,2378700000.0,7400000.0,42300000.0,,58400000.0,140800000.0,1799500000.0,579200000.0,-81800000.0,-107600000.0,214500000.0,364700000.0,16500000.0,381200000.0,2378700000.0,382400000.0,374100000.0,375600000.0
Mosaic Co,MOS,2YD5STGSJNMUB7H76907,1285785,2014.0,Q3YTD,2014-01-01,2014-09-30,,1.73,1.73,,1.72,-31700000.0,157700000.0,668800000.0,678400000.0,667800000.0,1000000.0,5329700000.0,6677100000.0,-9600000.0,31000000.0,,67000000.0,365000000.0,5329700000.0,1347400000.0,142000000.0,,400300000.0,947100000.0,-111000000.0,836100000.0,6677100000.0,373900000.0,374000000.0,375900000.0
Mosaic Co,MOS,2YD5STGSJNMUB7H76907,1285785,2014.0,Q3TTM,2013-03-01,2014-09-30,,3.88,3.88,1.0,3.86,-31700000.0,467900000.0,1584900000.0,1580600000.0,1583100000.0,1800000.0,9011100000.0,11874400000.0,4300000.0,1700000.0,,67000000.0,650000000.0,9011100000.0,2863300000.0,150000000.0,18800000.0,685300000.0,2178000000.0,-129500000.0,2048500000.0,11874400000.0,373900000.0,374000000.0,375900000.0
Mosaic Co,MOS,2YD5STGSJNMUB7H76907,1285785,2014.0,Q3,2014-07-01,2014-09-30,2015-11-03 12:20:07+00:00,0.54,0.54,,0.54,-31700000.0,77600000.0,202900000.0,207000000.0,201900000.0,1000000.0,1836000000.0,2250700000.0,-4100000.0,32500000.0,,67000000.0,102100000.0,1836000000.0,414700000.0,25200000.0,,137400000.0,277300000.0,7300000.0,284600000.0,2250700000.0,373900000.0,374000000.0,375900000.0
Mosaic Co,MOS,2YD5STGSJNMUB7H76907,1285785,2014.0,Q2YTD,2014-01-01,2014-06-30,,1.19,1.19,,1.18,,80100000.0,465900000.0,471400000.0,465900000.0,,3493700000.0,4426400000.0,-5500000.0,-1500000.0,,,262900000.0,3493700000.0,932700000.0,116800000.0,,262900000.0,669800000.0,-118300000.0,551500000.0,4426400000.0,382200000.0,374200000.0,376200000.0
Mosaic Co,MOS,2YD5STGSJNMUB7H76907,1285785,2014.0,Q2TTM,2012-12-01,2014-06-30,,4.15,4.15,1.0,4.13,,499200000.0,1727400000.0,1719300000.0,1725800000.0,1600000.0,8847300000.0,11864300000.0,8100000.0,1100000.0,,,697200000.0,8847300000.0,3017000000.0,121200000.0,18800000.0,697200000.0,2319800000.0,-101300000.0,2218500000.0,11864300000.0,382200000.0,374200000.0,376200000.0
Mosaic Co,MOS,2YD5STGSJNMUB7H76907,1285785,2014.0,Q2,2014-04-01,2014-06-30,2015-08-04 12:24:56+00:00,0.65,0.65,,0.64,,82700000.0,248200000.0,250400000.0,248400000.0,-200000.0,1919100000.0,2440200000.0,-2200000.0,-40000000.0,,,117900000.0,1919100000.0,521100000.0,30100000.0,,117900000.0,403200000.0,-70100000.0,333100000.0,2440200000.0,382200000.0,374200000.0,376200000.0
Mosaic Co,MOS,2YD5STGSJNMUB7H76907,1285785,2014.0,Q1TTM,2012-09-01,2014-03-31,,4.98,4.98,1.0,4.96,,338400000.0,2109500000.0,2094500000.0,2106200000.0,3300000.0,8788500000.0,11960300000.0,15000000.0,24600000.0,,,695600000.0,8788500000.0,3171800000.0,86700000.0,18800000.0,695600000.0,2476200000.0,-43300000.0,2432900000.0,11960300000.0,402800000.0,378200000.0,379600000.0
Mosaic Co,MOS,2YD5STGSJNMUB7H76907,1285785,2014.0,Q1,2014-01-01,2014-03-31,2015-04-30 13:00:49+00:00,0.54,0.54,,0.54,,-2600000.0,217700000.0,221000000.0,217500000.0,200000.0,1574600000.0,1986200000.0,-3300000.0,38500000.0,,,145000000.0,1574600000.0,411600000.0,86700000.0,,145000000.0,266600000.0,-48200000.0,218400000.0,1986200000.0,402800000.0,378200000.0,379600000.0
Mosaic Co,MOS,2YD5STGSJNMUB7H76907,1285785,2015.0,FY,2015-01-01,2015-12-31,2018-02-20 18:09:22+00:00,2.79,2.79,1.075,2.78,,99100000.0,1001800000.0,1004200000.0,1000400000.0,1400000.0,7177400000.0,8895300000.0,-2400000.0,-77700000.0,,,439100000.0,7177400000.0,1717900000.0,,-97800000.0,439100000.0,1278800000.0,-175500000.0,1103300000.0,8895300000.0,358600000.0,358500000.0,360300000.0
Mosaic Co,MOS,2YD5STGSJNMUB7H76907,1285785,2015.0,Q4,2015-10-01,2015-12-31,,0.45,0.45,1.08,0.45,,-14300000.0,155500000.0,156100000.0,155000000.0,500000.0,1807700000.0,2163200000.0,-600000.0,-43700000.0,-21600000.0,,172800000.0,1807700000.0,355500000.0,-79000000.0,-97800000.0,151200000.0,204300000.0,-62500000.0,141800000.0,2163200000.0,358600000.0,358500000.0,360300000.0
Mosaic Co,MOS,2YD5STGSJNMUB7H76907,1285785,2015.0,Q3,2015-07-01,2015-09-30,2016-11-01 14:57:28+00:00,0.45,0.45,,0.45,,10100000.0,160700000.0,162000000.0,160000000.0,700000.0,1770200000.0,2105500000.0,-1300000.0,-49700000.0,12700000.0,,76600000.0,1770200000.0,335300000.0,24200000.0,,89300000.0,246000000.0,-73900000.0,172100000.0,2105500000.0,355600000.0,354300000.0,356000000.0
Mosaic Co,MOS,2YD5STGSJNMUB7H76907,1285785,2015.0,Q3YTD,2015-01-01,2015-09-30,,2.34,2.34,,2.33,,113400000.0,846300000.0,848100000.0,845400000.0,900000.0,5369700000.0,6732100000.0,-1800000.0,-34000000.0,21600000.0,,266300000.0,5369700000.0,1362400000.0,79000000.0,,287900000.0,1074500000.0,-113000000.0,961500000.0,6732100000.0,355600000.0,354300000.0,356000000.0
Mosaic Co,MOS,2YD5STGSJNMUB7H76907,1285785,2015.0,Q3TTM,2014-10-01,2015-09-30,,3.3,3.3,1.0,3.29,15300000.0,140400000.0,1207900000.0,1202300000.0,1206200000.0,1700000.0,7169200000.0,9110800000.0,5600000.0,8300000.0,21600000.0,58400000.0,407100000.0,7169200000.0,1941600000.0,-2800000.0,-107600000.0,502400000.0,1439200000.0,-96500000.0,1342700000.0,9110800000.0,355600000.0,354300000.0,356000000.0
Mosaic Co,MOS,2YD5STGSJNMUB7H76907,1285785,2015.0,Q2,2015-04-01,2015-06-30,2016-08-02 12:30:25+00:00,1.08,1.08,,1.08,,72600000.0,391000000.0,390100000.0,390600000.0,400000.0,1879600000.0,2487500000.0,900000.0,-23800000.0,8600000.0,,89300000.0,1879600000.0,607900000.0,23500000.0,,97900000.0,510000000.0,-47300000.0,462700000.0,2487500000.0,361700000.0,361300000.0,363300000.0
Mosaic Co,MOS,2YD5STGSJNMUB7H76907,1285785,2015.0,Q2YTD,2015-01-01,2015-06-30,,1.89,1.89,,1.88,,103300000.0,685600000.0,686100000.0,685400000.0,200000.0,3599500000.0,4626600000.0,-500000.0,15700000.0,8900000.0,,189700000.0,3599500000.0,1027100000.0,54800000.0,,198600000.0,828500000.0,-39100000.0,789400000.0,4626600000.0,361700000.0,361300000.0,363300000.0
Mosaic Co,MOS,2YD5STGSJNMUB7H76907,1285785,2015.0,Q2TTM,2014-07-01,2015-06-30,,3.39,3.39,1.0,3.38,-16400000.0,207900000.0,1250100000.0,1247300000.0,1248100000.0,2000000.0,7235000000.0,9256000000.0,2800000.0,90500000.0,8900000.0,125400000.0,432600000.0,7235000000.0,2021000000.0,-1800000.0,-107600000.0,550500000.0,1470500000.0,-15300000.0,1455200000.0,9256000000.0,361700000.0,361300000.0,363300000.0
Mosaic Co,MOS,2YD5STGSJNMUB7H76907,1285785,2015.0,Q1,2015-01-01,2015-03-31,2016-05-04 12:47:20+00:00,0.81,0.81,,0.8,,30700000.0,294600000.0,296000000.0,294800000.0,-200000.0,1719900000.0,2139100000.0,-1400000.0,39500000.0,300000.0,,100400000.0,1719900000.0,419200000.0,31300000.0,,100700000.0,318500000.0,8200000.0,326700000.0,2139100000.0,364000000.0,366000000.0,367900000.0
Mosaic Co,MOS,2YD5STGSJNMUB7H76907,1285785,2015.0,Q1TTM,2014-04-01,2015-03-31,,2.96,2.96,1.0,2.94,-16400000.0,218000000.0,1107300000.0,1107600000.0,1105900000.0,1400000.0,7274500000.0,9208700000.0,-300000.0,74300000.0,300000.0,125400000.0,461200000.0,7274500000.0,1934200000.0,4800000.0,-107600000.0,570500000.0,1363700000.0,-38100000.0,1325600000.0,9208700000.0,364000000.0,366000000.0,367900000.0
Mosaic Co,MOS,2YD5STGSJNMUB7H76907,1285785,2016.0,FY,2016-01-01,2016-12-31,2019-03-12 20:24:45+00:00,0.85,0.85,1.1,0.85,,-74200000.0,301200000.0,316600000.0,297800000.0,3400000.0,-810000000.0,,-15400000.0,35800000.0,186800000.0,,304200000.0,-810000000.0,810000000.0,112400000.0,,491000000.0,319000000.0,-76600000.0,242400000.0,,350400000.0,350400000.0,351700000.0
Mosaic Co,MOS,2YD5STGSJNMUB7H76907,1285785,2016.0,Q4,2016-10-01,2016-12-31,,0.04,0.04,1.1,0.04,,-5600000.0,14700000.0,17200000.0,12000000.0,2700000.0,-5506800000.0,-5300800000.0,-2500000.0,-34700000.0,57800000.0,,74600000.0,-5506800000.0,206000000.0,27300000.0,,132400000.0,73600000.0,-62000000.0,11600000.0,-5300800000.0,350400000.0,350400000.0,351700000.0
Mosaic Co,MOS,2YD5STGSJNMUB7H76907,1285785,2016.0,Q3,2016-07-01,2016-09-30,2017-11-03 12:40:40+00:00,0.11,0.11,,0.11,,-30100000.0,40700000.0,42400000.0,39200000.0,1500000.0,1738900000.0,1952200000.0,-1700000.0,-31900000.0,76700000.0,,66900000.0,1738900000.0,213300000.0,25500000.0,,143600000.0,69700000.0,-57400000.0,12300000.0,1952200000.0,356400000.0,350100000.0,351500000.0
Mosaic Co,MOS,2YD5STGSJNMUB7H76907,1285785,2016.0,Q3YTD,2016-01-01,2016-09-30,,0.81,0.81,,0.81,,-68600000.0,286500000.0,299400000.0,285800000.0,700000.0,4696800000.0,5300800000.0,-12900000.0,70500000.0,129000000.0,,229600000.0,4696800000.0,604000000.0,85100000.0,,358600000.0,245400000.0,-14600000.0,230800000.0,5300800000.0,356400000.0,350100000.0,351500000.0
Mosaic Co,MOS,2YD5STGSJNMUB7H76907,1285785,2016.0,Q3TTM,2015-10-01,2016-09-30,,1.26,1.26,1.08,1.26,,-82900000.0,442000000.0,455500000.0,440800000.0,1200000.0,6504500000.0,7464000000.0,-13500000.0,26800000.0,107400000.0,,402400000.0,6504500000.0,959500000.0,6100000.0,-97800000.0,509800000.0,449700000.0,-77100000.0,372600000.0,7464000000.0,356400000.0,350100000.0,351500000.0
Mosaic Co,MOS,2YD5STGSJNMUB7H76907,1285785,2016.0,Q2,2016-04-01,2016-06-30,2017-08-01 17:02:47+00:00,-0.03,-0.03,,-0.03,,-9800000.0,-11100000.0,2600000.0,-10200000.0,-900000.0,1520600000.0,1674600000.0,-13700000.0,14000000.0,68800000.0,,72900000.0,1520600000.0,154000000.0,33500000.0,,141700000.0,12300000.0,-19500000.0,-7200000.0,1674600000.0,340000000.0,349800000.0,349800000.0
Mosaic Co,MOS,2YD5STGSJNMUB7H76907,1285785,2016.0,Q2YTD,2016-01-01,2016-06-30,,0.7,0.7,,0.7,,-38500000.0,245800000.0,257000000.0,246600000.0,-800000.0,2957900000.0,3348600000.0,-11200000.0,102400000.0,52300000.0,,162700000.0,2957900000.0,390700000.0,59600000.0,,215000000.0,175700000.0,42800000.0,218500000.0,3348600000.0,340000000.0,349800000.0,349800000.0
Mosaic Co,MOS,2YD5STGSJNMUB7H76907,1285785,2016.0,Q2TTM,2015-07-01,2016-06-30,,1.6,1.6,1.08,1.6,,-42700000.0,562000000.0,575100000.0,561600000.0,400000.0,6535800000.0,7617300000.0,-13100000.0,9000000.0,43400000.0,,412100000.0,6535800000.0,1081500000.0,4800000.0,-97800000.0,455500000.0,626000000.0,-93600000.0,532400000.0,7617300000.0,340000000.0,349800000.0,349800000.0
Mosaic Co,MOS,2YD5STGSJNMUB7H76907,1285785,2016.0,Q1,2016-01-01,2016-03-31,2017-05-02 17:34:24+00:00,0.73,0.73,,0.73,,-28700000.0,256900000.0,254400000.0,256800000.0,100000.0,1437300000.0,1674000000.0,2500000.0,88400000.0,-16500000.0,,89800000.0,1437300000.0,236700000.0,26100000.0,,73300000.0,163400000.0,62300000.0,225700000.0,1674000000.0,351800000.0,351300000.0,353200000.0
Mosaic Co,MOS,2YD5STGSJNMUB7H76907,1285785,2016.0,Q1TTM,2015-04-01,2016-03-31,,2.71,2.71,1.08,2.71,,39700000.0,964100000.0,962600000.0,962400000.0,1700000.0,6894800000.0,8430200000.0,1500000.0,-28800000.0,-16800000.0,,428500000.0,6894800000.0,1535400000.0,-5200000.0,-97800000.0,411700000.0,1123700000.0,-121400000.0,1002300000.0,8430200000.0,351800000.0,351300000.0,353200000.0
Mosaic Co,MOS,2YD5STGSJNMUB7H76907,1285785,2017.0,FY,2017-01-01,2017-12-31,2020-02-20 17:22:17+00:00,-0.31,-0.31,0.35,-0.31,,494900000.0,-104200000.0,-120900000.0,-107200000.0,3000000.0,6566600000.0,7409400000.0,16700000.0,46400000.0,75800000.0,0.0,301300000.0,6566600000.0,842800000.0,138100000.0,,377100000.0,465700000.0,-91700000.0,374000000.0,7409400000.0,345800000.0,350900000.0,350900000.0
Mosaic Co,MOS,2YD5STGSJNMUB7H76907,1285785,2017.0,Q4,2017-10-01,2017-12-31,,-1.24,-1.24,0.35,-1.24,,490200000.0,-429800000.0,-431000000.0,-431100000.0,1300000.0,1811800000.0,2091900000.0,1200000.0,-28200000.0,69900000.0,,83100000.0,1811800000.0,280100000.0,39700000.0,,153000000.0,127100000.0,-67900000.0,59200000.0,2091900000.0,345800000.0,350900000.0,350900000.0
Mosaic Co,MOS,2YD5STGSJNMUB7H76907,1285785,2017.0,Q3,2017-07-01,2017-09-30,2018-11-06 17:05:18+00:00,0.65,0.65,,0.65,,17600000.0,229600000.0,219800000.0,227500000.0,2100000.0,1744000000.0,1984800000.0,9800000.0,59700000.0,-39200000.0,,66100000.0,1744000000.0,240800000.0,36200000.0,,26900000.0,213900000.0,23500000.0,237400000.0,1984800000.0,350000000.0,351100000.0,352200000.0
Mosaic Co,MOS,2YD5STGSJNMUB7H76907,1285785,2017.0,Q3YTD,2017-01-01,2017-09-30,,0.93,0.93,,0.93,,4700000.0,325600000.0,310100000.0,323900000.0,1700000.0,4754800000.0,5317500000.0,15500000.0,74600000.0,5900000.0,,218200000.0,4754800000.0,562700000.0,98400000.0,,224100000.0,338600000.0,-23800000.0,314800000.0,5317500000.0,350000000.0,351100000.0,352200000.0
Mosaic Co,MOS,2YD5STGSJNMUB7H76907,1285785,2017.0,Q3TTM,2016-10-01,2017-09-30,,0.97,0.97,1.1,0.97,,-900000.0,340300000.0,327300000.0,335900000.0,4400000.0,-752000000.0,16700000.0,13000000.0,39900000.0,63700000.0,,292800000.0,-752000000.0,768700000.0,125700000.0,,356500000.0,412200000.0,-85800000.0,326400000.0,16700000.0,350000000.0,351100000.0,352200000.0
Mosaic Co,MOS,2YD5STGSJNMUB7H76907,1285785,2017.0,Q2,2017-04-01,2017-06-30,2018-08-07 15:18:23+00:00,0.28,0.28,,0.28,,-22600000.0,97100000.0,91300000.0,97300000.0,-200000.0,1562300000.0,1754600000.0,5800000.0,10500000.0,26500000.0,,71200000.0,1562300000.0,192300000.0,36400000.0,,97700000.0,94600000.0,-25900000.0,68700000.0,1754600000.0,347500000.0,351000000.0,352000000.0
Mosaic Co,MOS,2YD5STGSJNMUB7H76907,1285785,2017.0,Q2YTD,2017-01-01,2017-06-30,,0.28,0.28,,0.28,,-12900000.0,96000000.0,90300000.0,96400000.0,-400000.0,3010800000.0,3332700000.0,5700000.0,14900000.0,45100000.0,,152100000.0,3010800000.0,321900000.0,62200000.0,,197200000.0,124700000.0,-47300000.0,77400000.0,3332700000.0,347500000.0,351000000.0,352000000.0
Mosaic Co,MOS,2YD5STGSJNMUB7H76907,1285785,2017.0,Q2TTM,2016-07-01,2017-06-30,,0.43,0.43,1.1,0.43,,-48600000.0,151400000.0,149900000.0,147600000.0,3800000.0,-757100000.0,-15900000.0,1500000.0,-51700000.0,179600000.0,,293600000.0,-757100000.0,741200000.0,115000000.0,,473200000.0,268000000.0,-166700000.0,101300000.0,-15900000.0,347500000.0,351000000.0,352000000.0
Mosaic Co,MOS,2YD5STGSJNMUB7H76907,1285785,2017.0,Q1,2017-01-01,2017-03-31,2018-05-08 18:06:28+00:00,0.0,0.0,,0.0,,9700000.0,-1100000.0,-1000000.0,-900000.0,-200000.0,1448500000.0,1578100000.0,-100000.0,4400000.0,18600000.0,,80900000.0,1448500000.0,129600000.0,25800000.0,,99500000.0,30100000.0,-21400000.0,8700000.0,1578100000.0,,350500000.0,350500000.0
Mosaic Co,MOS,2YD5STGSJNMUB7H76907,1285785,2017.0,Q1TTM,2016-04-01,2017-03-31,,0.12,0.12,1.1,0.12,,-35800000.0,43200000.0,61200000.0,40100000.0,3100000.0,-798800000.0,-95900000.0,-18000000.0,-48200000.0,221900000.0,,295300000.0,-798800000.0,702900000.0,112100000.0,,517200000.0,185700000.0,-160300000.0,25400000.0,-95900000.0,,350500000.0,350500000.0
Mosaic Co,MOS,2YD5STGSJNMUB7H76907,1285785,2018.0,FY,2018-01-01,2018-12-31,2020-02-20 17:22:17+00:00,1.22,1.22,0.1,1.22,,77100000.0,469900000.0,474400000.0,470000000.0,-100000.0,8088900000.0,9587300000.0,-4500000.0,-210700000.0,229000000.0,0.0,341100000.0,8088900000.0,1498400000.0,166100000.0,,570100000.0,928300000.0,-376800000.0,551500000.0,9587300000.0,385200000.0,384800000.0,386400000.0
Mosaic Co,MOS,2YD5STGSJNMUB7H76907,1285785,2018.0,Q4,2018-10-01,2018-12-31,,0.29,0.29,-0.03,0.29,,32700000.0,112000000.0,112600000.0,112300000.0,-300000.0,2054300000.0,2520500000.0,-600000.0,-82000000.0,118500000.0,,89700000.0,2054300000.0,466200000.0,30700000.0,,208200000.0,258000000.0,-112700000.0,145300000.0,2520500000.0,385200000.0,384800000.0,386400000.0
Mosaic Co,MOS,2YD5STGSJNMUB7H76907,1285785,2018.0,Q3,2018-07-01,2018-09-30,2019-11-05 16:19:53+00:00,0.64,0.64,0.025,0.64,,90600000.0,249700000.0,252000000.0,247500000.0,2200000.0,2432600000.0,2928100000.0,-2300000.0,-9800000.0,23700000.0,,78500000.0,2432600000.0,495500000.0,40900000.0,,102200000.0,393300000.0,-50700000.0,342600000.0,2928100000.0,386700000.0,385500000.0,387500000.0
Mosaic Co,MOS,2YD5STGSJNMUB7H76907,1285785,2018.0,Q3YTD,2018-01-01,2018-09-30,,0.93,0.93,0.13,0.93,,44400000.0,357900000.0,361800000.0,357700000.0,200000.0,6034600000.0,7066800000.0,-3900000.0,-128700000.0,110500000.0,,251400000.0,6034600000.0,1032200000.0,135400000.0,,361900000.0,670300000.0,-264100000.0,406200000.0,7066800000.0,386700000.0,385500000.0,387500000.0
Mosaic Co,MOS,2YD5STGSJNMUB7H76907,1285785,2018.0,Q3TTM,2017-10-01,2018-09-30,,-0.31,-0.31,0.48,-0.31,,534600000.0,-71900000.0,-69200000.0,-73400000.0,1500000.0,7846400000.0,9158700000.0,-2700000.0,-156900000.0,180400000.0,,334500000.0,7846400000.0,1312300000.0,175100000.0,,514900000.0,797400000.0,-332000000.0,465400000.0,9158700000.0,386700000.0,385500000.0,387500000.0
Mosaic Co,MOS,2YD5STGSJNMUB7H76907,1285785,2018.0,Q2,2018-04-01,2018-06-30,2019-08-06 15:37:51+00:00,0.18,0.18,,0.18,,3700000.0,68100000.0,66400000.0,67900000.0,200000.0,1910400000.0,2205000000.0,1700000.0,-81100000.0,19000000.0,,79300000.0,1910400000.0,294600000.0,45100000.0,,98300000.0,196300000.0,-126200000.0,70100000.0,2205000000.0,377200000.0,385400000.0,387200000.0
Mosaic Co,MOS,2YD5STGSJNMUB7H76907,1285785,2018.0,Q2YTD,2018-01-01,2018-06-30,,0.29,0.29,0.1,0.29,,-46200000.0,108200000.0,109800000.0,110200000.0,-2000000.0,3602000000.0,4138700000.0,-1600000.0,-118900000.0,86800000.0,,172900000.0,3602000000.0,536700000.0,94500000.0,,259700000.0,277000000.0,-213400000.0,63600000.0,4138700000.0,377200000.0,385400000.0,387200000.0
Mosaic Co,MOS,2YD5STGSJNMUB7H76907,1285785,2018.0,Q2TTM,2017-07-01,2018-06-30,,-0.3,-0.3,0.45,-0.3,,461600000.0,-92000000.0,-101400000.0,-93400000.0,1400000.0,7157800000.0,8215400000.0,9400000.0,-87400000.0,117500000.0,,322100000.0,7157800000.0,1057600000.0,170400000.0,,439600000.0,618000000.0,-257800000.0,360200000.0,8215400000.0,377200000.0,385400000.0,387200000.0
Mosaic Co,MOS,2YD5STGSJNMUB7H76907,1285785,2018.0,Q1,2018-01-01,2018-03-31,2019-05-07 15:03:28+00:00,0.11,0.11,0.1,0.11,,-49900000.0,40100000.0,43400000.0,42300000.0,-2200000.0,1691600000.0,1933700000.0,-3300000.0,-37800000.0,67800000.0,,93600000.0,1691600000.0,242100000.0,49400000.0,,161400000.0,80700000.0,-87200000.0,-6500000.0,1933700000.0,384500000.0,382600000.0,384100000.0
Mosaic Co,MOS,2YD5STGSJNMUB7H76907,1285785,2018.0,Q1TTM,2017-04-01,2018-03-31,,-0.2,-0.2,0.45,-0.2,,435300000.0,-63000000.0,-76500000.0,-64000000.0,1000000.0,6809700000.0,7765000000.0,13500000.0,4200000.0,125000000.0,,314000000.0,6809700000.0,955300000.0,161700000.0,,439000000.0,516300000.0,-157500000.0,358800000.0,7765000000.0,384500000.0,382600000.0,384100000.0
Mosaic Co,MOS,2YD5STGSJNMUB7H76907,1285785,2019.0,Q4,2019-10-01,2019-12-31,,-2.41,-2.41,0.05,-2.41,,-288800000.0,-950400000.0,-925300000.0,-921000000.0,-29400000.0,1995600000.0,2076300000.0,-25100000.0,27200000.0,-291100000.0,1462100000.0,104300000.0,1995600000.0,80700000.0,46700000.0,,1275300000.0,-1194600000.0,-19500000.0,-1214100000.0,2076300000.0,384000000.0,383800000.0,383800000.0
Mosaic Co,MOS,2YD5STGSJNMUB7H76907,1285785,2019.0,FY,2019-01-01,2019-12-31,2020-02-20 17:22:17+00:00,-2.78,-2.78,0.2,-2.78,,-224700000.0,-1090800000.0,-1031400000.0,-1067400000.0,-23400000.0,8009000000.0,8906300000.0,-59400000.0,21700000.0,176000000.0,1462100000.0,354100000.0,8009000000.0,897300000.0,182900000.0,,1992200000.0,-1094900000.0,-161200000.0,-1256100000.0,8906300000.0,384000000.0,383800000.0,383800000.0
Mosaic Co,MOS,2YD5STGSJNMUB7H76907,1285785,2019.0,Q3YTD,2019-01-01,2019-09-30,,-0.37,-0.37,0.15,-0.37,,64100000.0,-140400000.0,-106100000.0,-146400000.0,6000000.0,6013400000.0,6830000000.0,-34300000.0,-5500000.0,467100000.0,,249800000.0,6013400000.0,816600000.0,136200000.0,,716900000.0,99700000.0,-141700000.0,-42000000.0,6830000000.0,400900000.0,385000000.0,385000000.0
Mosaic Co,MOS,2YD5STGSJNMUB7H76907,1285785,2019.0,Q3TTM,2018-10-01,2019-09-30,,-0.08,-0.08,0.13,-0.08,,96800000.0,-28400000.0,6500000.0,-34100000.0,5700000.0,8067700000.0,9350500000.0,-34900000.0,-87500000.0,585600000.0,,339500000.0,8067700000.0,1282800000.0,166900000.0,,925100000.0,357700000.0,-254400000.0,103300000.0,9350500000.0,400900000.0,385000000.0,385000000.0
Mosaic Co,MOS,2YD5STGSJNMUB7H76907,1285785,2019.0,Q3,2019-07-01,2019-09-30,2019-11-05 16:19:53+00:00,-0.11,-0.11,0.05,-0.11,,69200000.0,-40000000.0,-17000000.0,-44100000.0,4100000.0,2473500000.0,2753400000.0,-23000000.0,-44100000.0,62200000.0,,78200000.0,2473500000.0,279900000.0,43200000.0,,140400000.0,139500000.0,-87300000.0,52200000.0,2753400000.0,400900000.0,385000000.0,385000000.0
Mosaic Co,MOS,2YD5STGSJNMUB7H76907,1285785,2019.0,Q2YTD,2019-01-01,2019-06-30,,-0.26,-0.26,0.1,-0.26,,-5100000.0,-100400000.0,-89100000.0,-102300000.0,1900000.0,3539900000.0,4076600000.0,-11300000.0,38600000.0,404900000.0,,171600000.0,3539900000.0,536700000.0,93000000.0,,576500000.0,-39800000.0,-54400000.0,-94200000.0,4076600000.0,388500000.0,385800000.0,385800000.0
Mosaic Co,MOS,2YD5STGSJNMUB7H76907,1285785,2019.0,Q2TTM,2018-07-01,2019-06-30,,0.67,0.67,0.1,0.67,,118200000.0,261300000.0,275500000.0,257500000.0,3800000.0,8026800000.0,9525200000.0,-14200000.0,-53200000.0,547100000.0,,339800000.0,8026800000.0,1498400000.0,164600000.0,,886900000.0,611500000.0,-217800000.0,393700000.0,9525200000.0,388500000.0,385800000.0,385800000.0
Mosaic Co,MOS,2YD5STGSJNMUB7H76907,1285785,2019.0,Q2,2019-04-01,2019-06-30,2019-08-06 15:37:51+00:00,-0.6,-0.6,,-0.6,,-51700000.0,-230300000.0,-219100000.0,-233100000.0,2800000.0,1949700000.0,2176900000.0,-11200000.0,17100000.0,391000000.0,,78100000.0,1949700000.0,227200000.0,46000000.0,,469100000.0,-241900000.0,-28900000.0,-270800000.0,2176900000.0,388500000.0,385800000.0,385800000.0
Mosaic Co,MOS,2YD5STGSJNMUB7H76907,1285785,2019.0,Q1,2019-01-01,2019-03-31,2020-05-05 14:22:26+00:00,0.34,0.34,0.1,0.34,,46600000.0,129900000.0,130000000.0,130800000.0,-900000.0,1590200000.0,1899700000.0,-100000.0,21500000.0,13900000.0,,93500000.0,1590200000.0,309500000.0,47000000.0,,107400000.0,202100000.0,-25500000.0,176600000.0,1899700000.0,384700000.0,385500000.0,387400000.0
Mosaic Co,MOS,2YD5STGSJNMUB7H76907,1285785,2019.0,Q1TTM,2018-04-01,2019-03-31,,1.45,1.45,0.1,1.45,,173600000.0,559700000.0,561000000.0,558500000.0,1200000.0,7987500000.0,9553300000.0,-1300000.0,-151400000.0,175100000.0,,341000000.0,7987500000.0,1565800000.0,163700000.0,,516100000.0,1049700000.0,-315100000.0,734600000.0,9553300000.0,384700000.0,385500000.0,387400000.0
Mosaic Co,MOS,2YD5STGSJNMUB7H76907,1285785,2020.0,Q1TTM,2019-04-01,2020-03-31,,-3.66,-3.66,0.2,-3.66,,-404300000.0,-1424700000.0,-1345400000.0,-1401200000.0,-23500000.0,8175500000.0,8804700000.0,-79300000.0,-209500000.0,201800000.0,1462100000.0,328500000.0,8175500000.0,629200000.0,177000000.0,,1992400000.0,-1363200000.0,-386500000.0,-1749700000.0,8804700000.0,375900000.0,378800000.0,378800000.0
Mosaic Co,MOS,2YD5STGSJNMUB7H76907,1285785,2020.0,Q1,2020-01-01,2020-03-31,2020-05-05 14:22:26+00:00,-0.54,-0.54,0.1,-0.54,,-133000000.0,-204000000.0,-184000000.0,-203000000.0,-1000000.0,1756700000.0,1798100000.0,-20000000.0,-209700000.0,39700000.0,,67900000.0,1756700000.0,41400000.0,41100000.0,,107600000.0,-66200000.0,-250800000.0,-317000000.0,1798100000.0,375900000.0,378800000.0,378800000.0
