company_name,company_ticker,company_lei,company_cik,year,quarter,start_date,end_date,filing_date,basicdilutedeps,basiceps,cashdividendspershare,dilutedeps,incometaxexpense,netincome,netincomecontinuing,netincometocommon,operatingcostofrevenue,operatingrevenue,sgaexpense,totalcostofrevenue,totalgrossprofit,totalinterestexpense,totalinterestincome,totaloperatingexpenses,totaloperatingincome,totalotherincome,totalpretaxincome,totalrevenue,weightedavebasicdilutedsharesos,weightedavebasicsharesos,weightedavedilutedsharesos
Lorillard Inc ,LO,,1424847,2007.0,FY,2007-01-01,2007-12-31,2010-02-25 16:22:35+00:00,5.16,5.16,,5.16,485000000.0,898000000.0,898000000.0,898000000.0,2313000000.0,3969000000.0,382000000.0,2313000000.0,1656000000.0,0.0,109000000.0,382000000.0,1274000000.0,109000000.0,1383000000.0,3969000000.0,174000000.0,173920000.0,173920000.0
Lorillard Inc ,LO,,1424847,2008.0,FY,2008-01-01,2008-12-31,2011-02-18 08:09:03+00:00,5.15,5.15,,5.15,547000000.0,887000000.0,887000000.0,887000000.0,2434000000.0,4204000000.0,355000000.0,2434000000.0,1770000000.0,1000000.0,20000000.0,355000000.0,1415000000.0,19000000.0,1434000000.0,4204000000.0,172200000.0,172090000.0,172210000.0
Lorillard Inc ,LO,,1424847,2008.0,Q3,2008-07-01,2008-09-30,2009-10-29 13:45:21+00:00,1.38,1.38,,1.38,149000000.0,237000000.0,237000000.0,237000000.0,655000000.0,1125000000.0,88000000.0,655000000.0,470000000.0,1000000.0,5000000.0,88000000.0,382000000.0,4000000.0,386000000.0,1125000000.0,171700000.0,172370000.0,172490000.0
Lorillard Inc ,LO,,1424847,2008.0,Q2,2008-04-01,2008-06-30,2009-07-30 12:02:31+00:00,1.25,1.25,,1.25,140000000.0,217000000.0,217000000.0,217000000.0,627000000.0,1070000000.0,91000000.0,627000000.0,443000000.0,1000000.0,6000000.0,91000000.0,352000000.0,5000000.0,357000000.0,1070000000.0,173600000.0,173920000.0,173920000.0
Lorillard Inc ,LO,,1424847,2009.0,Q4,2009-10-01,2009-12-31,,1.52,1.52,3.84,1.52,148000000.0,243000000.0,243000000.0,243000000.0,895000000.0,1378000000.0,84000000.0,895000000.0,483000000.0,10000000.0,2000000.0,84000000.0,399000000.0,-8000000.0,391000000.0,1378000000.0,164600000.0,164480000.0,164620000.0
Lorillard Inc ,LO,,1424847,2009.0,FY,2009-01-01,2009-12-31,2012-02-21 10:45:46+00:00,5.76,5.76,3.84,5.76,571000000.0,948000000.0,948000000.0,948000000.0,3327000000.0,5233000000.0,365000000.0,3327000000.0,1906000000.0,27000000.0,5000000.0,365000000.0,1541000000.0,-22000000.0,1519000000.0,5233000000.0,164600000.0,164480000.0,164620000.0
Lorillard Inc ,LO,,1424847,2009.0,Q3YTD,2009-01-01,2009-09-30,,4.24,4.24,,4.24,423000000.0,705000000.0,705000000.0,705000000.0,2432000000.0,3855000000.0,281000000.0,2432000000.0,1423000000.0,17000000.0,3000000.0,281000000.0,1142000000.0,-14000000.0,1128000000.0,3855000000.0,163200000.0,163580000.0,163720000.0
Lorillard Inc ,LO,,1424847,2009.0,Q3,2009-07-01,2009-09-30,2010-10-27 14:22:09+00:00,1.44,1.44,,1.44,143000000.0,235000000.0,235000000.0,235000000.0,931000000.0,1419000000.0,96000000.0,931000000.0,488000000.0,15000000.0,1000000.0,96000000.0,392000000.0,-14000000.0,378000000.0,1419000000.0,163200000.0,163580000.0,163720000.0
Lorillard Inc ,LO,,1424847,2009.0,Q2YTD,2009-01-01,2009-06-30,,2.8,2.8,,2.8,280000000.0,470000000.0,470000000.0,470000000.0,1501000000.0,2436000000.0,185000000.0,1501000000.0,935000000.0,2000000.0,2000000.0,185000000.0,750000000.0,,750000000.0,2436000000.0,167300000.0,167660000.0,167790000.0
Lorillard Inc ,LO,,1424847,2009.0,Q2,2009-04-01,2009-06-30,2010-07-29 09:12:40+00:00,1.71,1.71,,1.71,169000000.0,286000000.0,286000000.0,286000000.0,967000000.0,1519000000.0,96000000.0,967000000.0,552000000.0,2000000.0,1000000.0,96000000.0,456000000.0,-1000000.0,455000000.0,1519000000.0,167300000.0,167660000.0,167790000.0
Lorillard Inc ,LO,,1424847,2009.0,Q1,2009-01-01,2009-03-31,2010-05-06 08:21:30+00:00,1.09,1.09,,1.09,111000000.0,184000000.0,184000000.0,184000000.0,534000000.0,917000000.0,89000000.0,534000000.0,383000000.0,,1000000.0,89000000.0,294000000.0,1000000.0,295000000.0,917000000.0,168800000.0,168070000.0,168180000.0
Lorillard Inc ,LO,,1424847,2010.0,Q4,2010-10-01,2010-12-31,,0.57,0.57,0.37,0.57,147000000.0,260000000.0,260000000.0,260000000.0,948000000.0,1485000000.0,104000000.0,948000000.0,537000000.0,27000000.0,1000000.0,104000000.0,433000000.0,-26000000.0,407000000.0,1485000000.0,455300000.0,454760000.0,455190000.0
Lorillard Inc ,LO,,1424847,2010.0,FY,2010-01-01,2010-12-31,2013-02-19 07:20:39+00:00,2.26,2.26,1.42,2.25,606000000.0,1029000000.0,1029000000.0,1029000000.0,3809000000.0,5932000000.0,398000000.0,3809000000.0,2123000000.0,94000000.0,4000000.0,398000000.0,1725000000.0,-90000000.0,1635000000.0,5932000000.0,455300000.0,454760000.0,455190000.0
Lorillard Inc ,LO,,1424847,2010.0,Q3YTD,2010-01-01,2010-09-30,,5.08,5.08,3.16,5.08,459000000.0,769000000.0,769000000.0,769000000.0,2861000000.0,4447000000.0,294000000.0,2861000000.0,1586000000.0,67000000.0,3000000.0,294000000.0,1292000000.0,-64000000.0,1228000000.0,4447000000.0,150500000.0,151330000.0,151540000.0
Lorillard Inc ,LO,,1424847,2010.0,Q3TTM,2009-10-01,2010-09-30,,6.69,6.69,4.2,6.69,607000000.0,1012000000.0,1012000000.0,1012000000.0,3756000000.0,5825000000.0,378000000.0,3756000000.0,2069000000.0,77000000.0,5000000.0,378000000.0,1691000000.0,-72000000.0,1619000000.0,5825000000.0,150500000.0,151330000.0,151540000.0
Lorillard Inc ,LO,,1424847,2010.0,Q3,2010-07-01,2010-09-30,2011-10-26 17:46:35+00:00,1.82,1.82,,1.81,163000000.0,274000000.0,274000000.0,274000000.0,1001000000.0,1567000000.0,101000000.0,1001000000.0,566000000.0,29000000.0,1000000.0,101000000.0,465000000.0,-28000000.0,437000000.0,1567000000.0,150500000.0,151330000.0,151540000.0
Lorillard Inc ,LO,,1424847,2010.0,Q2YTD,2010-01-01,2010-06-30,,3.26,3.26,2.02,3.26,296000000.0,495000000.0,495000000.0,495000000.0,1860000000.0,2880000000.0,193000000.0,1860000000.0,1020000000.0,38000000.0,2000000.0,193000000.0,827000000.0,-36000000.0,791000000.0,2880000000.0,152000000.0,152040000.0,152220000.0
Lorillard Inc ,LO,,1424847,2010.0,Q2TTM,2009-07-01,2010-06-30,,6.4,6.4,4.14,6.4,587000000.0,973000000.0,973000000.0,973000000.0,3686000000.0,5677000000.0,373000000.0,3686000000.0,1991000000.0,63000000.0,5000000.0,373000000.0,1618000000.0,-58000000.0,1560000000.0,5677000000.0,152000000.0,152040000.0,152220000.0
Lorillard Inc ,LO,,1424847,2010.0,Q2,2010-04-01,2010-06-30,2011-07-28 13:23:44+00:00,1.73,1.73,,1.73,155000000.0,263000000.0,263000000.0,263000000.0,978000000.0,1520000000.0,97000000.0,978000000.0,542000000.0,28000000.0,1000000.0,97000000.0,445000000.0,-27000000.0,418000000.0,1520000000.0,152000000.0,152040000.0,152220000.0
Lorillard Inc ,LO,,1424847,2010.0,Q1TTM,2009-04-01,2010-03-31,,6.44,6.44,4.08,6.44,601000000.0,996000000.0,996000000.0,996000000.0,3675000000.0,5676000000.0,372000000.0,3675000000.0,2001000000.0,37000000.0,5000000.0,372000000.0,1629000000.0,-32000000.0,1597000000.0,5676000000.0,154700000.0,154550000.0,154720000.0
Lorillard Inc ,LO,,1424847,2010.0,Q1,2010-01-01,2010-03-31,2011-05-03 13:13:51+00:00,1.5,1.5,,1.5,141000000.0,232000000.0,232000000.0,232000000.0,882000000.0,1360000000.0,96000000.0,882000000.0,478000000.0,10000000.0,1000000.0,96000000.0,382000000.0,-9000000.0,373000000.0,1360000000.0,154700000.0,154550000.0,154720000.0
Lorillard Inc ,LO,,1424847,2011.0,Q4,2011-10-01,2011-12-31,,0.74,0.74,0.41,0.74,185000000.0,310000000.0,310000000.0,310000000.0,979000000.0,1617000000.0,109000000.0,979000000.0,638000000.0,35000000.0,1000000.0,109000000.0,529000000.0,-34000000.0,495000000.0,1617000000.0,418000000.0,417320000.0,418060000.0
Lorillard Inc ,LO,,1424847,2011.0,FY,2011-01-01,2011-12-31,2014-02-21 16:06:25+00:00,2.67,2.67,1.73,2.66,654000000.0,1116000000.0,1116000000.0,1116000000.0,4123000000.0,6466000000.0,451000000.0,4123000000.0,2343000000.0,125000000.0,3000000.0,451000000.0,1892000000.0,-122000000.0,1770000000.0,6466000000.0,418000000.0,417320000.0,418060000.0
Lorillard Inc ,LO,,1424847,2011.0,Q3YTD,2011-01-01,2011-09-30,,5.89,5.89,4.02,5.89,469000000.0,806000000.0,806000000.0,806000000.0,3144000000.0,4849000000.0,342000000.0,3144000000.0,1705000000.0,90000000.0,2000000.0,342000000.0,1363000000.0,-88000000.0,1275000000.0,4849000000.0,137600000.0,136740000.0,137020000.0
Lorillard Inc ,LO,,1424847,2011.0,Q3TTM,2010-10-01,2011-09-30,,7.8,7.8,5.24,7.8,616000000.0,1066000000.0,1066000000.0,1066000000.0,4092000000.0,6334000000.0,446000000.0,4092000000.0,2242000000.0,117000000.0,3000000.0,446000000.0,1796000000.0,-114000000.0,1682000000.0,6334000000.0,137600000.0,136740000.0,137020000.0
Lorillard Inc ,LO,,1424847,2011.0,Q3,2011-07-01,2011-09-30,2012-10-26 14:43:03+00:00,1.94,1.94,,1.94,154000000.0,267000000.0,267000000.0,267000000.0,1059000000.0,1622000000.0,108000000.0,1059000000.0,563000000.0,34000000.0,0.0,108000000.0,455000000.0,-34000000.0,421000000.0,1622000000.0,137600000.0,136740000.0,137020000.0
Lorillard Inc ,LO,,1424847,2011.0,Q2YTD,2011-01-01,2011-06-30,,3.8,3.8,2.63,3.8,315000000.0,539000000.0,539000000.0,539000000.0,2085000000.0,3227000000.0,234000000.0,2085000000.0,1142000000.0,56000000.0,2000000.0,234000000.0,908000000.0,-54000000.0,854000000.0,3227000000.0,142000000.0,141790000.0,141960000.0
Lorillard Inc ,LO,,1424847,2011.0,Q2TTM,2010-07-01,2011-06-30,,7.57,7.57,5.01,7.57,625000000.0,1073000000.0,1073000000.0,1073000000.0,4034000000.0,6279000000.0,439000000.0,4034000000.0,2245000000.0,112000000.0,4000000.0,439000000.0,1806000000.0,-108000000.0,1698000000.0,6279000000.0,142000000.0,141790000.0,141960000.0
Lorillard Inc ,LO,,1424847,2011.0,Q2,2011-04-01,2011-06-30,2012-07-27 16:56:01+00:00,2.05,2.05,,2.05,169000000.0,291000000.0,291000000.0,291000000.0,1093000000.0,1692000000.0,112000000.0,1093000000.0,599000000.0,28000000.0,1000000.0,112000000.0,487000000.0,-27000000.0,460000000.0,1692000000.0,142000000.0,141790000.0,141960000.0
Lorillard Inc ,LO,,1424847,2011.0,Q1TTM,2010-04-01,2011-03-31,,7.22,7.22,4.68,7.22,611000000.0,1045000000.0,1045000000.0,1045000000.0,3919000000.0,6107000000.0,424000000.0,3919000000.0,2188000000.0,112000000.0,4000000.0,424000000.0,1764000000.0,-108000000.0,1656000000.0,6107000000.0,145000000.0,144800000.0,144940000.0
Lorillard Inc ,LO,,1424847,2011.0,Q1,2011-01-01,2011-03-31,2012-04-27 11:30:10+00:00,1.71,1.71,1.3,1.71,146000000.0,248000000.0,248000000.0,248000000.0,992000000.0,1535000000.0,122000000.0,992000000.0,543000000.0,28000000.0,1000000.0,122000000.0,421000000.0,-27000000.0,394000000.0,1535000000.0,145000000.0,144800000.0,144940000.0
Lorillard Inc ,LO,,1424847,2012.0,Q4,2012-10-01,2012-12-31,,0.79,0.79,0.51,0.79,175000000.0,309000000.0,309000000.0,309000000.0,1060000000.0,1705000000.0,123000000.0,1060000000.0,645000000.0,40000000.0,2000000.0,123000000.0,522000000.0,-38000000.0,484000000.0,1705000000.0,389700000.0,389270000.0,390130000.0
Lorillard Inc ,LO,,1424847,2012.0,FY,2012-01-01,2012-12-31,2015-02-11 18:13:31+00:00,2.82,2.82,2.07,2.81,629000000.0,1099000000.0,1099000000.0,1099000000.0,4241000000.0,6623000000.0,504000000.0,4241000000.0,2382000000.0,154000000.0,4000000.0,504000000.0,1878000000.0,-150000000.0,1728000000.0,6623000000.0,389700000.0,389270000.0,390130000.0
Lorillard Inc ,LO,,1424847,2012.0,Q3YTD,2012-01-01,2012-09-30,,2.02,2.02,1.56,2.02,454000000.0,790000000.0,790000000.0,790000000.0,3181000000.0,4918000000.0,381000000.0,3181000000.0,1737000000.0,114000000.0,2000000.0,381000000.0,1356000000.0,-112000000.0,1244000000.0,4918000000.0,393100000.0,390210000.0,391050000.0
Lorillard Inc ,LO,,1424847,2012.0,Q3TTM,2011-10-01,2012-09-30,,2.82,2.82,2.0,2.82,639000000.0,1100000000.0,1100000000.0,1100000000.0,4160000000.0,6535000000.0,490000000.0,4160000000.0,2375000000.0,149000000.0,3000000.0,490000000.0,1885000000.0,-146000000.0,1739000000.0,6535000000.0,393100000.0,390210000.0,391050000.0
Lorillard Inc ,LO,,1424847,2012.0,Q3,2012-07-01,2012-09-30,2013-10-23 16:27:44+00:00,0.72,0.72,,0.72,160000000.0,283000000.0,283000000.0,283000000.0,1059000000.0,1661000000.0,122000000.0,1059000000.0,602000000.0,38000000.0,1000000.0,122000000.0,480000000.0,-37000000.0,443000000.0,1661000000.0,393100000.0,390210000.0,391050000.0
Lorillard Inc ,LO,,1424847,2012.0,Q2YTD,2012-01-01,2012-06-30,,1.3,1.3,1.04,1.3,294000000.0,507000000.0,507000000.0,507000000.0,2122000000.0,3257000000.0,259000000.0,2122000000.0,1135000000.0,76000000.0,1000000.0,259000000.0,876000000.0,-75000000.0,801000000.0,3257000000.0,394400000.0,390530000.0,391440000.0
Lorillard Inc ,LO,,1424847,2012.0,Q2TTM,2011-07-01,2012-06-30,,2.78,2.78,1.93,2.78,633000000.0,1084000000.0,1084000000.0,1084000000.0,4160000000.0,6496000000.0,476000000.0,4160000000.0,2336000000.0,145000000.0,2000000.0,476000000.0,1860000000.0,-143000000.0,1717000000.0,6496000000.0,394400000.0,390530000.0,391440000.0
Lorillard Inc ,LO,,1424847,2012.0,Q2,2012-04-01,2012-06-30,2013-07-25 16:18:31+00:00,0.72,0.72,,0.72,163000000.0,284000000.0,284000000.0,284000000.0,1119000000.0,1731000000.0,128000000.0,1119000000.0,612000000.0,37000000.0,,128000000.0,484000000.0,-37000000.0,447000000.0,1731000000.0,394400000.0,390530000.0,391440000.0
Lorillard Inc ,LO,,1424847,2012.0,Q1TTM,2011-04-01,2012-03-31,,2.79,2.79,1.88,2.79,639000000.0,1091000000.0,1091000000.0,1091000000.0,4134000000.0,6457000000.0,460000000.0,4134000000.0,2323000000.0,136000000.0,3000000.0,460000000.0,1863000000.0,-133000000.0,1730000000.0,6457000000.0,391200000.0,391450000.0,392400000.0
Lorillard Inc ,LO,,1424847,2012.0,Q1,2012-01-01,2012-03-31,2013-04-24 16:07:19+00:00,0.57,0.57,0.52,0.57,131000000.0,223000000.0,223000000.0,223000000.0,1003000000.0,1526000000.0,131000000.0,1003000000.0,523000000.0,39000000.0,1000000.0,131000000.0,392000000.0,-38000000.0,354000000.0,1526000000.0,391200000.0,391450000.0,392400000.0
Lorillard Inc ,LO,,1424847,2013.0,Q4,2013-10-01,2013-12-31,,0.75,0.75,0.54,0.75,170000000.0,281000000.0,281000000.0,281000000.0,1083000000.0,1742000000.0,164000000.0,1083000000.0,659000000.0,45000000.0,1000000.0,164000000.0,495000000.0,-44000000.0,451000000.0,1742000000.0,374600000.0,372960000.0,373710000.0
Lorillard Inc ,LO,,1424847,2013.0,FY,2013-01-01,2013-12-31,2015-02-11 18:13:31+00:00,3.15,3.15,2.2,3.15,704000000.0,1180000000.0,1180000000.0,1180000000.0,4231000000.0,6950000000.0,665000000.0,4231000000.0,2719000000.0,172000000.0,2000000.0,665000000.0,2054000000.0,-170000000.0,1884000000.0,6950000000.0,374600000.0,372960000.0,373710000.0
Lorillard Inc ,LO,,1424847,2013.0,Q3YTD,2013-01-01,2013-09-30,,2.42,2.42,1.67,2.42,534000000.0,899000000.0,899000000.0,899000000.0,3148000000.0,5208000000.0,501000000.0,3148000000.0,2060000000.0,127000000.0,1000000.0,501000000.0,1559000000.0,-126000000.0,1433000000.0,5208000000.0,373900000.0,371010000.0,371770000.0
Lorillard Inc ,LO,,1424847,2013.0,Q3TTM,2012-10-01,2013-09-30,,3.26,3.26,2.21,3.26,709000000.0,1208000000.0,1208000000.0,1208000000.0,4208000000.0,6913000000.0,624000000.0,4208000000.0,2705000000.0,167000000.0,3000000.0,624000000.0,2081000000.0,-164000000.0,1917000000.0,6913000000.0,373900000.0,371010000.0,371770000.0
Lorillard Inc ,LO,,1424847,2013.0,Q3,2013-07-01,2013-09-30,2014-10-23 13:22:18+00:00,0.69,0.69,0.55,0.69,155000000.0,258000000.0,258000000.0,258000000.0,1158000000.0,1827000000.0,211000000.0,1158000000.0,669000000.0,45000000.0,,211000000.0,458000000.0,-45000000.0,413000000.0,1827000000.0,373900000.0,371010000.0,371770000.0
Lorillard Inc ,LO,,1424847,2013.0,Q2YTD,2013-01-01,2013-06-30,,1.71,1.71,1.11,1.71,379000000.0,641000000.0,641000000.0,641000000.0,1990000000.0,3381000000.0,290000000.0,1990000000.0,1391000000.0,82000000.0,1000000.0,290000000.0,1101000000.0,-81000000.0,1020000000.0,3381000000.0,377100000.0,375860000.0,376610000.0
Lorillard Inc ,LO,,1424847,2013.0,Q2TTM,2012-07-01,2013-06-30,,3.28,3.28,2.18,3.28,714000000.0,1233000000.0,1233000000.0,1233000000.0,4109000000.0,6747000000.0,535000000.0,4109000000.0,2638000000.0,160000000.0,4000000.0,535000000.0,2103000000.0,-156000000.0,1947000000.0,6747000000.0,377100000.0,375860000.0,376610000.0
Lorillard Inc ,LO,,1424847,2013.0,Q2,2013-04-01,2013-06-30,2014-07-30 10:58:35+00:00,0.83,0.83,0.55,0.83,186000000.0,313000000.0,313000000.0,313000000.0,1126000000.0,1804000000.0,138000000.0,1126000000.0,678000000.0,41000000.0,,138000000.0,540000000.0,-41000000.0,499000000.0,1804000000.0,377100000.0,375860000.0,376610000.0
Lorillard Inc ,LO,,1424847,2013.0,Q1TTM,2012-04-01,2013-03-31,,3.18,3.18,2.15,3.18,691000000.0,1204000000.0,1204000000.0,1204000000.0,4102000000.0,6674000000.0,525000000.0,4102000000.0,2572000000.0,156000000.0,4000000.0,525000000.0,2047000000.0,-152000000.0,1895000000.0,6674000000.0,381400000.0,378620000.0,379420000.0
Lorillard Inc ,LO,,1424847,2013.0,Q1,2013-01-01,2013-03-31,2014-04-24 17:26:11+00:00,0.86,0.86,0.55,0.86,193000000.0,328000000.0,328000000.0,328000000.0,864000000.0,1577000000.0,152000000.0,864000000.0,713000000.0,41000000.0,1000000.0,152000000.0,561000000.0,-40000000.0,521000000.0,1577000000.0,381400000.0,378620000.0,379420000.0
Lorillard Inc ,LO,,1424847,2014.0,Q4,2014-10-01,2014-12-31,,0.91,0.91,0.62,0.91,217000000.0,327000000.0,327000000.0,327000000.0,1043000000.0,1768000000.0,138000000.0,1043000000.0,725000000.0,44000000.0,1000000.0,138000000.0,587000000.0,-43000000.0,544000000.0,1768000000.0,360800000.0,360140000.0,360760000.0
Lorillard Inc ,LO,,1424847,2014.0,FY,2014-01-01,2014-12-31,2015-02-11 18:13:31+00:00,3.29,3.29,2.46,3.28,749000000.0,1187000000.0,1187000000.0,1187000000.0,4252000000.0,6990000000.0,630000000.0,4252000000.0,2738000000.0,179000000.0,7000000.0,630000000.0,2108000000.0,-172000000.0,1936000000.0,6990000000.0,360800000.0,360140000.0,360760000.0
Lorillard Inc ,LO,,1424847,2014.0,Q3YTD,2014-01-01,2014-09-30,,2.4,2.4,1.86,2.4,532000000.0,860000000.0,860000000.0,860000000.0,3209000000.0,5222000000.0,492000000.0,3209000000.0,2013000000.0,135000000.0,6000000.0,492000000.0,1521000000.0,-129000000.0,1392000000.0,5222000000.0,361300000.0,359060000.0,359680000.0
Lorillard Inc ,LO,,1424847,2014.0,Q3TTM,2013-10-01,2014-09-30,,3.18,3.18,2.42,3.18,702000000.0,1141000000.0,1141000000.0,1141000000.0,4292000000.0,6964000000.0,656000000.0,4292000000.0,2672000000.0,180000000.0,7000000.0,656000000.0,2016000000.0,-173000000.0,1843000000.0,6964000000.0,361300000.0,359060000.0,359680000.0
Lorillard Inc ,LO,,1424847,2014.0,Q3,2014-07-01,2014-09-30,2014-10-23 13:22:18+00:00,0.8,0.8,0.62,0.8,183000000.0,289000000.0,289000000.0,289000000.0,1120000000.0,1831000000.0,194000000.0,1120000000.0,711000000.0,45000000.0,,194000000.0,517000000.0,-45000000.0,472000000.0,1831000000.0,361300000.0,359060000.0,359680000.0
Lorillard Inc ,LO,,1424847,2014.0,Q2YTD,2014-01-01,2014-06-30,,1.58,1.58,1.24,1.58,349000000.0,571000000.0,571000000.0,571000000.0,2089000000.0,3391000000.0,298000000.0,2089000000.0,1302000000.0,90000000.0,6000000.0,298000000.0,1004000000.0,-84000000.0,920000000.0,3391000000.0,361400000.0,360310000.0,360930000.0
Lorillard Inc ,LO,,1424847,2014.0,Q2TTM,2013-07-01,2014-06-30,,3.08,3.08,2.36,3.08,674000000.0,1110000000.0,1110000000.0,1110000000.0,4330000000.0,6960000000.0,673000000.0,4330000000.0,2630000000.0,180000000.0,7000000.0,673000000.0,1957000000.0,-173000000.0,1784000000.0,6960000000.0,361400000.0,360310000.0,360930000.0
Lorillard Inc ,LO,,1424847,2014.0,Q2,2014-04-01,2014-06-30,2014-07-30 10:58:35+00:00,0.83,0.83,0.62,0.83,185000000.0,300000000.0,300000000.0,300000000.0,1116000000.0,1799000000.0,151000000.0,1116000000.0,683000000.0,45000000.0,-2000000.0,151000000.0,532000000.0,-47000000.0,485000000.0,1799000000.0,361400000.0,360310000.0,360930000.0
Lorillard Inc ,LO,,1424847,2014.0,Q1TTM,2013-04-01,2014-03-31,,3.1,3.1,2.31,3.1,675000000.0,1123000000.0,1123000000.0,1123000000.0,4340000000.0,6965000000.0,660000000.0,4340000000.0,2625000000.0,176000000.0,9000000.0,660000000.0,1965000000.0,-167000000.0,1798000000.0,6965000000.0,361300000.0,362120000.0,362710000.0
Lorillard Inc ,LO,,1424847,2014.0,Q1,2014-01-01,2014-03-31,2015-04-21 15:40:48+00:00,0.75,0.75,0.62,0.74,164000000.0,271000000.0,271000000.0,271000000.0,973000000.0,1592000000.0,147000000.0,973000000.0,619000000.0,45000000.0,8000000.0,147000000.0,472000000.0,-37000000.0,435000000.0,1592000000.0,361300000.0,362120000.0,362710000.0
Lorillard Inc ,LO,,1424847,2015.0,Q1TTM,2014-04-01,2015-03-31,,3.32,3.32,2.51,3.32,753000000.0,1191000000.0,1191000000.0,1191000000.0,4281000000.0,7066000000.0,662000000.0,4281000000.0,2785000000.0,179000000.0,,662000000.0,2123000000.0,-179000000.0,1944000000.0,7066000000.0,361800000.0,359230000.0,359910000.0
Lorillard Inc ,LO,,1424847,2015.0,Q1,2015-01-01,2015-03-31,2015-04-21 15:40:48+00:00,0.76,0.76,0.66,0.76,168000000.0,275000000.0,275000000.0,275000000.0,1002000000.0,1668000000.0,179000000.0,1002000000.0,666000000.0,45000000.0,1000000.0,179000000.0,487000000.0,-44000000.0,443000000.0,1668000000.0,361800000.0,359230000.0,359910000.0
