company_name,company_ticker,company_lei,company_cik,year,quarter,start_date,end_date,filing_date,amortizationexpense,basicdilutedeps,basiceps,cashdividendspershare,depreciationexpense,dilutedeps,incometaxexpense,marketingexpense,netincome,netincomecontinuing,netincomediscontinued,netincometocommon,operatingcostofrevenue,operatingrevenue,otheradjustmentstoconsolidatednetincome,otheroperatingexpenses,otherrevenue,otherspecialcharges,rdexpense,restructuringcharge,sgaexpense,totalcostofrevenue,totalgrossprofit,totalinterestexpense,totaloperatingexpenses,totaloperatingincome,totalotherincome,totalpretaxincome,totalrevenue,weightedavebasicdilutedsharesos,weightedavebasicsharesos,weightedavedilutedsharesos
CA Inc,CA,Y7ET3D9SDOFUZ515FE28,356028,2008.0,FY,2007-04-01,2008-03-31,2010-05-14 16:17:05+00:00,117000000.0,0.92,0.92,0.16,156000000.0,0.92,296000000.0,1327000000.0,479000000.0,479000000.0,,479000000.0,640000000.0,4145000000.0,,6000000.0,132000000.0,,526000000.0,121000000.0,530000000.0,640000000.0,3637000000.0,79000000.0,2783000000.0,854000000.0,-79000000.0,775000000.0,4277000000.0,520700000.0,514000000.0,515000000.0
CA Inc,CA,Y7ET3D9SDOFUZ515FE28,356028,2009.0,FY,2008-04-01,2009-03-31,2010-05-14 16:17:05+00:00,125000000.0,1.29,1.29,0.16,149000000.0,1.29,394000000.0,1214000000.0,671000000.0,671000000.0,,671000000.0,605000000.0,4130000000.0,,-1000000.0,141000000.0,,486000000.0,102000000.0,464000000.0,605000000.0,3666000000.0,62000000.0,2539000000.0,1127000000.0,-62000000.0,1065000000.0,4271000000.0,520200000.0,513000000.0,537000000.0
CA Inc,CA,Y7ET3D9SDOFUZ515FE28,356028,2009.0,Q4,2009-01-01,2009-03-31,,34000000.0,0.89,0.12,0.16,40000000.0,0.14,93000000.0,299000000.0,65000000.0,65000000.0,,65000000.0,141000000.0,997000000.0,,-5000000.0,38000000.0,,128000000.0,96000000.0,122000000.0,141000000.0,894000000.0,22000000.0,714000000.0,180000000.0,-22000000.0,158000000.0,1035000000.0,520200000.0,513000000.0,537000000.0
CA Inc,CA,Y7ET3D9SDOFUZ515FE28,356028,2009.0,Q3YTD,2008-04-01,2008-12-31,,91000000.0,0.4,1.17,,109000000.0,1.15,301000000.0,915000000.0,606000000.0,606000000.0,,606000000.0,464000000.0,3133000000.0,,4000000.0,103000000.0,,358000000.0,6000000.0,342000000.0,464000000.0,2772000000.0,40000000.0,1825000000.0,947000000.0,-40000000.0,907000000.0,3236000000.0,520000000.0,514000000.0,538000000.0
CA Inc,CA,Y7ET3D9SDOFUZ515FE28,356028,2009.0,Q3,2008-10-01,2008-12-31,2010-01-29 16:16:43+00:00,31000000.0,0.4,0.4,,36000000.0,0.39,85000000.0,307000000.0,208000000.0,208000000.0,,208000000.0,146000000.0,1006000000.0,,-14000000.0,36000000.0,,115000000.0,2000000.0,110000000.0,146000000.0,896000000.0,16000000.0,587000000.0,309000000.0,-16000000.0,293000000.0,1042000000.0,520000000.0,514000000.0,538000000.0
CA Inc,CA,Y7ET3D9SDOFUZ515FE28,356028,2009.0,Q2YTD,2008-04-01,2008-09-30,,60000000.0,,0.77,,73000000.0,0.76,216000000.0,608000000.0,398000000.0,398000000.0,,398000000.0,318000000.0,2127000000.0,,18000000.0,67000000.0,,243000000.0,4000000.0,232000000.0,318000000.0,1876000000.0,24000000.0,1238000000.0,638000000.0,-24000000.0,614000000.0,2194000000.0,,514000000.0,538000000.0
CA Inc,CA,Y7ET3D9SDOFUZ515FE28,356028,2009.0,Q2,2008-07-01,2008-09-30,2009-10-23 16:31:46+00:00,29000000.0,,0.39,,37000000.0,0.39,115000000.0,311000000.0,202000000.0,202000000.0,,202000000.0,164000000.0,1069000000.0,,6000000.0,38000000.0,,120000000.0,0.0,110000000.0,164000000.0,943000000.0,13000000.0,613000000.0,330000000.0,-13000000.0,317000000.0,1107000000.0,,514000000.0,538000000.0
CA Inc,CA,Y7ET3D9SDOFUZ515FE28,356028,2009.0,Q1,2008-04-01,2008-06-30,2009-07-30 16:18:29+00:00,31000000.0,,0.38,,36000000.0,0.37,101000000.0,297000000.0,196000000.0,196000000.0,,196000000.0,154000000.0,1058000000.0,,12000000.0,29000000.0,,123000000.0,4000000.0,122000000.0,154000000.0,933000000.0,11000000.0,625000000.0,308000000.0,-11000000.0,297000000.0,1087000000.0,,512000000.0,536000000.0
CA Inc,CA,Y7ET3D9SDOFUZ515FE28,356028,2010.0,Q4,2010-01-01,2010-03-31,,31000000.0,0.99,0.2,,41000000.0,0.2,110000000.0,321000000.0,101000000.0,89000000.0,12000000.0,101000000.0,108000000.0,918000000.0,,7000000.0,59000000.0,,134000000.0,-4000000.0,126000000.0,108000000.0,869000000.0,14000000.0,656000000.0,213000000.0,-14000000.0,199000000.0,977000000.0,520900000.0,515000000.0,533000000.0
CA Inc,CA,Y7ET3D9SDOFUZ515FE28,356028,2010.0,FY,2009-04-01,2010-03-31,2012-05-11 16:41:54+00:00,133000000.0,1.48,1.48,,159000000.0,1.47,393000000.0,1204000000.0,771000000.0,759000000.0,12000000.0,771000000.0,513000000.0,4053000000.0,,18000000.0,174000000.0,,487000000.0,,485000000.0,513000000.0,3714000000.0,76000000.0,2486000000.0,1228000000.0,-76000000.0,1152000000.0,4227000000.0,520900000.0,515000000.0,533000000.0
CA Inc,CA,Y7ET3D9SDOFUZ515FE28,356028,2010.0,Q3,2009-10-01,2009-12-31,2010-01-29 16:16:43+00:00,34000000.0,0.49,0.49,,40000000.0,0.49,71000000.0,316000000.0,257000000.0,257000000.0,,257000000.0,140000000.0,1074000000.0,,-3000000.0,54000000.0,,119000000.0,2000000.0,129000000.0,140000000.0,988000000.0,23000000.0,637000000.0,351000000.0,-23000000.0,328000000.0,1128000000.0,524500000.0,515000000.0,535000000.0
CA Inc,CA,Y7ET3D9SDOFUZ515FE28,356028,2010.0,Q3YTD,2009-04-01,2009-12-31,,102000000.0,0.49,1.28,,118000000.0,1.27,283000000.0,883000000.0,670000000.0,670000000.0,,670000000.0,405000000.0,3135000000.0,,11000000.0,115000000.0,,353000000.0,4000000.0,359000000.0,405000000.0,2845000000.0,62000000.0,1830000000.0,1015000000.0,-62000000.0,953000000.0,3250000000.0,524500000.0,515000000.0,535000000.0
CA Inc,CA,Y7ET3D9SDOFUZ515FE28,356028,2010.0,Q3TTM,2009-01-01,2009-12-31,,136000000.0,1.38,1.4,0.16,158000000.0,1.41,376000000.0,1182000000.0,735000000.0,735000000.0,,735000000.0,546000000.0,4132000000.0,,6000000.0,153000000.0,,481000000.0,100000000.0,481000000.0,546000000.0,3739000000.0,84000000.0,2544000000.0,1195000000.0,-84000000.0,1111000000.0,4285000000.0,524500000.0,515000000.0,535000000.0
CA Inc,CA,Y7ET3D9SDOFUZ515FE28,356028,2010.0,Q2,2009-07-01,2009-09-30,2009-10-23 16:31:46+00:00,34000000.0,,0.42,,39000000.0,0.41,99000000.0,286000000.0,218000000.0,218000000.0,,218000000.0,132000000.0,1044000000.0,,7000000.0,28000000.0,,115000000.0,0.0,120000000.0,132000000.0,940000000.0,22000000.0,601000000.0,339000000.0,-22000000.0,317000000.0,1072000000.0,,518000000.0,542000000.0
CA Inc,CA,Y7ET3D9SDOFUZ515FE28,356028,2010.0,Q2YTD,2009-04-01,2009-09-30,,68000000.0,,0.79,,78000000.0,0.78,212000000.0,567000000.0,413000000.0,413000000.0,,413000000.0,265000000.0,2061000000.0,,14000000.0,61000000.0,,234000000.0,2000000.0,230000000.0,265000000.0,1857000000.0,39000000.0,1193000000.0,664000000.0,-39000000.0,625000000.0,2122000000.0,,518000000.0,542000000.0
CA Inc,CA,Y7ET3D9SDOFUZ515FE28,356028,2010.0,Q2TTM,2008-10-01,2009-09-30,,133000000.0,1.29,1.31,0.16,154000000.0,1.31,390000000.0,1173000000.0,686000000.0,686000000.0,,686000000.0,552000000.0,4064000000.0,,-5000000.0,135000000.0,,477000000.0,100000000.0,462000000.0,552000000.0,3647000000.0,77000000.0,2494000000.0,1153000000.0,-77000000.0,1076000000.0,4199000000.0,,518000000.0,542000000.0
CA Inc,CA,Y7ET3D9SDOFUZ515FE28,356028,2010.0,Q1,2009-04-01,2009-06-30,2009-07-30 16:18:29+00:00,34000000.0,,0.37,,39000000.0,0.37,113000000.0,281000000.0,195000000.0,195000000.0,,195000000.0,133000000.0,1017000000.0,,7000000.0,33000000.0,,119000000.0,2000000.0,110000000.0,133000000.0,917000000.0,17000000.0,592000000.0,325000000.0,-17000000.0,308000000.0,1050000000.0,,516000000.0,540000000.0
CA Inc,CA,Y7ET3D9SDOFUZ515FE28,356028,2010.0,Q1TTM,2008-07-01,2009-06-30,,128000000.0,1.29,1.28,0.16,152000000.0,1.29,406000000.0,1198000000.0,670000000.0,670000000.0,,670000000.0,584000000.0,4089000000.0,,-6000000.0,145000000.0,,482000000.0,100000000.0,452000000.0,584000000.0,3650000000.0,68000000.0,2506000000.0,1144000000.0,-68000000.0,1076000000.0,4234000000.0,,516000000.0,540000000.0
CA Inc,CA,Y7ET3D9SDOFUZ515FE28,356028,2011.0,Q4,2011-01-01,2011-03-31,,47000000.0,0.37,0.37,-0.12,51000000.0,0.37,97000000.0,331000000.0,188000000.0,178000000.0,4000000.0,188000000.0,125000000.0,987000000.0,6000000.0,-9000000.0,76000000.0,7000000.0,108000000.0,11000000.0,107000000.0,125000000.0,938000000.0,10000000.0,653000000.0,285000000.0,-10000000.0,275000000.0,1063000000.0,513700000.0,506000000.0,507000000.0
CA Inc,CA,Y7ET3D9SDOFUZ515FE28,356028,2011.0,FY,2010-04-01,2011-03-31,2013-05-09 16:07:27+00:00,192000000.0,1.61,1.61,,187000000.0,1.61,386000000.0,1286000000.0,827000000.0,823000000.0,4000000.0,827000000.0,581000000.0,4149000000.0,,,280000000.0,7000000.0,471000000.0,,451000000.0,581000000.0,3848000000.0,45000000.0,2594000000.0,1254000000.0,-45000000.0,1209000000.0,4429000000.0,513700000.0,506000000.0,507000000.0
CA Inc,CA,Y7ET3D9SDOFUZ515FE28,356028,2011.0,Q3,2010-10-01,2010-12-31,2011-01-26 17:09:54+00:00,52000000.0,0.39,0.39,0.04,47000000.0,0.39,128000000.0,348000000.0,200000000.0,200000000.0,,200000000.0,159000000.0,1083000000.0,,5000000.0,82000000.0,,110000000.0,-8000000.0,114000000.0,159000000.0,1006000000.0,10000000.0,668000000.0,338000000.0,-10000000.0,328000000.0,1165000000.0,512800000.0,505000000.0,506000000.0
CA Inc,CA,Y7ET3D9SDOFUZ515FE28,356028,2011.0,Q3YTD,2010-04-01,2010-12-31,,145000000.0,1.24,1.24,0.12,136000000.0,1.24,289000000.0,955000000.0,639000000.0,645000000.0,,639000000.0,456000000.0,3162000000.0,-6000000.0,9000000.0,204000000.0,,363000000.0,-11000000.0,344000000.0,456000000.0,2910000000.0,35000000.0,1941000000.0,969000000.0,-35000000.0,934000000.0,3366000000.0,512800000.0,505000000.0,506000000.0
CA Inc,CA,Y7ET3D9SDOFUZ515FE28,356028,2011.0,Q3TTM,2010-01-01,2010-12-31,,176000000.0,2.23,1.44,0.12,177000000.0,1.44,399000000.0,1276000000.0,740000000.0,734000000.0,12000000.0,740000000.0,564000000.0,4080000000.0,-6000000.0,16000000.0,263000000.0,,497000000.0,-15000000.0,470000000.0,564000000.0,3779000000.0,49000000.0,2597000000.0,1182000000.0,-49000000.0,1133000000.0,4343000000.0,512800000.0,505000000.0,506000000.0
CA Inc,CA,Y7ET3D9SDOFUZ515FE28,356028,2011.0,Q2,2010-07-01,2010-09-30,2010-10-22 16:32:52+00:00,48000000.0,0.43,0.43,0.04,45000000.0,0.43,73000000.0,308000000.0,222000000.0,222000000.0,,222000000.0,149000000.0,1040000000.0,,15000000.0,70000000.0,,125000000.0,,113000000.0,149000000.0,961000000.0,12000000.0,654000000.0,307000000.0,-12000000.0,295000000.0,1110000000.0,516300000.0,507000000.0,508000000.0
CA Inc,CA,Y7ET3D9SDOFUZ515FE28,356028,2011.0,Q2YTD,2010-04-01,2010-09-30,,93000000.0,0.85,0.85,0.08,89000000.0,0.85,161000000.0,607000000.0,439000000.0,445000000.0,,439000000.0,297000000.0,2079000000.0,-6000000.0,4000000.0,122000000.0,,253000000.0,-3000000.0,230000000.0,297000000.0,1904000000.0,25000000.0,1273000000.0,631000000.0,-25000000.0,606000000.0,2201000000.0,516300000.0,507000000.0,508000000.0
CA Inc,CA,Y7ET3D9SDOFUZ515FE28,356028,2011.0,Q2TTM,2009-10-01,2010-09-30,,158000000.0,2.33,1.54,0.08,170000000.0,1.54,342000000.0,1244000000.0,797000000.0,791000000.0,12000000.0,797000000.0,545000000.0,4071000000.0,-6000000.0,8000000.0,235000000.0,,506000000.0,-5000000.0,485000000.0,545000000.0,3761000000.0,62000000.0,2566000000.0,1195000000.0,-62000000.0,1133000000.0,4306000000.0,516300000.0,507000000.0,508000000.0
CA Inc,CA,Y7ET3D9SDOFUZ515FE28,356028,2011.0,Q1,2010-04-01,2010-06-30,2010-07-27 17:08:12+00:00,45000000.0,0.42,0.42,0.04,44000000.0,0.42,88000000.0,299000000.0,217000000.0,223000000.0,,217000000.0,148000000.0,1039000000.0,-6000000.0,-11000000.0,52000000.0,,128000000.0,-3000000.0,117000000.0,148000000.0,943000000.0,13000000.0,619000000.0,324000000.0,-13000000.0,311000000.0,1091000000.0,516700000.0,510000000.0,511000000.0
CA Inc,CA,Y7ET3D9SDOFUZ515FE28,356028,2011.0,Q1TTM,2009-07-01,2010-06-30,,144000000.0,1.9,1.53,0.04,164000000.0,1.52,368000000.0,1222000000.0,793000000.0,787000000.0,12000000.0,793000000.0,528000000.0,4075000000.0,-6000000.0,,193000000.0,,496000000.0,-5000000.0,492000000.0,528000000.0,3740000000.0,72000000.0,2513000000.0,1227000000.0,-72000000.0,1155000000.0,4268000000.0,516700000.0,510000000.0,511000000.0
CA Inc,CA,Y7ET3D9SDOFUZ515FE28,356028,2012.0,Q4,2012-01-01,2012-03-31,,59000000.0,0.45,0.45,-0.15,42000000.0,0.45,70000000.0,350000000.0,211000000.0,196000000.0,15000000.0,211000000.0,164000000.0,1052000000.0,,-9000000.0,101000000.0,15000000.0,125000000.0,-1000000.0,131000000.0,164000000.0,989000000.0,11000000.0,712000000.0,277000000.0,-11000000.0,266000000.0,1153000000.0,490200000.0,486000000.0,487000000.0
CA Inc,CA,Y7ET3D9SDOFUZ515FE28,356028,2012.0,FY,2011-04-01,2012-03-31,2014-05-19 16:04:15+00:00,223000000.0,1.94,1.94,,176000000.0,1.93,407000000.0,1388000000.0,951000000.0,923000000.0,28000000.0,951000000.0,641000000.0,4376000000.0,,,403000000.0,15000000.0,509000000.0,,462000000.0,641000000.0,4138000000.0,35000000.0,2773000000.0,1365000000.0,-35000000.0,1330000000.0,4779000000.0,490200000.0,486000000.0,487000000.0
CA Inc,CA,Y7ET3D9SDOFUZ515FE28,356028,2012.0,Q3,2011-10-01,2011-12-31,2012-01-25 16:26:44+00:00,59000000.0,0.54,0.54,0.05,44000000.0,0.54,141000000.0,342000000.0,263000000.0,263000000.0,0.0,263000000.0,160000000.0,1109000000.0,,6000000.0,154000000.0,,126000000.0,,113000000.0,160000000.0,1103000000.0,9000000.0,690000000.0,413000000.0,-9000000.0,404000000.0,1263000000.0,487000000.0,483000000.0,484000000.0
CA Inc,CA,Y7ET3D9SDOFUZ515FE28,356028,2012.0,Q3YTD,2011-04-01,2011-12-31,,164000000.0,1.49,1.49,0.15,134000000.0,1.48,337000000.0,1038000000.0,740000000.0,727000000.0,13000000.0,740000000.0,477000000.0,3324000000.0,,9000000.0,302000000.0,,384000000.0,1000000.0,331000000.0,477000000.0,3149000000.0,24000000.0,2061000000.0,1088000000.0,-24000000.0,1064000000.0,3626000000.0,487000000.0,483000000.0,484000000.0
CA Inc,CA,Y7ET3D9SDOFUZ515FE28,356028,2012.0,Q3TTM,2011-01-01,2011-12-31,,211000000.0,1.86,1.86,0.03,185000000.0,1.85,434000000.0,1369000000.0,928000000.0,905000000.0,17000000.0,928000000.0,602000000.0,4311000000.0,6000000.0,,378000000.0,7000000.0,492000000.0,12000000.0,438000000.0,602000000.0,4087000000.0,34000000.0,2714000000.0,1373000000.0,-34000000.0,1339000000.0,4689000000.0,487000000.0,483000000.0,484000000.0
CA Inc,CA,Y7ET3D9SDOFUZ515FE28,356028,2012.0,Q2,2011-07-01,2011-09-30,2011-10-27 16:26:35+00:00,55000000.0,0.47,0.47,0.05,43000000.0,0.47,91000000.0,370000000.0,236000000.0,236000000.0,0.0,236000000.0,162000000.0,1118000000.0,,-7000000.0,82000000.0,,140000000.0,,104000000.0,162000000.0,1038000000.0,6000000.0,705000000.0,333000000.0,-6000000.0,327000000.0,1200000000.0,502100000.0,493000000.0,494000000.0
CA Inc,CA,Y7ET3D9SDOFUZ515FE28,356028,2012.0,Q2YTD,2011-04-01,2011-09-30,,105000000.0,0.95,0.95,0.1,90000000.0,0.94,196000000.0,696000000.0,477000000.0,464000000.0,13000000.0,477000000.0,317000000.0,2215000000.0,,3000000.0,148000000.0,,258000000.0,1000000.0,218000000.0,317000000.0,2046000000.0,15000000.0,1371000000.0,675000000.0,-15000000.0,660000000.0,2363000000.0,502100000.0,493000000.0,494000000.0
CA Inc,CA,Y7ET3D9SDOFUZ515FE28,356028,2012.0,Q2TTM,2010-10-01,2011-09-30,,204000000.0,1.71,1.71,0.02,188000000.0,1.7,421000000.0,1375000000.0,865000000.0,842000000.0,17000000.0,865000000.0,601000000.0,4285000000.0,6000000.0,-1000000.0,306000000.0,7000000.0,476000000.0,4000000.0,439000000.0,601000000.0,3990000000.0,35000000.0,2692000000.0,1298000000.0,-35000000.0,1263000000.0,4591000000.0,502100000.0,493000000.0,494000000.0
CA Inc,CA,Y7ET3D9SDOFUZ515FE28,356028,2012.0,Q1,2011-04-01,2011-06-30,2011-07-22 16:26:55+00:00,50000000.0,0.48,0.48,0.05,47000000.0,0.47,105000000.0,326000000.0,241000000.0,228000000.0,13000000.0,241000000.0,155000000.0,1097000000.0,,10000000.0,66000000.0,,118000000.0,1000000.0,114000000.0,155000000.0,1008000000.0,9000000.0,666000000.0,342000000.0,-9000000.0,333000000.0,1163000000.0,502100000.0,500000000.0,501000000.0
CA Inc,CA,Y7ET3D9SDOFUZ515FE28,356028,2012.0,Q1TTM,2010-07-01,2011-06-30,,197000000.0,1.67,1.67,0.01,190000000.0,1.66,403000000.0,1313000000.0,851000000.0,828000000.0,17000000.0,851000000.0,588000000.0,4207000000.0,6000000.0,21000000.0,294000000.0,7000000.0,461000000.0,4000000.0,448000000.0,588000000.0,3913000000.0,41000000.0,2641000000.0,1272000000.0,-41000000.0,1231000000.0,4501000000.0,502100000.0,500000000.0,501000000.0
CA Inc,CA,Y7ET3D9SDOFUZ515FE28,356028,2013.0,FY,2012-04-01,2013-03-31,2015-05-08 16:04:38+00:00,305000000.0,2.07,2.07,,158000000.0,2.06,339000000.0,1225000000.0,955000000.0,921000000.0,34000000.0,955000000.0,629000000.0,4146000000.0,,-5000000.0,358000000.0,,483000000.0,,405000000.0,629000000.0,3875000000.0,44000000.0,2571000000.0,1304000000.0,-44000000.0,1260000000.0,4504000000.0,461400000.0,456000000.0,457000000.0
CA Inc,CA,Y7ET3D9SDOFUZ515FE28,356028,2013.0,Q4,2013-01-01,2013-03-31,,108000000.0,0.53,0.53,-0.75,38000000.0,0.52,-3000000.0,272000000.0,242000000.0,208000000.0,34000000.0,242000000.0,153000000.0,957000000.0,,-5000000.0,55000000.0,14000000.0,115000000.0,,101000000.0,153000000.0,859000000.0,11000000.0,643000000.0,216000000.0,-11000000.0,205000000.0,1012000000.0,461400000.0,456000000.0,457000000.0
CA Inc,CA,Y7ET3D9SDOFUZ515FE28,356028,2013.0,Q3,2012-10-01,2012-12-31,2014-01-22 16:06:06+00:00,66000000.0,0.55,0.55,0.25,39000000.0,0.55,107000000.0,331000000.0,251000000.0,251000000.0,,251000000.0,164000000.0,1063000000.0,,,132000000.0,9000000.0,120000000.0,,96000000.0,164000000.0,1031000000.0,12000000.0,661000000.0,370000000.0,-12000000.0,358000000.0,1195000000.0,456400000.0,452000000.0,453000000.0
CA Inc,CA,Y7ET3D9SDOFUZ515FE28,356028,2013.0,Q3YTD,2012-04-01,2012-12-31,,197000000.0,1.54,1.54,0.75,120000000.0,1.54,342000000.0,953000000.0,713000000.0,713000000.0,,713000000.0,476000000.0,3189000000.0,,,303000000.0,-14000000.0,368000000.0,,304000000.0,476000000.0,3016000000.0,33000000.0,1928000000.0,1088000000.0,-33000000.0,1055000000.0,3492000000.0,456400000.0,452000000.0,453000000.0
CA Inc,CA,Y7ET3D9SDOFUZ515FE28,356028,2013.0,Q3TTM,2012-01-01,2012-12-31,,256000000.0,1.99,1.99,0.6,162000000.0,1.99,412000000.0,1303000000.0,924000000.0,909000000.0,15000000.0,924000000.0,640000000.0,4241000000.0,,-9000000.0,404000000.0,1000000.0,493000000.0,-1000000.0,435000000.0,640000000.0,4005000000.0,44000000.0,2640000000.0,1365000000.0,-44000000.0,1321000000.0,4645000000.0,456400000.0,452000000.0,453000000.0
CA Inc,CA,Y7ET3D9SDOFUZ515FE28,356028,2013.0,Q2,2012-07-01,2012-09-30,2013-10-25 16:02:57+00:00,67000000.0,0.48,0.48,0.25,40000000.0,0.48,105000000.0,317000000.0,222000000.0,222000000.0,,222000000.0,157000000.0,1058000000.0,,,94000000.0,13000000.0,123000000.0,,98000000.0,157000000.0,995000000.0,10000000.0,658000000.0,337000000.0,-10000000.0,327000000.0,1152000000.0,462500000.0,458000000.0,459000000.0
CA Inc,CA,Y7ET3D9SDOFUZ515FE28,356028,2013.0,Q2YTD,2012-04-01,2012-09-30,,131000000.0,0.99,0.99,0.5,81000000.0,0.99,235000000.0,622000000.0,462000000.0,462000000.0,,462000000.0,312000000.0,2126000000.0,,,171000000.0,-23000000.0,248000000.0,,208000000.0,312000000.0,1985000000.0,21000000.0,1267000000.0,718000000.0,-21000000.0,697000000.0,2297000000.0,462500000.0,458000000.0,459000000.0
CA Inc,CA,Y7ET3D9SDOFUZ515FE28,356028,2013.0,Q2TTM,2011-10-01,2012-09-30,,249000000.0,1.98,1.98,0.4,167000000.0,1.98,446000000.0,1314000000.0,936000000.0,921000000.0,15000000.0,936000000.0,636000000.0,4287000000.0,,-3000000.0,426000000.0,-8000000.0,499000000.0,-1000000.0,452000000.0,636000000.0,4077000000.0,41000000.0,2669000000.0,1408000000.0,-41000000.0,1367000000.0,4713000000.0,462500000.0,458000000.0,459000000.0
CA Inc,CA,Y7ET3D9SDOFUZ515FE28,356028,2013.0,Q1,2012-04-01,2012-06-30,2013-07-25 16:07:38+00:00,64000000.0,0.51,0.51,0.25,41000000.0,0.51,130000000.0,305000000.0,240000000.0,240000000.0,,240000000.0,155000000.0,1068000000.0,,,77000000.0,-36000000.0,125000000.0,,110000000.0,155000000.0,990000000.0,11000000.0,609000000.0,381000000.0,-11000000.0,370000000.0,1145000000.0,470600000.0,465000000.0,467000000.0
CA Inc,CA,Y7ET3D9SDOFUZ515FE28,356028,2013.0,Q1TTM,2011-07-01,2012-06-30,,237000000.0,1.97,1.97,0.2,170000000.0,1.97,432000000.0,1367000000.0,950000000.0,935000000.0,15000000.0,950000000.0,641000000.0,4347000000.0,,-10000000.0,414000000.0,-21000000.0,516000000.0,-1000000.0,458000000.0,641000000.0,4120000000.0,37000000.0,2716000000.0,1404000000.0,-37000000.0,1367000000.0,4761000000.0,470600000.0,465000000.0,467000000.0
CA Inc,CA,Y7ET3D9SDOFUZ515FE28,356028,2014.0,FY,2013-04-01,2014-03-31,2015-05-08 16:04:38+00:00,271000000.0,2.03,2.03,,144000000.0,2.02,129000000.0,1104000000.0,914000000.0,887000000.0,27000000.0,914000000.0,649000000.0,4062000000.0,,205000000.0,350000000.0,,574000000.0,,395000000.0,649000000.0,3763000000.0,54000000.0,2693000000.0,1070000000.0,-54000000.0,1016000000.0,4412000000.0,450200000.0,446000000.0,448000000.0
CA Inc,CA,Y7ET3D9SDOFUZ515FE28,356028,2014.0,Q4,2014-01-01,2014-03-31,,57000000.0,0.24,0.24,-0.75,31000000.0,0.25,54000000.0,270000000.0,107000000.0,80000000.0,27000000.0,107000000.0,162000000.0,933000000.0,,205000000.0,48000000.0,-156000000.0,145000000.0,,118000000.0,162000000.0,819000000.0,15000000.0,670000000.0,149000000.0,-15000000.0,134000000.0,981000000.0,450200000.0,446000000.0,448000000.0
CA Inc,CA,Y7ET3D9SDOFUZ515FE28,356028,2014.0,Q3,2013-10-01,2013-12-31,2014-01-22 16:06:06+00:00,72000000.0,0.52,0.52,0.25,40000000.0,0.51,87000000.0,293000000.0,232000000.0,232000000.0,,232000000.0,167000000.0,1045000000.0,,,118000000.0,13000000.0,149000000.0,,95000000.0,167000000.0,996000000.0,15000000.0,662000000.0,334000000.0,-15000000.0,319000000.0,1163000000.0,446200000.0,446000000.0,448000000.0
CA Inc,CA,Y7ET3D9SDOFUZ515FE28,356028,2014.0,Q3YTD,2013-04-01,2013-12-31,,214000000.0,1.79,1.79,0.75,113000000.0,1.77,75000000.0,834000000.0,807000000.0,807000000.0,,807000000.0,487000000.0,3129000000.0,,,302000000.0,156000000.0,429000000.0,,277000000.0,487000000.0,2944000000.0,39000000.0,2023000000.0,921000000.0,-39000000.0,882000000.0,3431000000.0,446200000.0,446000000.0,448000000.0
CA Inc,CA,Y7ET3D9SDOFUZ515FE28,356028,2014.0,Q3TTM,2013-01-01,2013-12-31,,322000000.0,2.32,2.32,,151000000.0,2.29,72000000.0,1106000000.0,1049000000.0,1015000000.0,34000000.0,1049000000.0,640000000.0,4086000000.0,,-5000000.0,357000000.0,170000000.0,544000000.0,,378000000.0,640000000.0,3803000000.0,50000000.0,2666000000.0,1137000000.0,-50000000.0,1087000000.0,4443000000.0,446200000.0,446000000.0,448000000.0
CA Inc,CA,Y7ET3D9SDOFUZ515FE28,356028,2014.0,Q2,2013-07-01,2013-09-30,2013-10-25 16:02:57+00:00,73000000.0,0.53,0.53,0.25,37000000.0,0.53,106000000.0,260000000.0,240000000.0,240000000.0,,240000000.0,161000000.0,1042000000.0,,,98000000.0,14000000.0,145000000.0,,91000000.0,161000000.0,979000000.0,13000000.0,620000000.0,359000000.0,-13000000.0,346000000.0,1140000000.0,452800000.0,448000000.0,450000000.0
CA Inc,CA,Y7ET3D9SDOFUZ515FE28,356028,2014.0,Q2YTD,2013-04-01,2013-09-30,,142000000.0,1.27,1.27,0.5,73000000.0,1.26,-12000000.0,541000000.0,575000000.0,575000000.0,,575000000.0,320000000.0,2084000000.0,,,184000000.0,143000000.0,280000000.0,,182000000.0,320000000.0,1948000000.0,24000000.0,1361000000.0,587000000.0,-24000000.0,563000000.0,2268000000.0,452800000.0,448000000.0,450000000.0
CA Inc,CA,Y7ET3D9SDOFUZ515FE28,356028,2014.0,Q2TTM,2012-10-01,2013-09-30,,316000000.0,2.35,2.35,,150000000.0,2.33,92000000.0,1144000000.0,1068000000.0,1034000000.0,34000000.0,1068000000.0,637000000.0,4104000000.0,,-5000000.0,371000000.0,166000000.0,515000000.0,,379000000.0,637000000.0,3838000000.0,47000000.0,2665000000.0,1173000000.0,-47000000.0,1126000000.0,4475000000.0,452800000.0,448000000.0,450000000.0
CA Inc,CA,Y7ET3D9SDOFUZ515FE28,356028,2014.0,Q1,2013-04-01,2013-06-30,2013-07-25 16:07:38+00:00,69000000.0,0.74,0.74,0.25,36000000.0,0.73,-118000000.0,281000000.0,335000000.0,335000000.0,,335000000.0,159000000.0,1042000000.0,,,86000000.0,129000000.0,135000000.0,,91000000.0,159000000.0,969000000.0,11000000.0,741000000.0,228000000.0,-11000000.0,217000000.0,1128000000.0,452700000.0,450000000.0,451000000.0
CA Inc,CA,Y7ET3D9SDOFUZ515FE28,356028,2014.0,Q1TTM,2012-07-01,2013-06-30,,310000000.0,2.3,2.3,,153000000.0,2.28,91000000.0,1201000000.0,1050000000.0,1016000000.0,34000000.0,1050000000.0,633000000.0,4120000000.0,,-5000000.0,367000000.0,165000000.0,493000000.0,,386000000.0,633000000.0,3854000000.0,44000000.0,2703000000.0,1151000000.0,-44000000.0,1107000000.0,4487000000.0,452700000.0,450000000.0,451000000.0
CA Inc,CA,Y7ET3D9SDOFUZ515FE28,356028,2015.0,FY,2014-04-01,2015-03-31,2017-05-12 16:07:51+00:00,273000000.0,1.91,1.91,,129000000.0,1.9,305000000.0,1060000000.0,846000000.0,810000000.0,36000000.0,846000000.0,635000000.0,3911000000.0,,23000000.0,351000000.0,,603000000.0,,377000000.0,635000000.0,3627000000.0,47000000.0,2465000000.0,1162000000.0,-47000000.0,1115000000.0,4262000000.0,442900000.0,439000000.0,441000000.0
CA Inc,CA,Y7ET3D9SDOFUZ515FE28,356028,2015.0,Q4,2015-01-01,2015-03-31,,69000000.0,0.34,0.34,-0.75,30000000.0,0.33,57000000.0,278000000.0,151000000.0,145000000.0,6000000.0,151000000.0,165000000.0,934000000.0,,2000000.0,89000000.0,,160000000.0,,108000000.0,165000000.0,858000000.0,9000000.0,647000000.0,211000000.0,-9000000.0,202000000.0,1023000000.0,442900000.0,439000000.0,441000000.0
CA Inc,CA,Y7ET3D9SDOFUZ515FE28,356028,2015.0,Q3,2014-10-01,2014-12-31,2016-01-27 16:04:59+00:00,62000000.0,0.5,0.5,0.25,31000000.0,0.5,88000000.0,283000000.0,222000000.0,218000000.0,4000000.0,222000000.0,158000000.0,982000000.0,,6000000.0,109000000.0,,143000000.0,,90000000.0,158000000.0,933000000.0,12000000.0,615000000.0,318000000.0,-12000000.0,306000000.0,1091000000.0,444000000.0,440000000.0,441000000.0
CA Inc,CA,Y7ET3D9SDOFUZ515FE28,356028,2015.0,Q3YTD,2014-04-01,2014-12-31,,204000000.0,1.57,1.57,0.75,99000000.0,1.57,248000000.0,782000000.0,695000000.0,665000000.0,30000000.0,695000000.0,470000000.0,2977000000.0,,21000000.0,262000000.0,,443000000.0,,269000000.0,470000000.0,2769000000.0,38000000.0,1818000000.0,951000000.0,-38000000.0,913000000.0,3239000000.0,444000000.0,440000000.0,441000000.0
CA Inc,CA,Y7ET3D9SDOFUZ515FE28,356028,2015.0,Q3TTM,2014-01-01,2014-12-31,,261000000.0,1.81,1.81,,130000000.0,1.82,302000000.0,1052000000.0,802000000.0,745000000.0,57000000.0,802000000.0,632000000.0,3910000000.0,,226000000.0,310000000.0,-156000000.0,588000000.0,,387000000.0,632000000.0,3588000000.0,53000000.0,2488000000.0,1100000000.0,-53000000.0,1047000000.0,4220000000.0,444000000.0,440000000.0,441000000.0
CA Inc,CA,Y7ET3D9SDOFUZ515FE28,356028,2015.0,Q2,2014-07-01,2014-09-30,2015-10-22 16:29:30+00:00,75000000.0,0.58,0.58,0.25,34000000.0,0.58,73000000.0,253000000.0,256000000.0,235000000.0,21000000.0,256000000.0,159000000.0,999000000.0,,1000000.0,80000000.0,,150000000.0,,87000000.0,159000000.0,920000000.0,12000000.0,600000000.0,320000000.0,-12000000.0,308000000.0,1079000000.0,441400000.0,440000000.0,441000000.0
CA Inc,CA,Y7ET3D9SDOFUZ515FE28,356028,2015.0,Q2YTD,2014-04-01,2014-09-30,,142000000.0,1.07,1.07,0.5,68000000.0,1.07,160000000.0,499000000.0,473000000.0,447000000.0,26000000.0,473000000.0,312000000.0,1995000000.0,,15000000.0,153000000.0,,300000000.0,,179000000.0,312000000.0,1836000000.0,26000000.0,1203000000.0,633000000.0,-26000000.0,607000000.0,2148000000.0,441400000.0,440000000.0,441000000.0
CA Inc,CA,Y7ET3D9SDOFUZ515FE28,356028,2015.0,Q2TTM,2013-10-01,2014-09-30,,271000000.0,1.83,1.83,,139000000.0,1.83,301000000.0,1062000000.0,812000000.0,759000000.0,53000000.0,812000000.0,641000000.0,3973000000.0,,220000000.0,319000000.0,-143000000.0,594000000.0,,392000000.0,641000000.0,3651000000.0,56000000.0,2535000000.0,1116000000.0,-56000000.0,1060000000.0,4292000000.0,441400000.0,440000000.0,441000000.0
CA Inc,CA,Y7ET3D9SDOFUZ515FE28,356028,2015.0,Q1,2014-04-01,2014-06-30,2015-07-24 16:06:55+00:00,67000000.0,0.49,0.49,0.25,34000000.0,0.49,87000000.0,246000000.0,217000000.0,212000000.0,5000000.0,217000000.0,153000000.0,996000000.0,,14000000.0,73000000.0,,150000000.0,,92000000.0,153000000.0,916000000.0,14000000.0,603000000.0,313000000.0,-14000000.0,299000000.0,1069000000.0,442900000.0,440000000.0,441000000.0
CA Inc,CA,Y7ET3D9SDOFUZ515FE28,356028,2015.0,Q1TTM,2013-07-01,2014-06-30,,269000000.0,1.78,1.78,,142000000.0,1.78,334000000.0,1069000000.0,796000000.0,764000000.0,32000000.0,796000000.0,643000000.0,4016000000.0,,219000000.0,337000000.0,-129000000.0,589000000.0,,396000000.0,643000000.0,3710000000.0,57000000.0,2555000000.0,1155000000.0,-57000000.0,1098000000.0,4353000000.0,442900000.0,440000000.0,441000000.0
CA Inc,CA,Y7ET3D9SDOFUZ515FE28,356028,2016.0,FY,2015-04-01,2016-03-31,2018-05-09 16:16:13+00:00,256000000.0,1.82,1.82,1.0,106000000.0,1.81,315000000.0,1006000000.0,783000000.0,769000000.0,14000000.0,783000000.0,583000000.0,3643000000.0,,12000000.0,382000000.0,,560000000.0,,367000000.0,583000000.0,3442000000.0,51000000.0,2307000000.0,1135000000.0,-51000000.0,1084000000.0,4025000000.0,430200000.0,426000000.0,427000000.0
CA Inc,CA,Y7ET3D9SDOFUZ515FE28,356028,2016.0,Q4,2016-01-01,2016-03-31,,64000000.0,0.42,0.42,-0.75,23000000.0,0.41,93000000.0,255000000.0,174000000.0,171000000.0,3000000.0,174000000.0,150000000.0,903000000.0,,10000000.0,106000000.0,,140000000.0,,88000000.0,150000000.0,859000000.0,15000000.0,580000000.0,279000000.0,-15000000.0,264000000.0,1009000000.0,430200000.0,426000000.0,427000000.0
CA Inc,CA,Y7ET3D9SDOFUZ515FE28,356028,2016.0,Q3,2015-10-01,2015-12-31,2017-01-25 16:06:17+00:00,65000000.0,0.53,0.53,0.25,27000000.0,0.53,59000000.0,277000000.0,223000000.0,219000000.0,4000000.0,223000000.0,148000000.0,910000000.0,,1000000.0,124000000.0,,133000000.0,,90000000.0,148000000.0,886000000.0,15000000.0,593000000.0,293000000.0,-15000000.0,278000000.0,1034000000.0,420800000.0,420000000.0,421000000.0
CA Inc,CA,Y7ET3D9SDOFUZ515FE28,356028,2016.0,Q3YTD,2015-04-01,2015-12-31,,192000000.0,1.4,1.4,0.75,83000000.0,1.4,222000000.0,751000000.0,609000000.0,598000000.0,11000000.0,609000000.0,433000000.0,2740000000.0,,2000000.0,276000000.0,,420000000.0,,279000000.0,433000000.0,2583000000.0,36000000.0,1727000000.0,856000000.0,-36000000.0,820000000.0,3016000000.0,420800000.0,420000000.0,421000000.0
CA Inc,CA,Y7ET3D9SDOFUZ515FE28,356028,2016.0,Q3TTM,2015-01-01,2015-12-31,,261000000.0,1.74,1.74,,113000000.0,1.73,279000000.0,1029000000.0,760000000.0,743000000.0,17000000.0,760000000.0,598000000.0,3674000000.0,,4000000.0,365000000.0,,580000000.0,,387000000.0,598000000.0,3441000000.0,45000000.0,2374000000.0,1067000000.0,-45000000.0,1022000000.0,4039000000.0,420800000.0,420000000.0,421000000.0
CA Inc,CA,Y7ET3D9SDOFUZ515FE28,356028,2016.0,Q2,2015-07-01,2015-09-30,2016-10-28 16:03:46+00:00,67000000.0,0.39,0.39,0.25,29000000.0,0.39,75000000.0,248000000.0,174000000.0,172000000.0,2000000.0,174000000.0,148000000.0,915000000.0,,4000000.0,90000000.0,,151000000.0,,99000000.0,148000000.0,857000000.0,12000000.0,598000000.0,259000000.0,-12000000.0,247000000.0,1005000000.0,446200000.0,436000000.0,437000000.0
CA Inc,CA,Y7ET3D9SDOFUZ515FE28,356028,2016.0,Q2YTD,2015-04-01,2015-09-30,,127000000.0,0.87,0.87,0.5,56000000.0,0.87,163000000.0,474000000.0,386000000.0,379000000.0,7000000.0,386000000.0,285000000.0,1830000000.0,,1000000.0,152000000.0,,287000000.0,,189000000.0,285000000.0,1697000000.0,21000000.0,1134000000.0,563000000.0,-21000000.0,542000000.0,1982000000.0,446200000.0,436000000.0,437000000.0
CA Inc,CA,Y7ET3D9SDOFUZ515FE28,356028,2016.0,Q2TTM,2014-10-01,2015-09-30,,258000000.0,1.71,1.71,,117000000.0,1.7,308000000.0,1035000000.0,759000000.0,742000000.0,17000000.0,759000000.0,608000000.0,3746000000.0,,9000000.0,350000000.0,,590000000.0,,387000000.0,608000000.0,3488000000.0,42000000.0,2396000000.0,1092000000.0,-42000000.0,1050000000.0,4096000000.0,446200000.0,436000000.0,437000000.0
CA Inc,CA,Y7ET3D9SDOFUZ515FE28,356028,2016.0,Q1,2015-04-01,2015-06-30,2016-07-28 16:10:03+00:00,60000000.0,0.48,0.48,0.25,27000000.0,0.48,88000000.0,226000000.0,212000000.0,207000000.0,5000000.0,212000000.0,137000000.0,915000000.0,,-3000000.0,62000000.0,,136000000.0,,90000000.0,137000000.0,840000000.0,9000000.0,536000000.0,304000000.0,-9000000.0,295000000.0,977000000.0,441700000.0,436000000.0,438000000.0
CA Inc,CA,Y7ET3D9SDOFUZ515FE28,356028,2016.0,Q1TTM,2014-07-01,2015-06-30,,266000000.0,1.9,1.9,,122000000.0,1.89,306000000.0,1040000000.0,841000000.0,805000000.0,36000000.0,841000000.0,619000000.0,3830000000.0,,6000000.0,340000000.0,,589000000.0,,375000000.0,619000000.0,3551000000.0,42000000.0,2398000000.0,1153000000.0,-42000000.0,1111000000.0,4170000000.0,441700000.0,436000000.0,438000000.0
CA Inc,CA,Y7ET3D9SDOFUZ515FE28,356028,2017.0,FY,2016-04-01,2017-03-31,2018-05-09 16:16:13+00:00,243000000.0,1.85,1.85,1.02,77000000.0,1.85,298000000.0,1028000000.0,775000000.0,775000000.0,0.0,775000000.0,573000000.0,3580000000.0,,19000000.0,456000000.0,,586000000.0,,375000000.0,573000000.0,3463000000.0,62000000.0,2328000000.0,1135000000.0,-62000000.0,1073000000.0,4036000000.0,418900000.0,414000000.0,415000000.0
CA Inc,CA,Y7ET3D9SDOFUZ515FE28,356028,2017.0,Q4,2017-01-01,2017-03-31,,61000000.0,0.38,0.38,-0.77,21000000.0,0.38,41000000.0,281000000.0,157000000.0,157000000.0,,157000000.0,149000000.0,889000000.0,,9000000.0,123000000.0,,158000000.0,,118000000.0,149000000.0,863000000.0,17000000.0,648000000.0,215000000.0,-17000000.0,198000000.0,1012000000.0,418900000.0,414000000.0,415000000.0
CA Inc,CA,Y7ET3D9SDOFUZ515FE28,356028,2017.0,Q3,2016-10-01,2016-12-31,2018-01-31 16:53:39+00:00,57000000.0,0.5,0.5,0.255,18000000.0,0.5,84000000.0,270000000.0,208000000.0,208000000.0,,208000000.0,142000000.0,889000000.0,,-17000000.0,118000000.0,,144000000.0,,85000000.0,142000000.0,865000000.0,16000000.0,557000000.0,308000000.0,-16000000.0,292000000.0,1007000000.0,416000000.0,413000000.0,414000000.0
CA Inc,CA,Y7ET3D9SDOFUZ515FE28,356028,2017.0,Q3YTD,2016-04-01,2016-12-31,,182000000.0,1.47,1.47,0.77,56000000.0,1.47,257000000.0,747000000.0,618000000.0,618000000.0,,618000000.0,424000000.0,2691000000.0,,10000000.0,333000000.0,,428000000.0,,257000000.0,424000000.0,2600000000.0,45000000.0,1680000000.0,920000000.0,-45000000.0,875000000.0,3024000000.0,416000000.0,413000000.0,414000000.0
CA Inc,CA,Y7ET3D9SDOFUZ515FE28,356028,2017.0,Q3TTM,2016-01-01,2016-12-31,,246000000.0,1.89,1.89,0.02,79000000.0,1.88,350000000.0,1002000000.0,792000000.0,789000000.0,3000000.0,792000000.0,574000000.0,3594000000.0,,20000000.0,439000000.0,,568000000.0,,345000000.0,574000000.0,3459000000.0,60000000.0,2260000000.0,1199000000.0,-60000000.0,1139000000.0,4033000000.0,416000000.0,413000000.0,414000000.0
CA Inc,CA,Y7ET3D9SDOFUZ515FE28,356028,2017.0,Q2,2016-07-01,2016-09-30,2017-10-26 16:08:42+00:00,59000000.0,0.5,0.5,0.255,18000000.0,0.5,94000000.0,235000000.0,212000000.0,212000000.0,,212000000.0,139000000.0,899000000.0,,27000000.0,119000000.0,,136000000.0,,84000000.0,139000000.0,879000000.0,14000000.0,559000000.0,320000000.0,-14000000.0,306000000.0,1018000000.0,424000000.0,414000000.0,415000000.0
CA Inc,CA,Y7ET3D9SDOFUZ515FE28,356028,2017.0,Q2YTD,2016-04-01,2016-09-30,,125000000.0,0.97,0.97,0.51,38000000.0,0.97,173000000.0,477000000.0,410000000.0,410000000.0,,410000000.0,282000000.0,1802000000.0,,27000000.0,215000000.0,,284000000.0,,172000000.0,282000000.0,1735000000.0,29000000.0,1123000000.0,612000000.0,-29000000.0,583000000.0,2017000000.0,424000000.0,414000000.0,415000000.0
CA Inc,CA,Y7ET3D9SDOFUZ515FE28,356028,2017.0,Q2TTM,2015-10-01,2016-09-30,,254000000.0,1.92,1.92,0.01,88000000.0,1.91,325000000.0,1009000000.0,807000000.0,800000000.0,7000000.0,807000000.0,580000000.0,3615000000.0,,38000000.0,445000000.0,,557000000.0,,350000000.0,580000000.0,3480000000.0,59000000.0,2296000000.0,1184000000.0,-59000000.0,1125000000.0,4060000000.0,424000000.0,414000000.0,415000000.0
CA Inc,CA,Y7ET3D9SDOFUZ515FE28,356028,2017.0,Q1,2016-04-01,2016-06-30,2017-08-03 16:08:42+00:00,66000000.0,0.47,0.47,0.255,20000000.0,0.47,79000000.0,242000000.0,198000000.0,198000000.0,,198000000.0,143000000.0,903000000.0,,0.0,96000000.0,,148000000.0,,88000000.0,143000000.0,856000000.0,15000000.0,564000000.0,292000000.0,-15000000.0,277000000.0,999000000.0,421300000.0,414000000.0,415000000.0
CA Inc,CA,Y7ET3D9SDOFUZ515FE28,356028,2017.0,Q1TTM,2015-07-01,2016-06-30,,262000000.0,1.81,1.81,0.01,99000000.0,1.8,306000000.0,1022000000.0,769000000.0,760000000.0,9000000.0,769000000.0,589000000.0,3631000000.0,,15000000.0,416000000.0,,572000000.0,,365000000.0,589000000.0,3458000000.0,57000000.0,2335000000.0,1123000000.0,-57000000.0,1066000000.0,4047000000.0,421300000.0,414000000.0,415000000.0
CA Inc,CA,Y7ET3D9SDOFUZ515FE28,356028,2018.0,Q4,2018-01-01,2018-03-31,,66000000.0,0.51,0.51,-0.26,28000000.0,0.5,36000000.0,283000000.0,207000000.0,207000000.0,,207000000.0,154000000.0,655000000.0,,12000000.0,428000000.0,,166000000.0,,107000000.0,154000000.0,929000000.0,24000000.0,662000000.0,267000000.0,-24000000.0,243000000.0,1083000000.0,417500000.0,414000000.0,415000000.0
CA Inc,CA,Y7ET3D9SDOFUZ515FE28,356028,2018.0,FY,2017-04-01,2018-03-31,2018-05-09 16:16:13+00:00,271000000.0,1.14,1.14,1.02,107000000.0,1.13,545000000.0,1061000000.0,476000000.0,476000000.0,0.0,476000000.0,600000000.0,3637000000.0,,29000000.0,598000000.0,,642000000.0,,406000000.0,600000000.0,3635000000.0,98000000.0,2516000000.0,1119000000.0,-98000000.0,1021000000.0,4235000000.0,417500000.0,414000000.0,415000000.0
CA Inc,CA,Y7ET3D9SDOFUZ515FE28,356028,2018.0,Q3YTD,2017-04-01,2017-12-31,,205000000.0,0.63,0.63,0.26,79000000.0,0.63,509000000.0,778000000.0,269000000.0,269000000.0,,269000000.0,446000000.0,2982000000.0,,17000000.0,170000000.0,,476000000.0,,299000000.0,446000000.0,2706000000.0,74000000.0,1854000000.0,852000000.0,-74000000.0,778000000.0,3152000000.0,404300000.0,413000000.0,413000000.0
CA Inc,CA,Y7ET3D9SDOFUZ515FE28,356028,2018.0,Q3TTM,2017-01-01,2017-12-31,,266000000.0,1.01,1.01,-0.51,100000000.0,1.01,550000000.0,1059000000.0,426000000.0,426000000.0,,426000000.0,595000000.0,3871000000.0,,26000000.0,293000000.0,,634000000.0,,417000000.0,595000000.0,3569000000.0,91000000.0,2502000000.0,1067000000.0,-91000000.0,976000000.0,4164000000.0,404300000.0,413000000.0,413000000.0
CA Inc,CA,Y7ET3D9SDOFUZ515FE28,356028,2018.0,Q3,2017-10-01,2017-12-31,2018-01-31 16:53:39+00:00,68000000.0,-0.23,-0.23,0.255,26000000.0,-0.23,375000000.0,288000000.0,-93000000.0,-93000000.0,,-93000000.0,155000000.0,923000000.0,,-3000000.0,170000000.0,,157000000.0,,95000000.0,155000000.0,938000000.0,25000000.0,631000000.0,307000000.0,-25000000.0,282000000.0,1093000000.0,404300000.0,413000000.0,413000000.0
CA Inc,CA,Y7ET3D9SDOFUZ515FE28,356028,2018.0,Q2,2017-07-01,2017-09-30,2018-11-07 16:05:40+00:00,67000000.0,0.44,0.44,,27000000.0,0.44,74000000.0,244000000.0,184000000.0,184000000.0,,184000000.0,147000000.0,1034000000.0,,9000000.0,,,161000000.0,,97000000.0,147000000.0,887000000.0,24000000.0,605000000.0,282000000.0,-24000000.0,258000000.0,1034000000.0,418200000.0,415000000.0,416000000.0
CA Inc,CA,Y7ET3D9SDOFUZ515FE28,356028,2018.0,Q2YTD,2017-04-01,2017-09-30,,137000000.0,0.86,0.86,,53000000.0,0.86,134000000.0,490000000.0,362000000.0,362000000.0,,362000000.0,291000000.0,2059000000.0,,20000000.0,,,319000000.0,,204000000.0,291000000.0,1768000000.0,49000000.0,1223000000.0,545000000.0,-49000000.0,496000000.0,2059000000.0,418200000.0,415000000.0,416000000.0
CA Inc,CA,Y7ET3D9SDOFUZ515FE28,356028,2018.0,Q2TTM,2016-10-01,2017-09-30,,255000000.0,1.74,1.74,-0.51,92000000.0,1.74,259000000.0,1041000000.0,727000000.0,727000000.0,,727000000.0,582000000.0,3837000000.0,,12000000.0,241000000.0,,621000000.0,,407000000.0,582000000.0,3496000000.0,82000000.0,2428000000.0,1068000000.0,-82000000.0,986000000.0,4078000000.0,418200000.0,415000000.0,416000000.0
CA Inc,CA,Y7ET3D9SDOFUZ515FE28,356028,2018.0,Q1,2017-04-01,2017-06-30,2018-08-07 16:32:38+00:00,70000000.0,0.42,0.42,0.255,26000000.0,0.42,60000000.0,246000000.0,178000000.0,178000000.0,,178000000.0,144000000.0,1025000000.0,,11000000.0,,,158000000.0,,107000000.0,144000000.0,881000000.0,25000000.0,618000000.0,263000000.0,-25000000.0,238000000.0,1025000000.0,423800000.0,415000000.0,417000000.0
CA Inc,CA,Y7ET3D9SDOFUZ515FE28,356028,2018.0,Q1TTM,2016-07-01,2017-06-30,,247000000.0,1.8,1.8,-0.26,83000000.0,1.8,279000000.0,1032000000.0,755000000.0,755000000.0,,755000000.0,574000000.0,3702000000.0,,30000000.0,360000000.0,,596000000.0,,394000000.0,574000000.0,3488000000.0,72000000.0,2382000000.0,1106000000.0,-72000000.0,1034000000.0,4062000000.0,423800000.0,415000000.0,417000000.0
CA Inc,CA,Y7ET3D9SDOFUZ515FE28,356028,2019.0,Q2,2018-07-01,2018-09-30,2018-11-07 16:05:40+00:00,49000000.0,0.31,0.31,,28000000.0,0.31,19000000.0,252000000.0,129000000.0,129000000.0,,129000000.0,138000000.0,895000000.0,,4000000.0,,,158000000.0,,99000000.0,138000000.0,757000000.0,19000000.0,590000000.0,167000000.0,-19000000.0,148000000.0,895000000.0,416100000.0,413000000.0,416000000.0
CA Inc,CA,Y7ET3D9SDOFUZ515FE28,356028,2019.0,Q2YTD,2018-04-01,2018-09-30,,109000000.0,0.71,0.71,,54000000.0,0.71,-65000000.0,487000000.0,295000000.0,295000000.0,,295000000.0,284000000.0,1833000000.0,,107000000.0,,,320000000.0,,203000000.0,284000000.0,1549000000.0,39000000.0,1280000000.0,269000000.0,-39000000.0,230000000.0,1833000000.0,416100000.0,413000000.0,416000000.0
CA Inc,CA,Y7ET3D9SDOFUZ515FE28,356028,2019.0,Q2TTM,2017-10-01,2018-09-30,,243000000.0,0.99,0.99,,108000000.0,0.98,346000000.0,1058000000.0,409000000.0,409000000.0,,409000000.0,593000000.0,3411000000.0,,116000000.0,598000000.0,,643000000.0,,405000000.0,593000000.0,3416000000.0,88000000.0,2573000000.0,843000000.0,-88000000.0,755000000.0,4009000000.0,416100000.0,413000000.0,416000000.0
CA Inc,CA,Y7ET3D9SDOFUZ515FE28,356028,2019.0,Q1,2018-04-01,2018-06-30,2018-08-07 16:32:38+00:00,60000000.0,0.4,0.4,0.255,26000000.0,0.4,-84000000.0,235000000.0,166000000.0,166000000.0,,166000000.0,146000000.0,938000000.0,,103000000.0,,,162000000.0,,104000000.0,146000000.0,792000000.0,20000000.0,690000000.0,102000000.0,-20000000.0,82000000.0,938000000.0,415000000.0,413000000.0,415000000.0
CA Inc,CA,Y7ET3D9SDOFUZ515FE28,356028,2019.0,Q1TTM,2017-07-01,2018-06-30,,261000000.0,1.12,1.12,,107000000.0,1.11,401000000.0,1050000000.0,464000000.0,464000000.0,,464000000.0,602000000.0,3550000000.0,,121000000.0,598000000.0,,646000000.0,,403000000.0,602000000.0,3546000000.0,93000000.0,2588000000.0,958000000.0,-93000000.0,865000000.0,4148000000.0,415000000.0,413000000.0,415000000.0
