company_name,company_ticker,company_lei,company_cik,year,quarter,start_date,end_date,filing_date,amortizationexpense,basicdilutedeps,basiceps,cashdividendspershare,dilutedeps,impairmentexpense,incometaxexpense,marketingexpense,netincome,netincomecontinuing,netincomediscontinued,netincometocommon,netincometononcontrollinginterest,operatingcostofrevenue,operatingrevenue,otherincome,otheroperatingexpenses,otherrevenue,otherspecialcharges,rdexpense,restructuringcharge,sgaexpense,totalcostofrevenue,totalgrossprofit,totalinterestincome,totaloperatingexpenses,totaloperatingincome,totalotherincome,totalpretaxincome,totalrevenue,weightedavebasicdilutedsharesos,weightedavebasicsharesos,weightedavedilutedsharesos
Bristol-Myers Squibb Co,BMY,HLYYNH7UQUORYSJQCN42,14272,2007.0,FY,2007-01-01,2007-12-31,2010-02-19 15:38:21+00:00,,1.09,1.09,1.15,1.09,,471000000.0,1097000000.0,2928000000.0,2052000000.0,876000000.0,2165000000.0,763000000.0,4919000000.0,15617000000.0,-77000000.0,,,14000000.0,3390000000.0,180000000.0,3941000000.0,4919000000.0,10698000000.0,524000000.0,8622000000.0,2076000000.0,447000000.0,2523000000.0,15617000000.0,1986200000.0,1986200000.0,1986200000.0
Bristol-Myers Squibb Co,BMY,HLYYNH7UQUORYSJQCN42,14272,2008.0,FY,2008-01-01,2008-12-31,2011-02-18 13:34:50+00:00,,2.64,2.64,1.24,2.62,,1090000000.0,1181000000.0,6243000000.0,3686000000.0,2557000000.0,5247000000.0,996000000.0,5316000000.0,17715000000.0,-22000000.0,,,-862000000.0,3544000000.0,215000000.0,4140000000.0,5316000000.0,12399000000.0,617000000.0,8218000000.0,4181000000.0,595000000.0,4776000000.0,17715000000.0,1977000000.0,1977000000.0,1977000000.0
Bristol-Myers Squibb Co,BMY,HLYYNH7UQUORYSJQCN42,14272,2008.0,Q3,2008-07-01,2008-09-30,2009-10-22 11:39:55+00:00,,1.3,1.3,0.31,1.28,,308000000.0,362000000.0,2837000000.0,847000000.0,1990000000.0,2578000000.0,259000000.0,1634000000.0,5254000000.0,-169000000.0,,,30000000.0,834000000.0,26000000.0,1208000000.0,1634000000.0,3620000000.0,164000000.0,2460000000.0,1160000000.0,-5000000.0,1155000000.0,5254000000.0,1983100000.0,1983100000.0,2014100000.0
Bristol-Myers Squibb Co,BMY,HLYYNH7UQUORYSJQCN42,14272,2008.0,Q2,2008-04-01,2008-06-30,2009-07-23 14:01:55+00:00,,0.38,0.38,0.31,0.38,,258000000.0,420000000.0,1005000000.0,963000000.0,42000000.0,764000000.0,241000000.0,1670000000.0,5203000000.0,13000000.0,,,2000000.0,858000000.0,30000000.0,1165000000.0,1670000000.0,3533000000.0,150000000.0,2475000000.0,1058000000.0,163000000.0,1221000000.0,5203000000.0,2010500000.0,2010500000.0,2010500000.0
Bristol-Myers Squibb Co,BMY,HLYYNH7UQUORYSJQCN42,14272,2009.0,FY,2009-01-01,2009-12-31,2012-02-17 08:44:56+00:00,,5.35,5.35,1.25,5.34,,1182000000.0,1136000000.0,11862000000.0,4420000000.0,7442000000.0,10612000000.0,1250000000.0,5140000000.0,18808000000.0,381000000.0,,,132000000.0,3647000000.0,136000000.0,3946000000.0,5140000000.0,13668000000.0,550000000.0,8997000000.0,4671000000.0,931000000.0,5602000000.0,18808000000.0,1983600000.0,1983600000.0,1987300000.0
Bristol-Myers Squibb Co,BMY,HLYYNH7UQUORYSJQCN42,14272,2009.0,Q4,2009-10-01,2009-12-31,,,4.1,4.05,0.32,4.05,,188000000.0,334000000.0,8353000000.0,1132000000.0,7221000000.0,8025000000.0,328000000.0,1433000000.0,5033000000.0,264000000.0,,,,1108000000.0,47000000.0,1170000000.0,1433000000.0,3600000000.0,115000000.0,2659000000.0,941000000.0,379000000.0,1320000000.0,5033000000.0,1983600000.0,1983600000.0,1987300000.0
Bristol-Myers Squibb Co,BMY,HLYYNH7UQUORYSJQCN42,14272,2009.0,Q3YTD,2009-01-01,2009-09-30,,,1.25,1.3,0.93,1.29,,994000000.0,802000000.0,3509000000.0,3288000000.0,221000000.0,2587000000.0,922000000.0,3707000000.0,13775000000.0,117000000.0,,,132000000.0,2539000000.0,89000000.0,2776000000.0,3707000000.0,10068000000.0,435000000.0,6338000000.0,3730000000.0,552000000.0,4282000000.0,13775000000.0,1980000000.0,1980000000.0,1980000000.0
Bristol-Myers Squibb Co,BMY,HLYYNH7UQUORYSJQCN42,14272,2009.0,Q3,2009-07-01,2009-09-30,2010-10-26 10:29:00+00:00,,0.49,0.49,0.31,0.48,,366000000.0,256000000.0,1290000000.0,1199000000.0,91000000.0,966000000.0,324000000.0,1317000000.0,4788000000.0,35000000.0,,,0.0,820000000.0,51000000.0,953000000.0,1317000000.0,3471000000.0,139000000.0,2080000000.0,1391000000.0,174000000.0,1565000000.0,4788000000.0,1980000000.0,1980000000.0,1980000000.0
Bristol-Myers Squibb Co,BMY,HLYYNH7UQUORYSJQCN42,14272,2009.0,Q2YTD,2009-01-01,2009-06-30,,,0.76,0.81,0.62,0.81,,628000000.0,546000000.0,2219000000.0,2089000000.0,130000000.0,1621000000.0,598000000.0,2390000000.0,8987000000.0,82000000.0,,,132000000.0,1719000000.0,38000000.0,1823000000.0,2390000000.0,6597000000.0,296000000.0,4258000000.0,2339000000.0,378000000.0,2717000000.0,8987000000.0,2234100000.0,1980000000.0,1980000000.0
Bristol-Myers Squibb Co,BMY,HLYYNH7UQUORYSJQCN42,14272,2009.0,Q2,2009-04-01,2009-06-30,2010-07-22 10:50:12+00:00,,0.44,0.49,0.31,0.49,,353000000.0,298000000.0,1298000000.0,1169000000.0,129000000.0,983000000.0,315000000.0,1225000000.0,4665000000.0,10000000.0,,,28000000.0,811000000.0,19000000.0,922000000.0,1225000000.0,3440000000.0,150000000.0,2078000000.0,1362000000.0,160000000.0,1522000000.0,4665000000.0,2234100000.0,1980000000.0,1980000000.0
Bristol-Myers Squibb Co,BMY,HLYYNH7UQUORYSJQCN42,14272,2009.0,Q1,2009-01-01,2009-03-31,2010-04-29 10:49:28+00:00,,0.32,0.32,0.31,0.32,,275000000.0,248000000.0,921000000.0,920000000.0,1000000.0,638000000.0,283000000.0,1165000000.0,4322000000.0,72000000.0,,,104000000.0,908000000.0,19000000.0,901000000.0,1165000000.0,3157000000.0,146000000.0,2180000000.0,977000000.0,218000000.0,1195000000.0,4322000000.0,1993800000.0,1993800000.0,1993800000.0
Bristol-Myers Squibb Co,BMY,HLYYNH7UQUORYSJQCN42,14272,2010.0,FY,2010-01-01,2010-12-31,2013-02-15 08:55:25+00:00,,1.8,1.8,1.29,1.79,,1558000000.0,977000000.0,4513000000.0,4513000000.0,,3102000000.0,1411000000.0,5277000000.0,19484000000.0,93000000.0,,,,3566000000.0,,3686000000.0,5277000000.0,14207000000.0,,8229000000.0,5978000000.0,93000000.0,6071000000.0,19484000000.0,1713000000.0,1713000000.0,1713000000.0
Bristol-Myers Squibb Co,BMY,HLYYNH7UQUORYSJQCN42,14272,2010.0,Q4,2010-10-01,2010-12-31,,,0.28,0.28,0.33,0.28,,571000000.0,271000000.0,842000000.0,842000000.0,,483000000.0,359000000.0,1414000000.0,5111000000.0,177000000.0,,,-22000000.0,1010000000.0,-50000000.0,1000000000.0,1414000000.0,3697000000.0,-252000000.0,2209000000.0,1488000000.0,-75000000.0,1413000000.0,5111000000.0,1713000000.0,1713000000.0,1713000000.0
Bristol-Myers Squibb Co,BMY,HLYYNH7UQUORYSJQCN42,14272,2010.0,Q3,2010-07-01,2010-09-30,2011-10-27 12:01:45+00:00,,0.55,0.55,0.32,0.55,,312000000.0,231000000.0,1302000000.0,1302000000.0,,949000000.0,353000000.0,1280000000.0,4798000000.0,10000000.0,,,22000000.0,824000000.0,15000000.0,892000000.0,1280000000.0,3518000000.0,70000000.0,1984000000.0,1534000000.0,80000000.0,1614000000.0,4798000000.0,1725500000.0,1725500000.0,1725500000.0
Bristol-Myers Squibb Co,BMY,HLYYNH7UQUORYSJQCN42,14272,2010.0,Q3YTD,2010-01-01,2010-09-30,,,1.52,1.52,0.96,1.51,,987000000.0,706000000.0,3671000000.0,3671000000.0,,2619000000.0,1052000000.0,3863000000.0,14373000000.0,-84000000.0,,,22000000.0,2556000000.0,50000000.0,2686000000.0,3863000000.0,10510000000.0,252000000.0,6020000000.0,4490000000.0,168000000.0,4658000000.0,14373000000.0,1725500000.0,1725500000.0,1725500000.0
Bristol-Myers Squibb Co,BMY,HLYYNH7UQUORYSJQCN42,14272,2010.0,Q3TTM,2009-10-01,2010-09-30,,,5.62,5.57,1.28,5.56,,1175000000.0,1040000000.0,12024000000.0,4803000000.0,7221000000.0,10644000000.0,1380000000.0,5296000000.0,19406000000.0,180000000.0,,,22000000.0,3664000000.0,97000000.0,3856000000.0,5296000000.0,14110000000.0,367000000.0,8679000000.0,5431000000.0,547000000.0,5978000000.0,19406000000.0,1725500000.0,1725500000.0,1725500000.0
Bristol-Myers Squibb Co,BMY,HLYYNH7UQUORYSJQCN42,14272,2010.0,Q2,2010-04-01,2010-06-30,2011-07-28 10:57:05+00:00,,0.54,0.54,0.32,0.53,,324000000.0,263000000.0,1268000000.0,1268000000.0,,927000000.0,341000000.0,1277000000.0,4768000000.0,19000000.0,,,0.0,822000000.0,24000000.0,894000000.0,1277000000.0,3491000000.0,85000000.0,2003000000.0,1488000000.0,104000000.0,1592000000.0,4768000000.0,1716700000.0,1716700000.0,1749100000.0
Bristol-Myers Squibb Co,BMY,HLYYNH7UQUORYSJQCN42,14272,2010.0,Q2YTD,2010-01-01,2010-06-30,,,0.97,0.97,0.64,0.96,,675000000.0,475000000.0,2369000000.0,2369000000.0,,1670000000.0,699000000.0,2583000000.0,9575000000.0,-94000000.0,,,,1732000000.0,35000000.0,1794000000.0,2583000000.0,6992000000.0,182000000.0,4036000000.0,2956000000.0,88000000.0,3044000000.0,9575000000.0,1716700000.0,1716700000.0,1749100000.0
Bristol-Myers Squibb Co,BMY,HLYYNH7UQUORYSJQCN42,14272,2010.0,Q2TTM,2009-07-01,2010-06-30,,,5.56,5.51,1.27,5.49,,1229000000.0,1065000000.0,12012000000.0,4700000000.0,7312000000.0,10661000000.0,1351000000.0,5333000000.0,19396000000.0,205000000.0,,,,3660000000.0,133000000.0,3917000000.0,5333000000.0,14063000000.0,436000000.0,8775000000.0,5288000000.0,641000000.0,5929000000.0,19396000000.0,1716700000.0,1716700000.0,1749100000.0
Bristol-Myers Squibb Co,BMY,HLYYNH7UQUORYSJQCN42,14272,2010.0,Q1,2010-01-01,2010-03-31,2011-04-28 11:26:13+00:00,,0.43,0.43,0.32,0.43,,351000000.0,212000000.0,1101000000.0,1101000000.0,,743000000.0,358000000.0,1306000000.0,4807000000.0,-113000000.0,,,0.0,910000000.0,11000000.0,900000000.0,1306000000.0,3501000000.0,97000000.0,2033000000.0,1468000000.0,-16000000.0,1452000000.0,4807000000.0,1727900000.0,1727900000.0,1727900000.0
Bristol-Myers Squibb Co,BMY,HLYYNH7UQUORYSJQCN42,14272,2010.0,Q1TTM,2009-04-01,2010-03-31,,,5.46,5.46,1.26,5.45,,1258000000.0,1100000000.0,12042000000.0,4601000000.0,7441000000.0,10717000000.0,1325000000.0,5281000000.0,19293000000.0,196000000.0,,,28000000.0,3649000000.0,128000000.0,3945000000.0,5281000000.0,14012000000.0,501000000.0,8850000000.0,5162000000.0,697000000.0,5859000000.0,19293000000.0,1727900000.0,1727900000.0,1727900000.0
Bristol-Myers Squibb Co,BMY,HLYYNH7UQUORYSJQCN42,14272,2011.0,FY,2011-01-01,2011-12-31,2014-02-14 09:37:38+00:00,,2.18,2.18,1.33,2.16,,1721000000.0,957000000.0,5260000000.0,5260000000.0,,3709000000.0,1551000000.0,5598000000.0,17622000000.0,334000000.0,,3622000000.0,,3839000000.0,,4203000000.0,5598000000.0,15646000000.0,,8999000000.0,6647000000.0,334000000.0,6981000000.0,21244000000.0,1700000000.0,1700000000.0,1700000000.0
Bristol-Myers Squibb Co,BMY,HLYYNH7UQUORYSJQCN42,14272,2011.0,Q4,2011-10-01,2011-12-31,,,0.5,0.5,0.34,0.51,,363000000.0,285000000.0,1231000000.0,1231000000.0,,852000000.0,379000000.0,1367000000.0,1832000000.0,139000000.0,,3622000000.0,,1008000000.0,-92000000.0,1216000000.0,1367000000.0,4087000000.0,-215000000.0,2417000000.0,1670000000.0,-76000000.0,1594000000.0,5454000000.0,1700000000.0,1700000000.0,1700000000.0
Bristol-Myers Squibb Co,BMY,HLYYNH7UQUORYSJQCN42,14272,2011.0,Q3YTD,2011-01-01,2011-09-30,,,1.68,1.68,0.99,1.65,,1358000000.0,672000000.0,4029000000.0,4029000000.0,,2857000000.0,1172000000.0,4231000000.0,15790000000.0,195000000.0,,,,2831000000.0,92000000.0,2987000000.0,4231000000.0,11559000000.0,215000000.0,6582000000.0,4977000000.0,410000000.0,5387000000.0,15790000000.0,1698000000.0,1698000000.0,1698000000.0
Bristol-Myers Squibb Co,BMY,HLYYNH7UQUORYSJQCN42,14272,2011.0,Q3TTM,2010-10-01,2011-09-30,,,1.96,1.96,1.32,1.93,,1929000000.0,943000000.0,4871000000.0,4871000000.0,,3340000000.0,1531000000.0,5645000000.0,20901000000.0,372000000.0,,,-22000000.0,3841000000.0,42000000.0,3987000000.0,5645000000.0,15256000000.0,-37000000.0,8791000000.0,6465000000.0,335000000.0,6800000000.0,20901000000.0,1698000000.0,1698000000.0,1698000000.0
Bristol-Myers Squibb Co,BMY,HLYYNH7UQUORYSJQCN42,14272,2011.0,Q3,2011-07-01,2011-09-30,2012-10-24 11:06:28+00:00,,0.57,0.57,0.33,0.56,,475000000.0,205000000.0,1355000000.0,1355000000.0,,969000000.0,386000000.0,1407000000.0,5345000000.0,26000000.0,,,,973000000.0,8000000.0,1019000000.0,1407000000.0,3938000000.0,71000000.0,2205000000.0,1733000000.0,97000000.0,1830000000.0,5345000000.0,1698000000.0,1698000000.0,1698000000.0
Bristol-Myers Squibb Co,BMY,HLYYNH7UQUORYSJQCN42,14272,2011.0,Q2,2011-04-01,2011-06-30,2012-07-25 11:24:20+00:00,,0.53,0.53,0.33,0.52,,483000000.0,253000000.0,1307000000.0,1307000000.0,,902000000.0,405000000.0,1481000000.0,5434000000.0,31000000.0,0.0,,,923000000.0,40000000.0,1040000000.0,1481000000.0,3953000000.0,62000000.0,2256000000.0,1697000000.0,93000000.0,1790000000.0,5434000000.0,1701900000.0,1701900000.0,1734600000.0
Bristol-Myers Squibb Co,BMY,HLYYNH7UQUORYSJQCN42,14272,2011.0,Q2YTD,2011-01-01,2011-06-30,,,1.11,1.11,0.66,1.09,,883000000.0,467000000.0,2674000000.0,2674000000.0,,1888000000.0,786000000.0,2824000000.0,10445000000.0,169000000.0,,,,1858000000.0,84000000.0,1968000000.0,2824000000.0,7621000000.0,144000000.0,4377000000.0,3244000000.0,313000000.0,3557000000.0,10445000000.0,1701900000.0,1701900000.0,1734600000.0
Bristol-Myers Squibb Co,BMY,HLYYNH7UQUORYSJQCN42,14272,2011.0,Q2TTM,2010-07-01,2011-06-30,,,1.94,1.94,1.31,1.92,,1766000000.0,969000000.0,4818000000.0,4818000000.0,,3320000000.0,1498000000.0,5518000000.0,20354000000.0,356000000.0,,,,3692000000.0,49000000.0,3860000000.0,5518000000.0,14836000000.0,-38000000.0,8570000000.0,6266000000.0,318000000.0,6584000000.0,20354000000.0,1701900000.0,1701900000.0,1734600000.0
Bristol-Myers Squibb Co,BMY,HLYYNH7UQUORYSJQCN42,14272,2011.0,Q1TTM,2010-04-01,2011-03-31,,,1.95,1.95,1.3,1.93,,1607000000.0,979000000.0,4779000000.0,4779000000.0,,3345000000.0,1434000000.0,5314000000.0,19688000000.0,344000000.0,,,,3591000000.0,33000000.0,3714000000.0,5314000000.0,14374000000.0,-15000000.0,8317000000.0,6057000000.0,329000000.0,6386000000.0,19688000000.0,1702000000.0,1702000000.0,1702000000.0
Bristol-Myers Squibb Co,BMY,HLYYNH7UQUORYSJQCN42,14272,2011.0,Q1,2011-01-01,2011-03-31,2012-04-26 11:49:15+00:00,,0.58,0.58,0.33,0.57,,400000000.0,214000000.0,1367000000.0,1367000000.0,,986000000.0,381000000.0,1343000000.0,5011000000.0,138000000.0,,,,935000000.0,44000000.0,928000000.0,1343000000.0,3668000000.0,82000000.0,2121000000.0,1547000000.0,220000000.0,1767000000.0,5011000000.0,1702000000.0,1702000000.0,1702000000.0
Bristol-Myers Squibb Co,BMY,HLYYNH7UQUORYSJQCN42,14272,2012.0,Q4,2012-10-01,2012-12-31,,,0.57,0.57,0.35,0.57,,-411000000.0,212000000.0,924000000.0,924000000.0,,925000000.0,-1000000.0,1075000000.0,224000000.0,-166000000.0,,3967000000.0,,1082000000.0,,1143000000.0,1075000000.0,3116000000.0,,2437000000.0,679000000.0,-166000000.0,513000000.0,4191000000.0,1670000000.0,1670000000.0,1670000000.0
Bristol-Myers Squibb Co,BMY,HLYYNH7UQUORYSJQCN42,14272,2012.0,FY,2012-01-01,2012-12-31,2015-02-13 09:38:42+00:00,,1.17,1.17,1.37,1.16,1830000000.0,-161000000.0,797000000.0,2501000000.0,2501000000.0,,1960000000.0,541000000.0,4610000000.0,13654000000.0,80000000.0,,3967000000.0,,3904000000.0,,4220000000.0,4610000000.0,13011000000.0,,10751000000.0,2260000000.0,80000000.0,2340000000.0,17621000000.0,1670000000.0,1670000000.0,1670000000.0
Bristol-Myers Squibb Co,BMY,HLYYNH7UQUORYSJQCN42,14272,2012.0,Q3,2012-07-01,2012-09-30,2013-10-23 10:50:53+00:00,,-0.43,-0.43,0.34,-0.43,1830000000.0,-546000000.0,167000000.0,-713000000.0,-713000000.0,,-711000000.0,-2000000.0,987000000.0,3736000000.0,11000000.0,,,,951000000.0,,1071000000.0,987000000.0,2749000000.0,,4019000000.0,-1270000000.0,11000000.0,-1259000000.0,3736000000.0,1666000000.0,1666000000.0,1666000000.0
Bristol-Myers Squibb Co,BMY,HLYYNH7UQUORYSJQCN42,14272,2012.0,Q3YTD,2012-01-01,2012-09-30,,,0.6,0.6,1.02,0.59,1830000000.0,250000000.0,585000000.0,1577000000.0,1577000000.0,,1035000000.0,542000000.0,3535000000.0,13430000000.0,246000000.0,,,,2822000000.0,,3077000000.0,3535000000.0,9895000000.0,,8314000000.0,1581000000.0,246000000.0,1827000000.0,13430000000.0,1666000000.0,1666000000.0,1666000000.0
Bristol-Myers Squibb Co,BMY,HLYYNH7UQUORYSJQCN42,14272,2012.0,Q3TTM,2011-10-01,2012-09-30,,,1.1,1.1,1.36,1.1,1830000000.0,613000000.0,870000000.0,2808000000.0,2808000000.0,,1887000000.0,921000000.0,4902000000.0,15262000000.0,385000000.0,,3622000000.0,,3830000000.0,-92000000.0,4293000000.0,4902000000.0,13982000000.0,-215000000.0,10731000000.0,3251000000.0,170000000.0,3421000000.0,18884000000.0,1666000000.0,1666000000.0,1666000000.0
Bristol-Myers Squibb Co,BMY,HLYYNH7UQUORYSJQCN42,14272,2012.0,Q2,2012-04-01,2012-06-30,2013-07-25 11:31:51+00:00,,0.38,0.38,0.34,0.38,,251000000.0,224000000.0,808000000.0,808000000.0,,645000000.0,163000000.0,1245000000.0,4443000000.0,51000000.0,,,,962000000.0,,1004000000.0,1245000000.0,3198000000.0,,2190000000.0,1008000000.0,51000000.0,1059000000.0,4443000000.0,1683000000.0,1683000000.0,1683000000.0
Bristol-Myers Squibb Co,BMY,HLYYNH7UQUORYSJQCN42,14272,2012.0,Q2YTD,2012-01-01,2012-06-30,,,1.03,1.03,0.68,1.02,,796000000.0,418000000.0,2290000000.0,2290000000.0,,1746000000.0,544000000.0,2548000000.0,9694000000.0,235000000.0,,,,1871000000.0,,2006000000.0,2548000000.0,7146000000.0,,4295000000.0,2851000000.0,235000000.0,3086000000.0,9694000000.0,1683000000.0,1683000000.0,1683000000.0
Bristol-Myers Squibb Co,BMY,HLYYNH7UQUORYSJQCN42,14272,2012.0,Q2TTM,2011-07-01,2012-06-30,,,2.1,2.1,1.35,2.09,,1634000000.0,908000000.0,4876000000.0,4876000000.0,,3567000000.0,1309000000.0,5322000000.0,16871000000.0,400000000.0,,3622000000.0,,3852000000.0,-84000000.0,4241000000.0,5322000000.0,15171000000.0,-144000000.0,8917000000.0,6254000000.0,256000000.0,6510000000.0,20493000000.0,1683000000.0,1683000000.0,1683000000.0
Bristol-Myers Squibb Co,BMY,HLYYNH7UQUORYSJQCN42,14272,2012.0,Q1,2012-01-01,2012-03-31,2013-04-25 11:28:06+00:00,,0.65,0.65,0.34,0.64,,545000000.0,194000000.0,1482000000.0,1482000000.0,,1101000000.0,381000000.0,1303000000.0,5251000000.0,184000000.0,,,,909000000.0,,1002000000.0,1303000000.0,3948000000.0,,2105000000.0,1843000000.0,184000000.0,2027000000.0,5251000000.0,1687000000.0,1687000000.0,1687000000.0
Bristol-Myers Squibb Co,BMY,HLYYNH7UQUORYSJQCN42,14272,2012.0,Q1TTM,2011-04-01,2012-03-31,,,2.25,2.25,1.34,2.23,,1866000000.0,937000000.0,5375000000.0,5375000000.0,,3824000000.0,1551000000.0,5558000000.0,17862000000.0,380000000.0,,3622000000.0,,3813000000.0,-44000000.0,4277000000.0,5558000000.0,15926000000.0,-82000000.0,8983000000.0,6943000000.0,298000000.0,7241000000.0,21484000000.0,1687000000.0,1687000000.0,1687000000.0
Bristol-Myers Squibb Co,BMY,HLYYNH7UQUORYSJQCN42,14272,2013.0,FY,2013-01-01,2013-12-31,2016-02-12 08:02:37+00:00,,1.56,1.56,1.41,1.54,,311000000.0,,2580000000.0,2580000000.0,,2563000000.0,17000000.0,4619000000.0,12304000000.0,-205000000.0,,4081000000.0,,3731000000.0,,4939000000.0,4619000000.0,11766000000.0,,8670000000.0,3096000000.0,-205000000.0,2891000000.0,16385000000.0,1644000000.0,1644000000.0,1644000000.0
Bristol-Myers Squibb Co,BMY,HLYYNH7UQUORYSJQCN42,14272,2013.0,Q4,2013-10-01,2013-12-31,,,0.44,0.44,0.36,0.43,,134000000.0,-601000000.0,735000000.0,735000000.0,,726000000.0,9000000.0,1273000000.0,3298000000.0,-20000000.0,,1143000000.0,,957000000.0,,1923000000.0,1273000000.0,3168000000.0,,2279000000.0,889000000.0,-20000000.0,869000000.0,4441000000.0,1644000000.0,1644000000.0,1644000000.0
Bristol-Myers Squibb Co,BMY,HLYYNH7UQUORYSJQCN42,14272,2013.0,Q3YTD,2013-01-01,2013-09-30,,,1.12,1.12,1.05,1.11,,177000000.0,601000000.0,1845000000.0,1845000000.0,,1837000000.0,8000000.0,3346000000.0,9006000000.0,-185000000.0,,2938000000.0,,2774000000.0,,3016000000.0,3346000000.0,8598000000.0,,6391000000.0,2207000000.0,-185000000.0,2022000000.0,11944000000.0,1646000000.0,1646000000.0,1646000000.0
Bristol-Myers Squibb Co,BMY,HLYYNH7UQUORYSJQCN42,14272,2013.0,Q3TTM,2012-10-01,2013-09-30,,,1.69,1.69,1.4,1.68,,-234000000.0,813000000.0,2769000000.0,2769000000.0,,2762000000.0,7000000.0,4421000000.0,9230000000.0,-351000000.0,,6905000000.0,,3856000000.0,,4159000000.0,4421000000.0,11714000000.0,,8828000000.0,2886000000.0,-351000000.0,2535000000.0,16135000000.0,1646000000.0,1646000000.0,1646000000.0
Bristol-Myers Squibb Co,BMY,HLYYNH7UQUORYSJQCN42,14272,2013.0,Q3,2013-07-01,2013-09-30,2014-10-24 11:16:25+00:00,,0.42,0.42,0.35,0.42,,126000000.0,194000000.0,692000000.0,692000000.0,,692000000.0,,1175000000.0,3025000000.0,-5000000.0,,1040000000.0,,893000000.0,,980000000.0,1175000000.0,2890000000.0,,2067000000.0,823000000.0,-5000000.0,818000000.0,4065000000.0,1646000000.0,1646000000.0,1646000000.0
Bristol-Myers Squibb Co,BMY,HLYYNH7UQUORYSJQCN42,14272,2013.0,Q2YTD,2013-01-01,2013-06-30,,,0.7,0.7,0.7,0.69,,51000000.0,407000000.0,1153000000.0,1153000000.0,,1145000000.0,8000000.0,2171000000.0,5981000000.0,-180000000.0,,1898000000.0,,1881000000.0,,2036000000.0,2171000000.0,5708000000.0,,4324000000.0,1384000000.0,-180000000.0,1204000000.0,7879000000.0,1644000000.0,1644000000.0,1644000000.0
Bristol-Myers Squibb Co,BMY,HLYYNH7UQUORYSJQCN42,14272,2013.0,Q2TTM,2012-07-01,2013-06-30,,,0.84,0.84,1.39,0.83,1830000000.0,-906000000.0,786000000.0,1364000000.0,1364000000.0,,1359000000.0,5000000.0,4233000000.0,9941000000.0,-335000000.0,,5865000000.0,,3914000000.0,,4250000000.0,4233000000.0,11573000000.0,,10780000000.0,793000000.0,-335000000.0,458000000.0,15806000000.0,1644000000.0,1644000000.0,1644000000.0
Bristol-Myers Squibb Co,BMY,HLYYNH7UQUORYSJQCN42,14272,2013.0,Q2,2013-04-01,2013-06-30,2014-07-24 11:18:20+00:00,,0.33,0.33,0.35,0.32,,,218000000.0,530000000.0,530000000.0,,536000000.0,-6000000.0,1108000000.0,3024000000.0,-199000000.0,,1024000000.0,,951000000.0,,1042000000.0,1108000000.0,2940000000.0,,2211000000.0,729000000.0,-199000000.0,530000000.0,4048000000.0,1644000000.0,1644000000.0,1644000000.0
Bristol-Myers Squibb Co,BMY,HLYYNH7UQUORYSJQCN42,14272,2013.0,Q1TTM,2012-04-01,2013-03-31,,,0.89,0.89,1.38,0.89,1830000000.0,-655000000.0,792000000.0,1642000000.0,1642000000.0,,1468000000.0,174000000.0,4370000000.0,11360000000.0,-85000000.0,,4841000000.0,,3925000000.0,,4212000000.0,4370000000.0,11831000000.0,,10759000000.0,1072000000.0,-85000000.0,987000000.0,16201000000.0,1638000000.0,1638000000.0,1638000000.0
Bristol-Myers Squibb Co,BMY,HLYYNH7UQUORYSJQCN42,14272,2013.0,Q1,2013-01-01,2013-03-31,2014-04-29 09:49:04+00:00,,0.37,0.37,0.35,0.37,,51000000.0,189000000.0,623000000.0,623000000.0,,609000000.0,14000000.0,1063000000.0,2957000000.0,19000000.0,,874000000.0,,930000000.0,,994000000.0,1063000000.0,2768000000.0,,2113000000.0,655000000.0,19000000.0,674000000.0,3831000000.0,1638000000.0,1638000000.0,1638000000.0
Bristol-Myers Squibb Co,BMY,HLYYNH7UQUORYSJQCN42,14272,2014.0,FY,2014-01-01,2014-12-31,2017-02-21 12:04:14+00:00,,1.21,1.21,1.45,1.2,,352000000.0,,2029000000.0,2029000000.0,,2004000000.0,25000000.0,3932000000.0,11660000000.0,-210000000.0,,4219000000.0,,4534000000.0,,4822000000.0,3932000000.0,11947000000.0,,9356000000.0,2591000000.0,-210000000.0,2381000000.0,15879000000.0,1657000000.0,1657000000.0,1657000000.0
Bristol-Myers Squibb Co,BMY,HLYYNH7UQUORYSJQCN42,14272,2014.0,Q4,2014-10-01,2014-12-31,,,0.01,0.01,0.37,0.01,,-87000000.0,-521000000.0,27000000.0,27000000.0,,13000000.0,14000000.0,966000000.0,3240000000.0,-799000000.0,,1018000000.0,,1189000000.0,,1885000000.0,966000000.0,3292000000.0,,2553000000.0,739000000.0,-799000000.0,-60000000.0,4258000000.0,1657000000.0,1657000000.0,1657000000.0
Bristol-Myers Squibb Co,BMY,HLYYNH7UQUORYSJQCN42,14272,2014.0,Q3,2014-07-01,2014-09-30,2015-10-27 12:36:09+00:00,,0.43,0.43,0.36,0.43,,276000000.0,171000000.0,732000000.0,732000000.0,,721000000.0,11000000.0,1007000000.0,2843000000.0,277000000.0,,1078000000.0,,983000000.0,,1029000000.0,1007000000.0,2914000000.0,,2183000000.0,731000000.0,277000000.0,1008000000.0,3921000000.0,1658000000.0,1658000000.0,1658000000.0
Bristol-Myers Squibb Co,BMY,HLYYNH7UQUORYSJQCN42,14272,2014.0,Q3YTD,2014-01-01,2014-09-30,,,1.2,1.2,1.08,1.19,,439000000.0,521000000.0,2002000000.0,2002000000.0,,1991000000.0,11000000.0,2966000000.0,8420000000.0,589000000.0,,3201000000.0,,3345000000.0,,2937000000.0,2966000000.0,8655000000.0,,6803000000.0,1852000000.0,589000000.0,2441000000.0,11621000000.0,1658000000.0,1658000000.0,1658000000.0
Bristol-Myers Squibb Co,BMY,HLYYNH7UQUORYSJQCN42,14272,2014.0,Q3TTM,2013-10-01,2014-09-30,,,1.64,1.64,1.44,1.62,,573000000.0,-80000000.0,2737000000.0,2737000000.0,,2717000000.0,20000000.0,4239000000.0,11718000000.0,569000000.0,,4344000000.0,,4302000000.0,,4860000000.0,4239000000.0,11823000000.0,,9082000000.0,2741000000.0,569000000.0,3310000000.0,16062000000.0,1658000000.0,1658000000.0,1658000000.0
Bristol-Myers Squibb Co,BMY,HLYYNH7UQUORYSJQCN42,14272,2014.0,Q2,2014-04-01,2014-06-30,2015-07-23 11:35:16+00:00,,0.2,0.2,0.36,0.2,,114000000.0,187000000.0,334000000.0,334000000.0,,333000000.0,1000000.0,991000000.0,2770000000.0,104000000.0,,1119000000.0,,1416000000.0,,951000000.0,991000000.0,2898000000.0,,2554000000.0,344000000.0,104000000.0,448000000.0,3889000000.0,1657000000.0,1657000000.0,1657000000.0
Bristol-Myers Squibb Co,BMY,HLYYNH7UQUORYSJQCN42,14272,2014.0,Q2YTD,2014-01-01,2014-06-30,,,0.77,0.77,0.72,0.76,,163000000.0,350000000.0,1270000000.0,1270000000.0,,1270000000.0,,1959000000.0,5577000000.0,312000000.0,,2123000000.0,,2362000000.0,,1908000000.0,1959000000.0,5741000000.0,,4620000000.0,1121000000.0,312000000.0,1433000000.0,7700000000.0,1657000000.0,1657000000.0,1657000000.0
Bristol-Myers Squibb Co,BMY,HLYYNH7UQUORYSJQCN42,14272,2014.0,Q2TTM,2013-07-01,2014-06-30,,,1.63,1.63,1.43,1.61,,423000000.0,-57000000.0,2697000000.0,2697000000.0,,2688000000.0,9000000.0,4407000000.0,11900000000.0,287000000.0,,4306000000.0,,4212000000.0,,4811000000.0,4407000000.0,11799000000.0,,8966000000.0,2833000000.0,287000000.0,3120000000.0,16206000000.0,1657000000.0,1657000000.0,1657000000.0
Bristol-Myers Squibb Co,BMY,HLYYNH7UQUORYSJQCN42,14272,2014.0,Q1,2014-01-01,2014-03-31,2015-04-28 07:36:01+00:00,,0.57,0.57,0.36,0.56,,49000000.0,163000000.0,936000000.0,936000000.0,,937000000.0,-1000000.0,968000000.0,2807000000.0,208000000.0,,1004000000.0,,946000000.0,,957000000.0,968000000.0,2843000000.0,,2066000000.0,777000000.0,208000000.0,985000000.0,3811000000.0,1652000000.0,1652000000.0,1652000000.0
Bristol-Myers Squibb Co,BMY,HLYYNH7UQUORYSJQCN42,14272,2014.0,Q1TTM,2013-04-01,2014-03-31,,,1.76,1.76,1.42,1.73,,309000000.0,-26000000.0,2893000000.0,2893000000.0,,2891000000.0,2000000.0,4524000000.0,12154000000.0,-16000000.0,,4211000000.0,,3747000000.0,,4902000000.0,4524000000.0,11841000000.0,,8623000000.0,3218000000.0,-16000000.0,3202000000.0,16365000000.0,1652000000.0,1652000000.0,1652000000.0
Bristol-Myers Squibb Co,BMY,HLYYNH7UQUORYSJQCN42,14272,2015.0,FY,2015-01-01,2015-12-31,2018-02-13 09:26:31+00:00,,0.94,0.94,1.49,0.93,,446000000.0,,1631000000.0,1631000000.0,,1565000000.0,66000000.0,3909000000.0,14045000000.0,187000000.0,,2515000000.0,,5920000000.0,,4841000000.0,3909000000.0,12651000000.0,,10761000000.0,1890000000.0,187000000.0,2077000000.0,16560000000.0,1667000000.0,1667000000.0,1667000000.0
Bristol-Myers Squibb Co,BMY,HLYYNH7UQUORYSJQCN42,14272,2015.0,Q4,2015-10-01,2015-12-31,,,-0.11,-0.11,0.38,-0.12,,-222000000.0,,-188000000.0,-188000000.0,,-197000000.0,9000000.0,952000000.0,3862000000.0,-328000000.0,,425000000.0,,1916000000.0,,1501000000.0,952000000.0,3335000000.0,,3417000000.0,-82000000.0,-328000000.0,-410000000.0,4287000000.0,1667000000.0,1667000000.0,1667000000.0
Bristol-Myers Squibb Co,BMY,HLYYNH7UQUORYSJQCN42,14272,2015.0,Q3,2015-07-01,2015-09-30,2016-10-27 11:35:27+00:00,,0.42,0.42,0.37,0.42,,257000000.0,,730000000.0,730000000.0,,706000000.0,24000000.0,1097000000.0,3552000000.0,323000000.0,,517000000.0,,1132000000.0,,1176000000.0,1097000000.0,2972000000.0,,2308000000.0,664000000.0,323000000.0,987000000.0,4069000000.0,1668000000.0,1668000000.0,1668000000.0
Bristol-Myers Squibb Co,BMY,HLYYNH7UQUORYSJQCN42,14272,2015.0,Q3YTD,2015-01-01,2015-09-30,,,1.05,1.05,1.11,1.05,,668000000.0,,1819000000.0,1819000000.0,,1762000000.0,57000000.0,2957000000.0,10183000000.0,515000000.0,,2090000000.0,,4004000000.0,,3340000000.0,2957000000.0,9316000000.0,,7344000000.0,1972000000.0,515000000.0,2487000000.0,12273000000.0,1668000000.0,1668000000.0,1668000000.0
Bristol-Myers Squibb Co,BMY,HLYYNH7UQUORYSJQCN42,14272,2015.0,Q3TTM,2014-10-01,2015-09-30,,,1.06,1.06,1.48,1.06,,581000000.0,-521000000.0,1846000000.0,1846000000.0,,1775000000.0,71000000.0,3923000000.0,13423000000.0,-284000000.0,,3108000000.0,,5193000000.0,,5225000000.0,3923000000.0,12608000000.0,,9897000000.0,2711000000.0,-284000000.0,2427000000.0,16531000000.0,1668000000.0,1668000000.0,1668000000.0
Bristol-Myers Squibb Co,BMY,HLYYNH7UQUORYSJQCN42,14272,2015.0,Q2,2015-04-01,2015-06-30,2016-07-28 11:32:27+00:00,,-0.08,-0.08,0.37,-0.08,,162000000.0,,-110000000.0,-110000000.0,,-130000000.0,20000000.0,1013000000.0,3572000000.0,-107000000.0,,591000000.0,,1856000000.0,,1135000000.0,1013000000.0,3150000000.0,,2991000000.0,159000000.0,-107000000.0,52000000.0,4163000000.0,1667000000.0,1667000000.0,1667000000.0
Bristol-Myers Squibb Co,BMY,HLYYNH7UQUORYSJQCN42,14272,2015.0,Q2YTD,2015-01-01,2015-06-30,,,0.63,0.63,0.74,0.63,,411000000.0,,1089000000.0,1089000000.0,,1056000000.0,33000000.0,1860000000.0,6631000000.0,192000000.0,,1573000000.0,,2872000000.0,,2164000000.0,1860000000.0,6344000000.0,,5036000000.0,1308000000.0,192000000.0,1500000000.0,8204000000.0,1667000000.0,1667000000.0,1667000000.0
Bristol-Myers Squibb Co,BMY,HLYYNH7UQUORYSJQCN42,14272,2015.0,Q2TTM,2014-07-01,2015-06-30,,,1.07,1.07,1.47,1.07,,600000000.0,-350000000.0,1848000000.0,1848000000.0,,1790000000.0,58000000.0,3833000000.0,12714000000.0,-330000000.0,,3669000000.0,,5044000000.0,,5078000000.0,3833000000.0,12550000000.0,,9772000000.0,2778000000.0,-330000000.0,2448000000.0,16383000000.0,1667000000.0,1667000000.0,1667000000.0
Bristol-Myers Squibb Co,BMY,HLYYNH7UQUORYSJQCN42,14272,2015.0,Q1,2015-01-01,2015-03-31,2016-04-28 11:32:42+00:00,,0.71,0.71,0.37,0.71,,249000000.0,,1199000000.0,1199000000.0,,1186000000.0,13000000.0,847000000.0,3059000000.0,299000000.0,,982000000.0,,1016000000.0,,1029000000.0,847000000.0,3194000000.0,,2045000000.0,1149000000.0,299000000.0,1448000000.0,4041000000.0,1663000000.0,1663000000.0,1663000000.0
Bristol-Myers Squibb Co,BMY,HLYYNH7UQUORYSJQCN42,14272,2015.0,Q1TTM,2014-04-01,2015-03-31,,,1.35,1.35,1.46,1.35,,552000000.0,-163000000.0,2292000000.0,2292000000.0,,2253000000.0,39000000.0,3811000000.0,11912000000.0,-119000000.0,,4197000000.0,,4604000000.0,,4894000000.0,3811000000.0,12298000000.0,,9335000000.0,2963000000.0,-119000000.0,2844000000.0,16109000000.0,1663000000.0,1663000000.0,1663000000.0
Bristol-Myers Squibb Co,BMY,HLYYNH7UQUORYSJQCN42,14272,2016.0,FY,2016-01-01,2016-12-31,2019-02-25 16:52:22+00:00,,2.67,2.67,1.53,2.65,,1408000000.0,,4507000000.0,4507000000.0,,4457000000.0,50000000.0,4969000000.0,19427000000.0,1448000000.0,,,,5012000000.0,,4979000000.0,4969000000.0,14458000000.0,,9991000000.0,4467000000.0,1448000000.0,5915000000.0,19427000000.0,1671000000.0,1671000000.0,1671000000.0
Bristol-Myers Squibb Co,BMY,HLYYNH7UQUORYSJQCN42,14272,2016.0,Q4,2016-10-01,2016-12-31,,,0.53,0.53,0.39,0.53,,188000000.0,,898000000.0,898000000.0,,894000000.0,4000000.0,1406000000.0,6539000000.0,250000000.0,,-1296000000.0,,1472000000.0,,1529000000.0,1406000000.0,3837000000.0,,3001000000.0,836000000.0,250000000.0,1086000000.0,5243000000.0,1671000000.0,1671000000.0,1671000000.0
Bristol-Myers Squibb Co,BMY,HLYYNH7UQUORYSJQCN42,14272,2016.0,Q3,2016-07-01,2016-09-30,2017-10-26 11:27:47+00:00,,0.72,0.72,0.38,0.72,,344000000.0,,1215000000.0,1215000000.0,,1202000000.0,13000000.0,1305000000.0,4492000000.0,224000000.0,,430000000.0,,1138000000.0,,1144000000.0,1305000000.0,3617000000.0,,2282000000.0,1335000000.0,224000000.0,1559000000.0,4922000000.0,1671000000.0,1671000000.0,1671000000.0
Bristol-Myers Squibb Co,BMY,HLYYNH7UQUORYSJQCN42,14272,2016.0,Q3YTD,2016-01-01,2016-09-30,,,2.14,2.14,1.14,2.12,,1220000000.0,,3609000000.0,3609000000.0,,3563000000.0,46000000.0,3563000000.0,12888000000.0,1198000000.0,,1296000000.0,,3540000000.0,,3450000000.0,3563000000.0,10621000000.0,,6990000000.0,3631000000.0,1198000000.0,4829000000.0,14184000000.0,1671000000.0,1671000000.0,1671000000.0
Bristol-Myers Squibb Co,BMY,HLYYNH7UQUORYSJQCN42,14272,2016.0,Q3TTM,2015-10-01,2016-09-30,,,2.03,2.03,1.52,2.0,,998000000.0,,3421000000.0,3421000000.0,,3366000000.0,55000000.0,4515000000.0,16750000000.0,870000000.0,,1721000000.0,,5456000000.0,,4951000000.0,4515000000.0,13956000000.0,,10407000000.0,3549000000.0,870000000.0,4419000000.0,18471000000.0,1671000000.0,1671000000.0,1671000000.0
Bristol-Myers Squibb Co,BMY,HLYYNH7UQUORYSJQCN42,14272,2016.0,Q2,2016-04-01,2016-06-30,2017-07-27 11:23:30+00:00,,0.7,0.7,0.38,0.69,,427000000.0,,1188000000.0,1188000000.0,,1166000000.0,22000000.0,1206000000.0,4432000000.0,454000000.0,,439000000.0,,1266000000.0,,1238000000.0,1206000000.0,3665000000.0,,2504000000.0,1161000000.0,454000000.0,1615000000.0,4871000000.0,1670000000.0,1670000000.0,1670000000.0
Bristol-Myers Squibb Co,BMY,HLYYNH7UQUORYSJQCN42,14272,2016.0,Q2YTD,2016-01-01,2016-06-30,,,1.42,1.42,0.76,1.4,,876000000.0,,2394000000.0,2394000000.0,,2361000000.0,33000000.0,2258000000.0,8396000000.0,974000000.0,,866000000.0,,2402000000.0,,2306000000.0,2258000000.0,7004000000.0,,4708000000.0,2296000000.0,974000000.0,3270000000.0,9262000000.0,1670000000.0,1670000000.0,1670000000.0
Bristol-Myers Squibb Co,BMY,HLYYNH7UQUORYSJQCN42,14272,2016.0,Q2TTM,2015-07-01,2016-06-30,,,1.73,1.73,1.51,1.7,,911000000.0,,2936000000.0,2936000000.0,,2870000000.0,66000000.0,4307000000.0,15810000000.0,969000000.0,,1808000000.0,,5450000000.0,,4983000000.0,4307000000.0,13311000000.0,,10433000000.0,2878000000.0,969000000.0,3847000000.0,17618000000.0,1670000000.0,1670000000.0,1670000000.0
Bristol-Myers Squibb Co,BMY,HLYYNH7UQUORYSJQCN42,14272,2016.0,Q1,2016-01-01,2016-03-31,2017-04-27 11:29:01+00:00,,0.72,0.72,0.38,0.71,,449000000.0,,1206000000.0,1206000000.0,,1195000000.0,11000000.0,1052000000.0,3964000000.0,520000000.0,,427000000.0,,1136000000.0,,1068000000.0,1052000000.0,3339000000.0,,2204000000.0,1135000000.0,520000000.0,1655000000.0,4391000000.0,1669000000.0,1669000000.0,1669000000.0
Bristol-Myers Squibb Co,BMY,HLYYNH7UQUORYSJQCN42,14272,2016.0,Q1TTM,2015-04-01,2016-03-31,,,0.95,0.95,1.5,0.93,,646000000.0,,1638000000.0,1638000000.0,,1574000000.0,64000000.0,4114000000.0,14950000000.0,408000000.0,,1960000000.0,,6040000000.0,,4880000000.0,4114000000.0,12796000000.0,,10920000000.0,1876000000.0,408000000.0,2284000000.0,16910000000.0,1669000000.0,1669000000.0,1669000000.0
Bristol-Myers Squibb Co,BMY,HLYYNH7UQUORYSJQCN42,14272,2017.0,FY,2017-01-01,2017-12-31,2020-02-24 16:10:27+00:00,97000000.0,0.61,0.61,1.57,0.61,,4156000000.0,,975000000.0,975000000.0,,1007000000.0,-32000000.0,6014000000.0,20776000000.0,1685000000.0,,,,6468000000.0,,4751000000.0,6014000000.0,14762000000.0,,11316000000.0,3446000000.0,1685000000.0,5131000000.0,20776000000.0,1650800000.0,1650800000.0,1650800000.0
Bristol-Myers Squibb Co,BMY,HLYYNH7UQUORYSJQCN42,14272,2017.0,Q4,2017-10-01,2017-12-31,,97000000.0,-1.42,-1.42,-1.17,-1.4,,3027000000.0,,-2329000000.0,-2329000000.0,,-2328000000.0,-1000000.0,1601000000.0,6564000000.0,188000000.0,,-1115000000.0,,1925000000.0,,1316000000.0,1601000000.0,3848000000.0,,3338000000.0,510000000.0,188000000.0,698000000.0,5449000000.0,1650800000.0,1650800000.0,1650800000.0
Bristol-Myers Squibb Co,BMY,HLYYNH7UQUORYSJQCN42,14272,2017.0,Q3,2017-07-01,2017-09-30,2018-10-25 11:36:04+00:00,,0.52,0.52,0.39,0.51,,327000000.0,,856000000.0,856000000.0,,845000000.0,11000000.0,1579000000.0,4862000000.0,232000000.0,,392000000.0,,1561000000.0,,1163000000.0,1579000000.0,3675000000.0,,2724000000.0,951000000.0,232000000.0,1183000000.0,5254000000.0,1639000000.0,1639000000.0,1639000000.0
Bristol-Myers Squibb Co,BMY,HLYYNH7UQUORYSJQCN42,14272,2017.0,Q3YTD,2017-01-01,2017-09-30,,,2.03,2.03,1.17,2.01,,1129000000.0,,3304000000.0,3304000000.0,,3335000000.0,-31000000.0,4413000000.0,14212000000.0,1497000000.0,,1115000000.0,,4543000000.0,,3435000000.0,4413000000.0,10914000000.0,,7978000000.0,2936000000.0,1497000000.0,4433000000.0,15327000000.0,1639000000.0,1639000000.0,1639000000.0
Bristol-Myers Squibb Co,BMY,HLYYNH7UQUORYSJQCN42,14272,2017.0,Q3TTM,2016-10-01,2017-09-30,,,2.56,2.56,1.56,2.54,,1317000000.0,,4202000000.0,4202000000.0,,4229000000.0,-27000000.0,5819000000.0,20751000000.0,1747000000.0,,-181000000.0,,6015000000.0,,4964000000.0,5819000000.0,14751000000.0,,10979000000.0,3772000000.0,1747000000.0,5519000000.0,20570000000.0,1639000000.0,1639000000.0,1639000000.0
Bristol-Myers Squibb Co,BMY,HLYYNH7UQUORYSJQCN42,14272,2017.0,Q2,2017-04-01,2017-06-30,2018-07-26 11:32:21+00:00,,0.56,0.56,0.39,0.56,,373000000.0,,922000000.0,922000000.0,,916000000.0,6000000.0,1569000000.0,4770000000.0,586000000.0,,374000000.0,,1679000000.0,,1187000000.0,1569000000.0,3575000000.0,,2866000000.0,709000000.0,586000000.0,1295000000.0,5144000000.0,1644000000.0,1644000000.0,1644000000.0
Bristol-Myers Squibb Co,BMY,HLYYNH7UQUORYSJQCN42,14272,2017.0,Q2YTD,2017-01-01,2017-06-30,,,1.51,1.51,0.78,1.5,,802000000.0,,2448000000.0,2448000000.0,,2490000000.0,-42000000.0,2834000000.0,9350000000.0,1265000000.0,,723000000.0,,2982000000.0,,2272000000.0,2834000000.0,7239000000.0,,5254000000.0,1985000000.0,1265000000.0,3250000000.0,10073000000.0,1644000000.0,1644000000.0,1644000000.0
Bristol-Myers Squibb Co,BMY,HLYYNH7UQUORYSJQCN42,14272,2017.0,Q2TTM,2016-07-01,2017-06-30,,,2.76,2.76,1.55,2.75,,1334000000.0,,4561000000.0,4561000000.0,,4586000000.0,-25000000.0,5545000000.0,20381000000.0,1739000000.0,,-143000000.0,,5592000000.0,,4945000000.0,5545000000.0,14693000000.0,,10537000000.0,4156000000.0,1739000000.0,5895000000.0,20238000000.0,1644000000.0,1644000000.0,1644000000.0
Bristol-Myers Squibb Co,BMY,HLYYNH7UQUORYSJQCN42,14272,2017.0,Q1,2017-01-01,2017-03-31,2018-04-26 12:08:19+00:00,,0.95,0.95,0.39,0.94,,429000000.0,,1526000000.0,1526000000.0,,1574000000.0,-48000000.0,1265000000.0,4580000000.0,679000000.0,,349000000.0,,1303000000.0,,1085000000.0,1265000000.0,3664000000.0,,2388000000.0,1276000000.0,679000000.0,1955000000.0,4929000000.0,1662000000.0,1662000000.0,1662000000.0
Bristol-Myers Squibb Co,BMY,HLYYNH7UQUORYSJQCN42,14272,2017.0,Q1TTM,2016-04-01,2017-03-31,,,2.9,2.9,1.54,2.88,,1388000000.0,,4827000000.0,4827000000.0,,4836000000.0,-9000000.0,5182000000.0,20043000000.0,1607000000.0,,-78000000.0,,5179000000.0,,4996000000.0,5182000000.0,14783000000.0,,10175000000.0,4608000000.0,1607000000.0,6215000000.0,19965000000.0,1662000000.0,1662000000.0,1662000000.0
Bristol-Myers Squibb Co,BMY,HLYYNH7UQUORYSJQCN42,14272,2018.0,FY,2018-01-01,2018-12-31,2020-02-24 16:10:27+00:00,97000000.0,3.01,3.01,1.61,3.01,,1021000000.0,,4947000000.0,4947000000.0,,4920000000.0,27000000.0,6467000000.0,22561000000.0,854000000.0,,,,6332000000.0,,4551000000.0,6467000000.0,16094000000.0,,10980000000.0,5114000000.0,854000000.0,5968000000.0,22561000000.0,1634600000.0,1634600000.0,1634600000.0
Bristol-Myers Squibb Co,BMY,HLYYNH7UQUORYSJQCN42,14272,2018.0,Q4,2018-10-01,2018-12-31,,97000000.0,0.71,0.71,-1.2,0.71,,347000000.0,,1158000000.0,1158000000.0,,1160000000.0,-2000000.0,1610000000.0,5973000000.0,-58000000.0,,,,1367000000.0,,1336000000.0,1610000000.0,4363000000.0,,2800000000.0,1563000000.0,-58000000.0,1505000000.0,5973000000.0,1634600000.0,1634600000.0,1634600000.0
Bristol-Myers Squibb Co,BMY,HLYYNH7UQUORYSJQCN42,14272,2018.0,Q3,2018-07-01,2018-09-30,2019-10-31 09:39:45+00:00,,1.16,1.16,0.4,1.16,,255000000.0,,1912000000.0,1912000000.0,,1901000000.0,11000000.0,1648000000.0,5691000000.0,508000000.0,,,,1280000000.0,,1104000000.0,1648000000.0,4043000000.0,,2384000000.0,1659000000.0,508000000.0,2167000000.0,5691000000.0,1632000000.0,1632000000.0,1632000000.0
Bristol-Myers Squibb Co,BMY,HLYYNH7UQUORYSJQCN42,14272,2018.0,Q3YTD,2018-01-01,2018-09-30,,,2.3,2.3,1.2,2.3,,674000000.0,,3789000000.0,3789000000.0,,3760000000.0,29000000.0,4857000000.0,16588000000.0,912000000.0,,,,4965000000.0,,3215000000.0,4857000000.0,11731000000.0,,8180000000.0,3551000000.0,912000000.0,4463000000.0,16588000000.0,1632000000.0,1632000000.0,1632000000.0
Bristol-Myers Squibb Co,BMY,HLYYNH7UQUORYSJQCN42,14272,2018.0,Q3TTM,2017-10-01,2018-09-30,,97000000.0,0.88,0.88,0.03,0.9,,3701000000.0,,1460000000.0,1460000000.0,,1432000000.0,28000000.0,6458000000.0,23152000000.0,1100000000.0,,-1115000000.0,,6890000000.0,,4531000000.0,6458000000.0,15579000000.0,,11518000000.0,4061000000.0,1100000000.0,5161000000.0,22037000000.0,1632000000.0,1632000000.0,1632000000.0
Bristol-Myers Squibb Co,BMY,HLYYNH7UQUORYSJQCN42,14272,2018.0,Q2,2018-04-01,2018-06-30,2019-07-25 11:33:59+00:00,,0.23,0.23,0.4,0.23,,135000000.0,,382000000.0,382000000.0,,373000000.0,9000000.0,1625000000.0,5704000000.0,4000000.0,,,,2435000000.0,,1131000000.0,1625000000.0,4079000000.0,,3566000000.0,513000000.0,4000000.0,517000000.0,5704000000.0,1633000000.0,1633000000.0,1633000000.0
Bristol-Myers Squibb Co,BMY,HLYYNH7UQUORYSJQCN42,14272,2018.0,Q2YTD,2018-01-01,2018-06-30,,,1.14,1.14,0.8,1.14,,419000000.0,,1877000000.0,1877000000.0,,1859000000.0,18000000.0,3209000000.0,10897000000.0,404000000.0,,,,3685000000.0,,2111000000.0,3209000000.0,7688000000.0,,5796000000.0,1892000000.0,404000000.0,2296000000.0,10897000000.0,1633000000.0,1633000000.0,1633000000.0
Bristol-Myers Squibb Co,BMY,HLYYNH7UQUORYSJQCN42,14272,2018.0,Q2TTM,2017-07-01,2018-06-30,,97000000.0,0.24,0.24,0.02,0.25,,3773000000.0,,404000000.0,404000000.0,,376000000.0,28000000.0,6389000000.0,22323000000.0,824000000.0,,-723000000.0,,7171000000.0,,4590000000.0,6389000000.0,15211000000.0,,11858000000.0,3353000000.0,824000000.0,4177000000.0,21600000000.0,1633000000.0,1633000000.0,1633000000.0
Bristol-Myers Squibb Co,BMY,HLYYNH7UQUORYSJQCN42,14272,2018.0,Q1,2018-01-01,2018-03-31,2019-04-25 11:39:35+00:00,,0.91,0.91,0.4,0.91,,284000000.0,,1495000000.0,1495000000.0,,1486000000.0,9000000.0,1584000000.0,5193000000.0,400000000.0,,,,1250000000.0,,980000000.0,1584000000.0,3609000000.0,,2230000000.0,1379000000.0,400000000.0,1779000000.0,5193000000.0,1633000000.0,1633000000.0,1633000000.0
Bristol-Myers Squibb Co,BMY,HLYYNH7UQUORYSJQCN42,14272,2018.0,Q1TTM,2017-04-01,2018-03-31,,97000000.0,0.57,0.57,0.01,0.58,,4011000000.0,,944000000.0,944000000.0,,919000000.0,25000000.0,6333000000.0,21389000000.0,1406000000.0,,-349000000.0,,6415000000.0,,4646000000.0,6333000000.0,14707000000.0,,11158000000.0,3549000000.0,1406000000.0,4955000000.0,21040000000.0,1633000000.0,1633000000.0,1633000000.0
Bristol-Myers Squibb Co,BMY,HLYYNH7UQUORYSJQCN42,14272,2019.0,Q4,2019-10-01,2019-12-31,,1111000000.0,-0.74,-0.74,-0.82,-0.73,,931000000.0,,-1060000000.0,-1060000000.0,,-1056000000.0,-4000000.0,2452000000.0,7945000000.0,-687000000.0,,,,2090000000.0,,1734000000.0,2452000000.0,5493000000.0,,4935000000.0,558000000.0,-687000000.0,-129000000.0,7945000000.0,1702500000.0,1702500000.0,1710900000.0
Bristol-Myers Squibb Co,BMY,HLYYNH7UQUORYSJQCN42,14272,2019.0,FY,2019-01-01,2019-12-31,2020-02-24 16:10:27+00:00,1135000000.0,2.02,2.02,1.68,2.01,,1515000000.0,,3460000000.0,3460000000.0,,3439000000.0,21000000.0,8078000000.0,26145000000.0,-938000000.0,,,,6148000000.0,,4871000000.0,8078000000.0,18067000000.0,,12154000000.0,5913000000.0,-938000000.0,4975000000.0,26145000000.0,1702500000.0,1702500000.0,1710900000.0
Bristol-Myers Squibb Co,BMY,HLYYNH7UQUORYSJQCN42,14272,2019.0,Q3YTD,2019-01-01,2019-09-30,,24000000.0,2.76,2.76,0.82,2.74,,584000000.0,,4520000000.0,4520000000.0,,4495000000.0,25000000.0,5626000000.0,18200000000.0,-251000000.0,,,,4058000000.0,,3137000000.0,5626000000.0,12574000000.0,,7219000000.0,5355000000.0,-251000000.0,5104000000.0,18200000000.0,1632000000.0,1632000000.0,1632000000.0
Bristol-Myers Squibb Co,BMY,HLYYNH7UQUORYSJQCN42,14272,2019.0,Q3TTM,2018-10-01,2019-09-30,,121000000.0,3.47,3.47,-0.38,3.45,,931000000.0,,5678000000.0,5678000000.0,,5655000000.0,23000000.0,7236000000.0,24173000000.0,-309000000.0,,,,5425000000.0,,4473000000.0,7236000000.0,16937000000.0,,10019000000.0,6918000000.0,-309000000.0,6609000000.0,24173000000.0,1632000000.0,1632000000.0,1632000000.0
Bristol-Myers Squibb Co,BMY,HLYYNH7UQUORYSJQCN42,14272,2019.0,Q3,2019-07-01,2019-09-30,2019-10-31 09:39:45+00:00,,0.83,0.83,0.41,0.83,,-17000000.0,,1366000000.0,1366000000.0,,1353000000.0,13000000.0,1810000000.0,6007000000.0,-411000000.0,,,,1382000000.0,,1055000000.0,1810000000.0,4197000000.0,,2437000000.0,1760000000.0,-411000000.0,1349000000.0,6007000000.0,1632000000.0,1632000000.0,1632000000.0
Bristol-Myers Squibb Co,BMY,HLYYNH7UQUORYSJQCN42,14272,2019.0,Q2YTD,2019-01-01,2019-06-30,,24000000.0,1.93,1.93,0.41,1.91,,601000000.0,,3154000000.0,3154000000.0,,3142000000.0,12000000.0,3816000000.0,12193000000.0,160000000.0,,,,2676000000.0,,2082000000.0,3816000000.0,8377000000.0,,4782000000.0,3595000000.0,160000000.0,3755000000.0,12193000000.0,1636000000.0,1636000000.0,1636000000.0
Bristol-Myers Squibb Co,BMY,HLYYNH7UQUORYSJQCN42,14272,2019.0,Q2TTM,2018-07-01,2019-06-30,,121000000.0,3.8,3.8,-0.39,3.78,,1203000000.0,,6224000000.0,6224000000.0,,6203000000.0,21000000.0,7074000000.0,23857000000.0,610000000.0,,,,5323000000.0,,4522000000.0,7074000000.0,16783000000.0,,9966000000.0,6817000000.0,610000000.0,7427000000.0,23857000000.0,1636000000.0,1636000000.0,1636000000.0
Bristol-Myers Squibb Co,BMY,HLYYNH7UQUORYSJQCN42,14272,2019.0,Q2,2019-04-01,2019-06-30,2019-07-25 11:33:59+00:00,,0.88,0.88,0.41,0.87,,337000000.0,,1439000000.0,1439000000.0,,1432000000.0,7000000.0,1992000000.0,6273000000.0,-101000000.0,,,,1328000000.0,,1076000000.0,1992000000.0,4281000000.0,,2404000000.0,1877000000.0,-101000000.0,1776000000.0,6273000000.0,1636000000.0,1636000000.0,1636000000.0
Bristol-Myers Squibb Co,BMY,HLYYNH7UQUORYSJQCN42,14272,2019.0,Q1,2019-01-01,2019-03-31,2020-05-07 09:54:07+00:00,24000000.0,1.05,1.05,,1.04,,264000000.0,,1715000000.0,1715000000.0,,1710000000.0,5000000.0,1824000000.0,5920000000.0,261000000.0,,,,1348000000.0,,1006000000.0,1824000000.0,4096000000.0,,2378000000.0,1718000000.0,261000000.0,1979000000.0,5920000000.0,1628600000.0,1628600000.0,1644200000.0
Bristol-Myers Squibb Co,BMY,HLYYNH7UQUORYSJQCN42,14272,2019.0,Q1TTM,2018-04-01,2019-03-31,,121000000.0,3.15,3.15,-0.4,3.14,,1001000000.0,,5167000000.0,5167000000.0,,5144000000.0,23000000.0,6707000000.0,23288000000.0,715000000.0,,,,6430000000.0,,4577000000.0,6707000000.0,16581000000.0,,11128000000.0,5453000000.0,715000000.0,6168000000.0,23288000000.0,1628600000.0,1628600000.0,1644200000.0
Bristol-Myers Squibb Co,BMY,HLYYNH7UQUORYSJQCN42,14272,2020.0,Q1TTM,2019-04-01,2020-03-31,,3393000000.0,0.63,0.63,,0.63,,1713000000.0,,979000000.0,979000000.0,,954000000.0,25000000.0,9916000000.0,31006000000.0,-2362000000.0,,,,7172000000.0,,5471000000.0,9916000000.0,21090000000.0,,16036000000.0,5054000000.0,-2362000000.0,2692000000.0,31006000000.0,2279400000.0,2279400000.0,2279400000.0
Bristol-Myers Squibb Co,BMY,HLYYNH7UQUORYSJQCN42,14272,2020.0,Q1,2020-01-01,2020-03-31,2020-05-07 09:54:07+00:00,2282000000.0,-0.34,-0.34,0.45,-0.34,,462000000.0,,-766000000.0,-766000000.0,,-775000000.0,9000000.0,3662000000.0,10781000000.0,-1163000000.0,,,,2372000000.0,,1606000000.0,3662000000.0,7119000000.0,,6260000000.0,859000000.0,-1163000000.0,-304000000.0,10781000000.0,2279400000.0,2279400000.0,2279400000.0
