company_name,company_ticker,company_lei,company_cik,year,quarter,start_date,end_date,filing_date,amortizationexpense,basicdilutedeps,basiceps,cashdividendspershare,dilutedeps,impairmentexpense,incometaxexpense,marketingexpense,netincome,netincomecontinuing,netincometocommon,netincometononcontrollinginterest,operatingcostofrevenue,operatingrevenue,otherincome,otheroperatingexpenses,otherspecialcharges,rdexpense,restructuringcharge,sgaexpense,totalcostofrevenue,totalgrossprofit,totalinterestexpense,totalinterestincome,totaloperatingexpenses,totaloperatingincome,totalotherincome,totalpretaxincome,totalrevenue,weightedavebasicdilutedsharesos,weightedavebasicsharesos,weightedavedilutedsharesos
Hologic Inc,HOLX,549300DYP6F5ZJL0LB74,859737,2007.0,FY,2006-10-01,2007-09-29,2009-11-24 16:06:57+00:00,5584000.0,0.88,0.88,,0.86,0.0,53911000.0,85520000.0,94578000.0,94578000.0,94578000.0,,393039000.0,738368000.0,433000.0,,,44381000.0,0.0,62092000.0,393039000.0,345329000.0,2511000.0,2815000.0,197577000.0,147752000.0,737000.0,148489000.0,738368000.0,107500000.0,106873000.0,109669000.0
Hologic Inc,HOLX,549300DYP6F5ZJL0LB74,859737,2008.0,FY,2007-09-30,2008-09-27,2010-11-24 07:30:49+00:00,25227000.0,-1.69,-1.69,,-1.69,2900000.0,88316000.0,261524000.0,-415588000.0,-415588000.0,-415588000.0,,781981000.0,1674499000.0,-1215000.0,,0.0,653384000.0,6383000.0,140642000.0,781981000.0,892518000.0,133043000.0,4528000.0,1090060000.0,-197542000.0,-129730000.0,-327272000.0,1674499000.0,245900000.0,245968000.0,245968000.0
Hologic Inc,HOLX,549300DYP6F5ZJL0LB74,859737,2008.0,Q3,2008-03-30,2008-06-28,2009-08-06 14:03:09+00:00,6267000.0,0.24,0.24,,0.24,0.0,33531000.0,68483000.0,61379000.0,61379000.0,61379000.0,,184729000.0,429492000.0,788000.0,,,20966000.0,6383000.0,35043000.0,184729000.0,244763000.0,14103000.0,604000.0,137142000.0,107621000.0,-12711000.0,94910000.0,429492000.0,255700000.0,255676000.0,259390000.0
Hologic Inc,HOLX,549300DYP6F5ZJL0LB74,859737,2009.0,FY,2008-09-28,2009-09-26,2011-11-23 09:21:44+00:00,51210000.0,-8.64,-8.64,,-8.64,2340023000.0,62512000.0,238977000.0,-2216642000.0,-2216642000.0,-2216642000.0,,779648000.0,1637134000.0,-3660000.0,0.0,0.0,102453000.0,797000.0,140700000.0,779648000.0,857486000.0,134957000.0,1161000.0,2874160000.0,-2016674000.0,-137456000.0,-2154130000.0,1637134000.0,256600000.0,256545000.0,256545000.0
Hologic Inc,HOLX,549300DYP6F5ZJL0LB74,859737,2009.0,Q4,2009-06-28,2009-09-26,,12854000.0,0.1,0.1,,0.1,,18882000.0,56575000.0,24568000.0,24568000.0,24568000.0,,195959000.0,402767000.0,825000.0,,,30825000.0,797000.0,30046000.0,195959000.0,206808000.0,33248000.0,162000.0,131097000.0,75711000.0,-32261000.0,43450000.0,402767000.0,256600000.0,256545000.0,256545000.0
Hologic Inc,HOLX,549300DYP6F5ZJL0LB74,859737,2009.0,Q3,2009-03-29,2009-06-27,2010-08-05 08:30:36+00:00,13025000.0,0.12,0.12,,0.12,0.0,13316000.0,58928000.0,30751000.0,30751000.0,30751000.0,,191975000.0,403120000.0,-730000.0,,0.0,23407000.0,0.0,37039000.0,191975000.0,211145000.0,34155000.0,206000.0,132399000.0,78746000.0,-34679000.0,44067000.0,403120000.0,256300000.0,256556000.0,258908000.0
Hologic Inc,HOLX,549300DYP6F5ZJL0LB74,859737,2009.0,Q3YTD,2008-09-28,2009-06-27,,38356000.0,-8.74,-8.74,,-8.74,2340023000.0,43630000.0,182402000.0,-2241210000.0,-2241210000.0,-2241210000.0,,583689000.0,1234367000.0,-4485000.0,,,71628000.0,,110654000.0,583689000.0,650678000.0,101709000.0,999000.0,2743063000.0,-2092385000.0,-105195000.0,-2197580000.0,1234367000.0,256300000.0,256556000.0,258908000.0
Hologic Inc,HOLX,549300DYP6F5ZJL0LB74,859737,2009.0,Q2,2008-12-28,2009-03-28,2010-05-06 08:58:42+00:00,12693000.0,-9.01,-9.01,,-9.01,2340023000.0,11728000.0,58472000.0,-2310119000.0,-2310119000.0,-2310119000.0,,192440000.0,402014000.0,-674000.0,,0.0,24428000.0,0.0,38810000.0,192440000.0,209574000.0,33212000.0,347000.0,2474426000.0,-2264852000.0,-33539000.0,-2298391000.0,402014000.0,256400000.0,256374000.0,256374000.0
Hologic Inc,HOLX,549300DYP6F5ZJL0LB74,859737,2009.0,Q2YTD,2008-09-28,2009-03-28,,25331000.0,-8.86,-8.86,,-8.86,2340023000.0,30314000.0,123474000.0,-2271961000.0,-2271961000.0,-2271961000.0,,391714000.0,831247000.0,-3755000.0,,,48221000.0,,73615000.0,391714000.0,439533000.0,67554000.0,793000.0,2610664000.0,-2171131000.0,-70516000.0,-2241647000.0,831247000.0,256400000.0,256374000.0,256374000.0
Hologic Inc,HOLX,549300DYP6F5ZJL0LB74,859737,2010.0,Q4,2010-06-27,2010-09-25,,14129000.0,-0.53,-0.53,,-0.52,96840000.0,-35615000.0,61891000.0,-136974000.0,-136974000.0,-136974000.0,,331634000.0,428299000.0,-924000.0,2000000.0,-1097000.0,27253000.0,885000.0,37471000.0,331634000.0,96665000.0,29329000.0,371000.0,239372000.0,-142707000.0,-29882000.0,-172589000.0,428299000.0,261700000.0,258743000.0,258743000.0
Hologic Inc,HOLX,549300DYP6F5ZJL0LB74,859737,2010.0,Q3,2010-03-28,2010-06-26,2011-08-04 16:38:28+00:00,13573000.0,0.11,0.11,,0.1,,18299000.0,59425000.0,27448000.0,27448000.0,27448000.0,,210804000.0,420693000.0,305000.0,0.0,0.0,25691000.0,0.0,32426000.0,210804000.0,209889000.0,33653000.0,321000.0,131115000.0,78774000.0,-33027000.0,45747000.0,420693000.0,249500000.0,259107000.0,262106000.0
Hologic Inc,HOLX,549300DYP6F5ZJL0LB74,859737,2010.0,Q3YTD,2009-09-27,2010-06-26,,40729000.0,0.29,0.29,0.01,0.29,,43437000.0,185483000.0,74161000.0,74161000.0,74161000.0,,611280000.0,1251253000.0,1825000.0,,12500000.0,77052000.0,696000.0,110869000.0,611280000.0,639973000.0,97778000.0,907000.0,427329000.0,212644000.0,-95046000.0,117598000.0,1251253000.0,249500000.0,259107000.0,262106000.0
Hologic Inc,HOLX,549300DYP6F5ZJL0LB74,859737,2010.0,Q3TTM,2009-06-28,2010-06-26,,53583000.0,0.38,0.38,0.01,0.38,,62319000.0,242058000.0,98729000.0,98729000.0,98729000.0,,807239000.0,1654020000.0,2650000.0,,12500000.0,107877000.0,1493000.0,140915000.0,807239000.0,846781000.0,131026000.0,1069000.0,558426000.0,288355000.0,-127307000.0,161048000.0,1654020000.0,249500000.0,259107000.0,262106000.0
Hologic Inc,HOLX,549300DYP6F5ZJL0LB74,859737,2010.0,Q2,2009-12-27,2010-03-27,2011-05-05 08:00:37+00:00,13577000.0,0.08,0.08,,0.08,,10140000.0,61461000.0,20618000.0,20618000.0,20618000.0,,204473000.0,418112000.0,777000.0,0.0,12500000.0,26740000.0,209000.0,37251000.0,204473000.0,213639000.0,32321000.0,401000.0,151738000.0,61901000.0,-31143000.0,30758000.0,418112000.0,257700000.0,258653000.0,261478000.0
Hologic Inc,HOLX,549300DYP6F5ZJL0LB74,859737,2010.0,Q2YTD,2009-09-27,2010-03-27,,27156000.0,0.18,0.18,0.01,0.18,,25138000.0,126058000.0,46713000.0,46713000.0,46713000.0,,400476000.0,830560000.0,1520000.0,,12500000.0,51361000.0,696000.0,78443000.0,400476000.0,430084000.0,64125000.0,586000.0,296214000.0,133870000.0,-62019000.0,71851000.0,830560000.0,257700000.0,258653000.0,261478000.0
Hologic Inc,HOLX,549300DYP6F5ZJL0LB74,859737,2010.0,Q2TTM,2009-03-29,2010-03-27,,53035000.0,0.39,0.39,0.01,0.39,,57336000.0,241561000.0,102032000.0,102032000.0,102032000.0,,788410000.0,1636447000.0,1615000.0,,12500000.0,105593000.0,1493000.0,145528000.0,788410000.0,848037000.0,131528000.0,954000.0,559710000.0,288327000.0,-128959000.0,159368000.0,1636447000.0,257700000.0,258653000.0,261478000.0
Hologic Inc,HOLX,549300DYP6F5ZJL0LB74,859737,2010.0,Q1,2009-09-27,2009-12-26,2011-02-03 08:00:23+00:00,13579000.0,0.1,0.1,,0.1,,14998000.0,64597000.0,26095000.0,26095000.0,26095000.0,,196003000.0,412448000.0,743000.0,0.0,0.0,24621000.0,487000.0,41192000.0,196003000.0,216445000.0,31804000.0,185000.0,144476000.0,71969000.0,-30876000.0,41093000.0,412448000.0,261000000.0,258024000.0,260804000.0
Hologic Inc,HOLX,549300DYP6F5ZJL0LB74,859737,2010.0,Q1TTM,2008-12-28,2009-12-26,,52151000.0,-8.64,-8.64,0.01,-8.64,2340023000.0,58924000.0,238572000.0,-2228705000.0,-2228705000.0,-2228705000.0,,776377000.0,1620349000.0,164000.0,,,103281000.0,1284000.0,147087000.0,776377000.0,843972000.0,132419000.0,900000.0,2882398000.0,-2038426000.0,-131355000.0,-2169781000.0,1620349000.0,261000000.0,258024000.0,260804000.0
Hologic Inc,HOLX,549300DYP6F5ZJL0LB74,859737,2011.0,Q4,2011-06-26,2011-09-24,,14492000.0,0.1,0.1,,0.1,,14037000.0,75111000.0,27569000.0,27569000.0,27569000.0,,223846000.0,467045000.0,-3244000.0,3546000.0,7320000.0,28879000.0,-122000.0,40552000.0,223846000.0,243199000.0,29079000.0,508000.0,169778000.0,73421000.0,-31815000.0,41606000.0,467045000.0,261900000.0,261099000.0,264305000.0
Hologic Inc,HOLX,549300DYP6F5ZJL0LB74,859737,2011.0,FY,2010-09-26,2011-09-24,2013-11-26 06:43:20+00:00,58334000.0,0.6,0.6,,0.59,,70236000.0,286730000.0,157150000.0,157150000.0,157150000.0,,866168000.0,1789349000.0,-4182000.0,,-72516000.0,116696000.0,-71000.0,159563000.0,866168000.0,923181000.0,144737000.0,1860000.0,548736000.0,374445000.0,-147059000.0,227386000.0,1789349000.0,261900000.0,261099000.0,264305000.0
Hologic Inc,HOLX,549300DYP6F5ZJL0LB74,859737,2011.0,Q3,2011-03-27,2011-06-25,2012-08-02 16:06:16+00:00,14794000.0,0.14,0.14,,0.14,,8228000.0,72981000.0,36196000.0,36196000.0,36196000.0,,216521000.0,451082000.0,-1304000.0,629000.0,3161000.0,29325000.0,0.0,39755000.0,216521000.0,234561000.0,28673000.0,485000.0,160645000.0,73916000.0,-29492000.0,44424000.0,451082000.0,258500000.0,261784000.0,265167000.0
Hologic Inc,HOLX,549300DYP6F5ZJL0LB74,859737,2011.0,Q3YTD,2010-09-26,2011-06-25,,43842000.0,0.5,0.5,,0.49,,56199000.0,211619000.0,129581000.0,129581000.0,129581000.0,,642322000.0,1322304000.0,-938000.0,-3546000.0,-79836000.0,87817000.0,51000.0,119011000.0,642322000.0,679982000.0,115658000.0,1352000.0,378958000.0,301024000.0,-115244000.0,185780000.0,1322304000.0,258500000.0,261784000.0,265167000.0
Hologic Inc,HOLX,549300DYP6F5ZJL0LB74,859737,2011.0,Q3TTM,2010-06-27,2011-06-25,,57971000.0,-0.03,-0.03,,-0.03,96840000.0,20584000.0,273510000.0,-7393000.0,-7393000.0,-7393000.0,,973956000.0,1750603000.0,-1862000.0,-1546000.0,-80933000.0,115070000.0,936000.0,156482000.0,973956000.0,776647000.0,144987000.0,1723000.0,618330000.0,158317000.0,-145126000.0,13191000.0,1750603000.0,258500000.0,261784000.0,265167000.0
Hologic Inc,HOLX,549300DYP6F5ZJL0LB74,859737,2011.0,Q2,2010-12-26,2011-03-26,2012-05-03 16:05:40+00:00,14552000.0,0.32,0.32,,0.31,,46382000.0,70727000.0,82445000.0,82445000.0,82445000.0,,217964000.0,438651000.0,1164000.0,-5271000.0,-83447000.0,29935000.0,0.0,38803000.0,217964000.0,220687000.0,28185000.0,460000.0,65299000.0,155388000.0,-26561000.0,128827000.0,438651000.0,257600000.0,260825000.0,264030000.0
Hologic Inc,HOLX,549300DYP6F5ZJL0LB74,859737,2011.0,Q2YTD,2010-09-26,2011-03-26,,29048000.0,0.36,0.36,,0.35,,47971000.0,138638000.0,93385000.0,93385000.0,93385000.0,,425801000.0,871222000.0,366000.0,-4175000.0,-82997000.0,58492000.0,51000.0,79256000.0,425801000.0,445421000.0,86985000.0,867000.0,218313000.0,227108000.0,-85752000.0,141356000.0,871222000.0,257600000.0,260825000.0,264030000.0
Hologic Inc,HOLX,549300DYP6F5ZJL0LB74,859737,2011.0,Q2TTM,2010-03-28,2011-03-26,,56750000.0,-0.06,-0.06,,-0.06,96840000.0,30655000.0,259954000.0,-16141000.0,-16141000.0,-16141000.0,,968239000.0,1720214000.0,-253000.0,-2175000.0,-84094000.0,111436000.0,936000.0,149153000.0,968239000.0,751975000.0,149967000.0,1559000.0,588800000.0,163175000.0,-148661000.0,14514000.0,1720214000.0,257600000.0,260825000.0,264030000.0
Hologic Inc,HOLX,549300DYP6F5ZJL0LB74,859737,2011.0,Q1,2010-09-26,2010-12-25,2012-02-02 08:14:48+00:00,14496000.0,0.04,0.04,,0.04,,1589000.0,67911000.0,10940000.0,10940000.0,10940000.0,,207837000.0,432571000.0,-798000.0,1096000.0,450000.0,28557000.0,51000.0,40453000.0,207837000.0,224734000.0,58800000.0,407000.0,153014000.0,71720000.0,-59191000.0,12529000.0,432571000.0,273500000.0,259624000.0,263146000.0
Hologic Inc,HOLX,549300DYP6F5ZJL0LB74,859737,2011.0,Q1TTM,2009-12-27,2010-12-25,,55775000.0,-0.3,-0.3,,-0.3,96840000.0,-5587000.0,250688000.0,-77968000.0,-77968000.0,-77968000.0,,954748000.0,1699675000.0,-640000.0,3096000.0,11853000.0,108241000.0,1145000.0,147601000.0,954748000.0,744927000.0,154103000.0,1500000.0,675239000.0,69688000.0,-153243000.0,-83555000.0,1699675000.0,273500000.0,259624000.0,263146000.0
Hologic Inc,HOLX,549300DYP6F5ZJL0LB74,859737,2012.0,Q4,2012-06-24,2012-09-29,,24796000.0,-0.3,-0.3,,-0.3,5800000.0,-20270000.0,89933000.0,-77733000.0,-77733000.0,-77733000.0,,314216000.0,588496000.0,2003000.0,-48310000.0,88296000.0,51632000.0,16672000.0,89181000.0,314216000.0,274280000.0,56639000.0,353000.0,318000000.0,-43720000.0,-54283000.0,-98003000.0,588496000.0,262900000.0,264041000.0,264041000.0
Hologic Inc,HOLX,549300DYP6F5ZJL0LB74,859737,2012.0,FY,2011-09-25,2012-09-29,2014-11-20 07:00:54+00:00,72000000.0,-0.28,-0.28,,-0.28,5800000.0,11900000.0,322300000.0,-73600000.0,-73600000.0,-73600000.0,,1008200000.0,2002600000.0,4900000.0,,107100000.0,135500000.0,17500000.0,220500000.0,1008200000.0,994400000.0,182600000.0,2300000.0,880700000.0,113700000.0,-175400000.0,-61700000.0,2002600000.0,262900000.0,264041000.0,264041000.0
Hologic Inc,HOLX,549300DYP6F5ZJL0LB74,859737,2012.0,Q3,2012-03-25,2012-06-23,2013-08-07 08:57:36+00:00,15733000.0,0.09,0.09,,0.09,,31413000.0,76368000.0,23594000.0,23594000.0,23594000.0,,225588000.0,470228000.0,-622000.0,,2226000.0,26229000.0,136000.0,43421000.0,225588000.0,244640000.0,25593000.0,695000.0,164113000.0,80527000.0,-25520000.0,55007000.0,470228000.0,262200000.0,264609000.0,267294000.0
Hologic Inc,HOLX,549300DYP6F5ZJL0LB74,859737,2012.0,Q3YTD,2011-09-25,2012-06-23,,47204000.0,0.02,0.02,,0.02,,32170000.0,232367000.0,4133000.0,4133000.0,4133000.0,,693984000.0,1414104000.0,2897000.0,48310000.0,18804000.0,83868000.0,828000.0,131319000.0,693984000.0,720120000.0,125961000.0,1947000.0,562700000.0,157420000.0,-121117000.0,36303000.0,1414104000.0,262200000.0,264609000.0,267294000.0
Hologic Inc,HOLX,549300DYP6F5ZJL0LB74,859737,2012.0,Q3TTM,2011-06-26,2012-06-23,,61696000.0,0.12,0.12,,0.12,,46207000.0,307478000.0,31702000.0,31702000.0,31702000.0,,917830000.0,1881149000.0,-347000.0,51856000.0,26124000.0,112747000.0,706000.0,171871000.0,917830000.0,963319000.0,155040000.0,2455000.0,732478000.0,230841000.0,-152932000.0,77909000.0,1881149000.0,262200000.0,264609000.0,267294000.0
Hologic Inc,HOLX,549300DYP6F5ZJL0LB74,859737,2012.0,Q2,2011-12-25,2012-03-24,2012-05-03 16:05:40+00:00,16629000.0,-0.15,-0.15,,-0.15,,-18335000.0,78539000.0,-40273000.0,-40273000.0,-40273000.0,,245055000.0,471165000.0,1527000.0,43188000.0,6137000.0,29297000.0,783000.0,41403000.0,245055000.0,226110000.0,70859000.0,590000.0,215976000.0,10134000.0,-68742000.0,-58608000.0,471165000.0,268500000.0,263900000.0,263900000.0
Hologic Inc,HOLX,549300DYP6F5ZJL0LB74,859737,2012.0,Q2YTD,2011-09-25,2012-03-24,,31471000.0,-0.07,-0.07,,-0.07,,757000.0,155999000.0,-19461000.0,-19461000.0,-19461000.0,,468396000.0,943876000.0,3519000.0,48310000.0,16578000.0,57639000.0,692000.0,87898000.0,468396000.0,475480000.0,100368000.0,1252000.0,398587000.0,76893000.0,-95597000.0,-18704000.0,943876000.0,268500000.0,263900000.0,263900000.0
Hologic Inc,HOLX,549300DYP6F5ZJL0LB74,859737,2012.0,Q2TTM,2011-03-27,2012-03-24,,60757000.0,0.17,0.17,,0.17,,23022000.0,304091000.0,44304000.0,44304000.0,44304000.0,,908763000.0,1862003000.0,-1029000.0,52485000.0,27059000.0,115843000.0,570000.0,168205000.0,908763000.0,953240000.0,158120000.0,2245000.0,729010000.0,224230000.0,-156904000.0,67326000.0,1862003000.0,268500000.0,263900000.0,263900000.0
Hologic Inc,HOLX,549300DYP6F5ZJL0LB74,859737,2012.0,Q1,2011-09-25,2011-12-24,2013-02-07 08:03:36+00:00,14842000.0,0.08,0.08,,0.08,,19092000.0,77460000.0,20812000.0,20812000.0,20812000.0,,223341000.0,472711000.0,1992000.0,5122000.0,10441000.0,28342000.0,-91000.0,46495000.0,223341000.0,249370000.0,29509000.0,662000.0,182611000.0,66759000.0,-26855000.0,39904000.0,472711000.0,260200000.0,262717000.0,264958000.0
Hologic Inc,HOLX,549300DYP6F5ZJL0LB74,859737,2012.0,Q1TTM,2010-12-26,2011-12-24,,58680000.0,0.64,0.64,,0.63,,87739000.0,296279000.0,167022000.0,167022000.0,167022000.0,,881672000.0,1829489000.0,-1392000.0,4026000.0,-62525000.0,116481000.0,-213000.0,165605000.0,881672000.0,947817000.0,115446000.0,2115000.0,578333000.0,369484000.0,-114723000.0,254761000.0,1829489000.0,260200000.0,262717000.0,264958000.0
Hologic Inc,HOLX,549300DYP6F5ZJL0LB74,859737,2013.0,Q4,2013-06-30,2013-09-28,,26707000.0,-4.14,-4.14,,-4.14,1117400000.0,9015000.0,76143000.0,-1113814000.0,-1113814000.0,-1113814000.0,,331574000.0,622175000.0,2462000.0,,-529000.0,48670000.0,9705000.0,48576000.0,331574000.0,290601000.0,71723000.0,533000.0,1326672000.0,-1036071000.0,-68728000.0,-1104799000.0,622175000.0,269000000.0,268704000.0,268704000.0
Hologic Inc,HOLX,549300DYP6F5ZJL0LB74,859737,2013.0,FY,2012-09-30,2013-09-28,2014-11-20 07:00:54+00:00,112600000.0,-4.36,-4.36,,-4.36,1117400000.0,-20100000.0,342100000.0,-1172800000.0,-1172800000.0,-1172800000.0,,1330900000.0,2492300000.0,2300000.0,,37400000.0,197600000.0,32800000.0,227700000.0,1330900000.0,1161400000.0,290300000.0,1300000.0,2067600000.0,-906200000.0,-286700000.0,-1192900000.0,2492300000.0,269000000.0,268704000.0,268704000.0
Hologic Inc,HOLX,549300DYP6F5ZJL0LB74,859737,2013.0,Q3YTD,2012-09-30,2013-06-29,,85893000.0,-0.22,-0.22,,-0.22,,-29115000.0,265957000.0,-58986000.0,-58986000.0,-58986000.0,,999326000.0,1870125000.0,-162000.0,,37929000.0,148930000.0,23095000.0,179124000.0,999326000.0,870799000.0,218577000.0,767000.0,740928000.0,129871000.0,-217972000.0,-88101000.0,1870125000.0,275000000.0,269430000.0,269430000.0
Hologic Inc,HOLX,549300DYP6F5ZJL0LB74,859737,2013.0,Q3TTM,2012-06-24,2013-06-29,,110689000.0,-0.52,-0.52,,-0.52,5800000.0,-49385000.0,355890000.0,-136719000.0,-136719000.0,-136719000.0,,1313542000.0,2458621000.0,1841000.0,-48310000.0,126225000.0,200562000.0,39767000.0,268305000.0,1313542000.0,1145079000.0,275216000.0,1120000.0,1058928000.0,86151000.0,-272255000.0,-186104000.0,2458621000.0,275000000.0,269430000.0,269430000.0
Hologic Inc,HOLX,549300DYP6F5ZJL0LB74,859737,2013.0,Q3,2013-03-31,2013-06-29,2014-07-31 07:16:07+00:00,28700000.0,-0.04,-0.04,,-0.04,0.0,4000000.0,82900000.0,-11000000.0,-11000000.0,-11000000.0,,316300000.0,626100000.0,-1200000.0,,22100000.0,47800000.0,6700000.0,60500000.0,316300000.0,309800000.0,67200000.0,300000.0,248700000.0,61100000.0,-68100000.0,-7000000.0,626100000.0,275000000.0,269430000.0,269430000.0
Hologic Inc,HOLX,549300DYP6F5ZJL0LB74,859737,2013.0,Q2YTD,2012-09-30,2013-03-30,,57193000.0,-0.18,-0.18,,-0.18,,-33115000.0,183057000.0,-47986000.0,-47986000.0,-47986000.0,,683026000.0,1244025000.0,1038000.0,,15829000.0,101130000.0,16395000.0,118624000.0,683026000.0,560999000.0,151377000.0,467000.0,492228000.0,68771000.0,-149872000.0,-81101000.0,1244025000.0,269000000.0,268175000.0,268175000.0
Hologic Inc,HOLX,549300DYP6F5ZJL0LB74,859737,2013.0,Q2TTM,2012-03-25,2013-03-30,,97722000.0,-0.39,-0.39,,-0.39,5800000.0,-21972000.0,349358000.0,-102125000.0,-102125000.0,-102125000.0,,1222830000.0,2302749000.0,2419000.0,-48310000.0,106351000.0,178991000.0,33203000.0,251226000.0,1222830000.0,1079919000.0,233609000.0,1515000.0,974341000.0,105578000.0,-229675000.0,-124097000.0,2302749000.0,269000000.0,268175000.0,268175000.0
Hologic Inc,HOLX,549300DYP6F5ZJL0LB74,859737,2013.0,Q2,2012-12-30,2013-03-30,2014-05-02 06:31:35+00:00,28667000.0,-0.19,-0.19,,-0.19,,-22644000.0,88614000.0,-51104000.0,-51104000.0,-51104000.0,,333337000.0,612663000.0,-201000.0,,30187000.0,49621000.0,12462000.0,64233000.0,333337000.0,279326000.0,79296000.0,207000.0,273784000.0,5542000.0,-79290000.0,-73748000.0,612663000.0,269000000.0,268175000.0,268175000.0
Hologic Inc,HOLX,549300DYP6F5ZJL0LB74,859737,2013.0,Q1,2012-09-30,2012-12-29,2014-02-06 07:01:08+00:00,28526000.0,0.01,0.01,,0.01,,-10471000.0,94443000.0,3118000.0,3118000.0,3118000.0,,349689000.0,631362000.0,1239000.0,,-14358000.0,51509000.0,3933000.0,54391000.0,349689000.0,281673000.0,72081000.0,260000.0,218444000.0,63229000.0,-70582000.0,-7353000.0,631362000.0,311800000.0,266344000.0,269379000.0
Hologic Inc,HOLX,549300DYP6F5ZJL0LB74,859737,2013.0,Q1TTM,2011-12-25,2012-12-29,,85684000.0,-0.35,-0.35,,-0.35,5800000.0,-17663000.0,339283000.0,-91294000.0,-91294000.0,-91294000.0,,1134548000.0,2161251000.0,4147000.0,-5122000.0,82301000.0,158667000.0,21524000.0,228396000.0,1134548000.0,1026703000.0,225172000.0,1898000.0,916533000.0,110170000.0,-219127000.0,-108957000.0,2161251000.0,311800000.0,266344000.0,269379000.0
Hologic Inc,HOLX,549300DYP6F5ZJL0LB74,859737,2014.0,FY,2013-09-29,2014-09-27,2016-11-17 06:23:23+00:00,113800000.0,0.06,0.06,,0.06,5600000.0,30800000.0,331700000.0,17300000.0,17300000.0,17300000.0,,1285200000.0,2530700000.0,-4900000.0,,,203200000.0,51700000.0,259800000.0,1285200000.0,1245500000.0,228000000.0,1300000.0,965800000.0,279700000.0,-231600000.0,48100000.0,2530700000.0,288300000.0,275499000.0,278360000.0
Hologic Inc,HOLX,549300DYP6F5ZJL0LB74,859737,2014.0,Q4,2014-06-29,2014-09-27,,28800000.0,0.1,0.1,,0.1,5100000.0,10600000.0,86700000.0,28100000.0,28100000.0,28100000.0,,315600000.0,660600000.0,-1300000.0,,,52100000.0,15100000.0,65200000.0,315600000.0,345000000.0,52600000.0,600000.0,253000000.0,92000000.0,-53300000.0,38700000.0,660600000.0,288300000.0,275499000.0,278360000.0
Hologic Inc,HOLX,549300DYP6F5ZJL0LB74,859737,2014.0,Q3YTD,2013-09-29,2014-06-28,,85000000.0,-0.04,-0.04,,-0.04,500000.0,20200000.0,245000000.0,-10800000.0,-10800000.0,-10800000.0,,969600000.0,1870100000.0,-3600000.0,,,151100000.0,36600000.0,194600000.0,969600000.0,900500000.0,175400000.0,700000.0,712800000.0,187700000.0,-178300000.0,9400000.0,1870100000.0,282500000.0,276843000.0,279205000.0
Hologic Inc,HOLX,549300DYP6F5ZJL0LB74,859737,2014.0,Q3TTM,2013-06-30,2014-06-28,,111707000.0,-4.18,-4.18,,-4.18,1117900000.0,29215000.0,321143000.0,-1124614000.0,-1124614000.0,-1124614000.0,,1301174000.0,2492275000.0,-1138000.0,,-529000.0,199770000.0,46305000.0,243176000.0,1301174000.0,1191101000.0,247123000.0,1233000.0,2039472000.0,-848371000.0,-247028000.0,-1095399000.0,2492275000.0,282500000.0,276843000.0,279205000.0
Hologic Inc,HOLX,549300DYP6F5ZJL0LB74,859737,2014.0,Q3,2014-03-30,2014-06-28,2015-07-29 16:09:19+00:00,29700000.0,0.04,0.04,,0.04,0.0,11300000.0,83000000.0,11300000.0,11300000.0,11300000.0,,319800000.0,632600000.0,-1500000.0,,,52500000.0,6700000.0,64700000.0,319800000.0,312800000.0,52400000.0,300000.0,236600000.0,76200000.0,-53600000.0,22600000.0,632600000.0,282500000.0,276843000.0,279205000.0
Hologic Inc,HOLX,549300DYP6F5ZJL0LB74,859737,2014.0,Q2YTD,2013-09-29,2014-03-29,,55300000.0,-0.08,-0.08,,-0.08,500000.0,8900000.0,162000000.0,-22100000.0,-22100000.0,-22100000.0,,649800000.0,1237500000.0,-2100000.0,,,98600000.0,29900000.0,129900000.0,649800000.0,587700000.0,123000000.0,400000.0,476200000.0,111500000.0,-124700000.0,-13200000.0,1237500000.0,280000000.0,274589000.0,274589000.0
Hologic Inc,HOLX,549300DYP6F5ZJL0LB74,859737,2014.0,Q2TTM,2013-03-31,2014-03-29,,110707000.0,-4.26,-4.26,,-4.26,1117900000.0,21915000.0,321043000.0,-1146914000.0,-1146914000.0,-1146914000.0,,1297674000.0,2485775000.0,-838000.0,,21571000.0,195070000.0,46305000.0,238976000.0,1297674000.0,1188101000.0,261923000.0,1233000.0,2051572000.0,-863471000.0,-261528000.0,-1124999000.0,2485775000.0,280000000.0,274589000.0,274589000.0
Hologic Inc,HOLX,549300DYP6F5ZJL0LB74,859737,2014.0,Q2,2013-12-29,2014-03-29,2015-04-30 08:06:54+00:00,29100000.0,-0.06,-0.06,,-0.06,500000.0,5000000.0,78700000.0,-16800000.0,-16800000.0,-16800000.0,,342900000.0,625000000.0,-3300000.0,,,49900000.0,11600000.0,62100000.0,342900000.0,282100000.0,58800000.0,100000.0,231900000.0,50200000.0,-62000000.0,-11800000.0,625000000.0,280000000.0,274589000.0,274589000.0
Hologic Inc,HOLX,549300DYP6F5ZJL0LB74,859737,2014.0,Q1TTM,2012-12-30,2013-12-28,,110274000.0,-4.39,-4.39,,-4.39,1117400000.0,-5729000.0,330957000.0,-1181218000.0,-1181218000.0,-1181218000.0,,1288111000.0,2473438000.0,2261000.0,,51758000.0,194791000.0,47167000.0,241109000.0,1288111000.0,1185327000.0,282419000.0,1340000.0,2093456000.0,-908129000.0,-278818000.0,-1186947000.0,2473438000.0,265000000.0,272708000.0,272708000.0
Hologic Inc,HOLX,549300DYP6F5ZJL0LB74,859737,2014.0,Q1,2013-09-29,2013-12-28,2015-01-29 07:57:46+00:00,26200000.0,-0.02,-0.02,,-0.02,,3900000.0,83300000.0,-5300000.0,-5300000.0,-5300000.0,,306900000.0,612500000.0,1200000.0,,,48700000.0,18300000.0,67800000.0,306900000.0,305600000.0,64200000.0,300000.0,244300000.0,61300000.0,-62700000.0,-1400000.0,612500000.0,265000000.0,272708000.0,272708000.0
Hologic Inc,HOLX,549300DYP6F5ZJL0LB74,859737,2015.0,FY,2014-09-28,2015-09-26,2017-11-21 08:54:05+00:00,110200000.0,0.47,0.47,,0.45,,45600000.0,363000000.0,131600000.0,131600000.0,131600000.0,,1272300000.0,2705000000.0,-11000000.0,,0.0,214900000.0,28500000.0,261000000.0,1272300000.0,1432700000.0,268200000.0,1300000.0,977600000.0,455100000.0,-277900000.0,177200000.0,2705000000.0,280000000.0,280566000.0,289537000.0
Hologic Inc,HOLX,549300DYP6F5ZJL0LB74,859737,2015.0,Q4,2015-06-28,2015-09-26,,27400000.0,0.1,0.1,,0.08,,400000.0,99700000.0,25200000.0,25200000.0,25200000.0,,323400000.0,702800000.0,-11500000.0,,,53600000.0,6600000.0,66300000.0,323400000.0,379400000.0,89000000.0,300000.0,253600000.0,125800000.0,-100200000.0,25600000.0,702800000.0,280000000.0,280566000.0,289537000.0
Hologic Inc,HOLX,549300DYP6F5ZJL0LB74,859737,2015.0,Q3,2015-03-29,2015-06-27,2016-07-27 16:05:58+00:00,27400000.0,0.1,0.1,,0.1,,17300000.0,94300000.0,29400000.0,29400000.0,29400000.0,,315200000.0,693900000.0,1000000.0,,,56000000.0,11900000.0,73100000.0,315200000.0,378700000.0,70600000.0,300000.0,262700000.0,116000000.0,-69300000.0,46700000.0,693900000.0,294000000.0,281184000.0,292612000.0
Hologic Inc,HOLX,549300DYP6F5ZJL0LB74,859737,2015.0,Q3YTD,2014-09-28,2015-06-27,,82800000.0,0.37,0.37,,0.37,,45200000.0,263300000.0,106400000.0,106400000.0,106400000.0,,948900000.0,2002200000.0,500000.0,,,161300000.0,21900000.0,194700000.0,948900000.0,1053300000.0,179200000.0,1000000.0,724000000.0,329300000.0,-177700000.0,151600000.0,2002200000.0,294000000.0,281184000.0,292612000.0
Hologic Inc,HOLX,549300DYP6F5ZJL0LB74,859737,2015.0,Q3TTM,2014-06-29,2015-06-27,,111600000.0,0.47,0.47,,0.47,5100000.0,55800000.0,350000000.0,134500000.0,134500000.0,134500000.0,,1264500000.0,2662800000.0,-800000.0,,,213400000.0,37000000.0,259900000.0,1264500000.0,1398300000.0,231800000.0,1600000.0,977000000.0,421300000.0,-231000000.0,190300000.0,2662800000.0,294000000.0,281184000.0,292612000.0
Hologic Inc,HOLX,549300DYP6F5ZJL0LB74,859737,2015.0,Q2,2014-12-28,2015-03-28,2016-04-27 16:07:56+00:00,27600000.0,0.17,0.17,,0.17,,13000000.0,83000000.0,47800000.0,47800000.0,47800000.0,,319500000.0,655500000.0,100000.0,,,53300000.0,2000000.0,60300000.0,319500000.0,336000000.0,49400000.0,300000.0,226200000.0,109800000.0,-49000000.0,60800000.0,655500000.0,281200000.0,280338000.0,287580000.0
Hologic Inc,HOLX,549300DYP6F5ZJL0LB74,859737,2015.0,Q2YTD,2014-09-28,2015-03-28,,55400000.0,0.27,0.27,,0.27,,27900000.0,169000000.0,77000000.0,77000000.0,77000000.0,,633700000.0,1308300000.0,-500000.0,,,105300000.0,10000000.0,121600000.0,633700000.0,674600000.0,108600000.0,700000.0,461300000.0,213300000.0,-108400000.0,104900000.0,1308300000.0,281200000.0,280338000.0,287580000.0
Hologic Inc,HOLX,549300DYP6F5ZJL0LB74,859737,2015.0,Q2TTM,2014-03-30,2015-03-28,,113900000.0,0.41,0.41,,0.41,5100000.0,49800000.0,338700000.0,116400000.0,116400000.0,116400000.0,,1269100000.0,2601500000.0,-3300000.0,,,209900000.0,31800000.0,251500000.0,1269100000.0,1332400000.0,213600000.0,1600000.0,950900000.0,381500000.0,-215300000.0,166200000.0,2601500000.0,281200000.0,280338000.0,287580000.0
Hologic Inc,HOLX,549300DYP6F5ZJL0LB74,859737,2015.0,Q1,2014-09-28,2014-12-27,2016-01-27 16:06:33+00:00,27800000.0,0.1,0.1,,0.1,,14900000.0,86000000.0,29200000.0,29200000.0,29200000.0,,314200000.0,652800000.0,-600000.0,,,52000000.0,8000000.0,61300000.0,314200000.0,338600000.0,59200000.0,400000.0,235100000.0,103500000.0,-59400000.0,44100000.0,652800000.0,292000000.0,278671000.0,283176000.0
Hologic Inc,HOLX,549300DYP6F5ZJL0LB74,859737,2015.0,Q1TTM,2013-12-29,2014-12-27,,115400000.0,0.18,0.18,,0.18,5600000.0,41800000.0,334400000.0,51800000.0,51800000.0,51800000.0,,1292500000.0,2571000000.0,-6700000.0,,,206500000.0,41400000.0,253300000.0,1292500000.0,1278500000.0,223000000.0,1400000.0,956600000.0,321900000.0,-228300000.0,93600000.0,2571000000.0,292000000.0,278671000.0,283176000.0
Hologic Inc,HOLX,549300DYP6F5ZJL0LB74,859737,2016.0,Q3,2016-03-27,2016-06-25,2017-08-02 16:10:59+00:00,21900000.0,0.31,0.31,,0.3,,16300000.0,109000000.0,84800000.0,84800000.0,84800000.0,,324300000.0,717400000.0,600000.0,,0.0,58800000.0,1500000.0,62500000.0,324300000.0,393100000.0,39100000.0,200000.0,253700000.0,139400000.0,-38300000.0,101100000.0,717400000.0,273500000.0,277853000.0,282302000.0
Hologic Inc,HOLX,549300DYP6F5ZJL0LB74,859737,2016.0,Q3YTD,2015-09-27,2016-06-25,,67300000.0,0.85,0.85,,0.83,,69100000.0,309200000.0,238600000.0,238600000.0,238600000.0,,948700000.0,2105900000.0,27400000.0,,,169600000.0,7600000.0,201900000.0,948700000.0,1157200000.0,121900000.0,600000.0,755600000.0,401600000.0,-93900000.0,307700000.0,2105900000.0,273500000.0,277853000.0,282302000.0
Hologic Inc,HOLX,549300DYP6F5ZJL0LB74,859737,2016.0,Q3TTM,2015-06-28,2016-06-25,,94700000.0,0.95,0.95,,0.91,,69500000.0,408900000.0,263800000.0,263800000.0,263800000.0,,1272100000.0,2808700000.0,15900000.0,,,223200000.0,14200000.0,268200000.0,1272100000.0,1536600000.0,210900000.0,900000.0,1009200000.0,527400000.0,-194100000.0,333300000.0,2808700000.0,273500000.0,277853000.0,282302000.0
Hologic Inc,HOLX,549300DYP6F5ZJL0LB74,859737,2016.0,Q2,2015-12-27,2016-03-26,2017-05-10 16:36:46+00:00,22800000.0,0.24,0.24,,0.24,,23000000.0,100800000.0,68900000.0,68900000.0,68900000.0,,308300000.0,693300000.0,-800000.0,,0.0,59100000.0,3800000.0,62400000.0,308300000.0,385000000.0,43600000.0,200000.0,248900000.0,136100000.0,-44200000.0,91900000.0,693300000.0,287100000.0,282474000.0,287857000.0
Hologic Inc,HOLX,549300DYP6F5ZJL0LB74,859737,2016.0,Q2YTD,2015-09-27,2016-03-26,,45400000.0,0.54,0.54,,0.53,,52800000.0,200200000.0,153800000.0,153800000.0,153800000.0,,624400000.0,1388500000.0,26800000.0,,,110800000.0,6100000.0,139400000.0,624400000.0,764100000.0,82800000.0,400000.0,501900000.0,262200000.0,-55600000.0,206600000.0,1388500000.0,287100000.0,282474000.0,287857000.0
Hologic Inc,HOLX,549300DYP6F5ZJL0LB74,859737,2016.0,Q2TTM,2015-03-29,2016-03-26,,100200000.0,0.74,0.74,,0.71,,70500000.0,394200000.0,208400000.0,208400000.0,208400000.0,,1263000000.0,2785200000.0,16300000.0,,,220400000.0,24600000.0,278800000.0,1263000000.0,1522200000.0,242400000.0,1000000.0,1018200000.0,504000000.0,-225100000.0,278900000.0,2785200000.0,287100000.0,282474000.0,287857000.0
Hologic Inc,HOLX,549300DYP6F5ZJL0LB74,859737,2016.0,Q1,2015-09-27,2015-12-26,2017-02-03 07:01:21+00:00,22600000.0,0.3,0.3,,0.29,,29800000.0,99400000.0,84900000.0,84900000.0,84900000.0,,316100000.0,695200000.0,27600000.0,,,51700000.0,2300000.0,77000000.0,316100000.0,379100000.0,39200000.0,200000.0,253000000.0,126100000.0,-11400000.0,114700000.0,695200000.0,283000000.0,282976000.0,291971000.0
Hologic Inc,HOLX,549300DYP6F5ZJL0LB74,859737,2016.0,Q1TTM,2014-12-28,2015-12-26,,105000000.0,0.67,0.67,,0.64,,60500000.0,376400000.0,187300000.0,187300000.0,187300000.0,,1274200000.0,2747400000.0,17200000.0,,,214600000.0,22800000.0,276700000.0,1274200000.0,1473200000.0,248200000.0,1100000.0,995500000.0,477700000.0,-229900000.0,247800000.0,2747400000.0,283000000.0,282976000.0,291971000.0
Hologic Inc,HOLX,549300DYP6F5ZJL0LB74,859737,2017.0,Q3,2017-04-02,2017-07-01,2018-07-31 16:12:45+00:00,15200000.0,0.21,0.21,,0.21,0.0,15000000.0,145400000.0,59500000.0,59500000.0,59500000.0,,396500000.0,806100000.0,100000.0,,0.0,62500000.0,6000000.0,65500000.0,396500000.0,409600000.0,41700000.0,1100000.0,294600000.0,115000000.0,-40500000.0,74500000.0,806100000.0,283300000.0,280824000.0,287638000.0
Hologic Inc,HOLX,549300DYP6F5ZJL0LB74,859737,2017.0,Q3YTD,2016-09-25,2017-07-01,,47400000.0,2.4,2.4,,2.35,,485400000.0,358800000.0,672800000.0,672800000.0,672800000.0,,1052800000.0,2255900000.0,13700000.0,,-899700000.0,172300000.0,10800000.0,252700000.0,1052800000.0,1203100000.0,119600000.0,3300000.0,-57700000.0,1260800000.0,-102600000.0,1158200000.0,2255900000.0,283300000.0,280824000.0,287638000.0
Hologic Inc,HOLX,549300DYP6F5ZJL0LB74,859737,2017.0,Q2,2017-01-01,2017-04-01,2018-05-02 16:13:12+00:00,10800000.0,1.88,1.88,,1.84,0.0,440800000.0,103400000.0,526800000.0,526800000.0,526800000.0,,326700000.0,715400000.0,3400000.0,,-899700000.0,55400000.0,1600000.0,117400000.0,326700000.0,388700000.0,37500000.0,1900000.0,-611100000.0,999800000.0,-32200000.0,967600000.0,715400000.0,280200000.0,280215000.0,286010000.0
Hologic Inc,HOLX,549300DYP6F5ZJL0LB74,859737,2017.0,Q2YTD,2016-09-25,2017-04-01,,32200000.0,2.19,2.19,,2.14,,470400000.0,213400000.0,613300000.0,613300000.0,613300000.0,,656300000.0,1449800000.0,13600000.0,,-899700000.0,109800000.0,4800000.0,187200000.0,656300000.0,793500000.0,77900000.0,2200000.0,-352300000.0,1145800000.0,-62100000.0,1083700000.0,1449800000.0,280200000.0,280215000.0,286010000.0
Hologic Inc,HOLX,549300DYP6F5ZJL0LB74,859737,2017.0,Q1,2016-09-25,2016-12-31,2018-02-08 16:23:00+00:00,21400000.0,0.31,0.31,,0.3,,29600000.0,110000000.0,86500000.0,86500000.0,86500000.0,,329600000.0,734400000.0,10200000.0,,,54400000.0,3200000.0,69800000.0,329600000.0,404800000.0,40400000.0,300000.0,258800000.0,146000000.0,-29900000.0,116100000.0,734400000.0,279000000.0,278663000.0,284224000.0
Hologic Inc,HOLX,549300DYP6F5ZJL0LB74,859737,2018.0,Q3,2018-04-01,2018-06-30,2019-07-31 16:21:47+00:00,15300000.0,0.41,0.41,,0.41,0.0,-7600000.0,141100000.0,112900000.0,112900000.0,112900000.0,,388000000.0,824000000.0,5200000.0,,,54400000.0,5800000.0,86300000.0,388000000.0,436000000.0,34500000.0,1500000.0,302900000.0,133100000.0,-27800000.0,105300000.0,824000000.0,275400000.0,273729000.0,275569000.0
Hologic Inc,HOLX,549300DYP6F5ZJL0LB74,859737,2018.0,Q3YTD,2017-10-01,2018-06-30,,44400000.0,-0.58,-0.58,,-0.6,731700000.0,-328100000.0,411100000.0,-161800000.0,-161800000.0,-161800000.0,,1128800000.0,2404400000.0,3000000.0,,,166000000.0,11400000.0,248000000.0,1128800000.0,1275600000.0,160300000.0,4400000.0,1612600000.0,-337000000.0,-152900000.0,-489900000.0,2404400000.0,275400000.0,273729000.0,275569000.0
Hologic Inc,HOLX,549300DYP6F5ZJL0LB74,859737,2018.0,Q2,2017-12-31,2018-03-31,2019-05-01 16:20:18+00:00,14700000.0,-2.46,-2.46,,-2.46,731700000.0,-9600000.0,130500000.0,-681400000.0,-681400000.0,-681400000.0,,374200000.0,789300000.0,-5100000.0,,,56800000.0,1800000.0,83800000.0,374200000.0,415100000.0,83800000.0,2100000.0,1019300000.0,-604200000.0,-86800000.0,-691000000.0,789300000.0,277000000.0,277114000.0,277114000.0
Hologic Inc,HOLX,549300DYP6F5ZJL0LB74,859737,2018.0,Q2YTD,2017-10-01,2018-03-31,,29100000.0,-0.99,-0.99,,-1.01,731700000.0,-320500000.0,270000000.0,-274700000.0,-274700000.0,-274700000.0,,740800000.0,1580400000.0,-2200000.0,,,111600000.0,5600000.0,161700000.0,740800000.0,839600000.0,125800000.0,2900000.0,1309700000.0,-470100000.0,-125100000.0,-595200000.0,1580400000.0,277000000.0,277114000.0,277114000.0
Hologic Inc,HOLX,549300DYP6F5ZJL0LB74,859737,2018.0,Q1,2017-10-01,2017-12-30,2019-01-30 16:12:10+00:00,14400000.0,1.47,1.47,,1.45,,-310900000.0,139500000.0,406700000.0,406700000.0,406700000.0,,366600000.0,791100000.0,2900000.0,,,54800000.0,3800000.0,77900000.0,366600000.0,424500000.0,42000000.0,800000.0,290400000.0,134100000.0,-38300000.0,95800000.0,791100000.0,276700000.0,276856000.0,280802000.0
Hologic Inc,HOLX,549300DYP6F5ZJL0LB74,859737,2019.0,Q3YTD,2018-09-30,2019-06-29,,40100000.0,-0.3,-0.3,,-0.3,69200000.0,-55000000.0,423100000.0,-80100000.0,-80100000.0,-80100000.0,,1580200000.0,2501500000.0,5800000.0,,,171900000.0,6000000.0,248400000.0,1580200000.0,921300000.0,106800000.0,3300000.0,958700000.0,-37400000.0,-97700000.0,-135100000.0,2501500000.0,268300000.0,268932000.0,270789000.0
Hologic Inc,HOLX,549300DYP6F5ZJL0LB74,859737,2019.0,Q3,2019-03-31,2019-06-29,2019-07-31 16:21:47+00:00,11900000.0,0.35,0.35,,0.35,0.0,20400000.0,143600000.0,93900000.0,93900000.0,93900000.0,,407600000.0,852400000.0,2900000.0,,,61400000.0,2700000.0,79900000.0,407600000.0,444800000.0,35100000.0,1200000.0,299500000.0,145300000.0,-31000000.0,114300000.0,852400000.0,268300000.0,268932000.0,270789000.0
Hologic Inc,HOLX,549300DYP6F5ZJL0LB74,859737,2019.0,Q2,2018-12-30,2019-03-30,2020-04-29 16:11:28+00:00,14100000.0,-1.01,-1.01,,-1.01,69200000.0,-81100000.0,133500000.0,-272600000.0,-272600000.0,-272600000.0,,776000000.0,818400000.0,3500000.0,,,57300000.0,1600000.0,89900000.0,776000000.0,42400000.0,34800000.0,800000.0,365600000.0,-323200000.0,-30500000.0,-353700000.0,818400000.0,269900000.0,269235000.0,269235000.0
Hologic Inc,HOLX,549300DYP6F5ZJL0LB74,859737,2019.0,Q2YTD,2018-09-30,2019-03-30,,28200000.0,-0.65,-0.65,,-0.65,69200000.0,-75400000.0,279500000.0,-174000000.0,-174000000.0,-174000000.0,,1172600000.0,1649100000.0,2900000.0,,,110500000.0,3300000.0,168500000.0,1172600000.0,476500000.0,71700000.0,2100000.0,659200000.0,-182700000.0,-66700000.0,-249400000.0,1649100000.0,269900000.0,269235000.0,269235000.0
Hologic Inc,HOLX,549300DYP6F5ZJL0LB74,859737,2019.0,Q1,2018-09-30,2018-12-29,2020-01-29 16:12:16+00:00,14100000.0,0.36,0.36,,0.36,0.0,5700000.0,146000000.0,98600000.0,98600000.0,98600000.0,0.0,396600000.0,830700000.0,-600000.0,,,53200000.0,1700000.0,78600000.0,396600000.0,434100000.0,36900000.0,1300000.0,293600000.0,140500000.0,-36200000.0,104300000.0,830700000.0,273900000.0,270590000.0,272372000.0
Hologic Inc,HOLX,549300DYP6F5ZJL0LB74,859737,2020.0,Q2YTD,2019-09-29,2020-03-28,,19200000.0,1.81,1.81,,1.79,4400000.0,-264300000.0,255500000.0,480600000.0,480600000.0,482400000.0,-1800000.0,777000000.0,1606600000.0,-4200000.0,,,110500000.0,3800000.0,155000000.0,777000000.0,829600000.0,64100000.0,3400000.0,548400000.0,281200000.0,-64900000.0,216300000.0,1606600000.0,260300000.0,263238000.0,264506000.0
Hologic Inc,HOLX,549300DYP6F5ZJL0LB74,859737,2020.0,Q2,2019-12-29,2020-03-28,2020-04-29 16:11:28+00:00,10100000.0,0.37,0.37,,0.36,0.0,24100000.0,110600000.0,94800000.0,94800000.0,96300000.0,-1500000.0,360300000.0,756100000.0,-7500000.0,,,49300000.0,2900000.0,66500000.0,360300000.0,395800000.0,31300000.0,1300000.0,239400000.0,156400000.0,-37500000.0,118900000.0,756100000.0,260300000.0,263238000.0,264506000.0
Hologic Inc,HOLX,549300DYP6F5ZJL0LB74,859737,2020.0,Q1,2019-09-29,2019-12-28,2020-01-29 16:12:16+00:00,9100000.0,1.44,1.44,,1.43,4400000.0,-288400000.0,144900000.0,385800000.0,385800000.0,386100000.0,-300000.0,416700000.0,850500000.0,3300000.0,,,61200000.0,900000.0,88500000.0,416700000.0,433800000.0,32800000.0,2100000.0,309000000.0,124800000.0,-27400000.0,97400000.0,850500000.0,268100000.0,267893000.0,269721000.0
