company_name,company_ticker,company_lei,company_cik,year,quarter,start_date,end_date,filing_date,basicdilutedeps,basiceps,depreciationexpense,dilutedeps,incometaxexpense,marketingexpense,netincome,netincomecontinuing,netincomediscontinued,netincometocommon,operatingcostofrevenue,operatingrevenue,otherincome,otheroperatingexpenses,rdexpense,restructuringcharge,sgaexpense,totalcostofrevenue,totalgrossprofit,totalinterestexpense,totalinterestincome,totaloperatingexpenses,totaloperatingincome,totalotherincome,totalpretaxincome,totalrevenue,weightedavebasicdilutedsharesos,weightedavebasicsharesos,weightedavedilutedsharesos
Take-Two Interactive Software Inc,TTWO,BOMSTHHJK882EWYX3334,946581,2008.0,FY,2007-11-01,2008-10-31,2011-05-24 19:55:19+00:00,1.26,1.26,21322000.0,1.25,13271000.0,154396000.0,97097000.0,94484000.0,2613000.0,97097000.0,709719000.0,1231106000.0,-3279000.0,4478000.0,63929000.0,,166228000.0,709719000.0,521387000.0,,,410353000.0,111034000.0,-3279000.0,107755000.0,1231106000.0,77100000.0,77100000.0,77700000.0
Take-Two Interactive Software Inc,TTWO,BOMSTHHJK882EWYX3334,946581,2009.0,FY,2008-11-01,2009-10-31,2012-05-22 19:30:20+00:00,-1.83,-1.83,17574000.0,-1.83,4487000.0,141962000.0,-140454000.0,-130437000.0,-10017000.0,-140454000.0,467576000.0,701057000.0,-5771000.0,,63748000.0,,130376000.0,467576000.0,233481000.0,,,353660000.0,-120179000.0,-5771000.0,-125950000.0,701057000.0,76800000.0,76800000.0,76800000.0
Take-Two Interactive Software Inc,TTWO,BOMSTHHJK882EWYX3334,946581,2009.0,Q3,2009-05-01,2009-07-31,2010-09-03 07:05:45+00:00,-0.73,-0.73,4218000.0,-0.73,1563000.0,23686000.0,-56465000.0,-58317000.0,1852000.0,-56465000.0,76939000.0,94929000.0,-4160000.0,,13886000.0,,28794000.0,76939000.0,17990000.0,,,70584000.0,-52594000.0,-4160000.0,-56754000.0,94929000.0,77300000.0,77300000.0,77300000.0
Take-Two Interactive Software Inc,TTWO,BOMSTHHJK882EWYX3334,946581,2010.0,FY,2009-04-01,2010-03-31,2012-05-22 19:30:20+00:00,-1.58,-1.58,16403000.0,-1.58,13145000.0,154519000.0,-122995000.0,-108060000.0,-14935000.0,-122995000.0,494579000.0,762941000.0,-18794000.0,,57888000.0,,115673000.0,494579000.0,268362000.0,,,344483000.0,-76121000.0,-18794000.0,-94915000.0,762941000.0,77800000.0,77800000.0,77800000.0
Take-Two Interactive Software Inc,TTWO,BOMSTHHJK882EWYX3334,946581,2010.0,Q3,2009-10-01,2009-12-31,2011-02-09 06:15:04+00:00,0.45,0.45,4140000.0,0.43,1481000.0,61966000.0,37920000.0,39350000.0,-1430000.0,37920000.0,203738000.0,360364000.0,-3631000.0,,15663000.0,,30395000.0,203738000.0,156626000.0,,,112164000.0,44462000.0,-3631000.0,40831000.0,360364000.0,84300000.0,84300000.0,88200000.0
Take-Two Interactive Software Inc,TTWO,BOMSTHHJK882EWYX3334,946581,2011.0,Q4,2011-01-01,2011-03-31,,-0.26,-0.26,3728000.0,-0.23,-668000.0,32026000.0,-22054000.0,-22416000.0,362000.0,-22054000.0,120043000.0,182255000.0,-3124000.0,,17248000.0,,29170000.0,120043000.0,62212000.0,,,82172000.0,-19960000.0,-3124000.0,-23084000.0,182255000.0,86500000.0,86500000.0,86500000.0
Take-Two Interactive Software Inc,TTWO,BOMSTHHJK882EWYX3334,946581,2011.0,FY,2010-04-01,2011-03-31,2013-05-13 19:49:41+00:00,0.56,0.56,14999000.0,0.56,9819000.0,176294000.0,48458000.0,53804000.0,-5346000.0,48458000.0,689381000.0,1136876000.0,-13519000.0,,69576000.0,,109484000.0,689381000.0,447495000.0,,,370353000.0,77142000.0,-13519000.0,63623000.0,1136876000.0,86500000.0,86500000.0,86500000.0
Take-Two Interactive Software Inc,TTWO,BOMSTHHJK882EWYX3334,946581,2011.0,Q3YTD,2010-04-01,2010-12-31,,0.82,0.82,11271000.0,0.79,10487000.0,144268000.0,70512000.0,76220000.0,-5708000.0,70512000.0,569338000.0,954621000.0,-10395000.0,,52328000.0,,80314000.0,569338000.0,385283000.0,,,288181000.0,97102000.0,-10395000.0,86707000.0,954621000.0,86900000.0,86900000.0,90800000.0
Take-Two Interactive Software Inc,TTWO,BOMSTHHJK882EWYX3334,946581,2011.0,Q3,2010-10-01,2010-12-31,2012-02-03 06:01:36+00:00,0.47,0.47,3501000.0,0.45,3849000.0,47861000.0,40859000.0,40820000.0,39000.0,40859000.0,188650000.0,334259000.0,-4013000.0,,18073000.0,,27492000.0,188650000.0,145609000.0,,,96927000.0,48682000.0,-4013000.0,44669000.0,334259000.0,86900000.0,86900000.0,90800000.0
Take-Two Interactive Software Inc,TTWO,BOMSTHHJK882EWYX3334,946581,2011.0,Q2YTD,2010-04-01,2010-09-30,,0.35,0.35,7770000.0,0.34,6638000.0,96407000.0,29653000.0,35400000.0,-5747000.0,29653000.0,380688000.0,620362000.0,-6382000.0,,34255000.0,,52822000.0,380688000.0,239674000.0,,,191254000.0,48420000.0,-6382000.0,42038000.0,620362000.0,83500000.0,83500000.0,83500000.0
Take-Two Interactive Software Inc,TTWO,BOMSTHHJK882EWYX3334,946581,2011.0,Q2,2010-07-01,2010-09-30,2011-11-08 17:03:49+00:00,0.04,0.04,4005000.0,0.04,3347000.0,46602000.0,3339000.0,8038000.0,-4699000.0,3339000.0,136642000.0,244972000.0,-1644000.0,,18074000.0,,26620000.0,136642000.0,108330000.0,,,95301000.0,13029000.0,-1644000.0,11385000.0,244972000.0,83500000.0,83500000.0,83500000.0
Take-Two Interactive Software Inc,TTWO,BOMSTHHJK882EWYX3334,946581,2011.0,Q1,2010-04-01,2010-06-30,2011-08-09 06:11:18+00:00,0.31,0.31,3765000.0,0.3,3291000.0,49805000.0,26314000.0,27362000.0,-1048000.0,26314000.0,244046000.0,375390000.0,-4738000.0,,16181000.0,,26202000.0,244046000.0,131344000.0,,,95953000.0,35391000.0,-4738000.0,30653000.0,375390000.0,84900000.0,84900000.0,87700000.0
Take-Two Interactive Software Inc,TTWO,BOMSTHHJK882EWYX3334,946581,2012.0,Q4,2012-01-01,2012-03-31,,-0.79,-0.79,2740000.0,-0.79,-505000.0,40065000.0,-66836000.0,-66005000.0,-831000.0,-66836000.0,116466000.0,148084000.0,-5368000.0,,14822000.0,,35133000.0,116466000.0,31618000.0,,,92760000.0,-61142000.0,-5368000.0,-66510000.0,148084000.0,83100000.0,83100000.0,83100000.0
Take-Two Interactive Software Inc,TTWO,BOMSTHHJK882EWYX3334,946581,2012.0,FY,2011-04-01,2012-03-31,2014-05-13 19:07:23+00:00,-1.31,-1.31,12123000.0,-1.31,3863000.0,183749000.0,-108816000.0,-107700000.0,-1116000.0,-108816000.0,528855000.0,825823000.0,-19571000.0,,64162000.0,,121200000.0,528855000.0,296968000.0,,,381234000.0,-84266000.0,-19571000.0,-103837000.0,825823000.0,83100000.0,83100000.0,83100000.0
Take-Two Interactive Software Inc,TTWO,BOMSTHHJK882EWYX3334,946581,2012.0,Q3YTD,2011-04-01,2011-12-31,,-0.52,-0.52,9383000.0,-0.52,4368000.0,143684000.0,-41980000.0,-41695000.0,-285000.0,-41980000.0,412389000.0,677739000.0,-14203000.0,,49340000.0,,86067000.0,412389000.0,265350000.0,,,288474000.0,-23124000.0,-14203000.0,-37327000.0,677739000.0,88200000.0,88200000.0,88200000.0
Take-Two Interactive Software Inc,TTWO,BOMSTHHJK882EWYX3334,946581,2012.0,Q3TTM,2011-01-01,2011-12-31,,-0.78,-0.78,13111000.0,-0.75,3700000.0,175710000.0,-64034000.0,-64111000.0,77000.0,-64034000.0,532432000.0,859994000.0,-17327000.0,,66588000.0,,115237000.0,532432000.0,327562000.0,,,370646000.0,-43084000.0,-17327000.0,-60411000.0,859994000.0,88200000.0,88200000.0,88200000.0
Take-Two Interactive Software Inc,TTWO,BOMSTHHJK882EWYX3334,946581,2012.0,Q3,2011-10-01,2011-12-31,2013-02-05 18:24:24+00:00,0.16,0.16,2854000.0,0.16,-127000.0,40228000.0,14104000.0,14185000.0,-81000.0,14104000.0,126467000.0,236325000.0,-6190000.0,,16823000.0,,29705000.0,126467000.0,109858000.0,,,89610000.0,20248000.0,-6190000.0,14058000.0,236325000.0,88200000.0,88200000.0,88200000.0
Take-Two Interactive Software Inc,TTWO,BOMSTHHJK882EWYX3334,946581,2012.0,Q2YTD,2011-04-01,2011-09-30,,-0.68,-0.68,6529000.0,-0.68,4495000.0,103456000.0,-56084000.0,-55880000.0,-204000.0,-56084000.0,285922000.0,441414000.0,-8013000.0,,32517000.0,,56362000.0,285922000.0,155492000.0,,,198864000.0,-43372000.0,-8013000.0,-51385000.0,441414000.0,83100000.0,83100000.0,83100000.0
Take-Two Interactive Software Inc,TTWO,BOMSTHHJK882EWYX3334,946581,2012.0,Q2TTM,2010-10-01,2011-09-30,,-0.47,-0.47,13758000.0,-0.46,7676000.0,183343000.0,-37279000.0,-37476000.0,197000.0,-37279000.0,594615000.0,957928000.0,-15150000.0,,67838000.0,,113024000.0,594615000.0,363313000.0,,,377963000.0,-14650000.0,-15150000.0,-29800000.0,957928000.0,83100000.0,83100000.0,83100000.0
Take-Two Interactive Software Inc,TTWO,BOMSTHHJK882EWYX3334,946581,2012.0,Q2,2011-07-01,2011-09-30,2012-10-31 07:59:33+00:00,-0.57,-0.57,3284000.0,-0.57,1419000.0,28773000.0,-47371000.0,-47261000.0,-110000.0,-47371000.0,74703000.0,107034000.0,-4333000.0,,15998000.0,,25785000.0,74703000.0,32331000.0,,,73840000.0,-41509000.0,-4333000.0,-45842000.0,107034000.0,83100000.0,83100000.0,83100000.0
Take-Two Interactive Software Inc,TTWO,BOMSTHHJK882EWYX3334,946581,2012.0,Q1TTM,2010-07-01,2011-06-30,,0.14,0.14,14479000.0,0.15,9604000.0,201172000.0,13431000.0,17823000.0,-4392000.0,13431000.0,656554000.0,1095866000.0,-12461000.0,,69914000.0,,113859000.0,656554000.0,439312000.0,,,399424000.0,39888000.0,-12461000.0,27427000.0,1095866000.0,79200000.0,79200000.0,79200000.0
Take-Two Interactive Software Inc,TTWO,BOMSTHHJK882EWYX3334,946581,2012.0,Q1,2011-04-01,2011-06-30,2012-07-31 18:09:12+00:00,-0.11,-0.11,3245000.0,-0.11,3076000.0,74683000.0,-8713000.0,-8619000.0,-94000.0,-8713000.0,211219000.0,334380000.0,-3680000.0,,16519000.0,,30577000.0,211219000.0,123161000.0,,,125024000.0,-1863000.0,-3680000.0,-5543000.0,334380000.0,79200000.0,79200000.0,79200000.0
Take-Two Interactive Software Inc,TTWO,BOMSTHHJK882EWYX3334,946581,2013.0,Q4,2013-01-01,2013-03-31,,0.35,0.35,2806000.0,0.45,103000.0,51747000.0,22473000.0,21170000.0,1303000.0,22473000.0,154320000.0,299487000.0,-7789000.0,,21183000.0,,40369000.0,154320000.0,145167000.0,,,116105000.0,29062000.0,-7789000.0,21273000.0,299487000.0,86700000.0,86700000.0,86700000.0
Take-Two Interactive Software Inc,TTWO,BOMSTHHJK882EWYX3334,946581,2013.0,FY,2012-04-01,2013-03-31,2015-05-21 20:45:45+00:00,-0.34,-0.34,10634000.0,-0.34,5050000.0,257329000.0,-29491000.0,-31162000.0,1671000.0,-29491000.0,715837000.0,1214483000.0,-31351000.0,,78184000.0,,147260000.0,715837000.0,498646000.0,,,493407000.0,5239000.0,-31351000.0,-26112000.0,1214483000.0,86700000.0,86700000.0,86700000.0
Take-Two Interactive Software Inc,TTWO,BOMSTHHJK882EWYX3334,946581,2013.0,Q3YTD,2012-04-01,2012-12-31,,-0.69,-0.69,7828000.0,-0.79,4947000.0,205582000.0,-51964000.0,-52332000.0,368000.0,-51964000.0,561517000.0,914996000.0,-23562000.0,,57001000.0,,106891000.0,561517000.0,353479000.0,,,377302000.0,-23823000.0,-23562000.0,-47385000.0,914996000.0,93900000.0,93900000.0,108100000.0
Take-Two Interactive Software Inc,TTWO,BOMSTHHJK882EWYX3334,946581,2013.0,Q3TTM,2012-01-01,2012-12-31,,-1.48,-1.48,10568000.0,-1.58,4442000.0,245647000.0,-118800000.0,-118337000.0,-463000.0,-118800000.0,677983000.0,1063080000.0,-28930000.0,,71823000.0,,142024000.0,677983000.0,385097000.0,,,470062000.0,-84965000.0,-28930000.0,-113895000.0,1063080000.0,93900000.0,93900000.0,108100000.0
Take-Two Interactive Software Inc,TTWO,BOMSTHHJK882EWYX3334,946581,2013.0,Q3,2012-10-01,2012-12-31,2014-02-03 19:12:49+00:00,0.76,0.76,2509000.0,0.66,2021000.0,60724000.0,71365000.0,70877000.0,488000.0,71365000.0,216299000.0,415773000.0,-8094000.0,,22369000.0,,32880000.0,216299000.0,199474000.0,,,118482000.0,80992000.0,-8094000.0,72898000.0,415773000.0,93900000.0,93900000.0,108100000.0
Take-Two Interactive Software Inc,TTWO,BOMSTHHJK882EWYX3334,946581,2013.0,Q2YTD,2012-04-01,2012-09-30,,-1.45,-1.45,5319000.0,-1.45,2926000.0,144858000.0,-123329000.0,-123209000.0,-120000.0,-123329000.0,345218000.0,499223000.0,-15468000.0,,34632000.0,,74011000.0,345218000.0,154005000.0,,,258820000.0,-104815000.0,-15468000.0,-120283000.0,499223000.0,83300000.0,83300000.0,83300000.0
Take-Two Interactive Software Inc,TTWO,BOMSTHHJK882EWYX3334,946581,2013.0,Q2TTM,2011-10-01,2012-09-30,,-2.08,-2.08,10913000.0,-2.08,2294000.0,225151000.0,-176061000.0,-175029000.0,-1032000.0,-176061000.0,588151000.0,883632000.0,-27026000.0,,66277000.0,,138849000.0,588151000.0,295481000.0,,,441190000.0,-145709000.0,-27026000.0,-172735000.0,883632000.0,83300000.0,83300000.0,83300000.0
Take-Two Interactive Software Inc,TTWO,BOMSTHHJK882EWYX3334,946581,2013.0,Q2,2012-07-01,2012-09-30,2013-10-30 06:02:19+00:00,-0.15,-0.15,2550000.0,-0.15,1085000.0,65851000.0,-12491000.0,-12437000.0,-54000.0,-12491000.0,158487000.0,273084000.0,-7419000.0,,19320000.0,,30809000.0,158487000.0,114597000.0,,,118530000.0,-3933000.0,-7419000.0,-11352000.0,273084000.0,83300000.0,83300000.0,83300000.0
Take-Two Interactive Software Inc,TTWO,BOMSTHHJK882EWYX3334,946581,2013.0,Q1TTM,2011-07-01,2012-06-30,,-2.5,-2.5,11647000.0,-2.5,2628000.0,188073000.0,-210941000.0,-209853000.0,-1088000.0,-210941000.0,504367000.0,717582000.0,-23940000.0,,62955000.0,,133825000.0,504367000.0,213215000.0,,,396500000.0,-183285000.0,-23940000.0,-207225000.0,717582000.0,85300000.0,85300000.0,85300000.0
Take-Two Interactive Software Inc,TTWO,BOMSTHHJK882EWYX3334,946581,2013.0,Q1,2012-04-01,2012-06-30,2013-07-30 18:47:18+00:00,-1.3,-1.3,2769000.0,-1.3,1841000.0,79007000.0,-110838000.0,-110772000.0,-66000.0,-110838000.0,186731000.0,226139000.0,-8049000.0,,15312000.0,,43202000.0,186731000.0,39408000.0,,,140290000.0,-100882000.0,-8049000.0,-108931000.0,226139000.0,85300000.0,85300000.0,85300000.0
Take-Two Interactive Software Inc,TTWO,BOMSTHHJK882EWYX3334,946581,2014.0,FY,2013-04-01,2014-03-31,2016-05-18 18:19:21+00:00,3.79,3.79,13359000.0,3.2,14459000.0,240996000.0,361605000.0,361691000.0,-86000.0,361605000.0,1414327000.0,2350568000.0,-30092000.0,,105256000.0,,161374000.0,1414327000.0,936241000.0,9014000.0,,520985000.0,415256000.0,-39106000.0,376150000.0,2350568000.0,95400000.0,95400000.0,113000000.0
Take-Two Interactive Software Inc,TTWO,BOMSTHHJK882EWYX3334,946581,2014.0,Q4,2014-01-01,2014-03-31,,0.02,0.02,3522000.0,0.62,-345000.0,27577000.0,-30787000.0,-30774000.0,-43000.0,-30787000.0,108288000.0,195208000.0,-7535000.0,,28632000.0,,50773000.0,108288000.0,86920000.0,,,110504000.0,-23584000.0,-7535000.0,-31119000.0,195208000.0,95400000.0,95400000.0,113000000.0
Take-Two Interactive Software Inc,TTWO,BOMSTHHJK882EWYX3334,946581,2014.0,Q3YTD,2013-04-01,2013-12-31,,3.77,3.77,9837000.0,2.58,14804000.0,213419000.0,392392000.0,392465000.0,-43000.0,392392000.0,1306039000.0,2155360000.0,-22557000.0,,76624000.0,,110601000.0,1306039000.0,849321000.0,9014000.0,,410481000.0,438840000.0,-31571000.0,407269000.0,2155360000.0,98400000.0,98400000.0,123300000.0
Take-Two Interactive Software Inc,TTWO,BOMSTHHJK882EWYX3334,946581,2014.0,Q3TTM,2013-01-01,2013-12-31,,4.12,4.12,12643000.0,3.03,14907000.0,265166000.0,414865000.0,413635000.0,1260000.0,414865000.0,1460359000.0,2454847000.0,-30346000.0,,97807000.0,,150970000.0,1460359000.0,994488000.0,9014000.0,,526586000.0,467902000.0,-39360000.0,428542000.0,2454847000.0,98400000.0,98400000.0,123300000.0
Take-Two Interactive Software Inc,TTWO,BOMSTHHJK882EWYX3334,946581,2014.0,Q3,2013-10-01,2013-12-31,2015-02-06 11:02:20+00:00,5.88,5.88,3413000.0,4.69,21902000.0,70476000.0,578426000.0,578444000.0,-18000.0,578426000.0,1119734000.0,1863869000.0,-5949000.0,,29233000.0,,34718000.0,1119734000.0,744135000.0,,,137840000.0,606295000.0,-5949000.0,600346000.0,1863869000.0,98400000.0,98400000.0,123300000.0
Take-Two Interactive Software Inc,TTWO,BOMSTHHJK882EWYX3334,946581,2014.0,Q2YTD,2013-04-01,2013-09-30,,-2.11,-2.11,6424000.0,-2.11,-7098000.0,142943000.0,-186034000.0,-185979000.0,-25000.0,-186034000.0,186305000.0,291491000.0,-16608000.0,,47391000.0,,75883000.0,186305000.0,105186000.0,9014000.0,,272641000.0,-167455000.0,-25622000.0,-193077000.0,291491000.0,88700000.0,88700000.0,88700000.0
Take-Two Interactive Software Inc,TTWO,BOMSTHHJK882EWYX3334,946581,2014.0,Q2TTM,2012-10-01,2013-09-30,,-1.0,-1.0,11739000.0,-1.0,-4974000.0,255414000.0,-92196000.0,-93932000.0,1766000.0,-92196000.0,556924000.0,1006751000.0,-32491000.0,,90943000.0,,149132000.0,556924000.0,449827000.0,9014000.0,,507228000.0,-57401000.0,-41505000.0,-98906000.0,1006751000.0,88700000.0,88700000.0,88700000.0
Take-Two Interactive Software Inc,TTWO,BOMSTHHJK882EWYX3334,946581,2014.0,Q2,2013-07-01,2013-09-30,2014-10-29 18:50:47+00:00,-1.4,-1.4,3367000.0,-1.4,-8185000.0,101342000.0,-124120000.0,-124095000.0,-25000.0,-124120000.0,92463000.0,148824000.0,-5375000.0,,26520000.0,,43023000.0,92463000.0,56361000.0,9014000.0,,174252000.0,-117891000.0,-14389000.0,-132280000.0,148824000.0,88700000.0,88700000.0,88700000.0
Take-Two Interactive Software Inc,TTWO,BOMSTHHJK882EWYX3334,946581,2014.0,Q1,2013-04-01,2013-06-30,2014-08-05 18:48:46+00:00,-0.71,-0.71,3057000.0,-0.71,1087000.0,41601000.0,-61914000.0,-61884000.0,,-61914000.0,93842000.0,142667000.0,-11233000.0,,20871000.0,,32860000.0,93842000.0,48825000.0,,,98389000.0,-49564000.0,-11233000.0,-60797000.0,142667000.0,87200000.0,87200000.0,87200000.0
Take-Two Interactive Software Inc,TTWO,BOMSTHHJK882EWYX3334,946581,2014.0,Q1TTM,2012-07-01,2013-06-30,,0.25,0.25,10922000.0,0.25,4296000.0,219923000.0,19433000.0,17726000.0,1737000.0,19433000.0,622948000.0,1131011000.0,-34535000.0,,83743000.0,,136918000.0,622948000.0,508063000.0,,,451506000.0,56557000.0,-34535000.0,22022000.0,1131011000.0,87200000.0,87200000.0,87200000.0
Take-Two Interactive Software Inc,TTWO,BOMSTHHJK882EWYX3334,946581,2015.0,FY,2014-04-01,2015-03-31,2017-05-23 20:18:26+00:00,-3.48,-3.48,21057000.0,-3.48,6590000.0,235341000.0,-279470000.0,-279470000.0,,-279470000.0,794867000.0,1082938000.0,-31893000.0,,115043000.0,0.0,175093000.0,794867000.0,288071000.0,,17476000.0,546534000.0,-258463000.0,-14417000.0,-272880000.0,1082938000.0,80300000.0,80300000.0,80300000.0
Take-Two Interactive Software Inc,TTWO,BOMSTHHJK882EWYX3334,946581,2015.0,Q4,2015-01-01,2015-03-31,,-2.98,-2.98,5934000.0,-2.94,-6766000.0,52467000.0,-242791000.0,-242791000.0,,-242791000.0,410682000.0,300089000.0,-7204000.0,,35157000.0,,38202000.0,410682000.0,-110593000.0,,,131760000.0,-242353000.0,-7204000.0,-249557000.0,300089000.0,80300000.0,80300000.0,80300000.0
Take-Two Interactive Software Inc,TTWO,BOMSTHHJK882EWYX3334,946581,2015.0,Q3,2014-10-01,2014-12-31,2016-02-04 12:10:37+00:00,0.46,0.46,5845000.0,0.42,14561000.0,96892000.0,40093000.0,40093000.0,,40093000.0,278013000.0,531147000.0,-9458000.0,,31221000.0,,53564000.0,278013000.0,253134000.0,,-1500000.0,187522000.0,65612000.0,-10958000.0,54654000.0,531147000.0,87200000.0,87200000.0,95500000.0
Take-Two Interactive Software Inc,TTWO,BOMSTHHJK882EWYX3334,946581,2015.0,Q3YTD,2014-04-01,2014-12-31,,-0.5,-0.5,15123000.0,-0.54,13356000.0,182874000.0,-36679000.0,-36679000.0,,-36679000.0,384185000.0,782849000.0,-24689000.0,,79886000.0,,136891000.0,384185000.0,398664000.0,,17476000.0,414774000.0,-16110000.0,-7213000.0,-23323000.0,782849000.0,87200000.0,87200000.0,95500000.0
Take-Two Interactive Software Inc,TTWO,BOMSTHHJK882EWYX3334,946581,2015.0,Q3TTM,2014-01-01,2014-12-31,,-0.48,-0.48,18645000.0,0.08,13011000.0,210451000.0,-67466000.0,-67453000.0,-43000.0,-67466000.0,492473000.0,978057000.0,-32224000.0,,108518000.0,,187664000.0,492473000.0,485584000.0,,17476000.0,525278000.0,-39694000.0,-14748000.0,-54442000.0,978057000.0,87200000.0,87200000.0,95500000.0
Take-Two Interactive Software Inc,TTWO,BOMSTHHJK882EWYX3334,946581,2015.0,Q2,2014-07-01,2014-09-30,2015-11-05 18:05:35+00:00,-0.51,-0.51,5130000.0,-0.51,4320000.0,49136000.0,-41369000.0,-41369000.0,,-41369000.0,52016000.0,126277000.0,-7512000.0,,24533000.0,,43975000.0,52016000.0,74261000.0,,18976000.0,122774000.0,-48513000.0,11464000.0,-37049000.0,126277000.0,81100000.0,81100000.0,81100000.0
Take-Two Interactive Software Inc,TTWO,BOMSTHHJK882EWYX3334,946581,2015.0,Q2YTD,2014-04-01,2014-09-30,,-0.96,-0.96,9278000.0,-0.96,-1205000.0,85982000.0,-76772000.0,-76772000.0,,-76772000.0,106172000.0,251702000.0,-15231000.0,,48665000.0,,83327000.0,106172000.0,145530000.0,,18976000.0,227252000.0,-81722000.0,3745000.0,-77977000.0,251702000.0,81100000.0,81100000.0,81100000.0
Take-Two Interactive Software Inc,TTWO,BOMSTHHJK882EWYX3334,946581,2015.0,Q2TTM,2013-10-01,2014-09-30,,4.94,4.94,16213000.0,4.35,20352000.0,184035000.0,470867000.0,470898000.0,-61000.0,470867000.0,1334194000.0,2310779000.0,-28715000.0,,106530000.0,,168818000.0,1334194000.0,976585000.0,,18976000.0,475596000.0,500989000.0,-9739000.0,491250000.0,2310779000.0,81100000.0,81100000.0,81100000.0
Take-Two Interactive Software Inc,TTWO,BOMSTHHJK882EWYX3334,946581,2015.0,Q1TTM,2013-07-01,2014-06-30,,4.05,4.05,14450000.0,3.46,7847000.0,236241000.0,388116000.0,388172000.0,-86000.0,388116000.0,1374641000.0,2333326000.0,-26578000.0,,108517000.0,,167866000.0,1374641000.0,958685000.0,9014000.0,,527074000.0,431611000.0,-35592000.0,396019000.0,2333326000.0,78700000.0,78700000.0,78700000.0
Take-Two Interactive Software Inc,TTWO,BOMSTHHJK882EWYX3334,946581,2015.0,Q1,2014-04-01,2014-06-30,2015-08-10 16:43:48+00:00,-0.45,-0.45,4148000.0,-0.45,-5525000.0,36846000.0,-35403000.0,-35403000.0,,-35403000.0,54156000.0,125425000.0,-7719000.0,,24132000.0,,39352000.0,54156000.0,71269000.0,,,104478000.0,-33209000.0,-7719000.0,-40928000.0,125425000.0,78700000.0,78700000.0,78700000.0
Take-Two Interactive Software Inc,TTWO,BOMSTHHJK882EWYX3334,946581,2016.0,FY,2015-04-01,2016-03-31,2018-05-16 18:45:03+00:00,-0.1,-0.1,28800000.0,-0.1,-30048000.0,198309000.0,-8302000.0,-8302000.0,,-8302000.0,813873000.0,1413698000.0,-30205000.0,,119807000.0,71285000.0,192452000.0,813873000.0,599825000.0,,2683000.0,610653000.0,-10828000.0,-27522000.0,-38350000.0,1413698000.0,83000000.0,83000000.0,83000000.0
Take-Two Interactive Software Inc,TTWO,BOMSTHHJK882EWYX3334,946581,2016.0,Q4,2016-01-01,2016-03-31,,0.59,0.59,7338000.0,0.67,-5398000.0,38020000.0,46399000.0,46399000.0,,46399000.0,209457000.0,377206000.0,-6257000.0,,33308000.0,113000.0,44395000.0,209457000.0,167749000.0,,2683000.0,123174000.0,44575000.0,-3574000.0,41001000.0,377206000.0,83000000.0,83000000.0,83000000.0
Take-Two Interactive Software Inc,TTWO,BOMSTHHJK882EWYX3334,946581,2016.0,Q3,2015-10-01,2015-12-31,2017-02-07 18:57:42+00:00,-0.51,-0.51,7534000.0,-0.51,-24802000.0,59846000.0,-42413000.0,-42413000.0,,-42413000.0,257861000.0,414221000.0,-8018000.0,,27944000.0,71172000.0,49061000.0,257861000.0,156360000.0,,,215557000.0,-59197000.0,-8018000.0,-67215000.0,414221000.0,83200000.0,83200000.0,83200000.0
Take-Two Interactive Software Inc,TTWO,BOMSTHHJK882EWYX3334,946581,2016.0,Q3YTD,2015-04-01,2015-12-31,,-0.69,-0.69,21462000.0,-0.77,-24650000.0,160289000.0,-54701000.0,-54701000.0,,-54701000.0,604416000.0,1036492000.0,-23948000.0,,86499000.0,71172000.0,148057000.0,604416000.0,432076000.0,,,487479000.0,-55403000.0,-23948000.0,-79351000.0,1036492000.0,83200000.0,83200000.0,83200000.0
Take-Two Interactive Software Inc,TTWO,BOMSTHHJK882EWYX3334,946581,2016.0,Q3TTM,2015-01-01,2015-12-31,,-3.67,-3.67,27396000.0,-3.71,-31416000.0,212756000.0,-297492000.0,-297492000.0,,-297492000.0,1015098000.0,1336581000.0,-31152000.0,,121656000.0,71172000.0,186259000.0,1015098000.0,321483000.0,,,619239000.0,-297756000.0,-31152000.0,-328908000.0,1336581000.0,83200000.0,83200000.0,83200000.0
Take-Two Interactive Software Inc,TTWO,BOMSTHHJK882EWYX3334,946581,2016.0,Q2,2015-07-01,2015-09-30,2016-11-02 18:26:43+00:00,0.63,0.63,7353000.0,0.55,3300000.0,54876000.0,54735000.0,54735000.0,,54735000.0,143940000.0,346974000.0,-8396000.0,,24413000.0,,49961000.0,143940000.0,203034000.0,,,136603000.0,66431000.0,-8396000.0,58035000.0,346974000.0,86900000.0,86900000.0,99500000.0
Take-Two Interactive Software Inc,TTWO,BOMSTHHJK882EWYX3334,946581,2016.0,Q2YTD,2015-04-01,2015-09-30,,-0.18,-0.18,13928000.0,-0.26,152000.0,100443000.0,-12288000.0,-12288000.0,,-12288000.0,346555000.0,622271000.0,-15930000.0,,58555000.0,,98996000.0,346555000.0,275716000.0,,,271922000.0,3794000.0,-15930000.0,-12136000.0,622271000.0,86900000.0,86900000.0,99500000.0
Take-Two Interactive Software Inc,TTWO,BOMSTHHJK882EWYX3334,946581,2016.0,Q2TTM,2014-10-01,2015-09-30,,-2.7,-2.7,25707000.0,-2.78,7947000.0,249802000.0,-214986000.0,-214986000.0,,-214986000.0,1035250000.0,1453507000.0,-32592000.0,,124933000.0,,190762000.0,1035250000.0,418257000.0,,-1500000.0,591204000.0,-172947000.0,-34092000.0,-207039000.0,1453507000.0,86900000.0,86900000.0,99500000.0
Take-Two Interactive Software Inc,TTWO,BOMSTHHJK882EWYX3334,946581,2016.0,Q1,2015-04-01,2015-06-30,2016-08-04 18:17:46+00:00,-0.81,-0.81,6575000.0,-0.81,-3148000.0,45567000.0,-67023000.0,-67023000.0,,-67023000.0,202615000.0,275297000.0,-7534000.0,,34142000.0,,49035000.0,202615000.0,72682000.0,,,135319000.0,-62637000.0,-7534000.0,-70171000.0,275297000.0,82700000.0,82700000.0,82700000.0
Take-Two Interactive Software Inc,TTWO,BOMSTHHJK882EWYX3334,946581,2016.0,Q1TTM,2014-07-01,2015-06-30,,-3.84,-3.84,23484000.0,-3.84,8967000.0,244062000.0,-311090000.0,-311090000.0,,-311090000.0,943326000.0,1232810000.0,-31708000.0,,125053000.0,,184776000.0,943326000.0,289484000.0,,17476000.0,577375000.0,-287891000.0,-14232000.0,-302123000.0,1232810000.0,82700000.0,82700000.0,82700000.0
Take-Two Interactive Software Inc,TTWO,BOMSTHHJK882EWYX3334,946581,2017.0,FY,2016-04-01,2017-03-31,2018-05-16 18:45:03+00:00,0.73,0.73,30707000.0,0.72,9662000.0,285453000.0,67303000.0,67303000.0,,67303000.0,1022959000.0,1779748000.0,-15690000.0,,137915000.0,0.0,211409000.0,1022959000.0,756789000.0,,1350000.0,665484000.0,91305000.0,-14340000.0,76965000.0,1779748000.0,92200000.0,92200000.0,92200000.0
Take-Two Interactive Software Inc,TTWO,BOMSTHHJK882EWYX3334,946581,2017.0,Q4,2017-01-01,2017-03-31,,1.1,1.1,8378000.0,1.12,11832000.0,38312000.0,99280000.0,99280000.0,,99280000.0,314900000.0,571556000.0,-391000.0,,36421000.0,,62042000.0,314900000.0,256656000.0,,,145153000.0,111503000.0,-391000.0,111112000.0,571556000.0,92200000.0,92200000.0,92200000.0
Take-Two Interactive Software Inc,TTWO,BOMSTHHJK882EWYX3334,946581,2017.0,Q3,2016-10-01,2016-12-31,2018-02-07 18:08:34+00:00,-0.33,-0.33,7460000.0,-0.33,-2282000.0,95820000.0,-29842000.0,-29842000.0,,-29842000.0,311074000.0,476473000.0,-3715000.0,,37589000.0,0.0,52939000.0,311074000.0,165399000.0,,0.0,193808000.0,-28409000.0,-3715000.0,-32124000.0,476473000.0,90400000.0,90400000.0,90400000.0
Take-Two Interactive Software Inc,TTWO,BOMSTHHJK882EWYX3334,946581,2017.0,Q3YTD,2016-04-01,2016-12-31,,-0.37,-0.37,22329000.0,-0.4,-2170000.0,247141000.0,-31977000.0,-31977000.0,,-31977000.0,708059000.0,1208192000.0,-15299000.0,,101494000.0,,149367000.0,708059000.0,500133000.0,,1350000.0,520331000.0,-20198000.0,-13949000.0,-34147000.0,1208192000.0,90400000.0,90400000.0,90400000.0
Take-Two Interactive Software Inc,TTWO,BOMSTHHJK882EWYX3334,946581,2017.0,Q3TTM,2016-01-01,2016-12-31,,0.22,0.22,29667000.0,0.27,-7568000.0,285161000.0,14422000.0,14422000.0,,14422000.0,917516000.0,1585398000.0,-21556000.0,,134802000.0,113000.0,193762000.0,917516000.0,667882000.0,,4033000.0,643505000.0,24377000.0,-17523000.0,6854000.0,1585398000.0,90400000.0,90400000.0,90400000.0
Take-Two Interactive Software Inc,TTWO,BOMSTHHJK882EWYX3334,946581,2017.0,Q2,2016-07-01,2016-09-30,2017-11-07 18:51:24+00:00,0.42,0.42,7491000.0,0.39,3684000.0,80187000.0,36432000.0,36432000.0,,36432000.0,205605000.0,420167000.0,-7078000.0,,30005000.0,0.0,49685000.0,205605000.0,214562000.0,,0.0,167368000.0,47194000.0,-7078000.0,40116000.0,420167000.0,86700000.0,86700000.0,93400000.0
Take-Two Interactive Software Inc,TTWO,BOMSTHHJK882EWYX3334,946581,2017.0,Q2YTD,2016-04-01,2016-09-30,,-0.04,-0.04,14869000.0,-0.07,112000.0,151321000.0,-2135000.0,-2135000.0,,-2135000.0,396985000.0,731719000.0,-11584000.0,,63905000.0,,96428000.0,396985000.0,334734000.0,,1350000.0,326523000.0,8211000.0,-10234000.0,-2023000.0,731719000.0,86700000.0,86700000.0,93400000.0
Take-Two Interactive Software Inc,TTWO,BOMSTHHJK882EWYX3334,946581,2017.0,Q2TTM,2015-10-01,2016-09-30,,0.04,0.04,29741000.0,0.09,-30088000.0,249187000.0,1851000.0,1851000.0,,1851000.0,864303000.0,1523146000.0,-25859000.0,,125157000.0,71285000.0,189884000.0,864303000.0,658843000.0,,4033000.0,665254000.0,-6411000.0,-21826000.0,-28237000.0,1523146000.0,86700000.0,86700000.0,93400000.0
Take-Two Interactive Software Inc,TTWO,BOMSTHHJK882EWYX3334,946581,2017.0,Q1,2016-04-01,2016-06-30,2017-08-02 18:46:48+00:00,-0.46,-0.46,7378000.0,-0.46,-3572000.0,71134000.0,-38567000.0,-38567000.0,,-38567000.0,191380000.0,311552000.0,-4506000.0,,33900000.0,0.0,46743000.0,191380000.0,120172000.0,,1350000.0,159155000.0,-38983000.0,-3156000.0,-42139000.0,311552000.0,83800000.0,83800000.0,83800000.0
Take-Two Interactive Software Inc,TTWO,BOMSTHHJK882EWYX3334,946581,2017.0,Q1TTM,2015-07-01,2016-06-30,,0.25,0.25,29603000.0,0.25,-30472000.0,223876000.0,20154000.0,20154000.0,,20154000.0,802638000.0,1449953000.0,-27177000.0,,119565000.0,71285000.0,190160000.0,802638000.0,647315000.0,,4033000.0,634489000.0,12826000.0,-23144000.0,-10318000.0,1449953000.0,83800000.0,83800000.0,83800000.0
Take-Two Interactive Software Inc,TTWO,BOMSTHHJK882EWYX3334,946581,2018.0,FY,2017-04-01,2018-03-31,2020-05-22 16:30:38+00:00,1.57,1.57,43969000.0,1.54,-36908000.0,256092000.0,173533000.0,173533000.0,,173533000.0,898311000.0,1792892000.0,1048000.0,,196373000.0,14742000.0,247828000.0,898311000.0,894581000.0,,0.0,759004000.0,135577000.0,1048000.0,136625000.0,1792892000.0,110500000.0,110500000.0,112700000.0
Take-Two Interactive Software Inc,TTWO,BOMSTHHJK882EWYX3334,946581,2018.0,Q4,2018-01-01,2018-03-31,,0.81,0.81,9479000.0,0.8,423000.0,47451000.0,90853000.0,90853000.0,,90853000.0,189211000.0,450274000.0,3451000.0,,54128000.0,1730000.0,60450000.0,189211000.0,261063000.0,,,173238000.0,87825000.0,3451000.0,91276000.0,450274000.0,110500000.0,110500000.0,112700000.0
Take-Two Interactive Software Inc,TTWO,BOMSTHHJK882EWYX3334,946581,2018.0,Q3,2017-10-01,2017-12-31,2019-02-06 16:35:04+00:00,0.22,0.22,7864000.0,0.21,-12914000.0,79513000.0,25140000.0,25140000.0,,25140000.0,267983000.0,480840000.0,3374000.0,,49977000.0,700000.0,65951000.0,267983000.0,212857000.0,,,204005000.0,8852000.0,3374000.0,12226000.0,480840000.0,114300000.0,114300000.0,119700000.0
Take-Two Interactive Software Inc,TTWO,BOMSTHHJK882EWYX3334,946581,2018.0,Q3YTD,2017-04-01,2017-12-31,,0.76,0.76,34490000.0,0.74,-37331000.0,208641000.0,82680000.0,82680000.0,,82680000.0,709100000.0,1342618000.0,-2403000.0,,142245000.0,13012000.0,187378000.0,709100000.0,633518000.0,,,585766000.0,47752000.0,-2403000.0,45349000.0,1342618000.0,114300000.0,114300000.0,119700000.0
Take-Two Interactive Software Inc,TTWO,BOMSTHHJK882EWYX3334,946581,2018.0,Q3TTM,2017-01-01,2017-12-31,,1.86,1.86,42868000.0,1.86,-25499000.0,246953000.0,181960000.0,181960000.0,,181960000.0,1024000000.0,1914174000.0,-2794000.0,,178666000.0,13012000.0,249420000.0,1024000000.0,890174000.0,,,730919000.0,159255000.0,-2794000.0,156461000.0,1914174000.0,114300000.0,114300000.0,119700000.0
Take-Two Interactive Software Inc,TTWO,BOMSTHHJK882EWYX3334,946581,2018.0,Q2,2017-07-01,2017-09-30,2018-11-07 18:20:06+00:00,-0.03,-0.03,18883000.0,-0.03,-11552000.0,76914000.0,-2736000.0,-2736000.0,,-2736000.0,246548000.0,443562000.0,-2969000.0,,49999000.0,1713000.0,60824000.0,246548000.0,197014000.0,,,208333000.0,-11319000.0,-2969000.0,-14288000.0,443562000.0,91200000.0,91200000.0,91200000.0
Take-Two Interactive Software Inc,TTWO,BOMSTHHJK882EWYX3334,946581,2018.0,Q2YTD,2017-04-01,2017-09-30,,0.54,0.54,26626000.0,0.53,-24417000.0,129128000.0,57540000.0,57540000.0,,57540000.0,441117000.0,861778000.0,-5777000.0,,92268000.0,12312000.0,121427000.0,441117000.0,420661000.0,,,381761000.0,38900000.0,-5777000.0,33123000.0,861778000.0,91200000.0,91200000.0,91200000.0
Take-Two Interactive Software Inc,TTWO,BOMSTHHJK882EWYX3334,946581,2018.0,Q2TTM,2016-10-01,2017-09-30,,1.31,1.31,42464000.0,1.32,-14867000.0,263260000.0,126978000.0,126978000.0,,126978000.0,1067091000.0,1909807000.0,-9883000.0,,166278000.0,12312000.0,236408000.0,1067091000.0,842716000.0,,,720722000.0,121994000.0,-9883000.0,112111000.0,1909807000.0,91200000.0,91200000.0,91200000.0
Take-Two Interactive Software Inc,TTWO,BOMSTHHJK882EWYX3334,946581,2018.0,Q1,2017-04-01,2017-06-30,2018-08-02 19:18:30+00:00,0.57,0.57,7743000.0,0.56,-12865000.0,52214000.0,60276000.0,60276000.0,,60276000.0,194569000.0,418216000.0,-2808000.0,,42269000.0,10599000.0,60603000.0,194569000.0,223647000.0,,,173428000.0,50219000.0,-2808000.0,47411000.0,418216000.0,105700000.0,105700000.0,107600000.0
Take-Two Interactive Software Inc,TTWO,BOMSTHHJK882EWYX3334,946581,2018.0,Q1TTM,2016-07-01,2017-06-30,,1.76,1.76,31072000.0,1.74,369000.0,266533000.0,166146000.0,166146000.0,,166146000.0,1026148000.0,1886412000.0,-13992000.0,,146284000.0,10599000.0,225269000.0,1026148000.0,860264000.0,,,679757000.0,180507000.0,-13992000.0,166515000.0,1886412000.0,105700000.0,105700000.0,107600000.0
Take-Two Interactive Software Inc,TTWO,BOMSTHHJK882EWYX3334,946581,2019.0,FY,2018-04-01,2019-03-31,2020-05-22 16:30:38+00:00,2.95,2.95,40232000.0,2.9,-101052000.0,391400000.0,333837000.0,333837000.0,,333837000.0,1523644000.0,2668394000.0,26113000.0,,230170000.0,-4958000.0,281234000.0,1523644000.0,1144750000.0,,0.0,938078000.0,206672000.0,26113000.0,232785000.0,2668394000.0,113200000.0,113200000.0,115100000.0
Take-Two Interactive Software Inc,TTWO,BOMSTHHJK882EWYX3334,946581,2019.0,Q4,2019-01-01,2019-03-31,,0.51,0.51,11081000.0,0.49,7698000.0,77607000.0,56829000.0,56829000.0,,56829000.0,258915000.0,539007000.0,6466000.0,,56588000.0,1214000.0,75541000.0,258915000.0,280092000.0,,,222031000.0,58061000.0,6466000.0,64527000.0,539007000.0,113200000.0,113200000.0,115100000.0
Take-Two Interactive Software Inc,TTWO,BOMSTHHJK882EWYX3334,946581,2019.0,Q3,2018-10-01,2018-12-31,2020-02-06 18:28:56+00:00,1.59,1.59,10140000.0,1.57,-120098000.0,161322000.0,179948000.0,179948000.0,,179948000.0,898484000.0,1248738000.0,8071000.0,,62305000.0,-5930000.0,70638000.0,898484000.0,350254000.0,,,298475000.0,51779000.0,8071000.0,59850000.0,1248738000.0,113200000.0,113200000.0,114600000.0
Take-Two Interactive Software Inc,TTWO,BOMSTHHJK882EWYX3334,946581,2019.0,Q3YTD,2018-04-01,2018-12-31,,2.44,2.44,29151000.0,2.41,-108750000.0,313793000.0,277008000.0,277008000.0,,277008000.0,1264729000.0,2129387000.0,19647000.0,,173582000.0,-6172000.0,205693000.0,1264729000.0,864658000.0,,,716047000.0,148611000.0,19647000.0,168258000.0,2129387000.0,113200000.0,113200000.0,114600000.0
Take-Two Interactive Software Inc,TTWO,BOMSTHHJK882EWYX3334,946581,2019.0,Q3TTM,2018-01-01,2018-12-31,,3.25,3.25,38630000.0,3.21,-108327000.0,361244000.0,367861000.0,367861000.0,,367861000.0,1453940000.0,2579661000.0,23098000.0,,227710000.0,-4442000.0,266143000.0,1453940000.0,1125721000.0,,,889285000.0,236436000.0,23098000.0,259534000.0,2579661000.0,113200000.0,113200000.0,114600000.0
Take-Two Interactive Software Inc,TTWO,BOMSTHHJK882EWYX3334,946581,2019.0,Q2,2018-07-01,2018-09-30,2019-11-07 18:18:19+00:00,0.22,0.22,9751000.0,0.22,5594000.0,94165000.0,25367000.0,25367000.0,,25367000.0,234880000.0,492667000.0,4975000.0,,60565000.0,0.0,67320000.0,234880000.0,257787000.0,,,231801000.0,25986000.0,4975000.0,30961000.0,492667000.0,115300000.0,115300000.0,115300000.0
Take-Two Interactive Software Inc,TTWO,BOMSTHHJK882EWYX3334,946581,2019.0,Q2YTD,2018-04-01,2018-09-30,,0.85,0.85,19011000.0,0.84,11348000.0,152471000.0,97060000.0,97060000.0,,97060000.0,366245000.0,880649000.0,11576000.0,,111277000.0,-242000.0,135055000.0,366245000.0,514404000.0,,,417572000.0,96832000.0,11576000.0,108408000.0,880649000.0,115300000.0,115300000.0,115300000.0
Take-Two Interactive Software Inc,TTWO,BOMSTHHJK882EWYX3334,946581,2019.0,Q2TTM,2017-10-01,2018-09-30,,1.88,1.88,36354000.0,1.85,-1143000.0,279435000.0,213053000.0,213053000.0,,213053000.0,823439000.0,1811763000.0,18401000.0,,215382000.0,2188000.0,261456000.0,823439000.0,988324000.0,,,794815000.0,193509000.0,18401000.0,211910000.0,1811763000.0,115300000.0,115300000.0,115300000.0
Take-Two Interactive Software Inc,TTWO,BOMSTHHJK882EWYX3334,946581,2019.0,Q1,2018-04-01,2018-06-30,2019-08-05 17:56:07+00:00,0.63,0.63,9260000.0,0.62,5754000.0,58306000.0,71693000.0,71693000.0,,71693000.0,131365000.0,387982000.0,6601000.0,,50712000.0,-242000.0,67735000.0,131365000.0,256617000.0,,,185771000.0,70846000.0,6601000.0,77447000.0,387982000.0,113800000.0,113800000.0,115600000.0
Take-Two Interactive Software Inc,TTWO,BOMSTHHJK882EWYX3334,946581,2019.0,Q1TTM,2017-07-01,2018-06-30,,1.63,1.63,45486000.0,1.6,-18289000.0,262184000.0,184950000.0,184950000.0,,184950000.0,835107000.0,1762658000.0,10457000.0,,204816000.0,3901000.0,254960000.0,835107000.0,927551000.0,,,771347000.0,156204000.0,10457000.0,166661000.0,1762658000.0,113800000.0,113800000.0,115600000.0
Take-Two Interactive Software Inc,TTWO,BOMSTHHJK882EWYX3334,946581,2020.0,Q4,2020-01-01,2020-03-31,,1.1,1.1,12502000.0,1.07,1912000.0,79969000.0,122722000.0,122722000.0,,122722000.0,395640000.0,760541000.0,8083000.0,,68718000.0,-384000.0,82212000.0,395640000.0,364901000.0,,-5333000.0,243017000.0,121884000.0,2750000.0,124634000.0,760541000.0,113000000.0,113000000.0,114300000.0
Take-Two Interactive Software Inc,TTWO,BOMSTHHJK882EWYX3334,946581,2020.0,FY,2019-04-01,2020-03-31,2020-05-22 16:30:38+00:00,3.58,3.58,48113000.0,3.54,53980000.0,458424000.0,404459000.0,404459000.0,,404459000.0,1542450000.0,3088970000.0,38505000.0,,296398000.0,83000.0,318235000.0,1542450000.0,1546520000.0,,-5333000.0,1121253000.0,425267000.0,33172000.0,458439000.0,3088970000.0,113000000.0,113000000.0,114300000.0
Take-Two Interactive Software Inc,TTWO,BOMSTHHJK882EWYX3334,946581,2020.0,Q3YTD,2019-04-01,2019-12-31,,2.48,2.48,35611000.0,2.47,52068000.0,378455000.0,281737000.0,281737000.0,,281737000.0,1146810000.0,2328429000.0,30422000.0,,227680000.0,467000.0,236023000.0,1146810000.0,1181619000.0,,,878236000.0,303383000.0,30422000.0,333805000.0,2328429000.0,113600000.0,113600000.0,114400000.0
Take-Two Interactive Software Inc,TTWO,BOMSTHHJK882EWYX3334,946581,2020.0,Q3TTM,2019-01-01,2019-12-31,,2.99,2.99,46692000.0,2.96,59766000.0,456062000.0,338566000.0,338566000.0,,338566000.0,1405725000.0,2867436000.0,36888000.0,,284268000.0,1681000.0,311564000.0,1405725000.0,1461711000.0,,,1100267000.0,361444000.0,36888000.0,398332000.0,2867436000.0,113600000.0,113600000.0,114400000.0
Take-Two Interactive Software Inc,TTWO,BOMSTHHJK882EWYX3334,946581,2020.0,Q3,2019-10-01,2019-12-31,2020-02-06 18:28:56+00:00,1.44,1.44,12330000.0,1.43,25134000.0,137068000.0,163642000.0,163642000.0,,163642000.0,437093000.0,930129000.0,11943000.0,,82520000.0,-246000.0,84531000.0,437093000.0,493036000.0,,,316203000.0,176833000.0,11943000.0,188776000.0,930129000.0,113600000.0,113600000.0,114400000.0
Take-Two Interactive Software Inc,TTWO,BOMSTHHJK882EWYX3334,946581,2020.0,Q2YTD,2019-04-01,2019-09-30,,1.04,1.04,23281000.0,1.04,26934000.0,241387000.0,118095000.0,118095000.0,,118095000.0,709717000.0,1398300000.0,18479000.0,,145160000.0,713000.0,151492000.0,709717000.0,688583000.0,,,562033000.0,126550000.0,18479000.0,145029000.0,1398300000.0,114000000.0,114000000.0,114000000.0
Take-Two Interactive Software Inc,TTWO,BOMSTHHJK882EWYX3334,946581,2020.0,Q2TTM,2018-10-01,2019-09-30,,3.14,3.14,44502000.0,3.1,-85466000.0,480316000.0,354872000.0,354872000.0,,354872000.0,1867116000.0,3186045000.0,33016000.0,,264053000.0,-4003000.0,297671000.0,1867116000.0,1318929000.0,,,1082539000.0,236390000.0,33016000.0,269406000.0,3186045000.0,114000000.0,114000000.0,114000000.0
Take-Two Interactive Software Inc,TTWO,BOMSTHHJK882EWYX3334,946581,2020.0,Q2,2019-07-01,2019-09-30,2019-11-07 18:18:19+00:00,0.63,0.63,12024000.0,0.63,11059000.0,149566000.0,71815000.0,71815000.0,,71815000.0,468248000.0,857841000.0,8054000.0,,76197000.0,327000.0,76659000.0,468248000.0,389593000.0,,,314773000.0,74820000.0,8054000.0,82874000.0,857841000.0,114000000.0,114000000.0,114000000.0
Take-Two Interactive Software Inc,TTWO,BOMSTHHJK882EWYX3334,946581,2020.0,Q1TTM,2018-07-01,2019-06-30,,2.73,2.73,42229000.0,2.69,-90931000.0,424915000.0,308424000.0,308424000.0,,308424000.0,1633748000.0,2820871000.0,29937000.0,,248421000.0,-4330000.0,288332000.0,1633748000.0,1187123000.0,,,999567000.0,187556000.0,29937000.0,217493000.0,2820871000.0,112900000.0,112900000.0,112900000.0
Take-Two Interactive Software Inc,TTWO,BOMSTHHJK882EWYX3334,946581,2020.0,Q1,2019-04-01,2019-06-30,2019-08-05 17:56:07+00:00,0.41,0.41,11257000.0,0.41,15875000.0,91821000.0,46280000.0,46280000.0,,46280000.0,241469000.0,540459000.0,10425000.0,,68963000.0,386000.0,74833000.0,241469000.0,298990000.0,,,247260000.0,51730000.0,10425000.0,62155000.0,540459000.0,112900000.0,112900000.0,112900000.0
