company_name,company_ticker,company_lei,company_cik,year,quarter,start_date,end_date,filing_date,basicdilutedeps,basiceps,cashdividendspershare,depreciationexpense,dilutedeps,incometaxexpense,netincome,netincomecontinuing,netincomediscontinued,netincometocommon,netincometononcontrollinginterest,operatingcostofrevenue,operatingrevenue,otheradjustmentstoconsolidatednetincome,otherincome,otheroperatingexpenses,otherrevenue,sgaexpense,totalcostofrevenue,totalgrossprofit,totalinterestexpense,totalinterestincome,totaloperatingexpenses,totaloperatingincome,totalotherincome,totalpretaxincome,totalrevenue,weightedavebasicdilutedsharesos,weightedavebasicsharesos,weightedavedilutedsharesos
Pinnacle West Capital Corp,PNW,TWSEY0NEDUDCKS27AH81,764622,2008.0,FY,2008-01-01,2008-12-31,2011-02-18 08:04:00+00:00,2.4,2.4,2.1,391190000.0,2.4,95544000.0,259620000.0,278335000.0,-18715000.0,242125000.0,17495000.0,2094965000.0,3194280000.0,,-22035000.0,124853000.0,25407000.0,26032000.0,2094965000.0,1124722000.0,205369000.0,18636000.0,542075000.0,582647000.0,-208768000.0,373879000.0,3219687000.0,100900000.0,100691000.0,100965000.0
Pinnacle West Capital Corp,PNW,TWSEY0NEDUDCKS27AH81,764622,2009.0,FY,2009-01-01,2009-12-31,2012-02-24 08:03:21+00:00,0.68,0.68,2.1,407354000.0,0.67,138551000.0,72764000.0,256048000.0,-183284000.0,68330000.0,4434000.0,2000920000.0,3149187000.0,,-9141000.0,123270000.0,4469000.0,5984000.0,2000920000.0,1152736000.0,227387000.0,14999000.0,536608000.0,616128000.0,-221529000.0,394599000.0,3153656000.0,100500000.0,101161000.0,101264000.0
Pinnacle West Capital Corp,PNW,TWSEY0NEDUDCKS27AH81,764622,2009.0,Q3,2009-07-01,2009-09-30,2010-10-28 08:01:58+00:00,1.84,1.84,0.525,103008000.0,1.84,109778000.0,191023000.0,203328000.0,-12305000.0,186652000.0,4371000.0,579573000.0,1083750000.0,,2452000.0,34015000.0,5286000.0,5033000.0,579573000.0,509463000.0,58950000.0,2197000.0,142056000.0,367407000.0,-54301000.0,313106000.0,1089036000.0,101400000.0,101223000.0,101385000.0
Pinnacle West Capital Corp,PNW,TWSEY0NEDUDCKS27AH81,764622,2009.0,Q2,2009-04-01,2009-06-30,2010-08-03 08:03:15+00:00,0.68,0.68,0.525,100980000.0,0.68,41000000.0,72846000.0,81030000.0,-8184000.0,68347000.0,4499000.0,507244000.0,812510000.0,,2065000.0,32766000.0,6078000.0,5704000.0,507244000.0,311344000.0,56659000.0,4730000.0,139450000.0,171894000.0,-49864000.0,122030000.0,818588000.0,100500000.0,101109000.0,101193000.0
Pinnacle West Capital Corp,PNW,TWSEY0NEDUDCKS27AH81,764622,2010.0,Q4,2010-10-01,2010-12-31,,0.12,0.12,0.53,106637000.0,0.12,-6633000.0,12501000.0,7726000.0,4775000.0,7350000.0,5151000.0,452836000.0,662147000.0,,1268000.0,34394000.0,-35183000.0,-19109000.0,452836000.0,174128000.0,58030000.0,5649000.0,121922000.0,52206000.0,-51113000.0,1093000.0,626964000.0,106700000.0,106573000.0,107137785.0
Pinnacle West Capital Corp,PNW,TWSEY0NEDUDCKS27AH81,764622,2010.0,FY,2010-01-01,2010-12-31,2013-02-22 08:06:01+00:00,3.28,3.28,2.1,414479000.0,3.27,160869000.0,370209000.0,344851000.0,25358000.0,350053000.0,20156000.0,1917000000.0,3189199000.0,,-3534000.0,135328000.0,,7509000.0,1917000000.0,1272199000.0,227695000.0,22066000.0,557316000.0,714883000.0,-209163000.0,505720000.0,3189199000.0,106700000.0,106573000.0,107137785.0
Pinnacle West Capital Corp,PNW,TWSEY0NEDUDCKS27AH81,764622,2010.0,Q3,2010-07-01,2010-09-30,2010-10-28 08:01:58+00:00,2.15,2.15,0.0,104194000.0,2.14,123486000.0,239039000.0,231828000.0,7211000.0,233920000.0,5119000.0,575373000.0,1116211000.0,,493000.0,37528000.0,22874000.0,18365000.0,575373000.0,563712000.0,54328000.0,5524000.0,160087000.0,403625000.0,-48311000.0,355314000.0,1139085000.0,108800000.0,108632000.0,109094000.0
Pinnacle West Capital Corp,PNW,TWSEY0NEDUDCKS27AH81,764622,2010.0,Q3YTD,2010-01-01,2010-09-30,,3.16,3.16,1.58,307842000.0,3.15,167502000.0,357708000.0,337125000.0,20583000.0,342703000.0,15005000.0,1464164000.0,2527052000.0,,-4802000.0,100934000.0,35183000.0,26618000.0,1464164000.0,1098071000.0,169665000.0,16417000.0,435394000.0,662677000.0,-158050000.0,504627000.0,2562235000.0,108800000.0,108632000.0,109094000.0
Pinnacle West Capital Corp,PNW,TWSEY0NEDUDCKS27AH81,764622,2010.0,Q2,2010-04-01,2010-06-30,2011-08-02 08:02:14+00:00,1.07,1.07,1.05,102995000.0,1.07,51188000.0,119566000.0,93314000.0,26252000.0,114797000.0,4769000.0,465409000.0,799416000.0,,-4707000.0,31682000.0,3379000.0,1325000.0,465409000.0,337386000.0,57679000.0,5504000.0,136002000.0,201384000.0,-56882000.0,144502000.0,802795000.0,107300000.0,107355000.0,107764000.0
Pinnacle West Capital Corp,PNW,TWSEY0NEDUDCKS27AH81,764622,2010.0,Q2YTD,2010-01-01,2010-06-30,,1.01,1.01,1.58,203648000.0,1.01,44016000.0,118669000.0,105297000.0,13372000.0,108783000.0,9886000.0,888791000.0,1410841000.0,,-5295000.0,63406000.0,12309000.0,8253000.0,888791000.0,534359000.0,115337000.0,10893000.0,275307000.0,259052000.0,-109739000.0,149313000.0,1423150000.0,107300000.0,107355000.0,107764000.0
Pinnacle West Capital Corp,PNW,TWSEY0NEDUDCKS27AH81,764622,2010.0,Q1,2010-01-01,2010-03-31,2011-04-29 08:06:43+00:00,-0.06,-0.06,0.525,100653000.0,-0.06,-7172000.0,-897000.0,11983000.0,-12880000.0,-6014000.0,5117000.0,423382000.0,611425000.0,,-588000.0,31724000.0,8930000.0,6928000.0,423382000.0,196973000.0,57658000.0,5389000.0,139305000.0,57668000.0,-52857000.0,4811000.0,620355000.0,100200000.0,101474000.0,101474000.0
Pinnacle West Capital Corp,PNW,TWSEY0NEDUDCKS27AH81,764622,2011.0,Q4,2011-10-01,2011-12-31,,0.11,0.11,0.53,107486000.0,0.12,7019000.0,19990000.0,18501000.0,1489000.0,12564000.0,7426000.0,442687000.0,670687000.0,,-2091000.0,35406000.0,-13523000.0,-5773000.0,442687000.0,214477000.0,54757000.0,5010000.0,137119000.0,77358000.0,-51838000.0,25520000.0,657164000.0,109200000.0,109053000.0,109864000.0
Pinnacle West Capital Corp,PNW,TWSEY0NEDUDCKS27AH81,764622,2011.0,FY,2011-01-01,2011-12-31,2014-02-21 08:38:08+00:00,3.11,3.11,2.1,427054000.0,3.09,183604000.0,366940000.0,355634000.0,11306000.0,339473000.0,27467000.0,1913750000.0,3241379000.0,,-7340000.0,147408000.0,,6659000.0,1913750000.0,1327629000.0,223637000.0,23707000.0,581121000.0,746508000.0,-207270000.0,539238000.0,3241379000.0,109200000.0,109053000.0,109864000.0
Pinnacle West Capital Corp,PNW,TWSEY0NEDUDCKS27AH81,764622,2011.0,Q3,2011-07-01,2011-09-30,2011-11-01 08:05:52+00:00,2.34,2.34,0.0,106350000.0,2.32,131416000.0,262785000.0,253273000.0,9512000.0,255359000.0,7426000.0,547931000.0,1124049000.0,,-2611000.0,34223000.0,792000.0,1320000.0,547931000.0,576910000.0,55095000.0,7378000.0,141893000.0,435017000.0,-50328000.0,384689000.0,1124841000.0,109100000.0,109128000.0,109861000.0
Pinnacle West Capital Corp,PNW,TWSEY0NEDUDCKS27AH81,764622,2011.0,Q3TTM,2010-10-01,2011-09-30,,3.12,3.12,2.1,426205000.0,3.09,169952000.0,359451000.0,344859000.0,14592000.0,334259000.0,25192000.0,1923899000.0,3232839000.0,,-3981000.0,146396000.0,-21660000.0,-6677000.0,1923899000.0,1287280000.0,226910000.0,24346000.0,565924000.0,721356000.0,-206545000.0,514811000.0,3211179000.0,109100000.0,109128000.0,109861000.0
Pinnacle West Capital Corp,PNW,TWSEY0NEDUDCKS27AH81,764622,2011.0,Q3YTD,2011-01-01,2011-09-30,,3.0,3.0,1.58,319568000.0,2.97,176585000.0,346950000.0,337133000.0,9817000.0,326909000.0,20041000.0,1471063000.0,2570692000.0,,-5249000.0,112002000.0,13523000.0,12432000.0,1471063000.0,1113152000.0,168880000.0,18697000.0,444002000.0,669150000.0,-155432000.0,513718000.0,2584215000.0,109100000.0,109128000.0,109861000.0
Pinnacle West Capital Corp,PNW,TWSEY0NEDUDCKS27AH81,764622,2011.0,Q2,2011-04-01,2011-06-30,2011-08-02 08:02:14+00:00,0.8,0.8,1.05,106617000.0,0.79,50818000.0,93839000.0,93185000.0,654000.0,86685000.0,7154000.0,454639000.0,798669000.0,,-2629000.0,40155000.0,1130000.0,1396000.0,454639000.0,345160000.0,56284000.0,5924000.0,148168000.0,196992000.0,-52989000.0,144003000.0,799799000.0,108400000.0,109044000.0,109718000.0
Pinnacle West Capital Corp,PNW,TWSEY0NEDUDCKS27AH81,764622,2011.0,Q2TTM,2010-07-01,2011-06-30,,2.93,2.93,2.1,424049000.0,2.91,162022000.0,335705000.0,323414000.0,12291000.0,312820000.0,22885000.0,1951341000.0,3225001000.0,,-877000.0,149701000.0,422000.0,10368000.0,1951341000.0,1274082000.0,226143000.0,22492000.0,584118000.0,689964000.0,-204528000.0,485436000.0,3225423000.0,108400000.0,109044000.0,109718000.0
Pinnacle West Capital Corp,PNW,TWSEY0NEDUDCKS27AH81,764622,2011.0,Q2YTD,2011-01-01,2011-06-30,,0.66,0.66,1.58,213218000.0,0.65,45169000.0,84165000.0,83860000.0,305000.0,71550000.0,12615000.0,923132000.0,1446643000.0,,-2638000.0,77779000.0,12731000.0,11112000.0,923132000.0,536242000.0,113785000.0,11319000.0,302109000.0,234133000.0,-105104000.0,129029000.0,1459374000.0,108400000.0,109044000.0,109718000.0
Pinnacle West Capital Corp,PNW,TWSEY0NEDUDCKS27AH81,764622,2011.0,Q1,2011-01-01,2011-03-31,2011-04-29 08:06:43+00:00,-0.14,-0.14,0.525,106601000.0,-0.14,-5649000.0,-9674000.0,-9325000.0,-349000.0,-15135000.0,5461000.0,468493000.0,647974000.0,,-9000.0,37624000.0,11601000.0,9716000.0,468493000.0,191082000.0,57501000.0,5395000.0,153941000.0,37141000.0,-52115000.0,-14974000.0,659575000.0,108100000.0,108832000.0,108832000.0
Pinnacle West Capital Corp,PNW,TWSEY0NEDUDCKS27AH81,764622,2011.0,Q1TTM,2010-04-01,2011-03-31,,3.2,3.2,2.1,420427000.0,3.19,162392000.0,361432000.0,323543000.0,37889000.0,340932000.0,20500000.0,1962111000.0,3225748000.0,,-2955000.0,141228000.0,2671000.0,10297000.0,1962111000.0,1266308000.0,227538000.0,22072000.0,571952000.0,694356000.0,-208421000.0,485935000.0,3228419000.0,108100000.0,108832000.0,108832000.0
Pinnacle West Capital Corp,PNW,TWSEY0NEDUDCKS27AH81,764622,2012.0,Q4,2012-10-01,2012-12-31,,0.21,0.21,1.1,103268000.0,0.21,18157000.0,30671000.0,34905000.0,-4234000.0,22631000.0,8040000.0,448005000.0,693122000.0,,-7160000.0,39052000.0,,1508000.0,448005000.0,245117000.0,47864000.0,6797000.0,143828000.0,101289000.0,-48227000.0,53062000.0,693122000.0,109600000.0,109510000.0,110527000.0
Pinnacle West Capital Corp,PNW,TWSEY0NEDUDCKS27AH81,764622,2012.0,FY,2012-01-01,2012-12-31,2015-02-20 08:34:03+00:00,3.48,3.48,2.67,404336000.0,3.45,237317000.0,413164000.0,418993000.0,-5829000.0,381542000.0,31622000.0,1879559000.0,3301804000.0,,-18236000.0,159323000.0,,6831000.0,1879559000.0,1422245000.0,199645000.0,22436000.0,570490000.0,851755000.0,-195445000.0,656310000.0,3301804000.0,109600000.0,109510000.0,110527000.0
Pinnacle West Capital Corp,PNW,TWSEY0NEDUDCKS27AH81,764622,2012.0,Q3,2012-07-01,2012-09-30,2012-11-02 08:05:56+00:00,2.23,2.23,0.0,100353000.0,2.21,147116000.0,252863000.0,252874000.0,-11000.0,244823000.0,8040000.0,523623000.0,1109475000.0,,-5276000.0,36507000.0,,1022000.0,523623000.0,585852000.0,48412000.0,5708000.0,137882000.0,447970000.0,-47980000.0,399990000.0,1109475000.0,109800000.0,109555000.0,110655000.0
Pinnacle West Capital Corp,PNW,TWSEY0NEDUDCKS27AH81,764622,2012.0,Q3TTM,2011-10-01,2012-09-30,,3.38,3.38,2.1,408554000.0,3.36,226179000.0,402483000.0,402589000.0,-106000.0,371475000.0,31008000.0,1874241000.0,3279369000.0,,-13167000.0,155677000.0,-13523000.0,-450000.0,1874241000.0,1391605000.0,206538000.0,20649000.0,563781000.0,827824000.0,-199056000.0,628768000.0,3265846000.0,109800000.0,109555000.0,110655000.0
Pinnacle West Capital Corp,PNW,TWSEY0NEDUDCKS27AH81,764622,2012.0,Q3YTD,2012-01-01,2012-09-30,,3.27,3.27,1.58,301068000.0,3.24,219160000.0,382493000.0,384088000.0,-1595000.0,358911000.0,23582000.0,1431554000.0,2608682000.0,,-11076000.0,120271000.0,,5323000.0,1431554000.0,1177128000.0,151781000.0,15639000.0,426662000.0,750466000.0,-147218000.0,603248000.0,2608682000.0,109800000.0,109555000.0,110655000.0
Pinnacle West Capital Corp,PNW,TWSEY0NEDUDCKS27AH81,764622,2012.0,Q2,2012-04-01,2012-06-30,2012-08-02 08:02:46+00:00,1.12,1.12,1.05,100606000.0,1.11,76689000.0,130111000.0,130930000.0,-819000.0,122345000.0,7766000.0,480959000.0,878576000.0,,-2492000.0,41289000.0,,1233000.0,480959000.0,397617000.0,49553000.0,5175000.0,143128000.0,254489000.0,-46870000.0,207619000.0,878576000.0,109200000.0,109491000.0,110359000.0
Pinnacle West Capital Corp,PNW,TWSEY0NEDUDCKS27AH81,764622,2012.0,Q2TTM,2011-07-01,2012-06-30,,3.49,3.49,2.1,414551000.0,3.47,210479000.0,412405000.0,402988000.0,9417000.0,382011000.0,30394000.0,1898549000.0,3293943000.0,,-10502000.0,153393000.0,-12731000.0,-152000.0,1898549000.0,1382663000.0,213221000.0,22319000.0,567792000.0,814871000.0,-201404000.0,613467000.0,3281212000.0,109200000.0,109491000.0,110359000.0
Pinnacle West Capital Corp,PNW,TWSEY0NEDUDCKS27AH81,764622,2012.0,Q2YTD,2012-01-01,2012-06-30,,1.04,1.04,1.58,200715000.0,1.03,72044000.0,129630000.0,131214000.0,-1584000.0,114088000.0,15542000.0,907931000.0,1499207000.0,,-5800000.0,83764000.0,,4301000.0,907931000.0,591276000.0,103369000.0,9931000.0,288780000.0,302496000.0,-99238000.0,203258000.0,1499207000.0,109200000.0,109491000.0,110359000.0
Pinnacle West Capital Corp,PNW,TWSEY0NEDUDCKS27AH81,764622,2012.0,Q1,2012-01-01,2012-03-31,2012-05-03 08:05:28+00:00,-0.08,-0.08,0.525,100109000.0,-0.08,-4645000.0,-481000.0,284000.0,-765000.0,-8257000.0,7776000.0,426972000.0,620631000.0,,-3308000.0,42475000.0,0.0,3068000.0,426972000.0,193659000.0,53816000.0,4756000.0,145652000.0,48007000.0,-52368000.0,-4361000.0,620631000.0,103200000.0,109299000.0,109299000.0
Pinnacle West Capital Corp,PNW,TWSEY0NEDUDCKS27AH81,764622,2012.0,Q1TTM,2011-04-01,2012-03-31,,3.17,3.17,2.1,420562000.0,3.15,184608000.0,376133000.0,365243000.0,10890000.0,346351000.0,29782000.0,1872229000.0,3214036000.0,,-10639000.0,152259000.0,-11601000.0,11000.0,1872229000.0,1330206000.0,219952000.0,23068000.0,572832000.0,757374000.0,-207523000.0,549851000.0,3202435000.0,103200000.0,109299000.0,109299000.0
Pinnacle West Capital Corp,PNW,TWSEY0NEDUDCKS27AH81,764622,2013.0,Q4,2013-10-01,2013-12-31,,0.22,0.22,1.14,98298000.0,0.22,9167000.0,32814000.0,32814000.0,,24260000.0,8554000.0,475347000.0,699762000.0,,-2286000.0,40076000.0,,2141000.0,475347000.0,224415000.0,46516000.0,6883000.0,140515000.0,83900000.0,-41919000.0,41981000.0,699762000.0,110000000.0,109984000.0,110806000.0
Pinnacle West Capital Corp,PNW,TWSEY0NEDUDCKS27AH81,764622,2013.0,FY,2013-01-01,2013-12-31,2015-02-20 08:34:03+00:00,3.69,3.69,2.23,415708000.0,3.66,230591000.0,439966000.0,439966000.0,0.0,406074000.0,33892000.0,2020436000.0,3454628000.0,,-14320000.0,164167000.0,,7994000.0,2020436000.0,1434192000.0,187027000.0,25581000.0,587869000.0,846323000.0,-175766000.0,670557000.0,3454628000.0,110000000.0,109984000.0,110806000.0
Pinnacle West Capital Corp,PNW,TWSEY0NEDUDCKS27AH81,764622,2013.0,Q3TTM,2012-10-01,2013-09-30,,3.68,3.68,2.18,420678000.0,3.65,239581000.0,437823000.0,442057000.0,-4234000.0,404445000.0,33378000.0,1993094000.0,3447988000.0,,-19194000.0,163143000.0,,7361000.0,1993094000.0,1454894000.0,188375000.0,25495000.0,591182000.0,863712000.0,-182074000.0,681638000.0,3447988000.0,109800000.0,110009000.0,111053000.0
Pinnacle West Capital Corp,PNW,TWSEY0NEDUDCKS27AH81,764622,2013.0,Q3,2013-07-01,2013-09-30,2014-10-31 08:34:22+00:00,2.06,2.06,,107388000.0,2.04,131912000.0,234718000.0,234718000.0,,226163000.0,8555000.0,584276000.0,1152392000.0,,-7275000.0,43256000.0,,1784000.0,584276000.0,568116000.0,47352000.0,5569000.0,152428000.0,415688000.0,-49058000.0,366630000.0,1152392000.0,109800000.0,110009000.0,111053000.0
Pinnacle West Capital Corp,PNW,TWSEY0NEDUDCKS27AH81,764622,2013.0,Q3YTD,2013-01-01,2013-09-30,,3.47,3.47,1.09,317410000.0,3.44,221424000.0,407152000.0,407152000.0,,381814000.0,25338000.0,1545089000.0,2754866000.0,,-12034000.0,124091000.0,,5853000.0,1545089000.0,1209777000.0,140511000.0,18698000.0,447354000.0,762423000.0,-133847000.0,628576000.0,2754866000.0,109800000.0,110009000.0,111053000.0
Pinnacle West Capital Corp,PNW,TWSEY0NEDUDCKS27AH81,764622,2013.0,Q2TTM,2012-07-01,2013-06-30,,3.85,3.85,2.18,413643000.0,3.82,254785000.0,455968000.0,460213000.0,-4245000.0,423105000.0,32863000.0,1932441000.0,3405071000.0,,-17195000.0,156394000.0,,6599000.0,1932441000.0,1472630000.0,189435000.0,25634000.0,576636000.0,895994000.0,-180996000.0,714998000.0,3405071000.0,110300000.0,109962000.0,110932000.0
Pinnacle West Capital Corp,PNW,TWSEY0NEDUDCKS27AH81,764622,2013.0,Q2,2013-04-01,2013-06-30,2014-07-31 08:33:09+00:00,1.19,1.19,1.09,106292000.0,1.18,77043000.0,139598000.0,139598000.0,,131207000.0,8391000.0,506884000.0,915822000.0,,-1765000.0,40814000.0,,2020000.0,506884000.0,408938000.0,47671000.0,6265000.0,149126000.0,259812000.0,-43171000.0,216641000.0,915822000.0,110300000.0,109962000.0,110932000.0
Pinnacle West Capital Corp,PNW,TWSEY0NEDUDCKS27AH81,764622,2013.0,Q2YTD,2013-01-01,2013-06-30,,1.41,1.41,1.09,210022000.0,1.4,89512000.0,172434000.0,172434000.0,,155651000.0,16783000.0,960813000.0,1602474000.0,,-4759000.0,80835000.0,,4069000.0,960813000.0,641661000.0,93159000.0,13129000.0,294926000.0,346735000.0,-84789000.0,261946000.0,1602474000.0,110300000.0,109962000.0,110932000.0
Pinnacle West Capital Corp,PNW,TWSEY0NEDUDCKS27AH81,764622,2013.0,Q1TTM,2012-04-01,2013-03-31,,3.78,3.78,2.15,407957000.0,3.75,254431000.0,446481000.0,451545000.0,-5064000.0,414243000.0,32238000.0,1906516000.0,3367825000.0,,-17922000.0,156869000.0,,5812000.0,1906516000.0,1461309000.0,191317000.0,24544000.0,570638000.0,890671000.0,-184695000.0,705976000.0,3367825000.0,111100000.0,109832000.0,110835000.0
Pinnacle West Capital Corp,PNW,TWSEY0NEDUDCKS27AH81,764622,2013.0,Q1,2013-01-01,2013-03-31,2014-05-02 08:35:14+00:00,0.22,0.22,,103730000.0,0.22,12469000.0,32836000.0,32836000.0,,24444000.0,8392000.0,453929000.0,686652000.0,,-2994000.0,40021000.0,,2049000.0,453929000.0,232723000.0,45488000.0,6864000.0,145800000.0,86923000.0,-41618000.0,45305000.0,686652000.0,111100000.0,109832000.0,110835000.0
Pinnacle West Capital Corp,PNW,TWSEY0NEDUDCKS27AH81,764622,2014.0,FY,2014-01-01,2014-12-31,2017-02-24 08:35:37+00:00,3.59,3.59,2.33,417358000.0,3.58,220705000.0,423696000.0,423696000.0,,397595000.0,26101000.0,2087854000.0,3491632000.0,,-12138000.0,172295000.0,,2883000.0,2087854000.0,1403778000.0,185493000.0,30790000.0,592536000.0,811242000.0,-166841000.0,644401000.0,3491632000.0,110800000.0,110626000.0,111178000.0
Pinnacle West Capital Corp,PNW,TWSEY0NEDUDCKS27AH81,764622,2014.0,Q4,2014-10-01,2014-12-31,,0.05,0.05,1.19,106776000.0,0.05,5007000.0,9535000.0,9535000.0,,5410000.0,4125000.0,517331000.0,726450000.0,,-10267000.0,41596000.0,,563000.0,517331000.0,209119000.0,44186000.0,8811000.0,148935000.0,60184000.0,-45642000.0,14542000.0,726450000.0,110800000.0,110626000.0,111178000.0
Pinnacle West Capital Corp,PNW,TWSEY0NEDUDCKS27AH81,764622,2014.0,Q3TTM,2013-10-01,2014-09-30,,3.76,3.76,2.28,408880000.0,3.75,224865000.0,446975000.0,446975000.0,,416445000.0,30530000.0,2045870000.0,3464944000.0,,-4157000.0,170775000.0,,4461000.0,2045870000.0,1419074000.0,187823000.0,28862000.0,584116000.0,834958000.0,-163118000.0,671840000.0,3464944000.0,110900000.0,110686000.0,111103000.0
Pinnacle West Capital Corp,PNW,TWSEY0NEDUDCKS27AH81,764622,2014.0,Q3,2014-07-01,2014-09-30,2015-10-30 08:33:55+00:00,2.2,2.2,,103660000.0,2.2,134753000.0,248086000.0,248086000.0,,243961000.0,4125000.0,605779000.0,1172667000.0,,-1827000.0,40850000.0,,603000.0,605779000.0,566888000.0,44147000.0,7038000.0,145113000.0,421775000.0,-38936000.0,382839000.0,1172667000.0,110900000.0,110686000.0,111103000.0
Pinnacle West Capital Corp,PNW,TWSEY0NEDUDCKS27AH81,764622,2014.0,Q3YTD,2014-01-01,2014-09-30,,3.54,3.54,1.14,310582000.0,3.53,215698000.0,414161000.0,414161000.0,,392185000.0,21976000.0,1570523000.0,2765182000.0,,-1871000.0,130699000.0,,2320000.0,1570523000.0,1194659000.0,141307000.0,21979000.0,443601000.0,751058000.0,-121199000.0,629859000.0,2765182000.0,110900000.0,110686000.0,111103000.0
Pinnacle West Capital Corp,PNW,TWSEY0NEDUDCKS27AH81,764622,2014.0,Q2TTM,2013-07-01,2014-06-30,,3.62,3.62,2.28,412608000.0,3.59,222024000.0,433607000.0,433607000.0,,398647000.0,34960000.0,2024367000.0,3444669000.0,,-9605000.0,173181000.0,,5642000.0,2024367000.0,1420302000.0,191028000.0,27393000.0,591431000.0,828871000.0,-173240000.0,655631000.0,3444669000.0,110400000.0,110565000.0,111002000.0
Pinnacle West Capital Corp,PNW,TWSEY0NEDUDCKS27AH81,764622,2014.0,Q2,2014-04-01,2014-06-30,2015-07-30 08:49:56+00:00,1.2,1.2,1.14,105150000.0,1.19,74540000.0,141384000.0,141384000.0,,132458000.0,8926000.0,502076000.0,906264000.0,,2273000.0,44004000.0,,921000.0,502076000.0,404188000.0,47961000.0,7499000.0,150075000.0,254113000.0,-38189000.0,215924000.0,906264000.0,110400000.0,110565000.0,111002000.0
Pinnacle West Capital Corp,PNW,TWSEY0NEDUDCKS27AH81,764622,2014.0,Q2YTD,2014-01-01,2014-06-30,,1.34,1.34,1.14,206922000.0,1.33,80945000.0,166075000.0,166075000.0,,148224000.0,17851000.0,964744000.0,1592515000.0,,-44000.0,89849000.0,,1717000.0,964744000.0,627771000.0,97160000.0,14941000.0,298488000.0,329283000.0,-82263000.0,247020000.0,1592515000.0,110400000.0,110565000.0,111002000.0
Pinnacle West Capital Corp,PNW,TWSEY0NEDUDCKS27AH81,764622,2014.0,Q1TTM,2013-04-01,2014-03-31,,3.61,3.61,2.23,413750000.0,3.58,224527000.0,431821000.0,431821000.0,,397396000.0,34425000.0,2029175000.0,3454227000.0,,-13643000.0,169991000.0,,6741000.0,2029175000.0,1425052000.0,190738000.0,26159000.0,590482000.0,834570000.0,-178222000.0,656348000.0,3454227000.0,112600000.0,110257000.0,110888000.0
Pinnacle West Capital Corp,PNW,TWSEY0NEDUDCKS27AH81,764622,2014.0,Q1,2014-01-01,2014-03-31,2015-05-01 08:33:39+00:00,0.14,0.14,,101772000.0,0.14,6405000.0,24691000.0,24691000.0,,15766000.0,8925000.0,462668000.0,686251000.0,,-2317000.0,45845000.0,,796000.0,462668000.0,223583000.0,49199000.0,7442000.0,148413000.0,75170000.0,-44074000.0,31096000.0,686251000.0,112600000.0,110257000.0,110888000.0
Pinnacle West Capital Corp,PNW,TWSEY0NEDUDCKS27AH81,764622,2015.0,FY,2015-01-01,2015-12-31,2018-02-23 08:35:47+00:00,3.94,3.94,2.44,494422000.0,3.92,237720000.0,456190000.0,456190000.0,,437257000.0,18933000.0,1969675000.0,3495443000.0,,-17202000.0,171812000.0,,4932000.0,1969675000.0,1525768000.0,178705000.0,35215000.0,671166000.0,854602000.0,-160692000.0,693910000.0,3495443000.0,111000000.0,111026000.0,111552000.0
Pinnacle West Capital Corp,PNW,TWSEY0NEDUDCKS27AH81,764622,2015.0,Q4,2015-10-01,2015-12-31,,0.36,0.36,1.25,125109000.0,0.38,22847000.0,45978000.0,45978000.0,,36255000.0,9723000.0,454756000.0,734430000.0,,-5318000.0,42323000.0,,2408000.0,454756000.0,279674000.0,44692000.0,9001000.0,169840000.0,109834000.0,-41009000.0,68825000.0,734430000.0,111000000.0,111026000.0,111552000.0
Pinnacle West Capital Corp,PNW,TWSEY0NEDUDCKS27AH81,764622,2015.0,Q3,2015-07-01,2015-09-30,2016-11-03 08:34:07+00:00,2.32,2.32,0.0,125625000.0,2.3,139555000.0,261978000.0,261978000.0,,261978000.0,,584296000.0,1199146000.0,,-5399000.0,43241000.0,,873000.0,584296000.0,614850000.0,45824000.0,7645000.0,169739000.0,445111000.0,-43578000.0,401533000.0,1199146000.0,112900000.0,111036000.0,111616000.0
Pinnacle West Capital Corp,PNW,TWSEY0NEDUDCKS27AH81,764622,2015.0,Q3YTD,2015-01-01,2015-09-30,,3.58,3.58,1.19,369313000.0,3.54,214873000.0,410212000.0,410212000.0,,401002000.0,9210000.0,1514919000.0,2761013000.0,,-11884000.0,129489000.0,,2524000.0,1514919000.0,1246094000.0,134013000.0,26214000.0,501326000.0,744768000.0,-119683000.0,625085000.0,2761013000.0,112900000.0,111036000.0,111616000.0
Pinnacle West Capital Corp,PNW,TWSEY0NEDUDCKS27AH81,764622,2015.0,Q3TTM,2014-10-01,2015-09-30,,3.63,3.63,2.38,476089000.0,3.59,219880000.0,419747000.0,419747000.0,,406412000.0,13335000.0,2032250000.0,3487463000.0,,-22151000.0,171085000.0,,3087000.0,2032250000.0,1455213000.0,178199000.0,35025000.0,650261000.0,804952000.0,-165325000.0,639627000.0,3487463000.0,112900000.0,111036000.0,111616000.0
Pinnacle West Capital Corp,PNW,TWSEY0NEDUDCKS27AH81,764622,2015.0,Q2,2015-04-01,2015-06-30,2016-08-02 08:35:50+00:00,1.11,1.11,1.19,122739000.0,1.1,67371000.0,127507000.0,127507000.0,,122902000.0,4605000.0,492442000.0,890648000.0,,-2434000.0,43032000.0,,462000.0,492442000.0,398206000.0,44006000.0,9345000.0,166233000.0,231973000.0,-37095000.0,194878000.0,890648000.0,110700000.0,110986000.0,111460000.0
Pinnacle West Capital Corp,PNW,TWSEY0NEDUDCKS27AH81,764622,2015.0,Q2YTD,2015-01-01,2015-06-30,,1.26,1.26,1.19,243688000.0,1.24,75318000.0,148234000.0,148234000.0,,139024000.0,9210000.0,930623000.0,1561867000.0,,-6485000.0,86248000.0,,1651000.0,930623000.0,631244000.0,88189000.0,18569000.0,331587000.0,299657000.0,-76105000.0,223552000.0,1561867000.0,110700000.0,110986000.0,111460000.0
Pinnacle West Capital Corp,PNW,TWSEY0NEDUDCKS27AH81,764622,2015.0,Q2TTM,2014-07-01,2015-06-30,,3.51,3.51,2.38,454124000.0,3.49,215078000.0,405855000.0,405855000.0,,388395000.0,17460000.0,2053733000.0,3460984000.0,,-18579000.0,168694000.0,,2817000.0,2053733000.0,1407251000.0,176522000.0,34418000.0,625635000.0,781616000.0,-160683000.0,620933000.0,3460984000.0,110700000.0,110986000.0,111460000.0
Pinnacle West Capital Corp,PNW,TWSEY0NEDUDCKS27AH81,764622,2015.0,Q1,2015-01-01,2015-03-31,2016-04-29 08:32:36+00:00,0.15,0.15,,120949000.0,0.14,7947000.0,20727000.0,20727000.0,,16122000.0,4605000.0,438181000.0,671219000.0,,-4051000.0,43216000.0,,1189000.0,438181000.0,233038000.0,44183000.0,9224000.0,165354000.0,67684000.0,-39010000.0,28674000.0,671219000.0,107500000.0,110916000.0,111377000.0
Pinnacle West Capital Corp,PNW,TWSEY0NEDUDCKS27AH81,764622,2015.0,Q1TTM,2014-04-01,2015-03-31,,3.6,3.6,2.33,436535000.0,3.58,222247000.0,419732000.0,419732000.0,,397951000.0,21781000.0,2063367000.0,3476600000.0,,-13872000.0,169666000.0,,3276000.0,2063367000.0,1413233000.0,180477000.0,32572000.0,609477000.0,803756000.0,-161777000.0,641979000.0,3476600000.0,107500000.0,110916000.0,111377000.0
Pinnacle West Capital Corp,PNW,TWSEY0NEDUDCKS27AH81,764622,2016.0,FY,2016-01-01,2016-12-31,2019-02-22 08:37:14+00:00,3.97,3.97,2.56,485829000.0,3.95,236411000.0,461527000.0,461527000.0,,442034000.0,19493000.0,2007202000.0,3498682000.0,,5937000.0,166499000.0,,3541000.0,2007202000.0,1491480000.0,185750000.0,42140000.0,655869000.0,835611000.0,-137673000.0,697938000.0,3498682000.0,111300000.0,111409000.0,112046000.0
Pinnacle West Capital Corp,PNW,TWSEY0NEDUDCKS27AH81,764622,2016.0,Q4,2016-10-01,2016-12-31,,0.48,0.48,1.31,122852000.0,0.48,27309000.0,58119000.0,58119000.0,,48373000.0,9746000.0,471907000.0,739199000.0,,17637000.0,40597000.0,,1400000.0,471907000.0,267292000.0,45713000.0,11061000.0,164849000.0,102443000.0,-17015000.0,85428000.0,739199000.0,111300000.0,111409000.0,112046000.0
Pinnacle West Capital Corp,PNW,TWSEY0NEDUDCKS27AH81,764622,2016.0,Q3,2016-07-01,2016-09-30,2017-11-03 08:35:02+00:00,2.36,2.36,0.0,120428000.0,2.35,141446000.0,267900000.0,267900000.0,,263027000.0,4873000.0,553688000.0,1166922000.0,,-5134000.0,41284000.0,,264000.0,553688000.0,613234000.0,46972000.0,10194000.0,161976000.0,451258000.0,-41912000.0,409346000.0,1166922000.0,111500000.0,111416000.0,112100000.0
Pinnacle West Capital Corp,PNW,TWSEY0NEDUDCKS27AH81,764622,2016.0,Q3YTD,2016-01-01,2016-09-30,,3.49,3.49,1.25,362977000.0,3.47,209102000.0,403408000.0,403408000.0,,393661000.0,9747000.0,1535295000.0,2759483000.0,,-11700000.0,125902000.0,,2141000.0,1535295000.0,1224188000.0,140037000.0,31079000.0,491020000.0,733168000.0,-120658000.0,612510000.0,2759483000.0,111500000.0,111416000.0,112100000.0
Pinnacle West Capital Corp,PNW,TWSEY0NEDUDCKS27AH81,764622,2016.0,Q3TTM,2015-10-01,2016-09-30,,3.85,3.85,2.5,488086000.0,3.85,231949000.0,449386000.0,449386000.0,,429916000.0,19470000.0,1990051000.0,3493913000.0,,-17018000.0,168225000.0,,4549000.0,1990051000.0,1503862000.0,184729000.0,40080000.0,660860000.0,843002000.0,-161667000.0,681335000.0,3493913000.0,111500000.0,111416000.0,112100000.0
Pinnacle West Capital Corp,PNW,TWSEY0NEDUDCKS27AH81,764622,2016.0,Q2,2016-04-01,2016-06-30,2017-08-03 08:36:53+00:00,1.09,1.09,1.25,123073000.0,1.08,65742000.0,126182000.0,126182000.0,,121308000.0,4874000.0,517127000.0,915394000.0,,-2645000.0,42117000.0,,1329000.0,517127000.0,398267000.0,47548000.0,10369000.0,166519000.0,231748000.0,-39824000.0,191924000.0,915394000.0,111300000.0,111368000.0,112004000.0
Pinnacle West Capital Corp,PNW,TWSEY0NEDUDCKS27AH81,764622,2016.0,Q2YTD,2016-01-01,2016-06-30,,1.13,1.13,1.25,242549000.0,1.12,67656000.0,135508000.0,135508000.0,,130634000.0,4874000.0,981607000.0,1592561000.0,,-6566000.0,84618000.0,,1877000.0,981607000.0,610954000.0,93065000.0,20885000.0,329044000.0,281910000.0,-78746000.0,203164000.0,1592561000.0,111300000.0,111368000.0,112004000.0
Pinnacle West Capital Corp,PNW,TWSEY0NEDUDCKS27AH81,764622,2016.0,Q2TTM,2015-07-01,2016-06-30,,3.81,3.81,2.5,493283000.0,3.8,230058000.0,443464000.0,443464000.0,,428867000.0,14597000.0,2020659000.0,3526137000.0,,-17283000.0,170182000.0,,5158000.0,2020659000.0,1505478000.0,183581000.0,37531000.0,668623000.0,836855000.0,-163333000.0,673522000.0,3526137000.0,111300000.0,111368000.0,112004000.0
Pinnacle West Capital Corp,PNW,TWSEY0NEDUDCKS27AH81,764622,2016.0,Q1,2016-01-01,2016-03-31,2017-05-02 08:35:59+00:00,0.04,0.04,,119476000.0,0.04,1914000.0,9326000.0,9326000.0,,9326000.0,,464480000.0,677167000.0,,-3921000.0,42501000.0,,548000.0,464480000.0,212687000.0,45517000.0,10516000.0,162525000.0,50162000.0,-38922000.0,11240000.0,677167000.0,233200000.0,111296000.0,111847000.0
Pinnacle West Capital Corp,PNW,TWSEY0NEDUDCKS27AH81,764622,2016.0,Q1TTM,2015-04-01,2016-03-31,,3.83,3.83,2.44,492949000.0,3.82,231687000.0,444789000.0,444789000.0,,430461000.0,14328000.0,1995974000.0,3501391000.0,,-17072000.0,171097000.0,,4291000.0,1995974000.0,1505417000.0,180039000.0,36507000.0,668337000.0,837080000.0,-160604000.0,676476000.0,3501391000.0,233200000.0,111296000.0,111847000.0
Pinnacle West Capital Corp,PNW,TWSEY0NEDUDCKS27AH81,764622,2017.0,FY,2017-01-01,2017-12-31,2020-02-21 08:37:06+00:00,4.37,4.37,2.7,534118000.0,4.35,258272000.0,507949000.0,507949000.0,,488456000.0,19493000.0,1930408000.0,3565296000.0,,7131000.0,184347000.0,,6660000.0,1930408000.0,1634888000.0,197684000.0,47011000.0,725125000.0,909763000.0,-143542000.0,766221000.0,3565296000.0,111800000.0,111839000.0,112367000.0
Pinnacle West Capital Corp,PNW,TWSEY0NEDUDCKS27AH81,764622,2017.0,Q4,2017-10-01,2017-12-31,,0.19,0.19,1.39,146840000.0,0.19,20775000.0,26502000.0,26502000.0,,21629000.0,4873000.0,475038000.0,759659000.0,,-2030000.0,51053000.0,,1181000.0,475038000.0,284621000.0,50585000.0,14345000.0,199074000.0,85547000.0,-38270000.0,47277000.0,759659000.0,111800000.0,111839000.0,112367000.0
Pinnacle West Capital Corp,PNW,TWSEY0NEDUDCKS27AH81,764622,2017.0,Q3,2017-07-01,2017-09-30,2018-11-08 08:36:48+00:00,2.47,2.47,,133912000.0,2.46,144319000.0,280945000.0,280945000.0,,276072000.0,4873000.0,541308000.0,1183322000.0,,2632000.0,45169000.0,,3385000.0,541308000.0,642014000.0,49644000.0,12728000.0,182466000.0,459548000.0,-34284000.0,425264000.0,1183322000.0,111800000.0,111835000.0,112401000.0
Pinnacle West Capital Corp,PNW,TWSEY0NEDUDCKS27AH81,764622,2017.0,Q3YTD,2017-01-01,2017-09-30,,4.18,4.18,1.31,387278000.0,4.16,237497000.0,481447000.0,481447000.0,,466827000.0,14620000.0,1455370000.0,2805637000.0,,9161000.0,133294000.0,,5479000.0,1455370000.0,1350267000.0,147099000.0,32666000.0,526051000.0,824216000.0,-105272000.0,718944000.0,2805637000.0,111800000.0,111835000.0,112401000.0
Pinnacle West Capital Corp,PNW,TWSEY0NEDUDCKS27AH81,764622,2017.0,Q3TTM,2016-10-01,2017-09-30,,4.66,4.66,2.62,510130000.0,4.64,264806000.0,539566000.0,539566000.0,,515200000.0,24366000.0,1927277000.0,3544836000.0,,26798000.0,173891000.0,,6879000.0,1927277000.0,1617559000.0,192812000.0,43727000.0,690900000.0,926659000.0,-122287000.0,804372000.0,3544836000.0,111800000.0,111835000.0,112401000.0
Pinnacle West Capital Corp,PNW,TWSEY0NEDUDCKS27AH81,764622,2017.0,Q2,2017-04-01,2017-06-30,2018-08-03 08:35:09+00:00,1.5,1.5,1.31,125739000.0,1.49,88967000.0,172317000.0,172317000.0,,167443000.0,4874000.0,475596000.0,944587000.0,,3634000.0,44289000.0,,1706000.0,475596000.0,468991000.0,50063000.0,10456000.0,171734000.0,297257000.0,-35973000.0,261284000.0,944587000.0,111600000.0,111797000.0,112345000.0
Pinnacle West Capital Corp,PNW,TWSEY0NEDUDCKS27AH81,764622,2017.0,Q2YTD,2017-01-01,2017-06-30,,1.71,1.71,1.31,253366000.0,1.7,93178000.0,200502000.0,200502000.0,,190755000.0,9747000.0,914062000.0,1622315000.0,,6529000.0,88125000.0,,2094000.0,914062000.0,708253000.0,97455000.0,19938000.0,343585000.0,364668000.0,-70988000.0,293680000.0,1622315000.0,111600000.0,111797000.0,112345000.0
Pinnacle West Capital Corp,PNW,TWSEY0NEDUDCKS27AH81,764622,2017.0,Q2TTM,2016-07-01,2017-06-30,,4.55,4.55,2.62,496646000.0,4.53,261933000.0,526521000.0,526521000.0,,502155000.0,24366000.0,1939657000.0,3528436000.0,,19032000.0,170006000.0,,3758000.0,1939657000.0,1588779000.0,190140000.0,41193000.0,670410000.0,918369000.0,-129915000.0,788454000.0,3528436000.0,111600000.0,111797000.0,112345000.0
Pinnacle West Capital Corp,PNW,TWSEY0NEDUDCKS27AH81,764622,2017.0,Q1,2017-01-01,2017-03-31,2018-05-02 08:35:14+00:00,0.21,0.21,,127627000.0,0.21,4211000.0,28185000.0,28185000.0,,23312000.0,4873000.0,438466000.0,677728000.0,,2895000.0,43836000.0,,388000.0,438466000.0,239262000.0,47392000.0,9482000.0,171851000.0,67411000.0,-35015000.0,32396000.0,677728000.0,111000000.0,111728000.0,112195000.0
Pinnacle West Capital Corp,PNW,TWSEY0NEDUDCKS27AH81,764622,2017.0,Q1TTM,2016-04-01,2017-03-31,,4.14,4.14,2.56,493980000.0,4.12,238708000.0,480386000.0,480386000.0,,456020000.0,24366000.0,1981188000.0,3499243000.0,,12753000.0,167834000.0,,3381000.0,1981188000.0,1518055000.0,187625000.0,41106000.0,665195000.0,852860000.0,-133766000.0,719094000.0,3499243000.0,111000000.0,111728000.0,112195000.0
Pinnacle West Capital Corp,PNW,TWSEY0NEDUDCKS27AH81,764622,2018.0,FY,2018-01-01,2018-12-31,2020-02-21 08:37:06+00:00,4.56,4.56,2.87,582354000.0,4.54,133902000.0,530540000.0,530540000.0,,511047000.0,19493000.0,2112860000.0,3691247000.0,,56721000.0,212849000.0,,9497000.0,2112860000.0,1578387000.0,218285000.0,52319000.0,804700000.0,773687000.0,-109245000.0,664442000.0,3691247000.0,112100000.0,112129000.0,112550000.0
Pinnacle West Capital Corp,PNW,TWSEY0NEDUDCKS27AH81,764622,2018.0,Q4,2018-10-01,2018-12-31,,0.23,0.23,2.87,146122000.0,0.23,6795000.0,34170000.0,30949000.0,,29297000.0,4873000.0,488103000.0,756376000.0,3221000.0,13929000.0,54267000.0,,1000000.0,488103000.0,268273000.0,55977000.0,12908000.0,201389000.0,66884000.0,-29140000.0,37744000.0,756376000.0,112100000.0,112129000.0,112550000.0
Pinnacle West Capital Corp,PNW,TWSEY0NEDUDCKS27AH81,764622,2018.0,Q3,2018-07-01,2018-09-30,2019-11-07 08:36:49+00:00,2.81,2.81,,145971000.0,2.8,84333000.0,319885000.0,319885000.0,,315012000.0,4873000.0,636481000.0,1268034000.0,,14344000.0,51375000.0,,900000.0,636481000.0,631553000.0,55692000.0,12259000.0,198246000.0,433307000.0,-29089000.0,404218000.0,1268034000.0,112100000.0,112148000.0,112533000.0
Pinnacle West Capital Corp,PNW,TWSEY0NEDUDCKS27AH81,764622,2018.0,Q3YTD,2018-01-01,2018-09-30,,4.33,4.33,,436232000.0,4.31,127107000.0,496370000.0,499591000.0,,481750000.0,14620000.0,1624757000.0,2934871000.0,-3221000.0,42792000.0,158582000.0,,8497000.0,1624757000.0,1310114000.0,162308000.0,39411000.0,603311000.0,706803000.0,-80105000.0,626698000.0,2934871000.0,112100000.0,112148000.0,112533000.0
Pinnacle West Capital Corp,PNW,TWSEY0NEDUDCKS27AH81,764622,2018.0,Q3TTM,2017-10-01,2018-09-30,,4.52,4.52,1.39,583072000.0,4.5,147882000.0,522872000.0,526093000.0,,503379000.0,19493000.0,2099795000.0,3694530000.0,-3221000.0,40762000.0,209635000.0,,9678000.0,2099795000.0,1594735000.0,212893000.0,53756000.0,802385000.0,792350000.0,-118375000.0,673975000.0,3694530000.0,112100000.0,112148000.0,112533000.0
Pinnacle West Capital Corp,PNW,TWSEY0NEDUDCKS27AH81,764622,2018.0,Q2,2018-04-01,2018-06-30,2019-08-08 08:36:13+00:00,1.49,1.49,,145436000.0,1.48,44039000.0,171612000.0,171612000.0,,166738000.0,4874000.0,525484000.0,974123000.0,,14833000.0,53607000.0,,7434000.0,525484000.0,448639000.0,54417000.0,13073000.0,206477000.0,242162000.0,-26511000.0,215651000.0,974123000.0,111900000.0,112115000.0,112471000.0
Pinnacle West Capital Corp,PNW,TWSEY0NEDUDCKS27AH81,764622,2018.0,Q2YTD,2018-01-01,2018-06-30,,1.52,1.52,,290261000.0,1.51,42774000.0,176485000.0,179706000.0,,166738000.0,9747000.0,988276000.0,1666837000.0,-3221000.0,28448000.0,107207000.0,,7597000.0,988276000.0,678561000.0,106616000.0,27152000.0,405065000.0,273496000.0,-51016000.0,222480000.0,1666837000.0,111900000.0,112115000.0,112471000.0
Pinnacle West Capital Corp,PNW,TWSEY0NEDUDCKS27AH81,764622,2018.0,Q2TTM,2017-07-01,2018-06-30,,4.18,4.18,1.39,571013000.0,4.16,207868000.0,483932000.0,487153000.0,,464439000.0,19493000.0,2004622000.0,3609818000.0,-3221000.0,29050000.0,203429000.0,,12163000.0,2004622000.0,1605196000.0,206845000.0,54225000.0,786605000.0,818591000.0,-123570000.0,695021000.0,3609818000.0,111900000.0,112115000.0,112471000.0
Pinnacle West Capital Corp,PNW,TWSEY0NEDUDCKS27AH81,764622,2018.0,Q1TTM,2017-04-01,2018-03-31,,4.19,4.19,2.7,551316000.0,4.17,252796000.0,484637000.0,487858000.0,,465144000.0,19493000.0,1954734000.0,3580282000.0,-3221000.0,17851000.0,194111000.0,,6435000.0,1954734000.0,1625548000.0,202491000.0,51608000.0,751862000.0,873686000.0,-133032000.0,740654000.0,3580282000.0,,112017000.0,112493000.0
Pinnacle West Capital Corp,PNW,TWSEY0NEDUDCKS27AH81,764622,2019.0,Q4,2019-10-01,2019-12-31,,0.57,0.57,3.04,145398000.0,0.56,-88537000.0,68854000.0,68854000.0,,63981000.0,4873000.0,454422000.0,670391000.0,,17335000.0,54590000.0,,3984000.0,454422000.0,215969000.0,55769000.0,6754000.0,203972000.0,11997000.0,-31680000.0,-19683000.0,670391000.0,112400000.0,112443000.0,112758000.0
Pinnacle West Capital Corp,PNW,TWSEY0NEDUDCKS27AH81,764622,2019.0,FY,2019-01-01,2019-12-31,2020-02-21 08:37:06+00:00,4.79,4.79,3.04,590929000.0,4.77,-15773000.0,557813000.0,557813000.0,,538320000.0,19493000.0,1983853000.0,3471209000.0,,55372000.0,218579000.0,,5888000.0,1983853000.0,1487356000.0,216723000.0,31431000.0,815396000.0,671960000.0,-129920000.0,542040000.0,3471209000.0,112400000.0,112443000.0,112758000.0
Pinnacle West Capital Corp,PNW,TWSEY0NEDUDCKS27AH81,764622,2019.0,Q3,2019-07-01,2019-09-30,2019-11-07 08:36:49+00:00,2.78,2.78,,149450000.0,2.77,53266000.0,317149000.0,317149000.0,,312276000.0,4873000.0,583444000.0,1190787000.0,,15203000.0,53809000.0,,794000.0,583444000.0,607343000.0,53995000.0,5917000.0,204053000.0,403290000.0,-32875000.0,370415000.0,1190787000.0,112300000.0,112463000.0,112746000.0
Pinnacle West Capital Corp,PNW,TWSEY0NEDUDCKS27AH81,764622,2019.0,Q3YTD,2019-01-01,2019-09-30,,4.22,4.22,,445531000.0,4.21,72764000.0,488959000.0,488959000.0,,474339000.0,14620000.0,1529431000.0,2800818000.0,,38037000.0,163989000.0,,1904000.0,1529431000.0,1271387000.0,160954000.0,24677000.0,611424000.0,659963000.0,-98240000.0,561723000.0,2800818000.0,112300000.0,112463000.0,112746000.0
Pinnacle West Capital Corp,PNW,TWSEY0NEDUDCKS27AH81,764622,2019.0,Q3TTM,2018-10-01,2019-09-30,,4.45,4.45,2.87,591653000.0,4.44,79559000.0,523129000.0,519908000.0,,503636000.0,19493000.0,2017534000.0,3557194000.0,3221000.0,51966000.0,218256000.0,,2904000.0,2017534000.0,1539660000.0,216931000.0,37585000.0,812813000.0,726847000.0,-127380000.0,599467000.0,3557194000.0,112300000.0,112463000.0,112746000.0
Pinnacle West Capital Corp,PNW,TWSEY0NEDUDCKS27AH81,764622,2019.0,Q2,2019-04-01,2019-06-30,2019-08-08 08:36:13+00:00,1.28,1.28,,147374000.0,1.28,17080000.0,149019000.0,149019000.0,,144145000.0,4874000.0,469765000.0,869501000.0,,14909000.0,55090000.0,,683000.0,469765000.0,399736000.0,52971000.0,7572000.0,203147000.0,196589000.0,-30490000.0,166099000.0,869501000.0,112600000.0,112337000.0,112651000.0
Pinnacle West Capital Corp,PNW,TWSEY0NEDUDCKS27AH81,764622,2019.0,Q2YTD,2019-01-01,2019-06-30,,1.44,1.44,,296081000.0,1.44,19498000.0,171810000.0,171810000.0,,162063000.0,9747000.0,945987000.0,1610031000.0,,22834000.0,110180000.0,,1110000.0,945987000.0,664044000.0,106959000.0,18760000.0,407371000.0,256673000.0,-65365000.0,191308000.0,1610031000.0,112600000.0,112337000.0,112651000.0
Pinnacle West Capital Corp,PNW,TWSEY0NEDUDCKS27AH81,764622,2019.0,Q2TTM,2018-07-01,2019-06-30,,4.48,4.48,2.87,588174000.0,4.47,110626000.0,525865000.0,522644000.0,,506372000.0,19493000.0,2070571000.0,3634441000.0,3221000.0,51107000.0,215822000.0,,3010000.0,2070571000.0,1563870000.0,218628000.0,43927000.0,807006000.0,756864000.0,-123594000.0,633270000.0,3634441000.0,112600000.0,112337000.0,112651000.0
Pinnacle West Capital Corp,PNW,TWSEY0NEDUDCKS27AH81,764622,2019.0,Q1,2019-01-01,2019-03-31,2020-05-08 08:36:34+00:00,0.16,0.16,,148707000.0,0.16,2418000.0,22791000.0,22791000.0,,17918000.0,4873000.0,476222000.0,740530000.0,,7925000.0,55090000.0,,427000.0,476222000.0,264308000.0,53988000.0,11188000.0,204224000.0,60084000.0,-34875000.0,25209000.0,740530000.0,112000000.0,112337000.0,112735000.0
Pinnacle West Capital Corp,PNW,TWSEY0NEDUDCKS27AH81,764622,2019.0,Q1TTM,2018-04-01,2019-03-31,,4.69,4.69,2.87,586236000.0,4.67,137585000.0,548458000.0,545237000.0,,528965000.0,19493000.0,2126290000.0,3739063000.0,3221000.0,51031000.0,214339000.0,,9761000.0,2126290000.0,1612773000.0,220074000.0,49428000.0,810336000.0,802437000.0,-119615000.0,682822000.0,3739063000.0,112000000.0,112337000.0,112735000.0
Pinnacle West Capital Corp,PNW,TWSEY0NEDUDCKS27AH81,764622,2020.0,Q1TTM,2019-04-01,2020-03-31,,4.9,4.9,3.04,596301000.0,4.88,-38400000.0,569888000.0,569888000.0,,550395000.0,19493000.0,1917470000.0,3392609000.0,,69143000.0,220257000.0,,6283000.0,1917470000.0,1475139000.0,217893000.0,27940000.0,822841000.0,652298000.0,-120810000.0,531488000.0,3392609000.0,111100000.0,112594000.0,112862000.0
Pinnacle West Capital Corp,PNW,TWSEY0NEDUDCKS27AH81,764622,2020.0,Q1,2020-01-01,2020-03-31,2020-05-08 08:36:34+00:00,0.27,0.27,,154079000.0,0.27,-20209000.0,34866000.0,34866000.0,,29993000.0,4873000.0,409839000.0,661930000.0,,21696000.0,56768000.0,,822000.0,409839000.0,252091000.0,55158000.0,7697000.0,211669000.0,40422000.0,-25765000.0,14657000.0,661930000.0,111100000.0,112594000.0,112862000.0
