company_name,company_ticker,company_lei,company_cik,year,quarter,start_date,end_date,filing_date,amortizationexpense,basicdilutedeps,basiceps,cashdividendspershare,dilutedeps,incometaxexpense,marketingexpense,netincome,netincomecontinuing,netincomediscontinued,netincometocommon,netincometononcontrollinginterest,operatingcostofrevenue,operatingrevenue,othergains,otherincome,rdexpense,restructuringcharge,sgaexpense,totalcostofrevenue,totalgrossprofit,totalinterestexpense,totaloperatingexpenses,totaloperatingincome,totalotherincome,totalpretaxincome,totalrevenue,weightedavebasicdilutedsharesos,weightedavebasicsharesos,weightedavedilutedsharesos
Verisign Inc,VRSN,LMPL4N8ZOJRMF0KOF759,1014473,2007.0,FY,2007-01-01,2007-12-31,2010-02-26 17:22:02+00:00,21091000.0,-0.63,-0.63,,-0.63,-3451000.0,242127000.0,-146507000.0,-135678000.0,-10829000.0,-150347000.0,3840000.0,240119000.0,850509000.0,-2018000.0,94407000.0,94434000.0,236219000.0,248037000.0,240119000.0,610390000.0,,841908000.0,-231518000.0,94407000.0,-137111000.0,850509000.0,238600000.0,237707000.0,237707000.0
Verisign Inc,VRSN,LMPL4N8ZOJRMF0KOF759,1014473,2008.0,FY,2008-01-01,2008-12-31,2011-02-24 15:23:27+00:00,,-1.9,-1.9,,-1.87,-12070000.0,84843000.0,-390260000.0,31686000.0,-421946000.0,-374251000.0,-16009000.0,160845000.0,558896000.0,-3868000.0,93887000.0,61750000.0,108597000.0,168873000.0,160845000.0,398051000.0,44391000.0,424063000.0,-26012000.0,49496000.0,23484000.0,558896000.0,197000000.0,197201000.0,200602000.0
Verisign Inc,VRSN,LMPL4N8ZOJRMF0KOF759,1014473,2008.0,Q3,2008-07-01,2008-09-30,2009-11-06 16:45:54+00:00,2500000.0,-1.04,-1.04,,-1.03,8876000.0,41646000.0,-200275000.0,42338000.0,-242613000.0,-201090000.0,815000.0,57265000.0,245934000.0,-2509000.0,-13450000.0,21764000.0,5909000.0,49677000.0,57265000.0,188669000.0,,121496000.0,67173000.0,-13450000.0,53723000.0,245934000.0,193400000.0,193853000.0,195930000.0
Verisign Inc,VRSN,LMPL4N8ZOJRMF0KOF759,1014473,2008.0,Q2,2008-04-01,2008-06-30,2009-08-06 16:56:08+00:00,2537000.0,-0.35,-0.35,,-0.35,-8059000.0,43550000.0,-68189000.0,-13028000.0,-55161000.0,-69178000.0,989000.0,55748000.0,242033000.0,1171000.0,-5219000.0,23540000.0,85123000.0,48574000.0,55748000.0,186285000.0,,203324000.0,-17039000.0,-5219000.0,-22258000.0,242033000.0,197700000.0,195515000.0,195515000.0
Verisign Inc,VRSN,LMPL4N8ZOJRMF0KOF759,1014473,2009.0,Q4,2009-10-01,2009-12-31,,-3221000.0,0.48,0.48,,0.48,-9990000.0,-1502000.0,93353000.0,6496000.0,86857000.0,92048000.0,1305000.0,18690000.0,51245000.0,,35826000.0,4351000.0,-351000.0,25247000.0,18690000.0,32555000.0,47351000.0,24524000.0,8031000.0,-11525000.0,-3494000.0,51245000.0,191800000.0,191821000.0,192575000.0
Verisign Inc,VRSN,LMPL4N8ZOJRMF0KOF759,1014473,2009.0,FY,2009-01-01,2009-12-31,2012-02-24 13:45:04+00:00,,1.28,1.28,,1.28,32935000.0,75348000.0,249239000.0,91617000.0,157622000.0,245553000.0,3686000.0,166705000.0,615947000.0,,11945000.0,52364000.0,15041000.0,146531000.0,166705000.0,449242000.0,47351000.0,289284000.0,159958000.0,-35406000.0,124552000.0,615947000.0,191800000.0,191821000.0,192575000.0
Verisign Inc,VRSN,LMPL4N8ZOJRMF0KOF759,1014473,2009.0,Q3YTD,2009-01-01,2009-09-30,,3221000.0,0.8,0.8,,0.8,42925000.0,76850000.0,155886000.0,85121000.0,70765000.0,153505000.0,2381000.0,148015000.0,564702000.0,,-23881000.0,48013000.0,15392000.0,121284000.0,148015000.0,416687000.0,,264760000.0,151927000.0,-23881000.0,128046000.0,564702000.0,191500000.0,192619000.0,193472000.0
Verisign Inc,VRSN,LMPL4N8ZOJRMF0KOF759,1014473,2009.0,Q3,2009-07-01,2009-09-30,2010-10-29 10:43:19+00:00,,0.28,0.28,,0.28,4132000.0,20545000.0,54599000.0,20900000.0,33699000.0,53611000.0,988000.0,42159000.0,156807000.0,,-9056000.0,13245000.0,11455000.0,35315000.0,42159000.0,114648000.0,,80560000.0,34088000.0,-9056000.0,25032000.0,156807000.0,191500000.0,192619000.0,193472000.0
Verisign Inc,VRSN,LMPL4N8ZOJRMF0KOF759,1014473,2009.0,Q2YTD,2009-01-01,2009-06-30,,3221000.0,0.52,0.52,,0.52,38793000.0,56305000.0,101287000.0,64221000.0,37066000.0,99894000.0,1393000.0,105856000.0,407895000.0,,-14825000.0,34768000.0,3937000.0,85969000.0,105856000.0,302039000.0,,184200000.0,117839000.0,-14825000.0,103014000.0,407895000.0,193700000.0,192649000.0,193426000.0
Verisign Inc,VRSN,LMPL4N8ZOJRMF0KOF759,1014473,2009.0,Q2,2009-04-01,2009-06-30,2010-08-03 13:12:04+00:00,,0.18,0.18,,0.18,15593000.0,18116000.0,35772000.0,16904000.0,18868000.0,34874000.0,898000.0,42977000.0,154338000.0,,-10485000.0,12985000.0,-61000.0,37339000.0,42977000.0,111361000.0,,68379000.0,42982000.0,-10485000.0,32497000.0,154338000.0,193700000.0,192649000.0,193426000.0
Verisign Inc,VRSN,LMPL4N8ZOJRMF0KOF759,1014473,2009.0,Q1,2009-01-01,2009-03-31,2010-04-28 16:32:56+00:00,3221000.0,0.34,0.34,,0.34,23200000.0,38189000.0,65515000.0,47317000.0,18198000.0,65020000.0,495000.0,62879000.0,253557000.0,,-4340000.0,21783000.0,3998000.0,48630000.0,62879000.0,190678000.0,,115821000.0,74857000.0,-4340000.0,70517000.0,253557000.0,191200000.0,192311000.0,192804000.0
Verisign Inc,VRSN,LMPL4N8ZOJRMF0KOF759,1014473,2010.0,Q4,2010-10-01,2010-12-31,,,-0.31,-0.31,3.0,-0.31,-14990000.0,20529000.0,-40505000.0,-31667000.0,-8838000.0,-40505000.0,,38265000.0,178829000.0,,7420000.0,13181000.0,2819000.0,36549000.0,38265000.0,140564000.0,121563000.0,73078000.0,67486000.0,-114143000.0,-46657000.0,178829000.0,177600000.0,177534000.0,178965000.0
Verisign Inc,VRSN,LMPL4N8ZOJRMF0KOF759,1014473,2010.0,FY,2010-01-01,2010-12-31,2013-02-28 17:01:41+00:00,,4.68,4.68,3.0,4.64,25322000.0,83390000.0,833854000.0,70032000.0,763822000.0,830967000.0,2887000.0,156676000.0,680578000.0,,20738000.0,53664000.0,16861000.0,137704000.0,156676000.0,523902000.0,157667000.0,291619000.0,232283000.0,-136929000.0,95354000.0,680578000.0,177600000.0,177534000.0,178965000.0
Verisign Inc,VRSN,LMPL4N8ZOJRMF0KOF759,1014473,2010.0,Q3YTD,2010-01-01,2010-09-30,,,4.99,4.99,,4.95,40312000.0,62861000.0,874359000.0,101699000.0,772660000.0,871472000.0,2887000.0,118411000.0,501749000.0,,13318000.0,40483000.0,14042000.0,101155000.0,118411000.0,383338000.0,36104000.0,218541000.0,164797000.0,-22786000.0,142011000.0,501749000.0,173700000.0,173572000.0,175034000.0
Verisign Inc,VRSN,LMPL4N8ZOJRMF0KOF759,1014473,2010.0,Q3TTM,2009-10-01,2010-09-30,,-3221000.0,5.47,5.47,,5.43,30322000.0,61359000.0,967712000.0,108195000.0,859517000.0,963520000.0,4192000.0,137101000.0,552994000.0,,49144000.0,44834000.0,13691000.0,126402000.0,137101000.0,415893000.0,83455000.0,243065000.0,172828000.0,-34311000.0,138517000.0,552994000.0,173700000.0,173572000.0,175034000.0
Verisign Inc,VRSN,LMPL4N8ZOJRMF0KOF759,1014473,2010.0,Q3,2010-07-01,2010-09-30,2011-10-28 14:03:52+00:00,,4.52,4.52,,4.48,7267000.0,18412000.0,785545000.0,45105000.0,740440000.0,784903000.0,642000.0,39751000.0,172286000.0,,4640000.0,14468000.0,6269000.0,33514000.0,39751000.0,132535000.0,12140000.0,72663000.0,59872000.0,-7500000.0,52372000.0,172286000.0,173700000.0,173572000.0,175034000.0
Verisign Inc,VRSN,LMPL4N8ZOJRMF0KOF759,1014473,2010.0,Q2YTD,2010-01-01,2010-06-30,,,0.47,0.47,,0.47,33045000.0,44449000.0,88814000.0,56594000.0,32220000.0,86569000.0,2245000.0,78660000.0,329463000.0,,8678000.0,26015000.0,7773000.0,67641000.0,78660000.0,250803000.0,23964000.0,145878000.0,104925000.0,-15286000.0,89639000.0,329463000.0,185300000.0,181120000.0,182753000.0
Verisign Inc,VRSN,LMPL4N8ZOJRMF0KOF759,1014473,2010.0,Q2TTM,2009-07-01,2010-06-30,,-3221000.0,1.23,1.23,,1.23,27187000.0,63492000.0,236766000.0,83990000.0,152776000.0,232228000.0,4538000.0,139509000.0,537515000.0,,35448000.0,43611000.0,18877000.0,128203000.0,139509000.0,398006000.0,71315000.0,250962000.0,147044000.0,-35867000.0,111177000.0,537515000.0,185300000.0,181120000.0,182753000.0
Verisign Inc,VRSN,LMPL4N8ZOJRMF0KOF759,1014473,2010.0,Q2,2010-04-01,2010-06-30,2011-07-29 15:54:18+00:00,,0.19,0.19,,0.19,16121000.0,23139000.0,36374000.0,26585000.0,9789000.0,35213000.0,1161000.0,39846000.0,167881000.0,,3850000.0,13738000.0,7539000.0,32797000.0,39846000.0,128035000.0,11966000.0,77213000.0,50822000.0,-8116000.0,42706000.0,167881000.0,185300000.0,181120000.0,182753000.0
Verisign Inc,VRSN,LMPL4N8ZOJRMF0KOF759,1014473,2010.0,Q1TTM,2009-04-01,2010-03-31,,-3221000.0,1.22,1.22,,1.22,26659000.0,58469000.0,236164000.0,74309000.0,161855000.0,231889000.0,4275000.0,142640000.0,523972000.0,,21113000.0,42858000.0,11277000.0,132745000.0,142640000.0,381332000.0,59349000.0,242128000.0,139204000.0,-38236000.0,100968000.0,523972000.0,183400000.0,183174000.0,184259000.0
Verisign Inc,VRSN,LMPL4N8ZOJRMF0KOF759,1014473,2010.0,Q1,2010-01-01,2010-03-31,2011-04-29 10:39:02+00:00,,0.28,0.28,,0.28,16924000.0,21310000.0,52440000.0,30009000.0,22431000.0,51356000.0,1084000.0,38814000.0,161582000.0,,4828000.0,12277000.0,234000.0,34844000.0,38814000.0,122768000.0,11998000.0,68665000.0,54103000.0,-7170000.0,46933000.0,161582000.0,183400000.0,183174000.0,184259000.0
Verisign Inc,VRSN,LMPL4N8ZOJRMF0KOF759,1014473,2011.0,FY,2011-01-01,2011-12-31,2014-02-21 16:13:17+00:00,,0.87,0.87,,0.86,55031000.0,97432000.0,142891000.0,138556000.0,4335000.0,142891000.0,,165246000.0,771978000.0,,11530000.0,53277000.0,15512000.0,111122000.0,165246000.0,606732000.0,147332000.0,277343000.0,329389000.0,-135802000.0,193587000.0,771978000.0,164200000.0,165408000.0,166887000.0
Verisign Inc,VRSN,LMPL4N8ZOJRMF0KOF759,1014473,2011.0,Q4,2011-10-01,2011-12-31,,,0.33,0.33,,0.32,31997000.0,27772000.0,53814000.0,45329000.0,8485000.0,53814000.0,,42016000.0,203646000.0,,-3688000.0,13121000.0,3352000.0,24512000.0,42016000.0,161630000.0,11859000.0,68757000.0,92873000.0,-15547000.0,77326000.0,203646000.0,164200000.0,165408000.0,166887000.0
Verisign Inc,VRSN,LMPL4N8ZOJRMF0KOF759,1014473,2011.0,Q3TTM,2010-10-01,2011-09-30,,,0.23,0.23,3.0,0.23,8044000.0,90189000.0,48572000.0,61560000.0,-12988000.0,48572000.0,,161495000.0,747161000.0,,22638000.0,53337000.0,14979000.0,123159000.0,161495000.0,585666000.0,257036000.0,281664000.0,304002000.0,-234398000.0,69604000.0,747161000.0,163700000.0,163046000.0,163902000.0
Verisign Inc,VRSN,LMPL4N8ZOJRMF0KOF759,1014473,2011.0,Q3YTD,2011-01-01,2011-09-30,,,0.54,0.54,,0.54,23034000.0,69660000.0,89077000.0,93227000.0,-4150000.0,89077000.0,,123230000.0,568332000.0,,15218000.0,40156000.0,12160000.0,86610000.0,123230000.0,445102000.0,135473000.0,208586000.0,236516000.0,-120255000.0,116261000.0,568332000.0,163700000.0,163046000.0,163902000.0
Verisign Inc,VRSN,LMPL4N8ZOJRMF0KOF759,1014473,2011.0,Q3,2011-07-01,2011-09-30,2012-10-25 16:44:30+00:00,,0.36,0.36,,0.36,22126000.0,25090000.0,58916000.0,58615000.0,301000.0,58916000.0,,41694000.0,196965000.0,,3591000.0,13488000.0,2971000.0,24775000.0,41694000.0,155271000.0,11797000.0,66324000.0,88947000.0,-8206000.0,80741000.0,196965000.0,163700000.0,163046000.0,163902000.0
Verisign Inc,VRSN,LMPL4N8ZOJRMF0KOF759,1014473,2011.0,Q2TTM,2010-07-01,2011-06-30,,,4.39,4.39,3.0,4.35,-6815000.0,83511000.0,775201000.0,48050000.0,727151000.0,774559000.0,642000.0,159552000.0,722482000.0,,23687000.0,54317000.0,18277000.0,131898000.0,159552000.0,562930000.0,257379000.0,288003000.0,274927000.0,-233692000.0,41235000.0,722482000.0,176800000.0,167471000.0,167471000.0
Verisign Inc,VRSN,LMPL4N8ZOJRMF0KOF759,1014473,2011.0,Q2YTD,2011-01-01,2011-06-30,,,0.18,0.18,,0.18,908000.0,44570000.0,30161000.0,34612000.0,-4451000.0,30161000.0,,81536000.0,371367000.0,,11627000.0,26668000.0,9189000.0,61835000.0,81536000.0,289831000.0,123676000.0,142262000.0,147569000.0,-112049000.0,35520000.0,371367000.0,176800000.0,167471000.0,167471000.0
Verisign Inc,VRSN,LMPL4N8ZOJRMF0KOF759,1014473,2011.0,Q2,2011-04-01,2011-06-30,2012-07-27 13:54:42+00:00,,-0.06,-0.06,,-0.06,-15967000.0,22179000.0,-10610000.0,-7681000.0,-2929000.0,-10610000.0,,40667000.0,189844000.0,,6149000.0,13074000.0,3659000.0,28206000.0,40667000.0,149177000.0,111856000.0,67118000.0,82059000.0,-105707000.0,-23648000.0,189844000.0,176800000.0,167471000.0,167471000.0
Verisign Inc,VRSN,LMPL4N8ZOJRMF0KOF759,1014473,2011.0,Q1TTM,2010-04-01,2011-03-31,,,4.64,4.64,3.0,4.6,25273000.0,84471000.0,822185000.0,82316000.0,739869000.0,820382000.0,1803000.0,158731000.0,700519000.0,,21388000.0,54981000.0,22157000.0,136489000.0,158731000.0,541788000.0,157489000.0,298098000.0,243690000.0,-136101000.0,107589000.0,700519000.0,169900000.0,170193000.0,171979000.0
Verisign Inc,VRSN,LMPL4N8ZOJRMF0KOF759,1014473,2011.0,Q1,2011-01-01,2011-03-31,2012-04-27 12:51:41+00:00,,0.24,0.24,,0.24,16875000.0,22391000.0,40771000.0,42293000.0,-1522000.0,40771000.0,,40869000.0,181523000.0,,5478000.0,13594000.0,5530000.0,33629000.0,40869000.0,140654000.0,11820000.0,75144000.0,65510000.0,-6342000.0,59168000.0,181523000.0,169900000.0,170193000.0,171979000.0
Verisign Inc,VRSN,LMPL4N8ZOJRMF0KOF759,1014473,2012.0,FY,2012-01-01,2012-12-31,2015-02-13 16:31:57+00:00,,2.04,2.04,,1.95,100210000.0,97809000.0,320032000.0,312485000.0,7547000.0,320032000.0,,167600000.0,873592000.0,,5564000.0,61694000.0,,89162000.0,167600000.0,705992000.0,50196000.0,248665000.0,457327000.0,-44632000.0,412695000.0,873592000.0,156900000.0,156953000.0,163909000.0
Verisign Inc,VRSN,LMPL4N8ZOJRMF0KOF759,1014473,2012.0,Q4,2012-10-01,2012-12-31,,,0.68,0.68,,0.64,30205000.0,20753000.0,105641000.0,101089000.0,4552000.0,105641000.0,,42040000.0,230196000.0,,8596000.0,16059000.0,730000.0,15259000.0,42040000.0,188156000.0,12657000.0,52801000.0,135355000.0,-4061000.0,131294000.0,230196000.0,156900000.0,156953000.0,163909000.0
Verisign Inc,VRSN,LMPL4N8ZOJRMF0KOF759,1014473,2012.0,Q3TTM,2011-10-01,2012-09-30,,,1.69,1.69,,1.63,102002000.0,104828000.0,268205000.0,256725000.0,11480000.0,268205000.0,,167576000.0,847042000.0,,-6720000.0,58756000.0,2622000.0,98415000.0,167576000.0,679466000.0,49398000.0,264621000.0,414845000.0,-56118000.0,358727000.0,847042000.0,155800000.0,156261000.0,166575000.0
Verisign Inc,VRSN,LMPL4N8ZOJRMF0KOF759,1014473,2012.0,Q3YTD,2012-01-01,2012-09-30,,,1.36,1.36,,1.31,70005000.0,77056000.0,214391000.0,211396000.0,2995000.0,214391000.0,,125560000.0,643396000.0,,-3032000.0,45635000.0,-730000.0,73903000.0,125560000.0,517836000.0,37539000.0,195864000.0,321972000.0,-40571000.0,281401000.0,643396000.0,155800000.0,156261000.0,166575000.0
Verisign Inc,VRSN,LMPL4N8ZOJRMF0KOF759,1014473,2012.0,Q3,2012-07-01,2012-09-30,2013-10-24 16:38:59+00:00,,0.5,0.5,,0.47,24882000.0,22928000.0,77910000.0,76819000.0,1091000.0,77910000.0,,41460000.0,223528000.0,,-1742000.0,15409000.0,0.0,27669000.0,41460000.0,182068000.0,12619000.0,66006000.0,116062000.0,-14361000.0,101701000.0,223528000.0,155800000.0,156261000.0,166575000.0
Verisign Inc,VRSN,LMPL4N8ZOJRMF0KOF759,1014473,2012.0,Q2TTM,2011-07-01,2012-06-30,,,1.55,1.55,,1.52,99246000.0,106990000.0,249211000.0,238521000.0,10690000.0,249211000.0,,167810000.0,820479000.0,,-1387000.0,56835000.0,5593000.0,95521000.0,167810000.0,652669000.0,48576000.0,264939000.0,387730000.0,-49963000.0,337767000.0,820479000.0,159200000.0,157599000.0,164178000.0
Verisign Inc,VRSN,LMPL4N8ZOJRMF0KOF759,1014473,2012.0,Q2YTD,2012-01-01,2012-06-30,,,0.86,0.86,,0.84,45123000.0,54128000.0,136481000.0,134577000.0,1904000.0,136481000.0,,84100000.0,419868000.0,,-1290000.0,30226000.0,-730000.0,46234000.0,84100000.0,335768000.0,24920000.0,129858000.0,205910000.0,-26210000.0,179700000.0,419868000.0,159200000.0,157599000.0,164178000.0
Verisign Inc,VRSN,LMPL4N8ZOJRMF0KOF759,1014473,2012.0,Q2,2012-04-01,2012-06-30,2013-07-25 16:41:38+00:00,,0.43,0.43,,0.42,23831000.0,26313000.0,68472000.0,68472000.0,0.0,68472000.0,,42844000.0,214142000.0,,-2097000.0,15461000.0,-182000.0,22726000.0,42844000.0,171298000.0,12580000.0,64318000.0,106980000.0,-14677000.0,92303000.0,214142000.0,159200000.0,157599000.0,164178000.0
Verisign Inc,VRSN,LMPL4N8ZOJRMF0KOF759,1014473,2012.0,Q1TTM,2011-04-01,2012-03-31,,,1.06,1.06,,1.04,59448000.0,102856000.0,170129000.0,162368000.0,7761000.0,170129000.0,,165633000.0,796181000.0,,6859000.0,54448000.0,9434000.0,101001000.0,165633000.0,630548000.0,147852000.0,267739000.0,362809000.0,-140993000.0,221816000.0,796181000.0,158200000.0,159344000.0,162881000.0
Verisign Inc,VRSN,LMPL4N8ZOJRMF0KOF759,1014473,2012.0,Q1,2012-01-01,2012-03-31,2013-04-25 16:41:20+00:00,,0.43,0.43,,0.42,21292000.0,27815000.0,68009000.0,66105000.0,1904000.0,68009000.0,,41256000.0,205726000.0,,807000.0,14765000.0,-548000.0,23508000.0,41256000.0,164470000.0,12340000.0,65540000.0,98930000.0,-11533000.0,87397000.0,205726000.0,158200000.0,159344000.0,162881000.0
Verisign Inc,VRSN,LMPL4N8ZOJRMF0KOF759,1014473,2013.0,FY,2013-01-01,2013-12-31,2016-02-19 16:11:16+00:00,,,3.77,,3.49,-87679000.0,89337000.0,544450000.0,544450000.0,,544450000.0,,187013000.0,965087000.0,,3300000.0,70297000.0,,90208000.0,187013000.0,778074000.0,74761000.0,249842000.0,528232000.0,-71461000.0,456771000.0,965087000.0,,144591000.0,155786000.0
Verisign Inc,VRSN,LMPL4N8ZOJRMF0KOF759,1014473,2013.0,Q4,2013-10-01,2013-12-31,,,,3.77,,3.49,-175704000.0,25064000.0,292149000.0,292149000.0,,292149000.0,,46575000.0,245630000.0,,7508000.0,17766000.0,,26051000.0,46575000.0,199055000.0,21237000.0,68881000.0,130174000.0,-13729000.0,116445000.0,245630000.0,,144591000.0,155786000.0
Verisign Inc,VRSN,LMPL4N8ZOJRMF0KOF759,1014473,2013.0,Q3TTM,2012-10-01,2013-09-30,,,0.68,0.68,,0.64,118230000.0,85026000.0,357942000.0,353390000.0,4552000.0,357942000.0,,182478000.0,949653000.0,,4388000.0,68590000.0,730000.0,79416000.0,182478000.0,767175000.0,66181000.0,233762000.0,533413000.0,-61793000.0,471620000.0,949653000.0,,141701000.0,152951000.0
Verisign Inc,VRSN,LMPL4N8ZOJRMF0KOF759,1014473,2013.0,Q3,2013-07-01,2013-09-30,2014-10-23 16:34:30+00:00,,,,,,26104000.0,22900000.0,80898000.0,80898000.0,,80898000.0,,46554000.0,243678000.0,,-4592000.0,17456000.0,,24055000.0,46554000.0,197124000.0,21119000.0,64411000.0,132713000.0,-25711000.0,107002000.0,243678000.0,,141701000.0,152951000.0
Verisign Inc,VRSN,LMPL4N8ZOJRMF0KOF759,1014473,2013.0,Q3YTD,2013-01-01,2013-09-30,,,,,,,88025000.0,64273000.0,252301000.0,252301000.0,,252301000.0,,140438000.0,719457000.0,,-4208000.0,52531000.0,,64157000.0,140438000.0,579019000.0,53524000.0,180961000.0,398058000.0,-57732000.0,340326000.0,719457000.0,,141701000.0,152951000.0
Verisign Inc,VRSN,LMPL4N8ZOJRMF0KOF759,1014473,2013.0,Q2TTM,2012-07-01,2013-06-30,,,1.18,1.18,,1.11,117008000.0,85054000.0,354954000.0,349311000.0,5643000.0,354954000.0,,177384000.0,929503000.0,,7238000.0,66543000.0,730000.0,83030000.0,177384000.0,752119000.0,57681000.0,235357000.0,516762000.0,-50443000.0,466319000.0,929503000.0,,148576000.0,158641000.0
Verisign Inc,VRSN,LMPL4N8ZOJRMF0KOF759,1014473,2013.0,Q2,2013-04-01,2013-06-30,2014-07-24 16:36:46+00:00,,,,,,31543000.0,23269000.0,86890000.0,86890000.0,,86890000.0,,46630000.0,239332000.0,,6161000.0,16899000.0,,20453000.0,46630000.0,192702000.0,19809000.0,60621000.0,132081000.0,-13648000.0,118433000.0,239332000.0,,148576000.0,158641000.0
Verisign Inc,VRSN,LMPL4N8ZOJRMF0KOF759,1014473,2013.0,Q2YTD,2013-01-01,2013-06-30,,,,,,,61921000.0,41373000.0,171403000.0,171403000.0,,171403000.0,,93884000.0,475779000.0,,384000.0,35075000.0,,40102000.0,93884000.0,381895000.0,32405000.0,116550000.0,265345000.0,-32021000.0,233324000.0,475779000.0,,148576000.0,158641000.0
Verisign Inc,VRSN,LMPL4N8ZOJRMF0KOF759,1014473,2013.0,Q1TTM,2012-04-01,2013-03-31,,,1.61,1.61,,1.53,109296000.0,88098000.0,336536000.0,330893000.0,5643000.0,336536000.0,,173598000.0,904313000.0,,-1020000.0,65105000.0,548000.0,85303000.0,173598000.0,730715000.0,50452000.0,239054000.0,491661000.0,-51472000.0,440189000.0,904313000.0,,152543000.0,161346000.0
Verisign Inc,VRSN,LMPL4N8ZOJRMF0KOF759,1014473,2013.0,Q1,2013-01-01,2013-03-31,2014-04-24 16:41:27+00:00,,,,,,30378000.0,18104000.0,84513000.0,84513000.0,,84513000.0,,47254000.0,236447000.0,,-5777000.0,18176000.0,,19649000.0,47254000.0,189193000.0,12596000.0,55929000.0,133264000.0,-18373000.0,114891000.0,236447000.0,,152543000.0,161346000.0
Verisign Inc,VRSN,LMPL4N8ZOJRMF0KOF759,1014473,2014.0,FY,2014-01-01,2014-12-31,2017-02-17 16:07:20+00:00,,2.8,2.8,,2.52,128051000.0,92001000.0,355260000.0,355260000.0,,355260000.0,,188425000.0,1010117000.0,,4878000.0,67777000.0,,97487000.0,188425000.0,821692000.0,85994000.0,257265000.0,564427000.0,-81116000.0,483311000.0,1010117000.0,126900000.0,126710000.0,140895000.0
Verisign Inc,VRSN,LMPL4N8ZOJRMF0KOF759,1014473,2014.0,Q4,2014-10-01,2014-12-31,,,2.8,2.8,,2.52,55004000.0,23757000.0,65472000.0,65472000.0,,65472000.0,,47477000.0,255917000.0,,-159000.0,17324000.0,,25138000.0,47477000.0,208440000.0,21586000.0,66219000.0,142221000.0,-21745000.0,120476000.0,255917000.0,126900000.0,126710000.0,140895000.0
Verisign Inc,VRSN,LMPL4N8ZOJRMF0KOF759,1014473,2014.0,Q3TTM,2013-10-01,2014-09-30,,,,3.77,,3.49,-102657000.0,93308000.0,581937000.0,581937000.0,,581937000.0,,187523000.0,999830000.0,,12545000.0,68219000.0,,98400000.0,187523000.0,812307000.0,85645000.0,259927000.0,552380000.0,-73100000.0,479280000.0,999830000.0,,124109000.0,138112000.0
Verisign Inc,VRSN,LMPL4N8ZOJRMF0KOF759,1014473,2014.0,Q3,2014-07-01,2014-09-30,2015-10-22 16:47:05+00:00,,,,,,16305000.0,24304000.0,95189000.0,95189000.0,,95189000.0,,46933000.0,255022000.0,,-6473000.0,16320000.0,,27965000.0,46933000.0,208089000.0,21533000.0,68589000.0,139500000.0,-28006000.0,111494000.0,255022000.0,,124109000.0,138112000.0
Verisign Inc,VRSN,LMPL4N8ZOJRMF0KOF759,1014473,2014.0,Q3YTD,2014-01-01,2014-09-30,,,,,,,73047000.0,68244000.0,289788000.0,289788000.0,,289788000.0,,140948000.0,754200000.0,,5037000.0,50453000.0,,72349000.0,140948000.0,613252000.0,64408000.0,191046000.0,422206000.0,-59371000.0,362835000.0,754200000.0,,124109000.0,138112000.0
Verisign Inc,VRSN,LMPL4N8ZOJRMF0KOF759,1014473,2014.0,Q2TTM,2013-07-01,2014-06-30,,,,3.77,,3.49,-92858000.0,91904000.0,567646000.0,567646000.0,,567646000.0,,187144000.0,988486000.0,,14426000.0,69355000.0,,94490000.0,187144000.0,801342000.0,85231000.0,255749000.0,545593000.0,-70805000.0,474788000.0,988486000.0,,129350000.0,141142000.0
Verisign Inc,VRSN,LMPL4N8ZOJRMF0KOF759,1014473,2014.0,Q2,2014-04-01,2014-06-30,2015-07-23 16:41:51+00:00,,,,,,26449000.0,23651000.0,100176000.0,100176000.0,,100176000.0,,45989000.0,250382000.0,,4994000.0,15694000.0,,21927000.0,45989000.0,204393000.0,21490000.0,61272000.0,143121000.0,-16496000.0,126625000.0,250382000.0,,129350000.0,141142000.0
Verisign Inc,VRSN,LMPL4N8ZOJRMF0KOF759,1014473,2014.0,Q2YTD,2014-01-01,2014-06-30,,,,,,,56742000.0,43940000.0,194599000.0,194599000.0,,194599000.0,,94015000.0,499178000.0,,11510000.0,34133000.0,,44384000.0,94015000.0,405163000.0,42875000.0,122457000.0,282706000.0,-31365000.0,251341000.0,499178000.0,,129350000.0,141142000.0
Verisign Inc,VRSN,LMPL4N8ZOJRMF0KOF759,1014473,2014.0,Q1TTM,2013-04-01,2014-03-31,,,,3.77,,3.49,-87764000.0,91522000.0,554360000.0,554360000.0,,554360000.0,,187785000.0,977436000.0,,15593000.0,70560000.0,,93016000.0,187785000.0,789651000.0,83550000.0,255098000.0,534553000.0,-67957000.0,466596000.0,977436000.0,,133417000.0,148600000.0
Verisign Inc,VRSN,LMPL4N8ZOJRMF0KOF759,1014473,2014.0,Q1,2014-01-01,2014-03-31,2015-04-23 16:35:52+00:00,,,,,,30293000.0,20289000.0,94423000.0,94423000.0,,94423000.0,,48026000.0,248796000.0,,6516000.0,18439000.0,,22457000.0,48026000.0,200770000.0,21385000.0,61185000.0,139585000.0,-14869000.0,124716000.0,248796000.0,,133417000.0,148600000.0
Verisign Inc,VRSN,LMPL4N8ZOJRMF0KOF759,1014473,2015.0,FY,2015-01-01,2015-12-31,2018-02-16 16:38:56+00:00,,3.29,3.29,,2.82,112414000.0,90184000.0,375236000.0,375236000.0,,375236000.0,,192788000.0,1059366000.0,,-10665000.0,63718000.0,,106730000.0,192788000.0,866578000.0,107631000.0,260632000.0,605946000.0,-118296000.0,487650000.0,1059366000.0,114100000.0,114155000.0,133031000.0
Verisign Inc,VRSN,LMPL4N8ZOJRMF0KOF759,1014473,2015.0,Q4,2015-10-01,2015-12-31,,,3.29,3.29,,2.82,23849000.0,22507000.0,101530000.0,101530000.0,,101530000.0,,48996000.0,272625000.0,,-4336000.0,15200000.0,,27640000.0,48996000.0,223629000.0,28567000.0,65347000.0,158282000.0,-32903000.0,125379000.0,272625000.0,114100000.0,114155000.0,133031000.0
Verisign Inc,VRSN,LMPL4N8ZOJRMF0KOF759,1014473,2015.0,Q3,2015-07-01,2015-09-30,2016-10-27 16:42:42+00:00,,,,,,29486000.0,20966000.0,92457000.0,92457000.0,,92457000.0,,47218000.0,265780000.0,,-3975000.0,15019000.0,,28115000.0,47218000.0,218562000.0,28544000.0,64100000.0,154462000.0,-32519000.0,121943000.0,265780000.0,,112955000.0,131721000.0
Verisign Inc,VRSN,LMPL4N8ZOJRMF0KOF759,1014473,2015.0,Q3YTD,2015-01-01,2015-09-30,,,,,,,88565000.0,67677000.0,273706000.0,273706000.0,,273706000.0,,143792000.0,786741000.0,,-6329000.0,48518000.0,,79090000.0,143792000.0,642949000.0,79064000.0,195285000.0,447664000.0,-85393000.0,362271000.0,786741000.0,,112955000.0,131721000.0
Verisign Inc,VRSN,LMPL4N8ZOJRMF0KOF759,1014473,2015.0,Q3TTM,2014-10-01,2015-09-30,,,2.8,2.8,,2.52,143569000.0,91434000.0,339178000.0,339178000.0,,339178000.0,,191269000.0,1042658000.0,,-6488000.0,65842000.0,,104228000.0,191269000.0,851389000.0,100650000.0,261504000.0,589885000.0,-107138000.0,482747000.0,1042658000.0,,112955000.0,131721000.0
Verisign Inc,VRSN,LMPL4N8ZOJRMF0KOF759,1014473,2015.0,Q2,2015-04-01,2015-06-30,2016-07-28 17:01:17+00:00,,,,,,30652000.0,24329000.0,93011000.0,93011000.0,,93011000.0,,48221000.0,262539000.0,,3201000.0,16347000.0,,24677000.0,48221000.0,214318000.0,28503000.0,65353000.0,148965000.0,-25302000.0,123663000.0,262539000.0,,115656000.0,133251000.0
Verisign Inc,VRSN,LMPL4N8ZOJRMF0KOF759,1014473,2015.0,Q2YTD,2015-01-01,2015-06-30,,,,,,,59079000.0,46711000.0,181249000.0,181249000.0,,181249000.0,,96574000.0,520961000.0,,-2354000.0,33499000.0,,50975000.0,96574000.0,424387000.0,50520000.0,131185000.0,293202000.0,-52874000.0,240328000.0,520961000.0,,115656000.0,133251000.0
Verisign Inc,VRSN,LMPL4N8ZOJRMF0KOF759,1014473,2015.0,Q2TTM,2014-07-01,2015-06-30,,,2.8,2.8,,2.52,130388000.0,94772000.0,341910000.0,341910000.0,,341910000.0,,190984000.0,1031900000.0,,-8986000.0,67143000.0,,104078000.0,190984000.0,840916000.0,93639000.0,265993000.0,574923000.0,-102625000.0,472298000.0,1031900000.0,,115656000.0,133251000.0
Verisign Inc,VRSN,LMPL4N8ZOJRMF0KOF759,1014473,2015.0,Q1,2015-01-01,2015-03-31,2016-04-28 16:36:49+00:00,,,,,,28427000.0,22382000.0,88238000.0,88238000.0,,88238000.0,,48353000.0,258422000.0,,-5555000.0,17152000.0,,26298000.0,48353000.0,210069000.0,22017000.0,65832000.0,144237000.0,-27572000.0,116665000.0,258422000.0,,117139000.0,133850000.0
Verisign Inc,VRSN,LMPL4N8ZOJRMF0KOF759,1014473,2015.0,Q1TTM,2014-04-01,2015-03-31,,,2.8,2.8,,2.52,126185000.0,94094000.0,349075000.0,349075000.0,,349075000.0,,188752000.0,1019743000.0,,-7193000.0,66490000.0,,101328000.0,188752000.0,830991000.0,86626000.0,261912000.0,569079000.0,-93819000.0,475260000.0,1019743000.0,,117139000.0,133850000.0
Verisign Inc,VRSN,LMPL4N8ZOJRMF0KOF759,1014473,2016.0,FY,2016-01-01,2016-12-31,2019-02-15 16:05:59+00:00,,4.12,4.12,,3.42,140528000.0,80250000.0,440645000.0,440645000.0,,440645000.0,,198242000.0,1142167000.0,,10165000.0,59100000.0,,118003000.0,198242000.0,943925000.0,115564000.0,257353000.0,686572000.0,-105399000.0,581173000.0,1142167000.0,107000000.0,107001000.0,128833000.0
Verisign Inc,VRSN,LMPL4N8ZOJRMF0KOF759,1014473,2016.0,Q4,2016-10-01,2016-12-31,,,4.12,4.12,,3.42,36301000.0,21819000.0,105552000.0,105552000.0,,105552000.0,,49100000.0,286271000.0,,2073000.0,13745000.0,,32845000.0,49100000.0,237171000.0,28982000.0,68409000.0,168762000.0,-26909000.0,141853000.0,286271000.0,107000000.0,107001000.0,128833000.0
Verisign Inc,VRSN,LMPL4N8ZOJRMF0KOF759,1014473,2016.0,Q3,2016-07-01,2016-09-30,2017-10-26 16:36:45+00:00,,,,,,34692000.0,18647000.0,114427000.0,114427000.0,,114427000.0,,49807000.0,287554000.0,,3262000.0,14324000.0,,30000000.0,49807000.0,237747000.0,28919000.0,62971000.0,174776000.0,-25657000.0,149119000.0,287554000.0,,106307000.0,127750000.0
Verisign Inc,VRSN,LMPL4N8ZOJRMF0KOF759,1014473,2016.0,Q3YTD,2016-01-01,2016-09-30,,,,,,,104227000.0,58431000.0,335093000.0,335093000.0,,335093000.0,,149142000.0,855896000.0,,8092000.0,45355000.0,,85158000.0,149142000.0,706754000.0,86582000.0,188944000.0,517810000.0,-78490000.0,439320000.0,855896000.0,,106307000.0,127750000.0
Verisign Inc,VRSN,LMPL4N8ZOJRMF0KOF759,1014473,2016.0,Q3TTM,2015-10-01,2016-09-30,,,3.29,3.29,,2.82,128076000.0,80938000.0,436623000.0,436623000.0,,436623000.0,,198138000.0,1128521000.0,,3756000.0,60555000.0,,112798000.0,198138000.0,930383000.0,115149000.0,254291000.0,676092000.0,-111393000.0,564699000.0,1128521000.0,,106307000.0,127750000.0
Verisign Inc,VRSN,LMPL4N8ZOJRMF0KOF759,1014473,2016.0,Q2,2016-04-01,2016-06-30,2017-07-27 16:37:18+00:00,,,,,,35907000.0,19757000.0,113210000.0,113210000.0,,113210000.0,,48753000.0,286466000.0,,1709000.0,14288000.0,,27401000.0,48753000.0,237713000.0,28859000.0,61446000.0,176267000.0,-27150000.0,149117000.0,286466000.0,,108067000.0,130588000.0
Verisign Inc,VRSN,LMPL4N8ZOJRMF0KOF759,1014473,2016.0,Q2YTD,2016-01-01,2016-06-30,,,,,,,69535000.0,39784000.0,220666000.0,220666000.0,,220666000.0,,99335000.0,568342000.0,,4830000.0,31031000.0,,55158000.0,99335000.0,469007000.0,57663000.0,125973000.0,343034000.0,-52833000.0,290201000.0,568342000.0,,108067000.0,130588000.0
Verisign Inc,VRSN,LMPL4N8ZOJRMF0KOF759,1014473,2016.0,Q2TTM,2015-07-01,2016-06-30,,,3.29,3.29,,2.82,122870000.0,83257000.0,414653000.0,414653000.0,,414653000.0,,195549000.0,1106747000.0,,-3481000.0,61250000.0,,110913000.0,195549000.0,911198000.0,114774000.0,255420000.0,655778000.0,-118255000.0,537523000.0,1106747000.0,,108067000.0,130588000.0
Verisign Inc,VRSN,LMPL4N8ZOJRMF0KOF759,1014473,2016.0,Q1,2016-01-01,2016-03-31,2017-04-27 16:38:25+00:00,,,,,,33628000.0,20027000.0,107456000.0,107456000.0,,107456000.0,,50582000.0,281876000.0,,3121000.0,16743000.0,,27757000.0,50582000.0,231294000.0,28804000.0,64527000.0,166767000.0,-25683000.0,141084000.0,281876000.0,,109592000.0,131581000.0
Verisign Inc,VRSN,LMPL4N8ZOJRMF0KOF759,1014473,2016.0,Q1TTM,2015-04-01,2016-03-31,,,3.29,3.29,,2.82,117615000.0,87829000.0,394454000.0,394454000.0,,394454000.0,,195017000.0,1082820000.0,,-1989000.0,63309000.0,,108189000.0,195017000.0,887803000.0,114418000.0,259327000.0,628476000.0,-116407000.0,512069000.0,1082820000.0,,109592000.0,131581000.0
Verisign Inc,VRSN,LMPL4N8ZOJRMF0KOF759,1014473,2017.0,FY,2017-01-01,2017-12-31,2020-02-14 16:08:36+00:00,,4.56,4.56,,3.68,141764000.0,81951000.0,457248000.0,457248000.0,,457248000.0,,193326000.0,1165095000.0,,27626000.0,52342000.0,,129754000.0,193326000.0,971769000.0,136336000.0,264047000.0,707722000.0,-108710000.0,599012000.0,1165095000.0,100300000.0,100325000.0,124180000.0
Verisign Inc,VRSN,LMPL4N8ZOJRMF0KOF759,1014473,2017.0,Q4,2017-10-01,2017-12-31,,,4.56,4.56,,3.68,39210000.0,25488000.0,102837000.0,102837000.0,,102837000.0,,47680000.0,295501000.0,,6082000.0,12773000.0,,33128000.0,47680000.0,247821000.0,40467000.0,71389000.0,176432000.0,-34385000.0,142047000.0,295501000.0,100300000.0,100325000.0,124180000.0
Verisign Inc,VRSN,LMPL4N8ZOJRMF0KOF759,1014473,2017.0,Q3,2017-07-01,2017-09-30,2018-10-25 16:38:24+00:00,,,,,,34645000.0,18667000.0,114899000.0,114899000.0,,114899000.0,,47333000.0,292428000.0,,6241000.0,12715000.0,,32654000.0,47333000.0,245095000.0,37756000.0,64036000.0,181059000.0,-31515000.0,149544000.0,292428000.0,,99614000.0,124074000.0
Verisign Inc,VRSN,LMPL4N8ZOJRMF0KOF759,1014473,2017.0,Q3YTD,2017-01-01,2017-09-30,,,,,,,102554000.0,56463000.0,354411000.0,354411000.0,,354411000.0,,145646000.0,869594000.0,,21544000.0,39569000.0,,96626000.0,145646000.0,723948000.0,95869000.0,192658000.0,531290000.0,-74325000.0,456965000.0,869594000.0,,99614000.0,124074000.0
Verisign Inc,VRSN,LMPL4N8ZOJRMF0KOF759,1014473,2017.0,Q3TTM,2016-10-01,2017-09-30,,,4.12,4.12,,3.42,138855000.0,78282000.0,459963000.0,459963000.0,,459963000.0,,194746000.0,1155865000.0,,23617000.0,53314000.0,,129471000.0,194746000.0,961119000.0,124851000.0,261067000.0,700052000.0,-101234000.0,598818000.0,1155865000.0,,99614000.0,124074000.0
Verisign Inc,VRSN,LMPL4N8ZOJRMF0KOF759,1014473,2017.0,Q2,2017-04-01,2017-06-30,2018-07-26 16:43:36+00:00,,,,,,36772000.0,19474000.0,123100000.0,123100000.0,,123100000.0,,47644000.0,288552000.0,,14002000.0,13510000.0,,32964000.0,47644000.0,240908000.0,29090000.0,65948000.0,174960000.0,-15088000.0,159872000.0,288552000.0,,101060000.0,123980000.0
Verisign Inc,VRSN,LMPL4N8ZOJRMF0KOF759,1014473,2017.0,Q2YTD,2017-01-01,2017-06-30,,,,,,,67909000.0,37796000.0,239512000.0,239512000.0,,239512000.0,,98313000.0,577166000.0,,15303000.0,26854000.0,,63972000.0,98313000.0,478853000.0,58113000.0,128622000.0,350231000.0,-42810000.0,307421000.0,577166000.0,,101060000.0,123980000.0
Verisign Inc,VRSN,LMPL4N8ZOJRMF0KOF759,1014473,2017.0,Q2TTM,2016-07-01,2017-06-30,,,4.12,4.12,,3.42,138902000.0,78262000.0,459491000.0,459491000.0,,459491000.0,,197220000.0,1150991000.0,,20638000.0,54923000.0,,126817000.0,197220000.0,953771000.0,116014000.0,260002000.0,693769000.0,-95376000.0,598393000.0,1150991000.0,,101060000.0,123980000.0
Verisign Inc,VRSN,LMPL4N8ZOJRMF0KOF759,1014473,2017.0,Q1,2017-01-01,2017-03-31,2018-04-26 16:40:51+00:00,,,,,,31137000.0,18322000.0,116412000.0,116412000.0,,116412000.0,,50669000.0,288614000.0,,1301000.0,13344000.0,,31008000.0,50669000.0,237945000.0,29023000.0,62674000.0,175271000.0,-27722000.0,147549000.0,288614000.0,,102467000.0,124464000.0
Verisign Inc,VRSN,LMPL4N8ZOJRMF0KOF759,1014473,2017.0,Q1TTM,2016-04-01,2017-03-31,,,4.12,4.12,,3.42,138037000.0,78545000.0,449601000.0,449601000.0,,449601000.0,,198329000.0,1148905000.0,,8345000.0,55701000.0,,121254000.0,198329000.0,950576000.0,115783000.0,255500000.0,695076000.0,-107438000.0,587638000.0,1148905000.0,,102467000.0,124464000.0
Verisign Inc,VRSN,LMPL4N8ZOJRMF0KOF759,1014473,2018.0,FY,2018-01-01,2018-12-31,2020-02-14 16:08:36+00:00,,5.13,5.13,,4.75,147027000.0,64891000.0,582489000.0,582489000.0,,582489000.0,,192134000.0,1214969000.0,,76969000.0,57884000.0,,132668000.0,192134000.0,1022835000.0,114845000.0,255443000.0,767392000.0,-37876000.0,729516000.0,1214969000.0,113500000.0,113452000.0,122661000.0
Verisign Inc,VRSN,LMPL4N8ZOJRMF0KOF759,1014473,2018.0,Q4,2018-10-01,2018-12-31,,,5.13,5.13,,4.75,51707000.0,17179000.0,182195000.0,182195000.0,,182195000.0,,48368000.0,307452000.0,,62570000.0,15042000.0,,32897000.0,48368000.0,259084000.0,22634000.0,65118000.0,193966000.0,39936000.0,233902000.0,307452000.0,113500000.0,113452000.0,122661000.0
Verisign Inc,VRSN,LMPL4N8ZOJRMF0KOF759,1014473,2018.0,Q3,2018-07-01,2018-09-30,2019-10-25 10:55:48+00:00,,,,,,40621000.0,13868000.0,137680000.0,137680000.0,,137680000.0,,48249000.0,305777000.0,,5935000.0,13712000.0,,34951000.0,48249000.0,257528000.0,22631000.0,62531000.0,194997000.0,-16696000.0,178301000.0,305777000.0,,121682000.0,122261000.0
Verisign Inc,VRSN,LMPL4N8ZOJRMF0KOF759,1014473,2018.0,Q3YTD,2018-01-01,2018-09-30,,,,,,,95320000.0,47712000.0,400294000.0,400294000.0,,400294000.0,,143766000.0,907517000.0,,14399000.0,42842000.0,,99771000.0,143766000.0,763751000.0,92211000.0,190325000.0,573426000.0,-77812000.0,495614000.0,907517000.0,,121682000.0,122261000.0
Verisign Inc,VRSN,LMPL4N8ZOJRMF0KOF759,1014473,2018.0,Q3TTM,2017-10-01,2018-09-30,,,4.56,4.56,,3.68,134530000.0,73200000.0,503131000.0,503131000.0,,503131000.0,,191446000.0,1203018000.0,,20481000.0,55615000.0,,132899000.0,191446000.0,1011572000.0,132678000.0,261714000.0,749858000.0,-112197000.0,637661000.0,1203018000.0,,121682000.0,122261000.0
Verisign Inc,VRSN,LMPL4N8ZOJRMF0KOF759,1014473,2018.0,Q2,2018-04-01,2018-06-30,2019-07-25 16:37:17+00:00,,,,,,36527000.0,16569000.0,128351000.0,128351000.0,,128351000.0,,47365000.0,302452000.0,,660000.0,13755000.0,,31753000.0,47365000.0,255087000.0,28792000.0,62077000.0,193010000.0,-28132000.0,164878000.0,302452000.0,,113936000.0,123200000.0
Verisign Inc,VRSN,LMPL4N8ZOJRMF0KOF759,1014473,2018.0,Q2YTD,2018-01-01,2018-06-30,,,,,,,54699000.0,33844000.0,262614000.0,262614000.0,,262614000.0,,95517000.0,601740000.0,,8464000.0,29130000.0,,64820000.0,95517000.0,506223000.0,69580000.0,127794000.0,378429000.0,-61116000.0,317313000.0,601740000.0,,113936000.0,123200000.0
Verisign Inc,VRSN,LMPL4N8ZOJRMF0KOF759,1014473,2018.0,Q2TTM,2017-07-01,2018-06-30,,,4.56,4.56,,3.68,128554000.0,77999000.0,480350000.0,480350000.0,,480350000.0,,190530000.0,1189669000.0,,20787000.0,54618000.0,,130602000.0,190530000.0,999139000.0,147803000.0,263219000.0,735920000.0,-127016000.0,608904000.0,1189669000.0,,113936000.0,123200000.0
Verisign Inc,VRSN,LMPL4N8ZOJRMF0KOF759,1014473,2018.0,Q1,2018-01-01,2018-03-31,2019-04-25 16:37:09+00:00,,,,,,18172000.0,17275000.0,134263000.0,134263000.0,,134263000.0,,48152000.0,299288000.0,,7804000.0,15375000.0,,33067000.0,48152000.0,251136000.0,40788000.0,65717000.0,185419000.0,-32984000.0,152435000.0,299288000.0,,97250000.0,123506000.0
Verisign Inc,VRSN,LMPL4N8ZOJRMF0KOF759,1014473,2018.0,Q1TTM,2017-04-01,2018-03-31,,,4.56,4.56,,3.68,128799000.0,80904000.0,475099000.0,475099000.0,,475099000.0,,190809000.0,1175769000.0,,34129000.0,54373000.0,,131813000.0,190809000.0,984960000.0,148101000.0,267090000.0,717870000.0,-113972000.0,603898000.0,1175769000.0,,97250000.0,123506000.0
Verisign Inc,VRSN,LMPL4N8ZOJRMF0KOF759,1014473,2019.0,Q4,2019-10-01,2019-12-31,,,5.17,5.17,,5.15,36652000.0,13862000.0,148325000.0,148325000.0,,148325000.0,,46454000.0,310543000.0,,9123000.0,15101000.0,,36560000.0,46454000.0,264089000.0,22712000.0,65523000.0,198566000.0,-13589000.0,184977000.0,310543000.0,118400000.0,118513000.0,118968000.0
Verisign Inc,VRSN,LMPL4N8ZOJRMF0KOF759,1014473,2019.0,FY,2019-01-01,2019-12-31,2020-02-14 16:08:36+00:00,,5.17,5.17,,5.15,146477000.0,46637000.0,612299000.0,612299000.0,,612299000.0,,180467000.0,1231661000.0,,43260000.0,60805000.0,,137625000.0,180467000.0,1051194000.0,90611000.0,245067000.0,806127000.0,-47351000.0,758776000.0,1231661000.0,118400000.0,118513000.0,118968000.0
Verisign Inc,VRSN,LMPL4N8ZOJRMF0KOF759,1014473,2019.0,Q3YTD,2019-01-01,2019-09-30,,,,,,,109825000.0,32775000.0,463974000.0,463974000.0,,463974000.0,,134013000.0,921118000.0,,34137000.0,45704000.0,,101065000.0,134013000.0,787105000.0,67899000.0,179544000.0,607561000.0,-33762000.0,573799000.0,921118000.0,,118194000.0,118569000.0
Verisign Inc,VRSN,LMPL4N8ZOJRMF0KOF759,1014473,2019.0,Q3TTM,2018-10-01,2019-09-30,,,5.13,5.13,,4.75,161532000.0,49954000.0,646169000.0,646169000.0,,646169000.0,,182381000.0,1228570000.0,,96707000.0,60746000.0,,133962000.0,182381000.0,1046189000.0,90533000.0,244662000.0,801527000.0,6174000.0,807701000.0,1228570000.0,,118194000.0,118569000.0
Verisign Inc,VRSN,LMPL4N8ZOJRMF0KOF759,1014473,2019.0,Q3,2019-07-01,2019-09-30,2019-10-25 10:55:48+00:00,,,,,,39568000.0,9857000.0,153913000.0,153913000.0,,153913000.0,,44443000.0,308421000.0,,10498000.0,14619000.0,,33886000.0,44443000.0,263978000.0,22633000.0,58362000.0,205616000.0,-12135000.0,193481000.0,308421000.0,,118194000.0,118569000.0
Verisign Inc,VRSN,LMPL4N8ZOJRMF0KOF759,1014473,2019.0,Q2YTD,2019-01-01,2019-06-30,,,,,,,70257000.0,22918000.0,310061000.0,310061000.0,,310061000.0,,89570000.0,612697000.0,,23639000.0,31085000.0,,67179000.0,89570000.0,523127000.0,45266000.0,121182000.0,401945000.0,-21627000.0,380318000.0,612697000.0,,118965000.0,119361000.0
Verisign Inc,VRSN,LMPL4N8ZOJRMF0KOF759,1014473,2019.0,Q2TTM,2018-07-01,2019-06-30,,,5.13,5.13,,4.75,162585000.0,53965000.0,629936000.0,629936000.0,,629936000.0,,186187000.0,1225926000.0,,92144000.0,59839000.0,,135027000.0,186187000.0,1039739000.0,90531000.0,248831000.0,790908000.0,1613000.0,792521000.0,1225926000.0,,118965000.0,119361000.0
Verisign Inc,VRSN,LMPL4N8ZOJRMF0KOF759,1014473,2019.0,Q2,2019-04-01,2019-06-30,2019-07-25 16:37:17+00:00,,,,,,42960000.0,12399000.0,147534000.0,147534000.0,,147534000.0,,44066000.0,306289000.0,,11436000.0,14953000.0,,33178000.0,44066000.0,262223000.0,22635000.0,60530000.0,201693000.0,-11199000.0,190494000.0,306289000.0,,118965000.0,119361000.0
Verisign Inc,VRSN,LMPL4N8ZOJRMF0KOF759,1014473,2019.0,Q1,2019-01-01,2019-03-31,2020-04-23 16:34:09+00:00,,,,,,27297000.0,10519000.0,162527000.0,162527000.0,,162527000.0,,45504000.0,306408000.0,,12203000.0,16132000.0,,34001000.0,45504000.0,260904000.0,22631000.0,60652000.0,200252000.0,-10428000.0,189824000.0,306408000.0,,119757000.0,120317000.0
Verisign Inc,VRSN,LMPL4N8ZOJRMF0KOF759,1014473,2019.0,Q1TTM,2018-04-01,2019-03-31,,,5.13,5.13,,4.75,156152000.0,58135000.0,610753000.0,610753000.0,,610753000.0,,189486000.0,1222089000.0,,81368000.0,58641000.0,,133602000.0,189486000.0,1032603000.0,96688000.0,250378000.0,782225000.0,-15320000.0,766905000.0,1222089000.0,,119757000.0,120317000.0
Verisign Inc,VRSN,LMPL4N8ZOJRMF0KOF759,1014473,2020.0,Q1TTM,2019-04-01,2020-03-31,,,5.17,5.17,,5.15,-24123000.0,42722000.0,783888000.0,783888000.0,,783888000.0,,180536000.0,1237777000.0,,38141000.0,62031000.0,,140349000.0,180536000.0,1057241000.0,90515000.0,245102000.0,812139000.0,-52374000.0,759765000.0,1237777000.0,,116375000.0,116730000.0
Verisign Inc,VRSN,LMPL4N8ZOJRMF0KOF759,1014473,2020.0,Q1,2020-01-01,2020-03-31,2020-04-23 16:34:09+00:00,,,,,,-143303000.0,6604000.0,334116000.0,334116000.0,,334116000.0,,45573000.0,312524000.0,,7084000.0,17358000.0,,36725000.0,45573000.0,266951000.0,22535000.0,60687000.0,206264000.0,-15451000.0,190813000.0,312524000.0,,116375000.0,116730000.0
