company_name,company_ticker,company_lei,company_cik,year,quarter,start_date,end_date,filing_date,amortizationexpense,basicdilutedeps,basiceps,cashdividendspershare,dilutedeps,impairmentexpense,incometaxexpense,netincome,netincomecontinuing,netincomediscontinued,netincometocommon,netincometononcontrollinginterest,operatingcostofrevenue,operatingrevenue,otherincome,otherspecialcharges,rdexpense,restructuringcharge,sgaexpense,totalcostofrevenue,totalgrossprofit,totalinterestexpense,totalinterestincome,totaloperatingexpenses,totaloperatingincome,totalotherincome,totalpretaxincome,totalrevenue,weightedavebasicdilutedsharesos,weightedavebasicsharesos,weightedavedilutedsharesos
Jabil Inc,JBL,5493000CGCQY2OQU7669,898293,2009.0,FY,2008-09-01,2009-08-31,2011-10-27 16:35:30+00:00,31039000.0,-5.63,-5.63,0.28,-5.63,1022821000.0,160898000.0,-1166031000.0,-1166031000.0,,-1165212000.0,-819000.0,10965723000.0,11684538000.0,-20111000.0,,27321000.0,51894000.0,495941000.0,10965723000.0,718815000.0,82247000.0,7426000.0,1629016000.0,-910201000.0,-94932000.0,-1005133000.0,11684538000.0,207000000.0,207002000.0,207002000.0
Jabil Inc,JBL,5493000CGCQY2OQU7669,898293,2010.0,Q4,2010-06-01,2010-08-31,,5980000.0,0.28,0.28,0.07,0.27,,23910000.0,59376000.0,59376000.0,,58691000.0,685000.0,3573425000.0,3860933000.0,-964000.0,8882000.0,6632000.0,2512000.0,160512000.0,3573425000.0,287508000.0,19519000.0,779000.0,184518000.0,102990000.0,-19704000.0,83286000.0,3860933000.0,213700000.0,214332000.0,217597000.0
Jabil Inc,JBL,5493000CGCQY2OQU7669,898293,2010.0,FY,2009-09-01,2010-08-31,2012-10-25 16:30:58+00:00,25934000.0,0.79,0.79,0.28,0.78,,76501000.0,170766000.0,170766000.0,,168840000.0,1926000.0,12405267000.0,13409411000.0,-4087000.0,24604000.0,28085000.0,8217000.0,589738000.0,12405267000.0,1004144000.0,79168000.0,2956000.0,676578000.0,327566000.0,-80299000.0,247267000.0,13409411000.0,213700000.0,214332000.0,217597000.0
Jabil Inc,JBL,5493000CGCQY2OQU7669,898293,2010.0,Q3YTD,2009-09-01,2010-05-31,,19954000.0,0.51,0.51,0.21,0.51,,52591000.0,111390000.0,111390000.0,,110149000.0,1241000.0,8831842000.0,9548478000.0,-3123000.0,15722000.0,21453000.0,5705000.0,429226000.0,8831842000.0,716636000.0,59649000.0,2177000.0,492060000.0,224576000.0,-60595000.0,163981000.0,9548478000.0,216800000.0,213881000.0,216522000.0
Jabil Inc,JBL,5493000CGCQY2OQU7669,898293,2010.0,Q3,2010-03-01,2010-05-31,2011-06-30 17:08:44+00:00,6206000.0,0.24,0.24,0.07,0.24,,24009000.0,52687000.0,52687000.0,,52031000.0,656000.0,3193464000.0,3455578000.0,-960000.0,,6331000.0,1635000.0,151409000.0,3193464000.0,262114000.0,19503000.0,626000.0,165581000.0,96533000.0,-19837000.0,76696000.0,3455578000.0,216800000.0,213881000.0,216522000.0
Jabil Inc,JBL,5493000CGCQY2OQU7669,898293,2010.0,Q2YTD,2009-09-01,2010-02-28,,13748000.0,0.27,0.27,0.14,0.27,,28582000.0,58703000.0,58703000.0,,58118000.0,585000.0,5638378000.0,6092900000.0,-2163000.0,15722000.0,15122000.0,4070000.0,277817000.0,5638378000.0,454522000.0,40146000.0,1551000.0,326479000.0,128043000.0,-40758000.0,87285000.0,6092900000.0,213100000.0,213625000.0,214760000.0
Jabil Inc,JBL,5493000CGCQY2OQU7669,898293,2010.0,Q2,2009-12-01,2010-02-28,2011-04-08 16:37:40+00:00,6643000.0,0.14,0.14,0.07,0.14,,11446000.0,29822000.0,29822000.0,,29830000.0,-8000.0,2781898000.0,3004644000.0,-1125000.0,,7425000.0,635000.0,146264000.0,2781898000.0,222746000.0,20030000.0,644000.0,160967000.0,61779000.0,-20511000.0,41268000.0,3004644000.0,213100000.0,213625000.0,214760000.0
Jabil Inc,JBL,5493000CGCQY2OQU7669,898293,2010.0,Q1,2009-09-01,2009-11-30,2011-01-07 16:17:52+00:00,7105000.0,0.13,0.13,0.07,0.13,,17136000.0,28881000.0,28881000.0,,28288000.0,593000.0,2856480000.0,3088256000.0,-1038000.0,15722000.0,7697000.0,3435000.0,131553000.0,2856480000.0,231776000.0,20116000.0,907000.0,165512000.0,66264000.0,-20247000.0,46017000.0,3088256000.0,217600000.0,213665000.0,215059000.0
Jabil Inc,JBL,5493000CGCQY2OQU7669,898293,2011.0,Q4,2011-06-01,2011-08-31,,5230000.0,0.79,0.53,0.07,0.52,,25492000.0,115541000.0,115541000.0,,114288000.0,1253000.0,3951092000.0,4280295000.0,-568000.0,,6209000.0,,152204000.0,3951092000.0,329203000.0,24605000.0,646000.0,163643000.0,165560000.0,-24527000.0,141033000.0,4280295000.0,214100000.0,214502000.0,220719000.0
Jabil Inc,JBL,5493000CGCQY2OQU7669,898293,2011.0,FY,2010-09-01,2011-08-31,2013-10-28 17:23:14+00:00,22051000.0,1.78,1.78,0.28,1.73,,98229000.0,382958000.0,382958000.0,,381063000.0,1895000.0,15264257000.0,16518827000.0,-2986000.0,37551000.0,25034000.0,628000.0,590572000.0,15264257000.0,1254570000.0,97693000.0,3132000.0,675836000.0,578734000.0,-97547000.0,481187000.0,16518827000.0,214100000.0,214502000.0,220719000.0
Jabil Inc,JBL,5493000CGCQY2OQU7669,898293,2011.0,Q3YTD,2010-09-01,2011-05-31,,16821000.0,0.99,1.25,0.21,1.21,,72737000.0,267417000.0,267417000.0,,266775000.0,642000.0,11313165000.0,12238532000.0,-2418000.0,37551000.0,18825000.0,628000.0,438368000.0,11313165000.0,925367000.0,73088000.0,2486000.0,512193000.0,413174000.0,-73020000.0,340154000.0,12238532000.0,213700000.0,215705000.0,222337000.0
Jabil Inc,JBL,5493000CGCQY2OQU7669,898293,2011.0,Q3TTM,2010-06-01,2011-05-31,,22801000.0,1.27,1.53,0.28,1.48,,96647000.0,326793000.0,326793000.0,,325466000.0,1327000.0,14886590000.0,16099465000.0,-3382000.0,46433000.0,25457000.0,3140000.0,598880000.0,14886590000.0,1212875000.0,92607000.0,3265000.0,696711000.0,516164000.0,-92724000.0,423440000.0,16099465000.0,213700000.0,215705000.0,222337000.0
Jabil Inc,JBL,5493000CGCQY2OQU7669,898293,2011.0,Q2YTD,2010-09-01,2011-02-28,,11634000.0,0.5,0.76,0.14,0.74,,50515000.0,163129000.0,163129000.0,,162080000.0,1049000.0,7403853000.0,8010844000.0,-647000.0,37551000.0,12281000.0,628000.0,284256000.0,7403853000.0,606991000.0,47939000.0,1589000.0,346350000.0,260641000.0,-46997000.0,213644000.0,8010844000.0,,215170000.0,221022000.0
Jabil Inc,JBL,5493000CGCQY2OQU7669,898293,2011.0,Q2TTM,2010-03-01,2011-02-28,,23820000.0,1.02,1.28,0.28,1.25,,98434000.0,275192000.0,275192000.0,,272802000.0,2390000.0,14170742000.0,15327355000.0,-2571000.0,46433000.0,25244000.0,4775000.0,596177000.0,14170742000.0,1156613000.0,86961000.0,2994000.0,696449000.0,460164000.0,-86538000.0,373626000.0,15327355000.0,,215170000.0,221022000.0
Jabil Inc,JBL,5493000CGCQY2OQU7669,898293,2011.0,Q2,2010-12-01,2011-02-28,2012-04-06 16:04:00+00:00,5665000.0,,0.26,0.07,0.25,,23038000.0,55718000.0,55718000.0,,55403000.0,315000.0,3632263000.0,3928663000.0,-847000.0,37551000.0,6540000.0,196000.0,141807000.0,3632263000.0,296400000.0,25777000.0,739000.0,191759000.0,104641000.0,-25885000.0,78756000.0,3928663000.0,,215170000.0,221022000.0
Jabil Inc,JBL,5493000CGCQY2OQU7669,898293,2011.0,Q1TTM,2009-12-01,2010-11-30,,24798000.0,1.16,1.16,0.28,1.14,,86842000.0,249296000.0,249296000.0,,247229000.0,2067000.0,13320377000.0,14403336000.0,-2849000.0,8882000.0,26129000.0,5214000.0,600634000.0,13320377000.0,1082959000.0,81214000.0,2899000.0,665657000.0,417302000.0,-81164000.0,336138000.0,14403336000.0,213400000.0,214395000.0,217405000.0
Jabil Inc,JBL,5493000CGCQY2OQU7669,898293,2011.0,Q1,2010-09-01,2010-11-30,2012-01-09 16:16:08+00:00,5969000.0,0.5,0.5,0.07,0.49,,27477000.0,107411000.0,107411000.0,,106677000.0,734000.0,3771590000.0,4082181000.0,200000.0,,5741000.0,432000.0,142449000.0,3771590000.0,310591000.0,22162000.0,850000.0,154591000.0,156000000.0,-21112000.0,134888000.0,4082181000.0,213400000.0,214395000.0,217405000.0
Jabil Inc,JBL,5493000CGCQY2OQU7669,898293,2012.0,Q4,2012-06-01,2012-08-31,,-500000.0,1.36,0.4,0.08,0.39,,22054000.0,82465000.0,20059000.0,62406000.0,82797000.0,-332000.0,3157390000.0,3326844000.0,-2432000.0,,6784000.0,,91263000.0,3157390000.0,169454000.0,27785000.0,423000.0,97547000.0,71907000.0,-29794000.0,42113000.0,3326844000.0,206600000.0,206160000.0,211181000.0
Jabil Inc,JBL,5493000CGCQY2OQU7669,898293,2012.0,FY,2011-09-01,2012-08-31,2014-10-21 16:06:13+00:00,12899000.0,1.91,1.91,0.32,1.87,,102866000.0,396089000.0,333683000.0,62406000.0,394687000.0,1402000.0,14979754000.0,16140705000.0,-8935000.0,,25837000.0,,572645000.0,14979754000.0,1160951000.0,106088000.0,2002000.0,611381000.0,549570000.0,-113021000.0,436549000.0,16140705000.0,206600000.0,206160000.0,211181000.0
Jabil Inc,JBL,5493000CGCQY2OQU7669,898293,2012.0,Q3YTD,2011-09-01,2012-05-31,,13399000.0,0.55,1.51,0.24,1.48,,80812000.0,313624000.0,313624000.0,,311890000.0,1734000.0,11822364000.0,12813861000.0,-6503000.0,,19053000.0,,481382000.0,11822364000.0,991497000.0,78303000.0,1579000.0,513834000.0,477663000.0,-83227000.0,394436000.0,12813861000.0,,206298000.0,211541000.0
Jabil Inc,JBL,5493000CGCQY2OQU7669,898293,2012.0,Q3TTM,2011-06-01,2012-05-31,,18629000.0,1.34,2.04,0.31,2.0,,106304000.0,429165000.0,429165000.0,,426178000.0,2987000.0,15773456000.0,17094156000.0,-7071000.0,,25262000.0,,633586000.0,15773456000.0,1320700000.0,102908000.0,2225000.0,677477000.0,643223000.0,-107754000.0,535469000.0,17094156000.0,,206298000.0,211541000.0
Jabil Inc,JBL,5493000CGCQY2OQU7669,898293,2012.0,Q3,2012-03-01,2012-05-31,2013-07-02 16:57:48+00:00,3454000.0,,0.49,0.08,0.48,,27377000.0,101598000.0,101598000.0,,101320000.0,278000.0,3921595000.0,4250918000.0,-1899000.0,,6518000.0,,162748000.0,3921595000.0,329323000.0,26462000.0,733000.0,172720000.0,156603000.0,-27628000.0,128975000.0,4250918000.0,,206298000.0,211541000.0
Jabil Inc,JBL,5493000CGCQY2OQU7669,898293,2012.0,Q2YTD,2011-09-01,2012-02-29,,9945000.0,0.55,1.02,0.16,1.0,,53435000.0,212026000.0,212026000.0,,210570000.0,1456000.0,7900769000.0,8562943000.0,-4604000.0,,12535000.0,,318634000.0,7900769000.0,662174000.0,51841000.0,846000.0,341114000.0,321060000.0,-55599000.0,265461000.0,8562943000.0,,207287000.0,212148000.0
Jabil Inc,JBL,5493000CGCQY2OQU7669,898293,2012.0,Q2TTM,2011-03-01,2012-02-29,,20362000.0,1.83,2.04,0.3,1.99,,101149000.0,431855000.0,431855000.0,,429553000.0,2302000.0,15761173000.0,17070926000.0,-6943000.0,,25288000.0,,624950000.0,15761173000.0,1309753000.0,101595000.0,2389000.0,670600000.0,639153000.0,-106149000.0,533004000.0,17070926000.0,,207287000.0,212148000.0
Jabil Inc,JBL,5493000CGCQY2OQU7669,898293,2012.0,Q2,2011-12-01,2012-02-29,2013-04-05 16:33:06+00:00,4871000.0,,0.47,0.08,0.46,,24020000.0,98245000.0,98245000.0,,97698000.0,547000.0,3914010000.0,4236174000.0,-1919000.0,,6264000.0,,160811000.0,3914010000.0,322164000.0,26322000.0,288000.0,171946000.0,150218000.0,-27953000.0,122265000.0,4236174000.0,,207287000.0,212148000.0
Jabil Inc,JBL,5493000CGCQY2OQU7669,898293,2012.0,Q1TTM,2010-12-01,2011-11-30,,21156000.0,1.83,1.83,0.29,1.78,,100167000.0,389328000.0,389328000.0,,387258000.0,2070000.0,15479426000.0,16763415000.0,-5871000.0,37551000.0,25564000.0,196000.0,605946000.0,15479426000.0,1283989000.0,101050000.0,2840000.0,690413000.0,593576000.0,-104081000.0,489495000.0,16763415000.0,205200000.0,205388000.0,209937000.0
Jabil Inc,JBL,5493000CGCQY2OQU7669,898293,2012.0,Q1,2011-09-01,2011-11-30,2013-01-08 16:35:49+00:00,5074000.0,0.55,0.55,0.08,0.54,,29415000.0,113781000.0,113781000.0,,112872000.0,909000.0,3986759000.0,4326769000.0,-2685000.0,,6271000.0,,157823000.0,3986759000.0,340010000.0,25519000.0,558000.0,169168000.0,170842000.0,-27646000.0,143196000.0,4326769000.0,205200000.0,205388000.0,209937000.0
Jabil Inc,JBL,5493000CGCQY2OQU7669,898293,2013.0,FY,2012-09-01,2013-08-31,2015-10-16 16:21:10+00:00,10954000.0,1.83,1.83,0.32,1.79,25597000.0,7631000.0,370091000.0,319483000.0,50608000.0,371482000.0,-1391000.0,16037303000.0,17249493000.0,-6095000.0,,28412000.0,80513000.0,614295000.0,16037303000.0,1212190000.0,121023000.0,1813000.0,759771000.0,452419000.0,-125305000.0,327114000.0,17249493000.0,203000000.0,203096000.0,207815000.0
Jabil Inc,JBL,5493000CGCQY2OQU7669,898293,2013.0,Q4,2013-06-01,2013-08-31,,3078000.0,0.62,0.62,0.08,0.61,,-75950000.0,126790000.0,99358000.0,27432000.0,127019000.0,-229000.0,3974395000.0,4249896000.0,-1550000.0,,7019000.0,57331000.0,152104000.0,3974395000.0,275501000.0,31542000.0,531000.0,219532000.0,55969000.0,-32561000.0,23408000.0,4249896000.0,203000000.0,203096000.0,207815000.0
Jabil Inc,JBL,5493000CGCQY2OQU7669,898293,2013.0,Q3YTD,2012-09-01,2013-05-31,,7876000.0,1.21,1.21,0.24,1.18,25597000.0,83581000.0,243301000.0,220125000.0,23176000.0,244463000.0,-1162000.0,12062908000.0,12999597000.0,-4545000.0,,21393000.0,23182000.0,462191000.0,12062908000.0,936689000.0,89481000.0,1282000.0,540239000.0,396450000.0,-92744000.0,303706000.0,12999597000.0,200300000.0,202648000.0,207569000.0
Jabil Inc,JBL,5493000CGCQY2OQU7669,898293,2013.0,Q3TTM,2012-06-01,2013-05-31,,7376000.0,2.57,1.61,0.32,1.57,25597000.0,105635000.0,325766000.0,240184000.0,85582000.0,327260000.0,-1494000.0,15220298000.0,16326441000.0,-6977000.0,,28177000.0,23182000.0,553454000.0,15220298000.0,1106143000.0,117266000.0,1705000.0,637786000.0,468357000.0,-122538000.0,345819000.0,16326441000.0,200300000.0,202648000.0,207569000.0
Jabil Inc,JBL,5493000CGCQY2OQU7669,898293,2013.0,Q3,2013-03-01,2013-05-31,2014-06-30 16:18:10+00:00,2221000.0,0.25,0.25,0.08,0.24,25597000.0,22129000.0,49628000.0,39249000.0,10379000.0,50083000.0,-455000.0,3898652000.0,4196224000.0,-1422000.0,,6475000.0,23182000.0,146969000.0,3898652000.0,297572000.0,30709000.0,381000.0,204444000.0,93128000.0,-31750000.0,61378000.0,4196224000.0,200300000.0,202648000.0,207569000.0
Jabil Inc,JBL,5493000CGCQY2OQU7669,898293,2013.0,Q2YTD,2012-09-01,2013-02-28,,5655000.0,0.96,0.96,0.16,0.94,,61452000.0,193673000.0,180876000.0,12797000.0,194380000.0,-707000.0,8164256000.0,8803373000.0,-3123000.0,,14918000.0,,315222000.0,8164256000.0,639117000.0,58772000.0,901000.0,335795000.0,303322000.0,-60994000.0,242328000.0,8803373000.0,201200000.0,202458000.0,206804000.0
Jabil Inc,JBL,5493000CGCQY2OQU7669,898293,2013.0,Q2TTM,2012-03-01,2013-02-28,,8609000.0,2.32,1.85,0.32,1.81,,110883000.0,377736000.0,302533000.0,75203000.0,378497000.0,-761000.0,15243241000.0,16381135000.0,-7454000.0,,28220000.0,,569233000.0,15243241000.0,1137894000.0,113019000.0,2057000.0,606062000.0,531832000.0,-118416000.0,413416000.0,16381135000.0,201200000.0,202458000.0,206804000.0
Jabil Inc,JBL,5493000CGCQY2OQU7669,898293,2013.0,Q2,2012-12-01,2013-02-28,2014-04-07 16:13:58+00:00,2204000.0,0.44,0.44,0.08,0.43,,27418000.0,88089000.0,75292000.0,12797000.0,88533000.0,-444000.0,3877833000.0,4166355000.0,-1554000.0,,7655000.0,,145622000.0,3877833000.0,288522000.0,29168000.0,391000.0,155481000.0,133041000.0,-30331000.0,102710000.0,4166355000.0,201200000.0,202458000.0,206804000.0
Jabil Inc,JBL,5493000CGCQY2OQU7669,898293,2013.0,Q1TTM,2011-12-01,2012-11-30,,11276000.0,1.88,1.88,0.32,1.84,,107485000.0,387892000.0,325486000.0,62406000.0,387662000.0,230000.0,15279418000.0,16450954000.0,-7819000.0,,26829000.0,,584422000.0,15279418000.0,1171536000.0,110173000.0,1954000.0,622527000.0,549009000.0,-116038000.0,432971000.0,16450954000.0,203600000.0,204318000.0,207816000.0
Jabil Inc,JBL,5493000CGCQY2OQU7669,898293,2013.0,Q1,2012-09-01,2012-11-30,2014-01-09 16:15:02+00:00,3451000.0,0.52,0.52,0.08,0.51,,34034000.0,105584000.0,105584000.0,,105847000.0,-263000.0,4286423000.0,4637018000.0,-1569000.0,,7263000.0,,169600000.0,4286423000.0,350595000.0,29604000.0,510000.0,180314000.0,170281000.0,-30663000.0,139618000.0,4637018000.0,203600000.0,204318000.0,207816000.0
Jabil Inc,JBL,5493000CGCQY2OQU7669,898293,2014.0,FY,2013-09-01,2014-08-31,2016-10-20 16:26:39+00:00,23857000.0,1.19,1.19,0.32,1.19,,73711000.0,242265000.0,-1588000.0,243853000.0,241313000.0,952000.0,14736543000.0,15762146000.0,-7637000.0,7962000.0,28611000.0,85369000.0,675730000.0,14736543000.0,1025603000.0,128055000.0,3741000.0,821529000.0,204074000.0,-131951000.0,72123000.0,15762146000.0,202800000.0,202497000.0,202497000.0
Jabil Inc,JBL,5493000CGCQY2OQU7669,898293,2014.0,Q4,2014-06-01,2014-08-31,,5677000.0,-0.13,-0.13,0.08,-0.12,,32788000.0,-25592000.0,-18388000.0,-7204000.0,-26197000.0,605000.0,3793993000.0,4056245000.0,-3090000.0,5057000.0,7224000.0,19717000.0,177934000.0,3793993000.0,262252000.0,30785000.0,1632000.0,215609000.0,46643000.0,-32243000.0,14400000.0,4056245000.0,202800000.0,202497000.0,202497000.0
Jabil Inc,JBL,5493000CGCQY2OQU7669,898293,2014.0,Q3YTD,2013-09-01,2014-05-31,,18180000.0,1.32,1.32,0.24,1.31,,40923000.0,267857000.0,16800000.0,251057000.0,267510000.0,347000.0,10942550000.0,11705901000.0,-4547000.0,2905000.0,21387000.0,65652000.0,497796000.0,10942550000.0,763351000.0,97270000.0,2109000.0,605920000.0,157431000.0,-99708000.0,57723000.0,11705901000.0,202400000.0,202008000.0,202008000.0
Jabil Inc,JBL,5493000CGCQY2OQU7669,898293,2014.0,Q3TTM,2013-06-01,2014-05-31,,21258000.0,1.94,1.94,0.32,1.92,,-35027000.0,394647000.0,116158000.0,278489000.0,394529000.0,118000.0,14916945000.0,15955797000.0,-6097000.0,2905000.0,28406000.0,122983000.0,649900000.0,14916945000.0,1038852000.0,128812000.0,2640000.0,825452000.0,213400000.0,-132269000.0,81131000.0,15955797000.0,202400000.0,202008000.0,202008000.0
Jabil Inc,JBL,5493000CGCQY2OQU7669,898293,2014.0,Q3,2014-03-01,2014-05-31,2015-06-22 16:09:08+00:00,5679000.0,0.93,0.93,0.08,0.93,,18708000.0,188308000.0,-52888000.0,241196000.0,188255000.0,53000.0,3569925000.0,3785875000.0,-1520000.0,2905000.0,5729000.0,12446000.0,190804000.0,3569925000.0,215950000.0,32107000.0,1060000.0,217563000.0,-1613000.0,-32567000.0,-34180000.0,3785875000.0,202400000.0,202008000.0,202008000.0
Jabil Inc,JBL,5493000CGCQY2OQU7669,898293,2014.0,Q2YTD,2013-09-01,2014-02-28,,12501000.0,0.39,0.39,0.16,0.38,,22215000.0,79549000.0,69688000.0,9861000.0,79255000.0,294000.0,7372625000.0,7920026000.0,-3027000.0,,15658000.0,53206000.0,306992000.0,7372625000.0,547401000.0,65163000.0,1049000.0,388357000.0,159044000.0,-67141000.0,91903000.0,7920026000.0,203500000.0,205251000.0,205251000.0
Jabil Inc,JBL,5493000CGCQY2OQU7669,898293,2014.0,Q2TTM,2013-03-01,2014-02-28,,17800000.0,1.26,1.26,0.32,1.23,25597000.0,-31606000.0,255967000.0,208295000.0,47672000.0,256357000.0,-390000.0,15245672000.0,16366146000.0,-5999000.0,,29152000.0,133719000.0,606065000.0,15245672000.0,1120474000.0,127414000.0,1961000.0,812333000.0,308141000.0,-131452000.0,176689000.0,16366146000.0,203500000.0,205251000.0,205251000.0
Jabil Inc,JBL,5493000CGCQY2OQU7669,898293,2014.0,Q2,2013-12-01,2014-02-28,2015-04-07 16:07:21+00:00,6180000.0,-0.19,-0.19,0.08,-0.19,,2539000.0,-38516000.0,-32265000.0,-6251000.0,-38667000.0,151000.0,3364165000.0,3577315000.0,-1850000.0,,6604000.0,32203000.0,164522000.0,3364165000.0,213150000.0,31858000.0,341000.0,209509000.0,3641000.0,-33367000.0,-29726000.0,3577315000.0,203500000.0,205251000.0,205251000.0
Jabil Inc,JBL,5493000CGCQY2OQU7669,898293,2014.0,Q1TTM,2012-12-01,2013-11-30,,13824000.0,1.89,1.89,0.32,1.85,25597000.0,-6727000.0,382572000.0,315852000.0,66720000.0,383557000.0,-985000.0,15759340000.0,16955186000.0,-5703000.0,,30203000.0,101516000.0,587165000.0,15759340000.0,1195846000.0,124724000.0,2011000.0,758305000.0,437541000.0,-128416000.0,309125000.0,16955186000.0,203300000.0,204762000.0,206813000.0
Jabil Inc,JBL,5493000CGCQY2OQU7669,898293,2014.0,Q1,2013-09-01,2013-11-30,2015-01-09 16:10:30+00:00,6321000.0,0.58,0.58,0.08,0.57,,19676000.0,118065000.0,101953000.0,16112000.0,117922000.0,143000.0,4008460000.0,4342711000.0,-1177000.0,,9054000.0,21003000.0,142470000.0,4008460000.0,334251000.0,33305000.0,708000.0,178848000.0,155403000.0,-33774000.0,121629000.0,4342711000.0,203300000.0,204762000.0,206813000.0
Jabil Inc,JBL,5493000CGCQY2OQU7669,898293,2015.0,FY,2014-09-01,2015-08-31,2017-10-19 16:10:22+00:00,24449000.0,,1.47,0.32,1.45,,137461000.0,285612000.0,294185000.0,-8573000.0,284019000.0,1593000.0,16395978000.0,17899196000.0,-5627000.0,,27645000.0,33066000.0,862647000.0,16395978000.0,1503218000.0,128091000.0,9953000.0,947807000.0,555411000.0,-123765000.0,431646000.0,17899196000.0,,193689000.0,196005000.0
Jabil Inc,JBL,5493000CGCQY2OQU7669,898293,2015.0,Q4,2015-06-01,2015-08-31,,7352000.0,-1.01,0.46,0.08,0.44,,30277000.0,88539000.0,91012000.0,-2473000.0,87702000.0,837000.0,4304239000.0,4680814000.0,-388000.0,,8142000.0,1233000.0,209465000.0,4304239000.0,376575000.0,32207000.0,3501000.0,226192000.0,150383000.0,-29094000.0,121289000.0,4680814000.0,,193689000.0,196005000.0
Jabil Inc,JBL,5493000CGCQY2OQU7669,898293,2015.0,Q3,2015-03-01,2015-05-31,2016-06-30 16:17:09+00:00,5724000.0,0.37,0.37,0.08,0.37,,32124000.0,72424000.0,72257000.0,167000.0,72203000.0,221000.0,3982804000.0,4358641000.0,-1880000.0,,6997000.0,-782000.0,228476000.0,3982804000.0,375837000.0,31997000.0,2836000.0,240415000.0,135422000.0,-31041000.0,104381000.0,4358641000.0,195100000.0,193785000.0,196304000.0
Jabil Inc,JBL,5493000CGCQY2OQU7669,898293,2015.0,Q3YTD,2014-09-01,2015-05-31,,17097000.0,1.01,1.01,0.24,1.01,,107184000.0,197073000.0,203173000.0,-6100000.0,196317000.0,756000.0,12091739000.0,13218382000.0,-5239000.0,,19503000.0,31833000.0,653182000.0,12091739000.0,1126643000.0,95884000.0,6452000.0,721615000.0,405028000.0,-94671000.0,310357000.0,13218382000.0,195100000.0,193785000.0,196304000.0
Jabil Inc,JBL,5493000CGCQY2OQU7669,898293,2015.0,Q3TTM,2014-06-01,2015-05-31,,22774000.0,0.88,0.88,0.32,0.89,,139972000.0,171481000.0,184785000.0,-13304000.0,170120000.0,1361000.0,15885732000.0,17274627000.0,-8329000.0,5057000.0,26727000.0,51550000.0,831116000.0,15885732000.0,1388895000.0,126669000.0,8084000.0,937224000.0,451671000.0,-126914000.0,324757000.0,17274627000.0,195100000.0,193785000.0,196304000.0
Jabil Inc,JBL,5493000CGCQY2OQU7669,898293,2015.0,Q2,2014-12-01,2015-02-28,2016-04-05 16:41:16+00:00,5783000.0,0.27,0.27,0.08,0.27,,35272000.0,52273000.0,57782000.0,-5509000.0,51952000.0,321000.0,3941504000.0,4309323000.0,-1665000.0,,6501000.0,20358000.0,210326000.0,3941504000.0,367819000.0,32048000.0,1916000.0,242968000.0,124851000.0,-31797000.0,93054000.0,4309323000.0,192400000.0,193561000.0,195473000.0
Jabil Inc,JBL,5493000CGCQY2OQU7669,898293,2015.0,Q2YTD,2014-09-01,2015-02-28,,11373000.0,0.64,0.64,0.16,0.64,,75060000.0,124649000.0,130916000.0,-6267000.0,124114000.0,535000.0,8108935000.0,8859741000.0,-3359000.0,,12506000.0,32615000.0,424706000.0,8108935000.0,750806000.0,63887000.0,3616000.0,481200000.0,269606000.0,-63630000.0,205976000.0,8859741000.0,192400000.0,193561000.0,195473000.0
Jabil Inc,JBL,5493000CGCQY2OQU7669,898293,2015.0,Q2TTM,2014-03-01,2015-02-28,,22729000.0,1.44,1.44,0.32,1.45,,126556000.0,287365000.0,59640000.0,227725000.0,286172000.0,1193000.0,15472853000.0,16701861000.0,-7969000.0,7962000.0,25459000.0,64778000.0,793444000.0,15472853000.0,1229008000.0,126779000.0,6308000.0,914372000.0,314636000.0,-128440000.0,186196000.0,16701861000.0,192400000.0,193561000.0,195473000.0
Jabil Inc,JBL,5493000CGCQY2OQU7669,898293,2015.0,Q1,2014-09-01,2014-11-30,2016-01-06 16:55:39+00:00,5590000.0,0.37,0.37,0.08,0.37,,39788000.0,72376000.0,73134000.0,-758000.0,72162000.0,214000.0,4167431000.0,4550418000.0,-1694000.0,,6005000.0,12257000.0,214380000.0,4167431000.0,382987000.0,31839000.0,1700000.0,238232000.0,144755000.0,-31833000.0,112922000.0,4550418000.0,195000000.0,193502000.0,195314000.0
Jabil Inc,JBL,5493000CGCQY2OQU7669,898293,2015.0,Q1TTM,2013-12-01,2014-11-30,,23126000.0,0.98,0.98,0.32,0.99,,93823000.0,196576000.0,-30407000.0,226983000.0,195553000.0,1023000.0,14895514000.0,15969853000.0,-8154000.0,7962000.0,25562000.0,76623000.0,747640000.0,14895514000.0,1074339000.0,126589000.0,4733000.0,880913000.0,193426000.0,-130010000.0,63416000.0,15969853000.0,195000000.0,193502000.0,195314000.0
Jabil Inc,JBL,5493000CGCQY2OQU7669,898293,2016.0,FY,2015-09-01,2016-08-31,2018-10-19 16:09:32+00:00,37100000.0,1.33,1.33,0.32,1.32,,132149000.0,254896000.0,254896000.0,,254095000.0,801000.0,16825382000.0,18353086000.0,-8380000.0,0.0,31954000.0,11369000.0,924427000.0,16825382000.0,1527704000.0,136536000.0,9128000.0,1004850000.0,522854000.0,-135788000.0,387045000.0,18353086000.0,191000000.0,190413000.0,192750000.0
Jabil Inc,JBL,5493000CGCQY2OQU7669,898293,2016.0,Q4,2016-06-01,2016-08-31,,10950000.0,0.2,0.2,0.08,0.2,,21509000.0,38709000.0,38709000.0,,38067000.0,642000.0,4107114000.0,4430763000.0,-2036000.0,,7522000.0,3021000.0,208329000.0,4107114000.0,323649000.0,34027000.0,2475000.0,229822000.0,93827000.0,-33588000.0,60218000.0,4430763000.0,191000000.0,190413000.0,192750000.0
Jabil Inc,JBL,5493000CGCQY2OQU7669,898293,2016.0,Q3,2016-03-01,2016-05-31,2017-06-30 16:08:03+00:00,9711000.0,0.03,0.03,0.08,0.03,,18434000.0,5839000.0,5839000.0,,5213000.0,626000.0,3989665000.0,4310752000.0,-2412000.0,,7675000.0,4460000.0,239646000.0,3989665000.0,321087000.0,35212000.0,2302000.0,261492000.0,59595000.0,-35322000.0,24273000.0,4310752000.0,173800000.0,191206000.0,193069000.0
Jabil Inc,JBL,5493000CGCQY2OQU7669,898293,2016.0,Q3YTD,2015-09-01,2016-05-31,,26150000.0,1.13,1.13,0.24,1.12,,110640000.0,216187000.0,216187000.0,,216028000.0,159000.0,12718268000.0,13922323000.0,-6344000.0,,24432000.0,8348000.0,716098000.0,12718268000.0,1204055000.0,102509000.0,6653000.0,775028000.0,429027000.0,-102200000.0,326827000.0,13922323000.0,173800000.0,191206000.0,193069000.0
Jabil Inc,JBL,5493000CGCQY2OQU7669,898293,2016.0,Q3TTM,2015-06-01,2016-05-31,,33502000.0,0.12,1.59,0.32,1.56,,140917000.0,304726000.0,307199000.0,-2473000.0,303730000.0,996000.0,17022507000.0,18603137000.0,-6732000.0,,32574000.0,9581000.0,925563000.0,17022507000.0,1580630000.0,134716000.0,10154000.0,1001220000.0,579410000.0,-131294000.0,448116000.0,18603137000.0,173800000.0,191206000.0,193069000.0
Jabil Inc,JBL,5493000CGCQY2OQU7669,898293,2016.0,Q2,2015-12-01,2016-02-29,2017-04-05 16:21:11+00:00,8599000.0,0.41,0.41,0.08,0.41,,42354000.0,78433000.0,78433000.0,,78930000.0,-497000.0,4004161000.0,4403594000.0,-2167000.0,,8465000.0,2535000.0,224905000.0,4004161000.0,399433000.0,34262000.0,2287000.0,244504000.0,154929000.0,-34142000.0,120787000.0,4403594000.0,192500000.0,190957000.0,193294000.0
Jabil Inc,JBL,5493000CGCQY2OQU7669,898293,2016.0,Q2YTD,2015-09-01,2016-02-29,,16439000.0,1.1,1.1,0.16,1.09,,92206000.0,210348000.0,210348000.0,,210815000.0,-467000.0,8728603000.0,9611571000.0,-3932000.0,,16757000.0,3888000.0,476452000.0,8728603000.0,882968000.0,67297000.0,4351000.0,513536000.0,369432000.0,-66878000.0,302554000.0,9611571000.0,192500000.0,190957000.0,193294000.0
Jabil Inc,JBL,5493000CGCQY2OQU7669,898293,2016.0,Q2TTM,2015-03-01,2016-02-29,,29515000.0,0.46,1.93,0.32,1.9,,154607000.0,371311000.0,373617000.0,-2306000.0,370720000.0,591000.0,17015646000.0,18651026000.0,-6200000.0,,31896000.0,4339000.0,914393000.0,17015646000.0,1635380000.0,131501000.0,10688000.0,980143000.0,655237000.0,-127013000.0,528224000.0,18651026000.0,192500000.0,190957000.0,193294000.0
Jabil Inc,JBL,5493000CGCQY2OQU7669,898293,2016.0,Q1,2015-09-01,2015-11-30,2017-01-09 16:24:08+00:00,7840000.0,0.69,0.69,0.08,0.68,,49852000.0,131915000.0,131915000.0,,131885000.0,30000.0,4724442000.0,5207977000.0,-1765000.0,,8292000.0,1353000.0,251547000.0,4724442000.0,483535000.0,33035000.0,2064000.0,269032000.0,214503000.0,-32736000.0,181767000.0,5207977000.0,191100000.0,190355000.0,193243000.0
Jabil Inc,JBL,5493000CGCQY2OQU7669,898293,2016.0,Q1TTM,2014-12-01,2015-11-30,,26699000.0,0.32,1.79,0.32,1.76,,147525000.0,345151000.0,352966000.0,-7815000.0,343742000.0,1409000.0,16952989000.0,18556755000.0,-5698000.0,,29932000.0,22162000.0,899814000.0,16952989000.0,1603766000.0,129287000.0,10317000.0,978607000.0,625159000.0,-124668000.0,500491000.0,18556755000.0,191100000.0,190355000.0,193243000.0
Jabil Inc,JBL,5493000CGCQY2OQU7669,898293,2017.0,FY,2016-09-01,2017-08-31,2019-10-22 16:18:46+00:00,35524000.0,0.71,0.71,0.32,0.69,,129066000.0,127167000.0,127167000.0,,129090000.0,-1923000.0,17517478000.0,19063121000.0,-28448000.0,2112000.0,29680000.0,160395000.0,907702000.0,17517478000.0,1545643000.0,138074000.0,12525000.0,1135413000.0,410230000.0,-153997000.0,256233000.0,19063121000.0,181800000.0,181902000.0,185838000.0
Jabil Inc,JBL,5493000CGCQY2OQU7669,898293,2017.0,Q4,2017-06-01,2017-08-31,,9262000.0,0.26,0.26,-0.24,0.25,,35571000.0,46041000.0,46041000.0,,45679000.0,362000.0,4597211000.0,5023029000.0,-4576000.0,2112000.0,7698000.0,46866000.0,241823000.0,4597211000.0,425818000.0,35987000.0,4118000.0,307761000.0,118057000.0,-36445000.0,81612000.0,5023029000.0,181800000.0,181902000.0,185838000.0
Jabil Inc,JBL,5493000CGCQY2OQU7669,898293,2017.0,Q3,2017-03-01,2017-05-31,2018-06-28 16:20:02+00:00,9174000.0,-0.14,-0.14,0.08,-0.14,,21481000.0,-25699000.0,-25699000.0,,-25281000.0,-418000.0,4163142000.0,4489557000.0,-15821000.0,,7274000.0,32700000.0,233884000.0,4163142000.0,326415000.0,35443000.0,3663000.0,283032000.0,43383000.0,-47601000.0,-4218000.0,4489557000.0,180600000.0,181038000.0,181038000.0
Jabil Inc,JBL,5493000CGCQY2OQU7669,898293,2017.0,Q3YTD,2016-09-01,2017-05-31,,26262000.0,0.45,0.45,0.24,0.44,,93495000.0,81126000.0,81126000.0,,83411000.0,-2285000.0,12920267000.0,14040092000.0,-23872000.0,,21982000.0,113529000.0,665879000.0,12920267000.0,1119825000.0,102087000.0,8407000.0,827652000.0,292173000.0,-117552000.0,174621000.0,14040092000.0,180600000.0,181038000.0,181038000.0
Jabil Inc,JBL,5493000CGCQY2OQU7669,898293,2017.0,Q3TTM,2016-06-01,2017-05-31,,37212000.0,0.65,0.65,0.32,0.64,,115004000.0,119835000.0,119835000.0,,121478000.0,-1643000.0,17027381000.0,18470855000.0,-25908000.0,,29504000.0,116550000.0,874208000.0,17027381000.0,1443474000.0,136114000.0,10882000.0,1057474000.0,386000000.0,-151140000.0,234839000.0,18470855000.0,180600000.0,181038000.0,181038000.0
Jabil Inc,JBL,5493000CGCQY2OQU7669,898293,2017.0,Q2,2016-12-01,2017-02-28,2018-04-05 16:30:32+00:00,8766000.0,0.11,0.11,0.08,0.11,,28177000.0,20124000.0,20124000.0,,20665000.0,-541000.0,4083733000.0,4445637000.0,-3371000.0,,7085000.0,44927000.0,217943000.0,4083733000.0,361904000.0,33800000.0,2289000.0,278721000.0,83183000.0,-34882000.0,48301000.0,4445637000.0,187900000.0,182632000.0,185010000.0
Jabil Inc,JBL,5493000CGCQY2OQU7669,898293,2017.0,Q2YTD,2016-09-01,2017-02-28,,17088000.0,0.59,0.59,0.16,0.58,,72014000.0,106825000.0,106825000.0,,108692000.0,-1867000.0,8757125000.0,9550535000.0,-8051000.0,,14708000.0,80829000.0,431995000.0,8757125000.0,793410000.0,66644000.0,4744000.0,544620000.0,248790000.0,-69951000.0,178839000.0,9550535000.0,187900000.0,182632000.0,185010000.0
Jabil Inc,JBL,5493000CGCQY2OQU7669,898293,2017.0,Q2TTM,2016-03-01,2017-02-28,,37749000.0,0.82,0.82,0.32,0.81,,111957000.0,151373000.0,151373000.0,,151972000.0,-599000.0,16853904000.0,18292050000.0,-12499000.0,,29905000.0,88310000.0,879970000.0,16853904000.0,1438146000.0,135883000.0,9521000.0,1035934000.0,402212000.0,-138861000.0,263330000.0,18292050000.0,187900000.0,182632000.0,185010000.0
Jabil Inc,JBL,5493000CGCQY2OQU7669,898293,2017.0,Q1,2016-09-01,2016-11-30,2018-01-04 16:19:03+00:00,8322000.0,0.48,0.48,0.08,0.47,,43837000.0,86701000.0,86701000.0,,88027000.0,-1326000.0,4673392000.0,5104898000.0,-4680000.0,,7623000.0,35902000.0,214052000.0,4673392000.0,431506000.0,32844000.0,2455000.0,265899000.0,165607000.0,-35069000.0,130538000.0,5104898000.0,183400000.0,185292000.0,187856000.0
Jabil Inc,JBL,5493000CGCQY2OQU7669,898293,2017.0,Q1TTM,2015-12-01,2016-11-30,,37582000.0,1.12,1.12,0.32,1.11,,126134000.0,209682000.0,209682000.0,,210237000.0,-555000.0,16774332000.0,18250007000.0,-11295000.0,,31285000.0,45918000.0,886932000.0,16774332000.0,1475675000.0,136345000.0,9519000.0,1001717000.0,473958000.0,-138121000.0,335816000.0,18250007000.0,183400000.0,185292000.0,187856000.0
Jabil Inc,JBL,5493000CGCQY2OQU7669,898293,2018.0,FY,2017-09-01,2018-08-31,2019-10-22 16:18:46+00:00,38500000.0,0.5,0.5,0.32,0.49,,285860000.0,87541000.0,87541000.0,,86330000.0,1211000.0,20388624000.0,22095416000.0,-37563000.0,0.0,38531000.0,36902000.0,1050716000.0,20388624000.0,1706792000.0,149002000.0,17813000.0,1164649000.0,542153000.0,-168752000.0,373401000.0,22095416000.0,172700000.0,172237000.0,175044000.0
Jabil Inc,JBL,5493000CGCQY2OQU7669,898293,2018.0,Q4,2018-06-01,2018-08-31,,8591000.0,-0.32,-0.32,,-0.32,,165155000.0,-56608000.0,-56608000.0,,-57314000.0,706000.0,5329684000.0,5771831000.0,-11057000.0,,10996000.0,7440000.0,261234000.0,5329684000.0,442147000.0,38782000.0,4490000.0,288261000.0,153896000.0,-45349000.0,108547000.0,5771831000.0,172700000.0,172237000.0,175044000.0
Jabil Inc,JBL,5493000CGCQY2OQU7669,898293,2018.0,Q3,2018-03-01,2018-05-31,2019-06-28 16:13:48+00:00,10040000.0,0.25,0.25,,0.25,,28451000.0,42702000.0,42702000.0,,42541000.0,161000.0,5038725000.0,5436952000.0,-10139000.0,,10082000.0,12647000.0,252487000.0,5038725000.0,398227000.0,36178000.0,4499000.0,285256000.0,112971000.0,-41818000.0,71153000.0,5436952000.0,170200000.0,170514000.0,173279000.0
Jabil Inc,JBL,5493000CGCQY2OQU7669,898293,2018.0,Q3YTD,2017-09-01,2018-05-31,,29909000.0,0.82,0.82,,0.81,,120705000.0,144149000.0,144149000.0,,143644000.0,505000.0,15058940000.0,16323585000.0,-26506000.0,,27535000.0,29462000.0,789482000.0,15058940000.0,1264645000.0,110220000.0,13323000.0,876388000.0,388257000.0,-123403000.0,264854000.0,16323585000.0,170200000.0,170514000.0,173279000.0
Jabil Inc,JBL,5493000CGCQY2OQU7669,898293,2018.0,Q3TTM,2017-06-01,2018-05-31,,39171000.0,1.08,1.08,-0.24,1.06,,156276000.0,190190000.0,190190000.0,,189323000.0,867000.0,19656151000.0,21346614000.0,-31082000.0,2112000.0,35233000.0,76328000.0,1031305000.0,19656151000.0,1690463000.0,146207000.0,17441000.0,1184149000.0,506314000.0,-159848000.0,346466000.0,21346614000.0,170200000.0,170514000.0,173279000.0
Jabil Inc,JBL,5493000CGCQY2OQU7669,898293,2018.0,Q2,2017-12-01,2018-02-28,2019-04-04 16:11:19+00:00,9890000.0,0.21,0.21,,0.21,,48734000.0,37528000.0,37528000.0,,37308000.0,220000.0,4903968000.0,5301101000.0,-10485000.0,,8344000.0,5427000.0,243940000.0,4903968000.0,397133000.0,37796000.0,5011000.0,267601000.0,129532000.0,-43270000.0,86262000.0,5301101000.0,177700000.0,174635000.0,176953000.0
Jabil Inc,JBL,5493000CGCQY2OQU7669,898293,2018.0,Q2YTD,2017-09-01,2018-02-28,,19869000.0,0.57,0.57,,0.56,,92254000.0,101447000.0,101447000.0,,101103000.0,344000.0,10020215000.0,10886633000.0,-16367000.0,,17453000.0,16815000.0,536995000.0,10020215000.0,866418000.0,74042000.0,8824000.0,591132000.0,275286000.0,-81585000.0,193701000.0,10886633000.0,177700000.0,174635000.0,176953000.0
Jabil Inc,JBL,5493000CGCQY2OQU7669,898293,2018.0,Q2TTM,2017-03-01,2018-02-28,,38305000.0,0.69,0.69,-0.16,0.67,,149306000.0,121789000.0,121789000.0,,121501000.0,288000.0,18780568000.0,20399219000.0,-36764000.0,2112000.0,32425000.0,96381000.0,1012702000.0,18780568000.0,1618651000.0,145472000.0,16605000.0,1181925000.0,436726000.0,-165631000.0,271095000.0,20399219000.0,177700000.0,174635000.0,176953000.0
Jabil Inc,JBL,5493000CGCQY2OQU7669,898293,2018.0,Q1,2017-09-01,2017-11-30,2019-01-09 16:43:46+00:00,9979000.0,0.36,0.36,,0.35,,43520000.0,63919000.0,63919000.0,,63795000.0,124000.0,5116247000.0,5585532000.0,-5882000.0,,9109000.0,11388000.0,293055000.0,5116247000.0,469285000.0,36246000.0,3813000.0,323531000.0,145754000.0,-38315000.0,107439000.0,5585532000.0,177200000.0,176936000.0,180203000.0
Jabil Inc,JBL,5493000CGCQY2OQU7669,898293,2018.0,Q1TTM,2016-12-01,2017-11-30,,37181000.0,0.59,0.59,-0.08,0.57,,128749000.0,104385000.0,104385000.0,,104858000.0,-473000.0,17960333000.0,19543755000.0,-29650000.0,2112000.0,31166000.0,135881000.0,986705000.0,17960333000.0,1583422000.0,141476000.0,13883000.0,1193045000.0,390377000.0,-157243000.0,233134000.0,19543755000.0,177200000.0,176936000.0,180203000.0
Jabil Inc,JBL,5493000CGCQY2OQU7669,898293,2019.0,Q4,2019-06-01,2019-08-31,,8890000.0,0.36,0.36,,0.34,,48152000.0,53761000.0,53761000.0,,52675000.0,1086000.0,6078375000.0,6573453000.0,-43991000.0,,10114000.0,9732000.0,276597000.0,6078375000.0,495078000.0,49404000.0,5563000.0,305333000.0,189745000.0,-87832000.0,101913000.0,6573453000.0,155200000.0,155613000.0,158647000.0
Jabil Inc,JBL,5493000CGCQY2OQU7669,898293,2019.0,FY,2018-09-01,2019-08-31,2019-10-22 16:18:46+00:00,31923000.0,1.85,1.85,,1.81,,161230000.0,289474000.0,289474000.0,,287111000.0,2363000.0,23368919000.0,25282320000.0,-83382000.0,0.0,42861000.0,25914000.0,1111347000.0,23368919000.0,1913401000.0,188730000.0,21460000.0,1212045000.0,701356000.0,-250652000.0,450704000.0,25282320000.0,155200000.0,155613000.0,158647000.0
Jabil Inc,JBL,5493000CGCQY2OQU7669,898293,2019.0,Q3,2019-03-01,2019-05-31,2020-06-30 07:11:40+00:00,7610000.0,0.28,0.28,,0.28,,39046000.0,44032000.0,44032000.0,,43482000.0,550000.0,5691803000.0,6135602000.0,-14084000.0,,11449000.0,9340000.0,274482000.0,5691803000.0,443799000.0,50514000.0,6758000.0,302881000.0,140918000.0,-57840000.0,83078000.0,6135602000.0,155300000.0,152889000.0,155678000.0
Jabil Inc,JBL,5493000CGCQY2OQU7669,898293,2019.0,Q3YTD,2018-09-01,2019-05-31,,23033000.0,1.49,1.49,,1.47,,113078000.0,235713000.0,235713000.0,,234436000.0,1277000.0,17290544000.0,18708867000.0,-39391000.0,,32747000.0,16182000.0,834750000.0,17290544000.0,1418323000.0,139326000.0,15897000.0,906712000.0,511611000.0,-162820000.0,348791000.0,18708867000.0,155300000.0,152889000.0,155678000.0
Jabil Inc,JBL,5493000CGCQY2OQU7669,898293,2019.0,Q3TTM,2018-06-01,2019-05-31,,31624000.0,1.17,1.17,0.32,1.15,,278233000.0,179105000.0,179105000.0,,177122000.0,1983000.0,22620228000.0,24480698000.0,-50448000.0,,43743000.0,23622000.0,1095984000.0,22620228000.0,1860470000.0,178108000.0,20387000.0,1194973000.0,665507000.0,-208169000.0,457338000.0,24480698000.0,155300000.0,152889000.0,155678000.0
Jabil Inc,JBL,5493000CGCQY2OQU7669,898293,2019.0,Q2,2018-12-01,2019-02-28,2020-04-01 16:15:39+00:00,7777000.0,0.44,0.44,,0.43,,33219000.0,67607000.0,67607000.0,,67354000.0,253000.0,5612116000.0,6066990000.0,-11757000.0,,10155000.0,817000.0,282142000.0,5612116000.0,454874000.0,46160000.0,4760000.0,300891000.0,153983000.0,-53157000.0,100826000.0,6066990000.0,153100000.0,154725000.0,156737000.0
Jabil Inc,JBL,5493000CGCQY2OQU7669,898293,2019.0,Q2YTD,2018-09-01,2019-02-28,,15423000.0,1.21,1.21,,1.19,,74032000.0,191681000.0,191681000.0,,190954000.0,727000.0,11598741000.0,12573265000.0,-25307000.0,,21298000.0,6842000.0,560268000.0,11598741000.0,974524000.0,88812000.0,9139000.0,603831000.0,370693000.0,-104980000.0,265713000.0,12573265000.0,153100000.0,154725000.0,156737000.0
Jabil Inc,JBL,5493000CGCQY2OQU7669,898293,2019.0,Q2TTM,2018-03-01,2019-02-28,,34054000.0,1.14,1.14,0.32,1.12,,267638000.0,177775000.0,177775000.0,,176181000.0,1594000.0,21967150000.0,23782048000.0,-46503000.0,,42376000.0,26929000.0,1073989000.0,21967150000.0,1814898000.0,163772000.0,18128000.0,1177348000.0,637560000.0,-192147000.0,445413000.0,23782048000.0,153100000.0,154725000.0,156737000.0
Jabil Inc,JBL,5493000CGCQY2OQU7669,898293,2019.0,Q1,2018-09-01,2018-11-30,2020-01-03 16:18:02+00:00,7646000.0,0.77,0.77,,0.76,,40813000.0,124074000.0,124074000.0,,123600000.0,474000.0,5986625000.0,6506275000.0,-13550000.0,,11143000.0,6025000.0,278126000.0,5986625000.0,519650000.0,42652000.0,4379000.0,302940000.0,216710000.0,-51823000.0,164887000.0,6506275000.0,160500000.0,161557000.0,163670000.0
Jabil Inc,JBL,5493000CGCQY2OQU7669,898293,2019.0,Q1TTM,2017-12-01,2018-11-30,,36167000.0,0.91,0.91,0.32,0.9,,283153000.0,147696000.0,147696000.0,,146135000.0,1561000.0,21259002000.0,23016159000.0,-45231000.0,,40565000.0,31539000.0,1035787000.0,21259002000.0,1757157000.0,155408000.0,18379000.0,1144058000.0,613109000.0,-182260000.0,430849000.0,23016159000.0,160500000.0,161557000.0,163670000.0
Jabil Inc,JBL,5493000CGCQY2OQU7669,898293,2020.0,Q3YTD,2019-09-01,2020-05-31,,42895000.0,-0.1,-0.1,,-0.1,,157620000.0,-12130000.0,-12130000.0,,-13819000.0,1689000.0,18526311000.0,19966423000.0,-37480000.0,,33647000.0,144005000.0,916772000.0,18526311000.0,1440112000.0,132967000.0,13144000.0,1137319000.0,302793000.0,-157303000.0,145490000.0,19966423000.0,149900000.0,150723000.0,150723000.0
Jabil Inc,JBL,5493000CGCQY2OQU7669,898293,2020.0,Q3TTM,2019-06-01,2020-05-31,,51785000.0,0.26,0.26,,0.24,,205772000.0,41631000.0,41631000.0,,38856000.0,2775000.0,24604686000.0,26539876000.0,-81471000.0,,43761000.0,153737000.0,1193369000.0,24604686000.0,1935190000.0,182371000.0,18707000.0,1442652000.0,492538000.0,-245135000.0,247403000.0,26539876000.0,149900000.0,150723000.0,150723000.0
Jabil Inc,JBL,5493000CGCQY2OQU7669,898293,2020.0,Q3,2020-03-01,2020-05-31,2020-06-30 07:11:40+00:00,13178000.0,-0.34,-0.34,,-0.34,,64036000.0,-50263000.0,-50263000.0,,-50958000.0,695000.0,5879494000.0,6335642000.0,-5602000.0,,11587000.0,69150000.0,302849000.0,5879494000.0,456148000.0,41873000.0,1864000.0,396764000.0,59384000.0,-45611000.0,13773000.0,6335642000.0,149900000.0,150723000.0,150723000.0
Jabil Inc,JBL,5493000CGCQY2OQU7669,898293,2020.0,Q2YTD,2019-09-01,2020-02-29,,29717000.0,0.24,0.24,,0.24,,93584000.0,38133000.0,38133000.0,,37139000.0,994000.0,12646817000.0,13630781000.0,-31878000.0,,22060000.0,74855000.0,613923000.0,12646817000.0,983964000.0,91094000.0,11280000.0,740555000.0,243409000.0,-111692000.0,131717000.0,13630781000.0,164200000.0,152058000.0,152058000.0
Jabil Inc,JBL,5493000CGCQY2OQU7669,898293,2020.0,Q2TTM,2019-03-01,2020-02-29,,46217000.0,0.88,0.88,,0.86,,180782000.0,135926000.0,135926000.0,,133296000.0,2630000.0,24416995000.0,26339836000.0,-89953000.0,,43623000.0,93927000.0,1165002000.0,24416995000.0,1922841000.0,191012000.0,23601000.0,1348769000.0,574072000.0,-257364000.0,316708000.0,26339836000.0,164200000.0,152058000.0,152058000.0
Jabil Inc,JBL,5493000CGCQY2OQU7669,898293,2020.0,Q2,2019-12-01,2020-02-29,2020-04-01 16:15:39+00:00,13577000.0,-0.02,-0.02,,-0.02,,31658000.0,-2581000.0,-2581000.0,,-3283000.0,702000.0,5694958000.0,6125083000.0,-20706000.0,,11290000.0,29604000.0,285024000.0,5694958000.0,430125000.0,46183000.0,5336000.0,339495000.0,90630000.0,-61553000.0,29077000.0,6125083000.0,164200000.0,152058000.0,152058000.0
Jabil Inc,JBL,5493000CGCQY2OQU7669,898293,2020.0,Q1TTM,2018-12-01,2019-11-30,,40417000.0,1.34,1.34,,1.31,,182343000.0,206114000.0,206114000.0,,203933000.0,2181000.0,24334153000.0,26281743000.0,-81004000.0,,42488000.0,65140000.0,1162120000.0,24334153000.0,1947590000.0,190989000.0,23025000.0,1310165000.0,637425000.0,-248968000.0,388457000.0,26281743000.0,155500000.0,153100000.0,156462000.0
Jabil Inc,JBL,5493000CGCQY2OQU7669,898293,2020.0,Q1,2019-09-01,2019-11-30,2020-01-03 16:18:02+00:00,16140000.0,0.26,0.26,,0.26,,61926000.0,40714000.0,40714000.0,,40422000.0,292000.0,6951859000.0,7505698000.0,-11172000.0,,10770000.0,45251000.0,328899000.0,6951859000.0,553839000.0,44911000.0,5944000.0,401060000.0,152779000.0,-50139000.0,102640000.0,7505698000.0,155500000.0,153100000.0,156462000.0
