company_name,company_ticker,company_lei,company_cik,year,quarter,start_date,end_date,filing_date,basicdilutedeps,basiceps,cashdividendspershare,dilutedeps,impairmentexpense,incometaxexpense,netincome,netincomecontinuing,netincomediscontinued,netincometocommon,netincometononcontrollinginterest,operatingcostofrevenue,operatingrevenue,othergains,otherincome,otheroperatingexpenses,sgaexpense,totalcostofrevenue,totalgrossprofit,totalinterestexpense,totalinterestincome,totaloperatingexpenses,totaloperatingincome,totalotherincome,totalpretaxincome,totalrevenue,weightedavebasicdilutedsharesos,weightedavebasicsharesos,weightedavedilutedsharesos
General Motors Co,GM,54930070NSV60J38I987,1467858,2010.0,FY,2010-01-01,2010-12-31,2013-02-15 11:28:33+00:00,3.11,3.11,,2.89,0.0,672000000.0,6503000000.0,6503000000.0,,6172000000.0,331000000.0,118920000000.0,135592000000.0,1438000000.0,1759000000.0,118000000.0,11446000000.0,118920000000.0,16672000000.0,1108000000.0,-22000000.0,11564000000.0,5108000000.0,629000000.0,5737000000.0,135592000000.0,1984600000.0,3000000000.0,1624000000.0
General Motors Co,GM,54930070NSV60J38I987,1467858,2010.0,Q3,2010-07-01,2010-09-30,2011-11-09 08:54:48+00:00,1.31,1.31,,1.2,,-25000000.0,2223000000.0,2223000000.0,,2162000000.0,61000000.0,29587000000.0,34060000000.0,351000000.0,,30000000.0,2710000000.0,29587000000.0,4473000000.0,263000000.0,377000000.0,2740000000.0,1733000000.0,114000000.0,1847000000.0,34060000000.0,1650400000.0,1500000000.0,1630000000.0
General Motors Co,GM,54930070NSV60J38I987,1467858,2010.0,Q2,2010-04-01,2010-06-30,2011-08-05 10:56:26+00:00,0.89,0.89,,0.85,,361000000.0,1612000000.0,1612000000.0,,1536000000.0,76000000.0,28609000000.0,33174000000.0,411000000.0,,39000000.0,2623000000.0,28609000000.0,4565000000.0,250000000.0,-91000000.0,2662000000.0,1903000000.0,-341000000.0,1562000000.0,33174000000.0,1725800000.0,1500000000.0,1567000000.0
General Motors Co,GM,54930070NSV60J38I987,1467858,2011.0,FY,2011-01-01,2011-12-31,2014-02-06 12:49:42+00:00,4.94,4.94,,4.58,1286000000.0,-110000000.0,9287000000.0,9287000000.0,,9190000000.0,97000000.0,131171000000.0,150276000000.0,,851000000.0,,12163000000.0,131171000000.0,19105000000.0,504000000.0,3192000000.0,13449000000.0,5656000000.0,3539000000.0,9177000000.0,150276000000.0,1860300000.0,1536000000.0,1668000000.0
General Motors Co,GM,54930070NSV60J38I987,1467858,2011.0,Q3YTD,2011-01-01,2011-09-30,,4.87,4.87,,4.34,395000000.0,183000000.0,8540000000.0,8540000000.0,,8465000000.0,75000000.0,97775000000.0,112286000000.0,2903000000.0,756000000.0,50000000.0,8860000000.0,97775000000.0,14511000000.0,450000000.0,308000000.0,9305000000.0,5206000000.0,614000000.0,5820000000.0,112286000000.0,1915500000.0,1562000000.0,1682000000.0
General Motors Co,GM,54930070NSV60J38I987,1467858,2011.0,Q3,2011-07-01,2011-09-30,2012-10-31 13:45:12+00:00,1.1,1.1,,1.03,0.0,107000000.0,2092000000.0,2092000000.0,,2107000000.0,-15000000.0,31946000000.0,36719000000.0,377000000.0,152000000.0,25000000.0,2942000000.0,31946000000.0,4773000000.0,136000000.0,,2967000000.0,1806000000.0,16000000.0,1822000000.0,36719000000.0,1915500000.0,1562000000.0,1682000000.0
General Motors Co,GM,54930070NSV60J38I987,1467858,2011.0,Q2,2011-04-01,2011-06-30,2012-08-03 09:09:05+00:00,1.68,1.68,,1.54,0.0,-61000000.0,3037000000.0,3037000000.0,,2992000000.0,45000000.0,33979000000.0,39373000000.0,382000000.0,,19000000.0,2924000000.0,33979000000.0,5394000000.0,165000000.0,308000000.0,2943000000.0,2451000000.0,143000000.0,2594000000.0,39373000000.0,1781000000.0,3010000000.0,1654000000.0
General Motors Co,GM,54930070NSV60J38I987,1467858,2011.0,Q2YTD,2011-01-01,2011-06-30,,3.77,3.77,,3.31,395000000.0,76000000.0,6448000000.0,6448000000.0,,6358000000.0,90000000.0,65829000000.0,75567000000.0,2526000000.0,604000000.0,25000000.0,5918000000.0,65829000000.0,9738000000.0,314000000.0,308000000.0,6338000000.0,3400000000.0,598000000.0,3998000000.0,75567000000.0,1781000000.0,3010000000.0,1654000000.0
General Motors Co,GM,54930070NSV60J38I987,1467858,2011.0,Q1,2011-01-01,2011-03-31,2012-05-03 12:19:35+00:00,2.09,2.09,,1.77,395000000.0,137000000.0,3411000000.0,3411000000.0,,3366000000.0,45000000.0,31850000000.0,36194000000.0,2144000000.0,604000000.0,6000000.0,2994000000.0,31850000000.0,4344000000.0,149000000.0,,3395000000.0,949000000.0,455000000.0,1404000000.0,36194000000.0,1610500000.0,3008000000.0,1817000000.0
General Motors Co,GM,54930070NSV60J38I987,1467858,2012.0,Q4,2012-10-01,2012-12-31,,0.57,0.57,,0.53,26450000000.0,-35645000000.0,1031000000.0,1031000000.0,,1194000000.0,-163000000.0,42293000000.0,39307000000.0,-1141000000.0,1675000000.0,-15000000.0,5362000000.0,42293000000.0,-2986000000.0,365000000.0,,31797000000.0,-34783000000.0,1310000000.0,-33473000000.0,39307000000.0,1996100000.0,1566000000.0,1675000000.0
General Motors Co,GM,54930070NSV60J38I987,1467858,2012.0,FY,2012-01-01,2012-12-31,2015-02-04 11:47:54+00:00,3.1,3.1,,2.92,27145000000.0,-34831000000.0,6136000000.0,6136000000.0,,6188000000.0,-52000000.0,141443000000.0,152256000000.0,,2407000000.0,,14031000000.0,141443000000.0,10813000000.0,739000000.0,,41176000000.0,-30363000000.0,1668000000.0,-28695000000.0,152256000000.0,1996100000.0,1566000000.0,1675000000.0
General Motors Co,GM,54930070NSV60J38I987,1467858,2012.0,Q3YTD,2012-01-01,2012-09-30,,2.53,2.53,,2.39,695000000.0,814000000.0,5105000000.0,5105000000.0,,4994000000.0,111000000.0,99150000000.0,112949000000.0,1141000000.0,732000000.0,15000000.0,8669000000.0,99150000000.0,13799000000.0,374000000.0,,9379000000.0,4420000000.0,358000000.0,4778000000.0,112949000000.0,1950000000.0,1570000000.0,1663000000.0
General Motors Co,GM,54930070NSV60J38I987,1467858,2012.0,Q3TTM,2011-10-01,2012-09-30,,2.6,2.6,,2.63,1586000000.0,521000000.0,5852000000.0,5852000000.0,,5719000000.0,133000000.0,132546000000.0,150939000000.0,-1762000000.0,827000000.0,-35000000.0,11972000000.0,132546000000.0,18393000000.0,428000000.0,2884000000.0,13523000000.0,4870000000.0,3283000000.0,8135000000.0,150939000000.0,1950000000.0,1570000000.0,1663000000.0
General Motors Co,GM,54930070NSV60J38I987,1467858,2012.0,Q3,2012-07-01,2012-09-30,2013-10-30 14:12:53+00:00,0.94,0.94,,0.89,78000000.0,357000000.0,1854000000.0,1854000000.0,,1833000000.0,21000000.0,33046000000.0,37576000000.0,418000000.0,318000000.0,,2849000000.0,33046000000.0,4530000000.0,128000000.0,,2927000000.0,1603000000.0,190000000.0,1793000000.0,37576000000.0,1950000000.0,1570000000.0,1663000000.0
General Motors Co,GM,54930070NSV60J38I987,1467858,2012.0,Q2YTD,2012-01-01,2012-06-30,,1.59,1.59,,1.5,617000000.0,457000000.0,3251000000.0,3251000000.0,,3161000000.0,90000000.0,66104000000.0,75373000000.0,723000000.0,414000000.0,15000000.0,5820000000.0,66104000000.0,9269000000.0,246000000.0,,6452000000.0,2817000000.0,168000000.0,2985000000.0,75373000000.0,1943200000.0,1569000000.0,1671000000.0
General Motors Co,GM,54930070NSV60J38I987,1467858,2012.0,Q2TTM,2011-07-01,2012-06-30,,2.76,2.76,,2.77,1508000000.0,271000000.0,6090000000.0,6090000000.0,,5993000000.0,97000000.0,131446000000.0,150082000000.0,-1803000000.0,661000000.0,-10000000.0,12065000000.0,131446000000.0,18636000000.0,436000000.0,2884000000.0,13563000000.0,5073000000.0,3109000000.0,8164000000.0,150082000000.0,1943200000.0,1569000000.0,1671000000.0
General Motors Co,GM,54930070NSV60J38I987,1467858,2012.0,Q2,2012-04-01,2012-06-30,2013-07-25 13:54:59+00:00,0.95,0.95,,0.9,0.0,241000000.0,1901000000.0,1901000000.0,,1846000000.0,55000000.0,32946000000.0,37614000000.0,300000000.0,139000000.0,,2847000000.0,32946000000.0,4668000000.0,118000000.0,,2847000000.0,1821000000.0,21000000.0,1842000000.0,37614000000.0,1943200000.0,1569000000.0,1671000000.0
General Motors Co,GM,54930070NSV60J38I987,1467858,2012.0,Q1TTM,2011-04-01,2012-03-31,,3.49,3.49,,3.41,1508000000.0,-31000000.0,7226000000.0,7226000000.0,,7139000000.0,87000000.0,132479000000.0,151841000000.0,-1721000000.0,522000000.0,9000000.0,12142000000.0,132479000000.0,19362000000.0,483000000.0,3192000000.0,13659000000.0,5703000000.0,3231000000.0,8916000000.0,151841000000.0,2054700000.0,3144000000.0,1692000000.0
General Motors Co,GM,54930070NSV60J38I987,1467858,2012.0,Q1,2012-01-01,2012-03-31,2013-05-09 12:17:57+00:00,0.64,0.64,,0.6,617000000.0,216000000.0,1350000000.0,1350000000.0,,1315000000.0,35000000.0,33158000000.0,37759000000.0,423000000.0,275000000.0,15000000.0,2973000000.0,33158000000.0,4601000000.0,128000000.0,,3605000000.0,996000000.0,147000000.0,1143000000.0,37759000000.0,2054700000.0,3144000000.0,1692000000.0
General Motors Co,GM,54930070NSV60J38I987,1467858,2013.0,FY,2013-01-01,2013-12-31,2016-02-03 13:20:41+00:00,2.71,2.71,,2.38,541000000.0,2127000000.0,5331000000.0,5331000000.0,,5346000000.0,-15000000.0,137373000000.0,155427000000.0,,1063000000.0,,12382000000.0,137373000000.0,18054000000.0,546000000.0,1810000000.0,12923000000.0,5131000000.0,2327000000.0,7458000000.0,155427000000.0,1972700000.0,1393000000.0,1676000000.0
General Motors Co,GM,54930070NSV60J38I987,1467858,2013.0,Q4,2013-10-01,2013-12-31,,0.71,0.71,,0.6,481000000.0,134000000.0,1053000000.0,1053000000.0,,1040000000.0,13000000.0,36210000000.0,40485000000.0,,723000000.0,,3629000000.0,36210000000.0,4275000000.0,91000000.0,390000000.0,4110000000.0,165000000.0,1022000000.0,1187000000.0,40485000000.0,1972700000.0,1393000000.0,1676000000.0
General Motors Co,GM,54930070NSV60J38I987,1467858,2013.0,Q3YTD,2013-01-01,2013-09-30,,2.0,2.0,,1.78,60000000.0,1993000000.0,4278000000.0,4278000000.0,,4306000000.0,-28000000.0,101163000000.0,114942000000.0,,340000000.0,,8753000000.0,101163000000.0,13779000000.0,455000000.0,1420000000.0,8813000000.0,4966000000.0,1305000000.0,6271000000.0,114942000000.0,3434000000.0,1386000000.0,1681000000.0
General Motors Co,GM,54930070NSV60J38I987,1467858,2013.0,Q3TTM,2012-10-01,2013-09-30,,2.57,2.57,,2.31,26510000000.0,-33652000000.0,5309000000.0,5309000000.0,,5500000000.0,-191000000.0,143456000000.0,154249000000.0,-1141000000.0,2015000000.0,-15000000.0,14115000000.0,143456000000.0,10793000000.0,820000000.0,1420000000.0,40610000000.0,-29817000000.0,2615000000.0,-27202000000.0,154249000000.0,3434000000.0,1386000000.0,1681000000.0
General Motors Co,GM,54930070NSV60J38I987,1467858,2013.0,Q3,2013-07-01,2013-09-30,2014-10-23 14:51:37+00:00,0.5,0.5,0.0,0.45,60000000.0,842000000.0,1705000000.0,1705000000.0,,1717000000.0,-12000000.0,33791000000.0,38983000000.0,,-82000000.0,,2876000000.0,33791000000.0,5192000000.0,63000000.0,436000000.0,2936000000.0,2256000000.0,291000000.0,2547000000.0,38983000000.0,3434000000.0,1386000000.0,1681000000.0
General Motors Co,GM,54930070NSV60J38I987,1467858,2013.0,Q2YTD,2013-01-01,2013-06-30,,1.5,1.5,,1.33,,1151000000.0,2573000000.0,2573000000.0,,2589000000.0,-16000000.0,67372000000.0,75959000000.0,,422000000.0,,5877000000.0,67372000000.0,8587000000.0,392000000.0,984000000.0,5877000000.0,2710000000.0,1014000000.0,3724000000.0,75959000000.0,1625300000.0,1376000000.0,1677000000.0
General Motors Co,GM,54930070NSV60J38I987,1467858,2013.0,Q2TTM,2012-07-01,2013-06-30,,3.01,3.01,,2.75,26528000000.0,-34137000000.0,5458000000.0,5458000000.0,,5616000000.0,-158000000.0,142711000000.0,152842000000.0,-723000000.0,2415000000.0,-15000000.0,14088000000.0,142711000000.0,10131000000.0,885000000.0,984000000.0,40601000000.0,-30470000000.0,2514000000.0,-27956000000.0,152842000000.0,1625300000.0,1376000000.0,1677000000.0
General Motors Co,GM,54930070NSV60J38I987,1467858,2013.0,Q2,2013-04-01,2013-06-30,2014-07-24 12:16:47+00:00,0.87,0.87,0.0,0.75,,742000000.0,1388000000.0,1388000000.0,,1414000000.0,-26000000.0,34399000000.0,39075000000.0,,251000000.0,,2925000000.0,34399000000.0,4676000000.0,301000000.0,429000000.0,2925000000.0,1751000000.0,379000000.0,2130000000.0,39075000000.0,1625300000.0,1376000000.0,1677000000.0
General Motors Co,GM,54930070NSV60J38I987,1467858,2013.0,Q1TTM,2012-04-01,2013-03-31,,3.09,3.09,,2.9,26528000000.0,-34638000000.0,5971000000.0,5971000000.0,,6048000000.0,-77000000.0,141258000000.0,151381000000.0,-423000000.0,2303000000.0,-15000000.0,14010000000.0,141258000000.0,10123000000.0,702000000.0,555000000.0,40523000000.0,-30400000000.0,2156000000.0,-28244000000.0,151381000000.0,1865100000.0,1372000000.0,1507000000.0
General Motors Co,GM,54930070NSV60J38I987,1467858,2013.0,Q1,2013-01-01,2013-03-31,2014-04-24 14:05:16+00:00,0.63,0.63,0.0,0.58,,409000000.0,1185000000.0,1185000000.0,,1175000000.0,10000000.0,32973000000.0,36884000000.0,,171000000.0,,2952000000.0,32973000000.0,3911000000.0,91000000.0,555000000.0,2952000000.0,959000000.0,635000000.0,1594000000.0,36884000000.0,1865100000.0,1372000000.0,1507000000.0
General Motors Co,GM,54930070NSV60J38I987,1467858,2014.0,FY,2014-01-01,2014-12-31,2017-02-07 11:42:59+00:00,1.75,1.75,1.2,1.65,120000000.0,228000000.0,4018000000.0,4018000000.0,,3949000000.0,69000000.0,142121000000.0,155929000000.0,,823000000.0,,12158000000.0,142121000000.0,13808000000.0,201000000.0,2094000000.0,12278000000.0,1530000000.0,2716000000.0,4246000000.0,155929000000.0,2256600000.0,1605000000.0,1687000000.0
General Motors Co,GM,54930070NSV60J38I987,1467858,2014.0,Q4,2014-10-01,2014-12-31,,0.69,0.69,0.3,0.67,120000000.0,279000000.0,2009000000.0,2009000000.0,,1987000000.0,22000000.0,35235000000.0,39617000000.0,,-802000000.0,,2953000000.0,35235000000.0,4382000000.0,-96000000.0,1685000000.0,3073000000.0,1309000000.0,979000000.0,2288000000.0,39617000000.0,2256600000.0,1605000000.0,1687000000.0
General Motors Co,GM,54930070NSV60J38I987,1467858,2014.0,Q3,2014-07-01,2014-09-30,2015-10-21 11:16:04+00:00,0.86,0.86,0.3,0.81,,427000000.0,1442000000.0,1442000000.0,,1471000000.0,-29000000.0,35107000000.0,39255000000.0,,497000000.0,,2921000000.0,35107000000.0,4148000000.0,94000000.0,239000000.0,2921000000.0,1227000000.0,642000000.0,1869000000.0,39255000000.0,1710500000.0,1612000000.0,1691000000.0
General Motors Co,GM,54930070NSV60J38I987,1467858,2014.0,Q3YTD,2014-01-01,2014-09-30,,1.06,1.06,0.9,0.98,,-51000000.0,2009000000.0,2009000000.0,,1962000000.0,47000000.0,106886000000.0,116312000000.0,,1625000000.0,,9205000000.0,106886000000.0,9426000000.0,297000000.0,409000000.0,9205000000.0,221000000.0,1737000000.0,1958000000.0,116312000000.0,1710500000.0,1612000000.0,1691000000.0
General Motors Co,GM,54930070NSV60J38I987,1467858,2014.0,Q3TTM,2013-10-01,2014-09-30,,1.77,1.77,0.9,1.58,481000000.0,83000000.0,3062000000.0,3062000000.0,,3002000000.0,60000000.0,143096000000.0,156797000000.0,,2348000000.0,,12834000000.0,143096000000.0,13701000000.0,388000000.0,799000000.0,13315000000.0,386000000.0,2759000000.0,3145000000.0,156797000000.0,1710500000.0,1612000000.0,1691000000.0
General Motors Co,GM,54930070NSV60J38I987,1467858,2014.0,Q2YTD,2014-01-01,2014-06-30,,0.2,0.2,0.6,0.17,,-478000000.0,567000000.0,567000000.0,,491000000.0,76000000.0,71779000000.0,77057000000.0,,1128000000.0,,6284000000.0,71779000000.0,5278000000.0,203000000.0,170000000.0,6284000000.0,-1006000000.0,1095000000.0,89000000.0,77057000000.0,2316700000.0,1608000000.0,1688000000.0
General Motors Co,GM,54930070NSV60J38I987,1467858,2014.0,Q2TTM,2013-07-01,2014-06-30,,1.41,1.41,0.6,1.22,541000000.0,498000000.0,3325000000.0,3325000000.0,,3248000000.0,77000000.0,141780000000.0,156525000000.0,,1769000000.0,,12789000000.0,141780000000.0,14745000000.0,357000000.0,996000000.0,13330000000.0,1415000000.0,2408000000.0,3823000000.0,156525000000.0,2316700000.0,1608000000.0,1688000000.0
General Motors Co,GM,54930070NSV60J38I987,1467858,2014.0,Q2,2014-04-01,2014-06-30,2015-07-23 11:24:05+00:00,0.12,0.12,0.3,0.11,,-254000000.0,287000000.0,287000000.0,,278000000.0,9000000.0,36777000000.0,39649000000.0,,523000000.0,,3343000000.0,36777000000.0,2872000000.0,100000000.0,81000000.0,3343000000.0,-471000000.0,504000000.0,33000000.0,39649000000.0,2316700000.0,1608000000.0,1688000000.0
General Motors Co,GM,54930070NSV60J38I987,1467858,2014.0,Q1TTM,2013-04-01,2014-03-31,,2.16,2.16,0.3,1.86,541000000.0,1494000000.0,4426000000.0,4426000000.0,,4384000000.0,42000000.0,139402000000.0,155951000000.0,,1497000000.0,,12371000000.0,139402000000.0,16549000000.0,558000000.0,1344000000.0,12912000000.0,3637000000.0,2283000000.0,5920000000.0,155951000000.0,2662500000.0,1587000000.0,1691000000.0
General Motors Co,GM,54930070NSV60J38I987,1467858,2014.0,Q1,2014-01-01,2014-03-31,2015-04-23 11:20:17+00:00,0.08,0.08,0.3,0.06,,-224000000.0,280000000.0,280000000.0,,213000000.0,67000000.0,35002000000.0,37408000000.0,,605000000.0,,2941000000.0,35002000000.0,2406000000.0,103000000.0,89000000.0,2941000000.0,-535000000.0,591000000.0,56000000.0,37408000000.0,2662500000.0,1587000000.0,1691000000.0
General Motors Co,GM,54930070NSV60J38I987,1467858,2015.0,FY,2015-01-01,2015-12-31,2018-02-06 12:34:06+00:00,6.11,6.11,1.38,5.91,,-1219000000.0,9615000000.0,9590000000.0,25000000.0,9687000000.0,-72000000.0,118299000000.0,135725000000.0,,614000000.0,,11888000000.0,118299000000.0,17426000000.0,-449000000.0,1770000000.0,11888000000.0,5538000000.0,2833000000.0,8371000000.0,135725000000.0,1585400000.0,1586000000.0,1640000000.0
General Motors Co,GM,54930070NSV60J38I987,1467858,2015.0,Q4,2015-10-01,2015-12-31,,3.97,3.97,0.36,3.84,,-2490000000.0,6226000000.0,6201000000.0,25000000.0,6266000000.0,-40000000.0,18978000000.0,22990000000.0,,61000000.0,,1512000000.0,18978000000.0,4012000000.0,-779000000.0,371000000.0,1512000000.0,2500000000.0,1211000000.0,3711000000.0,22990000000.0,1585400000.0,1586000000.0,1640000000.0
General Motors Co,GM,54930070NSV60J38I987,1467858,2015.0,Q3,2015-07-01,2015-09-30,2016-10-25 12:01:40+00:00,0.86,0.86,0.36,0.84,,165000000.0,1341000000.0,1341000000.0,,1359000000.0,-18000000.0,33564000000.0,38843000000.0,,,,4282000000.0,33564000000.0,5279000000.0,112000000.0,621000000.0,4282000000.0,997000000.0,509000000.0,1506000000.0,38843000000.0,1580200000.0,1577000000.0,1618000000.0
General Motors Co,GM,54930070NSV60J38I987,1467858,2015.0,Q3YTD,2015-01-01,2015-09-30,,2.14,2.14,1.02,2.07,,1271000000.0,3389000000.0,3389000000.0,,3421000000.0,-32000000.0,99321000000.0,112735000000.0,,553000000.0,,10376000000.0,99321000000.0,13414000000.0,330000000.0,1399000000.0,10376000000.0,3038000000.0,1622000000.0,4660000000.0,112735000000.0,1580200000.0,1577000000.0,1618000000.0
General Motors Co,GM,54930070NSV60J38I987,1467858,2015.0,Q3TTM,2014-10-01,2015-09-30,,2.83,2.83,1.32,2.74,120000000.0,1550000000.0,5398000000.0,5398000000.0,,5408000000.0,-10000000.0,134556000000.0,152352000000.0,,-249000000.0,,13329000000.0,134556000000.0,17796000000.0,234000000.0,3084000000.0,13449000000.0,4347000000.0,2601000000.0,6948000000.0,152352000000.0,1580200000.0,1577000000.0,1618000000.0
General Motors Co,GM,54930070NSV60J38I987,1467858,2015.0,Q2,2015-04-01,2015-06-30,2016-07-21 11:18:42+00:00,0.7,0.7,0.36,0.67,,577000000.0,1140000000.0,1140000000.0,,1117000000.0,23000000.0,33915000000.0,38180000000.0,,,,2977000000.0,33915000000.0,4265000000.0,108000000.0,537000000.0,2977000000.0,1288000000.0,429000000.0,1717000000.0,38180000000.0,1595700000.0,1596000000.0,1660000000.0
General Motors Co,GM,54930070NSV60J38I987,1467858,2015.0,Q2YTD,2015-01-01,2015-06-30,,1.28,1.28,0.66,1.23,,1106000000.0,2048000000.0,2048000000.0,,2062000000.0,-14000000.0,65757000000.0,73892000000.0,,553000000.0,,6094000000.0,65757000000.0,8135000000.0,218000000.0,778000000.0,6094000000.0,2041000000.0,1113000000.0,3154000000.0,73892000000.0,1595700000.0,1596000000.0,1660000000.0
General Motors Co,GM,54930070NSV60J38I987,1467858,2015.0,Q2TTM,2014-07-01,2015-06-30,,2.83,2.83,1.26,2.71,120000000.0,1812000000.0,5499000000.0,5499000000.0,,5520000000.0,-21000000.0,136099000000.0,152764000000.0,,248000000.0,,11968000000.0,136099000000.0,16665000000.0,216000000.0,2702000000.0,12088000000.0,4577000000.0,2734000000.0,7311000000.0,152764000000.0,1595700000.0,1596000000.0,1660000000.0
General Motors Co,GM,54930070NSV60J38I987,1467858,2015.0,Q1,2015-01-01,2015-03-31,2016-04-21 11:17:43+00:00,0.58,0.58,0.3,0.56,,529000000.0,908000000.0,908000000.0,,945000000.0,-37000000.0,31842000000.0,35712000000.0,,553000000.0,,3117000000.0,31842000000.0,3870000000.0,110000000.0,241000000.0,3117000000.0,753000000.0,684000000.0,1437000000.0,35712000000.0,1629300000.0,1617000000.0,1686000000.0
General Motors Co,GM,54930070NSV60J38I987,1467858,2015.0,Q1TTM,2014-04-01,2015-03-31,,2.25,2.25,1.2,2.15,120000000.0,981000000.0,4646000000.0,4646000000.0,,4681000000.0,-35000000.0,138961000000.0,154233000000.0,,771000000.0,,12334000000.0,138961000000.0,15272000000.0,208000000.0,2246000000.0,12454000000.0,2818000000.0,2809000000.0,5627000000.0,154233000000.0,1629300000.0,1617000000.0,1686000000.0
General Motors Co,GM,54930070NSV60J38I987,1467858,2016.0,FY,2016-01-01,2016-12-31,2019-02-06 16:46:41+00:00,6.12,6.12,,6.0,,2739000000.0,9268000000.0,9269000000.0,-1000000.0,9427000000.0,-159000000.0,121784000000.0,149184000000.0,,1603000000.0,8369000000.0,10345000000.0,121784000000.0,27400000000.0,,1719000000.0,18714000000.0,8686000000.0,3322000000.0,12008000000.0,149184000000.0,1540400000.0,1540000000.0,1570000000.0
General Motors Co,GM,54930070NSV60J38I987,1467858,2016.0,Q4,2016-10-01,2016-12-31,,1.22,1.22,-1.14,1.19,,401000000.0,1775000000.0,1887000000.0,-112000000.0,1835000000.0,-60000000.0,24065000000.0,35647000000.0,,383000000.0,8369000000.0,2619000000.0,24065000000.0,11582000000.0,-416000000.0,895000000.0,10988000000.0,594000000.0,1694000000.0,2288000000.0,35647000000.0,1540400000.0,1540000000.0,1570000000.0
General Motors Co,GM,54930070NSV60J38I987,1467858,2016.0,Q3,2016-07-01,2016-09-30,2017-10-24 10:21:29+00:00,1.79,1.79,0.38,1.76,,902000000.0,2712000000.0,2707000000.0,5000000.0,2773000000.0,-61000000.0,33341000000.0,38889000000.0,,,,2400000000.0,33341000000.0,5548000000.0,145000000.0,606000000.0,2400000000.0,3148000000.0,461000000.0,3609000000.0,38889000000.0,1549200000.0,1550000000.0,1574000000.0
General Motors Co,GM,54930070NSV60J38I987,1467858,2016.0,Q3YTD,2016-01-01,2016-09-30,,4.9,4.9,1.14,4.81,,2338000000.0,7493000000.0,7382000000.0,111000000.0,7592000000.0,-99000000.0,97719000000.0,113537000000.0,,1220000000.0,,7726000000.0,97719000000.0,15818000000.0,416000000.0,824000000.0,7726000000.0,8092000000.0,1628000000.0,9720000000.0,113537000000.0,1549200000.0,1550000000.0,1574000000.0
General Motors Co,GM,54930070NSV60J38I987,1467858,2016.0,Q3TTM,2015-10-01,2016-09-30,,8.87,8.87,1.5,8.65,,-152000000.0,13719000000.0,13583000000.0,136000000.0,13858000000.0,-139000000.0,116697000000.0,136527000000.0,,1281000000.0,,9238000000.0,116697000000.0,19830000000.0,-363000000.0,1195000000.0,9238000000.0,10592000000.0,2839000000.0,13431000000.0,136527000000.0,1549200000.0,1550000000.0,1574000000.0
General Motors Co,GM,54930070NSV60J38I987,1467858,2016.0,Q2,2016-04-01,2016-06-30,2017-07-25 12:23:23+00:00,1.85,1.85,0.38,1.81,,877000000.0,2850000000.0,2744000000.0,106000000.0,2866000000.0,-16000000.0,31903000000.0,37383000000.0,,660000000.0,,2508000000.0,31903000000.0,5480000000.0,144000000.0,133000000.0,2508000000.0,2972000000.0,649000000.0,3621000000.0,37383000000.0,1549200000.0,1548000000.0,1581000000.0
General Motors Co,GM,54930070NSV60J38I987,1467858,2016.0,Q2YTD,2016-01-01,2016-06-30,,3.11,3.11,0.76,3.05,,1436000000.0,4781000000.0,4675000000.0,106000000.0,4819000000.0,-38000000.0,64378000000.0,74648000000.0,,1220000000.0,,5326000000.0,64378000000.0,10270000000.0,271000000.0,218000000.0,5326000000.0,4944000000.0,1167000000.0,6111000000.0,74648000000.0,1549200000.0,1548000000.0,1581000000.0
General Motors Co,GM,54930070NSV60J38I987,1467858,2016.0,Q2TTM,2015-07-01,2016-06-30,,7.94,7.94,1.48,7.73,,-889000000.0,12348000000.0,12217000000.0,131000000.0,12444000000.0,-96000000.0,116920000000.0,136481000000.0,,1281000000.0,,11120000000.0,116920000000.0,19561000000.0,-396000000.0,1210000000.0,11120000000.0,8441000000.0,2887000000.0,11328000000.0,136481000000.0,1549200000.0,1548000000.0,1581000000.0
General Motors Co,GM,54930070NSV60J38I987,1467858,2016.0,Q1,2016-01-01,2016-03-31,2017-04-28 11:28:44+00:00,1.26,1.26,0.38,1.24,,559000000.0,1931000000.0,1931000000.0,,1953000000.0,-22000000.0,32475000000.0,37265000000.0,,560000000.0,,2818000000.0,32475000000.0,4790000000.0,127000000.0,85000000.0,2818000000.0,1972000000.0,518000000.0,2490000000.0,37265000000.0,1550000000.0,1546000000.0,1580000000.0
General Motors Co,GM,54930070NSV60J38I987,1467858,2016.0,Q1TTM,2015-04-01,2016-03-31,,6.79,6.79,1.46,6.59,,-1189000000.0,10638000000.0,10613000000.0,25000000.0,10695000000.0,-57000000.0,118932000000.0,137278000000.0,,621000000.0,,11589000000.0,118932000000.0,18346000000.0,-432000000.0,1614000000.0,11589000000.0,6757000000.0,2667000000.0,9424000000.0,137278000000.0,1550000000.0,1546000000.0,1580000000.0
General Motors Co,GM,54930070NSV60J38I987,1467858,2017.0,FY,2017-01-01,2017-12-31,2020-02-05 16:02:53+00:00,-2.65,-2.65,1.52,-2.6,,11533000000.0,-3882000000.0,330000000.0,-4212000000.0,-3864000000.0,-18000000.0,116229000000.0,145588000000.0,,1645000000.0,,20698000000.0,116229000000.0,29359000000.0,575000000.0,2132000000.0,20698000000.0,8661000000.0,3202000000.0,11863000000.0,145588000000.0,1458100000.0,1465000000.0,1492000000.0
General Motors Co,GM,54930070NSV60J38I987,1467858,2017.0,Q2,2017-04-01,2017-06-30,2018-07-25 15:50:31+00:00,1.11,1.11,0.38,1.09,,534000000.0,1663000000.0,2433000000.0,-770000000.0,1660000000.0,3000000.0,32210000000.0,36984000000.0,,,,2477000000.0,32210000000.0,4774000000.0,132000000.0,802000000.0,2477000000.0,2297000000.0,670000000.0,2967000000.0,36984000000.0,1495500000.0,1497000000.0,1519000000.0
General Motors Co,GM,54930070NSV60J38I987,1467858,2017.0,Q2YTD,2017-01-01,2017-06-30,,2.84,2.84,0.76,2.79,,1321000000.0,4280000000.0,5119000000.0,-839000000.0,4268000000.0,12000000.0,64537000000.0,74250000000.0,,,,4833000000.0,64537000000.0,9713000000.0,279000000.0,1839000000.0,4833000000.0,4880000000.0,1560000000.0,6440000000.0,74250000000.0,1495500000.0,1497000000.0,1519000000.0
General Motors Co,GM,54930070NSV60J38I987,1467858,2017.0,Q2TTM,2016-07-01,2017-06-30,,5.85,5.85,,5.74,,2624000000.0,8767000000.0,9713000000.0,-946000000.0,8876000000.0,-109000000.0,121943000000.0,148786000000.0,,383000000.0,8369000000.0,9852000000.0,121943000000.0,26843000000.0,8000000.0,3340000000.0,18221000000.0,8622000000.0,3715000000.0,12337000000.0,148786000000.0,1495500000.0,1497000000.0,1519000000.0
General Motors Co,GM,54930070NSV60J38I987,1467858,2017.0,Q1,2017-01-01,2017-03-31,2018-04-26 17:08:46+00:00,1.73,1.73,0.38,1.7,,787000000.0,2617000000.0,2686000000.0,-69000000.0,2608000000.0,9000000.0,32327000000.0,37266000000.0,,,,2356000000.0,32327000000.0,4939000000.0,147000000.0,1037000000.0,2356000000.0,2583000000.0,890000000.0,3473000000.0,37266000000.0,1507500000.0,1505000000.0,1532000000.0
General Motors Co,GM,54930070NSV60J38I987,1467858,2017.0,Q1TTM,2016-04-01,2017-03-31,,6.59,6.59,,6.46,,2967000000.0,9954000000.0,10024000000.0,-70000000.0,10082000000.0,-128000000.0,121636000000.0,149185000000.0,,1043000000.0,8369000000.0,9883000000.0,121636000000.0,27549000000.0,20000000.0,2671000000.0,18252000000.0,9297000000.0,3694000000.0,12991000000.0,149185000000.0,1507500000.0,1505000000.0,1532000000.0
General Motors Co,GM,54930070NSV60J38I987,1467858,2018.0,FY,2018-01-01,2018-12-31,2020-02-05 16:02:53+00:00,5.61,5.61,1.52,5.53,,474000000.0,8005000000.0,8075000000.0,-70000000.0,8014000000.0,-9000000.0,120656000000.0,147049000000.0,,2596000000.0,,21948000000.0,120656000000.0,26393000000.0,655000000.0,2163000000.0,21948000000.0,4445000000.0,4104000000.0,8549000000.0,147049000000.0,1428500000.0,1411000000.0,1431000000.0
General Motors Co,GM,54930070NSV60J38I987,1467858,2018.0,Q4,2018-10-01,2018-12-31,,1.43,1.43,0.38,1.4,,-611000000.0,2069000000.0,2069000000.0,,2044000000.0,25000000.0,22794000000.0,38399000000.0,,2596000000.0,,14776000000.0,22794000000.0,15605000000.0,185000000.0,-1782000000.0,14776000000.0,829000000.0,629000000.0,1458000000.0,38399000000.0,1428500000.0,1411000000.0,1431000000.0
General Motors Co,GM,54930070NSV60J38I987,1467858,2018.0,Q3,2018-07-01,2018-09-30,2019-10-29 15:32:32+00:00,1.77,1.77,0.38,1.75,,100000000.0,2530000000.0,2530000000.0,0.0,2534000000.0,-4000000.0,31597000000.0,35791000000.0,,,,2584000000.0,31597000000.0,4194000000.0,161000000.0,1181000000.0,2584000000.0,1610000000.0,1020000000.0,2630000000.0,35791000000.0,1431600000.0,1412000000.0,1431000000.0
General Motors Co,GM,54930070NSV60J38I987,1467858,2018.0,Q3YTD,2018-01-01,2018-09-30,,4.18,4.18,1.14,4.13,,1085000000.0,5936000000.0,6006000000.0,-70000000.0,5970000000.0,-34000000.0,97862000000.0,108650000000.0,,,,7172000000.0,97862000000.0,10788000000.0,470000000.0,3945000000.0,7172000000.0,3616000000.0,3475000000.0,7091000000.0,108650000000.0,1431600000.0,1412000000.0,1431000000.0
General Motors Co,GM,54930070NSV60J38I987,1467858,2018.0,Q2,2018-04-01,2018-06-30,2019-08-01 13:25:09+00:00,1.68,1.68,0.38,1.66,,519000000.0,2366000000.0,2366000000.0,0.0,2390000000.0,-24000000.0,33067000000.0,36760000000.0,,,,2216000000.0,33067000000.0,3693000000.0,159000000.0,1567000000.0,2216000000.0,1477000000.0,1408000000.0,2885000000.0,36760000000.0,1422600000.0,1410000000.0,1431000000.0
General Motors Co,GM,54930070NSV60J38I987,1467858,2018.0,Q2YTD,2018-01-01,2018-06-30,,2.41,2.41,0.76,2.38,,985000000.0,3406000000.0,3476000000.0,-70000000.0,3436000000.0,-30000000.0,66265000000.0,72859000000.0,,,,4588000000.0,66265000000.0,6594000000.0,309000000.0,2764000000.0,4588000000.0,2006000000.0,2455000000.0,4461000000.0,72859000000.0,1422600000.0,1410000000.0,1431000000.0
General Motors Co,GM,54930070NSV60J38I987,1467858,2018.0,Q2TTM,2017-07-01,2018-06-30,,-3.08,-3.08,1.52,-3.01,,11197000000.0,-4756000000.0,-1313000000.0,-3443000000.0,-4696000000.0,-60000000.0,117957000000.0,144197000000.0,,1645000000.0,,20453000000.0,117957000000.0,26240000000.0,605000000.0,3057000000.0,20453000000.0,5787000000.0,4097000000.0,9884000000.0,144197000000.0,1422600000.0,1410000000.0,1431000000.0
General Motors Co,GM,54930070NSV60J38I987,1467858,2018.0,Q1,2018-01-01,2018-03-31,2019-04-30 15:10:35+00:00,0.73,0.73,0.38,0.72,,466000000.0,1040000000.0,1110000000.0,-70000000.0,1046000000.0,-6000000.0,33198000000.0,36099000000.0,,,,2372000000.0,33198000000.0,2901000000.0,150000000.0,1197000000.0,2372000000.0,529000000.0,1047000000.0,1576000000.0,36099000000.0,1432900000.0,1408000000.0,1430000000.0
General Motors Co,GM,54930070NSV60J38I987,1467858,2018.0,Q1TTM,2017-04-01,2018-03-31,,-3.65,-3.65,1.52,-3.58,,11212000000.0,-5459000000.0,-1246000000.0,-4213000000.0,-5426000000.0,-33000000.0,117100000000.0,144421000000.0,,1645000000.0,,20714000000.0,117100000000.0,27321000000.0,578000000.0,2292000000.0,20714000000.0,6607000000.0,3359000000.0,9966000000.0,144421000000.0,1432900000.0,1408000000.0,1430000000.0
General Motors Co,GM,54930070NSV60J38I987,1467858,2019.0,Q4,2019-10-01,2019-12-31,,-0.18,-0.18,0.38,-0.17,,-163000000.0,-192000000.0,-192000000.0,,-194000000.0,2000000.0,19790000000.0,-35313000000.0,,664000000.0,-66139000000.0,11590000000.0,19790000000.0,-55103000000.0,200000000.0,-265000000.0,-54549000000.0,-554000000.0,199000000.0,-355000000.0,-35313000000.0,1457100000.0,1424000000.0,1439000000.0
General Motors Co,GM,54930070NSV60J38I987,1467858,2019.0,FY,2019-01-01,2019-12-31,2020-02-05 16:02:53+00:00,4.62,4.62,1.52,4.57,,769000000.0,6667000000.0,6667000000.0,0.0,6732000000.0,-65000000.0,110651000000.0,137237000000.0,,1469000000.0,,21105000000.0,110651000000.0,26586000000.0,782000000.0,1268000000.0,21105000000.0,5481000000.0,1955000000.0,7436000000.0,137237000000.0,1457100000.0,1424000000.0,1439000000.0
General Motors Co,GM,54930070NSV60J38I987,1467858,2019.0,Q3YTD,2019-01-01,2019-09-30,,4.8,4.8,1.14,4.74,,932000000.0,6859000000.0,6859000000.0,,6926000000.0,-67000000.0,90861000000.0,172550000000.0,,805000000.0,66139000000.0,9515000000.0,90861000000.0,81689000000.0,582000000.0,1533000000.0,75654000000.0,6035000000.0,1756000000.0,7791000000.0,172550000000.0,1451200000.0,1428000000.0,1442000000.0
General Motors Co,GM,54930070NSV60J38I987,1467858,2019.0,Q3TTM,2018-10-01,2019-09-30,,6.23,6.23,1.52,6.14,,321000000.0,8928000000.0,8928000000.0,,8970000000.0,-42000000.0,113655000000.0,210949000000.0,,3401000000.0,66139000000.0,24291000000.0,113655000000.0,97294000000.0,767000000.0,-249000000.0,90430000000.0,6864000000.0,2385000000.0,9249000000.0,210949000000.0,1451200000.0,1428000000.0,1442000000.0
General Motors Co,GM,54930070NSV60J38I987,1467858,2019.0,Q3,2019-07-01,2019-09-30,2019-10-29 15:32:32+00:00,1.62,1.62,0.38,1.6,,271000000.0,2311000000.0,2311000000.0,0.0,2351000000.0,-40000000.0,31161000000.0,35473000000.0,,,,2008000000.0,31161000000.0,4312000000.0,206000000.0,484000000.0,2008000000.0,2304000000.0,278000000.0,2582000000.0,35473000000.0,1451200000.0,1428000000.0,1442000000.0
General Motors Co,GM,54930070NSV60J38I987,1467858,2019.0,Q2YTD,2019-01-01,2019-06-30,,3.18,3.18,0.76,3.14,,661000000.0,4548000000.0,4548000000.0,,4575000000.0,-27000000.0,59700000000.0,137077000000.0,,805000000.0,66139000000.0,7507000000.0,59700000000.0,77377000000.0,376000000.0,1049000000.0,73646000000.0,3731000000.0,1478000000.0,5209000000.0,137077000000.0,1439300000.0,1420000000.0,1438000000.0
General Motors Co,GM,54930070NSV60J38I987,1467858,2019.0,Q2TTM,2018-07-01,2019-06-30,,6.38,6.38,1.52,6.29,,150000000.0,9147000000.0,9147000000.0,,9153000000.0,-6000000.0,114091000000.0,211267000000.0,,3401000000.0,66139000000.0,24867000000.0,114091000000.0,97176000000.0,722000000.0,448000000.0,91006000000.0,6170000000.0,3127000000.0,9297000000.0,211267000000.0,1439300000.0,1420000000.0,1438000000.0
General Motors Co,GM,54930070NSV60J38I987,1467858,2019.0,Q2,2019-04-01,2019-06-30,2019-08-01 13:25:09+00:00,1.68,1.68,0.38,1.66,,524000000.0,2403000000.0,2403000000.0,0.0,2418000000.0,-15000000.0,31471000000.0,36060000000.0,,,,2102000000.0,31471000000.0,4589000000.0,195000000.0,635000000.0,2102000000.0,2487000000.0,440000000.0,2927000000.0,36060000000.0,1439300000.0,1420000000.0,1438000000.0
General Motors Co,GM,54930070NSV60J38I987,1467858,2019.0,Q1TTM,2018-04-01,2019-03-31,,6.38,6.38,1.52,6.29,,145000000.0,9110000000.0,9110000000.0,,9125000000.0,-15000000.0,115687000000.0,211967000000.0,,3401000000.0,66139000000.0,24981000000.0,115687000000.0,96280000000.0,686000000.0,1380000000.0,91120000000.0,5160000000.0,4095000000.0,9255000000.0,211967000000.0,1438000000.0,1417000000.0,1436000000.0
