company_name,company_ticker,company_lei,company_cik,year,quarter,start_date,end_date,filing_date,amortizationexpense,basicdilutedeps,basiceps,cashdividendspershare,dilutedeps,incometaxexpense,netincome,netincomecontinuing,netincomediscontinued,netincometocommon,netincometononcontrollinginterest,operatingcostofrevenue,operatingrevenue,otheradjustmentstoconsolidatednetincome,otheradjustmentstonetincometocommon,otherincome,otheroperatingexpenses,sgaexpense,totalcostofrevenue,totalgrossprofit,totalinterestexpense,totaloperatingexpenses,totaloperatingincome,totalotherincome,totalpretaxincome,totalrevenue,weightedavebasicdilutedsharesos,weightedavebasicsharesos,weightedavedilutedsharesos
TransDigm Group Inc,TDG,,1260221,2008.0,FY,2007-10-01,2008-09-30,2010-11-15 16:57:57+00:00,12002000.0,2.56,2.56,0.0,2.56,73476000.0,133126000.0,133126000.0,,133126000.0,,327780000.0,713711000.0,,,,,74650000.0,327780000.0,385931000.0,92677000.0,86652000.0,299279000.0,-92677000.0,206602000.0,713711000.0,52098000.0,52000000.0,52000000.0
TransDigm Group Inc,TDG,,1260221,2009.0,FY,2008-10-01,2009-09-30,2011-11-18 11:44:09+00:00,13928000.0,3.1,3.1,,3.1,88100000.0,162902000.0,162902000.0,,162902000.0,,332206000.0,761552000.0,,,,,80018000.0,332206000.0,429346000.0,84398000.0,93946000.0,335400000.0,-84398000.0,251002000.0,761552000.0,52539000.0,52500000.0,52500000.0
TransDigm Group Inc,TDG,,1260221,2009.0,Q3,2009-03-29,2009-06-27,2010-08-11 08:44:43+00:00,3305000.0,0.79,0.79,0.0,0.79,22583000.0,41388000.0,41388000.0,,41388000.0,,82024000.0,189875000.0,,,,,19349000.0,82024000.0,107851000.0,21226000.0,22654000.0,85197000.0,-21226000.0,63971000.0,189875000.0,52384000.0,52400000.0,52400000.0
TransDigm Group Inc,TDG,,1260221,2010.0,FY,2009-10-01,2010-09-30,2012-11-16 14:29:28+00:00,15079000.0,2.52,2.52,7.65,2.52,87390000.0,163445000.0,163445000.0,0.0,133132000.0,,354588000.0,827654000.0,,30313000.0,,,94918000.0,354588000.0,473066000.0,112234000.0,109997000.0,363069000.0,-112234000.0,250835000.0,827654000.0,52923000.0,52800000.0,52800000.0
TransDigm Group Inc,TDG,,1260221,2010.0,Q4,2010-07-04,2010-09-30,,3577000.0,0.96,0.96,,0.96,25560000.0,50637000.0,50637000.0,,20324000.0,,90746000.0,223117000.0,,30313000.0,,,25514000.0,90746000.0,132371000.0,27083000.0,29091000.0,103280000.0,-27083000.0,76197000.0,223117000.0,52923000.0,52800000.0,52800000.0
TransDigm Group Inc,TDG,,1260221,2010.0,Q3,2010-04-04,2010-07-03,2010-08-11 08:44:43+00:00,3812000.0,0.83,0.83,0.0,0.83,23050000.0,44005000.0,44005000.0,,44005000.0,,91749000.0,214182000.0,,,,,23344000.0,91749000.0,122433000.0,28222000.0,27156000.0,95277000.0,-28222000.0,67055000.0,214182000.0,52923000.0,53000000.0,53000000.0
TransDigm Group Inc,TDG,,1260221,2010.0,Q3YTD,2009-10-01,2010-07-03,,11502000.0,1.56,1.56,7.65,1.56,61830000.0,112808000.0,112808000.0,,112808000.0,,263842000.0,604537000.0,,,,,69404000.0,263842000.0,340695000.0,85151000.0,80906000.0,259789000.0,-85151000.0,174638000.0,604537000.0,52923000.0,53000000.0,53000000.0
TransDigm Group Inc,TDG,,1260221,2010.0,Q2,2010-01-02,2010-04-03,2011-05-11 09:44:53+00:00,3550000.0,0.72,0.72,0.0,0.72,21600000.0,38045000.0,38045000.0,0.0,38045000.0,,90874000.0,206077000.0,0.0,,,,23594000.0,90874000.0,115203000.0,28414000.0,27144000.0,88059000.0,-28414000.0,59645000.0,206077000.0,52922000.0,52800000.0,52800000.0
TransDigm Group Inc,TDG,,1260221,2010.0,Q2YTD,2009-10-01,2010-04-03,,7690000.0,0.73,0.73,7.65,0.73,38780000.0,68803000.0,68803000.0,,68803000.0,,172093000.0,390355000.0,,,,,46060000.0,172093000.0,218262000.0,56929000.0,53750000.0,164512000.0,-56929000.0,107583000.0,390355000.0,52922000.0,52800000.0,52800000.0
TransDigm Group Inc,TDG,,1260221,2010.0,Q1,2009-10-01,2010-01-02,2011-02-08 14:34:41+00:00,4140000.0,0.01,0.01,7.65,0.01,17180000.0,30758000.0,30758000.0,,30758000.0,,81219000.0,184278000.0,,,,,22466000.0,81219000.0,103059000.0,28515000.0,26606000.0,76453000.0,-28515000.0,47938000.0,184278000.0,52869000.0,3075800000.0,3075800000.0
TransDigm Group Inc,TDG,,1260221,2011.0,Q4,2011-07-03,2011-09-30,,11917000.0,1.25,1.25,,1.25,29216000.0,-44713000.0,64531000.0,2853000.0,-41903000.0,,137673000.0,329421000.0,-112097000.0,-2810000.0,,-70730000.0,37342000.0,137673000.0,191748000.0,119472000.0,-21471000.0,213219000.0,-119472000.0,93747000.0,329421000.0,53333000.0,54300000.0,54300000.0
TransDigm Group Inc,TDG,,1260221,2011.0,FY,2010-10-01,2011-09-30,2013-11-15 11:30:17+00:00,40339000.0,3.17,3.17,,3.17,77200000.0,172134000.0,152225000.0,19909000.0,172134000.0,,544836000.0,1206021000.0,,,,,133711000.0,544836000.0,661185000.0,257710000.0,174050000.0,487135000.0,-257710000.0,229425000.0,1206021000.0,53333000.0,54300000.0,54300000.0
TransDigm Group Inc,TDG,,1260221,2011.0,Q3,2011-04-03,2011-07-02,2012-08-08 14:49:57+00:00,12445000.0,1.06,1.06,,1.06,30889000.0,112560000.0,58368000.0,-2088000.0,112560000.0,,142060000.0,325209000.0,56280000.0,,,,31549000.0,142060000.0,183149000.0,49898000.0,43994000.0,139155000.0,-49898000.0,89257000.0,325209000.0,53333000.0,106200000.0,106200000.0
TransDigm Group Inc,TDG,,1260221,2011.0,Q3YTD,2010-10-01,2011-07-02,,28422000.0,1.92,1.92,,1.92,47984000.0,216847000.0,87694000.0,17056000.0,214037000.0,,407163000.0,876600000.0,112097000.0,2810000.0,,70730000.0,96369000.0,407163000.0,469437000.0,138238000.0,195521000.0,273916000.0,-138238000.0,135678000.0,876600000.0,53333000.0,106200000.0,106200000.0
TransDigm Group Inc,TDG,,1260221,2011.0,Q3TTM,2010-07-04,2011-07-02,,31999000.0,2.88,2.88,,2.88,73544000.0,267484000.0,138331000.0,17056000.0,234361000.0,,497909000.0,1099717000.0,112097000.0,33123000.0,,70730000.0,121883000.0,497909000.0,601808000.0,165321000.0,224612000.0,377196000.0,-165321000.0,211875000.0,1099717000.0,53333000.0,106200000.0,106200000.0
TransDigm Group Inc,TDG,,1260221,2011.0,Q2,2011-01-02,2011-04-02,2011-05-11 09:44:53+00:00,11562000.0,1.05,1.05,0.0,1.05,20745000.0,111634000.0,36673000.0,19144000.0,111634000.0,,152789000.0,311345000.0,55817000.0,,,,33790000.0,152789000.0,158556000.0,55786000.0,45352000.0,113204000.0,-55786000.0,57418000.0,311345000.0,53333000.0,106300000.0,106300000.0
TransDigm Group Inc,TDG,,1260221,2011.0,Q2YTD,2010-10-01,2011-04-02,,15977000.0,0.86,0.86,,0.86,17095000.0,104287000.0,29326000.0,19144000.0,101477000.0,,265103000.0,551391000.0,55817000.0,2810000.0,,70730000.0,64820000.0,265103000.0,286288000.0,88340000.0,151527000.0,134761000.0,-88340000.0,46421000.0,551391000.0,53333000.0,106300000.0,106300000.0
TransDigm Group Inc,TDG,,1260221,2011.0,Q2TTM,2010-04-04,2011-04-02,,23366000.0,2.65,2.65,,2.65,65705000.0,198929000.0,123968000.0,19144000.0,165806000.0,,447598000.0,988690000.0,55817000.0,33123000.0,,70730000.0,113678000.0,447598000.0,541092000.0,143645000.0,207774000.0,333318000.0,-143645000.0,189673000.0,988690000.0,53333000.0,106300000.0,106300000.0
TransDigm Group Inc,TDG,,1260221,2011.0,Q1,2010-10-01,2011-01-01,2011-02-08 14:34:41+00:00,4415000.0,-0.19,-0.19,0.0,-0.19,-3650000.0,-7347000.0,-7347000.0,,-10157000.0,,112314000.0,240046000.0,,2810000.0,,70730000.0,31030000.0,112314000.0,127732000.0,32554000.0,106175000.0,21557000.0,-32554000.0,-10997000.0,240046000.0,53328000.0,53500000.0,53500000.0
TransDigm Group Inc,TDG,,1260221,2011.0,Q1TTM,2010-01-03,2011-01-01,,15354000.0,2.32,2.32,,2.32,66560000.0,125340000.0,125340000.0,,92217000.0,,385683000.0,883422000.0,,33123000.0,,70730000.0,103482000.0,385683000.0,497739000.0,116273000.0,189566000.0,308173000.0,-116273000.0,191900000.0,883422000.0,53328000.0,53500000.0,53500000.0
TransDigm Group Inc,TDG,,1260221,2012.0,FY,2011-10-01,2012-09-30,2012-11-16 14:29:28+00:00,44233000.0,5.97,5.97,0.0,5.97,162900000.0,324969000.0,324969000.0,0.0,321670000.0,,754491000.0,1700208000.0,,3299000.0,,,201709000.0,754491000.0,945717000.0,211906000.0,245942000.0,699775000.0,-211906000.0,487869000.0,1700208000.0,53882000.0,53900000.0,53900000.0
TransDigm Group Inc,TDG,,1260221,2012.0,Q4,2012-07-01,2012-09-30,,11114000.0,1.63,1.63,,1.63,48400000.0,6314000.0,87866000.0,,3015000.0,,205786000.0,462606000.0,-81552000.0,3299000.0,,,54288000.0,205786000.0,256820000.0,55152000.0,65402000.0,191418000.0,-55152000.0,136266000.0,462606000.0,53882000.0,53900000.0,53900000.0
TransDigm Group Inc,TDG,,1260221,2012.0,Q3,2012-04-01,2012-06-30,2012-08-08 14:49:57+00:00,11341000.0,1.68,1.68,,1.68,40025000.0,90446000.0,90446000.0,0.0,90446000.0,,208358000.0,461660000.0,0.0,,,,56097000.0,208358000.0,253302000.0,55393000.0,67438000.0,185864000.0,-55393000.0,130471000.0,461660000.0,53882000.0,53800000.0,53800000.0
TransDigm Group Inc,TDG,,1260221,2012.0,Q3YTD,2011-10-01,2012-06-30,,33119000.0,4.34,4.34,,4.34,114500000.0,318655000.0,237103000.0,,318655000.0,,548705000.0,1237602000.0,81552000.0,,,,147421000.0,548705000.0,688897000.0,156754000.0,180540000.0,508357000.0,-156754000.0,351603000.0,1237602000.0,53882000.0,53800000.0,53800000.0
TransDigm Group Inc,TDG,,1260221,2012.0,Q3TTM,2011-07-03,2012-06-30,,45036000.0,5.59,5.59,,5.59,143716000.0,273942000.0,301634000.0,2853000.0,276752000.0,,686378000.0,1567023000.0,-30545000.0,-2810000.0,,-70730000.0,184763000.0,686378000.0,880645000.0,276226000.0,159069000.0,721576000.0,-276226000.0,445350000.0,1567023000.0,53882000.0,53800000.0,53800000.0
TransDigm Group Inc,TDG,,1260221,2012.0,Q2,2012-01-01,2012-03-31,2013-05-08 13:21:02+00:00,9339000.0,1.51,1.51,0.0,1.51,43375000.0,163104000.0,81552000.0,,163104000.0,,187429000.0,423469000.0,81552000.0,,,,49474000.0,187429000.0,236040000.0,52300000.0,58813000.0,177227000.0,-52300000.0,124927000.0,423469000.0,53882000.0,108000000.0,108000000.0
TransDigm Group Inc,TDG,,1260221,2012.0,Q2YTD,2011-10-01,2012-03-31,,21778000.0,2.66,2.66,,2.66,74475000.0,228209000.0,146657000.0,,228209000.0,,340347000.0,775942000.0,81552000.0,,,,91324000.0,340347000.0,435595000.0,101361000.0,113102000.0,322493000.0,-101361000.0,221132000.0,775942000.0,53882000.0,108000000.0,108000000.0
TransDigm Group Inc,TDG,,1260221,2012.0,Q2TTM,2011-04-03,2012-03-31,,46140000.0,4.97,4.97,,4.97,134580000.0,296056000.0,269556000.0,765000.0,298866000.0,,620080000.0,1430572000.0,25735000.0,-2810000.0,,-70730000.0,160215000.0,620080000.0,810492000.0,270731000.0,135625000.0,674867000.0,-270731000.0,404136000.0,1430572000.0,53882000.0,108000000.0,108000000.0
TransDigm Group Inc,TDG,,1260221,2012.0,Q1,2011-10-01,2011-12-31,2013-02-05 10:20:06+00:00,12439000.0,1.15,1.15,0.0,1.15,31100000.0,65105000.0,65105000.0,,65105000.0,,152918000.0,352473000.0,,,,,41850000.0,152918000.0,199555000.0,49061000.0,54289000.0,145266000.0,-49061000.0,96205000.0,352473000.0,53882000.0,56600000.0,56600000.0
TransDigm Group Inc,TDG,,1260221,2012.0,Q1TTM,2011-01-02,2011-12-31,,48363000.0,4.51,4.51,,4.51,111950000.0,244586000.0,224677000.0,19909000.0,247396000.0,,585440000.0,1318448000.0,,-2810000.0,,-70730000.0,144531000.0,585440000.0,733008000.0,274217000.0,122164000.0,610844000.0,-274217000.0,336627000.0,1318448000.0,53882000.0,56600000.0,56600000.0
TransDigm Group Inc,TDG,,1260221,2013.0,FY,2012-10-01,2013-09-30,2015-11-13 13:26:56+00:00,45639000.0,2.39,2.39,34.85,2.39,145700000.0,302789000.0,302789000.0,,131546000.0,,874838000.0,1924400000.0,,171243000.0,,,254468000.0,874838000.0,1049562000.0,300966000.0,300107000.0,749455000.0,-300966000.0,448489000.0,1924400000.0,55080000.0,55000000.0,55000000.0
TransDigm Group Inc,TDG,,1260221,2013.0,Q4,2013-06-30,2013-09-30,,15875000.0,-0.23,-0.23,22.0,-0.23,40500000.0,16090000.0,84027000.0,,-155153000.0,,257018000.0,539737000.0,-67937000.0,171243000.0,,,61071000.0,257018000.0,282719000.0,81246000.0,76946000.0,205773000.0,-81246000.0,124527000.0,539737000.0,55080000.0,55000000.0,55000000.0
TransDigm Group Inc,TDG,,1260221,2013.0,Q3YTD,2012-10-01,2013-06-29,,29764000.0,2.62,2.62,12.85,2.62,105200000.0,286699000.0,218762000.0,,286699000.0,,617820000.0,1384663000.0,67937000.0,,,,193397000.0,617820000.0,766843000.0,219720000.0,223161000.0,543682000.0,-219720000.0,323962000.0,1384663000.0,54506000.0,108000000.0,108000000.0
TransDigm Group Inc,TDG,,1260221,2013.0,Q3TTM,2012-07-01,2013-06-29,,40878000.0,4.25,4.25,12.85,4.25,153600000.0,293013000.0,306628000.0,,289714000.0,,823606000.0,1847269000.0,-13615000.0,3299000.0,,,247685000.0,823606000.0,1023663000.0,274872000.0,288563000.0,735100000.0,-274872000.0,460228000.0,1847269000.0,54506000.0,108000000.0,108000000.0
TransDigm Group Inc,TDG,,1260221,2013.0,Q3,2013-03-31,2013-06-29,2014-08-06 13:21:13+00:00,9489000.0,0.71,0.71,,0.71,37600000.0,76655000.0,76655000.0,,76655000.0,,219650000.0,488636000.0,,,,,82773000.0,219650000.0,268986000.0,62469000.0,92262000.0,176724000.0,-62469000.0,114255000.0,488636000.0,54506000.0,108000000.0,108000000.0
TransDigm Group Inc,TDG,,1260221,2013.0,Q2,2012-12-30,2013-03-30,2013-05-08 13:21:02+00:00,9735000.0,1.25,1.25,0.0,1.25,31800000.0,135874000.0,67937000.0,,135874000.0,,206299000.0,465609000.0,67937000.0,,,,55463000.0,206299000.0,259310000.0,94375000.0,65198000.0,194112000.0,-94375000.0,99737000.0,465609000.0,54453000.0,108700000.0,108700000.0
TransDigm Group Inc,TDG,,1260221,2013.0,Q2YTD,2012-10-01,2013-03-30,,20275000.0,1.91,1.91,12.85,1.91,67600000.0,210044000.0,142107000.0,,210044000.0,,398170000.0,896027000.0,67937000.0,,,,110624000.0,398170000.0,497857000.0,157251000.0,130899000.0,366958000.0,-157251000.0,209707000.0,896027000.0,54453000.0,108700000.0,108700000.0
TransDigm Group Inc,TDG,,1260221,2013.0,Q2TTM,2012-04-01,2013-03-30,,42730000.0,5.22,5.22,12.85,5.22,156025000.0,306804000.0,320419000.0,,303505000.0,,812314000.0,1820293000.0,-13615000.0,3299000.0,,,221009000.0,812314000.0,1007979000.0,267796000.0,263739000.0,744240000.0,-267796000.0,476444000.0,1820293000.0,54453000.0,108700000.0,108700000.0
TransDigm Group Inc,TDG,,1260221,2013.0,Q1,2012-10-01,2012-12-29,2013-02-05 10:20:06+00:00,10540000.0,0.66,0.66,12.85,0.66,35800000.0,74170000.0,74170000.0,,74170000.0,,191871000.0,430418000.0,,,,,55161000.0,191871000.0,238547000.0,62876000.0,65701000.0,172846000.0,-62876000.0,109970000.0,430418000.0,54453000.0,112400000.0,112400000.0
TransDigm Group Inc,TDG,,1260221,2013.0,Q1TTM,2012-01-01,2012-12-29,,42334000.0,5.48,5.48,12.85,5.48,167600000.0,334034000.0,334034000.0,,330735000.0,,793444000.0,1778153000.0,,3299000.0,,,215020000.0,793444000.0,984709000.0,225721000.0,257354000.0,727355000.0,-225721000.0,501634000.0,1778153000.0,54453000.0,112400000.0,112400000.0
TransDigm Group Inc,TDG,,1260221,2014.0,FY,2013-10-01,2014-09-30,2016-11-15 12:40:25+00:00,63608000.0,3.16,3.16,25.0,3.16,141600000.0,306910000.0,306910000.0,,180284000.0,,1105032000.0,2372906000.0,,126626000.0,,,276446000.0,1105032000.0,1267874000.0,479310000.0,340054000.0,927820000.0,-479310000.0,448510000.0,2372906000.0,56993000.0,57100000.0,57100000.0
TransDigm Group Inc,TDG,,1260221,2014.0,Q4,2014-06-29,2014-09-30,,13223000.0,1.89,1.89,,1.89,47400000.0,114255000.0,114255000.0,,104018000.0,,293613000.0,642241000.0,,10237000.0,,,76685000.0,293613000.0,348628000.0,97065000.0,89908000.0,258720000.0,-97065000.0,161655000.0,642241000.0,56993000.0,57100000.0,57100000.0
TransDigm Group Inc,TDG,,1260221,2014.0,Q3,2014-03-30,2014-06-28,2015-08-05 11:49:12+00:00,16402000.0,-1.66,-1.66,25.0,-1.66,4700000.0,16177000.0,16177000.0,,-94726000.0,,283054000.0,610582000.0,,110903000.0,,,71146000.0,283054000.0,327528000.0,219103000.0,87548000.0,239980000.0,-219103000.0,20877000.0,610582000.0,57170000.0,57100000.0,57100000.0
TransDigm Group Inc,TDG,,1260221,2014.0,Q3YTD,2013-10-01,2014-06-28,,50385000.0,1.27,1.27,25.0,1.27,94200000.0,192655000.0,192655000.0,,76266000.0,,811419000.0,1730665000.0,,116389000.0,,,199761000.0,811419000.0,919246000.0,382245000.0,250146000.0,669100000.0,-382245000.0,286855000.0,1730665000.0,57170000.0,57100000.0,57100000.0
TransDigm Group Inc,TDG,,1260221,2014.0,Q3TTM,2013-06-30,2014-06-28,,66260000.0,1.04,1.04,47.0,1.04,134700000.0,208745000.0,276682000.0,,-78887000.0,,1068437000.0,2270402000.0,-67937000.0,287632000.0,,,260832000.0,1068437000.0,1201965000.0,463491000.0,327092000.0,874873000.0,-463491000.0,411382000.0,2270402000.0,57170000.0,57100000.0,57100000.0
TransDigm Group Inc,TDG,,1260221,2014.0,Q2,2013-12-20,2014-03-29,2015-05-05 17:09:36+00:00,17600000.0,1.49,1.49,0.0,1.49,45850000.0,90355000.0,90355000.0,,84869000.0,,283179000.0,590761000.0,,5486000.0,,,71488000.0,283179000.0,307582000.0,82289000.0,89088000.0,218494000.0,-82289000.0,136205000.0,590761000.0,57068000.0,57000000.0,57000000.0
TransDigm Group Inc,TDG,,1260221,2014.0,Q2YTD,2013-10-01,2014-03-29,,33983000.0,2.93,2.93,,2.93,89500000.0,176478000.0,176478000.0,,170992000.0,,528365000.0,1120083000.0,,5486000.0,,,128615000.0,528365000.0,591718000.0,163142000.0,162598000.0,429120000.0,-163142000.0,265978000.0,1120083000.0,57068000.0,57000000.0,57000000.0
TransDigm Group Inc,TDG,,1260221,2014.0,Q2TTM,2013-03-31,2014-03-29,,59347000.0,3.41,3.41,22.0,3.41,167600000.0,269223000.0,337160000.0,,92494000.0,,1005033000.0,2148456000.0,-67937000.0,176729000.0,,,272459000.0,1005033000.0,1143423000.0,306857000.0,331806000.0,811617000.0,-306857000.0,504760000.0,2148456000.0,57068000.0,57000000.0,57000000.0
TransDigm Group Inc,TDG,,1260221,2014.0,Q1TTM,2012-12-30,2013-12-28,,51482000.0,3.17,3.17,22.0,3.17,153550000.0,314742000.0,314742000.0,,143499000.0,,928153000.0,2023304000.0,,171243000.0,,,256434000.0,928153000.0,1095151000.0,318943000.0,307916000.0,787235000.0,-318943000.0,468292000.0,2023304000.0,56991000.0,59800000.0,59800000.0
TransDigm Group Inc,TDG,,1260221,2014.0,Q1,2013-10-01,2013-12-28,2015-01-30 09:15:29+00:00,16383000.0,1.44,1.44,,1.44,43650000.0,86123000.0,86123000.0,,86123000.0,,245186000.0,529322000.0,,,,,57127000.0,245186000.0,284136000.0,80853000.0,73510000.0,210626000.0,-80853000.0,129773000.0,529322000.0,56991000.0,59800000.0,59800000.0
TransDigm Group Inc,TDG,,1260221,2015.0,FY,2014-10-01,2015-09-30,2017-11-13 11:55:08+00:00,54219000.0,7.84,7.84,0.0,7.84,189612000.0,447212000.0,447212000.0,0.0,443847000.0,,1257270000.0,2707115000.0,,3365000.0,,,321624000.0,1257270000.0,1449845000.0,437178000.0,375843000.0,1074002000.0,-437178000.0,636824000.0,2707115000.0,56606000.0,56600000.0,56600000.0
TransDigm Group Inc,TDG,,1260221,2015.0,Q4,2015-06-28,2015-09-30,,16253000.0,2.5,2.5,,2.5,58008000.0,141673000.0,141673000.0,,141673000.0,,382192000.0,809792000.0,,,,,98270000.0,382192000.0,427600000.0,113396000.0,114523000.0,313077000.0,-113396000.0,199681000.0,809792000.0,56606000.0,56600000.0,56600000.0
TransDigm Group Inc,TDG,,1260221,2015.0,Q3,2015-03-29,2015-06-27,2016-08-10 13:02:01+00:00,13910000.0,1.75,1.75,,1.75,39629000.0,99112000.0,99112000.0,,99112000.0,,331940000.0,691395000.0,,,,,81849000.0,331940000.0,359455000.0,124955000.0,95759000.0,263696000.0,-124955000.0,138741000.0,691395000.0,56608000.0,56600000.0,56600000.0
TransDigm Group Inc,TDG,,1260221,2015.0,Q3YTD,2014-10-01,2015-06-27,,37966000.0,5.34,5.34,,5.34,131604000.0,305539000.0,305539000.0,,302174000.0,,875078000.0,1897323000.0,,3365000.0,,,223354000.0,875078000.0,1022245000.0,323782000.0,261320000.0,760925000.0,-323782000.0,437143000.0,1897323000.0,56608000.0,56600000.0,56600000.0
TransDigm Group Inc,TDG,,1260221,2015.0,Q3TTM,2014-06-29,2015-06-27,,51189000.0,7.23,7.23,,7.23,179004000.0,419794000.0,419794000.0,,406192000.0,,1168691000.0,2539564000.0,,13602000.0,,,300039000.0,1168691000.0,1370873000.0,420847000.0,351228000.0,1019645000.0,-420847000.0,598798000.0,2539564000.0,56608000.0,56600000.0,56600000.0
TransDigm Group Inc,TDG,,1260221,2015.0,Q2,2014-12-28,2015-03-28,2016-05-11 15:54:13+00:00,11030000.0,1.96,1.96,,1.96,45775000.0,110894000.0,110894000.0,,110894000.0,,277413000.0,619030000.0,,,,,74026000.0,277413000.0,341617000.0,99892000.0,85056000.0,256561000.0,-99892000.0,156669000.0,619030000.0,56604000.0,56600000.0,56600000.0
TransDigm Group Inc,TDG,,1260221,2015.0,Q2YTD,2014-10-01,2015-03-28,,24056000.0,3.59,3.59,,3.59,91975000.0,206427000.0,206427000.0,,203062000.0,,543138000.0,1205928000.0,,3365000.0,,,141505000.0,543138000.0,662790000.0,198827000.0,165561000.0,497229000.0,-198827000.0,298402000.0,1205928000.0,56604000.0,56600000.0,56600000.0
TransDigm Group Inc,TDG,,1260221,2015.0,Q2TTM,2014-03-30,2015-03-28,,53681000.0,3.82,3.82,25.0,3.82,144075000.0,336859000.0,336859000.0,,212354000.0,,1119805000.0,2458751000.0,,124505000.0,,,289336000.0,1119805000.0,1338946000.0,514995000.0,343017000.0,995929000.0,-514995000.0,480934000.0,2458751000.0,56604000.0,56600000.0,56600000.0
TransDigm Group Inc,TDG,,1260221,2015.0,Q1,2014-10-01,2014-12-27,2016-02-10 16:50:26+00:00,13026000.0,1.63,1.63,,1.63,46200000.0,95533000.0,95533000.0,,92168000.0,,265725000.0,586898000.0,,3365000.0,,,67479000.0,265725000.0,321173000.0,98935000.0,80505000.0,240668000.0,-98935000.0,141733000.0,586898000.0,56591000.0,56500000.0,56500000.0
TransDigm Group Inc,TDG,,1260221,2015.0,Q1TTM,2013-12-29,2014-12-27,,60251000.0,3.35,3.35,25.0,3.35,144150000.0,316320000.0,316320000.0,,186329000.0,,1125571000.0,2430482000.0,,129991000.0,,,286798000.0,1125571000.0,1304911000.0,497392000.0,347049000.0,957862000.0,-497392000.0,460470000.0,2430482000.0,56591000.0,56500000.0,56500000.0
TransDigm Group Inc,TDG,,1260221,2016.0,FY,2015-10-01,2016-09-30,2018-11-09 15:20:58+00:00,77445000.0,10.39,10.39,0.0,10.39,181702000.0,586414000.0,586414000.0,0.0,583414000.0,,1443348000.0,3171411000.0,,3000000.0,,,382858000.0,1443348000.0,1728063000.0,499644000.0,460303000.0,1267760000.0,-499644000.0,768116000.0,3171411000.0,56157000.0,56200000.0,56200000.0
TransDigm Group Inc,TDG,,1260221,2016.0,Q4,2016-07-03,2016-09-30,,23971000.0,2.76,2.76,,2.76,54427000.0,154668000.0,154668000.0,,154668000.0,,390903000.0,875223000.0,,,,,111347000.0,390903000.0,484320000.0,139907000.0,135318000.0,349002000.0,-139907000.0,209095000.0,875223000.0,56157000.0,56200000.0,56200000.0
TransDigm Group Inc,TDG,,1260221,2016.0,Q3,2016-04-03,2016-07-02,2017-08-08 16:39:45+00:00,18629000.0,2.88,2.88,0.0,2.88,33554000.0,160622000.0,160622000.0,,160622000.0,,354177000.0,797692000.0,,,,,94244000.0,354177000.0,443515000.0,136466000.0,112873000.0,330642000.0,-136466000.0,194176000.0,797692000.0,55832000.0,53076000.0,53076000.0
TransDigm Group Inc,TDG,,1260221,2016.0,Q3YTD,2015-10-01,2016-07-02,,53474000.0,7.63,7.63,,7.63,127275000.0,431746000.0,431746000.0,,428746000.0,,1052445000.0,2296188000.0,,3000000.0,,,271511000.0,1052445000.0,1243743000.0,359737000.0,324985000.0,918758000.0,-359737000.0,559021000.0,2296188000.0,55832000.0,53076000.0,53076000.0
TransDigm Group Inc,TDG,,1260221,2016.0,Q3TTM,2015-06-28,2016-07-02,,69727000.0,10.13,10.13,,10.13,185283000.0,573419000.0,573419000.0,,570419000.0,,1434637000.0,3105980000.0,,3000000.0,,,369781000.0,1434637000.0,1671343000.0,473133000.0,439508000.0,1231835000.0,-473133000.0,758702000.0,3105980000.0,55832000.0,53076000.0,53076000.0
TransDigm Group Inc,TDG,,1260221,2016.0,Q2,2016-01-03,2016-04-02,2017-05-10 14:49:04+00:00,18522000.0,2.52,2.52,0.0,2.52,59104000.0,141683000.0,141683000.0,,141683000.0,,371140000.0,796801000.0,,,,,95064000.0,371140000.0,425661000.0,111288000.0,113586000.0,312075000.0,-111288000.0,200787000.0,796801000.0,56134000.0,56200000.0,56200000.0
TransDigm Group Inc,TDG,,1260221,2016.0,Q2YTD,2015-10-01,2016-04-02,,34845000.0,4.75,4.75,,4.75,93721000.0,271124000.0,271124000.0,,268124000.0,,698268000.0,1498496000.0,,3000000.0,,,177267000.0,698268000.0,800228000.0,223271000.0,212112000.0,588116000.0,-223271000.0,364845000.0,1498496000.0,56134000.0,56200000.0,56200000.0
TransDigm Group Inc,TDG,,1260221,2016.0,Q2TTM,2015-03-29,2016-04-02,,65008000.0,9.0,9.0,,9.0,191358000.0,511909000.0,511909000.0,,508909000.0,,1412400000.0,2999683000.0,,3000000.0,,,357386000.0,1412400000.0,1587283000.0,461622000.0,422394000.0,1164889000.0,-461622000.0,703267000.0,2999683000.0,56134000.0,56200000.0,56200000.0
TransDigm Group Inc,TDG,,1260221,2016.0,Q1,2015-10-01,2016-01-02,2017-02-08 12:54:28+00:00,16323000.0,2.23,2.23,0.0,2.23,34617000.0,129441000.0,129441000.0,,126441000.0,,327128000.0,701695000.0,,3000000.0,,,82203000.0,327128000.0,374567000.0,111983000.0,98526000.0,276041000.0,-111983000.0,164058000.0,701695000.0,56805000.0,56700000.0,56700000.0
TransDigm Group Inc,TDG,,1260221,2016.0,Q1TTM,2014-12-28,2016-01-02,,57516000.0,8.44,8.44,,8.44,178029000.0,481120000.0,481120000.0,,478120000.0,,1318673000.0,2821912000.0,,3000000.0,,,336348000.0,1318673000.0,1503239000.0,450226000.0,393864000.0,1109375000.0,-450226000.0,659149000.0,2821912000.0,56805000.0,56700000.0,56700000.0
TransDigm Group Inc,TDG,,1260221,2017.0,FY,2016-10-01,2017-09-30,2019-11-19 15:57:53+00:00,89226000.0,7.88,7.88,46.0,7.88,208889000.0,596887000.0,628541000.0,-31654000.0,596887000.0,0.0,1519659000.0,3504286000.0,,,-3020000.0,,412555000.0,1519659000.0,1984627000.0,642396000.0,501781000.0,1482846000.0,-645416000.0,837430000.0,3504286000.0,55530000.0,75700000.0,75700000.0
TransDigm Group Inc,TDG,,1260221,2017.0,Q4,2017-07-02,2017-09-30,,18435000.0,1.61,1.61,22.0,1.61,63316000.0,-2047000.0,184147000.0,-30689000.0,93924000.0,,392646000.0,923885000.0,-155505000.0,-95971000.0,-3020000.0,,101879000.0,392646000.0,531239000.0,160473000.0,120314000.0,410956000.0,-163493000.0,247463000.0,923885000.0,55530000.0,75700000.0,75700000.0
TransDigm Group Inc,TDG,,1260221,2017.0,Q3,2017-04-02,2017-07-01,2018-08-08 15:11:54+00:00,23259000.0,3.08,3.08,0.0,3.08,66015000.0,169053000.0,169832000.0,-779000.0,169053000.0,,377959000.0,897655000.0,,,,,108104000.0,377959000.0,519696000.0,152486000.0,131363000.0,388333000.0,-152486000.0,235847000.0,897655000.0,54890000.0,54900000.0,54900000.0
TransDigm Group Inc,TDG,,1260221,2017.0,Q3YTD,2016-10-01,2017-07-01,,70791000.0,6.27,6.27,24.0,6.27,145573000.0,598934000.0,444394000.0,-965000.0,502963000.0,,1127013000.0,2580401000.0,155505000.0,95971000.0,,,310676000.0,1127013000.0,1453388000.0,481923000.0,381467000.0,1071890000.0,-481923000.0,589967000.0,2580401000.0,54890000.0,54900000.0,54900000.0
TransDigm Group Inc,TDG,,1260221,2017.0,Q3TTM,2016-07-03,2017-07-01,,94762000.0,9.03,9.03,24.0,9.03,200000000.0,753602000.0,599062000.0,-965000.0,657631000.0,,1517916000.0,3455624000.0,155505000.0,95971000.0,,,422023000.0,1517916000.0,1937708000.0,621830000.0,516785000.0,1420892000.0,-621830000.0,799062000.0,3455624000.0,54890000.0,54900000.0,54900000.0
TransDigm Group Inc,TDG,,1260221,2017.0,Q2,2017-01-01,2017-04-01,2018-05-04 14:07:48+00:00,22032000.0,2.78,2.78,0.0,2.78,59508000.0,311010000.0,155691000.0,-186000.0,311010000.0,,379291000.0,868728000.0,155505000.0,,,,100857000.0,379291000.0,489437000.0,151349000.0,122889000.0,366548000.0,-151349000.0,215199000.0,868728000.0,55894000.0,111900000.0,111900000.0
TransDigm Group Inc,TDG,,1260221,2017.0,Q2YTD,2016-10-01,2017-04-01,,47532000.0,3.19,3.19,24.0,3.19,79558000.0,429881000.0,274562000.0,-186000.0,333910000.0,,749054000.0,1682746000.0,155505000.0,95971000.0,,,202572000.0,749054000.0,933692000.0,329437000.0,250104000.0,683557000.0,-329437000.0,354120000.0,1682746000.0,55894000.0,111900000.0,111900000.0
TransDigm Group Inc,TDG,,1260221,2017.0,Q2TTM,2016-04-03,2017-04-01,,90132000.0,8.83,8.83,24.0,8.83,167539000.0,745171000.0,589852000.0,-186000.0,649200000.0,,1494134000.0,3355661000.0,155505000.0,95971000.0,,,408163000.0,1494134000.0,1861527000.0,605810000.0,498295000.0,1363201000.0,-605810000.0,757391000.0,3355661000.0,55894000.0,111900000.0,111900000.0
TransDigm Group Inc,TDG,,1260221,2017.0,Q1,2016-10-01,2016-12-31,2018-02-07 12:10:35+00:00,25500000.0,0.41,0.41,24.0,0.41,20050000.0,118871000.0,118871000.0,0.0,22900000.0,,369763000.0,814018000.0,,95971000.0,,,101715000.0,369763000.0,444255000.0,178088000.0,127215000.0,317009000.0,-178088000.0,138921000.0,814018000.0,56524000.0,53365000.0,53365000.0
TransDigm Group Inc,TDG,,1260221,2017.0,Q1TTM,2016-01-03,2016-12-31,,86622000.0,8.57,8.57,24.0,8.57,167135000.0,575844000.0,575844000.0,,479873000.0,,1485983000.0,3283734000.0,,95971000.0,,,402370000.0,1485983000.0,1797751000.0,565749000.0,488992000.0,1308728000.0,-565749000.0,742979000.0,3283734000.0,56524000.0,53365000.0,53365000.0
TransDigm Group Inc,TDG,,1260221,2018.0,FY,2017-10-01,2018-09-30,2019-11-19 15:57:53+00:00,72454000.0,16.2,16.2,0.0,16.2,24021000.0,957062000.0,961536000.0,-4474000.0,957062000.0,0.0,1633616000.0,3811126000.0,,,-419000.0,,449676000.0,1633616000.0,2177510000.0,669404000.0,522130000.0,1655380000.0,-669823000.0,985557000.0,3811126000.0,55597000.0,59100000.0,59100000.0
TransDigm Group Inc,TDG,,1260221,2018.0,Q4,2018-07-01,2018-09-30,,18661000.0,4.11,4.11,,4.11,51571000.0,11517000.0,230294000.0,-1531000.0,67665000.0,,452168000.0,1049434000.0,-217246000.0,-56148000.0,-216000.0,,122806000.0,452168000.0,597266000.0,173718000.0,141467000.0,455799000.0,-173934000.0,281865000.0,1049434000.0,55597000.0,59100000.0,59100000.0
TransDigm Group Inc,TDG,,1260221,2018.0,Q3,2018-04-01,2018-06-30,2019-08-07 17:10:03+00:00,19224000.0,3.91,3.91,,3.91,48150000.0,434492000.0,217391000.0,-145000.0,434492000.0,0.0,411142000.0,980662000.0,217246000.0,,-203000.0,,112816000.0,411142000.0,569520000.0,171736000.0,132040000.0,437480000.0,-171939000.0,265541000.0,980662000.0,55597000.0,111100000.0,111100000.0
TransDigm Group Inc,TDG,,1260221,2018.0,Q3YTD,2017-10-01,2018-06-30,,53793000.0,12.09,12.09,,12.09,-27550000.0,945545000.0,731242000.0,-2943000.0,889397000.0,,1181448000.0,2761692000.0,217246000.0,56148000.0,-203000.0,,326870000.0,1181448000.0,1580244000.0,495686000.0,380663000.0,1199581000.0,-495889000.0,703692000.0,2761692000.0,55597000.0,111100000.0,111100000.0
TransDigm Group Inc,TDG,,1260221,2018.0,Q3TTM,2017-07-02,2018-06-30,,72228000.0,13.7,13.7,22.0,13.7,35766000.0,943498000.0,915389000.0,-33632000.0,983321000.0,,1574094000.0,3685577000.0,61741000.0,-39823000.0,-3223000.0,,428749000.0,1574094000.0,2111483000.0,656159000.0,500977000.0,1610537000.0,-659382000.0,951155000.0,3685577000.0,55597000.0,111100000.0,111100000.0
TransDigm Group Inc,TDG,,1260221,2018.0,Q2YTD,2017-10-01,2018-03-31,,34569000.0,8.18,8.18,,8.18,-75700000.0,511053000.0,513851000.0,-2798000.0,454905000.0,,770306000.0,1781030000.0,,56148000.0,,,214054000.0,770306000.0,1010724000.0,323950000.0,248623000.0,762101000.0,-323950000.0,438151000.0,1781030000.0,55605000.0,55600000.0,55600000.0
TransDigm Group Inc,TDG,,1260221,2018.0,Q2TTM,2017-04-02,2018-03-31,,76263000.0,12.87,12.87,22.0,12.87,53631000.0,678059000.0,867830000.0,-34266000.0,717882000.0,,1540911000.0,3602570000.0,-155505000.0,-39823000.0,-3020000.0,,424037000.0,1540911000.0,2061659000.0,636909000.0,500300000.0,1561390000.0,-639929000.0,921461000.0,3602570000.0,55605000.0,55600000.0,55600000.0
TransDigm Group Inc,TDG,,1260221,2018.0,Q2,2017-12-31,2018-03-31,2019-05-08 17:24:37+00:00,17457000.0,3.53,3.53,,3.53,45347000.0,196278000.0,201840000.0,-5562000.0,196278000.0,0.0,398996000.0,933070000.0,,,,,107526000.0,398996000.0,534074000.0,161904000.0,124983000.0,409091000.0,-161904000.0,247187000.0,933070000.0,55605000.0,55600000.0,55600000.0
TransDigm Group Inc,TDG,,1260221,2018.0,Q1,2017-10-01,2017-12-30,2019-02-06 13:43:39+00:00,17112000.0,4.65,4.65,,4.65,-121047000.0,314775000.0,312011000.0,2764000.0,258627000.0,,371310000.0,847960000.0,,56148000.0,,,106528000.0,371310000.0,476650000.0,162046000.0,123640000.0,353010000.0,-162046000.0,190964000.0,847960000.0,55600000.0,55600000.0,55600000.0
TransDigm Group Inc,TDG,,1260221,2018.0,Q1TTM,2017-01-01,2017-12-30,,80838000.0,12.12,12.12,22.0,12.12,67792000.0,792791000.0,821681000.0,-28890000.0,832614000.0,,1521206000.0,3538228000.0,,-39823000.0,-3020000.0,,417368000.0,1521206000.0,2017022000.0,626354000.0,498206000.0,1518847000.0,-629374000.0,889473000.0,3538228000.0,55600000.0,55600000.0,55600000.0
TransDigm Group Inc,TDG,,1260221,2019.0,FY,2018-10-01,2019-09-30,2019-11-19 15:57:53+00:00,134952000.0,13.84,13.84,30.0,13.84,221986000.0,891311000.0,840879000.0,50432000.0,892852000.0,-1541000.0,2413932000.0,5223203000.0,,,-915000.0,,747773000.0,2413932000.0,2809271000.0,862766000.0,882725000.0,1926546000.0,-863681000.0,1062865000.0,5223203000.0,56265000.0,64500000.0,64500000.0
TransDigm Group Inc,TDG,,1260221,2019.0,Q4,2019-06-30,2019-09-30,,51063000.0,4.62,4.62,30.0,4.62,44077000.0,204251000.0,300269000.0,48432000.0,205632000.0,-1381000.0,570087000.0,1403884000.0,-144450000.0,,-2804000.0,,191216000.0,570087000.0,833797000.0,244368000.0,242279000.0,591518000.0,-247172000.0,344346000.0,1403884000.0,56265000.0,64500000.0,64500000.0
TransDigm Group Inc,TDG,,1260221,2019.0,Q3YTD,2018-10-01,2019-06-29,,83889000.0,9.22,9.22,,9.22,177909000.0,687060000.0,540610000.0,2000000.0,687220000.0,-160000.0,1843845000.0,3819319000.0,144450000.0,,1889000.0,,556557000.0,1843845000.0,1975474000.0,618398000.0,640446000.0,1335028000.0,-616509000.0,718519000.0,3819319000.0,56265000.0,112500000.0,112500000.0
TransDigm Group Inc,TDG,,1260221,2019.0,Q3TTM,2018-07-01,2019-06-29,,102550000.0,13.33,13.33,,13.33,229480000.0,698577000.0,770904000.0,469000.0,754885000.0,-160000.0,2296013000.0,4868753000.0,-72796000.0,-56148000.0,1673000.0,,679363000.0,2296013000.0,2572740000.0,792116000.0,781913000.0,1790827000.0,-790443000.0,1000384000.0,4868753000.0,56265000.0,112500000.0,112500000.0
TransDigm Group Inc,TDG,,1260221,2019.0,Q3,2019-03-31,2019-06-29,2019-08-07 17:10:03+00:00,41889000.0,2.57,2.57,,2.57,60909000.0,289060000.0,144610000.0,0.0,289220000.0,-160000.0,896845000.0,1658319000.0,144450000.0,,1889000.0,,274557000.0,896845000.0,761474000.0,241398000.0,316446000.0,445028000.0,-239509000.0,205519000.0,1658319000.0,56265000.0,112500000.0,112500000.0
TransDigm Group Inc,TDG,,1260221,2019.0,Q2,2018-12-30,2019-03-30,2020-05-05 16:34:46+00:00,22000000.0,3.6,3.6,0.0,3.6,63000000.0,202000000.0,200000000.0,2000000.0,202000000.0,,518000000.0,1168000000.0,,0.0,0.0,,160000000.0,518000000.0,650000000.0,205000000.0,182000000.0,468000000.0,-205000000.0,263000000.0,1168000000.0,56300000.0,56100000.0,56100000.0
TransDigm Group Inc,TDG,,1260221,2019.0,Q2YTD,2018-10-01,2019-03-30,,42000000.0,6.65,6.65,,6.65,117000000.0,398000000.0,396000000.0,2000000.0,398000000.0,,947000000.0,2161000000.0,,,,,282000000.0,947000000.0,1214000000.0,377000000.0,324000000.0,890000000.0,-377000000.0,513000000.0,2161000000.0,56300000.0,56100000.0,56100000.0
TransDigm Group Inc,TDG,,1260221,2019.0,Q2TTM,2018-04-01,2019-03-30,,79885000.0,14.67,14.67,,14.67,216721000.0,844009000.0,843685000.0,324000.0,900157000.0,,1810310000.0,4191096000.0,,-56148000.0,-419000.0,,517622000.0,1810310000.0,2380786000.0,722454000.0,597507000.0,1783279000.0,-722873000.0,1060406000.0,4191096000.0,56300000.0,56100000.0,56100000.0
TransDigm Group Inc,TDG,,1260221,2019.0,Q1,2018-10-01,2018-12-29,2020-02-04 16:25:31+00:00,20000000.0,3.05,3.05,0.0,3.05,54000000.0,196000000.0,196000000.0,0.0,196000000.0,,429000000.0,993000000.0,,0.0,0.0,,122000000.0,429000000.0,564000000.0,172000000.0,142000000.0,422000000.0,-172000000.0,250000000.0,993000000.0,56300000.0,64300000.0,64300000.0
TransDigm Group Inc,TDG,,1260221,2019.0,Q1TTM,2017-12-31,2018-12-29,,75342000.0,14.6,14.6,,14.6,199068000.0,838287000.0,845525000.0,-7238000.0,894435000.0,,1691306000.0,3956166000.0,,-56148000.0,-419000.0,,465148000.0,1691306000.0,2264860000.0,679358000.0,540490000.0,1724370000.0,-679777000.0,1044593000.0,3956166000.0,56300000.0,64300000.0,64300000.0
TransDigm Group Inc,TDG,,1260221,2020.0,Q2YTD,2019-10-01,2020-03-28,,86000000.0,7.63,7.63,32.5,7.63,73000000.0,624000000.0,557000000.0,67000000.0,625000000.0,,1289000000.0,2908000000.0,,-1000000.0,3000000.0,,381000000.0,1289000000.0,1619000000.0,525000000.0,467000000.0,1152000000.0,-522000000.0,630000000.0,2908000000.0,57400000.0,57400000.0,57400000.0
TransDigm Group Inc,TDG,,1260221,2020.0,Q2TTM,2019-03-31,2020-03-28,,178952000.0,14.82,14.82,62.5,14.82,177986000.0,1117311000.0,1001879000.0,115432000.0,1119852000.0,-1541000.0,2755932000.0,5970203000.0,,-1000000.0,2085000.0,,846773000.0,2755932000.0,3214271000.0,1010766000.0,1025725000.0,2188546000.0,-1008681000.0,1179865000.0,5970203000.0,57400000.0,57400000.0,57400000.0
TransDigm Group Inc,TDG,,1260221,2020.0,Q2,2019-12-29,2020-03-28,2020-05-05 16:34:46+00:00,46000000.0,5.56,5.56,0.0,5.56,14000000.0,319000000.0,323000000.0,-4000000.0,319000000.0,,625000000.0,1443000000.0,,0.0,0.0,,180000000.0,625000000.0,818000000.0,255000000.0,226000000.0,592000000.0,-255000000.0,337000000.0,1443000000.0,57400000.0,57400000.0,57400000.0
TransDigm Group Inc,TDG,,1260221,2020.0,Q1TTM,2018-12-30,2019-12-28,,154952000.0,12.86,12.86,62.5,12.86,226986000.0,1000311000.0,878879000.0,121432000.0,1002852000.0,-1541000.0,2648932000.0,5695203000.0,,-1000000.0,2085000.0,,826773000.0,2648932000.0,3046271000.0,960766000.0,981725000.0,2064546000.0,-958681000.0,1105865000.0,5695203000.0,57400000.0,147800000.0,147800000.0
TransDigm Group Inc,TDG,,1260221,2020.0,Q1,2019-10-01,2019-12-28,2020-02-04 16:25:31+00:00,40000000.0,2.07,2.07,32.5,2.07,59000000.0,305000000.0,234000000.0,71000000.0,306000000.0,,664000000.0,1465000000.0,,-1000000.0,3000000.0,,201000000.0,664000000.0,801000000.0,270000000.0,241000000.0,560000000.0,-267000000.0,293000000.0,1465000000.0,57400000.0,147800000.0,147800000.0
