company_name,company_ticker,company_lei,company_cik,year,quarter,start_date,end_date,filing_date,basicdilutedeps,basiceps,cashdividendspershare,depreciationexpense,dilutedeps,impairmentexpense,incometaxexpense,marketingexpense,netincome,netincomecontinuing,netincomediscontinued,netincometocommon,netincometononcontrollinginterest,operatingcostofrevenue,operatingrevenue,otherincome,otheroperatingexpenses,otherrevenue,otherspecialcharges,sgaexpense,totalcostofrevenue,totalgrossprofit,totalinterestexpense,totaloperatingexpenses,totaloperatingincome,totalotherincome,totalpretaxincome,totalrevenue,weightedavebasicdilutedsharesos,weightedavebasicsharesos,weightedavedilutedsharesos
Pioneer Natural Resources Co,PXD,FY8JBF7CCL2VE4F1B628,1038357,2007.0,FY,2007-01-01,2007-12-31,2010-02-26 16:26:04+00:00,3.05,3.05,0.27,373344000.0,3.04,304872000.0,105923000.0,,372376000.0,229143000.0,143233000.0,372728000.0,-352000.0,296988000.0,1695298000.0,64592000.0,121143000.0,,63472000.0,129735000.0,296988000.0,1398310000.0,135270000.0,992566000.0,405744000.0,-70678000.0,335066000.0,1695298000.0,122200000.0,120158000.0,120614000.0
Pioneer Natural Resources Co,PXD,FY8JBF7CCL2VE4F1B628,1038357,2008.0,FY,2008-01-01,2008-12-31,2011-02-25 16:21:57+00:00,1.76,1.76,0.3,474608000.0,1.76,281696000.0,113916000.0,,231655000.0,186881000.0,44774000.0,210020000.0,21635000.0,402875000.0,2012196000.0,-58000000.0,172134000.0,-10148000.0,12531000.0,132637000.0,402875000.0,1599173000.0,166770000.0,1073606000.0,525567000.0,-224770000.0,300797000.0,2002048000.0,119300000.0,117462000.0,117947000.0
Pioneer Natural Resources Co,PXD,FY8JBF7CCL2VE4F1B628,1038357,2008.0,Q3,2008-07-01,2008-09-30,2009-11-06 17:05:09+00:00,-0.04,-0.04,0.16,121265000.0,-0.04,199173000.0,13165000.0,,3187000.0,2860000.0,327000.0,-5235000.0,8422000.0,107159000.0,600413000.0,-31679000.0,51963000.0,,351000.0,31622000.0,107159000.0,493254000.0,41176000.0,404374000.0,88880000.0,-72855000.0,16025000.0,600413000.0,130900000.0,118110000.0,118110000.0
Pioneer Natural Resources Co,PXD,FY8JBF7CCL2VE4F1B628,1038357,2008.0,Q2,2008-04-01,2008-06-30,2009-08-12 15:03:57+00:00,1.3,1.3,0.0,112251000.0,1.29,26108000.0,120975000.0,45658000.0,162921000.0,155570000.0,7351000.0,156694000.0,6227000.0,97327000.0,636004000.0,-1388000.0,1961000.0,,-2500000.0,35596000.0,97327000.0,538677000.0,41670000.0,219074000.0,319603000.0,-43058000.0,276545000.0,636004000.0,120500000.0,118363000.0,119370000.0
Pioneer Natural Resources Co,PXD,FY8JBF7CCL2VE4F1B628,1038357,2009.0,FY,2009-01-01,2009-12-31,2012-02-29 15:53:24+00:00,-0.46,-0.46,0.08,564149000.0,-0.46,100186000.0,-83195000.0,,-42267000.0,-141983000.0,99716000.0,-52106000.0,9839000.0,345885000.0,1402436000.0,6887000.0,106421000.0,-195557000.0,18087000.0,130863000.0,345885000.0,860994000.0,173353000.0,919706000.0,-58712000.0,-166466000.0,-225178000.0,1206879000.0,113300000.0,114176000.0,114176000.0
Pioneer Natural Resources Co,PXD,FY8JBF7CCL2VE4F1B628,1038357,2009.0,Q3,2009-07-01,2009-09-30,2010-11-01 15:37:49+00:00,-0.06,-0.06,0.04,162605000.0,-0.06,25073000.0,-5206000.0,,1833000.0,-10274000.0,12107000.0,-7165000.0,8998000.0,90394000.0,409969000.0,-20860000.0,30843000.0,-15222000.0,2215000.0,34799000.0,90394000.0,304353000.0,43438000.0,255535000.0,48818000.0,-64298000.0,-15480000.0,394747000.0,119400000.0,114123000.0,114123000.0
Pioneer Natural Resources Co,PXD,FY8JBF7CCL2VE4F1B628,1038357,2009.0,Q2,2009-04-01,2009-06-30,2010-07-30 14:11:22+00:00,-0.76,-0.76,,158673000.0,-0.76,21618000.0,-41724000.0,,-87518000.0,-90249000.0,2731000.0,-86996000.0,-522000.0,84793000.0,370692000.0,51883000.0,26468000.0,-170224000.0,16022000.0,33275000.0,84793000.0,115675000.0,43475000.0,256056000.0,-140381000.0,8408000.0,-131973000.0,200468000.0,114500000.0,113979000.0,113979000.0
Pioneer Natural Resources Co,PXD,FY8JBF7CCL2VE4F1B628,1038357,2010.0,Q4,2010-10-01,2010-12-31,,0.68,0.68,,52276000.0,0.65,122663000.0,-45734000.0,,82126000.0,-20875000.0,103001000.0,80342000.0,1784000.0,77031000.0,280611000.0,12158000.0,26525000.0,-122151000.0,-125343000.0,38884000.0,77031000.0,81429000.0,45191000.0,115005000.0,-33576000.0,-33033000.0,-66609000.0,158460000.0,117700000.0,115062000.0,116330000.0
Pioneer Natural Resources Co,PXD,FY8JBF7CCL2VE4F1B628,1038357,2010.0,FY,2010-01-01,2010-12-31,2013-02-13 16:03:08+00:00,5.14,5.14,0.08,499856000.0,5.08,189597000.0,269627000.0,,645995000.0,511945000.0,134050000.0,605208000.0,40787000.0,364764000.0,1718297000.0,-21432000.0,120086000.0,448434000.0,-157992000.0,164332000.0,364764000.0,1801967000.0,183084000.0,815879000.0,986088000.0,-204516000.0,781572000.0,2166731000.0,117700000.0,115062000.0,116330000.0
Pioneer Natural Resources Co,PXD,FY8JBF7CCL2VE4F1B628,1038357,2010.0,Q3YTD,2010-01-01,2010-09-30,,4.46,4.46,0.08,447580000.0,4.43,66934000.0,315361000.0,,563869000.0,532820000.0,31049000.0,524866000.0,39003000.0,287733000.0,1437686000.0,-33590000.0,93561000.0,570585000.0,-32649000.0,125448000.0,287733000.0,1720538000.0,137893000.0,700874000.0,1019664000.0,-171483000.0,848181000.0,2008271000.0,117900000.0,115191000.0,116021000.0
Pioneer Natural Resources Co,PXD,FY8JBF7CCL2VE4F1B628,1038357,2010.0,Q3,2010-07-01,2010-09-30,2011-11-04 16:51:03+00:00,0.95,0.95,0.04,147096000.0,0.94,21610000.0,76211000.0,,114573000.0,96490000.0,18083000.0,112035000.0,2538000.0,100717000.0,437411000.0,-4718000.0,35566000.0,127581000.0,-5835000.0,43417000.0,100717000.0,464275000.0,45002000.0,241854000.0,222421000.0,-49720000.0,172701000.0,564992000.0,117900000.0,115191000.0,116021000.0
Pioneer Natural Resources Co,PXD,FY8JBF7CCL2VE4F1B628,1038357,2010.0,Q2YTD,2010-01-01,2010-06-30,,3.51,3.51,0.04,294742000.0,3.49,43971000.0,238700000.0,,449295000.0,419328000.0,29967000.0,412830000.0,36465000.0,183394000.0,954450000.0,-12663000.0,57890000.0,443004000.0,-26814000.0,80689000.0,183394000.0,1214060000.0,92891000.0,450478000.0,763582000.0,-105554000.0,658028000.0,1397454000.0,118000000.0,115104000.0,116006000.0
Pioneer Natural Resources Co,PXD,FY8JBF7CCL2VE4F1B628,1038357,2010.0,Q2,2010-04-01,2010-06-30,2011-08-05 14:28:16+00:00,1.42,1.42,,144309000.0,1.41,22743000.0,83220000.0,,188689000.0,146838000.0,41851000.0,167576000.0,21113000.0,94012000.0,422042000.0,2759000.0,27867000.0,177528000.0,-2461000.0,40433000.0,94012000.0,505558000.0,45368000.0,232891000.0,272667000.0,-42609000.0,230058000.0,599570000.0,118000000.0,115104000.0,116006000.0
Pioneer Natural Resources Co,PXD,FY8JBF7CCL2VE4F1B628,1038357,2010.0,Q1,2010-01-01,2010-03-31,2011-05-09 18:05:09+00:00,2.09,2.09,0.04,144428000.0,2.08,16848000.0,144007000.0,,260606000.0,256795000.0,3811000.0,245254000.0,15352000.0,86100000.0,472045000.0,2062000.0,29920000.0,265476000.0,-24353000.0,38315000.0,86100000.0,651421000.0,47523000.0,205158000.0,446263000.0,-45461000.0,400802000.0,737521000.0,117300000.0,114655000.0,115462000.0
Pioneer Natural Resources Co,PXD,FY8JBF7CCL2VE4F1B628,1038357,2011.0,Q4,2011-10-01,2011-12-31,,-0.98,-0.98,,28772000.0,-1.06,377516000.0,-94738000.0,,-113188000.0,-174801000.0,61613000.0,-111146000.0,-2042000.0,88915000.0,334473000.0,15763000.0,31110000.0,6634000.0,3623000.0,51423000.0,88915000.0,252192000.0,45050000.0,492444000.0,-240252000.0,-29287000.0,-269539000.0,341107000.0,119000000.0,116904000.0,119215000.0
Pioneer Natural Resources Co,PXD,FY8JBF7CCL2VE4F1B628,1038357,2011.0,FY,2011-01-01,2011-12-31,2014-02-26 18:21:36+00:00,7.01,7.01,0.08,489579000.0,6.88,435099000.0,188278000.0,,881914000.0,407790000.0,474124000.0,834489000.0,47425000.0,410910000.0,2094757000.0,-33689000.0,146931000.0,392752000.0,3644000.0,189985000.0,410910000.0,2076599000.0,181604000.0,1265238000.0,811361000.0,-215293000.0,596068000.0,2487509000.0,119000000.0,116904000.0,119215000.0
Pioneer Natural Resources Co,PXD,FY8JBF7CCL2VE4F1B628,1038357,2011.0,Q3YTD,2011-01-01,2011-09-30,,7.99,7.99,0.08,460807000.0,7.94,57583000.0,283016000.0,,995102000.0,582591000.0,412511000.0,945635000.0,49467000.0,321995000.0,1760284000.0,-49452000.0,115821000.0,386118000.0,21000.0,138562000.0,321995000.0,1824407000.0,136554000.0,772794000.0,1051613000.0,-186006000.0,865607000.0,2146402000.0,118700000.0,116281000.0,117075000.0
Pioneer Natural Resources Co,PXD,FY8JBF7CCL2VE4F1B628,1038357,2011.0,Q3TTM,2010-10-01,2011-09-30,,8.67,8.67,0.08,513083000.0,8.59,180246000.0,237282000.0,,1077228000.0,561716000.0,515512000.0,1025977000.0,51251000.0,399026000.0,2040895000.0,-37294000.0,142346000.0,263967000.0,-125322000.0,177446000.0,399026000.0,1905836000.0,181745000.0,887799000.0,1018037000.0,-219039000.0,798998000.0,2304862000.0,118700000.0,116281000.0,117075000.0
Pioneer Natural Resources Co,PXD,FY8JBF7CCL2VE4F1B628,1038357,2011.0,Q3,2011-07-01,2011-09-30,2012-11-05 17:23:12+00:00,2.96,2.96,0.04,138413000.0,2.95,14021000.0,182728000.0,,385598000.0,385268000.0,330000.0,351464000.0,34134000.0,112661000.0,574114000.0,-9746000.0,39706000.0,401072000.0,-2535000.0,49618000.0,112661000.0,862525000.0,45560000.0,239223000.0,623302000.0,-55306000.0,567996000.0,975186000.0,118700000.0,116281000.0,117075000.0
Pioneer Natural Resources Co,PXD,FY8JBF7CCL2VE4F1B628,1038357,2011.0,Q2YTD,2011-01-01,2011-06-30,,5.03,5.03,0.04,294271000.0,4.99,37557000.0,97545000.0,,609504000.0,196446000.0,413058000.0,594171000.0,15333000.0,202386000.0,1132202000.0,-32269000.0,74473000.0,-14954000.0,2556000.0,88750000.0,202386000.0,914862000.0,90995000.0,497607000.0,417255000.0,-123264000.0,293991000.0,1117248000.0,118600000.0,116213000.0,118592000.0
Pioneer Natural Resources Co,PXD,FY8JBF7CCL2VE4F1B628,1038357,2011.0,Q2TTM,2010-07-01,2011-06-30,,6.66,6.66,0.08,499385000.0,6.58,183183000.0,128472000.0,,806204000.0,289063000.0,517141000.0,786549000.0,19655000.0,383756000.0,1896049000.0,-41038000.0,136669000.0,-9524000.0,-128622000.0,172393000.0,383756000.0,1502769000.0,181188000.0,863008000.0,639761000.0,-222226000.0,417535000.0,1886525000.0,118600000.0,116213000.0,118592000.0
Pioneer Natural Resources Co,PXD,FY8JBF7CCL2VE4F1B628,1038357,2011.0,Q2,2011-04-01,2011-06-30,2012-08-06 18:19:18+00:00,2.07,2.07,0.0,135511000.0,2.03,19732000.0,140182000.0,,265700000.0,268725000.0,-3025000.0,245577000.0,20123000.0,101741000.0,562412000.0,1541000.0,37912000.0,229478000.0,294000.0,44339000.0,101741000.0,690149000.0,44995000.0,237788000.0,452361000.0,-43454000.0,408907000.0,791890000.0,118600000.0,116213000.0,118592000.0
Pioneer Natural Resources Co,PXD,FY8JBF7CCL2VE4F1B628,1038357,2011.0,Q1TTM,2010-04-01,2011-03-31,,6.01,6.01,0.08,495801000.0,5.96,190392000.0,78469000.0,,729193000.0,184312000.0,544881000.0,708548000.0,20645000.0,378595000.0,1776069000.0,-41375000.0,126117000.0,-61474000.0,-131377000.0,170123000.0,378595000.0,1336000000.0,180788000.0,851056000.0,484944000.0,-222163000.0,262781000.0,1714595000.0,117800000.0,115869000.0,115869000.0
Pioneer Natural Resources Co,PXD,FY8JBF7CCL2VE4F1B628,1038357,2011.0,Q1,2011-01-01,2011-03-31,2012-05-07 14:04:13+00:00,2.96,2.96,0.04,126681000.0,2.96,17484000.0,-47907000.0,,343804000.0,-76078000.0,419882000.0,348594000.0,-4790000.0,98835000.0,475728000.0,14459000.0,35340000.0,-244432000.0,2262000.0,43911000.0,98835000.0,132461000.0,45227000.0,225678000.0,-93217000.0,-30768000.0,-123985000.0,231296000.0,117800000.0,115869000.0,115869000.0
Pioneer Natural Resources Co,PXD,FY8JBF7CCL2VE4F1B628,1038357,2012.0,Q4,2012-10-01,2012-12-31,,0.23,0.23,,102397000.0,0.24,-464997000.0,206997000.0,,39880000.0,398242000.0,-358362000.0,28549000.0,11331000.0,180130000.0,569661000.0,-27819000.0,30430000.0,86432000.0,57973000.0,63409000.0,180130000.0,475963000.0,53693000.0,-210788000.0,686751000.0,-81512000.0,605239000.0,656093000.0,124700000.0,123000000.0,126000000.0
Pioneer Natural Resources Co,PXD,FY8JBF7CCL2VE4F1B628,1038357,2012.0,FY,2012-01-01,2012-12-31,2015-02-19 17:30:17+00:00,1.54,1.54,0.08,689000000.0,1.5,97000000.0,288000000.0,,243000000.0,544000000.0,-301000000.0,192000000.0,51000000.0,652000000.0,2679000000.0,-114000000.0,177000000.0,330000000.0,,244000000.0,652000000.0,2357000000.0,204000000.0,1207000000.0,1150000000.0,-318000000.0,832000000.0,3009000000.0,124700000.0,123000000.0,126000000.0
Pioneer Natural Resources Co,PXD,FY8JBF7CCL2VE4F1B628,1038357,2012.0,Q3YTD,2012-01-01,2012-09-30,,1.31,1.31,0.08,586603000.0,1.26,561997000.0,81003000.0,,203120000.0,145758000.0,57362000.0,163451000.0,39669000.0,471870000.0,2109339000.0,-86181000.0,146570000.0,243568000.0,-57973000.0,180591000.0,471870000.0,1881037000.0,150307000.0,1417788000.0,463249000.0,-236488000.0,226761000.0,2352907000.0,128200000.0,123111000.0,123111000.0
Pioneer Natural Resources Co,PXD,FY8JBF7CCL2VE4F1B628,1038357,2012.0,Q3TTM,2011-10-01,2012-09-30,,0.33,0.33,0.08,615375000.0,0.2,939513000.0,-13735000.0,,89932000.0,-29043000.0,118975000.0,52305000.0,37627000.0,560785000.0,2443812000.0,-70418000.0,177680000.0,250202000.0,-54350000.0,232014000.0,560785000.0,2133229000.0,195357000.0,1910232000.0,222997000.0,-265775000.0,-42778000.0,2694014000.0,128200000.0,123111000.0,123111000.0
Pioneer Natural Resources Co,PXD,FY8JBF7CCL2VE4F1B628,1038357,2012.0,Q3,2012-07-01,2012-09-30,2013-11-06 11:02:13+00:00,0.15,0.15,0.04,207398000.0,0.15,27039000.0,10614000.0,,21699000.0,-10596000.0,32295000.0,19224000.0,2475000.0,179687000.0,716327000.0,-21755000.0,52276000.0,-123994000.0,-12848000.0,62567000.0,179687000.0,412646000.0,54441000.0,336432000.0,76214000.0,-76196000.0,18000.0,592333000.0,128200000.0,123111000.0,123111000.0
Pioneer Natural Resources Co,PXD,FY8JBF7CCL2VE4F1B628,1038357,2012.0,Q2YTD,2012-01-01,2012-06-30,,1.16,1.16,0.04,382339000.0,1.11,535345000.0,72617000.0,,181421000.0,158709000.0,22712000.0,144227000.0,37194000.0,295159000.0,1395184000.0,-54258000.0,95165000.0,367562000.0,-44736000.0,118024000.0,295159000.0,1467587000.0,95866000.0,1086137000.0,381450000.0,-150124000.0,231326000.0,1762746000.0,123500000.0,123028000.0,123028000.0
Pioneer Natural Resources Co,PXD,FY8JBF7CCL2VE4F1B628,1038357,2012.0,Q2TTM,2011-07-01,2012-06-30,,3.14,3.14,0.08,577647000.0,3.0,932887000.0,163350000.0,,453831000.0,370053000.0,83778000.0,384545000.0,69286000.0,503683000.0,2357739000.0,-55678000.0,167623000.0,775268000.0,-43648000.0,219259000.0,503683000.0,2629324000.0,186475000.0,1853768000.0,775556000.0,-242153000.0,533403000.0,3133007000.0,123500000.0,123028000.0,123028000.0
Pioneer Natural Resources Co,PXD,FY8JBF7CCL2VE4F1B628,1038357,2012.0,Q2,2012-04-01,2012-06-30,2013-08-05 19:56:45+00:00,-0.57,-0.57,0.0,200921000.0,-0.57,482058000.0,-45086000.0,,-39537000.0,-51554000.0,12017000.0,-70392000.0,30855000.0,150081000.0,641737000.0,-31365000.0,46939000.0,275812000.0,-1140000.0,54957000.0,150081000.0,767468000.0,49008000.0,783735000.0,-16267000.0,-80373000.0,-96640000.0,917549000.0,123500000.0,123028000.0,123028000.0
Pioneer Natural Resources Co,PXD,FY8JBF7CCL2VE4F1B628,1038357,2012.0,Q1TTM,2011-04-01,2012-03-31,,5.78,5.78,0.08,530624000.0,5.6,470743000.0,353132000.0,,759068000.0,688891000.0,70177000.0,700514000.0,58554000.0,449300000.0,2312344000.0,-39415000.0,159206000.0,728934000.0,-42214000.0,208946000.0,449300000.0,2591978000.0,183235000.0,1327305000.0,1264673000.0,-222650000.0,1042023000.0,3041278000.0,124100000.0,122480000.0,126247000.0
Pioneer Natural Resources Co,PXD,FY8JBF7CCL2VE4F1B628,1038357,2012.0,Q1,2012-01-01,2012-03-31,2013-05-08 08:28:55+00:00,1.73,1.73,0.04,181418000.0,1.68,53287000.0,117703000.0,,220958000.0,210263000.0,10695000.0,214619000.0,6339000.0,131781000.0,718956000.0,-1699000.0,48226000.0,91750000.0,-43596000.0,63067000.0,131781000.0,678925000.0,46858000.0,302402000.0,376523000.0,-48557000.0,327966000.0,810706000.0,124100000.0,122480000.0,126247000.0
Pioneer Natural Resources Co,PXD,FY8JBF7CCL2VE4F1B628,1038357,2013.0,Q4,2013-10-01,2013-12-31,,-10.0,-10.0,,152387000.0,-9.96,1508891000.0,-522591000.0,,-1357756000.0,-920221000.0,-437535000.0,-1367051000.0,9295000.0,394032000.0,1064691000.0,-71993000.0,32421000.0,4333000.0,214917000.0,91873000.0,394032000.0,674992000.0,45322000.0,2000489000.0,-1325497000.0,-117315000.0,-1442812000.0,1069024000.0,136000000.0,136000000.0,136000000.0
Pioneer Natural Resources Co,PXD,FY8JBF7CCL2VE4F1B628,1038357,2013.0,FY,2013-01-01,2013-12-31,2015-02-19 17:30:17+00:00,-6.16,-6.16,0.08,889000000.0,-6.16,1592000000.0,-213000000.0,,-799000000.0,-361000000.0,-438000000.0,-838000000.0,39000000.0,924000000.0,3648000000.0,-137000000.0,204000000.0,4000000.0,,296000000.0,924000000.0,2728000000.0,184000000.0,2981000000.0,-253000000.0,-321000000.0,-574000000.0,3652000000.0,136000000.0,136000000.0,136000000.0
Pioneer Natural Resources Co,PXD,FY8JBF7CCL2VE4F1B628,1038357,2013.0,Q3YTD,2013-01-01,2013-09-30,,3.84,3.84,0.08,736613000.0,3.8,83109000.0,309591000.0,,558756000.0,559221000.0,-465000.0,529051000.0,29705000.0,529968000.0,2583309000.0,-65007000.0,171579000.0,-333000.0,-214917000.0,204127000.0,529968000.0,2053008000.0,138678000.0,980511000.0,1072497000.0,-203685000.0,868812000.0,2582976000.0,140200000.0,138586000.0,138946000.0
Pioneer Natural Resources Co,PXD,FY8JBF7CCL2VE4F1B628,1038357,2013.0,Q3TTM,2012-10-01,2013-09-30,,4.07,4.07,0.08,839010000.0,4.04,-381888000.0,516588000.0,,598636000.0,957463000.0,-358827000.0,557600000.0,41036000.0,710098000.0,3152970000.0,-92826000.0,202009000.0,86099000.0,-156944000.0,267536000.0,710098000.0,2528971000.0,192371000.0,769723000.0,1759248000.0,-285197000.0,1474051000.0,3239069000.0,140200000.0,138586000.0,138946000.0
Pioneer Natural Resources Co,PXD,FY8JBF7CCL2VE4F1B628,1038357,2013.0,Q3,2013-07-01,2013-09-30,2014-11-04 16:04:27+00:00,0.65,0.65,0.04,222000000.0,0.65,30000000.0,48000000.0,,98000000.0,79000000.0,19000000.0,91000000.0,7000000.0,235000000.0,902000000.0,-16000000.0,52000000.0,-102000000.0,1000000.0,72000000.0,235000000.0,565000000.0,45000000.0,377000000.0,188000000.0,-61000000.0,127000000.0,800000000.0,140000000.0,139000000.0,139000000.0
Pioneer Natural Resources Co,PXD,FY8JBF7CCL2VE4F1B628,1038357,2013.0,Q2YTD,2013-01-01,2013-06-30,,3.19,3.19,0.04,480353000.0,3.15,51600000.0,251358000.0,,460209000.0,460674000.0,-465000.0,437926000.0,22283000.0,348628000.0,1653465000.0,-40060000.0,114453000.0,102202000.0,-215404000.0,130405000.0,348628000.0,1407039000.0,93540000.0,561407000.0,845632000.0,-133600000.0,712032000.0,1755667000.0,139400000.0,137539000.0,138829000.0
Pioneer Natural Resources Co,PXD,FY8JBF7CCL2VE4F1B628,1038357,2013.0,Q2TTM,2012-07-01,2013-06-30,,3.57,3.57,0.08,787014000.0,3.54,-386745000.0,466741000.0,,521788000.0,845965000.0,-324177000.0,485699000.0,36089000.0,705469000.0,2937281000.0,-99802000.0,196288000.0,64640000.0,-170668000.0,256381000.0,705469000.0,2296452000.0,201674000.0,682270000.0,1614182000.0,-301476000.0,1312706000.0,3001921000.0,139400000.0,137539000.0,138829000.0
Pioneer Natural Resources Co,PXD,FY8JBF7CCL2VE4F1B628,1038357,2013.0,Q2,2013-04-01,2013-06-30,2014-08-06 16:34:37+00:00,2.42,2.42,0.0,225000000.0,2.4,18000000.0,183000000.0,,351000000.0,340000000.0,11000000.0,337000000.0,14000000.0,208000000.0,837000000.0,-27000000.0,54000000.0,144000000.0,-183000000.0,66000000.0,208000000.0,773000000.0,43000000.0,180000000.0,593000000.0,-70000000.0,523000000.0,981000000.0,139300000.0,138000000.0,139000000.0
Pioneer Natural Resources Co,PXD,FY8JBF7CCL2VE4F1B628,1038357,2013.0,Q1TTM,2012-04-01,2013-03-31,,0.58,0.58,0.08,738345000.0,0.57,71340000.0,229626000.0,,130777000.0,442937000.0,-312160000.0,78044000.0,52733000.0,682819000.0,2738766000.0,-111742000.0,186224000.0,196007000.0,19179000.0,244684000.0,682819000.0,2251954000.0,207877000.0,1259772000.0,992182000.0,-319619000.0,672563000.0,2934773000.0,130700000.0,128940000.0,132751000.0
Pioneer Natural Resources Co,PXD,FY8JBF7CCL2VE4F1B628,1038357,2013.0,Q1,2013-01-01,2013-03-31,2014-05-08 18:59:01+00:00,0.77,0.77,0.04,212000000.0,0.75,18000000.0,50000000.0,,109000000.0,93000000.0,16000000.0,101000000.0,8000000.0,206000000.0,785000000.0,-20000000.0,55000000.0,-42000000.0,-24000000.0,62000000.0,206000000.0,537000000.0,51000000.0,323000000.0,214000000.0,-71000000.0,143000000.0,743000000.0,131200000.0,129000000.0,133000000.0
Pioneer Natural Resources Co,PXD,FY8JBF7CCL2VE4F1B628,1038357,2014.0,FY,2014-01-01,2014-12-31,2017-02-17 15:22:21+00:00,6.4,6.4,0.08,1047000000.0,6.38,177000000.0,556000000.0,,930000000.0,1041000000.0,-111000000.0,930000000.0,,1396000000.0,4360000000.0,-106000000.0,232000000.0,712000000.0,,333000000.0,1396000000.0,3676000000.0,184000000.0,1789000000.0,1887000000.0,-290000000.0,1597000000.0,5072000000.0,145300000.0,144000000.0,144000000.0
Pioneer Natural Resources Co,PXD,FY8JBF7CCL2VE4F1B628,1038357,2014.0,Q4,2014-10-01,2014-12-31,,2.96,2.96,,309000000.0,2.94,96000000.0,235000000.0,,432000000.0,426000000.0,6000000.0,432000000.0,,361000000.0,981000000.0,-54000000.0,52000000.0,693000000.0,6000000.0,89000000.0,361000000.0,1313000000.0,46000000.0,552000000.0,761000000.0,-100000000.0,661000000.0,1674000000.0,145300000.0,144000000.0,144000000.0
Pioneer Natural Resources Co,PXD,FY8JBF7CCL2VE4F1B628,1038357,2014.0,Q3TTM,2013-10-01,2014-09-30,,-6.56,-6.56,0.08,890387000.0,-6.52,1589891000.0,-201591000.0,,-859756000.0,-305221000.0,-554535000.0,-869051000.0,9295000.0,1429032000.0,4443691000.0,-123993000.0,212421000.0,23333000.0,208917000.0,335873000.0,1429032000.0,3037992000.0,183322000.0,3237489000.0,-199497000.0,-307315000.0,-506812000.0,4467024000.0,145000000.0,143000000.0,143000000.0
Pioneer Natural Resources Co,PXD,FY8JBF7CCL2VE4F1B628,1038357,2014.0,Q3,2014-07-01,2014-09-30,2015-11-03 16:51:32+00:00,2.58,2.58,0.04,274000000.0,2.58,22000000.0,236000000.0,,374000000.0,411000000.0,-37000000.0,374000000.0,,362000000.0,1172000000.0,-20000000.0,61000000.0,341000000.0,,81000000.0,362000000.0,1151000000.0,46000000.0,438000000.0,713000000.0,-66000000.0,647000000.0,1513000000.0,145000000.0,143000000.0,143000000.0
Pioneer Natural Resources Co,PXD,FY8JBF7CCL2VE4F1B628,1038357,2014.0,Q3YTD,2014-01-01,2014-09-30,,3.44,3.44,0.08,738000000.0,3.44,81000000.0,321000000.0,,498000000.0,615000000.0,-117000000.0,498000000.0,,1035000000.0,3379000000.0,-52000000.0,180000000.0,19000000.0,-6000000.0,244000000.0,1035000000.0,2363000000.0,138000000.0,1237000000.0,1126000000.0,-190000000.0,936000000.0,3398000000.0,145000000.0,143000000.0,143000000.0
Pioneer Natural Resources Co,PXD,FY8JBF7CCL2VE4F1B628,1038357,2014.0,Q2,2014-04-01,2014-06-30,2015-08-06 18:00:21+00:00,0.01,0.01,0.0,243000000.0,0.01,28000000.0,32000000.0,,1000000.0,55000000.0,-54000000.0,1000000.0,,365000000.0,1150000000.0,-21000000.0,59000000.0,-218000000.0,,82000000.0,365000000.0,567000000.0,47000000.0,412000000.0,155000000.0,-68000000.0,87000000.0,932000000.0,100000000.0,143000000.0,143000000.0
Pioneer Natural Resources Co,PXD,FY8JBF7CCL2VE4F1B628,1038357,2014.0,Q2YTD,2014-01-01,2014-06-30,,0.86,0.86,0.04,464000000.0,0.86,59000000.0,85000000.0,,124000000.0,204000000.0,-80000000.0,124000000.0,,673000000.0,2207000000.0,-32000000.0,119000000.0,-322000000.0,-6000000.0,163000000.0,673000000.0,1212000000.0,92000000.0,799000000.0,413000000.0,-124000000.0,289000000.0,1885000000.0,100000000.0,143000000.0,143000000.0
Pioneer Natural Resources Co,PXD,FY8JBF7CCL2VE4F1B628,1038357,2014.0,Q2TTM,2013-07-01,2014-06-30,,-8.49,-8.49,0.08,872647000.0,-8.45,1599400000.0,-379358000.0,,-1135209000.0,-617674000.0,-517535000.0,-1151926000.0,16717000.0,1248372000.0,4201535000.0,-128940000.0,208547000.0,-420202000.0,209404000.0,328595000.0,1248372000.0,2532961000.0,182460000.0,3218593000.0,-685632000.0,-311400000.0,-997032000.0,3781333000.0,100000000.0,143000000.0,143000000.0
Pioneer Natural Resources Co,PXD,FY8JBF7CCL2VE4F1B628,1038357,2014.0,Q1,2014-01-01,2014-03-31,2015-05-07 16:49:11+00:00,0.85,0.85,0.04,217000000.0,0.85,31000000.0,51000000.0,,123000000.0,145000000.0,-22000000.0,123000000.0,,301000000.0,1048000000.0,-15000000.0,58000000.0,-104000000.0,,81000000.0,301000000.0,643000000.0,45000000.0,387000000.0,256000000.0,-60000000.0,196000000.0,944000000.0,144700000.0,143000000.0,143000000.0
Pioneer Natural Resources Co,PXD,FY8JBF7CCL2VE4F1B628,1038357,2014.0,Q1TTM,2013-04-01,2014-03-31,,-6.08,-6.08,0.08,879237000.0,-6.06,1595373000.0,-219329000.0,,-784735000.0,-321200000.0,-463535000.0,-815663000.0,30928000.0,1062860000.0,3897830000.0,-126651000.0,206550000.0,-57757000.0,18417000.0,313249000.0,1062860000.0,2777213000.0,178265000.0,3012826000.0,-235613000.0,-304916000.0,-540529000.0,3840073000.0,144700000.0,143000000.0,143000000.0
Pioneer Natural Resources Co,PXD,FY8JBF7CCL2VE4F1B628,1038357,2015.0,FY,2015-01-01,2015-12-31,2018-02-20 16:54:07+00:00,-1.83,-1.83,0.08,1385000000.0,-1.83,1155000000.0,-155000000.0,,-273000000.0,-266000000.0,-7000000.0,-273000000.0,,1456000000.0,3682000000.0,-315000000.0,157000000.0,879000000.0,,327000000.0,1456000000.0,3105000000.0,187000000.0,3024000000.0,81000000.0,-502000000.0,-421000000.0,4561000000.0,149000000.0,149200000.0,149200000.0
Pioneer Natural Resources Co,PXD,FY8JBF7CCL2VE4F1B628,1038357,2015.0,Q4,2015-10-01,2015-12-31,,-4.13,-4.13,,382000000.0,-4.12,867000000.0,-350000000.0,,-623000000.0,-623000000.0,,-623000000.0,,240000000.0,549000000.0,-129000000.0,36000000.0,262000000.0,,81000000.0,240000000.0,571000000.0,49000000.0,1366000000.0,-795000000.0,-178000000.0,-973000000.0,811000000.0,149000000.0,149200000.0,149200000.0
Pioneer Natural Resources Co,PXD,FY8JBF7CCL2VE4F1B628,1038357,2015.0,Q3,2015-07-01,2015-09-30,2016-11-02 16:31:39+00:00,4.28,4.28,0.04,364000000.0,4.27,97000000.0,355000000.0,,646000000.0,648000000.0,-2000000.0,646000000.0,,528000000.0,1664000000.0,-79000000.0,39000000.0,573000000.0,,81000000.0,528000000.0,1709000000.0,46000000.0,581000000.0,1128000000.0,-125000000.0,1003000000.0,2237000000.0,150900000.0,149000000.0,150000000.0
Pioneer Natural Resources Co,PXD,FY8JBF7CCL2VE4F1B628,1038357,2015.0,Q3YTD,2015-01-01,2015-09-30,,2.3,2.3,0.08,1003000000.0,2.29,288000000.0,195000000.0,,350000000.0,357000000.0,-7000000.0,350000000.0,,1216000000.0,3133000000.0,-186000000.0,121000000.0,617000000.0,,246000000.0,1216000000.0,2534000000.0,138000000.0,1658000000.0,876000000.0,-324000000.0,552000000.0,3750000000.0,150900000.0,149000000.0,150000000.0
Pioneer Natural Resources Co,PXD,FY8JBF7CCL2VE4F1B628,1038357,2015.0,Q3TTM,2014-10-01,2015-09-30,,5.26,5.26,0.08,1312000000.0,5.23,384000000.0,430000000.0,,782000000.0,783000000.0,-1000000.0,782000000.0,,1577000000.0,4114000000.0,-240000000.0,173000000.0,1310000000.0,6000000.0,335000000.0,1577000000.0,3847000000.0,184000000.0,2210000000.0,1637000000.0,-424000000.0,1213000000.0,5424000000.0,150900000.0,149000000.0,150000000.0
Pioneer Natural Resources Co,PXD,FY8JBF7CCL2VE4F1B628,1038357,2015.0,Q2,2015-04-01,2015-06-30,2016-07-28 16:54:44+00:00,-1.46,-1.46,0.0,329000000.0,-1.46,28000000.0,-123000000.0,,-218000000.0,-217000000.0,-1000000.0,-218000000.0,,400000000.0,841000000.0,-58000000.0,40000000.0,-197000000.0,,83000000.0,400000000.0,244000000.0,46000000.0,480000000.0,-236000000.0,-104000000.0,-340000000.0,644000000.0,149300000.0,149000000.0,149000000.0
Pioneer Natural Resources Co,PXD,FY8JBF7CCL2VE4F1B628,1038357,2015.0,Q2YTD,2015-01-01,2015-06-30,,-1.98,-1.98,0.04,639000000.0,-1.98,191000000.0,-160000000.0,,-296000000.0,-291000000.0,-5000000.0,-296000000.0,,688000000.0,1469000000.0,-107000000.0,82000000.0,44000000.0,,165000000.0,688000000.0,825000000.0,92000000.0,1077000000.0,-252000000.0,-199000000.0,-451000000.0,1513000000.0,149300000.0,149000000.0,149000000.0
Pioneer Natural Resources Co,PXD,FY8JBF7CCL2VE4F1B628,1038357,2015.0,Q2TTM,2014-07-01,2015-06-30,,3.56,3.56,0.08,1222000000.0,3.54,309000000.0,311000000.0,,510000000.0,546000000.0,-36000000.0,510000000.0,,1411000000.0,3622000000.0,-181000000.0,195000000.0,1078000000.0,6000000.0,335000000.0,1411000000.0,3289000000.0,184000000.0,2067000000.0,1222000000.0,-365000000.0,857000000.0,4700000000.0,149300000.0,149000000.0,149000000.0
Pioneer Natural Resources Co,PXD,FY8JBF7CCL2VE4F1B628,1038357,2015.0,Q1TTM,2014-04-01,2015-03-31,,5.03,5.03,0.08,1136000000.0,5.01,309000000.0,466000000.0,,729000000.0,818000000.0,-89000000.0,729000000.0,,1376000000.0,3931000000.0,-144000000.0,214000000.0,1057000000.0,6000000.0,334000000.0,1376000000.0,3612000000.0,185000000.0,1999000000.0,1613000000.0,-329000000.0,1284000000.0,4988000000.0,150000000.0,149000000.0,149000000.0
Pioneer Natural Resources Co,PXD,FY8JBF7CCL2VE4F1B628,1038357,2015.0,Q1,2015-01-01,2015-03-31,2016-04-28 17:31:41+00:00,-0.52,-0.52,0.04,310000000.0,-0.52,163000000.0,-37000000.0,,-78000000.0,-74000000.0,-4000000.0,-78000000.0,,288000000.0,628000000.0,-49000000.0,42000000.0,241000000.0,,82000000.0,288000000.0,581000000.0,46000000.0,597000000.0,-16000000.0,-95000000.0,-111000000.0,869000000.0,150000000.0,149000000.0,149000000.0
Pioneer Natural Resources Co,PXD,FY8JBF7CCL2VE4F1B628,1038357,2016.0,FY,2016-01-01,2016-12-31,2019-02-26 17:08:48+00:00,-3.34,-3.34,0.08,1480000000.0,-3.34,151000000.0,-403000000.0,,-556000000.0,-556000000.0,,-556000000.0,0.0,1872000000.0,3511000000.0,-288000000.0,18000000.0,-129000000.0,,325000000.0,1872000000.0,1510000000.0,207000000.0,1974000000.0,-464000000.0,-495000000.0,-959000000.0,3382000000.0,166000000.0,166500000.0,166500000.0
Pioneer Natural Resources Co,PXD,FY8JBF7CCL2VE4F1B628,1038357,2016.0,Q4,2016-10-01,2016-12-31,,-0.19,-0.19,,357000000.0,-0.19,23000000.0,-41000000.0,,-43000000.0,-43000000.0,,-43000000.0,,323000000.0,759000000.0,-65000000.0,-94000000.0,-34000000.0,,89000000.0,323000000.0,402000000.0,46000000.0,375000000.0,27000000.0,-111000000.0,-84000000.0,725000000.0,166000000.0,166500000.0,166500000.0
Pioneer Natural Resources Co,PXD,FY8JBF7CCL2VE4F1B628,1038357,2016.0,Q3,2016-07-01,2016-09-30,2017-11-03 11:57:17+00:00,0.13,0.13,0.04,386000000.0,0.13,19000000.0,-78000000.0,,22000000.0,22000000.0,,22000000.0,,599000000.0,1095000000.0,-69000000.0,37000000.0,91000000.0,,82000000.0,599000000.0,587000000.0,50000000.0,524000000.0,63000000.0,-119000000.0,-56000000.0,1186000000.0,170000000.0,170000000.0,169200000.0
Pioneer Natural Resources Co,PXD,FY8JBF7CCL2VE4F1B628,1038357,2016.0,Q3YTD,2016-01-01,2016-09-30,,-3.15,-3.15,0.08,1123000000.0,-3.15,128000000.0,-362000000.0,,-513000000.0,-513000000.0,,-513000000.0,,1549000000.0,2752000000.0,-223000000.0,112000000.0,-95000000.0,,236000000.0,1549000000.0,1108000000.0,161000000.0,1599000000.0,-491000000.0,-384000000.0,-875000000.0,2657000000.0,170000000.0,170000000.0,169200000.0
Pioneer Natural Resources Co,PXD,FY8JBF7CCL2VE4F1B628,1038357,2016.0,Q3TTM,2015-10-01,2016-09-30,,-7.28,-7.28,0.08,1505000000.0,-7.27,995000000.0,-712000000.0,,-1136000000.0,-1136000000.0,,-1136000000.0,,1789000000.0,3301000000.0,-352000000.0,148000000.0,167000000.0,,317000000.0,1789000000.0,1679000000.0,210000000.0,2965000000.0,-1286000000.0,-562000000.0,-1848000000.0,3468000000.0,170000000.0,170000000.0,169200000.0
Pioneer Natural Resources Co,PXD,FY8JBF7CCL2VE4F1B628,1038357,2016.0,Q2,2016-04-01,2016-06-30,2017-08-01 17:15:21+00:00,-1.63,-1.63,0.0,384000000.0,-1.63,18000000.0,-143000000.0,,-268000000.0,-268000000.0,,-268000000.0,,551000000.0,1015000000.0,-67000000.0,41000000.0,-229000000.0,,80000000.0,551000000.0,235000000.0,56000000.0,523000000.0,-288000000.0,-123000000.0,-411000000.0,786000000.0,164400000.0,164000000.0,164000000.0
Pioneer Natural Resources Co,PXD,FY8JBF7CCL2VE4F1B628,1038357,2016.0,Q2YTD,2016-01-01,2016-06-30,,-3.28,-3.28,0.04,737000000.0,-3.28,109000000.0,-284000000.0,,-535000000.0,-535000000.0,,-535000000.0,,950000000.0,1657000000.0,-154000000.0,75000000.0,-186000000.0,,154000000.0,950000000.0,521000000.0,111000000.0,1075000000.0,-554000000.0,-265000000.0,-819000000.0,1471000000.0,164400000.0,164000000.0,164000000.0
Pioneer Natural Resources Co,PXD,FY8JBF7CCL2VE4F1B628,1038357,2016.0,Q2TTM,2015-07-01,2016-06-30,,-3.13,-3.13,0.08,1483000000.0,-3.13,1073000000.0,-279000000.0,,-512000000.0,-510000000.0,-2000000.0,-512000000.0,,1718000000.0,3870000000.0,-362000000.0,150000000.0,649000000.0,,316000000.0,1718000000.0,2801000000.0,206000000.0,3022000000.0,-221000000.0,-568000000.0,-789000000.0,4519000000.0,164400000.0,164000000.0,164000000.0
Pioneer Natural Resources Co,PXD,FY8JBF7CCL2VE4F1B628,1038357,2016.0,Q1,2016-01-01,2016-03-31,2017-05-03 16:29:07+00:00,-1.65,-1.65,0.04,353000000.0,-1.65,91000000.0,-141000000.0,,-267000000.0,-267000000.0,,-267000000.0,,399000000.0,642000000.0,-87000000.0,34000000.0,43000000.0,,74000000.0,399000000.0,286000000.0,55000000.0,552000000.0,-266000000.0,-142000000.0,-408000000.0,685000000.0,161800000.0,162000000.0,162000000.0
Pioneer Natural Resources Co,PXD,FY8JBF7CCL2VE4F1B628,1038357,2016.0,Q1TTM,2015-04-01,2016-03-31,,-2.96,-2.96,0.08,1428000000.0,-2.96,1083000000.0,-259000000.0,,-462000000.0,-459000000.0,-3000000.0,-462000000.0,,1567000000.0,3696000000.0,-353000000.0,149000000.0,681000000.0,,319000000.0,1567000000.0,2810000000.0,196000000.0,2979000000.0,-169000000.0,-549000000.0,-718000000.0,4377000000.0,161800000.0,162000000.0,162000000.0
Pioneer Natural Resources Co,PXD,FY8JBF7CCL2VE4F1B628,1038357,2017.0,FY,2017-01-01,2017-12-31,2020-02-24 06:08:44+00:00,4.86,4.86,0.08,1400000000.0,4.85,391000000.0,-524000000.0,,833000000.0,833000000.0,,833000000.0,0.0,2613000000.0,5502000000.0,-244000000.0,19000000.0,-47000000.0,,326000000.0,2613000000.0,2842000000.0,153000000.0,2136000000.0,706000000.0,-397000000.0,309000000.0,5455000000.0,170000000.0,171400000.0,171800000.0
Pioneer Natural Resources Co,PXD,FY8JBF7CCL2VE4F1B628,1038357,2017.0,Q4,2017-10-01,2017-12-31,,3.88,3.88,,367000000.0,3.87,29000000.0,-603000000.0,,665000000.0,665000000.0,,665000000.0,,980000000.0,1743000000.0,-67000000.0,-94000000.0,-217000000.0,,80000000.0,980000000.0,546000000.0,35000000.0,382000000.0,164000000.0,-102000000.0,62000000.0,1526000000.0,170000000.0,171400000.0,171800000.0
Pioneer Natural Resources Co,PXD,FY8JBF7CCL2VE4F1B628,1038357,2017.0,Q3,2017-07-01,2017-09-30,2018-11-08 18:33:38+00:00,-0.13,-0.13,0.04,355000000.0,-0.13,18000000.0,-11000000.0,,-23000000.0,-23000000.0,,-23000000.0,0.0,647000000.0,1283000000.0,-58000000.0,5000000.0,-116000000.0,,81000000.0,647000000.0,520000000.0,37000000.0,459000000.0,61000000.0,-95000000.0,-34000000.0,1167000000.0,170000000.0,176900000.0,176900000.0
Pioneer Natural Resources Co,PXD,FY8JBF7CCL2VE4F1B628,1038357,2017.0,Q3YTD,2017-01-01,2017-09-30,,0.98,0.98,0.08,1033000000.0,0.98,362000000.0,79000000.0,,168000000.0,168000000.0,,168000000.0,,1633000000.0,3759000000.0,-177000000.0,113000000.0,170000000.0,,246000000.0,1633000000.0,2296000000.0,118000000.0,1754000000.0,542000000.0,-295000000.0,247000000.0,3929000000.0,170000000.0,176900000.0,176900000.0
Pioneer Natural Resources Co,PXD,FY8JBF7CCL2VE4F1B628,1038357,2017.0,Q3TTM,2016-10-01,2017-09-30,,0.79,0.79,0.08,1390000000.0,0.79,385000000.0,38000000.0,,125000000.0,125000000.0,,125000000.0,,1956000000.0,4518000000.0,-242000000.0,19000000.0,136000000.0,,335000000.0,1956000000.0,2698000000.0,164000000.0,2129000000.0,569000000.0,-406000000.0,163000000.0,4654000000.0,170000000.0,176900000.0,176900000.0
Pioneer Natural Resources Co,PXD,FY8JBF7CCL2VE4F1B628,1038357,2017.0,Q2,2017-04-01,2017-06-30,2018-08-09 17:08:59+00:00,1.36,1.36,0.0,341000000.0,1.36,26000000.0,121000000.0,,233000000.0,233000000.0,,233000000.0,0.0,510000000.0,1327000000.0,-59000000.0,56000000.0,135000000.0,,81000000.0,510000000.0,952000000.0,35000000.0,504000000.0,448000000.0,-94000000.0,354000000.0,1462000000.0,171300000.0,170000000.0,170000000.0
Pioneer Natural Resources Co,PXD,FY8JBF7CCL2VE4F1B628,1038357,2017.0,Q2YTD,2017-01-01,2017-06-30,,1.11,1.11,0.04,678000000.0,1.11,344000000.0,90000000.0,,191000000.0,191000000.0,,191000000.0,,986000000.0,2476000000.0,-119000000.0,108000000.0,286000000.0,,165000000.0,986000000.0,1776000000.0,81000000.0,1295000000.0,481000000.0,-200000000.0,281000000.0,2762000000.0,171300000.0,170000000.0,170000000.0
Pioneer Natural Resources Co,PXD,FY8JBF7CCL2VE4F1B628,1038357,2017.0,Q2TTM,2016-07-01,2017-06-30,,1.05,1.05,0.08,1421000000.0,1.05,386000000.0,-29000000.0,,170000000.0,170000000.0,,170000000.0,,1908000000.0,4330000000.0,-253000000.0,51000000.0,343000000.0,,336000000.0,1908000000.0,2765000000.0,177000000.0,2194000000.0,571000000.0,-430000000.0,141000000.0,4673000000.0,171300000.0,170000000.0,170000000.0
Pioneer Natural Resources Co,PXD,FY8JBF7CCL2VE4F1B628,1038357,2017.0,Q1,2017-01-01,2017-03-31,2018-05-04 16:17:55+00:00,-0.25,-0.25,0.04,337000000.0,-0.25,318000000.0,-31000000.0,,-42000000.0,-42000000.0,,-42000000.0,,476000000.0,1149000000.0,-60000000.0,52000000.0,151000000.0,,84000000.0,476000000.0,824000000.0,46000000.0,791000000.0,33000000.0,-106000000.0,-73000000.0,1300000000.0,168000000.0,170000000.0,170000000.0
Pioneer Natural Resources Co,PXD,FY8JBF7CCL2VE4F1B628,1038357,2017.0,Q1TTM,2016-04-01,2017-03-31,,-1.94,-1.94,0.08,1464000000.0,-1.94,378000000.0,-293000000.0,,-331000000.0,-331000000.0,,-331000000.0,,1949000000.0,4018000000.0,-261000000.0,36000000.0,-21000000.0,,335000000.0,1949000000.0,2048000000.0,198000000.0,2213000000.0,-165000000.0,-459000000.0,-624000000.0,3997000000.0,168000000.0,170000000.0,170000000.0
Pioneer Natural Resources Co,PXD,FY8JBF7CCL2VE4F1B628,1038357,2018.0,FY,2018-01-01,2018-12-31,2020-02-24 06:08:44+00:00,5.71,5.71,0.32,1534000000.0,5.7,191000000.0,276000000.0,,975000000.0,975000000.0,,978000000.0,-3000000.0,5069000000.0,9669000000.0,-849000000.0,14000000.0,-254000000.0,,381000000.0,5069000000.0,4346000000.0,126000000.0,2120000000.0,2226000000.0,-975000000.0,1251000000.0,9415000000.0,171000000.0,171300000.0,171600000.0
Pioneer Natural Resources Co,PXD,FY8JBF7CCL2VE4F1B628,1038357,2019.0,Q4,2019-10-01,2019-12-31,,2.07,2.07,0.44,440000000.0,2.07,12000000.0,103000000.0,,344000000.0,344000000.0,,344000000.0,,1571000000.0,2675000000.0,-58000000.0,3000000.0,-41000000.0,-9000000.0,78000000.0,1571000000.0,1063000000.0,34000000.0,524000000.0,539000000.0,-92000000.0,447000000.0,2634000000.0,167000000.0,168000000.0,168000000.0
Pioneer Natural Resources Co,PXD,FY8JBF7CCL2VE4F1B628,1038357,2019.0,FY,2019-01-01,2019-12-31,2020-02-24 06:08:44+00:00,4.5,4.5,1.2,1711000000.0,4.5,58000000.0,231000000.0,,756000000.0,756000000.0,,756000000.0,0.0,5645000000.0,9194000000.0,-448000000.0,10000000.0,110000000.0,,324000000.0,5645000000.0,3659000000.0,121000000.0,2103000000.0,1556000000.0,-569000000.0,987000000.0,9304000000.0,167000000.0,168000000.0,168000000.0
Pioneer Natural Resources Co,PXD,FY8JBF7CCL2VE4F1B628,1038357,2019.0,Q3,2019-07-01,2019-09-30,2019-11-06 16:58:21+00:00,1.38,1.38,0.44,438000000.0,1.38,11000000.0,72000000.0,,231000000.0,231000000.0,,231000000.0,0.0,1438000000.0,2204000000.0,-32000000.0,2000000.0,121000000.0,,72000000.0,1438000000.0,887000000.0,29000000.0,523000000.0,364000000.0,-61000000.0,303000000.0,2325000000.0,167400000.0,167000000.0,167000000.0
Pioneer Natural Resources Co,PXD,FY8JBF7CCL2VE4F1B628,1038357,2019.0,Q3YTD,2019-01-01,2019-09-30,,2.43,2.43,0.76,1271000000.0,2.43,46000000.0,128000000.0,,412000000.0,412000000.0,,412000000.0,,4074000000.0,6519000000.0,-390000000.0,7000000.0,151000000.0,9000000.0,246000000.0,4074000000.0,2596000000.0,87000000.0,1579000000.0,1017000000.0,-477000000.0,540000000.0,6670000000.0,167400000.0,167000000.0,167000000.0
Pioneer Natural Resources Co,PXD,FY8JBF7CCL2VE4F1B628,1038357,2019.0,Q2,2019-04-01,2019-06-30,2019-08-08 18:45:31+00:00,-1.01,-1.01,0.0,412000000.0,-1.01,15000000.0,-47000000.0,,-169000000.0,-169000000.0,,-169000000.0,0.0,1390000000.0,1880000000.0,-211000000.0,2000000.0,43000000.0,,80000000.0,1390000000.0,533000000.0,29000000.0,509000000.0,24000000.0,-240000000.0,-216000000.0,1923000000.0,167300000.0,168000000.0,168000000.0
Pioneer Natural Resources Co,PXD,FY8JBF7CCL2VE4F1B628,1038357,2019.0,Q2YTD,2019-01-01,2019-06-30,,1.05,1.05,0.32,833000000.0,1.05,35000000.0,56000000.0,,181000000.0,181000000.0,,181000000.0,,2636000000.0,4315000000.0,-358000000.0,5000000.0,30000000.0,9000000.0,174000000.0,2636000000.0,1709000000.0,58000000.0,1056000000.0,653000000.0,-416000000.0,237000000.0,4345000000.0,167300000.0,168000000.0,168000000.0
Pioneer Natural Resources Co,PXD,FY8JBF7CCL2VE4F1B628,1038357,2019.0,Q1,2019-01-01,2019-03-31,2020-05-08 14:35:44+00:00,2.06,2.06,0.32,421000000.0,2.06,20000000.0,103000000.0,,350000000.0,350000000.0,,350000000.0,,1246000000.0,2435000000.0,-147000000.0,3000000.0,-13000000.0,9000000.0,94000000.0,1246000000.0,1176000000.0,29000000.0,547000000.0,629000000.0,-176000000.0,453000000.0,2422000000.0,169000000.0,169900000.0,169900000.0
Pioneer Natural Resources Co,PXD,FY8JBF7CCL2VE4F1B628,1038357,2020.0,Q1TTM,2019-04-01,2020-03-31,,4.18,4.18,1.43,1724000000.0,4.18,47000000.0,204000000.0,,695000000.0,695000000.0,,695000000.0,,5678000000.0,8563000000.0,-386000000.0,9000000.0,576000000.0,-9000000.0,286000000.0,5678000000.0,3461000000.0,119000000.0,2057000000.0,1404000000.0,-505000000.0,899000000.0,9139000000.0,166000000.0,166100000.0,166100000.0
Pioneer Natural Resources Co,PXD,FY8JBF7CCL2VE4F1B628,1038357,2020.0,Q1,2020-01-01,2020-03-31,2020-05-08 14:35:44+00:00,1.74,1.74,0.55,434000000.0,1.74,9000000.0,76000000.0,,289000000.0,289000000.0,,289000000.0,,1279000000.0,1804000000.0,-85000000.0,2000000.0,453000000.0,0.0,56000000.0,1279000000.0,978000000.0,27000000.0,501000000.0,477000000.0,-112000000.0,365000000.0,2257000000.0,166000000.0,166100000.0,166100000.0
