company_name,company_ticker,company_lei,company_cik,year,quarter,start_date,end_date,filing_date,amortizationexpense,basicdilutedeps,basiceps,cashdividendspershare,depreciationexpense,dilutedeps,impairmentexpense,incometaxexpense,netincome,netincomecontinuing,netincomediscontinued,netincometocommon,netincometononcontrollinginterest,operatingcostofrevenue,operatingrevenue,otherincome,otheroperatingexpenses,preferreddividends,sgaexpense,totalcostofrevenue,totalgrossprofit,totalinterestexpense,totalinterestincome,totaloperatingexpenses,totaloperatingincome,totalotherincome,totalpretaxincome,totalrevenue,weightedavebasicdilutedsharesos,weightedavebasicsharesos,weightedavedilutedsharesos
FirstEnergy Corp,FE,549300SVYJS666PQJH88,1031296,2007.0,FY,2007-01-01,2007-12-31,2010-02-18 19:40:30+00:00,1019000000.0,4.27,4.27,,638000000.0,4.22,,883000000.0,1312000000.0,1312000000.0,,1309000000.0,3000000.0,5014000000.0,12802000000.0,32000000.0,230000000.0,,3083000000.0,5014000000.0,7788000000.0,775000000.0,120000000.0,4970000000.0,2818000000.0,-623000000.0,2195000000.0,12802000000.0,306600000.0,306000000.0,310000000.0
FirstEnergy Corp,FE,549300SVYJS666PQJH88,1031296,2008.0,FY,2008-01-01,2008-12-31,2010-02-18 19:40:30+00:00,1053000000.0,4.41,4.41,,677000000.0,4.38,,777000000.0,1339000000.0,1339000000.0,,1342000000.0,-3000000.0,5631000000.0,13627000000.0,52000000.0,462000000.0,,3045000000.0,5631000000.0,7996000000.0,754000000.0,59000000.0,5237000000.0,2759000000.0,-643000000.0,2116000000.0,13627000000.0,304300000.0,304000000.0,307000000.0
FirstEnergy Corp,FE,549300SVYJS666PQJH88,1031296,2008.0,Q3,2008-07-01,2008-09-30,2009-11-06 17:42:59+00:00,291000000.0,1.55,1.55,1.1,168000000.0,1.54,,238000000.0,471000000.0,471000000.0,,471000000.0,,1662000000.0,3904000000.0,15000000.0,143000000.0,,794000000.0,1662000000.0,2242000000.0,192000000.0,40000000.0,1396000000.0,846000000.0,-137000000.0,709000000.0,3904000000.0,303900000.0,304000000.0,307000000.0
FirstEnergy Corp,FE,549300SVYJS666PQJH88,1031296,2008.0,Q2,2008-04-01,2008-06-30,2009-08-03 16:33:55+00:00,246000000.0,0.86,0.86,0.0,168000000.0,0.85,,160000000.0,263000000.0,263000000.0,,263000000.0,0.0,1386000000.0,3245000000.0,13000000.0,82000000.0,0.0,781000000.0,1386000000.0,1859000000.0,188000000.0,16000000.0,1277000000.0,582000000.0,-159000000.0,423000000.0,3245000000.0,305800000.0,304000000.0,307000000.0
FirstEnergy Corp,FE,549300SVYJS666PQJH88,1031296,2009.0,Q4,2009-10-01,2009-12-31,,114000000.0,0.35,0.35,-1.65,207000000.0,0.33,6000000.0,-246000000.0,103000000.0,103000000.0,,109000000.0,-6000000.0,1513000000.0,2960000000.0,35000000.0,625000000.0,,447000000.0,1513000000.0,1447000000.0,223000000.0,-3000000.0,1399000000.0,48000000.0,-191000000.0,-143000000.0,2960000000.0,303800000.0,304000000.0,306000000.0
FirstEnergy Corp,FE,549300SVYJS666PQJH88,1031296,2009.0,FY,2009-01-01,2009-12-31,2012-02-28 16:23:58+00:00,1019000000.0,2.87,2.87,,757000000.0,2.85,6000000.0,184000000.0,856000000.0,856000000.0,,872000000.0,-16000000.0,5883000000.0,12973000000.0,131000000.0,1074000000.0,,2551000000.0,5883000000.0,7090000000.0,978000000.0,204000000.0,5407000000.0,1683000000.0,-643000000.0,1040000000.0,12973000000.0,303800000.0,304000000.0,306000000.0
FirstEnergy Corp,FE,549300SVYJS666PQJH88,1031296,2009.0,Q3,2009-07-01,2009-09-30,2009-11-06 17:42:59+00:00,261000000.0,0.77,0.77,1.1,188000000.0,0.77,,128000000.0,230000000.0,230000000.0,,230000000.0,,1615000000.0,3408000000.0,35000000.0,192000000.0,,665000000.0,1615000000.0,1793000000.0,355000000.0,191000000.0,1306000000.0,487000000.0,-129000000.0,358000000.0,3408000000.0,298700000.0,304000000.0,306000000.0
FirstEnergy Corp,FE,549300SVYJS666PQJH88,1031296,2009.0,Q3YTD,2009-01-01,2009-09-30,,905000000.0,2.52,2.52,1.65,550000000.0,2.52,,430000000.0,753000000.0,753000000.0,,763000000.0,-10000000.0,4370000000.0,10013000000.0,96000000.0,449000000.0,,2104000000.0,4370000000.0,5643000000.0,755000000.0,207000000.0,4008000000.0,1635000000.0,-452000000.0,1183000000.0,10013000000.0,298700000.0,304000000.0,306000000.0
FirstEnergy Corp,FE,549300SVYJS666PQJH88,1031296,2009.0,Q2,2009-04-01,2009-06-30,2009-08-03 16:33:55+00:00,233000000.0,1.36,1.36,0.0,185000000.0,1.36,,248000000.0,408000000.0,408000000.0,,414000000.0,-6000000.0,1300000000.0,3271000000.0,33000000.0,139000000.0,0.0,612000000.0,1300000000.0,1971000000.0,206000000.0,27000000.0,1169000000.0,802000000.0,-146000000.0,656000000.0,3271000000.0,304400000.0,304000000.0,305000000.0
FirstEnergy Corp,FE,549300SVYJS666PQJH88,1031296,2009.0,Q2YTD,2009-01-01,2009-06-30,,644000000.0,1.75,1.75,0.55,362000000.0,1.75,,302000000.0,523000000.0,523000000.0,,533000000.0,-10000000.0,2755000000.0,6605000000.0,61000000.0,257000000.0,,1439000000.0,2755000000.0,3850000000.0,400000000.0,16000000.0,2702000000.0,1148000000.0,-323000000.0,825000000.0,6605000000.0,304400000.0,304000000.0,305000000.0
FirstEnergy Corp,FE,549300SVYJS666PQJH88,1031296,2009.0,Q1,2009-01-01,2009-03-31,2010-05-04 17:04:45+00:00,411000000.0,0.39,0.39,0.55,177000000.0,0.39,,54000000.0,115000000.0,115000000.0,,119000000.0,-4000000.0,1455000000.0,3334000000.0,28000000.0,118000000.0,,827000000.0,1455000000.0,1879000000.0,194000000.0,-11000000.0,1533000000.0,346000000.0,-177000000.0,169000000.0,3334000000.0,305100000.0,304000000.0,306000000.0
FirstEnergy Corp,FE,549300SVYJS666PQJH88,1031296,2010.0,Q4,2010-10-01,2010-12-31,,187000000.0,0.47,0.47,-1.65,185000000.0,0.45,96000000.0,98000000.0,138000000.0,138000000.0,,143000000.0,-5000000.0,1398000000.0,3219000000.0,-122000000.0,365000000.0,,602000000.0,1398000000.0,1821000000.0,52000000.0,24000000.0,1435000000.0,386000000.0,-150000000.0,236000000.0,3219000000.0,304100000.0,304000000.0,305000000.0
FirstEnergy Corp,FE,549300SVYJS666PQJH88,1031296,2010.0,FY,2010-01-01,2010-12-31,2013-02-25 15:09:18+00:00,736000000.0,2.44,2.44,,750000000.0,2.42,388000000.0,462000000.0,718000000.0,718000000.0,,742000000.0,-24000000.0,6056000000.0,13339000000.0,,952000000.0,,2714000000.0,6056000000.0,7283000000.0,680000000.0,117000000.0,5540000000.0,1743000000.0,-563000000.0,1180000000.0,13339000000.0,304100000.0,304000000.0,305000000.0
FirstEnergy Corp,FE,549300SVYJS666PQJH88,1031296,2010.0,Q3,2010-07-01,2010-09-30,2010-10-26 16:53:48+00:00,176000000.0,0.59,0.59,1.1,182000000.0,0.59,292000000.0,119000000.0,175000000.0,175000000.0,,179000000.0,-4000000.0,1684000000.0,3693000000.0,41000000.0,206000000.0,,738000000.0,1684000000.0,2009000000.0,208000000.0,46000000.0,1594000000.0,415000000.0,-121000000.0,294000000.0,3693000000.0,303400000.0,304000000.0,305000000.0
FirstEnergy Corp,FE,549300SVYJS666PQJH88,1031296,2010.0,Q3YTD,2010-01-01,2010-09-30,,549000000.0,1.97,1.97,1.65,565000000.0,1.97,292000000.0,364000000.0,580000000.0,580000000.0,,599000000.0,-19000000.0,4658000000.0,10120000000.0,122000000.0,587000000.0,,2112000000.0,4658000000.0,5462000000.0,628000000.0,93000000.0,4105000000.0,1357000000.0,-413000000.0,944000000.0,10120000000.0,303400000.0,304000000.0,305000000.0
FirstEnergy Corp,FE,549300SVYJS666PQJH88,1031296,2010.0,Q3TTM,2009-10-01,2010-09-30,,663000000.0,2.32,2.32,,772000000.0,2.3,298000000.0,118000000.0,683000000.0,683000000.0,,708000000.0,-25000000.0,6171000000.0,13080000000.0,157000000.0,1212000000.0,,2559000000.0,6171000000.0,6909000000.0,851000000.0,90000000.0,5504000000.0,1405000000.0,-604000000.0,801000000.0,13080000000.0,303400000.0,304000000.0,305000000.0
FirstEnergy Corp,FE,549300SVYJS666PQJH88,1031296,2010.0,Q2,2010-04-01,2010-06-30,2010-08-03 16:32:08+00:00,161000000.0,0.87,0.87,0.0,190000000.0,0.87,,134000000.0,256000000.0,256000000.0,,265000000.0,-9000000.0,1402000000.0,3128000000.0,40000000.0,176000000.0,,673000000.0,1402000000.0,1726000000.0,207000000.0,31000000.0,1200000000.0,526000000.0,-136000000.0,390000000.0,3128000000.0,304600000.0,304000000.0,305000000.0
FirstEnergy Corp,FE,549300SVYJS666PQJH88,1031296,2010.0,Q2YTD,2010-01-01,2010-06-30,,373000000.0,1.38,1.38,0.55,383000000.0,1.38,,245000000.0,405000000.0,405000000.0,,420000000.0,-15000000.0,2974000000.0,6427000000.0,81000000.0,381000000.0,,1374000000.0,2974000000.0,3453000000.0,420000000.0,47000000.0,2511000000.0,942000000.0,-292000000.0,650000000.0,6427000000.0,304600000.0,304000000.0,305000000.0
FirstEnergy Corp,FE,549300SVYJS666PQJH88,1031296,2010.0,Q2TTM,2009-07-01,2010-06-30,,748000000.0,2.5,2.5,,778000000.0,2.48,6000000.0,127000000.0,738000000.0,738000000.0,,759000000.0,-21000000.0,6102000000.0,12795000000.0,151000000.0,1198000000.0,,2486000000.0,6102000000.0,6693000000.0,998000000.0,235000000.0,5216000000.0,1477000000.0,-612000000.0,865000000.0,12795000000.0,304600000.0,304000000.0,305000000.0
FirstEnergy Corp,FE,549300SVYJS666PQJH88,1031296,2010.0,Q1,2010-01-01,2010-03-31,2010-05-04 17:04:45+00:00,212000000.0,0.51,0.51,0.55,193000000.0,0.51,,111000000.0,149000000.0,149000000.0,,155000000.0,-6000000.0,1572000000.0,3299000000.0,41000000.0,205000000.0,,701000000.0,1572000000.0,1727000000.0,213000000.0,16000000.0,1311000000.0,416000000.0,-156000000.0,260000000.0,3299000000.0,303900000.0,304000000.0,306000000.0
FirstEnergy Corp,FE,549300SVYJS666PQJH88,1031296,2010.0,Q1TTM,2009-04-01,2010-03-31,,820000000.0,2.99,2.99,,773000000.0,2.97,6000000.0,241000000.0,890000000.0,890000000.0,,908000000.0,-18000000.0,6000000000.0,12938000000.0,144000000.0,1161000000.0,,2425000000.0,6000000000.0,6938000000.0,997000000.0,231000000.0,5185000000.0,1753000000.0,-622000000.0,1131000000.0,12938000000.0,303900000.0,304000000.0,306000000.0
FirstEnergy Corp,FE,549300SVYJS666PQJH88,1031296,2011.0,Q4,2011-10-01,2011-12-31,,130000000.0,1.61,0.42,0.55,268000000.0,0.41,404000000.0,76000000.0,144000000.0,131000000.0,13000000.0,143000000.0,1000000.0,1716000000.0,3750000000.0,-55000000.0,591000000.0,,787000000.0,1716000000.0,2034000000.0,175000000.0,583000000.0,2180000000.0,-146000000.0,353000000.0,207000000.0,3750000000.0,398600000.0,399000000.0,401000000.0
FirstEnergy Corp,FE,549300SVYJS666PQJH88,1031296,2011.0,FY,2011-01-01,2011-12-31,2014-02-27 15:10:55+00:00,474000000.0,2.22,2.22,2.2,1062000000.0,2.21,413000000.0,566000000.0,869000000.0,856000000.0,13000000.0,885000000.0,-16000000.0,7191000000.0,16105000000.0,,1339000000.0,,3949000000.0,7191000000.0,8914000000.0,938000000.0,683000000.0,7237000000.0,1677000000.0,-255000000.0,1422000000.0,16105000000.0,398600000.0,399000000.0,401000000.0
FirstEnergy Corp,FE,549300SVYJS666PQJH88,1031296,2011.0,Q3,2011-07-01,2011-09-30,2011-11-01 15:29:04+00:00,122000000.0,0.31,1.22,1.1,292000000.0,1.22,9000000.0,311000000.0,509000000.0,509000000.0,,511000000.0,-2000000.0,1981000000.0,4719000000.0,17000000.0,269000000.0,,1024000000.0,1981000000.0,2738000000.0,267000000.0,48000000.0,1716000000.0,1022000000.0,-202000000.0,820000000.0,4719000000.0,1648400000.0,418000000.0,420000000.0
FirstEnergy Corp,FE,549300SVYJS666PQJH88,1031296,2011.0,Q3YTD,2011-01-01,2011-09-30,,344000000.0,0.61,1.8,1.65,794000000.0,1.8,9000000.0,490000000.0,725000000.0,725000000.0,,742000000.0,-17000000.0,5475000000.0,12355000000.0,55000000.0,748000000.0,,3162000000.0,5475000000.0,6880000000.0,763000000.0,100000000.0,5057000000.0,1823000000.0,-608000000.0,1215000000.0,12355000000.0,1648400000.0,418000000.0,420000000.0
FirstEnergy Corp,FE,549300SVYJS666PQJH88,1031296,2011.0,Q3TTM,2010-10-01,2011-09-30,,531000000.0,1.08,2.27,,979000000.0,2.25,105000000.0,588000000.0,863000000.0,863000000.0,,885000000.0,-22000000.0,6873000000.0,15574000000.0,-67000000.0,1113000000.0,,3764000000.0,6873000000.0,8701000000.0,815000000.0,124000000.0,6492000000.0,2209000000.0,-758000000.0,1451000000.0,15574000000.0,1648400000.0,418000000.0,420000000.0
FirstEnergy Corp,FE,549300SVYJS666PQJH88,1031296,2011.0,Q2,2011-04-01,2011-06-30,2011-08-02 15:58:01+00:00,90000000.0,0.15,0.43,0.0,282000000.0,0.43,,101000000.0,171000000.0,171000000.0,,181000000.0,-10000000.0,1855000000.0,4060000000.0,20000000.0,242000000.0,,1105000000.0,1855000000.0,2205000000.0,265000000.0,31000000.0,1719000000.0,486000000.0,-214000000.0,272000000.0,4060000000.0,1206700000.0,418000000.0,420000000.0
FirstEnergy Corp,FE,549300SVYJS666PQJH88,1031296,2011.0,Q2YTD,2011-01-01,2011-06-30,,222000000.0,0.3,0.58,0.55,502000000.0,0.58,,179000000.0,216000000.0,216000000.0,,231000000.0,-15000000.0,3494000000.0,7636000000.0,38000000.0,479000000.0,,2138000000.0,3494000000.0,4142000000.0,496000000.0,52000000.0,3341000000.0,801000000.0,-406000000.0,395000000.0,7636000000.0,1206700000.0,418000000.0,420000000.0
FirstEnergy Corp,FE,549300SVYJS666PQJH88,1031296,2011.0,Q2TTM,2010-07-01,2011-06-30,,585000000.0,1.36,1.64,,869000000.0,1.62,388000000.0,396000000.0,529000000.0,529000000.0,,553000000.0,-24000000.0,6576000000.0,14548000000.0,-43000000.0,1050000000.0,,3478000000.0,6576000000.0,7972000000.0,756000000.0,122000000.0,6370000000.0,1602000000.0,-677000000.0,925000000.0,14548000000.0,1206700000.0,418000000.0,420000000.0
FirstEnergy Corp,FE,549300SVYJS666PQJH88,1031296,2011.0,Q1,2011-01-01,2011-03-31,2011-05-03 16:41:53+00:00,132000000.0,0.15,0.15,0.55,220000000.0,0.15,,78000000.0,45000000.0,45000000.0,,50000000.0,-5000000.0,1639000000.0,3576000000.0,18000000.0,237000000.0,,1033000000.0,1639000000.0,1937000000.0,231000000.0,21000000.0,1622000000.0,315000000.0,-192000000.0,123000000.0,3576000000.0,333300000.0,342000000.0,343000000.0
FirstEnergy Corp,FE,549300SVYJS666PQJH88,1031296,2011.0,Q1TTM,2010-04-01,2011-03-31,,656000000.0,2.08,2.08,,777000000.0,2.06,388000000.0,429000000.0,614000000.0,614000000.0,,637000000.0,-23000000.0,6123000000.0,13616000000.0,-23000000.0,984000000.0,,3046000000.0,6123000000.0,7493000000.0,698000000.0,122000000.0,5851000000.0,1642000000.0,-599000000.0,1043000000.0,13616000000.0,333300000.0,342000000.0,343000000.0
FirstEnergy Corp,FE,549300SVYJS666PQJH88,1031296,2012.0,FY,2012-01-01,2012-12-31,2015-02-17 16:32:21+00:00,-68000000.0,1.85,1.85,2.2,1119000000.0,1.84,0.0,545000000.0,771000000.0,755000000.0,16000000.0,770000000.0,1000000.0,6717000000.0,15255000000.0,,1593000000.0,,3760000000.0,6717000000.0,8538000000.0,911000000.0,77000000.0,6404000000.0,2134000000.0,-834000000.0,1300000000.0,15255000000.0,416200000.0,418000000.0,419000000.0
FirstEnergy Corp,FE,549300SVYJS666PQJH88,1031296,2012.0,Q4,2012-10-01,2012-12-31,,-266000000.0,-0.35,-0.35,0.55,260000000.0,-0.35,,-113000000.0,-148000000.0,-164000000.0,16000000.0,-148000000.0,,1069000000.0,2997000000.0,-17000000.0,832000000.0,,1178000000.0,1069000000.0,1928000000.0,198000000.0,14000000.0,2004000000.0,-76000000.0,-201000000.0,-277000000.0,2997000000.0,416200000.0,418000000.0,419000000.0
FirstEnergy Corp,FE,549300SVYJS666PQJH88,1031296,2012.0,Q3,2012-07-01,2012-09-30,2012-11-08 14:35:38+00:00,61000000.0,1.02,1.02,1.1,282000000.0,1.01,,309000000.0,425000000.0,425000000.0,,425000000.0,0.0,1948000000.0,4311000000.0,,257000000.0,,856000000.0,1948000000.0,2363000000.0,212000000.0,39000000.0,1456000000.0,907000000.0,-173000000.0,734000000.0,4311000000.0,416700000.0,417000000.0,419000000.0
FirstEnergy Corp,FE,549300SVYJS666PQJH88,1031296,2012.0,Q3YTD,2012-01-01,2012-09-30,,198000000.0,2.2,2.2,1.65,859000000.0,2.19,,658000000.0,919000000.0,919000000.0,,918000000.0,1000000.0,5648000000.0,12258000000.0,17000000.0,761000000.0,,2582000000.0,5648000000.0,6610000000.0,713000000.0,63000000.0,4400000000.0,2210000000.0,-633000000.0,1577000000.0,12258000000.0,416700000.0,417000000.0,419000000.0
FirstEnergy Corp,FE,549300SVYJS666PQJH88,1031296,2012.0,Q3TTM,2011-10-01,2012-09-30,,328000000.0,3.81,2.62,2.2,1127000000.0,2.6,404000000.0,734000000.0,1063000000.0,1050000000.0,13000000.0,1061000000.0,2000000.0,7364000000.0,16008000000.0,-38000000.0,1352000000.0,,3369000000.0,7364000000.0,8644000000.0,888000000.0,646000000.0,6580000000.0,2064000000.0,-280000000.0,1784000000.0,16008000000.0,416700000.0,417000000.0,419000000.0
FirstEnergy Corp,FE,549300SVYJS666PQJH88,1031296,2012.0,Q2,2012-04-01,2012-06-30,2012-08-07 14:58:45+00:00,62000000.0,0.45,0.45,0.0,292000000.0,0.45,,127000000.0,188000000.0,188000000.0,,187000000.0,1000000.0,1812000000.0,3869000000.0,,232000000.0,,914000000.0,1812000000.0,2057000000.0,255000000.0,13000000.0,1500000000.0,557000000.0,-242000000.0,315000000.0,3869000000.0,415600000.0,417000000.0,419000000.0
FirstEnergy Corp,FE,549300SVYJS666PQJH88,1031296,2012.0,Q2YTD,2012-01-01,2012-06-30,,137000000.0,1.18,1.18,0.55,577000000.0,1.18,,349000000.0,494000000.0,494000000.0,,493000000.0,1000000.0,3700000000.0,7947000000.0,17000000.0,504000000.0,,1726000000.0,3700000000.0,4247000000.0,501000000.0,24000000.0,2944000000.0,1303000000.0,-460000000.0,843000000.0,7947000000.0,415600000.0,417000000.0,419000000.0
FirstEnergy Corp,FE,549300SVYJS666PQJH88,1031296,2012.0,Q2TTM,2011-07-01,2012-06-30,,389000000.0,3.1,2.82,2.2,1137000000.0,2.81,413000000.0,736000000.0,1147000000.0,1134000000.0,13000000.0,1147000000.0,,7397000000.0,16416000000.0,-21000000.0,1364000000.0,,3537000000.0,7397000000.0,9019000000.0,943000000.0,655000000.0,6840000000.0,2179000000.0,-309000000.0,1870000000.0,16416000000.0,415600000.0,417000000.0,419000000.0
FirstEnergy Corp,FE,549300SVYJS666PQJH88,1031296,2012.0,Q1,2012-01-01,2012-03-31,2012-05-01 15:14:36+00:00,75000000.0,0.73,0.73,0.55,285000000.0,0.73,,222000000.0,306000000.0,306000000.0,,306000000.0,0.0,1888000000.0,4078000000.0,17000000.0,272000000.0,,812000000.0,1888000000.0,2190000000.0,246000000.0,11000000.0,1444000000.0,746000000.0,-218000000.0,528000000.0,4078000000.0,419200000.0,418000000.0,420000000.0
FirstEnergy Corp,FE,549300SVYJS666PQJH88,1031296,2012.0,Q1TTM,2011-04-01,2012-03-31,,417000000.0,2.8,2.8,2.2,1127000000.0,2.79,413000000.0,710000000.0,1130000000.0,1117000000.0,13000000.0,1141000000.0,-11000000.0,7440000000.0,16607000000.0,-1000000.0,1374000000.0,,3728000000.0,7440000000.0,9167000000.0,953000000.0,673000000.0,7059000000.0,2108000000.0,-281000000.0,1827000000.0,16607000000.0,419200000.0,418000000.0,420000000.0
FirstEnergy Corp,FE,549300SVYJS666PQJH88,1031296,2013.0,FY,2013-01-01,2013-12-31,2015-02-17 16:32:21+00:00,539000000.0,0.94,0.94,1.65,1202000000.0,0.94,795000000.0,195000000.0,392000000.0,375000000.0,17000000.0,392000000.0,0.0,6459000000.0,14892000000.0,,722000000.0,,3593000000.0,6459000000.0,8433000000.0,1045000000.0,33000000.0,6851000000.0,1582000000.0,-1012000000.0,570000000.0,14892000000.0,417000000.0,418000000.0,419000000.0
FirstEnergy Corp,FE,549300SVYJS666PQJH88,1031296,2013.0,Q4,2013-10-01,2013-12-31,,96000000.0,0.34,0.34,,290000000.0,0.34,322000000.0,60000000.0,142000000.0,134000000.0,8000000.0,142000000.0,,1619000000.0,3608000000.0,,-26000000.0,,945000000.0,1619000000.0,1989000000.0,193000000.0,25000000.0,1627000000.0,362000000.0,-168000000.0,194000000.0,3608000000.0,417000000.0,418000000.0,419000000.0
FirstEnergy Corp,FE,549300SVYJS666PQJH88,1031296,2013.0,Q3,2013-07-01,2013-09-30,2013-11-05 15:02:41+00:00,312000000.0,0.52,0.52,1.1,316000000.0,0.52,0.0,77000000.0,218000000.0,209000000.0,9000000.0,218000000.0,0.0,1777000000.0,4036000000.0,,242000000.0,,877000000.0,1777000000.0,2259000000.0,231000000.0,5000000.0,1747000000.0,512000000.0,-226000000.0,286000000.0,4036000000.0,419200000.0,418000000.0,419000000.0
FirstEnergy Corp,FE,549300SVYJS666PQJH88,1031296,2013.0,Q3YTD,2013-01-01,2013-09-30,,443000000.0,0.6,0.6,1.65,912000000.0,0.6,473000000.0,135000000.0,250000000.0,241000000.0,9000000.0,250000000.0,,4840000000.0,11284000000.0,,748000000.0,,2648000000.0,4840000000.0,6444000000.0,852000000.0,8000000.0,5224000000.0,1220000000.0,-844000000.0,376000000.0,11284000000.0,419200000.0,418000000.0,419000000.0
FirstEnergy Corp,FE,549300SVYJS666PQJH88,1031296,2013.0,Q3TTM,2012-10-01,2013-09-30,,177000000.0,0.25,0.25,2.2,1172000000.0,0.25,473000000.0,22000000.0,102000000.0,77000000.0,25000000.0,102000000.0,,5909000000.0,14281000000.0,-17000000.0,1580000000.0,,3826000000.0,5909000000.0,8372000000.0,1050000000.0,22000000.0,7228000000.0,1144000000.0,-1045000000.0,99000000.0,14281000000.0,419200000.0,418000000.0,419000000.0
FirstEnergy Corp,FE,549300SVYJS666PQJH88,1031296,2013.0,Q2,2013-04-01,2013-06-30,2013-08-06 14:48:45+00:00,72000000.0,-0.39,-0.39,0.0,302000000.0,-0.39,473000000.0,-58000000.0,-164000000.0,-164000000.0,,-164000000.0,0.0,1490000000.0,3519000000.0,,241000000.0,,887000000.0,1490000000.0,2029000000.0,261000000.0,-15000000.0,1975000000.0,54000000.0,-276000000.0,-222000000.0,3519000000.0,420500000.0,418000000.0,418000000.0
FirstEnergy Corp,FE,549300SVYJS666PQJH88,1031296,2013.0,Q2YTD,2013-01-01,2013-06-30,,131000000.0,0.08,0.08,0.55,596000000.0,0.08,473000000.0,58000000.0,32000000.0,32000000.0,,32000000.0,,3063000000.0,7248000000.0,,506000000.0,,1771000000.0,3063000000.0,4185000000.0,621000000.0,3000000.0,3477000000.0,708000000.0,-618000000.0,90000000.0,7248000000.0,420500000.0,418000000.0,418000000.0
FirstEnergy Corp,FE,549300SVYJS666PQJH88,1031296,2013.0,Q2TTM,2012-07-01,2013-06-30,,-74000000.0,0.75,0.75,2.2,1138000000.0,0.74,473000000.0,254000000.0,309000000.0,293000000.0,16000000.0,309000000.0,,6080000000.0,14556000000.0,-17000000.0,1595000000.0,,3805000000.0,6080000000.0,8476000000.0,1031000000.0,56000000.0,6937000000.0,1539000000.0,-992000000.0,547000000.0,14556000000.0,420500000.0,418000000.0,418000000.0
FirstEnergy Corp,FE,549300SVYJS666PQJH88,1031296,2013.0,Q1,2013-01-01,2013-03-31,2013-05-07 16:16:49+00:00,59000000.0,0.47,0.47,0.55,294000000.0,0.47,,116000000.0,196000000.0,196000000.0,,196000000.0,,1573000000.0,3729000000.0,,265000000.0,,884000000.0,1573000000.0,2156000000.0,360000000.0,18000000.0,1502000000.0,654000000.0,-342000000.0,312000000.0,3729000000.0,417000000.0,418000000.0,419000000.0
FirstEnergy Corp,FE,549300SVYJS666PQJH88,1031296,2013.0,Q1TTM,2012-04-01,2013-03-31,,-84000000.0,1.59,1.59,2.2,1128000000.0,1.58,,439000000.0,661000000.0,645000000.0,16000000.0,660000000.0,1000000.0,6402000000.0,14906000000.0,-17000000.0,1586000000.0,,3832000000.0,6402000000.0,8504000000.0,1025000000.0,84000000.0,6462000000.0,2042000000.0,-958000000.0,1084000000.0,14906000000.0,417000000.0,418000000.0,419000000.0
FirstEnergy Corp,FE,549300SVYJS666PQJH88,1031296,2014.0,FY,2014-01-01,2014-12-31,2017-02-21 17:10:38+00:00,12000000.0,0.71,0.71,1.44,1220000000.0,0.71,0.0,-42000000.0,299000000.0,213000000.0,86000000.0,299000000.0,,6996000000.0,15049000000.0,,1797000000.0,,3962000000.0,6996000000.0,8053000000.0,963000000.0,72000000.0,6991000000.0,1062000000.0,-891000000.0,171000000.0,15049000000.0,421100000.0,420000000.0,421000000.0
FirstEnergy Corp,FE,549300SVYJS666PQJH88,1031296,2014.0,Q4,2014-10-01,2014-12-31,,-15000000.0,-0.74,-0.74,,316000000.0,-0.72,,-268000000.0,-306000000.0,-306000000.0,,-306000000.0,,1559000000.0,3476000000.0,,1059000000.0,,901000000.0,1559000000.0,1917000000.0,235000000.0,5000000.0,2261000000.0,-344000000.0,-230000000.0,-574000000.0,3476000000.0,421100000.0,420000000.0,421000000.0
FirstEnergy Corp,FE,549300SVYJS666PQJH88,1031296,2014.0,Q3,2014-07-01,2014-09-30,2015-10-29 16:45:39+00:00,35000000.0,0.79,0.79,0.72,308000000.0,0.79,,152000000.0,333000000.0,333000000.0,0.0,333000000.0,,1732000000.0,3888000000.0,,239000000.0,,858000000.0,1732000000.0,2156000000.0,247000000.0,16000000.0,1440000000.0,716000000.0,-231000000.0,485000000.0,3888000000.0,421500000.0,420000000.0,421000000.0
FirstEnergy Corp,FE,549300SVYJS666PQJH88,1031296,2014.0,Q3YTD,2014-01-01,2014-09-30,,27000000.0,1.45,1.45,1.44,904000000.0,1.43,,226000000.0,605000000.0,519000000.0,86000000.0,605000000.0,,5437000000.0,11573000000.0,,738000000.0,,3061000000.0,5437000000.0,6136000000.0,728000000.0,67000000.0,4730000000.0,1406000000.0,-661000000.0,745000000.0,11573000000.0,421500000.0,420000000.0,421000000.0
FirstEnergy Corp,FE,549300SVYJS666PQJH88,1031296,2014.0,Q3TTM,2013-10-01,2014-09-30,,123000000.0,1.79,1.79,1.44,1194000000.0,1.77,322000000.0,286000000.0,747000000.0,653000000.0,94000000.0,747000000.0,,7056000000.0,15181000000.0,,712000000.0,,4006000000.0,7056000000.0,8125000000.0,921000000.0,92000000.0,6357000000.0,1768000000.0,-829000000.0,939000000.0,15181000000.0,421500000.0,420000000.0,421000000.0
FirstEnergy Corp,FE,549300SVYJS666PQJH88,1031296,2014.0,Q2,2014-04-01,2014-06-30,2015-07-30 16:30:14+00:00,20000000.0,0.16,0.16,0.0,302000000.0,0.15,,26000000.0,64000000.0,64000000.0,0.0,64000000.0,,1633000000.0,3496000000.0,,228000000.0,,1021000000.0,1633000000.0,1863000000.0,231000000.0,29000000.0,1571000000.0,292000000.0,-202000000.0,90000000.0,3496000000.0,400000000.0,420000000.0,421000000.0
FirstEnergy Corp,FE,549300SVYJS666PQJH88,1031296,2014.0,Q2YTD,2014-01-01,2014-06-30,,-8000000.0,0.66,0.66,0.72,596000000.0,0.64,,74000000.0,272000000.0,186000000.0,86000000.0,272000000.0,,3705000000.0,7685000000.0,,499000000.0,,2203000000.0,3705000000.0,3980000000.0,481000000.0,51000000.0,3290000000.0,690000000.0,-430000000.0,260000000.0,7685000000.0,400000000.0,420000000.0,421000000.0
FirstEnergy Corp,FE,549300SVYJS666PQJH88,1031296,2014.0,Q2TTM,2013-07-01,2014-06-30,,400000000.0,1.52,1.52,1.82,1202000000.0,1.5,322000000.0,211000000.0,632000000.0,529000000.0,103000000.0,632000000.0,,7101000000.0,15329000000.0,,715000000.0,,4025000000.0,7101000000.0,8228000000.0,905000000.0,81000000.0,6664000000.0,1564000000.0,-824000000.0,740000000.0,15329000000.0,400000000.0,420000000.0,421000000.0
FirstEnergy Corp,FE,549300SVYJS666PQJH88,1031296,2014.0,Q1,2014-01-01,2014-03-31,2014-05-06 15:23:29+00:00,-28000000.0,0.5,0.5,0.72,294000000.0,0.49,,48000000.0,208000000.0,122000000.0,86000000.0,208000000.0,,2072000000.0,4189000000.0,,271000000.0,,1182000000.0,2072000000.0,2117000000.0,250000000.0,22000000.0,1719000000.0,398000000.0,-228000000.0,170000000.0,4189000000.0,416000000.0,419000000.0,420000000.0
FirstEnergy Corp,FE,549300SVYJS666PQJH88,1031296,2014.0,Q1TTM,2013-04-01,2014-03-31,,452000000.0,0.97,0.97,1.82,1202000000.0,0.96,795000000.0,127000000.0,404000000.0,301000000.0,103000000.0,404000000.0,,6958000000.0,15352000000.0,,728000000.0,,3891000000.0,6958000000.0,8394000000.0,935000000.0,37000000.0,7068000000.0,1326000000.0,-898000000.0,428000000.0,15352000000.0,416000000.0,419000000.0,420000000.0
FirstEnergy Corp,FE,549300SVYJS666PQJH88,1031296,2015.0,FY,2015-01-01,2015-12-31,2018-02-20 16:54:49+00:00,172000000.0,1.37,1.37,1.44,1282000000.0,1.37,42000000.0,315000000.0,578000000.0,578000000.0,,578000000.0,,6278000000.0,15026000000.0,,1220000000.0,,3740000000.0,6278000000.0,8748000000.0,1015000000.0,-384000000.0,6456000000.0,2292000000.0,-1399000000.0,893000000.0,15026000000.0,421900000.0,422000000.0,424000000.0
FirstEnergy Corp,FE,549300SVYJS666PQJH88,1031296,2015.0,Q4,2015-10-01,2015-12-31,,-29000000.0,-0.54,-0.54,,313000000.0,-0.53,18000000.0,-170000000.0,-226000000.0,-226000000.0,,-226000000.0,,1589000000.0,3541000000.0,,473000000.0,,941000000.0,1589000000.0,1952000000.0,262000000.0,-370000000.0,1716000000.0,236000000.0,-632000000.0,-396000000.0,3541000000.0,421900000.0,422000000.0,424000000.0
FirstEnergy Corp,FE,549300SVYJS666PQJH88,1031296,2015.0,Q3,2015-07-01,2015-09-30,2016-11-04 17:16:45+00:00,110000000.0,0.94,0.94,0.72,328000000.0,0.93,8000000.0,226000000.0,395000000.0,395000000.0,,395000000.0,,1691000000.0,4123000000.0,,236000000.0,,842000000.0,1691000000.0,2432000000.0,259000000.0,-28000000.0,1524000000.0,908000000.0,-287000000.0,621000000.0,4123000000.0,420200000.0,423000000.0,424000000.0
FirstEnergy Corp,FE,549300SVYJS666PQJH88,1031296,2015.0,Q3YTD,2015-01-01,2015-09-30,,201000000.0,1.91,1.91,1.44,969000000.0,1.9,24000000.0,485000000.0,804000000.0,804000000.0,,804000000.0,,4689000000.0,11485000000.0,,747000000.0,,2799000000.0,4689000000.0,6796000000.0,753000000.0,-14000000.0,4740000000.0,2056000000.0,-767000000.0,1289000000.0,11485000000.0,420200000.0,423000000.0,424000000.0
FirstEnergy Corp,FE,549300SVYJS666PQJH88,1031296,2015.0,Q3TTM,2014-10-01,2015-09-30,,186000000.0,1.17,1.17,1.44,1285000000.0,1.18,24000000.0,217000000.0,498000000.0,498000000.0,,498000000.0,,6248000000.0,14961000000.0,,1806000000.0,,3700000000.0,6248000000.0,8713000000.0,988000000.0,-9000000.0,7001000000.0,1712000000.0,-997000000.0,715000000.0,14961000000.0,420200000.0,423000000.0,424000000.0
FirstEnergy Corp,FE,549300SVYJS666PQJH88,1031296,2015.0,Q2,2015-04-01,2015-06-30,2016-07-28 16:58:46+00:00,59000000.0,0.44,0.44,0.0,322000000.0,0.44,16000000.0,115000000.0,187000000.0,187000000.0,,187000000.0,,1372000000.0,3465000000.0,,242000000.0,,900000000.0,1372000000.0,2093000000.0,249000000.0,-3000000.0,1539000000.0,554000000.0,-252000000.0,302000000.0,3465000000.0,425000000.0,422000000.0,423000000.0
FirstEnergy Corp,FE,549300SVYJS666PQJH88,1031296,2015.0,Q2YTD,2015-01-01,2015-06-30,,91000000.0,0.97,0.97,0.72,641000000.0,0.97,16000000.0,259000000.0,409000000.0,409000000.0,,409000000.0,,2998000000.0,7362000000.0,,511000000.0,,1957000000.0,2998000000.0,4364000000.0,494000000.0,14000000.0,3216000000.0,1148000000.0,-480000000.0,668000000.0,7362000000.0,425000000.0,422000000.0,423000000.0
FirstEnergy Corp,FE,549300SVYJS666PQJH88,1031296,2015.0,Q2TTM,2014-07-01,2015-06-30,,111000000.0,1.02,1.02,1.44,1265000000.0,1.04,16000000.0,143000000.0,436000000.0,436000000.0,,436000000.0,,6289000000.0,14726000000.0,,1809000000.0,,3716000000.0,6289000000.0,8437000000.0,976000000.0,35000000.0,6917000000.0,1520000000.0,-941000000.0,579000000.0,14726000000.0,425000000.0,422000000.0,423000000.0
FirstEnergy Corp,FE,549300SVYJS666PQJH88,1031296,2015.0,Q1TTM,2014-04-01,2015-03-31,,72000000.0,0.74,0.74,1.44,1245000000.0,0.75,,54000000.0,313000000.0,313000000.0,,313000000.0,,6550000000.0,14757000000.0,,1795000000.0,,3837000000.0,6550000000.0,8207000000.0,958000000.0,67000000.0,6949000000.0,1258000000.0,-891000000.0,367000000.0,14757000000.0,418900000.0,421000000.0,423000000.0
FirstEnergy Corp,FE,549300SVYJS666PQJH88,1031296,2015.0,Q1,2015-01-01,2015-03-31,2015-05-01 13:59:02+00:00,32000000.0,0.53,0.53,0.72,319000000.0,0.53,,144000000.0,222000000.0,222000000.0,0.0,222000000.0,,1626000000.0,3897000000.0,,269000000.0,,1057000000.0,1626000000.0,2271000000.0,245000000.0,17000000.0,1677000000.0,594000000.0,-228000000.0,366000000.0,3897000000.0,418900000.0,421000000.0,423000000.0
FirstEnergy Corp,FE,549300SVYJS666PQJH88,1031296,2016.0,FY,2016-01-01,2016-12-31,2019-02-19 16:50:00+00:00,297000000.0,-14.49,-14.49,1.44,933000000.0,-14.49,43000000.0,527000000.0,-6177000000.0,551000000.0,-6728000000.0,-6177000000.0,0.0,571000000.0,10700000000.0,-102000000.0,913000000.0,,5889000000.0,571000000.0,10129000000.0,918000000.0,44000000.0,8075000000.0,2054000000.0,-976000000.0,1078000000.0,10700000000.0,426300000.0,426000000.0,426000000.0
FirstEnergy Corp,FE,549300SVYJS666PQJH88,1031296,2016.0,Q4,2016-10-01,2016-12-31,,75000000.0,-13.6,-13.6,-1.44,-41000000.0,-13.59,-1404000000.0,193000000.0,-5796000000.0,932000000.0,-6728000000.0,-5796000000.0,,-3690000000.0,-487000000.0,-102000000.0,127000000.0,,3054000000.0,-3690000000.0,3203000000.0,134000000.0,-31000000.0,1811000000.0,1392000000.0,-267000000.0,1125000000.0,-487000000.0,426300000.0,426000000.0,426000000.0
FirstEnergy Corp,FE,549300SVYJS666PQJH88,1031296,2016.0,Q3,2016-07-01,2016-09-30,2017-10-26 16:41:18+00:00,98000000.0,0.89,0.89,0.72,311000000.0,0.89,0.0,251000000.0,380000000.0,380000000.0,,380000000.0,,1429000000.0,3917000000.0,,265000000.0,,953000000.0,1429000000.0,2488000000.0,258000000.0,28000000.0,1627000000.0,861000000.0,-230000000.0,631000000.0,3917000000.0,427000000.0,425000000.0,427000000.0
FirstEnergy Corp,FE,549300SVYJS666PQJH88,1031296,2016.0,Q3YTD,2016-01-01,2016-09-30,,222000000.0,-0.89,-0.89,1.44,974000000.0,-0.9,1447000000.0,334000000.0,-381000000.0,-381000000.0,,-381000000.0,,4261000000.0,11187000000.0,,786000000.0,,2835000000.0,4261000000.0,6926000000.0,784000000.0,75000000.0,6264000000.0,662000000.0,-709000000.0,-47000000.0,11187000000.0,427000000.0,425000000.0,427000000.0
FirstEnergy Corp,FE,549300SVYJS666PQJH88,1031296,2016.0,Q3TTM,2015-10-01,2016-09-30,,193000000.0,-1.43,-1.43,1.44,1287000000.0,-1.43,1465000000.0,164000000.0,-607000000.0,-607000000.0,,-607000000.0,,5850000000.0,14728000000.0,,1259000000.0,,3776000000.0,5850000000.0,8878000000.0,1046000000.0,-295000000.0,7980000000.0,898000000.0,-1341000000.0,-443000000.0,14728000000.0,427000000.0,425000000.0,427000000.0
FirstEnergy Corp,FE,549300SVYJS666PQJH88,1031296,2016.0,Q2,2016-04-01,2016-06-30,2017-07-27 17:06:16+00:00,63000000.0,-2.56,-2.56,0.0,334000000.0,-2.56,1447000000.0,-130000000.0,-1089000000.0,-1089000000.0,,-1089000000.0,,1327000000.0,3401000000.0,,241000000.0,,964000000.0,1327000000.0,2074000000.0,263000000.0,19000000.0,3049000000.0,-975000000.0,-244000000.0,-1219000000.0,3401000000.0,425400000.0,425000000.0,425000000.0
FirstEnergy Corp,FE,549300SVYJS666PQJH88,1031296,2016.0,Q2YTD,2016-01-01,2016-06-30,,124000000.0,-1.78,-1.78,0.72,663000000.0,-1.79,1447000000.0,83000000.0,-761000000.0,-761000000.0,,-761000000.0,,2832000000.0,7270000000.0,,521000000.0,,1882000000.0,2832000000.0,4438000000.0,526000000.0,47000000.0,4637000000.0,-199000000.0,-479000000.0,-678000000.0,7270000000.0,425400000.0,425000000.0,425000000.0
FirstEnergy Corp,FE,549300SVYJS666PQJH88,1031296,2016.0,Q2TTM,2015-07-01,2016-06-30,,205000000.0,-1.38,-1.38,1.44,1304000000.0,-1.39,1473000000.0,139000000.0,-592000000.0,-592000000.0,,-592000000.0,,6112000000.0,14934000000.0,,1230000000.0,,3665000000.0,6112000000.0,8822000000.0,1047000000.0,-351000000.0,7877000000.0,945000000.0,-1398000000.0,-453000000.0,14934000000.0,425400000.0,425000000.0,425000000.0
FirstEnergy Corp,FE,549300SVYJS666PQJH88,1031296,2016.0,Q1TTM,2015-04-01,2016-03-31,,201000000.0,1.62,1.62,1.44,1292000000.0,1.61,42000000.0,384000000.0,684000000.0,684000000.0,,684000000.0,,6157000000.0,14998000000.0,,1231000000.0,,3601000000.0,6157000000.0,8841000000.0,1033000000.0,-373000000.0,6367000000.0,2474000000.0,-1406000000.0,1068000000.0,14998000000.0,420500000.0,424000000.0,426000000.0
FirstEnergy Corp,FE,549300SVYJS666PQJH88,1031296,2016.0,Q1,2016-01-01,2016-03-31,2016-04-26 16:51:16+00:00,61000000.0,0.78,0.78,0.72,329000000.0,0.77,,213000000.0,328000000.0,328000000.0,,328000000.0,,1505000000.0,3869000000.0,,280000000.0,,918000000.0,1505000000.0,2364000000.0,263000000.0,28000000.0,1588000000.0,776000000.0,-235000000.0,541000000.0,3869000000.0,420500000.0,424000000.0,426000000.0
FirstEnergy Corp,FE,549300SVYJS666PQJH88,1031296,2017.0,FY,2017-01-01,2017-12-31,2020-02-10 07:13:59+00:00,308000000.0,-3.88,-3.88,1.44,1027000000.0,-3.88,,1715000000.0,-1724000000.0,-289000000.0,-1435000000.0,-1724000000.0,0.0,497000000.0,10928000000.0,-102000000.0,940000000.0,,5728000000.0,497000000.0,10431000000.0,953000000.0,53000000.0,8003000000.0,2428000000.0,-1002000000.0,1426000000.0,10928000000.0,444300000.0,444000000.0,444000000.0
FirstEnergy Corp,FE,549300SVYJS666PQJH88,1031296,2017.0,Q4,2017-10-01,2017-12-31,,34000000.0,-5.62,-5.62,-1.44,262000000.0,-5.62,-13000000.0,1229000000.0,-2499000000.0,-1066000000.0,-1433000000.0,-2499000000.0,,-2211000000.0,2539000000.0,-146000000.0,230000000.0,,3744000000.0,-2211000000.0,4750000000.0,237000000.0,53000000.0,4257000000.0,493000000.0,-330000000.0,163000000.0,2539000000.0,444300000.0,444000000.0,444000000.0
FirstEnergy Corp,FE,549300SVYJS666PQJH88,1031296,2017.0,Q3,2017-07-01,2017-09-30,2018-10-25 16:50:13+00:00,113000000.0,0.89,0.89,0.72,261000000.0,0.89,13000000.0,202000000.0,396000000.0,301000000.0,95000000.0,396000000.0,0.0,900000000.0,2910000000.0,19000000.0,238000000.0,,652000000.0,900000000.0,2010000000.0,249000000.0,,1277000000.0,733000000.0,-230000000.0,503000000.0,2910000000.0,444900000.0,444000000.0,446000000.0
FirstEnergy Corp,FE,549300SVYJS666PQJH88,1031296,2017.0,Q3YTD,2017-01-01,2017-09-30,,274000000.0,1.74,1.74,1.44,765000000.0,1.74,13000000.0,486000000.0,775000000.0,777000000.0,-2000000.0,775000000.0,,2708000000.0,8389000000.0,44000000.0,710000000.0,,1984000000.0,2708000000.0,5681000000.0,716000000.0,,3746000000.0,1935000000.0,-672000000.0,1263000000.0,8389000000.0,444900000.0,444000000.0,446000000.0
FirstEnergy Corp,FE,549300SVYJS666PQJH88,1031296,2017.0,Q3TTM,2016-10-01,2017-09-30,,349000000.0,-11.86,-11.86,,724000000.0,-11.85,-1391000000.0,679000000.0,-5021000000.0,1709000000.0,-6730000000.0,-5021000000.0,,-982000000.0,7902000000.0,-58000000.0,837000000.0,,5038000000.0,-982000000.0,8884000000.0,850000000.0,-31000000.0,5557000000.0,3327000000.0,-939000000.0,2388000000.0,7902000000.0,444900000.0,444000000.0,446000000.0
FirstEnergy Corp,FE,549300SVYJS666PQJH88,1031296,2017.0,Q2,2017-04-01,2017-06-30,2018-07-31 17:19:40+00:00,78000000.0,0.39,0.39,0.0,254000000.0,0.39,,132000000.0,174000000.0,219000000.0,-45000000.0,174000000.0,0.0,813000000.0,2624000000.0,11000000.0,230000000.0,,675000000.0,813000000.0,1811000000.0,234000000.0,,1237000000.0,574000000.0,-223000000.0,351000000.0,2624000000.0,446200000.0,444000000.0,445000000.0
FirstEnergy Corp,FE,549300SVYJS666PQJH88,1031296,2017.0,Q2YTD,2017-01-01,2017-06-30,,161000000.0,0.85,0.85,0.72,504000000.0,0.85,,284000000.0,379000000.0,476000000.0,-97000000.0,379000000.0,,1808000000.0,5479000000.0,25000000.0,472000000.0,,1332000000.0,1808000000.0,3671000000.0,467000000.0,,2469000000.0,1202000000.0,-442000000.0,760000000.0,5479000000.0,446200000.0,444000000.0,445000000.0
FirstEnergy Corp,FE,549300SVYJS666PQJH88,1031296,2017.0,Q2TTM,2016-07-01,2017-06-30,,334000000.0,-11.86,-11.86,,774000000.0,-11.85,-1404000000.0,728000000.0,-5037000000.0,1788000000.0,-6825000000.0,-5037000000.0,,-453000000.0,8909000000.0,-77000000.0,864000000.0,,5339000000.0,-453000000.0,9362000000.0,859000000.0,-3000000.0,5907000000.0,3455000000.0,-939000000.0,2516000000.0,8909000000.0,446200000.0,444000000.0,445000000.0
FirstEnergy Corp,FE,549300SVYJS666PQJH88,1031296,2017.0,Q1,2017-01-01,2017-03-31,2018-04-23 16:30:04+00:00,83000000.0,0.46,0.46,0.72,250000000.0,0.46,,152000000.0,205000000.0,257000000.0,-52000000.0,205000000.0,0.0,995000000.0,2855000000.0,14000000.0,242000000.0,,657000000.0,995000000.0,1860000000.0,233000000.0,,1232000000.0,628000000.0,-219000000.0,409000000.0,2855000000.0,445700000.0,443000000.0,444000000.0
FirstEnergy Corp,FE,549300SVYJS666PQJH88,1031296,2017.0,Q1TTM,2016-04-01,2017-03-31,,319000000.0,-14.81,-14.81,,854000000.0,-14.8,43000000.0,466000000.0,-6300000000.0,480000000.0,-6780000000.0,-6300000000.0,,61000000.0,9686000000.0,-88000000.0,875000000.0,,5628000000.0,61000000.0,9625000000.0,888000000.0,16000000.0,7719000000.0,1906000000.0,-960000000.0,946000000.0,9686000000.0,445700000.0,443000000.0,444000000.0
FirstEnergy Corp,FE,549300SVYJS666PQJH88,1031296,2018.0,FY,2018-01-01,2018-12-31,2020-02-10 07:13:59+00:00,-150000000.0,1.99,1.99,,1136000000.0,1.99,,490000000.0,1348000000.0,1022000000.0,326000000.0,981000000.0,367000000.0,538000000.0,11261000000.0,-144000000.0,993000000.0,,6242000000.0,538000000.0,10723000000.0,1051000000.0,205000000.0,8221000000.0,2502000000.0,-990000000.0,1512000000.0,11261000000.0,493000000.0,492000000.0,494000000.0
FirstEnergy Corp,FE,549300SVYJS666PQJH88,1031296,2018.0,Q4,2018-10-01,2018-12-31,,38000000.0,0.18,0.18,-0.72,276000000.0,0.19,,16000000.0,138000000.0,138000000.0,,146000000.0,-8000000.0,-2312000000.0,2596000000.0,-308000000.0,242000000.0,,3857000000.0,-2312000000.0,4908000000.0,238000000.0,205000000.0,4413000000.0,495000000.0,-341000000.0,154000000.0,2596000000.0,493000000.0,492000000.0,494000000.0
FirstEnergy Corp,FE,549300SVYJS666PQJH88,1031296,2018.0,Q3,2018-07-01,2018-09-30,2019-11-04 06:39:10+00:00,67000000.0,-1.02,-1.02,,283000000.0,-1.02,,121000000.0,-458000000.0,399000000.0,-857000000.0,-512000000.0,54000000.0,1013000000.0,3064000000.0,49000000.0,252000000.0,,739000000.0,1013000000.0,2051000000.0,239000000.0,,1341000000.0,710000000.0,-190000000.0,520000000.0,3064000000.0,502000000.0,503000000.0,505000000.0
FirstEnergy Corp,FE,549300SVYJS666PQJH88,1031296,2018.0,Q3YTD,2018-01-01,2018-09-30,,-188000000.0,1.81,1.81,0.72,860000000.0,1.8,,474000000.0,1210000000.0,884000000.0,326000000.0,835000000.0,375000000.0,2850000000.0,8665000000.0,164000000.0,751000000.0,,2385000000.0,2850000000.0,5815000000.0,813000000.0,,3808000000.0,2007000000.0,-649000000.0,1358000000.0,8665000000.0,502000000.0,503000000.0,505000000.0
FirstEnergy Corp,FE,549300SVYJS666PQJH88,1031296,2018.0,Q3TTM,2017-10-01,2018-09-30,,-154000000.0,-3.81,-3.81,-0.72,1122000000.0,-3.82,-13000000.0,1703000000.0,-1289000000.0,-182000000.0,-1107000000.0,-1664000000.0,375000000.0,639000000.0,11204000000.0,18000000.0,981000000.0,,6129000000.0,639000000.0,10565000000.0,1050000000.0,53000000.0,8065000000.0,2500000000.0,-979000000.0,1521000000.0,11204000000.0,502000000.0,503000000.0,505000000.0
FirstEnergy Corp,FE,549300SVYJS666PQJH88,1031296,2018.0,Q2,2018-04-01,2018-06-30,2019-07-23 16:59:48+00:00,-107000000.0,0.28,0.28,,283000000.0,0.28,,101000000.0,299000000.0,308000000.0,-9000000.0,134000000.0,165000000.0,825000000.0,2625000000.0,48000000.0,240000000.0,,684000000.0,825000000.0,1800000000.0,339000000.0,,1100000000.0,700000000.0,-291000000.0,409000000.0,2625000000.0,478600000.0,477000000.0,479000000.0
FirstEnergy Corp,FE,549300SVYJS666PQJH88,1031296,2018.0,Q2YTD,2018-01-01,2018-06-30,,-255000000.0,2.83,2.83,0.72,577000000.0,2.82,,353000000.0,1668000000.0,485000000.0,1183000000.0,1347000000.0,321000000.0,1837000000.0,5601000000.0,115000000.0,499000000.0,,1646000000.0,1837000000.0,3764000000.0,574000000.0,,2467000000.0,1297000000.0,-459000000.0,838000000.0,5601000000.0,478600000.0,477000000.0,479000000.0
FirstEnergy Corp,FE,549300SVYJS666PQJH88,1031296,2018.0,Q2TTM,2017-07-01,2018-06-30,,-108000000.0,-1.9,-1.9,,1100000000.0,-1.91,,1784000000.0,-435000000.0,-280000000.0,-155000000.0,-756000000.0,321000000.0,526000000.0,11050000000.0,-12000000.0,967000000.0,,6042000000.0,526000000.0,10524000000.0,1060000000.0,53000000.0,8001000000.0,2523000000.0,-1019000000.0,1504000000.0,11050000000.0,478600000.0,477000000.0,479000000.0
FirstEnergy Corp,FE,549300SVYJS666PQJH88,1031296,2018.0,Q1,2018-01-01,2018-03-31,2018-04-23 16:30:04+00:00,-148000000.0,2.55,2.55,0.72,294000000.0,2.54,,252000000.0,1369000000.0,177000000.0,1192000000.0,1213000000.0,156000000.0,1012000000.0,2976000000.0,67000000.0,259000000.0,,962000000.0,1012000000.0,1964000000.0,235000000.0,,1367000000.0,597000000.0,-168000000.0,429000000.0,2976000000.0,475700000.0,476000000.0,478000000.0
FirstEnergy Corp,FE,549300SVYJS666PQJH88,1031296,2018.0,Q1TTM,2017-04-01,2018-03-31,,77000000.0,-1.79,-1.79,,1071000000.0,-1.8,,1815000000.0,-560000000.0,-369000000.0,-191000000.0,-716000000.0,156000000.0,514000000.0,11049000000.0,-49000000.0,957000000.0,,6033000000.0,514000000.0,10535000000.0,955000000.0,53000000.0,8138000000.0,2397000000.0,-951000000.0,1446000000.0,11049000000.0,475700000.0,476000000.0,478000000.0
FirstEnergy Corp,FE,549300SVYJS666PQJH88,1031296,2019.0,Q4,2019-10-01,2019-12-31,,-164000000.0,-0.2,-0.2,,310000000.0,-0.21,,-68000000.0,-111000000.0,-181000000.0,70000000.0,-106000000.0,-5000000.0,-2075000000.0,2673000000.0,-865000000.0,251000000.0,,3736000000.0,-2075000000.0,4748000000.0,242000000.0,243000000.0,4133000000.0,615000000.0,-864000000.0,-249000000.0,2673000000.0,534100000.0,535000000.0,542000000.0
FirstEnergy Corp,FE,549300SVYJS666PQJH88,1031296,2019.0,FY,2019-01-01,2019-12-31,2020-02-10 07:13:59+00:00,-79000000.0,1.7,1.7,1.52,1220000000.0,1.68,,213000000.0,912000000.0,904000000.0,8000000.0,908000000.0,4000000.0,497000000.0,11035000000.0,-674000000.0,1008000000.0,,5879000000.0,497000000.0,10538000000.0,962000000.0,243000000.0,8028000000.0,2510000000.0,-1393000000.0,1117000000.0,11035000000.0,534100000.0,535000000.0,542000000.0
FirstEnergy Corp,FE,549300SVYJS666PQJH88,1031296,2019.0,Q3YTD,2019-01-01,2019-09-30,,85000000.0,1.9,1.9,,910000000.0,1.89,,281000000.0,1023000000.0,1085000000.0,-62000000.0,1014000000.0,9000000.0,2572000000.0,8362000000.0,191000000.0,757000000.0,,2143000000.0,2572000000.0,5790000000.0,720000000.0,,3895000000.0,1895000000.0,-529000000.0,1366000000.0,8362000000.0,535600000.0,538000000.0,542000000.0
FirstEnergy Corp,FE,549300SVYJS666PQJH88,1031296,2019.0,Q3TTM,2018-10-01,2019-09-30,,123000000.0,2.08,2.08,-0.72,1186000000.0,2.08,,297000000.0,1161000000.0,1223000000.0,-62000000.0,1160000000.0,1000000.0,260000000.0,10958000000.0,-117000000.0,999000000.0,,6000000000.0,260000000.0,10698000000.0,958000000.0,205000000.0,8308000000.0,2390000000.0,-870000000.0,1520000000.0,10958000000.0,535600000.0,538000000.0,542000000.0
FirstEnergy Corp,FE,549300SVYJS666PQJH88,1031296,2019.0,Q3,2019-07-01,2019-09-30,2019-11-04 06:39:10+00:00,43000000.0,0.73,0.73,,304000000.0,0.72,,107000000.0,391000000.0,389000000.0,2000000.0,391000000.0,0.0,920000000.0,2963000000.0,57000000.0,257000000.0,,758000000.0,920000000.0,2043000000.0,242000000.0,,1362000000.0,681000000.0,-185000000.0,496000000.0,2963000000.0,535600000.0,538000000.0,542000000.0
FirstEnergy Corp,FE,549300SVYJS666PQJH88,1031296,2019.0,Q2,2019-04-01,2019-06-30,2019-07-23 16:59:48+00:00,37000000.0,0.58,0.58,,309000000.0,0.58,,81000000.0,312000000.0,341000000.0,-29000000.0,308000000.0,4000000.0,740000000.0,2516000000.0,80000000.0,239000000.0,,606000000.0,740000000.0,1776000000.0,243000000.0,,1191000000.0,585000000.0,-163000000.0,422000000.0,2516000000.0,531000000.0,532000000.0,533000000.0
FirstEnergy Corp,FE,549300SVYJS666PQJH88,1031296,2019.0,Q2YTD,2019-01-01,2019-06-30,,42000000.0,1.17,1.17,,606000000.0,1.17,,174000000.0,632000000.0,696000000.0,-64000000.0,623000000.0,9000000.0,1652000000.0,5399000000.0,134000000.0,500000000.0,,1385000000.0,1652000000.0,3747000000.0,478000000.0,,2533000000.0,1214000000.0,-344000000.0,870000000.0,5399000000.0,531000000.0,532000000.0,533000000.0
FirstEnergy Corp,FE,549300SVYJS666PQJH88,1031296,2019.0,Q2TTM,2018-07-01,2019-06-30,,147000000.0,0.33,0.33,-0.72,1165000000.0,0.34,,311000000.0,312000000.0,1233000000.0,-921000000.0,257000000.0,55000000.0,353000000.0,11059000000.0,-125000000.0,994000000.0,,5981000000.0,353000000.0,10706000000.0,955000000.0,205000000.0,8287000000.0,2419000000.0,-875000000.0,1544000000.0,11059000000.0,531000000.0,532000000.0,533000000.0
FirstEnergy Corp,FE,549300SVYJS666PQJH88,1031296,2019.0,Q1,2019-01-01,2019-03-31,2020-04-23 17:27:35+00:00,5000000.0,0.59,0.59,0.38,297000000.0,0.59,,93000000.0,320000000.0,355000000.0,-35000000.0,315000000.0,5000000.0,912000000.0,2883000000.0,54000000.0,261000000.0,,779000000.0,912000000.0,1971000000.0,235000000.0,,1342000000.0,629000000.0,-181000000.0,448000000.0,2883000000.0,533900000.0,530000000.0,533000000.0
FirstEnergy Corp,FE,549300SVYJS666PQJH88,1031296,2019.0,Q1TTM,2018-04-01,2019-03-31,,3000000.0,0.03,0.03,-0.72,1139000000.0,0.04,,331000000.0,299000000.0,1200000000.0,-901000000.0,83000000.0,216000000.0,438000000.0,11168000000.0,-157000000.0,995000000.0,,6059000000.0,438000000.0,10730000000.0,1051000000.0,205000000.0,8196000000.0,2534000000.0,-1003000000.0,1531000000.0,11168000000.0,533900000.0,530000000.0,533000000.0
FirstEnergy Corp,FE,549300SVYJS666PQJH88,1031296,2020.0,Q1TTM,2019-04-01,2020-03-31,,-32000000.0,1.25,1.25,,1240000000.0,1.23,,60000000.0,666000000.0,573000000.0,93000000.0,667000000.0,-1000000.0,377000000.0,10861000000.0,-1051000000.0,1014000000.0,,5849000000.0,377000000.0,10484000000.0,972000000.0,243000000.0,8071000000.0,2413000000.0,-1780000000.0,633000000.0,10861000000.0,528600000.0,541000000.0,543000000.0
FirstEnergy Corp,FE,549300SVYJS666PQJH88,1031296,2020.0,Q1,2020-01-01,2020-03-31,2020-04-23 17:27:35+00:00,52000000.0,0.14,0.14,0.39,317000000.0,0.14,,-60000000.0,74000000.0,24000000.0,50000000.0,74000000.0,0.0,792000000.0,2709000000.0,-323000000.0,267000000.0,,749000000.0,792000000.0,1917000000.0,245000000.0,,1385000000.0,532000000.0,-568000000.0,-36000000.0,2709000000.0,528600000.0,541000000.0,543000000.0
