company_name,company_ticker,company_lei,company_cik,year,quarter,start_date,end_date,filing_date,basicdilutedeps,basiceps,cashdividendspershare,dilutedeps,incometaxexpense,netincome,netincomecontinuing,netincometocommon,operatingcostofrevenue,operatingrevenue,otherincome,sgaexpense,totalcostofrevenue,totalgrossprofit,totalinterestexpense,totaloperatingexpenses,totaloperatingincome,totalotherincome,totalpretaxincome,totalrevenue,weightedavebasicdilutedsharesos,weightedavebasicsharesos,weightedavedilutedsharesos
Roper Technologies Inc,ROP,549300LJXD867XMVE759,882835,2007.0,FY,2007-01-01,2007-12-31,2010-02-26 16:27:31+00:00,,2.78,,2.64,131292000.0,245705000.0,245705000.0,245705000.0,1043654000.0,2102049000.0,-2502000.0,620041000.0,1043654000.0,1058395000.0,58855000.0,620041000.0,438354000.0,-61357000.0,376997000.0,2102049000.0,,88390000.0,93229000.0
Roper Technologies Inc,ROP,549300LJXD867XMVE759,882835,2008.0,FY,2008-01-01,2008-12-31,2011-02-25 17:21:39+00:00,3.15,3.15,,3.01,146942000.0,281874000.0,281874000.0,281874000.0,1118083000.0,2306371000.0,6606000.0,702127000.0,1118083000.0,1188288000.0,63951000.0,702127000.0,486161000.0,-57345000.0,428816000.0,2306371000.0,89500000.0,89468000.0,93699000.0
Roper Technologies Inc,ROP,549300LJXD867XMVE759,882835,2008.0,Q3,2008-07-01,2008-09-30,2009-11-02 15:54:54+00:00,0.83,0.83,0.0725,0.79,39312000.0,74029000.0,74029000.0,74029000.0,284340000.0,593100000.0,-2836000.0,176461000.0,284340000.0,308760000.0,16122000.0,176461000.0,132299000.0,-18958000.0,113341000.0,593100000.0,89200000.0,89629000.0,94251000.0
Roper Technologies Inc,ROP,549300LJXD867XMVE759,882835,2008.0,Q2,2008-04-01,2008-06-30,2009-08-17 09:30:04+00:00,0.83,0.83,0.0725,0.79,39327000.0,74523000.0,74523000.0,74523000.0,289084000.0,594414000.0,-636000.0,178789000.0,289084000.0,305330000.0,12055000.0,178789000.0,126541000.0,-12691000.0,113850000.0,594414000.0,89800000.0,89476000.0,94398000.0
Roper Technologies Inc,ROP,549300LJXD867XMVE759,882835,2009.0,Q4,2009-10-01,2009-12-31,,0.79,0.79,-0.17,0.77,32007000.0,71924000.0,71924000.0,71924000.0,262226000.0,553638000.0,402000.0,170644000.0,262226000.0,291412000.0,17239000.0,170644000.0,120768000.0,-16837000.0,103931000.0,553638000.0,90700000.0,90685000.0,92820000.0
Roper Technologies Inc,ROP,549300LJXD867XMVE759,882835,2009.0,FY,2009-01-01,2009-12-31,2012-02-24 10:50:00+00:00,2.64,2.64,,2.58,100287000.0,239481000.0,239481000.0,239481000.0,1006530000.0,2049668000.0,3319000.0,647742000.0,1006530000.0,1043138000.0,58947000.0,647742000.0,395396000.0,-55628000.0,339768000.0,2049668000.0,90700000.0,90685000.0,92820000.0
Roper Technologies Inc,ROP,549300LJXD867XMVE759,882835,2009.0,Q3YTD,2009-01-01,2009-09-30,,1.85,1.85,0.17,1.81,68280000.0,167557000.0,167557000.0,167557000.0,744304000.0,1496030000.0,2917000.0,477098000.0,744304000.0,751726000.0,41708000.0,477098000.0,274628000.0,-38791000.0,235837000.0,1496030000.0,91000000.0,90877000.0,92908000.0
Roper Technologies Inc,ROP,549300LJXD867XMVE759,882835,2009.0,Q3,2009-07-01,2009-09-30,2010-11-05 13:50:35+00:00,0.62,0.62,0.0825,0.61,21130000.0,56410000.0,56410000.0,56410000.0,240156000.0,485676000.0,105000.0,153648000.0,240156000.0,245520000.0,14437000.0,153648000.0,91872000.0,-14332000.0,77540000.0,485676000.0,91000000.0,90877000.0,92908000.0
Roper Technologies Inc,ROP,549300LJXD867XMVE759,882835,2009.0,Q2YTD,2009-01-01,2009-06-30,,1.23,1.23,0.08,1.2,47150000.0,111147000.0,111147000.0,111147000.0,504148000.0,1010354000.0,2812000.0,323450000.0,504148000.0,506206000.0,27271000.0,323450000.0,182756000.0,-24459000.0,158297000.0,1010354000.0,90300000.0,90562000.0,92712000.0
Roper Technologies Inc,ROP,549300LJXD867XMVE759,882835,2009.0,Q2,2009-04-01,2009-06-30,2010-08-06 15:47:02+00:00,0.66,0.66,0.0825,0.64,25782000.0,59588000.0,59588000.0,59588000.0,249840000.0,504910000.0,3168000.0,159106000.0,249840000.0,255070000.0,13762000.0,159106000.0,95964000.0,-10594000.0,85370000.0,504910000.0,90300000.0,90562000.0,92712000.0
Roper Technologies Inc,ROP,549300LJXD867XMVE759,882835,2009.0,Q1,2009-01-01,2009-03-31,2010-05-07 13:34:17+00:00,0.57,0.57,,0.56,21368000.0,51559000.0,51559000.0,51559000.0,254308000.0,505444000.0,-356000.0,164344000.0,254308000.0,251136000.0,13509000.0,164344000.0,86792000.0,-13865000.0,72927000.0,505444000.0,90500000.0,90132000.0,92302000.0
Roper Technologies Inc,ROP,549300LJXD867XMVE759,882835,2010.0,Q4,2010-10-01,2010-12-31,,1.13,1.13,0.31,1.11,41134000.0,107311000.0,107311000.0,107311000.0,307614000.0,679479000.0,-788000.0,205707000.0,307614000.0,371865000.0,16925000.0,205707000.0,166158000.0,-17713000.0,148445000.0,679479000.0,94300000.0,94242000.0,96653000.0
Roper Technologies Inc,ROP,549300LJXD867XMVE759,882835,2010.0,FY,2010-01-01,2010-12-31,2013-02-25 17:30:07+00:00,3.42,3.42,0.58,3.34,125814000.0,322580000.0,322580000.0,322580000.0,1110986000.0,2386112000.0,633000.0,760832000.0,1110986000.0,1275126000.0,66533000.0,760832000.0,514294000.0,-65900000.0,448394000.0,2386112000.0,94300000.0,94242000.0,96653000.0
Roper Technologies Inc,ROP,549300LJXD867XMVE759,882835,2010.0,Q3YTD,2010-01-01,2010-09-30,,2.29,2.29,0.27,2.23,84680000.0,215269000.0,215269000.0,215269000.0,803372000.0,1706633000.0,1421000.0,555125000.0,803372000.0,903261000.0,49608000.0,555125000.0,348136000.0,-48187000.0,299949000.0,1706633000.0,94700000.0,94312000.0,96671000.0
Roper Technologies Inc,ROP,549300LJXD867XMVE759,882835,2010.0,Q3TTM,2009-10-01,2010-09-30,,3.08,3.08,0.11,3.0,116687000.0,287193000.0,287193000.0,287193000.0,1065598000.0,2260271000.0,1823000.0,725769000.0,1065598000.0,1194673000.0,66847000.0,725769000.0,468904000.0,-65024000.0,403880000.0,2260271000.0,94700000.0,94312000.0,96671000.0
Roper Technologies Inc,ROP,549300LJXD867XMVE759,882835,2010.0,Q3,2010-07-01,2010-09-30,2011-11-02 14:30:29+00:00,0.89,0.89,0.0825,0.87,29467000.0,84263000.0,84263000.0,84263000.0,283339000.0,605088000.0,2631000.0,193516000.0,283339000.0,321749000.0,17134000.0,193516000.0,128233000.0,-14503000.0,113730000.0,605088000.0,94700000.0,94312000.0,96671000.0
Roper Technologies Inc,ROP,549300LJXD867XMVE759,882835,2010.0,Q2YTD,2010-01-01,2010-06-30,,1.4,1.4,0.19,1.36,55213000.0,131006000.0,131006000.0,131006000.0,520033000.0,1101545000.0,-1210000.0,361609000.0,520033000.0,581512000.0,32474000.0,361609000.0,219903000.0,-33684000.0,186219000.0,1101545000.0,93800000.0,94011000.0,96449000.0
Roper Technologies Inc,ROP,549300LJXD867XMVE759,882835,2010.0,Q2TTM,2009-07-01,2010-06-30,,2.81,2.81,0.11,2.74,108350000.0,259340000.0,259340000.0,259340000.0,1022415000.0,2140859000.0,-703000.0,685901000.0,1022415000.0,1118444000.0,64150000.0,685901000.0,432543000.0,-64853000.0,367690000.0,2140859000.0,93800000.0,94011000.0,96449000.0
Roper Technologies Inc,ROP,549300LJXD867XMVE759,882835,2010.0,Q2,2010-04-01,2010-06-30,2011-08-08 08:50:44+00:00,0.76,0.76,0.095,0.74,29956000.0,71281000.0,71281000.0,71281000.0,265157000.0,567104000.0,-1657000.0,182760000.0,265157000.0,301947000.0,16293000.0,182760000.0,119187000.0,-17950000.0,101237000.0,567104000.0,93800000.0,94011000.0,96449000.0
Roper Technologies Inc,ROP,549300LJXD867XMVE759,882835,2010.0,Q1TTM,2009-04-01,2010-03-31,,2.71,2.71,0.1,2.64,104176000.0,247647000.0,247647000.0,247647000.0,1007098000.0,2078665000.0,4122000.0,662247000.0,1007098000.0,1071567000.0,61619000.0,662247000.0,409320000.0,-57497000.0,351823000.0,2078665000.0,93300000.0,93810000.0,96036000.0
Roper Technologies Inc,ROP,549300LJXD867XMVE759,882835,2010.0,Q1,2010-01-01,2010-03-31,2011-05-05 16:12:43+00:00,0.64,0.64,0.095,0.62,25257000.0,59725000.0,59725000.0,59725000.0,254876000.0,534441000.0,447000.0,178849000.0,254876000.0,279565000.0,16181000.0,178849000.0,100716000.0,-15734000.0,84982000.0,534441000.0,93300000.0,93810000.0,96036000.0
Roper Technologies Inc,ROP,549300LJXD867XMVE759,882835,2011.0,Q4,2011-10-01,2011-12-31,,1.26,1.26,0.14,1.23,49747000.0,121676000.0,121676000.0,121676000.0,333355000.0,739204000.0,-548000.0,218495000.0,333355000.0,405849000.0,15383000.0,218495000.0,187354000.0,-15931000.0,171423000.0,739204000.0,96000000.0,95959000.0,98386000.0
Roper Technologies Inc,ROP,549300LJXD867XMVE759,882835,2011.0,FY,2011-01-01,2011-12-31,2014-02-21 15:49:25+00:00,4.45,4.45,0.47,4.34,177740000.0,427247000.0,427247000.0,427247000.0,1281525000.0,2797089000.0,8096000.0,855025000.0,1281525000.0,1515564000.0,63648000.0,855025000.0,660539000.0,-55552000.0,604987000.0,2797089000.0,96000000.0,95959000.0,98386000.0
Roper Technologies Inc,ROP,549300LJXD867XMVE759,882835,2011.0,Q3YTD,2011-01-01,2011-09-30,,3.19,3.19,0.33,3.11,127993000.0,305571000.0,305571000.0,305571000.0,948170000.0,2057885000.0,8644000.0,636530000.0,948170000.0,1109715000.0,48265000.0,636530000.0,473185000.0,-39621000.0,433564000.0,2057885000.0,95900000.0,96083000.0,98308000.0
Roper Technologies Inc,ROP,549300LJXD867XMVE759,882835,2011.0,Q3TTM,2010-10-01,2011-09-30,,4.32,4.32,0.64,4.22,169127000.0,412882000.0,412882000.0,412882000.0,1255784000.0,2737364000.0,7856000.0,842237000.0,1255784000.0,1481580000.0,65190000.0,842237000.0,639343000.0,-57334000.0,582009000.0,2737364000.0,95900000.0,96083000.0,98308000.0
Roper Technologies Inc,ROP,549300LJXD867XMVE759,882835,2011.0,Q3,2011-07-01,2011-09-30,2012-11-05 16:55:29+00:00,1.15,1.15,0.11,1.12,42251000.0,110281000.0,110281000.0,110281000.0,330149000.0,712705000.0,690000.0,215341000.0,330149000.0,382556000.0,15373000.0,215341000.0,167215000.0,-14683000.0,152532000.0,712705000.0,95900000.0,96083000.0,98308000.0
Roper Technologies Inc,ROP,549300LJXD867XMVE759,882835,2011.0,Q2YTD,2011-01-01,2011-06-30,,2.04,2.04,0.22,1.99,85742000.0,195290000.0,195290000.0,195290000.0,618021000.0,1345180000.0,7954000.0,421189000.0,618021000.0,727159000.0,32892000.0,421189000.0,305970000.0,-24938000.0,281032000.0,1345180000.0,95800000.0,95911000.0,98412000.0
Roper Technologies Inc,ROP,549300LJXD867XMVE759,882835,2011.0,Q2TTM,2010-07-01,2011-06-30,,4.06,4.06,0.61,3.97,156343000.0,386864000.0,386864000.0,386864000.0,1208974000.0,2629747000.0,9797000.0,820412000.0,1208974000.0,1420773000.0,66951000.0,820412000.0,600361000.0,-57154000.0,543207000.0,2629747000.0,95800000.0,95911000.0,98412000.0
Roper Technologies Inc,ROP,549300LJXD867XMVE759,882835,2011.0,Q2,2011-04-01,2011-06-30,2012-08-08 09:26:02+00:00,1.11,1.11,0.11,1.08,48706000.0,106311000.0,106311000.0,106311000.0,322808000.0,699871000.0,7243000.0,213093000.0,322808000.0,377063000.0,16196000.0,213093000.0,163970000.0,-8953000.0,155017000.0,699871000.0,95800000.0,95911000.0,98412000.0
Roper Technologies Inc,ROP,549300LJXD867XMVE759,882835,2011.0,Q1TTM,2010-04-01,2011-03-31,,3.71,3.71,0.6,3.63,137593000.0,351834000.0,351834000.0,351834000.0,1151323000.0,2496980000.0,897000.0,790079000.0,1151323000.0,1345657000.0,67048000.0,790079000.0,555578000.0,-66151000.0,489427000.0,2496980000.0,95700000.0,95374000.0,98153000.0
Roper Technologies Inc,ROP,549300LJXD867XMVE759,882835,2011.0,Q1,2011-01-01,2011-03-31,2012-05-07 15:37:38+00:00,0.93,0.93,0.11,0.91,37036000.0,88979000.0,88979000.0,88979000.0,295213000.0,645309000.0,711000.0,208096000.0,295213000.0,350096000.0,16696000.0,208096000.0,142000000.0,-15985000.0,126015000.0,645309000.0,95700000.0,95374000.0,98153000.0
Roper Technologies Inc,ROP,549300LJXD867XMVE759,882835,2012.0,Q4,2012-10-01,2012-12-31,,1.46,1.46,0.17,1.45,61309000.0,143530000.0,143530000.0,143530000.0,343549000.0,809910000.0,106000.0,241119000.0,343549000.0,466361000.0,20509000.0,241119000.0,225242000.0,-20403000.0,204839000.0,809910000.0,97600000.0,97702000.0,99558000.0
Roper Technologies Inc,ROP,549300LJXD867XMVE759,882835,2012.0,FY,2012-01-01,2012-12-31,2015-02-20 12:20:17+00:00,4.95,4.95,0.58,4.86,203321000.0,483360000.0,483360000.0,483360000.0,1321772000.0,2993489000.0,-2338000.0,914130000.0,1321772000.0,1671717000.0,68568000.0,914130000.0,757587000.0,-70906000.0,686681000.0,2993489000.0,97600000.0,97702000.0,99558000.0
Roper Technologies Inc,ROP,549300LJXD867XMVE759,882835,2012.0,Q3YTD,2012-01-01,2012-09-30,,3.49,3.49,0.41,3.41,142012000.0,339830000.0,339830000.0,339830000.0,978223000.0,2183579000.0,-2444000.0,673011000.0,978223000.0,1205356000.0,48059000.0,673011000.0,532345000.0,-50503000.0,481842000.0,2183579000.0,98100000.0,97876000.0,99757000.0
Roper Technologies Inc,ROP,549300LJXD867XMVE759,882835,2012.0,Q3TTM,2011-10-01,2012-09-30,,4.75,4.75,0.55,4.64,191759000.0,461506000.0,461506000.0,461506000.0,1311578000.0,2922783000.0,-2992000.0,891506000.0,1311578000.0,1611205000.0,63442000.0,891506000.0,719699000.0,-66434000.0,653265000.0,2922783000.0,98100000.0,97876000.0,99757000.0
Roper Technologies Inc,ROP,549300LJXD867XMVE759,882835,2012.0,Q3,2012-07-01,2012-09-30,2013-11-08 14:44:55+00:00,1.19,1.19,0.1375,1.17,47670000.0,116708000.0,116708000.0,116708000.0,331086000.0,747641000.0,-1380000.0,233298000.0,331086000.0,416555000.0,17499000.0,233298000.0,183257000.0,-18879000.0,164378000.0,747641000.0,98100000.0,97876000.0,99757000.0
Roper Technologies Inc,ROP,549300LJXD867XMVE759,882835,2012.0,Q2YTD,2012-01-01,2012-06-30,,2.3,2.3,0.28,2.24,94342000.0,223122000.0,223122000.0,223122000.0,647137000.0,1435938000.0,-1064000.0,439713000.0,647137000.0,788801000.0,30560000.0,439713000.0,349088000.0,-31624000.0,317464000.0,1435938000.0,97300000.0,97460000.0,99619000.0
Roper Technologies Inc,ROP,549300LJXD867XMVE759,882835,2012.0,Q2TTM,2011-07-01,2012-06-30,,4.71,4.71,0.52,4.59,186340000.0,455079000.0,455079000.0,455079000.0,1310641000.0,2887847000.0,-922000.0,873549000.0,1310641000.0,1577206000.0,61316000.0,873549000.0,703657000.0,-62238000.0,641419000.0,2887847000.0,97300000.0,97460000.0,99619000.0
Roper Technologies Inc,ROP,549300LJXD867XMVE759,882835,2012.0,Q2,2012-04-01,2012-06-30,2013-08-07 12:44:48+00:00,1.18,1.18,0.1375,1.15,48320000.0,114813000.0,114813000.0,114813000.0,327264000.0,724872000.0,-574000.0,218824000.0,327264000.0,397608000.0,15077000.0,218824000.0,178784000.0,-15651000.0,163133000.0,724872000.0,97300000.0,97460000.0,99619000.0
Roper Technologies Inc,ROP,549300LJXD867XMVE759,882835,2012.0,Q1TTM,2011-04-01,2012-03-31,,4.64,4.64,0.5,4.52,186726000.0,446577000.0,446577000.0,446577000.0,1306185000.0,2862846000.0,6895000.0,867818000.0,1306185000.0,1556661000.0,62435000.0,867818000.0,688843000.0,-55540000.0,633303000.0,2862846000.0,96700000.0,97039000.0,99307000.0
Roper Technologies Inc,ROP,549300LJXD867XMVE759,882835,2012.0,Q1,2012-01-01,2012-03-31,2013-05-10 12:13:36+00:00,1.12,1.12,0.1375,1.09,46022000.0,108309000.0,108309000.0,108309000.0,319873000.0,711066000.0,-490000.0,220889000.0,319873000.0,391193000.0,15483000.0,220889000.0,170304000.0,-15973000.0,154331000.0,711066000.0,96700000.0,97039000.0,99307000.0
Roper Technologies Inc,ROP,549300LJXD867XMVE759,882835,2013.0,FY,2013-01-01,2013-12-31,2016-02-26 14:09:27+00:00,5.43,5.43,0.7,5.37,215837000.0,538293000.0,538293000.0,538293000.0,1355200000.0,3238128000.0,-192000.0,1040567000.0,1355200000.0,1882928000.0,88039000.0,1040567000.0,842361000.0,-88231000.0,754130000.0,3238128000.0,99100000.0,99123000.0,100209000.0
Roper Technologies Inc,ROP,549300LJXD867XMVE759,882835,2013.0,Q4,2013-10-01,2013-12-31,,1.68,1.68,0.2,1.65,71626000.0,165703000.0,165703000.0,165703000.0,355953000.0,889173000.0,-645000.0,275131000.0,355953000.0,533220000.0,20115000.0,275131000.0,258089000.0,-20760000.0,237329000.0,889173000.0,99100000.0,99123000.0,100209000.0
Roper Technologies Inc,ROP,549300LJXD867XMVE759,882835,2013.0,Q3YTD,2013-01-01,2013-09-30,,3.75,3.75,0.5,3.72,144211000.0,372590000.0,372590000.0,372590000.0,999247000.0,2348955000.0,453000.0,765436000.0,999247000.0,1349708000.0,67924000.0,765436000.0,584272000.0,-67471000.0,516801000.0,2348955000.0,99500000.0,99207000.0,100302000.0
Roper Technologies Inc,ROP,549300LJXD867XMVE759,882835,2013.0,Q3TTM,2012-10-01,2013-09-30,,5.21,5.21,0.66,5.17,205520000.0,516120000.0,516120000.0,516120000.0,1342796000.0,3158865000.0,559000.0,1006555000.0,1342796000.0,1816069000.0,88433000.0,1006555000.0,809514000.0,-87874000.0,721640000.0,3158865000.0,99500000.0,99207000.0,100302000.0
Roper Technologies Inc,ROP,549300LJXD867XMVE759,882835,2013.0,Q3,2013-07-01,2013-09-30,2014-11-05 15:01:38+00:00,1.37,1.37,0.165,1.36,58730000.0,136323000.0,136323000.0,136323000.0,345185000.0,827810000.0,409000.0,263276000.0,345185000.0,482625000.0,24705000.0,263276000.0,219349000.0,-24296000.0,195053000.0,827810000.0,99500000.0,99207000.0,100302000.0
Roper Technologies Inc,ROP,549300LJXD867XMVE759,882835,2013.0,Q2YTD,2013-01-01,2013-06-30,,2.38,2.38,0.33,2.36,85481000.0,236267000.0,236267000.0,236267000.0,654062000.0,1521145000.0,44000.0,502160000.0,654062000.0,867083000.0,43219000.0,502160000.0,364923000.0,-43175000.0,321748000.0,1521145000.0,99400000.0,99089000.0,100162000.0
Roper Technologies Inc,ROP,549300LJXD867XMVE759,882835,2013.0,Q2TTM,2012-07-01,2013-06-30,,5.03,5.03,0.64,4.98,194460000.0,496505000.0,496505000.0,496505000.0,1328697000.0,3078696000.0,-1230000.0,976577000.0,1328697000.0,1749999000.0,81227000.0,976577000.0,773422000.0,-82457000.0,690965000.0,3078696000.0,99400000.0,99089000.0,100162000.0
Roper Technologies Inc,ROP,549300LJXD867XMVE759,882835,2013.0,Q2,2013-04-01,2013-06-30,2014-08-06 09:35:08+00:00,1.12,1.12,0.165,1.11,48568000.0,111353000.0,111353000.0,111353000.0,338503000.0,784010000.0,2536000.0,265761000.0,338503000.0,445507000.0,22361000.0,265761000.0,179746000.0,-19825000.0,159921000.0,784010000.0,99400000.0,99089000.0,100162000.0
Roper Technologies Inc,ROP,549300LJXD867XMVE759,882835,2013.0,Q1TTM,2012-04-01,2013-03-31,,5.09,5.09,0.61,5.02,194212000.0,499965000.0,499965000.0,499965000.0,1317458000.0,3019558000.0,-4340000.0,929640000.0,1317458000.0,1702100000.0,73943000.0,929640000.0,772460000.0,-78283000.0,694177000.0,3019558000.0,99100000.0,98876000.0,99986000.0
Roper Technologies Inc,ROP,549300LJXD867XMVE759,882835,2013.0,Q1,2013-01-01,2013-03-31,2014-05-02 09:55:59+00:00,1.26,1.26,0.165,1.25,36913000.0,124914000.0,124914000.0,124914000.0,315559000.0,737135000.0,-2492000.0,236399000.0,315559000.0,421576000.0,20858000.0,236399000.0,185177000.0,-23350000.0,161827000.0,737135000.0,99100000.0,98876000.0,99986000.0
Roper Technologies Inc,ROP,549300LJXD867XMVE759,882835,2014.0,FY,2014-01-01,2014-12-31,2017-02-27 13:56:23+00:00,6.47,6.47,0.85,6.4,275423000.0,646033000.0,646033000.0,646033000.0,1447595000.0,3549494000.0,620000.0,1102426000.0,1447595000.0,2101899000.0,78637000.0,1102426000.0,999473000.0,-78017000.0,921456000.0,3549494000.0,99900000.0,99916000.0,100884000.0
Roper Technologies Inc,ROP,549300LJXD867XMVE759,882835,2014.0,Q4,2014-10-01,2014-12-31,,1.86,1.86,0.25,1.84,78106000.0,185936000.0,185936000.0,185936000.0,380404000.0,946145000.0,-422000.0,281992000.0,380404000.0,565741000.0,19285000.0,281992000.0,283749000.0,-19707000.0,264042000.0,946145000.0,99900000.0,99916000.0,100884000.0
Roper Technologies Inc,ROP,549300LJXD867XMVE759,882835,2014.0,Q3,2014-07-01,2014-09-30,2015-11-03 09:45:22+00:00,1.55,1.55,0.2,1.54,70687000.0,155510000.0,155510000.0,155510000.0,360082000.0,884122000.0,552000.0,278382000.0,360082000.0,524040000.0,20013000.0,278382000.0,245658000.0,-19461000.0,226197000.0,884122000.0,100300000.0,100068000.0,101006000.0
Roper Technologies Inc,ROP,549300LJXD867XMVE759,882835,2014.0,Q3YTD,2014-01-01,2014-09-30,,4.61,4.61,0.6,4.56,197317000.0,460097000.0,460097000.0,460097000.0,1067191000.0,2603349000.0,1042000.0,820434000.0,1067191000.0,1536158000.0,59352000.0,820434000.0,715724000.0,-58310000.0,657414000.0,2603349000.0,100300000.0,100068000.0,101006000.0
Roper Technologies Inc,ROP,549300LJXD867XMVE759,882835,2014.0,Q3TTM,2013-10-01,2014-09-30,,6.29,6.29,0.8,6.21,268943000.0,625800000.0,625800000.0,625800000.0,1423144000.0,3492522000.0,397000.0,1095565000.0,1423144000.0,2069378000.0,79467000.0,1095565000.0,973813000.0,-79070000.0,894743000.0,3492522000.0,100300000.0,100068000.0,101006000.0
Roper Technologies Inc,ROP,549300LJXD867XMVE759,882835,2014.0,Q2,2014-04-01,2014-06-30,2015-08-06 09:06:27+00:00,1.58,1.58,0.2,1.56,68863000.0,157361000.0,157361000.0,157361000.0,361993000.0,885175000.0,-930000.0,276516000.0,361993000.0,523182000.0,19512000.0,276516000.0,246666000.0,-20442000.0,226224000.0,885175000.0,99600000.0,99881000.0,100823000.0
Roper Technologies Inc,ROP,549300LJXD867XMVE759,882835,2014.0,Q2YTD,2014-01-01,2014-06-30,,3.06,3.06,0.4,3.02,126630000.0,304587000.0,304587000.0,304587000.0,707109000.0,1719227000.0,490000.0,542052000.0,707109000.0,1012118000.0,39339000.0,542052000.0,470066000.0,-38849000.0,431217000.0,1719227000.0,99600000.0,99881000.0,100823000.0
Roper Technologies Inc,ROP,549300LJXD867XMVE759,882835,2014.0,Q2TTM,2013-07-01,2014-06-30,,6.11,6.11,0.77,6.03,256986000.0,606613000.0,606613000.0,606613000.0,1408247000.0,3436210000.0,254000.0,1080459000.0,1408247000.0,2027963000.0,84159000.0,1080459000.0,947504000.0,-83905000.0,863599000.0,3436210000.0,99600000.0,99881000.0,100823000.0
Roper Technologies Inc,ROP,549300LJXD867XMVE759,882835,2014.0,Q1,2014-01-01,2014-03-31,2015-05-06 11:19:41+00:00,1.48,1.48,0.2,1.46,57767000.0,147226000.0,147226000.0,147226000.0,345116000.0,834052000.0,1420000.0,265536000.0,345116000.0,488936000.0,19827000.0,265536000.0,223400000.0,-18407000.0,204993000.0,834052000.0,99500000.0,99557000.0,100572000.0
Roper Technologies Inc,ROP,549300LJXD867XMVE759,882835,2014.0,Q1TTM,2013-04-01,2014-03-31,,5.65,5.65,0.73,5.58,236691000.0,560605000.0,560605000.0,560605000.0,1384757000.0,3335045000.0,3720000.0,1069704000.0,1384757000.0,1950288000.0,87008000.0,1069704000.0,880584000.0,-83288000.0,797296000.0,3335045000.0,99500000.0,99557000.0,100572000.0
Roper Technologies Inc,ROP,549300LJXD867XMVE759,882835,2015.0,FY,2015-01-01,2015-12-31,2018-02-23 16:10:12+00:00,6.92,6.92,1.05,6.85,306278000.0,696067000.0,696067000.0,696067000.0,1417749000.0,3582395000.0,58652000.0,1136728000.0,1417749000.0,2164646000.0,84225000.0,1136728000.0,1027918000.0,-25573000.0,1002345000.0,3582395000.0,100600000.0,100616000.0,101597000.0
Roper Technologies Inc,ROP,549300LJXD867XMVE759,882835,2015.0,Q4,2015-10-01,2015-12-31,,2.08,2.08,0.3,2.04,106837000.0,208597000.0,208597000.0,208597000.0,364549000.0,943640000.0,60600000.0,300414000.0,364549000.0,579091000.0,23843000.0,300414000.0,278677000.0,36757000.0,315434000.0,943640000.0,100600000.0,100616000.0,101597000.0
Roper Technologies Inc,ROP,549300LJXD867XMVE759,882835,2015.0,Q3,2015-07-01,2015-09-30,2016-11-04 14:54:56+00:00,1.59,1.59,0.25,1.58,69836000.0,160417000.0,160417000.0,160417000.0,350450000.0,883933000.0,251000.0,283112000.0,350450000.0,533483000.0,20369000.0,283112000.0,250371000.0,-20118000.0,230253000.0,883933000.0,100900000.0,100681000.0,101607000.0
Roper Technologies Inc,ROP,549300LJXD867XMVE759,882835,2015.0,Q3YTD,2015-01-01,2015-09-30,,4.84,4.84,0.75,4.81,199441000.0,487470000.0,487470000.0,487470000.0,1053200000.0,2638755000.0,-1948000.0,836314000.0,1053200000.0,1585555000.0,60382000.0,836314000.0,749241000.0,-62330000.0,686911000.0,2638755000.0,100900000.0,100681000.0,101607000.0
Roper Technologies Inc,ROP,549300LJXD867XMVE759,882835,2015.0,Q3TTM,2014-10-01,2015-09-30,,6.7,6.7,1.0,6.65,277547000.0,673406000.0,673406000.0,673406000.0,1433604000.0,3584900000.0,-2370000.0,1118306000.0,1433604000.0,2151296000.0,79667000.0,1118306000.0,1032990000.0,-82037000.0,950953000.0,3584900000.0,100900000.0,100681000.0,101607000.0
Roper Technologies Inc,ROP,549300LJXD867XMVE759,882835,2015.0,Q2,2015-04-01,2015-06-30,2016-08-05 14:41:12+00:00,1.7,1.7,0.25,1.69,58997000.0,171280000.0,171280000.0,171280000.0,355630000.0,889541000.0,-1520000.0,281937000.0,355630000.0,533911000.0,20177000.0,281937000.0,251974000.0,-21697000.0,230277000.0,889541000.0,100800000.0,100573000.0,101569000.0
Roper Technologies Inc,ROP,549300LJXD867XMVE759,882835,2015.0,Q2YTD,2015-01-01,2015-06-30,,3.25,3.25,0.5,3.23,129605000.0,327053000.0,327053000.0,327053000.0,702750000.0,1754822000.0,-2199000.0,553202000.0,702750000.0,1052072000.0,40013000.0,553202000.0,498870000.0,-42212000.0,456658000.0,1754822000.0,100800000.0,100573000.0,101569000.0
Roper Technologies Inc,ROP,549300LJXD867XMVE759,882835,2015.0,Q2TTM,2014-07-01,2015-06-30,,6.66,6.66,0.95,6.61,278398000.0,668499000.0,668499000.0,668499000.0,1443236000.0,3585089000.0,-2069000.0,1113576000.0,1443236000.0,2141853000.0,79311000.0,1113576000.0,1028277000.0,-81380000.0,946897000.0,3585089000.0,100800000.0,100573000.0,101569000.0
Roper Technologies Inc,ROP,549300LJXD867XMVE759,882835,2015.0,Q1,2015-01-01,2015-03-31,2016-05-06 15:17:38+00:00,1.55,1.55,0.25,1.54,70608000.0,155773000.0,155773000.0,155773000.0,347120000.0,865281000.0,-679000.0,271265000.0,347120000.0,518161000.0,19836000.0,271265000.0,246896000.0,-20515000.0,226381000.0,865281000.0,100500000.0,100377000.0,101361000.0
Roper Technologies Inc,ROP,549300LJXD867XMVE759,882835,2015.0,Q1TTM,2014-04-01,2015-03-31,,6.54,6.54,0.9,6.48,288264000.0,654580000.0,654580000.0,654580000.0,1449599000.0,3580723000.0,-1479000.0,1108155000.0,1449599000.0,2131124000.0,78646000.0,1108155000.0,1022969000.0,-80125000.0,942844000.0,3580723000.0,100500000.0,100377000.0,101361000.0
Roper Technologies Inc,ROP,549300LJXD867XMVE759,882835,2016.0,FY,2016-01-01,2016-12-31,2019-02-25 11:44:47+00:00,6.5,6.5,1.25,6.43,282000000.0,658600000.0,658600000.0,658600000.0,1457500000.0,3789900000.0,-1500000.0,1277800000.0,1457500000.0,2332400000.0,112500000.0,1277800000.0,1054600000.0,-114000000.0,940600000.0,3789900000.0,101300000.0,101300000.0,102500000.0
Roper Technologies Inc,ROP,549300LJXD867XMVE759,882835,2016.0,Q4,2016-10-01,2016-12-31,,1.79,1.79,0.35,1.78,76178000.0,182036000.0,182036000.0,182036000.0,383907000.0,1010775000.0,497000.0,337727000.0,383907000.0,626868000.0,31424000.0,337727000.0,289141000.0,-30927000.0,258214000.0,1010775000.0,101300000.0,101300000.0,102500000.0
Roper Technologies Inc,ROP,549300LJXD867XMVE759,882835,2016.0,Q3,2016-07-01,2016-09-30,2017-11-06 11:08:21+00:00,1.65,1.65,0.3,1.63,72977000.0,167079000.0,167079000.0,167079000.0,366651000.0,945144000.0,-534000.0,311103000.0,366651000.0,578493000.0,26800000.0,311103000.0,267390000.0,-27334000.0,240056000.0,945144000.0,101300000.0,101372000.0,102522000.0
Roper Technologies Inc,ROP,549300LJXD867XMVE759,882835,2016.0,Q3YTD,2016-01-01,2016-09-30,,4.71,4.71,0.9,4.65,205822000.0,476564000.0,476564000.0,476564000.0,1073593000.0,2779125000.0,-1997000.0,940073000.0,1073593000.0,1705532000.0,81076000.0,940073000.0,765459000.0,-83073000.0,682386000.0,2779125000.0,101300000.0,101372000.0,102522000.0
Roper Technologies Inc,ROP,549300LJXD867XMVE759,882835,2016.0,Q3TTM,2015-10-01,2016-09-30,,6.79,6.79,1.2,6.69,312659000.0,685161000.0,685161000.0,685161000.0,1438142000.0,3722765000.0,58603000.0,1240487000.0,1438142000.0,2284623000.0,104919000.0,1240487000.0,1044136000.0,-46316000.0,997820000.0,3722765000.0,101300000.0,101372000.0,102522000.0
Roper Technologies Inc,ROP,549300LJXD867XMVE759,882835,2016.0,Q2,2016-04-01,2016-06-30,2017-08-07 11:46:22+00:00,1.56,1.56,0.3,1.54,66812000.0,158069000.0,158069000.0,158069000.0,364038000.0,931558000.0,-1334000.0,314442000.0,364038000.0,567520000.0,26863000.0,314442000.0,253078000.0,-28197000.0,224881000.0,931558000.0,101300000.0,101249000.0,102466000.0
Roper Technologies Inc,ROP,549300LJXD867XMVE759,882835,2016.0,Q2YTD,2016-01-01,2016-06-30,,3.06,3.06,0.6,3.02,132845000.0,309485000.0,309485000.0,309485000.0,706942000.0,1833981000.0,-1463000.0,628970000.0,706942000.0,1127039000.0,54276000.0,628970000.0,498069000.0,-55739000.0,442330000.0,1833981000.0,101300000.0,101249000.0,102466000.0
Roper Technologies Inc,ROP,549300LJXD867XMVE759,882835,2016.0,Q2TTM,2015-07-01,2016-06-30,,6.73,6.73,1.15,6.64,309518000.0,678499000.0,678499000.0,678499000.0,1421941000.0,3661554000.0,59388000.0,1212496000.0,1421941000.0,2239613000.0,98488000.0,1212496000.0,1027117000.0,-39100000.0,988017000.0,3661554000.0,101300000.0,101249000.0,102466000.0
Roper Technologies Inc,ROP,549300LJXD867XMVE759,882835,2016.0,Q1,2016-01-01,2016-03-31,2017-05-05 10:46:34+00:00,1.5,1.5,0.3,1.48,66033000.0,151416000.0,151416000.0,151416000.0,342904000.0,902423000.0,-129000.0,314528000.0,342904000.0,559519000.0,27413000.0,314528000.0,244991000.0,-27542000.0,217449000.0,902423000.0,100900000.0,101071000.0,102318000.0
Roper Technologies Inc,ROP,549300LJXD867XMVE759,882835,2016.0,Q1TTM,2015-04-01,2016-03-31,,6.87,6.87,1.1,6.79,301703000.0,691710000.0,691710000.0,691710000.0,1413533000.0,3619537000.0,59202000.0,1179991000.0,1413533000.0,2206004000.0,91802000.0,1179991000.0,1026013000.0,-32600000.0,993413000.0,3619537000.0,100900000.0,101071000.0,102318000.0
Roper Technologies Inc,ROP,549300LJXD867XMVE759,882835,2017.0,FY,2017-01-01,2017-12-31,2020-02-28 14:02:08+00:00,9.51,9.51,1.4625,9.39,62900000.0,971800000.0,971800000.0,971800000.0,1742700000.0,4607500000.0,5100000.0,1654600000.0,1742700000.0,2864800000.0,180600000.0,1654600000.0,1210200000.0,-175500000.0,1034700000.0,4607500000.0,102200000.0,102200000.0,103500000.0
Roper Technologies Inc,ROP,549300LJXD867XMVE759,882835,2017.0,Q4,2017-10-01,2017-12-31,,4.34,4.34,0.41,4.28,-140500000.0,443900000.0,443900000.0,443900000.0,461500000.0,1226600000.0,-100000.0,418200000.0,461500000.0,765100000.0,43400000.0,418200000.0,346900000.0,-43500000.0,303400000.0,1226600000.0,102200000.0,102200000.0,103500000.0
Roper Technologies Inc,ROP,549300LJXD867XMVE759,882835,2017.0,Q3,2017-07-01,2017-09-30,2018-11-05 11:06:00+00:00,1.86,1.86,0.35,1.84,74300000.0,190300000.0,190300000.0,190300000.0,433500000.0,1159900000.0,-700000.0,415600000.0,433500000.0,726400000.0,45500000.0,415600000.0,310800000.0,-46200000.0,264600000.0,1159900000.0,102300000.0,102300000.0,103700000.0
Roper Technologies Inc,ROP,549300LJXD867XMVE759,882835,2017.0,Q3YTD,2017-01-01,2017-09-30,,5.17,5.17,1.05,5.11,203400000.0,527900000.0,527900000.0,527900000.0,1281200000.0,3380900000.0,5200000.0,1236400000.0,1281200000.0,2099700000.0,137200000.0,1236400000.0,863300000.0,-132000000.0,731300000.0,3380900000.0,102300000.0,102300000.0,103700000.0
Roper Technologies Inc,ROP,549300LJXD867XMVE759,882835,2017.0,Q3TTM,2016-10-01,2017-09-30,,6.96,6.96,1.4,6.89,279578000.0,709936000.0,709936000.0,709936000.0,1665107000.0,4391675000.0,5697000.0,1574127000.0,1665107000.0,2726568000.0,168624000.0,1574127000.0,1152441000.0,-162927000.0,989514000.0,4391675000.0,102300000.0,102300000.0,103700000.0
Roper Technologies Inc,ROP,549300LJXD867XMVE759,882835,2017.0,Q2,2017-04-01,2017-06-30,2018-08-06 10:43:28+00:00,1.76,1.76,0.35,1.74,75900000.0,179500000.0,179500000.0,179500000.0,429000000.0,1134700000.0,7000000.0,411500000.0,429000000.0,705700000.0,45800000.0,411500000.0,294200000.0,-38800000.0,255400000.0,1134700000.0,102000000.0,102100000.0,103400000.0
Roper Technologies Inc,ROP,549300LJXD867XMVE759,882835,2017.0,Q2YTD,2017-01-01,2017-06-30,,3.31,3.31,0.7,3.27,129100000.0,337600000.0,337600000.0,337600000.0,847700000.0,2221000000.0,5900000.0,820800000.0,847700000.0,1373300000.0,91700000.0,820800000.0,552500000.0,-85800000.0,466700000.0,2221000000.0,102000000.0,102100000.0,103400000.0
Roper Technologies Inc,ROP,549300LJXD867XMVE759,882835,2017.0,Q2TTM,2016-07-01,2017-06-30,,6.75,6.75,1.35,6.68,278255000.0,686715000.0,686715000.0,686715000.0,1598258000.0,4176919000.0,5863000.0,1469630000.0,1598258000.0,2578661000.0,149924000.0,1469630000.0,1109031000.0,-144061000.0,964970000.0,4176919000.0,102000000.0,102100000.0,103400000.0
Roper Technologies Inc,ROP,549300LJXD867XMVE759,882835,2017.0,Q1,2017-01-01,2017-03-31,2018-05-04 15:06:17+00:00,1.55,1.55,0.35,1.53,53200000.0,158100000.0,158100000.0,158100000.0,418700000.0,1086300000.0,-1100000.0,409300000.0,418700000.0,667600000.0,45900000.0,409300000.0,258300000.0,-47000000.0,211300000.0,1086300000.0,102000000.0,101900000.0,103100000.0
Roper Technologies Inc,ROP,549300LJXD867XMVE759,882835,2017.0,Q1TTM,2016-04-01,2017-03-31,,6.55,6.55,1.3,6.48,269167000.0,665284000.0,665284000.0,665284000.0,1533296000.0,3973777000.0,-2471000.0,1372572000.0,1533296000.0,2440481000.0,130987000.0,1372572000.0,1067909000.0,-133458000.0,934451000.0,3973777000.0,102000000.0,101900000.0,103100000.0
Roper Technologies Inc,ROP,549300LJXD867XMVE759,882835,2018.0,FY,2018-01-01,2018-12-31,2020-02-28 14:02:08+00:00,9.15,9.15,1.7,9.05,254000000.0,944400000.0,944400000.0,944400000.0,1911700000.0,5191200000.0,0.0,1883100000.0,1911700000.0,3279500000.0,198000000.0,1883100000.0,1396400000.0,-198000000.0,1198400000.0,5191200000.0,103200000.0,103200000.0,104400000.0
Roper Technologies Inc,ROP,549300LJXD867XMVE759,882835,2018.0,Q4,2018-10-01,2018-12-31,,2.5,2.5,0.46,2.46,61000000.0,257100000.0,257100000.0,257100000.0,503200000.0,1376300000.0,1000000.0,508700000.0,503200000.0,873100000.0,47300000.0,508700000.0,364400000.0,-46300000.0,318100000.0,1376300000.0,103200000.0,103200000.0,104400000.0
Roper Technologies Inc,ROP,549300LJXD867XMVE759,882835,2018.0,Q3,2018-07-01,2018-09-30,2019-11-01 12:55:08+00:00,2.39,2.39,0.4125,2.37,64000000.0,247600000.0,247600000.0,247600000.0,478700000.0,1318700000.0,-1600000.0,462500000.0,478700000.0,840000000.0,64300000.0,462500000.0,377500000.0,-65900000.0,311600000.0,1318700000.0,103600000.0,103400000.0,104600000.0
Roper Technologies Inc,ROP,549300LJXD867XMVE759,882835,2018.0,Q3YTD,2018-01-01,2018-09-30,,6.65,6.65,1.24,6.59,193000000.0,687300000.0,687300000.0,687300000.0,1408500000.0,3814900000.0,-1000000.0,1374400000.0,1408500000.0,2406400000.0,150700000.0,1374400000.0,1032000000.0,-151700000.0,880300000.0,3814900000.0,103600000.0,103400000.0,104600000.0
Roper Technologies Inc,ROP,549300LJXD867XMVE759,882835,2018.0,Q3TTM,2017-10-01,2018-09-30,,10.99,10.99,1.65,10.87,52500000.0,1131200000.0,1131200000.0,1131200000.0,1870000000.0,5041500000.0,-1100000.0,1792600000.0,1870000000.0,3171500000.0,194100000.0,1792600000.0,1378900000.0,-195200000.0,1183700000.0,5041500000.0,103600000.0,103400000.0,104600000.0
Roper Technologies Inc,ROP,549300LJXD867XMVE759,882835,2018.0,Q2,2018-04-01,2018-06-30,2019-08-02 12:20:21+00:00,2.21,2.21,0.4125,2.19,85000000.0,228400000.0,228400000.0,228400000.0,477800000.0,1293700000.0,2300000.0,461600000.0,477800000.0,815900000.0,43200000.0,461600000.0,354300000.0,-40900000.0,313400000.0,1293700000.0,103300000.0,103200000.0,104400000.0
Roper Technologies Inc,ROP,549300LJXD867XMVE759,882835,2018.0,Q2YTD,2018-01-01,2018-06-30,,4.26,4.26,0.83,4.22,129000000.0,439700000.0,439700000.0,439700000.0,929800000.0,2496200000.0,600000.0,911900000.0,929800000.0,1566400000.0,86400000.0,911900000.0,654500000.0,-85800000.0,568700000.0,2496200000.0,103300000.0,103200000.0,104400000.0
Roper Technologies Inc,ROP,549300LJXD867XMVE759,882835,2018.0,Q2TTM,2017-07-01,2018-06-30,,10.46,10.46,1.59,10.34,62800000.0,1073900000.0,1073900000.0,1073900000.0,1824800000.0,4882700000.0,-200000.0,1745700000.0,1824800000.0,3057900000.0,175300000.0,1745700000.0,1312200000.0,-175500000.0,1136700000.0,4882700000.0,103300000.0,103200000.0,104400000.0
Roper Technologies Inc,ROP,549300LJXD867XMVE759,882835,2018.0,Q1TTM,2017-04-01,2018-03-31,,10.01,10.01,1.53,9.89,53700000.0,1025000000.0,1025000000.0,1025000000.0,1776000000.0,4723700000.0,4500000.0,1695600000.0,1776000000.0,2947700000.0,177900000.0,1695600000.0,1252100000.0,-173400000.0,1078700000.0,4723700000.0,103100000.0,102900000.0,104200000.0
Roper Technologies Inc,ROP,549300LJXD867XMVE759,882835,2018.0,Q1,2018-01-01,2018-03-31,2019-05-03 13:35:15+00:00,2.05,2.05,0.4125,2.03,44000000.0,211300000.0,211300000.0,211300000.0,452000000.0,1202500000.0,-1700000.0,450300000.0,452000000.0,750500000.0,43200000.0,450300000.0,300200000.0,-44900000.0,255300000.0,1202500000.0,103100000.0,102900000.0,104200000.0
Roper Technologies Inc,ROP,549300LJXD867XMVE759,882835,2019.0,Q4,2019-10-01,2019-12-31,,8.38,8.38,0.51,8.27,276900000.0,871100000.0,871100000.0,871100000.0,501900000.0,1394800000.0,798600000.0,494500000.0,501900000.0,892900000.0,49000000.0,494500000.0,398400000.0,749600000.0,1148000000.0,1394800000.0,103900000.0,103900000.0,105100000.0
Roper Technologies Inc,ROP,549300LJXD867XMVE759,882835,2019.0,FY,2019-01-01,2019-12-31,2020-02-28 14:02:08+00:00,17.02,17.02,1.9,16.82,459500000.0,1767900000.0,1767900000.0,1767900000.0,1939700000.0,5366800000.0,915600000.0,1928700000.0,1939700000.0,3427100000.0,186600000.0,1928700000.0,1498400000.0,729000000.0,2227400000.0,5366800000.0,103900000.0,103900000.0,105100000.0
Roper Technologies Inc,ROP,549300LJXD867XMVE759,882835,2019.0,Q3YTD,2019-01-01,2019-09-30,,8.64,8.64,1.39,8.55,182600000.0,896800000.0,896800000.0,896800000.0,1437800000.0,3972000000.0,117000000.0,1434200000.0,1437800000.0,2534200000.0,137600000.0,1434200000.0,1100000000.0,-20600000.0,1079400000.0,3972000000.0,103900000.0,104000000.0,105200000.0
Roper Technologies Inc,ROP,549300LJXD867XMVE759,882835,2019.0,Q3TTM,2018-10-01,2019-09-30,,11.14,11.14,1.85,11.01,243600000.0,1153900000.0,1153900000.0,1153900000.0,1941000000.0,5348300000.0,118000000.0,1942900000.0,1941000000.0,3407300000.0,184900000.0,1942900000.0,1464400000.0,-66900000.0,1397500000.0,5348300000.0,103900000.0,104000000.0,105200000.0
Roper Technologies Inc,ROP,549300LJXD867XMVE759,882835,2019.0,Q3,2019-07-01,2019-09-30,2019-11-01 12:55:08+00:00,2.67,2.67,0.4625,2.64,60400000.0,277500000.0,277500000.0,277500000.0,480900000.0,1354500000.0,1500000.0,488400000.0,480900000.0,873600000.0,48800000.0,488400000.0,385200000.0,-47300000.0,337900000.0,1354500000.0,103900000.0,104000000.0,105200000.0
Roper Technologies Inc,ROP,549300LJXD867XMVE759,882835,2019.0,Q2YTD,2019-01-01,2019-06-30,,5.97,5.97,0.93,5.91,122200000.0,619300000.0,619300000.0,619300000.0,956900000.0,2617500000.0,115500000.0,945800000.0,956900000.0,1660600000.0,88800000.0,945800000.0,714800000.0,26700000.0,741500000.0,2617500000.0,104000000.0,103900000.0,105100000.0
Roper Technologies Inc,ROP,549300LJXD867XMVE759,882835,2019.0,Q2TTM,2018-07-01,2019-06-30,,10.86,10.86,1.8,10.74,247200000.0,1124000000.0,1124000000.0,1124000000.0,1938800000.0,5312500000.0,114900000.0,1917000000.0,1938800000.0,3373700000.0,200400000.0,1917000000.0,1456700000.0,-85500000.0,1371200000.0,5312500000.0,104000000.0,103900000.0,105100000.0
Roper Technologies Inc,ROP,549300LJXD867XMVE759,882835,2019.0,Q2,2019-04-01,2019-06-30,2019-08-02 12:20:21+00:00,2.4,2.4,0.4625,2.38,72600000.0,249700000.0,249700000.0,249700000.0,480300000.0,1330300000.0,-1000000.0,481600000.0,480300000.0,850000000.0,45100000.0,481600000.0,368400000.0,-46100000.0,322300000.0,1330300000.0,104000000.0,103900000.0,105100000.0
Roper Technologies Inc,ROP,549300LJXD867XMVE759,882835,2019.0,Q1,2019-01-01,2019-03-31,2020-05-06 13:26:18+00:00,3.57,3.57,0.4625,3.53,49600000.0,369600000.0,369600000.0,369600000.0,476600000.0,1287200000.0,116500000.0,464200000.0,476600000.0,810600000.0,43700000.0,464200000.0,346400000.0,72800000.0,419200000.0,1287200000.0,103500000.0,103600000.0,104700000.0
Roper Technologies Inc,ROP,549300LJXD867XMVE759,882835,2019.0,Q1TTM,2018-04-01,2019-03-31,,10.67,10.67,1.75,10.55,259600000.0,1102700000.0,1102700000.0,1102700000.0,1936300000.0,5275900000.0,118200000.0,1897000000.0,1936300000.0,3339600000.0,198500000.0,1897000000.0,1442600000.0,-80300000.0,1362300000.0,5275900000.0,103500000.0,103600000.0,104700000.0
Roper Technologies Inc,ROP,549300LJXD867XMVE759,882835,2020.0,Q1TTM,2019-04-01,2020-03-31,,15.75,15.75,1.95,15.57,474200000.0,1638600000.0,1638600000.0,1638600000.0,1957000000.0,5430300000.0,799900000.0,1972100000.0,1957000000.0,3473300000.0,188300000.0,1972100000.0,1501200000.0,611600000.0,2112800000.0,5430300000.0,104500000.0,104300000.0,105300000.0
Roper Technologies Inc,ROP,549300LJXD867XMVE759,882835,2020.0,Q1,2020-01-01,2020-03-31,2020-05-06 13:26:18+00:00,2.3,2.3,0.5125,2.28,64300000.0,240300000.0,240300000.0,240300000.0,493900000.0,1350700000.0,800000.0,507600000.0,493900000.0,856800000.0,45400000.0,507600000.0,349200000.0,-44600000.0,304600000.0,1350700000.0,104500000.0,104300000.0,105300000.0
