company_name,company_ticker,company_lei,company_cik,year,quarter,start_date,end_date,filing_date,amortizationexpense,basicdilutedeps,basiceps,cashdividendspershare,depreciationexpense,dilutedeps,incometaxexpense,netincome,netincomecontinuing,netincometocommon,operatingcostofrevenue,operatingrevenue,otherincome,otheroperatingexpenses,rdexpense,restructuringcharge,sgaexpense,totalcostofrevenue,totalgrossprofit,totalinterestexpense,totalinterestincome,totaloperatingexpenses,totaloperatingincome,totalotherincome,totalpretaxincome,totalrevenue,weightedavebasicdilutedsharesos,weightedavebasicsharesos,weightedavedilutedsharesos
Intel Corp,INTC,KNX4USFCNGPY45LOCE31,50863,2007.0,FY,2006-12-31,2007-12-29,2010-02-22 17:14:00+00:00,16000000.0,1.2,1.2,,,1.18,2190000000.0,6976000000.0,6976000000.0,6976000000.0,18430000000.0,38334000000.0,,,5755000000.0,516000000.0,5401000000.0,18430000000.0,19904000000.0,-793000000.0,157000000.0,11688000000.0,8216000000.0,950000000.0,9166000000.0,38334000000.0,5813300000.0,5816000000.0,5936000000.0
Intel Corp,INTC,KNX4USFCNGPY45LOCE31,50863,2008.0,FY,2007-12-30,2008-12-27,2011-02-18 17:20:31+00:00,6000000.0,0.93,0.93,0.5475,,0.92,2394000000.0,5292000000.0,5292000000.0,5292000000.0,16742000000.0,37586000000.0,,,5722000000.0,710000000.0,5452000000.0,16742000000.0,20844000000.0,-488000000.0,-1756000000.0,11890000000.0,8954000000.0,-1268000000.0,7686000000.0,37586000000.0,5690300000.0,5663000000.0,5748000000.0
Intel Corp,INTC,KNX4USFCNGPY45LOCE31,50863,2008.0,Q3,2008-06-29,2008-09-27,2009-11-02 17:10:52+00:00,1000000.0,0.36,0.36,0.28,,0.35,819000000.0,2014000000.0,2014000000.0,2014000000.0,4198000000.0,10217000000.0,,,1471000000.0,34000000.0,1415000000.0,4198000000.0,6019000000.0,-131000000.0,-396000000.0,2921000000.0,3098000000.0,-265000000.0,2833000000.0,10217000000.0,5594400000.0,5603000000.0,5692000000.0
Intel Corp,INTC,KNX4USFCNGPY45LOCE31,50863,2008.0,Q2,2008-03-29,2008-06-28,2009-08-03 17:08:44+00:00,,0.28,0.28,0.0,,0.28,712000000.0,1601000000.0,1601000000.0,1601000000.0,4221000000.0,9470000000.0,,,1468000000.0,96000000.0,1430000000.0,4221000000.0,5249000000.0,-167000000.0,-109000000.0,2994000000.0,2255000000.0,58000000.0,2313000000.0,9470000000.0,5717900000.0,5699000000.0,5800000000.0
Intel Corp,INTC,KNX4USFCNGPY45LOCE31,50863,2009.0,FY,2008-12-28,2009-12-26,2012-02-23 17:05:25+00:00,,0.79,0.79,,,0.77,1335000000.0,4369000000.0,4369000000.0,4369000000.0,15566000000.0,35127000000.0,,35000000.0,5653000000.0,231000000.0,7931000000.0,15566000000.0,19561000000.0,-163000000.0,-170000000.0,13850000000.0,5711000000.0,-7000000.0,5704000000.0,35127000000.0,5530400000.0,5557000000.0,5645000000.0
Intel Corp,INTC,KNX4USFCNGPY45LOCE31,50863,2009.0,Q4,2009-09-27,2009-12-26,,-16000000.0,0.41,0.41,-0.56,,0.4,311000000.0,2282000000.0,2282000000.0,2282000000.0,3729000000.0,10569000000.0,,35000000.0,1603000000.0,3000000.0,2718000000.0,3729000000.0,6840000000.0,-5000000.0,91000000.0,4343000000.0,2497000000.0,96000000.0,2593000000.0,10569000000.0,5530400000.0,5557000000.0,5645000000.0
Intel Corp,INTC,KNX4USFCNGPY45LOCE31,50863,2009.0,Q3YTD,2008-12-28,2009-09-26,,16000000.0,0.38,0.38,0.56,,0.37,1024000000.0,2087000000.0,2087000000.0,2087000000.0,11837000000.0,24558000000.0,,,4050000000.0,228000000.0,5213000000.0,11837000000.0,12721000000.0,-158000000.0,-261000000.0,9507000000.0,3214000000.0,-103000000.0,3111000000.0,24558000000.0,5458800000.0,5537000000.0,5616000000.0
Intel Corp,INTC,KNX4USFCNGPY45LOCE31,50863,2009.0,Q3,2009-06-28,2009-09-26,2010-11-02 17:12:31+00:00,12000000.0,0.34,0.34,0.28,,0.33,676000000.0,1856000000.0,1856000000.0,1856000000.0,3985000000.0,9389000000.0,,,1430000000.0,63000000.0,1320000000.0,3985000000.0,5404000000.0,-32000000.0,-79000000.0,2825000000.0,2579000000.0,-47000000.0,2532000000.0,9389000000.0,5458800000.0,5537000000.0,5616000000.0
Intel Corp,INTC,KNX4USFCNGPY45LOCE31,50863,2009.0,Q2YTD,2008-12-28,2009-06-27,,4000000.0,0.04,0.04,0.28,,0.04,348000000.0,231000000.0,231000000.0,231000000.0,7852000000.0,15169000000.0,,,2620000000.0,165000000.0,3893000000.0,7852000000.0,7317000000.0,-126000000.0,-182000000.0,6682000000.0,635000000.0,-56000000.0,579000000.0,15169000000.0,5685700000.0,5595000000.0,5595000000.0
Intel Corp,INTC,KNX4USFCNGPY45LOCE31,50863,2009.0,Q2,2009-03-29,2009-06-27,2010-07-30 17:12:47+00:00,2000000.0,-0.07,-0.07,0.0,,-0.07,348000000.0,-398000000.0,-398000000.0,-398000000.0,3945000000.0,8024000000.0,,,1303000000.0,91000000.0,2695000000.0,3945000000.0,4079000000.0,-31000000.0,-69000000.0,4091000000.0,-12000000.0,-38000000.0,-50000000.0,8024000000.0,5685700000.0,5595000000.0,5595000000.0
Intel Corp,INTC,KNX4USFCNGPY45LOCE31,50863,2009.0,Q1,2008-12-28,2009-03-28,2010-05-03 17:17:00+00:00,2000000.0,0.11,0.11,0.28,,0.11,0.0,629000000.0,629000000.0,629000000.0,3907000000.0,7145000000.0,,,1317000000.0,74000000.0,1198000000.0,3907000000.0,3238000000.0,-95000000.0,-113000000.0,2591000000.0,647000000.0,-18000000.0,629000000.0,7145000000.0,5718200000.0,5573000000.0,5634000000.0
Intel Corp,INTC,KNX4USFCNGPY45LOCE31,50863,2010.0,FY,2009-12-27,2010-12-25,2012-02-23 17:05:25+00:00,,2.06,2.06,,,2.01,4581000000.0,11464000000.0,11464000000.0,11464000000.0,15132000000.0,43623000000.0,,,6576000000.0,0.0,6309000000.0,15132000000.0,28491000000.0,-109000000.0,348000000.0,12885000000.0,15588000000.0,457000000.0,16045000000.0,43623000000.0,5565000000.0,5555000000.0,5696000000.0
Intel Corp,INTC,KNX4USFCNGPY45LOCE31,50863,2010.0,Q4,2010-09-26,2010-12-25,,-7000000.0,0.57,0.57,-0.63,,0.55,983000000.0,3180000000.0,3180000000.0,3180000000.0,4051000000.0,11457000000.0,,,1671000000.0,,1705000000.0,4051000000.0,7406000000.0,-31000000.0,109000000.0,3369000000.0,4023000000.0,140000000.0,4163000000.0,11457000000.0,5565000000.0,5555000000.0,5696000000.0
Intel Corp,INTC,KNX4USFCNGPY45LOCE31,50863,2010.0,Q3,2010-06-27,2010-09-25,2011-11-04 17:08:32+00:00,4000000.0,0.53,0.53,0.315,,0.52,1296000000.0,2955000000.0,2955000000.0,2955000000.0,3781000000.0,11102000000.0,,,1675000000.0,,1506000000.0,3781000000.0,7321000000.0,-38000000.0,77000000.0,3185000000.0,4136000000.0,115000000.0,4251000000.0,11102000000.0,5575500000.0,5575000000.0,5694000000.0
Intel Corp,INTC,KNX4USFCNGPY45LOCE31,50863,2010.0,Q3YTD,2009-12-27,2010-09-25,,7000000.0,1.49,1.49,0.63,,1.46,3598000000.0,8284000000.0,8284000000.0,8284000000.0,11081000000.0,32166000000.0,,,4905000000.0,,4604000000.0,11081000000.0,21085000000.0,-78000000.0,239000000.0,9516000000.0,11565000000.0,317000000.0,11882000000.0,32166000000.0,5575500000.0,5575000000.0,5694000000.0
Intel Corp,INTC,KNX4USFCNGPY45LOCE31,50863,2010.0,Q3TTM,2009-09-27,2010-09-25,,-9000000.0,1.9,1.9,0.07,,1.86,3909000000.0,10566000000.0,10566000000.0,10566000000.0,14810000000.0,42735000000.0,,35000000.0,6508000000.0,3000000.0,7322000000.0,14810000000.0,27925000000.0,-83000000.0,330000000.0,13859000000.0,14062000000.0,413000000.0,14475000000.0,42735000000.0,5575500000.0,5575000000.0,5694000000.0
Intel Corp,INTC,KNX4USFCNGPY45LOCE31,50863,2010.0,Q2,2010-03-28,2010-06-26,2011-08-08 17:16:00+00:00,,0.52,0.52,0.0,,0.51,1298000000.0,2887000000.0,2887000000.0,2887000000.0,3530000000.0,10765000000.0,,,1666000000.0,,1584000000.0,3530000000.0,7235000000.0,-11000000.0,193000000.0,3250000000.0,3981000000.0,204000000.0,4185000000.0,10765000000.0,5551900000.0,5563000000.0,5711000000.0
Intel Corp,INTC,KNX4USFCNGPY45LOCE31,50863,2010.0,Q2YTD,2009-12-27,2010-06-26,,3000000.0,0.96,0.96,0.32,,0.94,2302000000.0,5329000000.0,5329000000.0,5329000000.0,7300000000.0,21064000000.0,,,3230000000.0,,3098000000.0,7300000000.0,13764000000.0,-40000000.0,162000000.0,6331000000.0,7429000000.0,202000000.0,7631000000.0,21064000000.0,5551900000.0,5563000000.0,5711000000.0
Intel Corp,INTC,KNX4USFCNGPY45LOCE31,50863,2010.0,Q2TTM,2009-06-28,2010-06-26,,-1000000.0,1.71,1.71,0.03,,1.67,3289000000.0,9467000000.0,9467000000.0,9467000000.0,15014000000.0,41022000000.0,,35000000.0,6263000000.0,66000000.0,7136000000.0,15014000000.0,26008000000.0,-77000000.0,174000000.0,13499000000.0,12505000000.0,251000000.0,12756000000.0,41022000000.0,5551900000.0,5563000000.0,5711000000.0
Intel Corp,INTC,KNX4USFCNGPY45LOCE31,50863,2010.0,Q1TTM,2009-03-29,2010-03-27,,1000000.0,1.12,1.12,0.03,,1.09,2339000000.0,6182000000.0,6182000000.0,6182000000.0,15429000000.0,38281000000.0,,35000000.0,5900000000.0,157000000.0,8247000000.0,15429000000.0,22852000000.0,-97000000.0,-88000000.0,14340000000.0,8512000000.0,9000000.0,8521000000.0,38281000000.0,5550000000.0,5529000000.0,5681000000.0
Intel Corp,INTC,KNX4USFCNGPY45LOCE31,50863,2010.0,Q1,2009-12-27,2010-03-27,2011-05-09 17:08:42+00:00,3000000.0,0.44,0.44,0.315,,0.43,1004000000.0,2442000000.0,2442000000.0,2442000000.0,3770000000.0,10299000000.0,,,1564000000.0,,1514000000.0,3770000000.0,6529000000.0,-29000000.0,-31000000.0,3081000000.0,3448000000.0,-2000000.0,3446000000.0,10299000000.0,5550000000.0,5529000000.0,5681000000.0
Intel Corp,INTC,KNX4USFCNGPY45LOCE31,50863,2011.0,FY,2010-12-26,2011-12-31,2013-02-19 17:06:31+00:00,260000000.0,2.46,2.46,0.7824,,2.39,4839000000.0,12942000000.0,12942000000.0,12942000000.0,20242000000.0,53999000000.0,,,8350000000.0,,7670000000.0,20242000000.0,33757000000.0,-192000000.0,112000000.0,16280000000.0,17477000000.0,304000000.0,17781000000.0,53999000000.0,5261000000.0,5256000000.0,5411000000.0
Intel Corp,INTC,KNX4USFCNGPY45LOCE31,50863,2011.0,Q4,2011-10-02,2011-12-31,,184000000.0,0.65,0.65,,,0.64,1227000000.0,3360000000.0,3360000000.0,3360000000.0,4935000000.0,13887000000.0,,-112000000.0,2308000000.0,,1973000000.0,4935000000.0,8952000000.0,29000000.0,17000000.0,4353000000.0,4599000000.0,-12000000.0,4587000000.0,13887000000.0,5261000000.0,5256000000.0,5411000000.0
Intel Corp,INTC,KNX4USFCNGPY45LOCE31,50863,2011.0,Q3YTD,2010-12-26,2011-10-01,,76000000.0,1.81,1.81,0.78,,1.75,3612000000.0,9582000000.0,9582000000.0,9582000000.0,15307000000.0,40112000000.0,,112000000.0,6042000000.0,,5697000000.0,15307000000.0,24805000000.0,-221000000.0,95000000.0,11927000000.0,12878000000.0,316000000.0,13194000000.0,40112000000.0,5176100000.0,5194000000.0,5340000000.0
Intel Corp,INTC,KNX4USFCNGPY45LOCE31,50863,2011.0,Q3TTM,2010-09-26,2011-10-01,,69000000.0,2.38,2.38,0.15,,2.3,4595000000.0,12762000000.0,12762000000.0,12762000000.0,19358000000.0,51569000000.0,,112000000.0,7713000000.0,,7402000000.0,19358000000.0,32211000000.0,-252000000.0,204000000.0,15296000000.0,16901000000.0,456000000.0,17357000000.0,51569000000.0,5176100000.0,5194000000.0,5340000000.0
Intel Corp,INTC,KNX4USFCNGPY45LOCE31,50863,2011.0,Q3,2011-07-03,2011-10-01,2012-10-31 17:14:21+00:00,76000000.0,0.67,0.67,0.42,,0.65,1424000000.0,3468000000.0,3468000000.0,3468000000.0,5215000000.0,14233000000.0,,,2140000000.0,,2017000000.0,5215000000.0,9018000000.0,-15000000.0,92000000.0,4233000000.0,4785000000.0,107000000.0,4892000000.0,14233000000.0,5176100000.0,5194000000.0,5340000000.0
Intel Corp,INTC,KNX4USFCNGPY45LOCE31,50863,2011.0,Q2,2011-04-03,2011-07-02,2012-08-01 17:08:28+00:00,,0.56,0.56,0.0,,0.54,977000000.0,2954000000.0,2954000000.0,2954000000.0,5130000000.0,13032000000.0,,76000000.0,1986000000.0,0.0,1905000000.0,5130000000.0,7902000000.0,-21000000.0,-25000000.0,3967000000.0,3935000000.0,-4000000.0,3931000000.0,13032000000.0,5275000000.0,5294000000.0,5441000000.0
Intel Corp,INTC,KNX4USFCNGPY45LOCE31,50863,2011.0,Q2YTD,2010-12-26,2011-07-02,,,1.14,1.14,0.36,,1.1,2188000000.0,6114000000.0,6114000000.0,6114000000.0,10092000000.0,25879000000.0,,112000000.0,3902000000.0,,3680000000.0,10092000000.0,15787000000.0,-206000000.0,3000000.0,7694000000.0,8093000000.0,209000000.0,8302000000.0,25879000000.0,5275000000.0,5294000000.0,5441000000.0
Intel Corp,INTC,KNX4USFCNGPY45LOCE31,50863,2011.0,Q2TTM,2010-06-27,2011-07-02,,-3000000.0,2.24,2.24,0.05,,2.17,4467000000.0,12249000000.0,12249000000.0,12249000000.0,17924000000.0,48438000000.0,,112000000.0,7248000000.0,,6891000000.0,17924000000.0,30514000000.0,-275000000.0,189000000.0,14248000000.0,16252000000.0,464000000.0,16716000000.0,48438000000.0,5275000000.0,5294000000.0,5441000000.0
Intel Corp,INTC,KNX4USFCNGPY45LOCE31,50863,2011.0,Q1,2010-12-26,2011-04-02,2012-05-04 17:04:29+00:00,,0.58,0.58,0.3624,,0.56,1211000000.0,3160000000.0,3160000000.0,3160000000.0,4962000000.0,12847000000.0,,36000000.0,1916000000.0,0.0,1775000000.0,4962000000.0,7885000000.0,-185000000.0,28000000.0,3727000000.0,4158000000.0,213000000.0,4371000000.0,12847000000.0,5448300000.0,5452000000.0,5606000000.0
Intel Corp,INTC,KNX4USFCNGPY45LOCE31,50863,2011.0,Q1TTM,2010-03-28,2011-04-02,,-3000000.0,2.2,2.2,0.05,,2.14,4788000000.0,12182000000.0,12182000000.0,12182000000.0,16324000000.0,46171000000.0,,36000000.0,6928000000.0,,6570000000.0,16324000000.0,29847000000.0,-265000000.0,407000000.0,13531000000.0,16298000000.0,672000000.0,16970000000.0,46171000000.0,5448300000.0,5452000000.0,5606000000.0
Intel Corp,INTC,KNX4USFCNGPY45LOCE31,50863,2012.0,FY,2012-01-01,2012-12-29,2014-02-14 09:08:47+00:00,308000000.0,2.2,2.2,0.87,,2.13,3868000000.0,11005000000.0,11005000000.0,11005000000.0,20190000000.0,53341000000.0,,,10148000000.0,0.0,8057000000.0,20190000000.0,33151000000.0,-94000000.0,141000000.0,18513000000.0,14638000000.0,235000000.0,14873000000.0,53341000000.0,5002300000.0,4996000000.0,5160000000.0
Intel Corp,INTC,KNX4USFCNGPY45LOCE31,50863,2012.0,Q4,2012-09-30,2012-12-29,,75000000.0,0.5,0.5,,,0.48,736000000.0,2468000000.0,2468000000.0,2468000000.0,5660000000.0,13477000000.0,,,2629000000.0,,1958000000.0,5660000000.0,7817000000.0,11000000.0,60000000.0,4662000000.0,3155000000.0,49000000.0,3204000000.0,13477000000.0,5002300000.0,4996000000.0,5160000000.0
Intel Corp,INTC,KNX4USFCNGPY45LOCE31,50863,2012.0,Q3YTD,2012-01-01,2012-09-29,,233000000.0,1.7,1.7,0.87,,1.65,3132000000.0,8537000000.0,8537000000.0,8537000000.0,14530000000.0,39864000000.0,,,7519000000.0,,6099000000.0,14530000000.0,25334000000.0,-105000000.0,81000000.0,13851000000.0,11483000000.0,186000000.0,11669000000.0,39864000000.0,5037300000.0,4996000000.0,5153000000.0
Intel Corp,INTC,KNX4USFCNGPY45LOCE31,50863,2012.0,Q3TTM,2011-10-02,2012-09-29,,417000000.0,2.35,2.35,0.87,,2.29,4359000000.0,11897000000.0,11897000000.0,11897000000.0,19465000000.0,53751000000.0,,-112000000.0,9827000000.0,,8072000000.0,19465000000.0,34286000000.0,-76000000.0,98000000.0,18204000000.0,16082000000.0,174000000.0,16256000000.0,53751000000.0,5037300000.0,4996000000.0,5153000000.0
Intel Corp,INTC,KNX4USFCNGPY45LOCE31,50863,2012.0,Q3,2012-07-01,2012-09-29,2013-10-28 08:58:14+00:00,74000000.0,0.59,0.59,0.45,,0.58,949000000.0,2972000000.0,2972000000.0,2972000000.0,4942000000.0,13457000000.0,,,2605000000.0,0.0,1995000000.0,4942000000.0,8515000000.0,-27000000.0,53000000.0,4674000000.0,3841000000.0,80000000.0,3921000000.0,13457000000.0,5037300000.0,4996000000.0,5153000000.0
Intel Corp,INTC,KNX4USFCNGPY45LOCE31,50863,2012.0,Q2YTD,2012-01-01,2012-06-30,,159000000.0,1.11,1.11,0.42,,1.07,2183000000.0,5565000000.0,5565000000.0,5565000000.0,9588000000.0,26407000000.0,,,4914000000.0,,4104000000.0,9588000000.0,16819000000.0,-78000000.0,28000000.0,9177000000.0,7642000000.0,106000000.0,7748000000.0,26407000000.0,5048200000.0,5022000000.0,5199000000.0
Intel Corp,INTC,KNX4USFCNGPY45LOCE31,50863,2012.0,Q2TTM,2011-07-03,2012-06-30,,419000000.0,2.43,2.43,0.84,,2.36,4834000000.0,12393000000.0,12393000000.0,12393000000.0,19738000000.0,54527000000.0,,-112000000.0,9362000000.0,,8094000000.0,19738000000.0,34789000000.0,-64000000.0,137000000.0,17763000000.0,17026000000.0,201000000.0,17227000000.0,54527000000.0,5048200000.0,5022000000.0,5199000000.0
Intel Corp,INTC,KNX4USFCNGPY45LOCE31,50863,2012.0,Q2,2012-04-01,2012-06-30,2013-07-29 17:04:49+00:00,78000000.0,0.56,0.56,0.0,,0.54,1107000000.0,2827000000.0,2827000000.0,2827000000.0,4947000000.0,13501000000.0,,,2513000000.0,,2131000000.0,4947000000.0,8554000000.0,-55000000.0,47000000.0,4722000000.0,3832000000.0,102000000.0,3934000000.0,13501000000.0,5048200000.0,5022000000.0,5199000000.0
Intel Corp,INTC,KNX4USFCNGPY45LOCE31,50863,2012.0,Q1TTM,2011-04-03,2012-03-31,,341000000.0,2.43,2.43,0.84,,2.36,4704000000.0,12520000000.0,12520000000.0,12520000000.0,19921000000.0,54058000000.0,,-36000000.0,8835000000.0,,7868000000.0,19921000000.0,34137000000.0,-30000000.0,65000000.0,17008000000.0,17129000000.0,95000000.0,17224000000.0,54058000000.0,4978200000.0,4999000000.0,5192000000.0
Intel Corp,INTC,KNX4USFCNGPY45LOCE31,50863,2012.0,Q1,2012-01-01,2012-03-31,2013-04-29 17:14:42+00:00,81000000.0,0.55,0.55,0.42,,0.53,1076000000.0,2738000000.0,2738000000.0,2738000000.0,4641000000.0,12906000000.0,,,2401000000.0,,1973000000.0,4641000000.0,8265000000.0,-23000000.0,-19000000.0,4455000000.0,3810000000.0,4000000.0,3814000000.0,12906000000.0,4978200000.0,4999000000.0,5192000000.0
Intel Corp,INTC,KNX4USFCNGPY45LOCE31,50863,2013.0,FY,2012-12-30,2013-12-28,2016-02-12 08:09:19+00:00,291000000.0,1.94,1.94,0.9,,1.89,2991000000.0,9620000000.0,9620000000.0,9620000000.0,21187000000.0,52708000000.0,,,10611000000.0,240000000.0,8088000000.0,21187000000.0,31521000000.0,151000000.0,471000000.0,19230000000.0,12291000000.0,320000000.0,12611000000.0,52708000000.0,4958800000.0,4970000000.0,5097000000.0
Intel Corp,INTC,KNX4USFCNGPY45LOCE31,50863,2013.0,Q4,2013-09-29,2013-12-28,,74000000.0,0.54,0.54,,,0.52,926000000.0,2625000000.0,2625000000.0,2625000000.0,5263000000.0,13834000000.0,,,2826000000.0,116000000.0,2006000000.0,5263000000.0,8571000000.0,32000000.0,34000000.0,5022000000.0,3549000000.0,2000000.0,3551000000.0,13834000000.0,4958800000.0,4970000000.0,5097000000.0
Intel Corp,INTC,KNX4USFCNGPY45LOCE31,50863,2013.0,Q3YTD,2012-12-30,2013-09-28,,217000000.0,1.4,1.4,0.9,,1.37,2065000000.0,6995000000.0,6995000000.0,6995000000.0,15924000000.0,38874000000.0,,,7785000000.0,124000000.0,6082000000.0,15924000000.0,22950000000.0,119000000.0,437000000.0,14208000000.0,8742000000.0,318000000.0,9060000000.0,38874000000.0,5000000000.0,4981000000.0,5100000000.0
Intel Corp,INTC,KNX4USFCNGPY45LOCE31,50863,2013.0,Q3TTM,2012-09-30,2013-09-28,,292000000.0,1.9,1.9,0.9,,1.85,2801000000.0,9463000000.0,9463000000.0,9463000000.0,21584000000.0,52351000000.0,,,10414000000.0,124000000.0,8040000000.0,21584000000.0,30767000000.0,130000000.0,497000000.0,18870000000.0,11897000000.0,367000000.0,12264000000.0,52351000000.0,5000000000.0,4981000000.0,5100000000.0
Intel Corp,INTC,KNX4USFCNGPY45LOCE31,50863,2013.0,Q3,2013-06-30,2013-09-28,2014-10-29 17:27:39+00:00,74000000.0,0.59,0.59,0.45,,0.58,974000000.0,2950000000.0,2950000000.0,2950000000.0,5069000000.0,13483000000.0,,,2742000000.0,124000000.0,1970000000.0,5069000000.0,8414000000.0,32000000.0,452000000.0,4910000000.0,3504000000.0,420000000.0,3924000000.0,13483000000.0,5000000000.0,4981000000.0,5100000000.0
Intel Corp,INTC,KNX4USFCNGPY45LOCE31,50863,2013.0,Q2YTD,2012-12-30,2013-06-29,,143000000.0,0.81,0.81,0.45,,0.79,1091000000.0,4045000000.0,4045000000.0,4045000000.0,10855000000.0,25391000000.0,,,5043000000.0,,4112000000.0,10855000000.0,14536000000.0,87000000.0,-15000000.0,9298000000.0,5238000000.0,-102000000.0,5136000000.0,25391000000.0,5000000000.0,4978000000.0,5106000000.0
Intel Corp,INTC,KNX4USFCNGPY45LOCE31,50863,2013.0,Q2TTM,2012-07-01,2013-06-29,,292000000.0,1.9,1.9,0.9,,1.85,2776000000.0,9485000000.0,9485000000.0,9485000000.0,21457000000.0,52325000000.0,,,10277000000.0,,8065000000.0,21457000000.0,30868000000.0,71000000.0,98000000.0,18634000000.0,12234000000.0,27000000.0,12261000000.0,52325000000.0,5000000000.0,4978000000.0,5106000000.0
Intel Corp,INTC,KNX4USFCNGPY45LOCE31,50863,2013.0,Q2,2013-03-31,2013-06-29,2014-07-25 09:02:54+00:00,70000000.0,0.4,0.4,0.0,,0.39,693000000.0,2000000000.0,2000000000.0,2000000000.0,5341000000.0,12811000000.0,,,2516000000.0,0.0,2165000000.0,5341000000.0,7470000000.0,37000000.0,11000000.0,4751000000.0,2719000000.0,-26000000.0,2693000000.0,12811000000.0,5000000000.0,4978000000.0,5106000000.0
Intel Corp,INTC,KNX4USFCNGPY45LOCE31,50863,2013.0,Q1TTM,2012-04-01,2013-03-30,,300000000.0,2.06,2.06,0.9,,2.0,3190000000.0,10312000000.0,10312000000.0,10312000000.0,21063000000.0,53015000000.0,,,10274000000.0,,8031000000.0,21063000000.0,31952000000.0,-21000000.0,134000000.0,18605000000.0,13347000000.0,155000000.0,13502000000.0,53015000000.0,4987800000.0,4948000000.0,5080000000.0
Intel Corp,INTC,KNX4USFCNGPY45LOCE31,50863,2013.0,Q1,2012-12-30,2013-03-30,2014-04-25 09:04:50+00:00,73000000.0,0.41,0.41,0.45,,0.4,398000000.0,2045000000.0,2045000000.0,2045000000.0,5514000000.0,12580000000.0,,,2527000000.0,0.0,1947000000.0,5514000000.0,7066000000.0,50000000.0,-26000000.0,4547000000.0,2519000000.0,-76000000.0,2443000000.0,12580000000.0,4987800000.0,4948000000.0,5080000000.0
Intel Corp,INTC,KNX4USFCNGPY45LOCE31,50863,2014.0,FY,2013-12-29,2014-12-27,2017-02-17 08:37:46+00:00,294000000.0,2.39,2.39,0.9,,2.31,4097000000.0,11704000000.0,11704000000.0,11704000000.0,20261000000.0,55870000000.0,43000000.0,,11537000000.0,295000000.0,8136000000.0,20261000000.0,35609000000.0,,411000000.0,20262000000.0,15347000000.0,454000000.0,15801000000.0,55870000000.0,4897100000.0,4901000000.0,5056000000.0
Intel Corp,INTC,KNX4USFCNGPY45LOCE31,50863,2014.0,Q4,2014-09-28,2014-12-27,,72000000.0,0.76,0.76,,,0.72,998000000.0,3661000000.0,3661000000.0,3661000000.0,5100000000.0,14721000000.0,43000000.0,,2990000000.0,57000000.0,2049000000.0,5100000000.0,9621000000.0,70000000.0,233000000.0,5168000000.0,4453000000.0,206000000.0,4659000000.0,14721000000.0,4897100000.0,4901000000.0,5056000000.0
Intel Corp,INTC,KNX4USFCNGPY45LOCE31,50863,2014.0,Q3,2014-06-29,2014-09-27,2015-10-28 08:54:56+00:00,77000000.0,0.68,0.68,0.45,,0.66,1233000000.0,3317000000.0,3317000000.0,3317000000.0,5096000000.0,14554000000.0,,,2842000000.0,20000000.0,1979000000.0,5096000000.0,9458000000.0,25000000.0,35000000.0,4918000000.0,4540000000.0,10000000.0,4550000000.0,14554000000.0,4877900000.0,4880000000.0,5045000000.0
Intel Corp,INTC,KNX4USFCNGPY45LOCE31,50863,2014.0,Q3YTD,2013-12-29,2014-09-27,,222000000.0,1.63,1.63,0.9,,1.59,3099000000.0,8043000000.0,8043000000.0,8043000000.0,15161000000.0,41149000000.0,,,8547000000.0,238000000.0,6087000000.0,15161000000.0,25988000000.0,-70000000.0,178000000.0,15094000000.0,10894000000.0,248000000.0,11142000000.0,41149000000.0,4877900000.0,4880000000.0,5045000000.0
Intel Corp,INTC,KNX4USFCNGPY45LOCE31,50863,2014.0,Q3TTM,2013-09-29,2014-09-27,,296000000.0,2.17,2.17,0.9,,2.11,4025000000.0,10668000000.0,10668000000.0,10668000000.0,20424000000.0,54983000000.0,,,11373000000.0,354000000.0,8093000000.0,20424000000.0,34559000000.0,-38000000.0,212000000.0,20116000000.0,14443000000.0,250000000.0,14693000000.0,54983000000.0,4877900000.0,4880000000.0,5045000000.0
Intel Corp,INTC,KNX4USFCNGPY45LOCE31,50863,2014.0,Q2,2014-03-30,2014-06-28,2015-07-27 09:02:07+00:00,72000000.0,0.56,0.56,0.0,,0.55,1126000000.0,2796000000.0,2796000000.0,2796000000.0,4914000000.0,13831000000.0,,,2859000000.0,81000000.0,2061000000.0,4914000000.0,8917000000.0,17000000.0,95000000.0,5073000000.0,3844000000.0,78000000.0,3922000000.0,13831000000.0,4992900000.0,4981000000.0,5123000000.0
Intel Corp,INTC,KNX4USFCNGPY45LOCE31,50863,2014.0,Q2YTD,2013-12-29,2014-06-28,,145000000.0,0.95,0.95,0.45,,0.93,1866000000.0,4726000000.0,4726000000.0,4726000000.0,10065000000.0,26595000000.0,,,5705000000.0,218000000.0,4108000000.0,10065000000.0,16530000000.0,-95000000.0,143000000.0,10176000000.0,6354000000.0,238000000.0,6592000000.0,26595000000.0,4992900000.0,4981000000.0,5123000000.0
Intel Corp,INTC,KNX4USFCNGPY45LOCE31,50863,2014.0,Q2TTM,2013-06-30,2014-06-28,,293000000.0,2.08,2.08,0.9,,2.03,3766000000.0,10301000000.0,10301000000.0,10301000000.0,20397000000.0,53912000000.0,,,11273000000.0,458000000.0,8084000000.0,20397000000.0,33515000000.0,-31000000.0,629000000.0,20108000000.0,13407000000.0,660000000.0,14067000000.0,53912000000.0,4992900000.0,4981000000.0,5123000000.0
Intel Corp,INTC,KNX4USFCNGPY45LOCE31,50863,2014.0,Q1,2013-12-29,2014-03-29,2015-04-27 17:11:48+00:00,73000000.0,0.39,0.39,0.45,,0.38,740000000.0,1930000000.0,1930000000.0,1930000000.0,5151000000.0,12764000000.0,,,2846000000.0,137000000.0,2047000000.0,5151000000.0,7613000000.0,-112000000.0,48000000.0,5103000000.0,2510000000.0,160000000.0,2670000000.0,12764000000.0,4948700000.0,4974000000.0,5117000000.0
Intel Corp,INTC,KNX4USFCNGPY45LOCE31,50863,2014.0,Q1TTM,2013-03-31,2014-03-29,,291000000.0,1.92,1.92,0.9,,1.87,3333000000.0,9505000000.0,9505000000.0,9505000000.0,20824000000.0,52892000000.0,,,10930000000.0,377000000.0,8188000000.0,20824000000.0,32068000000.0,-11000000.0,545000000.0,19786000000.0,12282000000.0,556000000.0,12838000000.0,52892000000.0,4948700000.0,4974000000.0,5117000000.0
Intel Corp,INTC,KNX4USFCNGPY45LOCE31,50863,2015.0,FY,2014-12-28,2015-12-26,2018-02-16 08:31:45+00:00,,2.41,2.41,0.96,265000000.0,2.33,2792000000.0,11420000000.0,11420000000.0,11420000000.0,20676000000.0,55355000000.0,-105000000.0,,12128000000.0,354000000.0,7930000000.0,20676000000.0,34679000000.0,,315000000.0,20677000000.0,14002000000.0,210000000.0,14212000000.0,55355000000.0,4738600000.0,4742000000.0,4894000000.0
Intel Corp,INTC,KNX4USFCNGPY45LOCE31,50863,2015.0,Q4,2015-09-27,2015-12-26,,-198000000.0,0.77,0.77,,265000000.0,0.73,690000000.0,3613000000.0,3613000000.0,3613000000.0,5324000000.0,14914000000.0,-1000000.0,,3119000000.0,-13000000.0,2118000000.0,5324000000.0,9590000000.0,13000000.0,18000000.0,5291000000.0,4299000000.0,4000000.0,4303000000.0,14914000000.0,4738600000.0,4742000000.0,4894000000.0
Intel Corp,INTC,KNX4USFCNGPY45LOCE31,50863,2015.0,Q3,2015-06-28,2015-09-26,2016-10-31 17:00:19+00:00,68000000.0,0.65,0.65,0.48,,0.64,1144000000.0,3109000000.0,3109000000.0,3109000000.0,5354000000.0,14465000000.0,-104000000.0,,2927000000.0,14000000.0,1910000000.0,5354000000.0,9111000000.0,,165000000.0,4919000000.0,4192000000.0,61000000.0,4253000000.0,14465000000.0,4783100000.0,4747000000.0,4876000000.0
Intel Corp,INTC,KNX4USFCNGPY45LOCE31,50863,2015.0,Q3YTD,2014-12-28,2015-09-26,,198000000.0,1.64,1.64,0.96,,1.6,2102000000.0,7807000000.0,7807000000.0,7807000000.0,15352000000.0,40441000000.0,-104000000.0,,9009000000.0,367000000.0,5812000000.0,15352000000.0,25089000000.0,-13000000.0,297000000.0,15386000000.0,9703000000.0,206000000.0,9909000000.0,40441000000.0,4783100000.0,4747000000.0,4876000000.0
Intel Corp,INTC,KNX4USFCNGPY45LOCE31,50863,2015.0,Q3TTM,2014-09-28,2015-09-26,,270000000.0,2.4,2.4,0.96,,2.32,3100000000.0,11468000000.0,11468000000.0,11468000000.0,20452000000.0,55162000000.0,-61000000.0,,11999000000.0,424000000.0,7861000000.0,20452000000.0,34710000000.0,57000000.0,530000000.0,20554000000.0,14156000000.0,412000000.0,14568000000.0,55162000000.0,4783100000.0,4747000000.0,4876000000.0
Intel Corp,INTC,KNX4USFCNGPY45LOCE31,50863,2015.0,Q2,2015-03-29,2015-06-27,2016-08-01 16:37:06+00:00,68000000.0,0.57,0.57,0.0,,0.55,277000000.0,2706000000.0,2706000000.0,2706000000.0,4947000000.0,13195000000.0,,,3087000000.0,248000000.0,1949000000.0,4947000000.0,8248000000.0,13000000.0,100000000.0,5352000000.0,2896000000.0,87000000.0,2983000000.0,13195000000.0,4747400000.0,4759000000.0,4909000000.0
Intel Corp,INTC,KNX4USFCNGPY45LOCE31,50863,2015.0,Q2YTD,2014-12-28,2015-06-27,,130000000.0,0.99,0.99,0.48,,0.96,958000000.0,4698000000.0,4698000000.0,4698000000.0,9998000000.0,25976000000.0,,,6082000000.0,353000000.0,3902000000.0,9998000000.0,15978000000.0,-13000000.0,132000000.0,10467000000.0,5511000000.0,145000000.0,5656000000.0,25976000000.0,4747400000.0,4759000000.0,4909000000.0
Intel Corp,INTC,KNX4USFCNGPY45LOCE31,50863,2015.0,Q2TTM,2014-06-29,2015-06-27,,279000000.0,2.43,2.43,0.93,,2.34,3189000000.0,11676000000.0,11676000000.0,11676000000.0,20194000000.0,55251000000.0,43000000.0,,11914000000.0,430000000.0,7930000000.0,20194000000.0,35057000000.0,82000000.0,400000000.0,20553000000.0,14504000000.0,361000000.0,14865000000.0,55251000000.0,4747400000.0,4759000000.0,4909000000.0
Intel Corp,INTC,KNX4USFCNGPY45LOCE31,50863,2015.0,Q1,2014-12-28,2015-03-28,2016-05-02 17:15:56+00:00,62000000.0,0.42,0.42,0.48,,0.41,681000000.0,1992000000.0,1992000000.0,1992000000.0,5051000000.0,12781000000.0,,,2995000000.0,105000000.0,1953000000.0,5051000000.0,7730000000.0,-26000000.0,32000000.0,5115000000.0,2615000000.0,58000000.0,2673000000.0,12781000000.0,4742900000.0,4741000000.0,4914000000.0
Intel Corp,INTC,KNX4USFCNGPY45LOCE31,50863,2015.0,Q1TTM,2014-03-30,2015-03-28,,283000000.0,2.42,2.42,0.93,,2.34,4038000000.0,11766000000.0,11766000000.0,11766000000.0,20161000000.0,55887000000.0,43000000.0,,11686000000.0,263000000.0,8042000000.0,20161000000.0,35726000000.0,86000000.0,395000000.0,20274000000.0,15452000000.0,352000000.0,15804000000.0,55887000000.0,4742900000.0,4741000000.0,4914000000.0
Intel Corp,INTC,KNX4USFCNGPY45LOCE31,50863,2016.0,FY,2015-12-27,2016-12-31,2019-02-01 09:00:50+00:00,,2.18,2.18,,294000000.0,2.12,2620000000.0,10316000000.0,10316000000.0,10316000000.0,23154000000.0,59387000000.0,-703000000.0,,12685000000.0,1744000000.0,8377000000.0,23154000000.0,36233000000.0,,506000000.0,23100000000.0,13133000000.0,-197000000.0,12936000000.0,59387000000.0,4732100000.0,4730000000.0,4875000000.0
Intel Corp,INTC,KNX4USFCNGPY45LOCE31,50863,2016.0,Q4,2016-10-02,2016-12-31,,-179000000.0,0.76,0.76,-1.04,220000000.0,0.74,878000000.0,3562000000.0,3562000000.0,3562000000.0,6227000000.0,16374000000.0,-363000000.0,,3225000000.0,-42000000.0,2138000000.0,6227000000.0,10147000000.0,,18000000.0,5362000000.0,4785000000.0,-345000000.0,4440000000.0,16374000000.0,4732100000.0,4730000000.0,4875000000.0
Intel Corp,INTC,KNX4USFCNGPY45LOCE31,50863,2016.0,Q3,2016-07-03,2016-10-01,2017-10-26 16:30:26+00:00,,0.71,0.71,0.52,74000000.0,0.69,940000000.0,3378000000.0,3378000000.0,3378000000.0,5795000000.0,15778000000.0,-132000000.0,,3069000000.0,372000000.0,2006000000.0,5795000000.0,9983000000.0,,-12000000.0,5521000000.0,4462000000.0,-144000000.0,4318000000.0,15778000000.0,4757700000.0,4734000000.0,4877000000.0
Intel Corp,INTC,KNX4USFCNGPY45LOCE31,50863,2016.0,Q3YTD,2015-12-27,2016-10-01,,179000000.0,1.42,1.42,1.04,74000000.0,1.38,1742000000.0,6754000000.0,6754000000.0,6754000000.0,16927000000.0,43013000000.0,-340000000.0,,9460000000.0,1786000000.0,6239000000.0,16927000000.0,26086000000.0,,488000000.0,17738000000.0,8348000000.0,148000000.0,8496000000.0,43013000000.0,4757700000.0,4734000000.0,4877000000.0
Intel Corp,INTC,KNX4USFCNGPY45LOCE31,50863,2016.0,Q3TTM,2015-09-27,2016-10-01,,-19000000.0,2.19,2.19,1.04,339000000.0,2.11,2432000000.0,10367000000.0,10367000000.0,10367000000.0,22251000000.0,57927000000.0,-341000000.0,,12579000000.0,1773000000.0,8357000000.0,22251000000.0,35676000000.0,13000000.0,506000000.0,23029000000.0,12647000000.0,152000000.0,12799000000.0,57927000000.0,4757700000.0,4734000000.0,4877000000.0
Intel Corp,INTC,KNX4USFCNGPY45LOCE31,50863,2016.0,Q2,2016-04-03,2016-07-02,2017-07-27 16:36:53+00:00,89000000.0,0.28,0.28,0.0,,0.27,340000000.0,1330000000.0,1330000000.0,1330000000.0,5560000000.0,13533000000.0,-126000000.0,,3145000000.0,1414000000.0,2007000000.0,5560000000.0,7973000000.0,,478000000.0,6655000000.0,1318000000.0,352000000.0,1670000000.0,13533000000.0,4750000000.0,4729000000.0,4866000000.0
Intel Corp,INTC,KNX4USFCNGPY45LOCE31,50863,2016.0,Q2YTD,2015-12-27,2016-07-02,,179000000.0,0.71,0.71,0.52,,0.69,802000000.0,3376000000.0,3376000000.0,3376000000.0,11132000000.0,27235000000.0,-208000000.0,,6391000000.0,1414000000.0,4233000000.0,11132000000.0,16103000000.0,,500000000.0,12217000000.0,3886000000.0,292000000.0,4178000000.0,27235000000.0,4750000000.0,4729000000.0,4866000000.0
Intel Corp,INTC,KNX4USFCNGPY45LOCE31,50863,2016.0,Q2TTM,2015-06-28,2016-07-02,,49000000.0,2.13,2.13,1.0,265000000.0,2.06,2636000000.0,10098000000.0,10098000000.0,10098000000.0,21810000000.0,56614000000.0,-313000000.0,,12437000000.0,1415000000.0,8261000000.0,21810000000.0,34804000000.0,13000000.0,683000000.0,22427000000.0,12377000000.0,357000000.0,12734000000.0,56614000000.0,4750000000.0,4729000000.0,4866000000.0
Intel Corp,INTC,KNX4USFCNGPY45LOCE31,50863,2016.0,Q1,2015-12-27,2016-04-02,2017-04-27 16:38:04+00:00,90000000.0,0.43,0.43,0.52,,0.42,462000000.0,2046000000.0,2046000000.0,2046000000.0,5572000000.0,13702000000.0,-82000000.0,,3246000000.0,0.0,2226000000.0,5572000000.0,8130000000.0,,22000000.0,5562000000.0,2568000000.0,-60000000.0,2508000000.0,13702000000.0,4758100000.0,4722000000.0,4875000000.0
Intel Corp,INTC,KNX4USFCNGPY45LOCE31,50863,2016.0,Q1TTM,2015-03-29,2016-04-02,,28000000.0,2.42,2.42,1.0,265000000.0,2.34,2573000000.0,11474000000.0,11474000000.0,11474000000.0,21197000000.0,56276000000.0,-187000000.0,,12379000000.0,249000000.0,8203000000.0,21197000000.0,35079000000.0,26000000.0,305000000.0,21124000000.0,13955000000.0,92000000.0,14047000000.0,56276000000.0,4758100000.0,4722000000.0,4875000000.0
Intel Corp,INTC,KNX4USFCNGPY45LOCE31,50863,2017.0,FY,2017-01-01,2017-12-30,2020-01-23 18:39:55+00:00,,2.04,2.04,,177000000.0,1.99,10751000000.0,9601000000.0,9601000000.0,9601000000.0,23663000000.0,62761000000.0,-349000000.0,,13035000000.0,384000000.0,7452000000.0,23663000000.0,39098000000.0,,2651000000.0,21048000000.0,18050000000.0,2302000000.0,20352000000.0,62761000000.0,4706400000.0,4701000000.0,4835000000.0
Intel Corp,INTC,KNX4USFCNGPY45LOCE31,50863,2017.0,Q4,2017-10-01,2017-12-30,,,-0.15,-0.15,-1.08,53000000.0,-0.14,6722000000.0,-687000000.0,-687000000.0,-687000000.0,6275000000.0,17053000000.0,-611000000.0,,3253000000.0,195000000.0,1842000000.0,6275000000.0,10778000000.0,,1211000000.0,5343000000.0,5435000000.0,600000000.0,6035000000.0,17053000000.0,4706400000.0,4701000000.0,4835000000.0
Intel Corp,INTC,KNX4USFCNGPY45LOCE31,50863,2017.0,Q3,2017-07-02,2017-09-30,2018-10-25 18:52:51+00:00,,0.96,0.96,0.545,49000000.0,0.94,1414000000.0,4516000000.0,4516000000.0,4516000000.0,6085000000.0,16149000000.0,-57000000.0,,3209000000.0,4000000.0,1661000000.0,6085000000.0,10064000000.0,,846000000.0,4923000000.0,5141000000.0,789000000.0,5930000000.0,16149000000.0,4704200000.0,4688000000.0,4821000000.0
Intel Corp,INTC,KNX4USFCNGPY45LOCE31,50863,2017.0,Q3YTD,2017-01-01,2017-09-30,,,2.19,2.19,1.08,124000000.0,2.13,4029000000.0,10288000000.0,10288000000.0,10288000000.0,17388000000.0,45708000000.0,262000000.0,,9782000000.0,189000000.0,5610000000.0,17388000000.0,28320000000.0,,1440000000.0,15705000000.0,12615000000.0,1702000000.0,14317000000.0,45708000000.0,4704200000.0,4688000000.0,4821000000.0
Intel Corp,INTC,KNX4USFCNGPY45LOCE31,50863,2017.0,Q3TTM,2016-10-02,2017-09-30,,-179000000.0,2.95,2.95,0.04,344000000.0,2.87,4907000000.0,13850000000.0,13850000000.0,13850000000.0,23615000000.0,62082000000.0,-101000000.0,,13007000000.0,147000000.0,7748000000.0,23615000000.0,38467000000.0,,1458000000.0,21067000000.0,17400000000.0,1357000000.0,18757000000.0,62082000000.0,4704200000.0,4688000000.0,4821000000.0
Intel Corp,INTC,KNX4USFCNGPY45LOCE31,50863,2017.0,Q2,2017-04-02,2017-07-01,2018-07-26 18:19:24+00:00,,0.6,0.6,0.0,37000000.0,0.58,1764000000.0,2808000000.0,2808000000.0,2808000000.0,5667000000.0,14763000000.0,388000000.0,,3262000000.0,105000000.0,1850000000.0,5667000000.0,9096000000.0,,342000000.0,5254000000.0,3842000000.0,730000000.0,4572000000.0,14763000000.0,4680000000.0,4710000000.0,4845000000.0
Intel Corp,INTC,KNX4USFCNGPY45LOCE31,50863,2017.0,Q2YTD,2017-01-01,2017-07-01,,,1.23,1.23,0.53,75000000.0,1.19,2615000000.0,5772000000.0,5772000000.0,5772000000.0,11303000000.0,29559000000.0,319000000.0,,6573000000.0,185000000.0,3949000000.0,11303000000.0,18256000000.0,,594000000.0,10782000000.0,7474000000.0,913000000.0,8387000000.0,29559000000.0,4680000000.0,4710000000.0,4845000000.0
Intel Corp,INTC,KNX4USFCNGPY45LOCE31,50863,2017.0,Q2TTM,2016-07-03,2017-07-01,,-179000000.0,2.7,2.7,0.01,369000000.0,2.62,4433000000.0,12712000000.0,12712000000.0,12712000000.0,23325000000.0,61711000000.0,-176000000.0,,12867000000.0,515000000.0,8093000000.0,23325000000.0,38386000000.0,,600000000.0,21665000000.0,16721000000.0,424000000.0,17145000000.0,61711000000.0,4680000000.0,4710000000.0,4845000000.0
Intel Corp,INTC,KNX4USFCNGPY45LOCE31,50863,2017.0,Q1,2017-01-01,2017-04-01,2018-04-26 18:13:03+00:00,,0.63,0.63,0.5325,38000000.0,0.61,851000000.0,2964000000.0,2964000000.0,2964000000.0,5636000000.0,14796000000.0,-69000000.0,,3311000000.0,80000000.0,2099000000.0,5636000000.0,9160000000.0,,252000000.0,5528000000.0,3632000000.0,183000000.0,3815000000.0,14796000000.0,4704800000.0,4723000000.0,4881000000.0
Intel Corp,INTC,KNX4USFCNGPY45LOCE31,50863,2017.0,Q1TTM,2016-04-03,2017-04-01,,-90000000.0,2.38,2.38,0.01,332000000.0,2.31,3009000000.0,11234000000.0,11234000000.0,11234000000.0,23218000000.0,60481000000.0,-690000000.0,,12750000000.0,1824000000.0,8250000000.0,23218000000.0,37263000000.0,,736000000.0,23066000000.0,14197000000.0,46000000.0,14243000000.0,60481000000.0,4704800000.0,4723000000.0,4881000000.0
Intel Corp,INTC,KNX4USFCNGPY45LOCE31,50863,2018.0,FY,2017-12-31,2018-12-29,2020-01-23 18:39:55+00:00,,4.57,4.57,,200000000.0,4.48,2264000000.0,21053000000.0,21053000000.0,21053000000.0,27111000000.0,70848000000.0,126000000.0,,13543000000.0,-72000000.0,6750000000.0,27111000000.0,43737000000.0,,-125000000.0,20421000000.0,23316000000.0,1000000.0,23317000000.0,70848000000.0,4606800000.0,4611000000.0,4701000000.0
Intel Corp,INTC,KNX4USFCNGPY45LOCE31,50863,2018.0,Q4,2018-09-30,2018-12-29,,,1.14,1.14,-1.2,50000000.0,1.12,440000000.0,5195000000.0,5195000000.0,5195000000.0,7430000000.0,18657000000.0,-99000000.0,,3433000000.0,,1520000000.0,7430000000.0,11227000000.0,,-490000000.0,5003000000.0,6224000000.0,-589000000.0,5635000000.0,18657000000.0,4606800000.0,4611000000.0,4701000000.0
Intel Corp,INTC,KNX4USFCNGPY45LOCE31,50863,2018.0,Q3,2018-07-01,2018-09-29,2019-10-24 18:35:18+00:00,,1.4,1.4,,50000000.0,1.38,744000000.0,6398000000.0,6398000000.0,6398000000.0,6803000000.0,19163000000.0,-132000000.0,,3428000000.0,-72000000.0,1605000000.0,6803000000.0,12360000000.0,,-75000000.0,5011000000.0,7349000000.0,-207000000.0,7142000000.0,19163000000.0,4570000000.0,4574000000.0,4648000000.0
Intel Corp,INTC,KNX4USFCNGPY45LOCE31,50863,2018.0,Q3YTD,2017-12-31,2018-09-29,,,3.43,3.43,1.2,150000000.0,3.36,1824000000.0,15858000000.0,15858000000.0,15858000000.0,19681000000.0,52191000000.0,225000000.0,,10110000000.0,-72000000.0,5230000000.0,19681000000.0,32510000000.0,,365000000.0,15418000000.0,17092000000.0,590000000.0,17682000000.0,52191000000.0,4570000000.0,4574000000.0,4648000000.0
Intel Corp,INTC,KNX4USFCNGPY45LOCE31,50863,2018.0,Q3TTM,2017-10-01,2018-09-29,,,3.28,3.28,0.12,203000000.0,3.22,8546000000.0,15171000000.0,15171000000.0,15171000000.0,25956000000.0,69244000000.0,-386000000.0,,13363000000.0,123000000.0,7072000000.0,25956000000.0,43288000000.0,,1576000000.0,20761000000.0,22527000000.0,1190000000.0,23717000000.0,69244000000.0,4570000000.0,4574000000.0,4648000000.0
Intel Corp,INTC,KNX4USFCNGPY45LOCE31,50863,2018.0,Q2,2018-04-01,2018-06-30,2019-07-25 18:44:28+00:00,,1.08,1.08,0.6,50000000.0,1.05,523000000.0,5006000000.0,5006000000.0,5006000000.0,6543000000.0,16962000000.0,459000000.0,,3371000000.0,0.0,1725000000.0,6543000000.0,10419000000.0,,-203000000.0,5146000000.0,5273000000.0,256000000.0,5529000000.0,16962000000.0,4635200000.0,4649000000.0,4747000000.0
Intel Corp,INTC,KNX4USFCNGPY45LOCE31,50863,2018.0,Q2YTD,2017-12-31,2018-06-30,,,2.03,2.03,1.2,100000000.0,1.98,1080000000.0,9460000000.0,9460000000.0,9460000000.0,12878000000.0,33028000000.0,357000000.0,,6682000000.0,,3625000000.0,12878000000.0,20150000000.0,,440000000.0,10407000000.0,9743000000.0,797000000.0,10540000000.0,33028000000.0,4635200000.0,4649000000.0,4747000000.0
Intel Corp,INTC,KNX4USFCNGPY45LOCE31,50863,2018.0,Q2TTM,2017-07-02,2018-06-30,,,2.84,2.84,0.67,202000000.0,2.78,9216000000.0,13289000000.0,13289000000.0,13289000000.0,25238000000.0,66230000000.0,-311000000.0,,13144000000.0,199000000.0,7128000000.0,25238000000.0,40992000000.0,,2497000000.0,20673000000.0,20319000000.0,2186000000.0,22505000000.0,66230000000.0,4635200000.0,4649000000.0,4747000000.0
Intel Corp,INTC,KNX4USFCNGPY45LOCE31,50863,2018.0,Q1,2017-12-31,2018-03-31,2019-04-25 18:42:52+00:00,,0.95,0.95,0.6,50000000.0,0.93,557000000.0,4454000000.0,4454000000.0,4454000000.0,6335000000.0,16066000000.0,-102000000.0,,3311000000.0,,1900000000.0,6335000000.0,9731000000.0,,643000000.0,5261000000.0,4470000000.0,541000000.0,5011000000.0,16066000000.0,4688400000.0,4674000000.0,4790000000.0
Intel Corp,INTC,KNX4USFCNGPY45LOCE31,50863,2018.0,Q1TTM,2017-04-02,2018-03-31,,,2.36,2.36,0.07,189000000.0,2.31,10457000000.0,11091000000.0,11091000000.0,11091000000.0,24362000000.0,64031000000.0,-382000000.0,,13035000000.0,304000000.0,7253000000.0,24362000000.0,39669000000.0,,3042000000.0,20781000000.0,18888000000.0,2660000000.0,21548000000.0,64031000000.0,4688400000.0,4674000000.0,4790000000.0
Intel Corp,INTC,KNX4USFCNGPY45LOCE31,50863,2019.0,Q4,2019-09-29,2019-12-28,,,1.59,1.59,,100000000.0,1.57,1163000000.0,6905000000.0,6905000000.0,6905000000.0,8331000000.0,20209000000.0,654000000.0,,3384000000.0,105000000.0,1492000000.0,8331000000.0,11878000000.0,,617000000.0,5081000000.0,6797000000.0,1271000000.0,8068000000.0,20209000000.0,4412600000.0,4417000000.0,4473000000.0
Intel Corp,INTC,KNX4USFCNGPY45LOCE31,50863,2019.0,FY,2018-12-30,2019-12-28,2020-01-23 18:39:55+00:00,,4.77,4.77,,200000000.0,4.71,3010000000.0,21048000000.0,21048000000.0,21048000000.0,29825000000.0,71965000000.0,484000000.0,,13362000000.0,393000000.0,6150000000.0,29825000000.0,42140000000.0,,1539000000.0,20105000000.0,22035000000.0,2023000000.0,24058000000.0,71965000000.0,4412600000.0,4417000000.0,4473000000.0
Intel Corp,INTC,KNX4USFCNGPY45LOCE31,50863,2019.0,Q3YTD,2018-12-30,2019-09-28,,,3.18,3.18,,100000000.0,3.14,1847000000.0,14143000000.0,14143000000.0,14143000000.0,21494000000.0,51756000000.0,-170000000.0,,9978000000.0,288000000.0,4658000000.0,21494000000.0,30262000000.0,,922000000.0,15024000000.0,15238000000.0,752000000.0,15990000000.0,51756000000.0,4404400000.0,4391000000.0,4433000000.0
Intel Corp,INTC,KNX4USFCNGPY45LOCE31,50863,2019.0,Q3TTM,2018-09-30,2019-09-28,,,4.32,4.32,-1.2,150000000.0,4.26,2287000000.0,19338000000.0,19338000000.0,19338000000.0,28924000000.0,70413000000.0,-269000000.0,,13411000000.0,288000000.0,6178000000.0,28924000000.0,41489000000.0,,432000000.0,20027000000.0,21462000000.0,163000000.0,21625000000.0,70413000000.0,4404400000.0,4391000000.0,4433000000.0
Intel Corp,INTC,KNX4USFCNGPY45LOCE31,50863,2019.0,Q3,2019-06-30,2019-09-28,2019-10-24 18:35:18+00:00,,1.36,1.36,,50000000.0,1.35,729000000.0,5990000000.0,5990000000.0,5990000000.0,7895000000.0,19190000000.0,-46000000.0,,3208000000.0,104000000.0,1486000000.0,7895000000.0,11295000000.0,,318000000.0,4848000000.0,6447000000.0,272000000.0,6719000000.0,19190000000.0,4404400000.0,4391000000.0,4433000000.0
Intel Corp,INTC,KNX4USFCNGPY45LOCE31,50863,2019.0,Q2YTD,2018-12-30,2019-06-29,,,1.82,1.82,,50000000.0,1.79,1118000000.0,8153000000.0,8153000000.0,8153000000.0,13599000000.0,32566000000.0,-124000000.0,,6770000000.0,184000000.0,3172000000.0,13599000000.0,18967000000.0,,604000000.0,10176000000.0,8791000000.0,480000000.0,9271000000.0,32566000000.0,4445700000.0,4466000000.0,4523000000.0
Intel Corp,INTC,KNX4USFCNGPY45LOCE31,50863,2019.0,Q2TTM,2018-07-01,2019-06-29,,,4.36,4.36,-1.2,150000000.0,4.29,2302000000.0,19746000000.0,19746000000.0,19746000000.0,27832000000.0,70386000000.0,-355000000.0,,13631000000.0,112000000.0,6297000000.0,27832000000.0,42554000000.0,,39000000.0,20190000000.0,22364000000.0,-316000000.0,22048000000.0,70386000000.0,4445700000.0,4466000000.0,4523000000.0
Intel Corp,INTC,KNX4USFCNGPY45LOCE31,50863,2019.0,Q2,2019-03-31,2019-06-29,2019-07-25 18:44:28+00:00,,0.94,0.94,0.0,50000000.0,0.92,545000000.0,4179000000.0,4179000000.0,4179000000.0,6627000000.0,16505000000.0,-63000000.0,,3438000000.0,184000000.0,1589000000.0,6627000000.0,9878000000.0,,170000000.0,5261000000.0,4617000000.0,107000000.0,4724000000.0,16505000000.0,4445700000.0,4466000000.0,4523000000.0
Intel Corp,INTC,KNX4USFCNGPY45LOCE31,50863,2019.0,Q1,2018-12-30,2019-03-30,2020-04-23 18:41:50+00:00,,0.88,0.88,,,0.87,573000000.0,3974000000.0,3974000000.0,3974000000.0,6972000000.0,16061000000.0,-61000000.0,,3332000000.0,0.0,1583000000.0,6972000000.0,9089000000.0,,434000000.0,4915000000.0,4174000000.0,373000000.0,4547000000.0,16061000000.0,4515900000.0,4492000000.0,4564000000.0
Intel Corp,INTC,KNX4USFCNGPY45LOCE31,50863,2019.0,Q1TTM,2018-04-01,2019-03-30,,,4.5,4.5,-0.6,150000000.0,4.42,2280000000.0,20573000000.0,20573000000.0,20573000000.0,27748000000.0,70843000000.0,167000000.0,,13564000000.0,-72000000.0,6433000000.0,27748000000.0,43095000000.0,,-334000000.0,20075000000.0,23020000000.0,-167000000.0,22853000000.0,70843000000.0,4515900000.0,4492000000.0,4564000000.0
Intel Corp,INTC,KNX4USFCNGPY45LOCE31,50863,2020.0,Q1TTM,2019-03-31,2020-03-28,,,5.22,5.22,,200000000.0,5.15,3390000000.0,22735000000.0,22735000000.0,22735000000.0,30665000000.0,75732000000.0,232000000.0,,13305000000.0,555000000.0,6108000000.0,30665000000.0,45067000000.0,,994000000.0,20168000000.0,24899000000.0,1226000000.0,26125000000.0,75732000000.0,4256400000.0,4266000000.0,4312000000.0
Intel Corp,INTC,KNX4USFCNGPY45LOCE31,50863,2020.0,Q1,2019-12-29,2020-03-28,2020-04-23 18:41:50+00:00,,1.33,1.33,,,1.31,953000000.0,5661000000.0,5661000000.0,5661000000.0,7812000000.0,19828000000.0,-313000000.0,,3275000000.0,162000000.0,1541000000.0,7812000000.0,12016000000.0,,-111000000.0,4978000000.0,7038000000.0,-424000000.0,6614000000.0,19828000000.0,4256400000.0,4266000000.0,4312000000.0
