company_name,company_ticker,company_lei,company_cik,year,quarter,start_date,end_date,filing_date,basicdilutedeps,basiceps,cashdividendspershare,dilutedeps,incometaxexpense,netincome,netincomecontinuing,netincometocommon,netincometononcontrollinginterest,operatingcostofrevenue,operatingrevenue,otherincome,otherspecialcharges,preferreddividends,rdexpense,restructuringcharge,sgaexpense,totalcostofrevenue,totalgrossprofit,totalinterestincome,totaloperatingexpenses,totaloperatingincome,totalotherincome,totalpretaxincome,totalrevenue,weightedavebasicdilutedsharesos,weightedavebasicsharesos,weightedavedilutedsharesos
Merck & Co Inc,MRK,,310158,2007.0,FY,2007-01-01,2007-12-31,2010-03-01 07:33:21+00:00,1.51,1.51,1.52,1.49,95300000.0,3396800000.0,3396800000.0,3275400000.0,121400000.0,6140700000.0,24197700000.0,75200000.0,4850000000.0,0.0,4882800000.0,327100000.0,7556700000.0,6140700000.0,18057000000.0,2976500000.0,17616600000.0,440400000.0,3051700000.0,3492100000.0,24197700000.0,2169100000.0,2169100000.0,2198300000.0
Merck & Co Inc,MRK,,310158,2008.0,FY,2008-01-01,2008-12-31,2011-02-28 08:05:34+00:00,3.65,3.65,1.52,3.63,1999000000.0,7932000000.0,7932000000.0,7808000000.0,124000000.0,5583000000.0,23850000000.0,2318000000.0,,,4805000000.0,1033000000.0,7377000000.0,5583000000.0,18267000000.0,2561000000.0,13215000000.0,5052000000.0,4879000000.0,9931000000.0,23850000000.0,2136000000.0,2136000000.0,2136000000.0
Merck & Co Inc,MRK,,310158,2008.0,Q3,2008-07-01,2008-09-30,2009-10-29 16:33:24+00:00,0.35,0.35,0.065,0.35,44000000.0,614000000.0,614000000.0,576000000.0,,1737000000.0,4576000000.0,39000000.0,,38000000.0,893000000.0,101000000.0,1660000000.0,1737000000.0,2839000000.0,434000000.0,2654000000.0,185000000.0,473000000.0,658000000.0,4576000000.0,1645700000.0,1645700000.0,1645700000.0
Merck & Co Inc,MRK,,310158,2008.0,Q2,2008-04-01,2008-06-30,2009-07-24 16:45:16+00:00,0.26,0.26,0.065,0.26,40000000.0,462000000.0,462000000.0,424000000.0,,1908000000.0,4921000000.0,-134000000.0,,38000000.0,906000000.0,94000000.0,1870000000.0,1908000000.0,3013000000.0,493000000.0,2870000000.0,143000000.0,359000000.0,502000000.0,4921000000.0,1630800000.0,1630800000.0,1630800000.0
Merck & Co Inc,MRK,,310158,2009.0,FY,2009-01-01,2009-12-31,2012-02-28 13:09:51+00:00,5.67,5.67,1.52,5.65,2268000000.0,13022000000.0,13022000000.0,12899000000.0,123000000.0,9019000000.0,27428000000.0,10668000000.0,,,5845000000.0,1634000000.0,8543000000.0,9019000000.0,18409000000.0,2235000000.0,16022000000.0,2387000000.0,12903000000.0,15290000000.0,27428000000.0,2268000000.0,2268000000.0,2268000000.0
Merck & Co Inc,MRK,,310158,2009.0,Q4,2009-10-01,2009-12-31,,2.64,2.64,0.38,2.63,-59700000.0,6522600000.0,6522600000.0,6493400000.0,29200000.0,4901000000.0,10093200000.0,7813300000.0,,,1971500000.0,1489900000.0,3455100000.0,4901000000.0,5192200000.0,373900000.0,6916500000.0,-1724300000.0,8187200000.0,6462900000.0,10093200000.0,2268000000.0,2268000000.0,2268000000.0
Merck & Co Inc,MRK,,310158,2009.0,Q3YTD,2009-01-01,2009-09-30,,3.03,3.03,1.14,3.02,2327700000.0,6499400000.0,6499400000.0,6405600000.0,93800000.0,4118000000.0,17334800000.0,2854700000.0,,,3873500000.0,144100000.0,5087900000.0,4118000000.0,13216800000.0,1861100000.0,9105500000.0,4111300000.0,4715800000.0,8827100000.0,17334800000.0,2109100000.0,2109100000.0,2109100000.0
Merck & Co Inc,MRK,,310158,2009.0,Q3,2009-07-01,2009-09-30,2010-11-08 07:47:43+00:00,1.62,1.62,0.38,1.61,1621500000.0,3455300000.0,3455300000.0,3424300000.0,31000000.0,1430300000.0,6049700000.0,2791100000.0,,,1254000000.0,42400000.0,1725500000.0,1430300000.0,4619400000.0,688200000.0,3021900000.0,1597500000.0,3479300000.0,5076800000.0,6049700000.0,2109100000.0,2109100000.0,2109100000.0
Merck & Co Inc,MRK,,310158,2009.0,Q2YTD,2009-01-01,2009-06-30,,1.41,1.41,0.76,1.41,706200000.0,3044100000.0,3044100000.0,2981300000.0,62800000.0,2687700000.0,11285100000.0,63600000.0,,,2619500000.0,101700000.0,3362400000.0,2687700000.0,8597400000.0,1172900000.0,6083600000.0,2513800000.0,1236500000.0,3750300000.0,11285100000.0,2108700000.0,2108700000.0,2108700000.0
Merck & Co Inc,MRK,,310158,2009.0,Q2,2009-04-01,2009-06-30,2010-08-06 16:24:30+00:00,0.74,0.74,0.38,0.74,379000000.0,1588300000.0,1588300000.0,1556300000.0,32000000.0,1353900000.0,5899900000.0,-3600000.0,,,1395300000.0,37400000.0,1729500000.0,1353900000.0,4546000000.0,587100000.0,3162200000.0,1383800000.0,583500000.0,1967300000.0,5899900000.0,2108700000.0,2108700000.0,2108700000.0
Merck & Co Inc,MRK,,310158,2009.0,Q1,2009-01-01,2009-03-31,2010-05-07 08:20:51+00:00,0.67,0.67,0.38,0.67,327200000.0,1455800000.0,1455800000.0,1425000000.0,30800000.0,1333800000.0,5385200000.0,67200000.0,,,1224200000.0,64300000.0,1632900000.0,1333800000.0,4051400000.0,585800000.0,2921400000.0,1130000000.0,653000000.0,1783000000.0,5385200000.0,2126900000.0,2126900000.0,2126900000.0
Merck & Co Inc,MRK,,310158,2010.0,Q4,2010-10-01,2010-12-31,,-0.17,-0.17,0.38,-0.16,-202000000.0,-500000000.0,-500000000.0,-532000000.0,32000000.0,4440000000.0,12094000000.0,-310000000.0,,,4559000000.0,121000000.0,3536000000.0,4440000000.0,7654000000.0,170000000.0,8216000000.0,-562000000.0,-140000000.0,-702000000.0,12094000000.0,3075000000.0,3075000000.0,3075000000.0
Merck & Co Inc,MRK,,310158,2010.0,FY,2010-01-01,2010-12-31,2013-02-28 16:54:26+00:00,0.28,0.28,1.52,0.28,671000000.0,982000000.0,982000000.0,861000000.0,121000000.0,18396000000.0,45987000000.0,-1304000000.0,,,11111000000.0,985000000.0,13125000000.0,18396000000.0,27591000000.0,587000000.0,25221000000.0,2370000000.0,-717000000.0,1653000000.0,45987000000.0,3075000000.0,3075000000.0,3075000000.0
Merck & Co Inc,MRK,,310158,2010.0,Q3YTD,2010-01-01,2010-09-30,,0.45,0.45,1.14,0.44,873000000.0,1482000000.0,1482000000.0,1393000000.0,89000000.0,13956000000.0,33893000000.0,-994000000.0,,,6552000000.0,864000000.0,9589000000.0,13956000000.0,19937000000.0,417000000.0,17005000000.0,2932000000.0,-577000000.0,2355000000.0,33893000000.0,3078000000.0,3078000000.0,3078000000.0
Merck & Co Inc,MRK,,310158,2010.0,Q3TTM,2009-10-01,2010-09-30,,3.09,3.09,1.52,3.07,813300000.0,8004600000.0,8004600000.0,7886400000.0,118200000.0,18857000000.0,43986200000.0,6819300000.0,,,8523500000.0,2353900000.0,13044100000.0,18857000000.0,25129200000.0,790900000.0,23921500000.0,1207700000.0,7610200000.0,8817900000.0,43986200000.0,3078000000.0,3078000000.0,3078000000.0
Merck & Co Inc,MRK,,310158,2010.0,Q3,2010-07-01,2010-09-30,2011-11-08 17:12:56+00:00,0.11,0.11,0.38,0.11,126000000.0,372000000.0,372000000.0,342000000.0,30000000.0,4191000000.0,11125000000.0,-1108000000.0,,,2322000000.0,50000000.0,3192000000.0,4191000000.0,6934000000.0,236000000.0,5564000000.0,1370000000.0,-872000000.0,498000000.0,11125000000.0,3078000000.0,3078000000.0,3078000000.0
Merck & Co Inc,MRK,,310158,2010.0,Q2YTD,2010-01-01,2010-06-30,,0.34,0.34,0.76,0.33,747000000.0,1110000000.0,1110000000.0,1051000000.0,59000000.0,9765000000.0,22768000000.0,114000000.0,,,4230000000.0,814000000.0,6397000000.0,9765000000.0,13003000000.0,181000000.0,11441000000.0,1562000000.0,295000000.0,1857000000.0,22768000000.0,3105000000.0,3105000000.0,3105000000.0
Merck & Co Inc,MRK,,310158,2010.0,Q2TTM,2009-07-01,2010-06-30,,4.6,4.6,1.52,4.57,2308800000.0,11087900000.0,11087900000.0,10968700000.0,119200000.0,16096300000.0,38910900000.0,10718400000.0,,,7455500000.0,2346300000.0,11577600000.0,16096300000.0,22814600000.0,1243100000.0,21379400000.0,1435200000.0,11961500000.0,13396700000.0,38910900000.0,3105000000.0,3105000000.0,3105000000.0
Merck & Co Inc,MRK,,310158,2010.0,Q2,2010-04-01,2010-06-30,2011-08-08 07:43:43+00:00,0.24,0.24,0.38,0.24,461000000.0,780000000.0,780000000.0,752000000.0,28000000.0,4549000000.0,11346000000.0,281000000.0,,,2179000000.0,526000000.0,3175000000.0,4549000000.0,6797000000.0,43000000.0,5880000000.0,917000000.0,324000000.0,1241000000.0,11346000000.0,3105000000.0,3105000000.0,3105000000.0
Merck & Co Inc,MRK,,310158,2010.0,Q1TTM,2009-04-01,2010-03-31,,5.1,5.1,1.52,5.07,2226800000.0,11896200000.0,11896200000.0,11773000000.0,123200000.0,12901200000.0,33464800000.0,10433800000.0,,,6671800000.0,1857700000.0,10132100000.0,12901200000.0,20563600000.0,1787200000.0,18661600000.0,1902000000.0,12221000000.0,14123000000.0,33464800000.0,3114000000.0,3114000000.0,3322200000.0
Merck & Co Inc,MRK,,310158,2010.0,Q1,2010-01-01,2010-03-31,2011-05-09 07:58:35+00:00,0.1,0.1,0.38,0.09,286000000.0,330000000.0,330000000.0,299000000.0,31000000.0,5216000000.0,11422000000.0,-167000000.0,,,2051000000.0,288000000.0,3222000000.0,5216000000.0,6206000000.0,138000000.0,5561000000.0,645000000.0,-29000000.0,616000000.0,11422000000.0,3114000000.0,3114000000.0,3322200000.0
Merck & Co Inc,MRK,,310158,2011.0,Q4,2011-10-01,2011-12-31,,0.5,0.5,0.42,0.48,38000000.0,1543000000.0,1543000000.0,1513000000.0,30000000.0,4176000000.0,12294000000.0,-137000000.0,,,2419000000.0,533000000.0,3704000000.0,4176000000.0,8118000000.0,256000000.0,6656000000.0,1462000000.0,119000000.0,1581000000.0,12294000000.0,3071000000.0,3071000000.0,3071000000.0
Merck & Co Inc,MRK,,310158,2011.0,FY,2011-01-01,2011-12-31,2014-02-27 16:59:59+00:00,2.04,2.04,1.56,2.02,942000000.0,6392000000.0,6392000000.0,6272000000.0,120000000.0,16871000000.0,48047000000.0,-946000000.0,,,8467000000.0,1306000000.0,13733000000.0,16871000000.0,31176000000.0,610000000.0,23506000000.0,7670000000.0,-336000000.0,7334000000.0,48047000000.0,3071000000.0,3071000000.0,3071000000.0
Merck & Co Inc,MRK,,310158,2011.0,Q3YTD,2011-01-01,2011-09-30,,1.54,1.54,1.14,1.54,904000000.0,4849000000.0,4849000000.0,4759000000.0,90000000.0,12695000000.0,35753000000.0,-809000000.0,,,6048000000.0,773000000.0,10029000000.0,12695000000.0,23058000000.0,354000000.0,16850000000.0,6208000000.0,-455000000.0,5753000000.0,35753000000.0,3070000000.0,3070000000.0,3070000000.0
Merck & Co Inc,MRK,,310158,2011.0,Q3TTM,2010-10-01,2011-09-30,,1.37,1.37,1.52,1.38,702000000.0,4349000000.0,4349000000.0,4227000000.0,122000000.0,17135000000.0,47847000000.0,-1119000000.0,,,10607000000.0,894000000.0,13565000000.0,17135000000.0,30712000000.0,524000000.0,25066000000.0,5646000000.0,-595000000.0,5051000000.0,47847000000.0,3070000000.0,3070000000.0,3070000000.0
Merck & Co Inc,MRK,,310158,2011.0,Q3,2011-07-01,2011-09-30,2012-11-09 17:02:13+00:00,0.55,0.55,0.38,0.55,628000000.0,1724000000.0,1724000000.0,1692000000.0,32000000.0,4352000000.0,12022000000.0,-66000000.0,,,1954000000.0,119000000.0,3340000000.0,4352000000.0,7670000000.0,161000000.0,5413000000.0,2257000000.0,95000000.0,2352000000.0,12022000000.0,3070000000.0,3070000000.0,3070000000.0
Merck & Co Inc,MRK,,310158,2011.0,Q2YTD,2011-01-01,2011-06-30,,0.99,0.99,0.76,0.99,276000000.0,3125000000.0,3125000000.0,3067000000.0,58000000.0,8343000000.0,23731000000.0,-743000000.0,,,4094000000.0,654000000.0,6689000000.0,8343000000.0,15388000000.0,193000000.0,11437000000.0,3951000000.0,-550000000.0,3401000000.0,23731000000.0,3086000000.0,3086000000.0,3086000000.0
Merck & Co Inc,MRK,,310158,2011.0,Q2TTM,2010-07-01,2011-06-30,,0.93,0.93,1.52,0.94,200000000.0,2997000000.0,2997000000.0,2877000000.0,120000000.0,16974000000.0,46950000000.0,-2161000000.0,,,10975000000.0,825000000.0,13417000000.0,16974000000.0,29976000000.0,599000000.0,25217000000.0,4759000000.0,-1562000000.0,3197000000.0,46950000000.0,3086000000.0,3086000000.0,3086000000.0
Merck & Co Inc,MRK,,310158,2011.0,Q2,2011-04-01,2011-06-30,2012-08-07 17:05:43+00:00,0.65,0.65,0.38,0.65,-382000000.0,2054000000.0,2054000000.0,2024000000.0,30000000.0,4284000000.0,12151000000.0,-121000000.0,,,1936000000.0,668000000.0,3525000000.0,4284000000.0,7867000000.0,55000000.0,6129000000.0,1738000000.0,-66000000.0,1672000000.0,12151000000.0,3086000000.0,3086000000.0,3086000000.0
Merck & Co Inc,MRK,,310158,2011.0,Q1TTM,2010-04-01,2011-03-31,,0.52,0.52,1.52,0.53,1043000000.0,1723000000.0,1723000000.0,1605000000.0,118000000.0,17239000000.0,46145000000.0,-1759000000.0,,,11218000000.0,683000000.0,13067000000.0,17239000000.0,28906000000.0,587000000.0,24968000000.0,3938000000.0,-1172000000.0,2766000000.0,46145000000.0,3084000000.0,3084000000.0,3084000000.0
Merck & Co Inc,MRK,,310158,2011.0,Q1,2011-01-01,2011-03-31,2012-05-08 07:40:16+00:00,0.34,0.34,0.38,0.34,658000000.0,1071000000.0,1071000000.0,1043000000.0,28000000.0,4059000000.0,11580000000.0,-622000000.0,,,2158000000.0,-14000000.0,3164000000.0,4059000000.0,7521000000.0,138000000.0,5308000000.0,2213000000.0,-484000000.0,1729000000.0,11580000000.0,3084000000.0,3084000000.0,3084000000.0
Merck & Co Inc,MRK,,310158,2012.0,FY,2012-01-01,2012-12-31,2015-02-27 14:02:50+00:00,2.03,2.03,1.69,2.0,2440000000.0,6299000000.0,6299000000.0,6168000000.0,131000000.0,16446000000.0,47267000000.0,-1116000000.0,,,8168000000.0,664000000.0,12776000000.0,16446000000.0,30821000000.0,642000000.0,21608000000.0,9213000000.0,-474000000.0,8739000000.0,47267000000.0,3041000000.0,3041000000.0,3041000000.0
Merck & Co Inc,MRK,,310158,2012.0,Q4,2012-10-01,2012-12-31,,0.3,0.3,0.43,0.3,385000000.0,949000000.0,949000000.0,908000000.0,41000000.0,4160000000.0,11737000000.0,-671000000.0,,,2223000000.0,191000000.0,3390000000.0,4160000000.0,7577000000.0,232000000.0,5804000000.0,1773000000.0,-439000000.0,1334000000.0,11737000000.0,3041000000.0,3041000000.0,3041000000.0
Merck & Co Inc,MRK,,310158,2012.0,Q3YTD,2012-01-01,2012-09-30,,1.73,1.73,1.26,1.7,2055000000.0,5350000000.0,5350000000.0,5260000000.0,90000000.0,12286000000.0,35530000000.0,-445000000.0,,,5945000000.0,473000000.0,9386000000.0,12286000000.0,23244000000.0,410000000.0,15804000000.0,7440000000.0,-35000000.0,7405000000.0,35530000000.0,3045000000.0,3045000000.0,3045000000.0
Merck & Co Inc,MRK,,310158,2012.0,Q3TTM,2011-10-01,2012-09-30,,2.23,2.23,1.68,2.18,2093000000.0,6893000000.0,6893000000.0,6773000000.0,120000000.0,16462000000.0,47824000000.0,-582000000.0,,,8364000000.0,1006000000.0,13090000000.0,16462000000.0,31362000000.0,666000000.0,22460000000.0,8902000000.0,84000000.0,8986000000.0,47824000000.0,3045000000.0,3045000000.0,3045000000.0
Merck & Co Inc,MRK,,310158,2012.0,Q3,2012-07-01,2012-09-30,2013-11-07 16:59:25+00:00,0.57,0.57,0.42,0.56,455000000.0,1763000000.0,1763000000.0,1729000000.0,34000000.0,4137000000.0,11488000000.0,-200000000.0,,,1918000000.0,110000000.0,3063000000.0,4137000000.0,7351000000.0,158000000.0,5091000000.0,2260000000.0,-42000000.0,2218000000.0,11488000000.0,3045000000.0,3045000000.0,3045000000.0
Merck & Co Inc,MRK,,310158,2012.0,Q2YTD,2012-01-01,2012-06-30,,1.16,1.16,0.84,1.14,1600000000.0,3587000000.0,3587000000.0,3531000000.0,56000000.0,8149000000.0,24042000000.0,-245000000.0,,,4027000000.0,363000000.0,6323000000.0,8149000000.0,15893000000.0,252000000.0,10713000000.0,5180000000.0,7000000.0,5187000000.0,24042000000.0,3041000000.0,3041000000.0,3041000000.0
Merck & Co Inc,MRK,,310158,2012.0,Q2TTM,2011-07-01,2012-06-30,,2.21,2.21,1.64,2.17,2266000000.0,6854000000.0,6854000000.0,6736000000.0,118000000.0,16677000000.0,48358000000.0,-448000000.0,,,8400000000.0,1015000000.0,13367000000.0,16677000000.0,31681000000.0,669000000.0,22782000000.0,8899000000.0,221000000.0,9120000000.0,48358000000.0,3041000000.0,3041000000.0,3041000000.0
Merck & Co Inc,MRK,,310158,2012.0,Q2,2012-04-01,2012-06-30,2013-08-07 17:01:07+00:00,0.59,0.59,0.42,0.58,860000000.0,1820000000.0,1820000000.0,1793000000.0,27000000.0,4112000000.0,12311000000.0,-103000000.0,,,2165000000.0,144000000.0,3249000000.0,4112000000.0,8199000000.0,142000000.0,5558000000.0,2641000000.0,39000000.0,2680000000.0,12311000000.0,3041000000.0,3041000000.0,3041000000.0
Merck & Co Inc,MRK,,310158,2012.0,Q1TTM,2011-04-01,2012-03-31,,2.27,2.27,1.6,2.24,1024000000.0,7088000000.0,7088000000.0,6967000000.0,121000000.0,16849000000.0,48198000000.0,-466000000.0,,,8171000000.0,1539000000.0,13643000000.0,16849000000.0,31349000000.0,582000000.0,23353000000.0,7996000000.0,116000000.0,8112000000.0,48198000000.0,3043000000.0,3043000000.0,3043000000.0
Merck & Co Inc,MRK,,310158,2012.0,Q1,2012-01-01,2012-03-31,2013-05-09 17:05:03+00:00,0.57,0.57,0.42,0.56,740000000.0,1767000000.0,1767000000.0,1738000000.0,29000000.0,4037000000.0,11731000000.0,-142000000.0,,,1862000000.0,219000000.0,3074000000.0,4037000000.0,7694000000.0,110000000.0,5155000000.0,2539000000.0,-32000000.0,2507000000.0,11731000000.0,3043000000.0,3043000000.0,3043000000.0
Merck & Co Inc,MRK,,310158,2013.0,FY,2013-01-01,2013-12-31,2016-02-26 16:04:31+00:00,1.49,1.49,1.73,1.47,1028000000.0,4517000000.0,4517000000.0,4404000000.0,113000000.0,16954000000.0,44033000000.0,-411000000.0,,,7503000000.0,1709000000.0,11911000000.0,16954000000.0,27079000000.0,,21123000000.0,5956000000.0,-411000000.0,5545000000.0,44033000000.0,2963000000.0,2963000000.0,2963000000.0
Merck & Co Inc,MRK,,310158,2013.0,Q4,2013-10-01,2013-12-31,,0.28,0.28,0.44,0.27,409000000.0,816000000.0,816000000.0,781000000.0,35000000.0,4607000000.0,11320000000.0,244000000.0,,,1835000000.0,565000000.0,2981000000.0,4607000000.0,6713000000.0,-351000000.0,5381000000.0,1332000000.0,-107000000.0,1225000000.0,11320000000.0,2963000000.0,2963000000.0,2963000000.0
Merck & Co Inc,MRK,,310158,2013.0,Q3YTD,2013-01-01,2013-09-30,,1.21,1.21,1.29,1.2,619000000.0,3701000000.0,3701000000.0,3623000000.0,78000000.0,12347000000.0,32713000000.0,-655000000.0,,,5668000000.0,1144000000.0,8930000000.0,12347000000.0,20366000000.0,351000000.0,15742000000.0,4624000000.0,-304000000.0,4320000000.0,32713000000.0,2927000000.0,2927000000.0,2927000000.0
Merck & Co Inc,MRK,,310158,2013.0,Q3TTM,2012-10-01,2013-09-30,,1.51,1.51,1.72,1.5,1004000000.0,4650000000.0,4650000000.0,4531000000.0,119000000.0,16507000000.0,44450000000.0,-1326000000.0,,,7891000000.0,1335000000.0,12320000000.0,16507000000.0,27943000000.0,583000000.0,21546000000.0,6397000000.0,-743000000.0,5654000000.0,44450000000.0,2927000000.0,2927000000.0,2927000000.0
Merck & Co Inc,MRK,,310158,2013.0,Q3,2013-07-01,2013-09-30,2014-11-10 07:50:49+00:00,0.38,0.38,0.43,0.38,375000000.0,1150000000.0,1150000000.0,1124000000.0,26000000.0,4104000000.0,11032000000.0,-172000000.0,,,1660000000.0,870000000.0,2803000000.0,4104000000.0,6928000000.0,102000000.0,5333000000.0,1595000000.0,-70000000.0,1525000000.0,11032000000.0,2927000000.0,2927000000.0,2927000000.0
Merck & Co Inc,MRK,,310158,2013.0,Q2YTD,2013-01-01,2013-06-30,,0.83,0.83,0.86,0.82,244000000.0,2551000000.0,2551000000.0,2499000000.0,52000000.0,8243000000.0,21681000000.0,-483000000.0,,,4008000000.0,274000000.0,6127000000.0,8243000000.0,13438000000.0,249000000.0,10409000000.0,3029000000.0,-234000000.0,2795000000.0,21681000000.0,2977000000.0,2977000000.0,2977000000.0
Merck & Co Inc,MRK,,310158,2013.0,Q2TTM,2012-07-01,2013-06-30,,1.7,1.7,1.71,1.68,1084000000.0,5263000000.0,5263000000.0,5136000000.0,127000000.0,16540000000.0,44906000000.0,-1354000000.0,,,8149000000.0,575000000.0,12580000000.0,16540000000.0,28366000000.0,639000000.0,21304000000.0,7062000000.0,-715000000.0,6347000000.0,44906000000.0,2977000000.0,2977000000.0,2977000000.0
Merck & Co Inc,MRK,,310158,2013.0,Q2,2013-04-01,2013-06-30,2014-08-07 17:04:54+00:00,0.3,0.3,0.43,0.3,310000000.0,935000000.0,935000000.0,906000000.0,29000000.0,4284000000.0,11010000000.0,-201000000.0,,,2101000000.0,155000000.0,3140000000.0,4284000000.0,6726000000.0,116000000.0,5396000000.0,1330000000.0,-85000000.0,1245000000.0,11010000000.0,2977000000.0,2977000000.0,2977000000.0
Merck & Co Inc,MRK,,310158,2013.0,Q1TTM,2012-04-01,2013-03-31,,1.99,1.99,1.7,1.96,1634000000.0,6148000000.0,6148000000.0,6023000000.0,125000000.0,16368000000.0,46207000000.0,-1256000000.0,,,8213000000.0,564000000.0,12689000000.0,16368000000.0,29839000000.0,665000000.0,21466000000.0,8373000000.0,-591000000.0,7782000000.0,46207000000.0,3022000000.0,3022000000.0,3022000000.0
Merck & Co Inc,MRK,,310158,2013.0,Q1,2013-01-01,2013-03-31,2014-05-08 16:55:35+00:00,0.53,0.53,0.43,0.52,-66000000.0,1616000000.0,1616000000.0,1593000000.0,23000000.0,3959000000.0,10671000000.0,-282000000.0,,,1907000000.0,119000000.0,2987000000.0,3959000000.0,6712000000.0,133000000.0,5013000000.0,1699000000.0,-149000000.0,1550000000.0,10671000000.0,3022000000.0,3022000000.0,3022000000.0
Merck & Co Inc,MRK,,310158,2014.0,FY,2014-01-01,2014-12-31,2017-02-28 16:33:13+00:00,4.12,4.12,1.77,4.07,5349000000.0,11934000000.0,11934000000.0,11920000000.0,14000000.0,16768000000.0,42237000000.0,11613000000.0,,,7180000000.0,1013000000.0,11606000000.0,16768000000.0,25469000000.0,,19799000000.0,5670000000.0,11613000000.0,17283000000.0,42237000000.0,2894000000.0,2894000000.0,2894000000.0
Merck & Co Inc,MRK,,310158,2014.0,Q4,2014-10-01,2014-12-31,,2.54,2.54,0.45,2.51,4483000000.0,7328000000.0,7328000000.0,7316000000.0,12000000.0,3749000000.0,10482000000.0,10634000000.0,,,2283000000.0,349000000.0,2924000000.0,3749000000.0,6733000000.0,,5556000000.0,1177000000.0,10634000000.0,11811000000.0,10482000000.0,2894000000.0,2894000000.0,2894000000.0
Merck & Co Inc,MRK,,310158,2014.0,Q3,2014-07-01,2014-09-30,2015-11-05 16:32:00+00:00,0.31,0.31,0.44,0.31,648000000.0,842000000.0,842000000.0,895000000.0,-53000000.0,4223000000.0,10557000000.0,166000000.0,,,1659000000.0,376000000.0,2975000000.0,4223000000.0,6334000000.0,,5010000000.0,1324000000.0,166000000.0,1490000000.0,10557000000.0,2879000000.0,2879000000.0,2879000000.0
Merck & Co Inc,MRK,,310158,2014.0,Q3YTD,2014-01-01,2014-09-30,,1.58,1.58,1.32,1.56,866000000.0,4606000000.0,4606000000.0,4604000000.0,2000000.0,13019000000.0,31755000000.0,979000000.0,,,4897000000.0,664000000.0,8682000000.0,13019000000.0,18736000000.0,,14243000000.0,4493000000.0,979000000.0,5472000000.0,31755000000.0,2879000000.0,2879000000.0,2879000000.0
Merck & Co Inc,MRK,,310158,2014.0,Q3TTM,2013-10-01,2014-09-30,,1.86,1.86,1.76,1.83,1275000000.0,5422000000.0,5422000000.0,5385000000.0,37000000.0,17626000000.0,43075000000.0,1223000000.0,,,6732000000.0,1229000000.0,11663000000.0,17626000000.0,25449000000.0,-351000000.0,19624000000.0,5825000000.0,872000000.0,6697000000.0,43075000000.0,2879000000.0,2879000000.0,2879000000.0
Merck & Co Inc,MRK,,310158,2014.0,Q2,2014-04-01,2014-06-30,2015-08-06 16:17:10+00:00,0.69,0.69,0.44,0.68,-142000000.0,2033000000.0,2033000000.0,2004000000.0,29000000.0,4893000000.0,10934000000.0,650000000.0,,,1664000000.0,163000000.0,2973000000.0,4893000000.0,6041000000.0,,4800000000.0,1241000000.0,650000000.0,1891000000.0,10934000000.0,2917000000.0,2917000000.0,2917000000.0
Merck & Co Inc,MRK,,310158,2014.0,Q2YTD,2014-01-01,2014-06-30,,1.27,1.27,0.88,1.25,218000000.0,3764000000.0,3764000000.0,3709000000.0,55000000.0,8796000000.0,21198000000.0,813000000.0,,,3238000000.0,288000000.0,5707000000.0,8796000000.0,12402000000.0,,9233000000.0,3169000000.0,813000000.0,3982000000.0,21198000000.0,2917000000.0,2917000000.0,2917000000.0
Merck & Co Inc,MRK,,310158,2014.0,Q2TTM,2013-07-01,2014-06-30,,1.93,1.93,1.75,1.9,1002000000.0,5730000000.0,5730000000.0,5614000000.0,116000000.0,17507000000.0,43550000000.0,885000000.0,,,6733000000.0,1723000000.0,11491000000.0,17507000000.0,26043000000.0,-249000000.0,19947000000.0,6096000000.0,636000000.0,6732000000.0,43550000000.0,2917000000.0,2917000000.0,2917000000.0
Merck & Co Inc,MRK,,310158,2014.0,Q1,2014-01-01,2014-03-31,2015-05-07 16:34:55+00:00,0.58,0.58,0.44,0.57,360000000.0,1731000000.0,1731000000.0,1705000000.0,26000000.0,3903000000.0,10264000000.0,163000000.0,,,1574000000.0,125000000.0,2734000000.0,3903000000.0,6361000000.0,,4433000000.0,1928000000.0,163000000.0,2091000000.0,10264000000.0,2934000000.0,2934000000.0,2934000000.0
Merck & Co Inc,MRK,,310158,2014.0,Q1TTM,2013-04-01,2014-03-31,,1.54,1.54,1.74,1.52,1454000000.0,4632000000.0,4632000000.0,4516000000.0,116000000.0,16898000000.0,43626000000.0,34000000.0,,,7170000000.0,1715000000.0,11658000000.0,16898000000.0,26728000000.0,-133000000.0,20543000000.0,6185000000.0,-99000000.0,6086000000.0,43626000000.0,2934000000.0,2934000000.0,2934000000.0
Merck & Co Inc,MRK,,310158,2015.0,FY,2015-01-01,2015-12-31,2018-02-27 16:33:07+00:00,1.58,1.58,1.81,1.56,942000000.0,4459000000.0,4459000000.0,4442000000.0,17000000.0,14934000000.0,39498000000.0,-1527000000.0,,,6704000000.0,619000000.0,10313000000.0,14934000000.0,24564000000.0,,17636000000.0,6928000000.0,-1527000000.0,5401000000.0,39498000000.0,2816000000.0,2816000000.0,2816000000.0
Merck & Co Inc,MRK,,310158,2015.0,Q4,2015-10-01,2015-12-31,,0.35,0.35,0.46,0.35,-166000000.0,982000000.0,982000000.0,976000000.0,6000000.0,3850000000.0,10215000000.0,-903000000.0,,,1797000000.0,233000000.0,2616000000.0,3850000000.0,6365000000.0,,4646000000.0,1719000000.0,-903000000.0,816000000.0,10215000000.0,2816000000.0,2816000000.0,2816000000.0
Merck & Co Inc,MRK,,310158,2015.0,Q3,2015-07-01,2015-09-30,2016-11-07 16:19:24+00:00,0.65,0.65,0.45,0.64,566000000.0,1831000000.0,1831000000.0,1826000000.0,5000000.0,3761000000.0,10073000000.0,170000000.0,,,1500000000.0,113000000.0,2472000000.0,3761000000.0,6312000000.0,,4085000000.0,2227000000.0,170000000.0,2397000000.0,10073000000.0,2814000000.0,2814000000.0,2814000000.0
Merck & Co Inc,MRK,,310158,2015.0,Q3YTD,2015-01-01,2015-09-30,,1.23,1.23,1.35,1.21,1108000000.0,3477000000.0,3477000000.0,3466000000.0,11000000.0,11084000000.0,29283000000.0,-624000000.0,,,4907000000.0,386000000.0,7697000000.0,11084000000.0,18199000000.0,,12990000000.0,5209000000.0,-624000000.0,4585000000.0,29283000000.0,2814000000.0,2814000000.0,2814000000.0
Merck & Co Inc,MRK,,310158,2015.0,Q3TTM,2014-10-01,2015-09-30,,3.77,3.77,1.8,3.72,5591000000.0,10805000000.0,10805000000.0,10782000000.0,23000000.0,14833000000.0,39765000000.0,10010000000.0,,,7190000000.0,735000000.0,10621000000.0,14833000000.0,24932000000.0,,18546000000.0,6386000000.0,10010000000.0,16396000000.0,39765000000.0,2814000000.0,2814000000.0,2814000000.0
Merck & Co Inc,MRK,,310158,2015.0,Q2,2015-04-01,2015-06-30,2016-08-08 16:37:27+00:00,0.24,0.24,0.45,0.24,119000000.0,688000000.0,688000000.0,687000000.0,1000000.0,3754000000.0,9785000000.0,-739000000.0,,,1670000000.0,191000000.0,2624000000.0,3754000000.0,6031000000.0,,4485000000.0,1546000000.0,-739000000.0,807000000.0,9785000000.0,2826000000.0,2826000000.0,2826000000.0
Merck & Co Inc,MRK,,310158,2015.0,Q2YTD,2015-01-01,2015-06-30,,0.58,0.58,0.9,0.57,542000000.0,1646000000.0,1646000000.0,1640000000.0,6000000.0,7323000000.0,19210000000.0,-794000000.0,,,3407000000.0,273000000.0,5225000000.0,7323000000.0,11887000000.0,,8905000000.0,2982000000.0,-794000000.0,2188000000.0,19210000000.0,2826000000.0,2826000000.0,2826000000.0
Merck & Co Inc,MRK,,310158,2015.0,Q2TTM,2014-07-01,2015-06-30,,3.43,3.43,1.79,3.39,5673000000.0,9816000000.0,9816000000.0,9851000000.0,-35000000.0,15295000000.0,40249000000.0,10006000000.0,,,7349000000.0,998000000.0,11124000000.0,15295000000.0,24954000000.0,,19471000000.0,5483000000.0,10006000000.0,15489000000.0,40249000000.0,2826000000.0,2826000000.0,2826000000.0
Merck & Co Inc,MRK,,310158,2015.0,Q1,2015-01-01,2015-03-31,2016-05-09 16:32:41+00:00,0.34,0.34,0.45,0.33,423000000.0,958000000.0,958000000.0,953000000.0,5000000.0,3569000000.0,9425000000.0,-55000000.0,,,1737000000.0,82000000.0,2601000000.0,3569000000.0,5856000000.0,,4420000000.0,1436000000.0,-55000000.0,1381000000.0,9425000000.0,2835000000.0,2835000000.0,2835000000.0
Merck & Co Inc,MRK,,310158,2015.0,Q1TTM,2014-04-01,2015-03-31,,3.88,3.88,1.78,3.83,5412000000.0,11161000000.0,11161000000.0,11168000000.0,-7000000.0,16434000000.0,41398000000.0,11395000000.0,,,7343000000.0,970000000.0,11473000000.0,16434000000.0,24964000000.0,,19786000000.0,5178000000.0,11395000000.0,16573000000.0,41398000000.0,2835000000.0,2835000000.0,2835000000.0
Merck & Co Inc,MRK,,310158,2016.0,FY,2016-01-01,2016-12-31,2019-02-27 16:36:42+00:00,1.42,1.42,1.85,1.41,718000000.0,3941000000.0,3941000000.0,3920000000.0,21000000.0,14030000000.0,39807000000.0,-189000000.0,,,10261000000.0,651000000.0,10017000000.0,14030000000.0,25777000000.0,,20929000000.0,4848000000.0,-189000000.0,4659000000.0,39807000000.0,2766000000.0,2766000000.0,2766000000.0
Merck & Co Inc,MRK,,310158,2016.0,Q4,2016-10-01,2016-12-31,,-0.22,-0.22,0.47,-0.2,-770000000.0,-586000000.0,-586000000.0,-594000000.0,8000000.0,3471000000.0,10115000000.0,-100000000.0,,,4787000000.0,265000000.0,2848000000.0,3471000000.0,6644000000.0,,7900000000.0,-1256000000.0,-100000000.0,-1356000000.0,10115000000.0,2766000000.0,2766000000.0,2766000000.0
Merck & Co Inc,MRK,,310158,2016.0,Q3,2016-07-01,2016-09-30,2017-11-07 16:38:23+00:00,0.79,0.79,0.46,0.78,699000000.0,2188000000.0,2188000000.0,2184000000.0,4000000.0,3409000000.0,10536000000.0,-22000000.0,,,1664000000.0,161000000.0,2393000000.0,3409000000.0,7127000000.0,,4218000000.0,2909000000.0,-22000000.0,2887000000.0,10536000000.0,2765000000.0,2765000000.0,2765000000.0
Merck & Co Inc,MRK,,310158,2016.0,Q3YTD,2016-01-01,2016-09-30,,1.64,1.64,1.38,1.61,1488000000.0,4527000000.0,4527000000.0,4514000000.0,13000000.0,10559000000.0,29692000000.0,-89000000.0,,,5474000000.0,386000000.0,7169000000.0,10559000000.0,19133000000.0,,13029000000.0,6104000000.0,-89000000.0,6015000000.0,29692000000.0,2765000000.0,2765000000.0,2765000000.0
Merck & Co Inc,MRK,,310158,2016.0,Q3TTM,2015-10-01,2016-09-30,,1.99,1.99,1.84,1.96,1322000000.0,5509000000.0,5509000000.0,5490000000.0,19000000.0,14409000000.0,39907000000.0,-992000000.0,,,7271000000.0,619000000.0,9785000000.0,14409000000.0,25498000000.0,,17675000000.0,7823000000.0,-992000000.0,6831000000.0,39907000000.0,2765000000.0,2765000000.0,2765000000.0
Merck & Co Inc,MRK,,310158,2016.0,Q2,2016-04-01,2016-06-30,2017-08-08 16:39:40+00:00,0.44,0.44,0.46,0.43,295000000.0,1209000000.0,1209000000.0,1205000000.0,4000000.0,3578000000.0,9844000000.0,-19000000.0,,,2151000000.0,134000000.0,2458000000.0,3578000000.0,6266000000.0,,4743000000.0,1523000000.0,-19000000.0,1504000000.0,9844000000.0,2768000000.0,2768000000.0,2768000000.0
Merck & Co Inc,MRK,,310158,2016.0,Q2YTD,2016-01-01,2016-06-30,,0.85,0.85,0.92,0.83,789000000.0,2339000000.0,2339000000.0,2330000000.0,9000000.0,7150000000.0,19156000000.0,-67000000.0,,,3810000000.0,225000000.0,4776000000.0,7150000000.0,12006000000.0,,8811000000.0,3195000000.0,-67000000.0,3128000000.0,19156000000.0,2768000000.0,2768000000.0,2768000000.0
Merck & Co Inc,MRK,,310158,2016.0,Q2TTM,2015-07-01,2016-06-30,,1.85,1.85,1.83,1.82,1189000000.0,5152000000.0,5152000000.0,5132000000.0,20000000.0,14761000000.0,39444000000.0,-800000000.0,,,7107000000.0,571000000.0,9864000000.0,14761000000.0,24683000000.0,,17542000000.0,7141000000.0,-800000000.0,6341000000.0,39444000000.0,2768000000.0,2768000000.0,2768000000.0
Merck & Co Inc,MRK,,310158,2016.0,Q1,2016-01-01,2016-03-31,2017-05-09 16:39:34+00:00,0.41,0.41,0.46,0.4,494000000.0,1130000000.0,1130000000.0,1125000000.0,5000000.0,3572000000.0,9312000000.0,-48000000.0,,,1659000000.0,91000000.0,2318000000.0,3572000000.0,5740000000.0,,4068000000.0,1672000000.0,-48000000.0,1624000000.0,9312000000.0,2774000000.0,2774000000.0,2774000000.0
Merck & Co Inc,MRK,,310158,2016.0,Q1TTM,2015-04-01,2016-03-31,,1.65,1.65,1.82,1.63,1013000000.0,4631000000.0,4631000000.0,4614000000.0,17000000.0,14937000000.0,39385000000.0,-1520000000.0,,,6626000000.0,628000000.0,10030000000.0,14937000000.0,24448000000.0,,17284000000.0,7164000000.0,-1520000000.0,5644000000.0,39385000000.0,2774000000.0,2774000000.0,2774000000.0
Merck & Co Inc,MRK,,310158,2017.0,FY,2017-01-01,2017-12-31,2020-02-26 16:36:07+00:00,0.88,0.88,1.89,0.87,4103000000.0,2418000000.0,2418000000.0,2394000000.0,24000000.0,12912000000.0,40122000000.0,500000000.0,,,10339000000.0,776000000.0,10074000000.0,12912000000.0,27210000000.0,,21189000000.0,6021000000.0,500000000.0,6521000000.0,40122000000.0,2730000000.0,2730000000.0,2730000000.0
Merck & Co Inc,MRK,,310158,2017.0,Q4,2017-10-01,2017-12-31,,-0.37,-0.37,0.48,-0.38,2917000000.0,-1038000000.0,-1038000000.0,-1047000000.0,9000000.0,3440000000.0,10433000000.0,149000000.0,,,2314000000.0,306000000.0,2643000000.0,3440000000.0,6993000000.0,,5263000000.0,1730000000.0,149000000.0,1879000000.0,10433000000.0,2730000000.0,2730000000.0,2730000000.0
Merck & Co Inc,MRK,,310158,2017.0,Q3,2017-07-01,2017-09-30,2018-11-06 16:14:11+00:00,-0.02,-0.02,0.47,-0.02,251000000.0,-51000000.0,-51000000.0,-56000000.0,5000000.0,3307000000.0,10325000000.0,207000000.0,,,4413000000.0,153000000.0,2459000000.0,3307000000.0,7018000000.0,,7025000000.0,-7000000.0,207000000.0,200000000.0,10325000000.0,2727000000.0,2727000000.0,2727000000.0
Merck & Co Inc,MRK,,310158,2017.0,Q3YTD,2017-01-01,2017-09-30,,1.25,1.25,1.41,1.25,1186000000.0,3456000000.0,3456000000.0,3441000000.0,15000000.0,9472000000.0,29689000000.0,351000000.0,,,8025000000.0,470000000.0,7431000000.0,9472000000.0,20217000000.0,,15926000000.0,4291000000.0,351000000.0,4642000000.0,29689000000.0,2727000000.0,2727000000.0,2727000000.0
Merck & Co Inc,MRK,,310158,2017.0,Q3TTM,2016-10-01,2017-09-30,,1.03,1.03,1.88,1.05,416000000.0,2870000000.0,2870000000.0,2847000000.0,23000000.0,12943000000.0,39804000000.0,251000000.0,,,12812000000.0,735000000.0,10279000000.0,12943000000.0,26861000000.0,,23826000000.0,3035000000.0,251000000.0,3286000000.0,39804000000.0,2727000000.0,2727000000.0,2727000000.0
Merck & Co Inc,MRK,,310158,2017.0,Q2,2017-04-01,2017-06-30,2018-08-07 16:32:58+00:00,0.71,0.71,0.47,0.71,488000000.0,1951000000.0,1951000000.0,1946000000.0,5000000.0,3116000000.0,9930000000.0,73000000.0,,,1782000000.0,166000000.0,2500000000.0,3116000000.0,6814000000.0,,4448000000.0,2366000000.0,73000000.0,2439000000.0,9930000000.0,2734000000.0,2734000000.0,2734000000.0
Merck & Co Inc,MRK,,310158,2017.0,Q2YTD,2017-01-01,2017-06-30,,1.27,1.27,0.94,1.27,935000000.0,3507000000.0,3507000000.0,3497000000.0,10000000.0,6165000000.0,19364000000.0,144000000.0,,,3612000000.0,317000000.0,4972000000.0,6165000000.0,13199000000.0,,8901000000.0,4298000000.0,144000000.0,4442000000.0,19364000000.0,2734000000.0,2734000000.0,2734000000.0
Merck & Co Inc,MRK,,310158,2017.0,Q2TTM,2016-07-01,2017-06-30,,1.84,1.84,1.87,1.85,864000000.0,5109000000.0,5109000000.0,5087000000.0,22000000.0,13045000000.0,40015000000.0,22000000.0,,,10063000000.0,743000000.0,10213000000.0,13045000000.0,26970000000.0,,21019000000.0,5951000000.0,22000000.0,5973000000.0,40015000000.0,2734000000.0,2734000000.0,2734000000.0
Merck & Co Inc,MRK,,310158,2017.0,Q1,2017-01-01,2017-03-31,2018-05-08 16:31:56+00:00,0.56,0.56,0.47,0.56,447000000.0,1556000000.0,1556000000.0,1551000000.0,5000000.0,3049000000.0,9434000000.0,71000000.0,,,1830000000.0,151000000.0,2472000000.0,3049000000.0,6385000000.0,,4453000000.0,1932000000.0,71000000.0,2003000000.0,9434000000.0,2745000000.0,2745000000.0,2745000000.0
Merck & Co Inc,MRK,,310158,2017.0,Q1TTM,2016-04-01,2017-03-31,,1.57,1.57,1.86,1.57,671000000.0,4367000000.0,4367000000.0,4346000000.0,21000000.0,13507000000.0,39929000000.0,-70000000.0,,,10432000000.0,711000000.0,10171000000.0,13507000000.0,26422000000.0,,21314000000.0,5108000000.0,-70000000.0,5038000000.0,39929000000.0,2745000000.0,2745000000.0,2745000000.0
Merck & Co Inc,MRK,,310158,2018.0,FY,2018-01-01,2018-12-31,2020-02-26 16:36:07+00:00,2.34,2.34,1.99,2.32,2508000000.0,6193000000.0,6193000000.0,6220000000.0,-27000000.0,13509000000.0,42294000000.0,402000000.0,,,9752000000.0,632000000.0,10102000000.0,13509000000.0,28785000000.0,,20486000000.0,8299000000.0,402000000.0,8701000000.0,42294000000.0,2664000000.0,2664000000.0,2664000000.0
Merck & Co Inc,MRK,,310158,2018.0,Q4,2018-10-01,2018-12-31,,0.7,0.7,0.55,0.69,827000000.0,1778000000.0,1778000000.0,1827000000.0,-49000000.0,3289000000.0,10998000000.0,-109000000.0,,,2214000000.0,138000000.0,2643000000.0,3289000000.0,7709000000.0,,4995000000.0,2714000000.0,-109000000.0,2605000000.0,10998000000.0,2664000000.0,2664000000.0,2664000000.0
Merck & Co Inc,MRK,,310158,2018.0,Q3,2018-07-01,2018-09-30,2019-11-05 16:43:01+00:00,0.73,0.73,0.48,0.73,707000000.0,1958000000.0,1958000000.0,1950000000.0,8000000.0,3619000000.0,10794000000.0,172000000.0,,,2068000000.0,171000000.0,2443000000.0,3619000000.0,7175000000.0,,4682000000.0,2493000000.0,172000000.0,2665000000.0,10794000000.0,2662000000.0,2662000000.0,2662000000.0
Merck & Co Inc,MRK,,310158,2018.0,Q3YTD,2018-01-01,2018-09-30,,1.64,1.64,1.44,1.63,1681000000.0,4415000000.0,4415000000.0,4393000000.0,22000000.0,10220000000.0,31296000000.0,511000000.0,,,7538000000.0,494000000.0,7459000000.0,10220000000.0,21076000000.0,,15491000000.0,5585000000.0,511000000.0,6096000000.0,31296000000.0,2662000000.0,2662000000.0,2662000000.0
Merck & Co Inc,MRK,,310158,2018.0,Q3TTM,2017-10-01,2018-09-30,,1.27,1.27,1.92,1.25,4598000000.0,3377000000.0,3377000000.0,3346000000.0,31000000.0,13660000000.0,41729000000.0,660000000.0,,,9852000000.0,800000000.0,10102000000.0,13660000000.0,28069000000.0,,20754000000.0,7315000000.0,660000000.0,7975000000.0,41729000000.0,2662000000.0,2662000000.0,2662000000.0
Merck & Co Inc,MRK,,310158,2018.0,Q2,2018-04-01,2018-06-30,2019-08-06 16:34:49+00:00,0.64,0.64,0.48,0.63,370000000.0,1716000000.0,1716000000.0,1707000000.0,9000000.0,3417000000.0,10465000000.0,48000000.0,,,2274000000.0,228000000.0,2508000000.0,3417000000.0,7048000000.0,,5010000000.0,2038000000.0,48000000.0,2086000000.0,10465000000.0,2683000000.0,2683000000.0,2683000000.0
Merck & Co Inc,MRK,,310158,2018.0,Q2YTD,2018-01-01,2018-06-30,,0.91,0.91,0.96,0.9,974000000.0,2457000000.0,2457000000.0,2443000000.0,14000000.0,6601000000.0,20502000000.0,339000000.0,,,5470000000.0,323000000.0,5016000000.0,6601000000.0,13901000000.0,,10809000000.0,3092000000.0,339000000.0,3431000000.0,20502000000.0,2683000000.0,2683000000.0,2683000000.0
Merck & Co Inc,MRK,,310158,2018.0,Q2TTM,2017-07-01,2018-06-30,,0.52,0.52,1.91,0.5,4142000000.0,1368000000.0,1368000000.0,1340000000.0,28000000.0,13348000000.0,41260000000.0,695000000.0,,,12197000000.0,782000000.0,10118000000.0,13348000000.0,27912000000.0,,23097000000.0,4815000000.0,695000000.0,5510000000.0,41260000000.0,2683000000.0,2683000000.0,2683000000.0
Merck & Co Inc,MRK,,310158,2018.0,Q1,2018-01-01,2018-03-31,2019-05-08 16:34:31+00:00,0.27,0.27,0.48,0.27,604000000.0,741000000.0,741000000.0,736000000.0,5000000.0,3184000000.0,10037000000.0,291000000.0,,,3196000000.0,95000000.0,2508000000.0,3184000000.0,6853000000.0,,5799000000.0,1054000000.0,291000000.0,1345000000.0,10037000000.0,2695000000.0,2695000000.0,2695000000.0
Merck & Co Inc,MRK,,310158,2018.0,Q1TTM,2017-04-01,2018-03-31,,0.59,0.59,1.9,0.58,4260000000.0,1603000000.0,1603000000.0,1579000000.0,24000000.0,13047000000.0,40725000000.0,720000000.0,,,11705000000.0,720000000.0,10110000000.0,13047000000.0,27678000000.0,,22535000000.0,5143000000.0,720000000.0,5863000000.0,40725000000.0,2695000000.0,2695000000.0,2695000000.0
Merck & Co Inc,MRK,,310158,2019.0,Q4,2019-10-01,2019-12-31,,0.93,0.93,0.61,0.92,427000000.0,2364000000.0,2364000000.0,2357000000.0,7000000.0,3669000000.0,11867000000.0,224000000.0,,,2548000000.0,194000000.0,2889000000.0,3669000000.0,8198000000.0,,5631000000.0,2567000000.0,224000000.0,2791000000.0,11867000000.0,2565000000.0,2565000000.0,2565000000.0
Merck & Co Inc,MRK,,310158,2019.0,FY,2019-01-01,2019-12-31,2020-02-26 16:36:07+00:00,3.84,3.84,2.26,3.81,1687000000.0,9777000000.0,9777000000.0,9843000000.0,-66000000.0,14112000000.0,46840000000.0,-139000000.0,,,9872000000.0,638000000.0,10615000000.0,14112000000.0,32728000000.0,,21125000000.0,11603000000.0,-139000000.0,11464000000.0,46840000000.0,2565000000.0,2565000000.0,2565000000.0
Merck & Co Inc,MRK,,310158,2019.0,Q3YTD,2019-01-01,2019-09-30,,2.91,2.91,1.65,2.89,1260000000.0,7413000000.0,7413000000.0,7486000000.0,-73000000.0,10443000000.0,34973000000.0,-363000000.0,,,7324000000.0,444000000.0,7726000000.0,10443000000.0,24530000000.0,,15494000000.0,9036000000.0,-363000000.0,8673000000.0,34973000000.0,2558000000.0,2558000000.0,2558000000.0
Merck & Co Inc,MRK,,310158,2019.0,Q3TTM,2018-10-01,2019-09-30,,3.61,3.61,2.2,3.58,2087000000.0,9191000000.0,9191000000.0,9313000000.0,-122000000.0,13732000000.0,45971000000.0,-472000000.0,,,9538000000.0,582000000.0,10369000000.0,13732000000.0,32239000000.0,,20489000000.0,11750000000.0,-472000000.0,11278000000.0,45971000000.0,2558000000.0,2558000000.0,2558000000.0
Merck & Co Inc,MRK,,310158,2019.0,Q3,2019-07-01,2019-09-30,2019-11-05 16:43:01+00:00,0.74,0.74,0.55,0.74,440000000.0,1907000000.0,1907000000.0,1901000000.0,6000000.0,3990000000.0,12397000000.0,-35000000.0,,,3204000000.0,232000000.0,2589000000.0,3990000000.0,8407000000.0,,6025000000.0,2382000000.0,-35000000.0,2347000000.0,12397000000.0,2558000000.0,2558000000.0,2558000000.0
Merck & Co Inc,MRK,,310158,2019.0,Q2YTD,2019-01-01,2019-06-30,,2.17,2.17,1.1,2.15,820000000.0,5506000000.0,5506000000.0,5585000000.0,-79000000.0,6453000000.0,22576000000.0,-328000000.0,,,4120000000.0,212000000.0,5137000000.0,6453000000.0,16123000000.0,,9469000000.0,6654000000.0,-328000000.0,6326000000.0,22576000000.0,2574000000.0,2574000000.0,2574000000.0
Merck & Co Inc,MRK,,310158,2019.0,Q2TTM,2018-07-01,2019-06-30,,3.6,3.6,2.13,3.57,2354000000.0,9242000000.0,9242000000.0,9362000000.0,-120000000.0,13361000000.0,44368000000.0,-265000000.0,,,8402000000.0,521000000.0,10223000000.0,13361000000.0,31007000000.0,,19146000000.0,11861000000.0,-265000000.0,11596000000.0,44368000000.0,2574000000.0,2574000000.0,2574000000.0
Merck & Co Inc,MRK,,310158,2019.0,Q2,2019-04-01,2019-06-30,2019-08-06 16:34:49+00:00,1.04,1.04,0.55,1.03,615000000.0,2644000000.0,2644000000.0,2670000000.0,-26000000.0,3401000000.0,11760000000.0,-140000000.0,,,2189000000.0,59000000.0,2712000000.0,3401000000.0,8359000000.0,,4960000000.0,3399000000.0,-140000000.0,3259000000.0,11760000000.0,2574000000.0,2574000000.0,2574000000.0
Merck & Co Inc,MRK,,310158,2019.0,Q1,2019-01-01,2019-03-31,2020-05-06 16:36:54+00:00,1.13,1.13,0.55,1.12,205000000.0,2862000000.0,2862000000.0,2915000000.0,-53000000.0,3052000000.0,10816000000.0,-188000000.0,,,1931000000.0,153000000.0,2425000000.0,3052000000.0,7764000000.0,,4509000000.0,3255000000.0,-188000000.0,3067000000.0,10816000000.0,2585000000.0,2585000000.0,2585000000.0
Merck & Co Inc,MRK,,310158,2019.0,Q1TTM,2018-04-01,2019-03-31,,3.2,3.2,2.06,3.17,2109000000.0,8314000000.0,8314000000.0,8399000000.0,-85000000.0,13377000000.0,43073000000.0,-77000000.0,,,8487000000.0,690000000.0,10019000000.0,13377000000.0,29696000000.0,,19196000000.0,10500000000.0,-77000000.0,10423000000.0,43073000000.0,2585000000.0,2585000000.0,2585000000.0
Merck & Co Inc,MRK,,310158,2020.0,Q1TTM,2019-04-01,2020-03-31,,3.98,3.98,2.32,3.95,2101000000.0,10134000000.0,10134000000.0,10147000000.0,-13000000.0,14372000000.0,48081000000.0,-22000000.0,,,10150000000.0,557000000.0,10745000000.0,14372000000.0,33709000000.0,,21452000000.0,12257000000.0,-22000000.0,12235000000.0,48081000000.0,2533000000.0,2533000000.0,2533000000.0
Merck & Co Inc,MRK,,310158,2020.0,Q1,2020-01-01,2020-03-31,2020-05-06 16:36:54+00:00,1.27,1.27,0.61,1.26,619000000.0,3219000000.0,3219000000.0,3219000000.0,0.0,3312000000.0,12057000000.0,-71000000.0,,,2209000000.0,72000000.0,2555000000.0,3312000000.0,8745000000.0,,4836000000.0,3909000000.0,-71000000.0,3838000000.0,12057000000.0,2533000000.0,2533000000.0,2533000000.0
