company_name,company_ticker,company_lei,company_cik,year,quarter,start_date,end_date,filing_date,basicdilutedeps,basiceps,cashdividendspershare,dilutedeps,incometaxexpense,netincome,netincomecontinuing,netincomediscontinued,netincometocommon,netincometononcontrollinginterest,operatingcostofrevenue,operatingrevenue,otheradjustmentstoconsolidatednetincome,otherincome,otheroperatingexpenses,rdexpense,restructuringcharge,sgaexpense,totalcostofrevenue,totalgrossprofit,totalinterestexpense,totalinterestincome,totaloperatingexpenses,totaloperatingincome,totalotherincome,totalpretaxincome,totalrevenue,weightedavebasicdilutedsharesos,weightedavebasicsharesos,weightedavedilutedsharesos
FMC Corp,FMC,CKDHZ2X64EEBQCSP7013,37785,2007.0,FY,2007-01-01,2007-12-31,2010-02-22 15:54:59+00:00,1.74,1.74,0.405,1.71,29000000.0,142000000.0,166300000.0,-24300000.0,132400000.0,9600000.0,1830100000.0,2632900000.0,,,,94600000.0,164900000.0,315300000.0,1830100000.0,802800000.0,36900000.0,4800000.0,574800000.0,228000000.0,-32100000.0,195300000.0,2632900000.0,76100000.0,76100000.0,77400000.0
FMC Corp,FMC,CKDHZ2X64EEBQCSP7013,37785,2008.0,FY,2008-01-01,2008-12-31,2011-02-22 08:57:34+00:00,4.1,4.1,0.48,4.02,125400000.0,321600000.0,346500000.0,-24900000.0,304600000.0,17000000.0,2134400000.0,3115300000.0,,,,93800000.0,49600000.0,336800000.0,2134400000.0,980900000.0,32900000.0,4100000.0,480200000.0,500700000.0,-28800000.0,471900000.0,3115300000.0,74300000.0,74300000.0,75800000.0
FMC Corp,FMC,CKDHZ2X64EEBQCSP7013,37785,2008.0,Q3,2008-07-01,2008-09-30,2009-11-04 14:54:58+00:00,1.07,1.07,,1.05,23300000.0,84700000.0,90600000.0,-5900000.0,80000000.0,4700000.0,580800000.0,820800000.0,,,,23400000.0,15600000.0,81900000.0,580800000.0,240000000.0,7500000.0,2300000.0,120900000.0,119100000.0,-5200000.0,113900000.0,820800000.0,74800000.0,74800000.0,76200000.0
FMC Corp,FMC,CKDHZ2X64EEBQCSP7013,37785,2008.0,Q2,2008-04-01,2008-06-30,2009-08-05 16:21:15+00:00,1.13,1.13,,1.1,42500000.0,88200000.0,96000000.0,-7800000.0,84400000.0,3800000.0,536400000.0,806600000.0,,,,23000000.0,10700000.0,90000000.0,536400000.0,270200000.0,8300000.0,300000.0,123700000.0,146500000.0,-8000000.0,138500000.0,806600000.0,74700000.0,74700000.0,76700000.0
FMC Corp,FMC,CKDHZ2X64EEBQCSP7013,37785,2009.0,Q4,2009-10-01,2009-12-31,,0.86,0.86,0.12,0.86,-21200000.0,66800000.0,69300000.0,-2500000.0,62100000.0,4700000.0,502400000.0,722100000.0,,,,28600000.0,47900000.0,87700000.0,502400000.0,219700000.0,7500000.0,100000.0,164200000.0,55500000.0,-7400000.0,48100000.0,722100000.0,72163000.0,72163000.0,72163000.0
FMC Corp,FMC,CKDHZ2X64EEBQCSP7013,37785,2009.0,FY,2009-01-01,2009-12-31,2012-02-21 08:23:32+00:00,3.15,3.15,0.5,3.12,53000000.0,238800000.0,257000000.0,-18200000.0,228500000.0,10300000.0,1943600000.0,2826200000.0,,,,92800000.0,132800000.0,322300000.0,1943600000.0,882600000.0,27200000.0,2500000.0,547900000.0,334700000.0,-24700000.0,310000000.0,2826200000.0,72163000.0,72163000.0,72163000.0
FMC Corp,FMC,CKDHZ2X64EEBQCSP7013,37785,2009.0,Q3YTD,2009-01-01,2009-09-30,,2.32,2.32,0.57,2.32,74200000.0,172000000.0,187700000.0,-15700000.0,166400000.0,5600000.0,1441200000.0,2104100000.0,,,,64200000.0,84900000.0,234600000.0,1441200000.0,662900000.0,19700000.0,2400000.0,383700000.0,279200000.0,-17300000.0,261900000.0,2104100000.0,71800000.0,71800000.0,73700000.0
FMC Corp,FMC,CKDHZ2X64EEBQCSP7013,37785,2009.0,Q3,2009-07-01,2009-09-30,2010-11-02 15:27:34+00:00,0.39,0.39,,0.38,27200000.0,29400000.0,35500000.0,-6100000.0,28000000.0,1400000.0,510000000.0,713300000.0,,,,23200000.0,32300000.0,79800000.0,510000000.0,203300000.0,6200000.0,900000.0,135300000.0,68000000.0,-5300000.0,62700000.0,713300000.0,71800000.0,71800000.0,73700000.0
FMC Corp,FMC,CKDHZ2X64EEBQCSP7013,37785,2009.0,Q2YTD,2009-01-01,2009-06-30,,1.9,1.9,0.37,1.9,47000000.0,142600000.0,152200000.0,-9600000.0,138400000.0,4200000.0,931200000.0,1390800000.0,,,,41000000.0,52600000.0,154800000.0,931200000.0,459600000.0,13500000.0,1500000.0,248400000.0,211200000.0,-12000000.0,199200000.0,1390800000.0,72900000.0,72900000.0,73700000.0
FMC Corp,FMC,CKDHZ2X64EEBQCSP7013,37785,2009.0,Q2,2009-04-01,2009-06-30,2010-08-04 14:46:44+00:00,0.95,0.95,,0.94,13600000.0,71700000.0,76900000.0,-5200000.0,69300000.0,2400000.0,477300000.0,700300000.0,,,,21000000.0,30100000.0,74700000.0,477300000.0,223000000.0,6500000.0,-200000.0,125800000.0,97200000.0,-6700000.0,90500000.0,700300000.0,72900000.0,72900000.0,73700000.0
FMC Corp,FMC,CKDHZ2X64EEBQCSP7013,37785,2009.0,Q1,2009-01-01,2009-03-31,2010-05-05 13:05:30+00:00,0.95,0.95,,0.94,33400000.0,70900000.0,75300000.0,-4400000.0,69100000.0,1800000.0,453900000.0,690500000.0,,,,20000000.0,22500000.0,80100000.0,453900000.0,236600000.0,7000000.0,1700000.0,122600000.0,114000000.0,-5300000.0,108700000.0,690500000.0,72700000.0,72700000.0,73500000.0
FMC Corp,FMC,CKDHZ2X64EEBQCSP7013,37785,2010.0,Q4,2010-10-01,2010-12-31,,-0.37,-0.37,0.06,-0.37,25200000.0,-50300000.0,-42000000.0,-8300000.0,-53500000.0,3200000.0,546100000.0,810500000.0,,,,30700000.0,116200000.0,124800000.0,546100000.0,264400000.0,10500000.0,1000000.0,271700000.0,-7300000.0,-9500000.0,-16800000.0,810500000.0,144420000.0,144420000.0,144420000.0
FMC Corp,FMC,CKDHZ2X64EEBQCSP7013,37785,2010.0,FY,2010-01-01,2010-12-31,2013-02-19 12:33:44+00:00,1.19,1.19,0.25,1.18,132000000.0,184900000.0,218500000.0,-33600000.0,172500000.0,12400000.0,2065600000.0,3116300000.0,,,,100500000.0,151900000.0,411200000.0,2065600000.0,1050700000.0,39500000.0,2900000.0,663600000.0,387100000.0,-36600000.0,350500000.0,3116300000.0,144420000.0,144420000.0,144420000.0
FMC Corp,FMC,CKDHZ2X64EEBQCSP7013,37785,2010.0,Q3YTD,2010-01-01,2010-09-30,,3.12,3.12,0.53,3.12,106800000.0,235200000.0,260500000.0,-25300000.0,226000000.0,9200000.0,1519500000.0,2305800000.0,,,,69800000.0,35700000.0,286400000.0,1519500000.0,786300000.0,29000000.0,1900000.0,391900000.0,394400000.0,-27100000.0,367300000.0,2305800000.0,72341000.0,72341000.0,72341000.0
FMC Corp,FMC,CKDHZ2X64EEBQCSP7013,37785,2010.0,Q3TTM,2009-10-01,2010-09-30,,3.98,3.98,0.65,3.98,85600000.0,302000000.0,329800000.0,-27800000.0,288100000.0,13900000.0,2021900000.0,3027900000.0,,,,98400000.0,83600000.0,374100000.0,2021900000.0,1006000000.0,36500000.0,2000000.0,556100000.0,449900000.0,-34500000.0,415400000.0,3027900000.0,72341000.0,72341000.0,72341000.0
FMC Corp,FMC,CKDHZ2X64EEBQCSP7013,37785,2010.0,Q3,2010-07-01,2010-09-30,2011-11-02 13:47:24+00:00,1.14,1.14,,1.13,32300000.0,85900000.0,86200000.0,-300000.0,82900000.0,3000000.0,517800000.0,772500000.0,,,,24000000.0,3700000.0,99900000.0,517800000.0,254700000.0,9600000.0,1000000.0,127600000.0,127100000.0,-8600000.0,118500000.0,772500000.0,72341000.0,72341000.0,72341000.0
FMC Corp,FMC,CKDHZ2X64EEBQCSP7013,37785,2010.0,Q2YTD,2010-01-01,2010-06-30,,1.97,1.97,0.32,1.97,74500000.0,149300000.0,174300000.0,-25000000.0,143100000.0,6200000.0,1001700000.0,1533300000.0,,,,45800000.0,32000000.0,186500000.0,1001700000.0,531600000.0,19400000.0,900000.0,264300000.0,267300000.0,-18500000.0,248800000.0,1533300000.0,72483000.0,72483000.0,72483000.0
FMC Corp,FMC,CKDHZ2X64EEBQCSP7013,37785,2010.0,Q2TTM,2009-07-01,2010-06-30,,3.22,3.22,0.64,3.22,80500000.0,245500000.0,279100000.0,-33600000.0,233200000.0,12300000.0,2014100000.0,2968700000.0,,,,97600000.0,112200000.0,354000000.0,2014100000.0,954600000.0,33100000.0,1900000.0,563800000.0,390800000.0,-31200000.0,359600000.0,2968700000.0,72483000.0,72483000.0,72483000.0
FMC Corp,FMC,CKDHZ2X64EEBQCSP7013,37785,2010.0,Q2,2010-04-01,2010-06-30,2011-08-03 14:54:32+00:00,0.9,0.9,,0.9,33800000.0,68900000.0,88200000.0,-19300000.0,65700000.0,3200000.0,512200000.0,776800000.0,,,,22300000.0,15300000.0,95600000.0,512200000.0,264600000.0,9400000.0,0.0,133200000.0,131400000.0,-9400000.0,122000000.0,776800000.0,72483000.0,72483000.0,72483000.0
FMC Corp,FMC,CKDHZ2X64EEBQCSP7013,37785,2010.0,Q1TTM,2009-04-01,2010-03-31,,3.24,3.24,0.6,3.24,60300000.0,248300000.0,267800000.0,-19500000.0,236800000.0,11500000.0,1979200000.0,2892200000.0,,,,96300000.0,127000000.0,333100000.0,1979200000.0,913000000.0,30200000.0,1700000.0,556400000.0,356600000.0,-28500000.0,328100000.0,2892200000.0,73000000.0,73000000.0,73000000.0
FMC Corp,FMC,CKDHZ2X64EEBQCSP7013,37785,2010.0,Q1,2010-01-01,2010-03-31,2011-05-05 09:44:21+00:00,1.06,1.06,,1.06,40700000.0,80400000.0,86100000.0,-5700000.0,77400000.0,3000000.0,489500000.0,756500000.0,,,,23500000.0,16700000.0,90900000.0,489500000.0,267000000.0,10000000.0,900000.0,131100000.0,135900000.0,-9100000.0,126800000.0,756500000.0,73000000.0,73000000.0,73000000.0
FMC Corp,FMC,CKDHZ2X64EEBQCSP7013,37785,2011.0,Q4,2011-10-01,2011-12-31,,0.55,0.55,0.07,0.55,36800000.0,81700000.0,96600000.0,-14900000.0,77900000.0,3800000.0,340700000.0,567000000.0,,,,25600000.0,-20900000.0,80400000.0,340700000.0,226300000.0,5600000.0,-2200000.0,85100000.0,141200000.0,-7800000.0,133400000.0,567000000.0,142056000.0,142056000.0,142056000.0
FMC Corp,FMC,CKDHZ2X64EEBQCSP7013,37785,2011.0,FY,2011-01-01,2011-12-31,2014-02-18 14:53:36+00:00,2.57,2.57,0.3,2.55,132900000.0,382200000.0,420300000.0,-38100000.0,365900000.0,16300000.0,1935700000.0,3036300000.0,,,,101100000.0,6300000.0,405800000.0,1935700000.0,1100600000.0,35100000.0,900000.0,513200000.0,587400000.0,-34200000.0,553200000.0,3036300000.0,142056000.0,142056000.0,142056000.0
FMC Corp,FMC,CKDHZ2X64EEBQCSP7013,37785,2011.0,Q3YTD,2011-01-01,2011-09-30,,2.03,2.03,0.31,2.03,96100000.0,300500000.0,323700000.0,-23200000.0,288000000.0,12500000.0,1595000000.0,2469300000.0,,,,75500000.0,27200000.0,325400000.0,1595000000.0,874300000.0,29500000.0,3100000.0,428100000.0,446200000.0,-26400000.0,419800000.0,2469300000.0,141942000.0,141942000.0,141942000.0
FMC Corp,FMC,CKDHZ2X64EEBQCSP7013,37785,2011.0,Q3TTM,2010-10-01,2011-09-30,,1.65,1.65,0.37,1.65,121300000.0,250200000.0,281700000.0,-31500000.0,234500000.0,15700000.0,2141100000.0,3279800000.0,,,,106200000.0,143400000.0,450200000.0,2141100000.0,1138700000.0,40000000.0,4100000.0,699800000.0,438900000.0,-35900000.0,403000000.0,3279800000.0,141942000.0,141942000.0,141942000.0
FMC Corp,FMC,CKDHZ2X64EEBQCSP7013,37785,2011.0,Q3,2011-07-01,2011-09-30,2012-10-31 16:37:08+00:00,0.61,0.61,,0.61,29800000.0,90900000.0,97200000.0,-6300000.0,86800000.0,4100000.0,574700000.0,862100000.0,,,,27800000.0,13400000.0,110600000.0,574700000.0,287400000.0,9100000.0,500000.0,151800000.0,135600000.0,-8600000.0,127000000.0,862100000.0,141942000.0,141942000.0,141942000.0
FMC Corp,FMC,CKDHZ2X64EEBQCSP7013,37785,2011.0,Q2YTD,2011-01-01,2011-06-30,,1.4,1.4,0.18,1.4,66300000.0,209600000.0,226500000.0,-16900000.0,201200000.0,8400000.0,1020300000.0,1607200000.0,,,,47700000.0,13800000.0,214800000.0,1020300000.0,586900000.0,20400000.0,2600000.0,276300000.0,310600000.0,-17800000.0,292800000.0,1607200000.0,143212000.0,143212000.0,143212000.0
FMC Corp,FMC,CKDHZ2X64EEBQCSP7013,37785,2011.0,Q2TTM,2010-07-01,2011-06-30,,1.61,1.61,0.35,1.61,123800000.0,245200000.0,270700000.0,-25500000.0,230600000.0,14600000.0,2084200000.0,3190200000.0,,,,102400000.0,133700000.0,439500000.0,2084200000.0,1106000000.0,40500000.0,4600000.0,675600000.0,430400000.0,-35900000.0,394500000.0,3190200000.0,143212000.0,143212000.0,143212000.0
FMC Corp,FMC,CKDHZ2X64EEBQCSP7013,37785,2011.0,Q2,2011-04-01,2011-06-30,2012-08-01 11:43:49+00:00,0.75,0.75,,0.74,25700000.0,112200000.0,121100000.0,-8900000.0,107200000.0,5000000.0,513400000.0,812200000.0,,,,25000000.0,9300000.0,108900000.0,513400000.0,298800000.0,10500000.0,1700000.0,143200000.0,155600000.0,-8800000.0,146800000.0,812200000.0,143212000.0,143212000.0,143212000.0
FMC Corp,FMC,CKDHZ2X64EEBQCSP7013,37785,2011.0,Q1TTM,2010-04-01,2011-03-31,,2.63,2.63,0.7,2.63,131900000.0,201900000.0,237800000.0,-35900000.0,189100000.0,12800000.0,2083000000.0,3154800000.0,,,,99700000.0,139700000.0,426200000.0,2083000000.0,1071800000.0,39400000.0,2900000.0,665600000.0,406200000.0,-36500000.0,369700000.0,3154800000.0,142954000.0,71800000.0,72300000.0
FMC Corp,FMC,CKDHZ2X64EEBQCSP7013,37785,2011.0,Q1,2011-01-01,2011-03-31,2012-05-01 15:50:41+00:00,0.66,1.31,,1.3,40600000.0,97400000.0,105400000.0,-8000000.0,94000000.0,3400000.0,506900000.0,795000000.0,,,,22700000.0,4500000.0,105900000.0,506900000.0,288100000.0,9900000.0,900000.0,133100000.0,155000000.0,-9000000.0,146000000.0,795000000.0,142954000.0,71800000.0,72300000.0
FMC Corp,FMC,CKDHZ2X64EEBQCSP7013,37785,2012.0,Q4,2012-10-01,2012-12-31,,0.74,0.74,0.09,0.74,14500000.0,106200000.0,107000000.0,-800000.0,102200000.0,4000000.0,456900000.0,742100000.0,,,,27000000.0,14700000.0,113600000.0,456900000.0,285200000.0,8200000.0,-200000.0,155300000.0,129900000.0,-8400000.0,121500000.0,742100000.0,137701000.0,137701000.0,137701000.0
FMC Corp,FMC,CKDHZ2X64EEBQCSP7013,37785,2012.0,FY,2012-01-01,2012-12-31,2015-02-27 12:33:13+00:00,3.01,3.01,0.405,3.0,134500000.0,435700000.0,463200000.0,-27500000.0,416200000.0,19500000.0,2141600000.0,3409900000.0,,,0.0,112000000.0,27500000.0,489700000.0,2141600000.0,1268300000.0,40800000.0,-600000.0,629200000.0,639100000.0,-41400000.0,597700000.0,3409900000.0,137701000.0,137701000.0,137701000.0
FMC Corp,FMC,CKDHZ2X64EEBQCSP7013,37785,2012.0,Q3YTD,2012-01-01,2012-09-30,,2.29,2.29,0.37,2.29,120000000.0,329500000.0,356200000.0,-26700000.0,314000000.0,15500000.0,1684700000.0,2667800000.0,,,,85000000.0,12800000.0,376100000.0,1684700000.0,983100000.0,32600000.0,-400000.0,473900000.0,509200000.0,-33000000.0,476200000.0,2667800000.0,137373000.0,137373000.0,137373000.0
FMC Corp,FMC,CKDHZ2X64EEBQCSP7013,37785,2012.0,Q3TTM,2011-10-01,2012-09-30,,2.85,2.85,0.45,2.85,156800000.0,411200000.0,452800000.0,-41600000.0,391900000.0,19300000.0,2025400000.0,3234800000.0,,,,110600000.0,-8100000.0,456500000.0,2025400000.0,1209400000.0,38200000.0,-2600000.0,559000000.0,650400000.0,-40800000.0,609600000.0,3234800000.0,137373000.0,137373000.0,137373000.0
FMC Corp,FMC,CKDHZ2X64EEBQCSP7013,37785,2012.0,Q3,2012-07-01,2012-09-30,2013-10-29 15:15:31+00:00,0.65,0.65,,0.65,29900000.0,94600000.0,105800000.0,-11200000.0,90000000.0,4600000.0,523900000.0,821900000.0,,,,28100000.0,5500000.0,118700000.0,523900000.0,298000000.0,9800000.0,-200000.0,152300000.0,145700000.0,-10000000.0,135700000.0,821900000.0,137373000.0,137373000.0,137373000.0
FMC Corp,FMC,CKDHZ2X64EEBQCSP7013,37785,2012.0,Q2YTD,2012-01-01,2012-06-30,,1.63,1.63,0.22,1.63,90100000.0,234900000.0,250400000.0,-15500000.0,224000000.0,10900000.0,1160800000.0,1845900000.0,,,,56900000.0,7300000.0,257400000.0,1160800000.0,685100000.0,22800000.0,-200000.0,321600000.0,363500000.0,-23000000.0,340500000.0,1845900000.0,137247000.0,137247000.0,137247000.0
FMC Corp,FMC,CKDHZ2X64EEBQCSP7013,37785,2012.0,Q2TTM,2011-07-01,2012-06-30,,2.83,2.83,0.43,2.83,156700000.0,407500000.0,444200000.0,-36700000.0,388700000.0,18800000.0,2076200000.0,3275000000.0,,,,110300000.0,-200000.0,448400000.0,2076200000.0,1198800000.0,37500000.0,-1900000.0,558500000.0,640300000.0,-39400000.0,600900000.0,3275000000.0,137247000.0,137247000.0,137247000.0
FMC Corp,FMC,CKDHZ2X64EEBQCSP7013,37785,2012.0,Q2,2012-04-01,2012-06-30,2013-07-30 14:04:51+00:00,0.76,0.76,,0.76,45300000.0,110300000.0,118400000.0,-8100000.0,104900000.0,5400000.0,567400000.0,905200000.0,,,,28400000.0,5600000.0,128300000.0,567400000.0,337800000.0,11500000.0,-300000.0,162300000.0,175500000.0,-11800000.0,163700000.0,905200000.0,137247000.0,137247000.0,137247000.0
FMC Corp,FMC,CKDHZ2X64EEBQCSP7013,37785,2012.0,Q1TTM,2011-04-01,2012-03-31,,2.83,2.83,0.41,2.83,137100000.0,409400000.0,446900000.0,-37500000.0,391000000.0,18400000.0,2022200000.0,3182000000.0,,,,106900000.0,3500000.0,429000000.0,2022200000.0,1159800000.0,36500000.0,100000.0,539400000.0,620400000.0,-36400000.0,584000000.0,3182000000.0,138336000.0,138336000.0,138336000.0
FMC Corp,FMC,CKDHZ2X64EEBQCSP7013,37785,2012.0,Q1,2012-01-01,2012-03-31,2013-05-01 13:58:53+00:00,0.86,0.86,,0.85,44800000.0,124600000.0,132000000.0,-7400000.0,119100000.0,5500000.0,593400000.0,940700000.0,,,,28500000.0,1700000.0,129100000.0,593400000.0,347300000.0,11300000.0,100000.0,159300000.0,188000000.0,-11200000.0,176800000.0,940700000.0,138336000.0,138336000.0,138336000.0
FMC Corp,FMC,CKDHZ2X64EEBQCSP7013,37785,2013.0,FY,2013-01-01,2013-12-31,2016-02-26 14:18:26+00:00,2.16,2.16,0.54,2.16,131600000.0,308000000.0,371600000.0,-63600000.0,293900000.0,14100000.0,1929800000.0,3130700000.0,,,0.0,115600000.0,50500000.0,496100000.0,1929800000.0,1200900000.0,36500000.0,1000000.0,662200000.0,538700000.0,-35500000.0,503200000.0,3130700000.0,135209000.0,135209000.0,135209000.0
FMC Corp,FMC,CKDHZ2X64EEBQCSP7013,37785,2013.0,Q4,2013-10-01,2013-12-31,,0.2,0.2,0.13,0.2,18500000.0,31900000.0,37200000.0,-5300000.0,27100000.0,4800000.0,171200000.0,386600000.0,,,,30900000.0,3200000.0,122000000.0,171200000.0,215400000.0,5100000.0,1500000.0,156100000.0,59300000.0,-3600000.0,55700000.0,386600000.0,135209000.0,135209000.0,135209000.0
FMC Corp,FMC,CKDHZ2X64EEBQCSP7013,37785,2013.0,Q3YTD,2013-01-01,2013-09-30,,1.99,1.99,1.08,1.99,113100000.0,276100000.0,334400000.0,-58300000.0,266800000.0,9300000.0,1758600000.0,2744100000.0,,,,84700000.0,47300000.0,374100000.0,1758600000.0,985500000.0,31400000.0,-500000.0,506100000.0,479400000.0,-31900000.0,447500000.0,2744100000.0,134146000.0,134146000.0,134146000.0
FMC Corp,FMC,CKDHZ2X64EEBQCSP7013,37785,2013.0,Q3TTM,2012-10-01,2013-09-30,,2.75,2.75,1.18,2.75,127600000.0,382300000.0,441400000.0,-59100000.0,369000000.0,13300000.0,2215500000.0,3486200000.0,,,,111700000.0,62000000.0,487700000.0,2215500000.0,1270700000.0,39600000.0,-700000.0,661400000.0,609300000.0,-40300000.0,569000000.0,3486200000.0,134146000.0,134146000.0,134146000.0
FMC Corp,FMC,CKDHZ2X64EEBQCSP7013,37785,2013.0,Q3,2013-07-01,2013-09-30,2014-10-30 13:27:43+00:00,0.13,0.13,,0.13,32000000.0,19900000.0,76500000.0,-56600000.0,17900000.0,2000000.0,653000000.0,957400000.0,,,0.0,29000000.0,32100000.0,124900000.0,653000000.0,304400000.0,9800000.0,-100000.0,186000000.0,118400000.0,-9900000.0,108500000.0,957400000.0,134146000.0,134146000.0,134146000.0
FMC Corp,FMC,CKDHZ2X64EEBQCSP7013,37785,2013.0,Q2YTD,2013-01-01,2013-06-30,,1.83,1.83,0.91,1.83,81100000.0,256200000.0,257900000.0,-1700000.0,248900000.0,7300000.0,1105600000.0,1786700000.0,,,,55700000.0,15200000.0,249200000.0,1105600000.0,681100000.0,21600000.0,-400000.0,320100000.0,361000000.0,-22000000.0,339000000.0,1786700000.0,136328000.0,136328000.0,136328000.0
FMC Corp,FMC,CKDHZ2X64EEBQCSP7013,37785,2013.0,Q2TTM,2012-07-01,2013-06-30,,3.24,3.24,1.15,3.24,125500000.0,457000000.0,470700000.0,-13700000.0,441100000.0,15900000.0,2086400000.0,3350700000.0,,,,110800000.0,35400000.0,481500000.0,2086400000.0,1264300000.0,39600000.0,-800000.0,627700000.0,636600000.0,-40400000.0,596200000.0,3350700000.0,136328000.0,136328000.0,136328000.0
FMC Corp,FMC,CKDHZ2X64EEBQCSP7013,37785,2013.0,Q2,2013-04-01,2013-06-30,2014-08-01 14:44:07+00:00,0.86,0.86,,0.86,35700000.0,121200000.0,119700000.0,1500000.0,118000000.0,3200000.0,548500000.0,876000000.0,,,0.0,27700000.0,5900000.0,127300000.0,548500000.0,327500000.0,11100000.0,-100000.0,160900000.0,166600000.0,-11200000.0,155400000.0,876000000.0,136328000.0,136328000.0,136328000.0
FMC Corp,FMC,CKDHZ2X64EEBQCSP7013,37785,2013.0,Q1TTM,2012-04-01,2013-03-31,,3.12,3.12,1.04,3.12,135100000.0,446100000.0,469400000.0,-23300000.0,428000000.0,18100000.0,2105300000.0,3379900000.0,,,,111500000.0,35100000.0,482500000.0,2105300000.0,1274600000.0,40000000.0,-1000000.0,629100000.0,645500000.0,-41000000.0,604500000.0,3379900000.0,137133000.0,137133000.0,137133000.0
FMC Corp,FMC,CKDHZ2X64EEBQCSP7013,37785,2013.0,Q1,2013-01-01,2013-03-31,2014-05-07 12:35:20+00:00,0.95,0.95,,0.94,45400000.0,135000000.0,138200000.0,-3200000.0,130900000.0,4100000.0,557100000.0,910700000.0,,,0.0,28000000.0,9300000.0,121900000.0,557100000.0,353600000.0,10500000.0,-300000.0,159200000.0,194400000.0,-10800000.0,183600000.0,910700000.0,137133000.0,137133000.0,137133000.0
FMC Corp,FMC,CKDHZ2X64EEBQCSP7013,37785,2014.0,FY,2014-01-01,2014-12-31,2017-02-28 15:06:20+00:00,2.3,2.3,0.6,2.29,56200000.0,322100000.0,307600000.0,14500000.0,307500000.0,14600000.0,2047800000.0,3258700000.0,,,23600000.0,126300000.0,56400000.0,589800000.0,2047800000.0,1210900000.0,51400000.0,400000.0,796100000.0,414800000.0,-51000000.0,363800000.0,3258700000.0,133327000.0,133327000.0,133327000.0
FMC Corp,FMC,CKDHZ2X64EEBQCSP7013,37785,2014.0,Q4,2014-10-01,2014-12-31,,0.57,0.57,0.6,0.57,-18400000.0,78300000.0,58900000.0,19400000.0,76500000.0,1800000.0,569500000.0,887800000.0,,,,37800000.0,11500000.0,214900000.0,569500000.0,318300000.0,13800000.0,200000.0,264200000.0,54100000.0,-13600000.0,40500000.0,887800000.0,133327000.0,133327000.0,133327000.0
FMC Corp,FMC,CKDHZ2X64EEBQCSP7013,37785,2014.0,Q3,2014-07-01,2014-09-30,2015-11-02 15:40:40+00:00,0.42,0.42,,0.42,3600000.0,60100000.0,53700000.0,6400000.0,56300000.0,3800000.0,535600000.0,819100000.0,,,6800000.0,30200000.0,35600000.0,140700000.0,535600000.0,283500000.0,12800000.0,-100000.0,213300000.0,70200000.0,-12900000.0,57300000.0,819100000.0,133409000.0,133409000.0,133409000.0
FMC Corp,FMC,CKDHZ2X64EEBQCSP7013,37785,2014.0,Q3YTD,2014-01-01,2014-09-30,,1.73,1.73,0.6,1.73,74600000.0,243800000.0,248700000.0,-4900000.0,231000000.0,12800000.0,1478300000.0,2370900000.0,,,23600000.0,88500000.0,44900000.0,374900000.0,1478300000.0,892600000.0,37600000.0,200000.0,531900000.0,360700000.0,-37400000.0,323300000.0,2370900000.0,133409000.0,133409000.0,133409000.0
FMC Corp,FMC,CKDHZ2X64EEBQCSP7013,37785,2014.0,Q3TTM,2013-10-01,2014-09-30,,1.93,1.93,0.73,1.93,93100000.0,275700000.0,285900000.0,-10200000.0,258100000.0,17600000.0,1649500000.0,2757500000.0,,,23600000.0,119400000.0,48100000.0,496900000.0,1649500000.0,1108000000.0,42700000.0,1700000.0,688000000.0,420000000.0,-41000000.0,379000000.0,2757500000.0,133409000.0,133409000.0,133409000.0
FMC Corp,FMC,CKDHZ2X64EEBQCSP7013,37785,2014.0,Q2,2014-04-01,2014-06-30,2015-08-06 16:06:24+00:00,0.82,0.82,,0.81,36400000.0,113300000.0,98000000.0,15300000.0,109100000.0,4200000.0,478800000.0,794900000.0,,,13800000.0,32500000.0,2600000.0,119600000.0,478800000.0,316100000.0,13200000.0,0.0,168500000.0,147600000.0,-13200000.0,134400000.0,794900000.0,133339000.0,133339000.0,133339000.0
FMC Corp,FMC,CKDHZ2X64EEBQCSP7013,37785,2014.0,Q2YTD,2014-01-01,2014-06-30,,1.31,1.31,0.37,1.31,71000000.0,183700000.0,195000000.0,-11300000.0,174700000.0,9000000.0,942700000.0,1551800000.0,,,16800000.0,58300000.0,9300000.0,234200000.0,942700000.0,609100000.0,24800000.0,300000.0,318600000.0,290500000.0,-24500000.0,266000000.0,1551800000.0,133339000.0,133339000.0,133339000.0
FMC Corp,FMC,CKDHZ2X64EEBQCSP7013,37785,2014.0,Q2TTM,2013-07-01,2014-06-30,,1.65,1.65,0.67,1.65,121500000.0,235500000.0,308700000.0,-73200000.0,219700000.0,15800000.0,1766900000.0,2895800000.0,,,16800000.0,118200000.0,44600000.0,481100000.0,1766900000.0,1128900000.0,39700000.0,1700000.0,660700000.0,468200000.0,-38000000.0,430200000.0,2895800000.0,133339000.0,133339000.0,133339000.0
FMC Corp,FMC,CKDHZ2X64EEBQCSP7013,37785,2014.0,Q1,2014-01-01,2014-03-31,2015-05-11 07:25:23+00:00,0.49,0.49,,0.49,34600000.0,70400000.0,97000000.0,-26600000.0,65600000.0,4800000.0,463900000.0,756900000.0,,,3000000.0,25800000.0,6700000.0,114600000.0,463900000.0,293000000.0,11600000.0,300000.0,150100000.0,142900000.0,-11300000.0,131600000.0,756900000.0,133139000.0,133139000.0,133139000.0
FMC Corp,FMC,CKDHZ2X64EEBQCSP7013,37785,2014.0,Q1TTM,2013-04-01,2014-03-31,,1.72,1.72,0.65,1.72,120800000.0,243400000.0,330400000.0,-87000000.0,228600000.0,14800000.0,1836600000.0,2976900000.0,,,3000000.0,113400000.0,47900000.0,488800000.0,1836600000.0,1140300000.0,37600000.0,1600000.0,653100000.0,487200000.0,-36000000.0,451200000.0,2976900000.0,133139000.0,133139000.0,133139000.0
FMC Corp,FMC,CKDHZ2X64EEBQCSP7013,37785,2015.0,FY,2015-01-01,2015-12-31,2018-02-28 15:21:58+00:00,3.66,3.66,0.66,3.66,5200000.0,498500000.0,-212600000.0,711100000.0,489000000.0,9500000.0,1690600000.0,2491000000.0,,,,135900000.0,150300000.0,660700000.0,1690600000.0,800400000.0,62200000.0,1300000.0,946900000.0,-146500000.0,-60900000.0,-207400000.0,2491000000.0,133696000.0,133696000.0,133696000.0
FMC Corp,FMC,CKDHZ2X64EEBQCSP7013,37785,2015.0,Q4,2015-10-01,2015-12-31,,-1.51,-1.51,0.66,-1.49,61600000.0,-202700000.0,-215000000.0,12300000.0,-204100000.0,1400000.0,90200000.0,113800000.0,,,,33100000.0,72100000.0,69800000.0,90200000.0,23600000.0,3300000.0,1300000.0,175000000.0,-151400000.0,-2000000.0,-153400000.0,113800000.0,133696000.0,133696000.0,133696000.0
FMC Corp,FMC,CKDHZ2X64EEBQCSP7013,37785,2015.0,Q3,2015-07-01,2015-09-30,2016-11-03 16:18:11+00:00,-0.02,-0.02,,-0.02,-25100000.0,400000.0,5400000.0,-5000000.0,-2400000.0,2800000.0,610400000.0,830700000.0,,,,37200000.0,45600000.0,137000000.0,610400000.0,220300000.0,20200000.0,0.0,219800000.0,500000.0,-20200000.0,-19700000.0,830700000.0,120000000.0,120000000.0,120000000.0
FMC Corp,FMC,CKDHZ2X64EEBQCSP7013,37785,2015.0,Q3YTD,2015-01-01,2015-09-30,,5.17,5.17,,5.15,-56400000.0,701200000.0,2400000.0,698800000.0,693100000.0,8100000.0,1600400000.0,2377200000.0,,,,102800000.0,78200000.0,590900000.0,1600400000.0,776800000.0,58900000.0,,771900000.0,4900000.0,-58900000.0,-54000000.0,2377200000.0,120000000.0,120000000.0,120000000.0
FMC Corp,FMC,CKDHZ2X64EEBQCSP7013,37785,2015.0,Q3TTM,2014-10-01,2015-09-30,,5.74,5.74,0.6,5.72,-74800000.0,779500000.0,61300000.0,718200000.0,769600000.0,9900000.0,2169900000.0,3265000000.0,,,,140600000.0,89700000.0,805800000.0,2169900000.0,1095100000.0,72700000.0,200000.0,1036100000.0,59000000.0,-72500000.0,-13500000.0,3265000000.0,120000000.0,120000000.0,120000000.0
FMC Corp,FMC,CKDHZ2X64EEBQCSP7013,37785,2015.0,Q2,2015-04-01,2015-06-30,2016-08-03 15:46:26+00:00,5.54,5.54,,5.52,17800000.0,746300000.0,58100000.0,688200000.0,742300000.0,4000000.0,581300000.0,887100000.0,,,,39000000.0,10300000.0,156000000.0,581300000.0,305800000.0,24700000.0,100000.0,205300000.0,100500000.0,-24600000.0,75900000.0,887100000.0,133714000.0,133714000.0,133714000.0
FMC Corp,FMC,CKDHZ2X64EEBQCSP7013,37785,2015.0,Q2YTD,2015-01-01,2015-06-30,,5.19,5.19,,5.17,-31300000.0,700800000.0,-3000000.0,703800000.0,695500000.0,5300000.0,990000000.0,1546500000.0,,,,65600000.0,32600000.0,453900000.0,990000000.0,556500000.0,38700000.0,,552100000.0,4400000.0,-38700000.0,-34300000.0,1546500000.0,133714000.0,133714000.0,133714000.0
FMC Corp,FMC,CKDHZ2X64EEBQCSP7013,37785,2015.0,Q2TTM,2014-07-01,2015-06-30,,6.18,6.18,0.6,6.16,-46100000.0,839200000.0,109600000.0,729600000.0,828300000.0,10900000.0,2095100000.0,3253400000.0,,,6800000.0,133600000.0,79700000.0,809500000.0,2095100000.0,1158300000.0,65300000.0,100000.0,1029600000.0,128700000.0,-65200000.0,63500000.0,3253400000.0,133714000.0,133714000.0,133714000.0
FMC Corp,FMC,CKDHZ2X64EEBQCSP7013,37785,2015.0,Q1,2015-01-01,2015-03-31,2016-05-03 16:55:12+00:00,-0.35,-0.35,,-0.35,-49100000.0,-45500000.0,-61100000.0,15600000.0,-46800000.0,1300000.0,408700000.0,659400000.0,,,,26600000.0,22300000.0,297900000.0,408700000.0,250700000.0,14000000.0,-100000.0,346800000.0,-96100000.0,-14100000.0,-110200000.0,659400000.0,133577000.0,133577000.0,133577000.0
FMC Corp,FMC,CKDHZ2X64EEBQCSP7013,37785,2015.0,Q1TTM,2014-04-01,2015-03-31,,1.46,1.46,1.32,1.46,-27500000.0,206200000.0,149500000.0,56700000.0,195100000.0,11100000.0,1992600000.0,3161200000.0,,,20600000.0,127100000.0,72000000.0,773100000.0,1992600000.0,1168600000.0,53800000.0,,992800000.0,175800000.0,-53800000.0,122000000.0,3161200000.0,133577000.0,133577000.0,133577000.0
FMC Corp,FMC,CKDHZ2X64EEBQCSP7013,37785,2016.0,FY,2016-01-01,2016-12-31,2019-02-28 15:53:53+00:00,1.56,1.56,0.66,1.56,50100000.0,211700000.0,130700000.0,81000000.0,209100000.0,2600000.0,1607700000.0,2538900000.0,,-23400000.0,,134500000.0,95000000.0,435100000.0,1607700000.0,931200000.0,63500000.0,1100000.0,664600000.0,266600000.0,-85800000.0,180800000.0,2538900000.0,133890000.0,133890000.0,133890000.0
FMC Corp,FMC,CKDHZ2X64EEBQCSP7013,37785,2016.0,Q4,2016-10-01,2016-12-31,,0.12,0.12,0.66,0.12,2700000.0,16400000.0,9400000.0,7000000.0,15900000.0,500000.0,423200000.0,688400000.0,,-23400000.0,,36500000.0,62300000.0,114500000.0,423200000.0,265200000.0,17100000.0,700000.0,213300000.0,51900000.0,-39800000.0,12100000.0,688400000.0,133890000.0,133890000.0,133890000.0
FMC Corp,FMC,CKDHZ2X64EEBQCSP7013,37785,2016.0,Q3,2016-07-01,2016-09-30,2017-11-07 15:33:13+00:00,0.59,0.59,,0.59,6500000.0,79600000.0,48500000.0,31100000.0,79700000.0,-100000.0,414200000.0,628800000.0,,,,30600000.0,14100000.0,99900000.0,414200000.0,214600000.0,15400000.0,400000.0,144600000.0,70000000.0,-15000000.0,55000000.0,628800000.0,133973000.0,133973000.0,133973000.0
FMC Corp,FMC,CKDHZ2X64EEBQCSP7013,37785,2016.0,Q3YTD,2016-01-01,2016-09-30,,1.44,1.44,,1.44,47400000.0,195300000.0,121300000.0,74000000.0,193200000.0,2100000.0,1184500000.0,1850500000.0,,,,98000000.0,32700000.0,320600000.0,1184500000.0,666000000.0,46400000.0,400000.0,451300000.0,214700000.0,-46000000.0,168700000.0,1850500000.0,133973000.0,133973000.0,133973000.0
FMC Corp,FMC,CKDHZ2X64EEBQCSP7013,37785,2016.0,Q3TTM,2015-10-01,2016-09-30,,-0.07,-0.07,0.66,-0.05,109000000.0,-7400000.0,-93700000.0,86300000.0,-10900000.0,3500000.0,1274700000.0,1964300000.0,,,,131100000.0,104800000.0,390400000.0,1274700000.0,689600000.0,49700000.0,1700000.0,626300000.0,63300000.0,-48000000.0,15300000.0,1964300000.0,133973000.0,133973000.0,133973000.0
FMC Corp,FMC,CKDHZ2X64EEBQCSP7013,37785,2016.0,Q2,2016-04-01,2016-06-30,2017-08-02 16:21:02+00:00,0.49,0.49,,0.49,20500000.0,67000000.0,46800000.0,20200000.0,65200000.0,1800000.0,379900000.0,615300000.0,,,,33200000.0,9100000.0,110600000.0,379900000.0,235400000.0,15200000.0,0.0,152900000.0,82500000.0,-15200000.0,67300000.0,615300000.0,133929000.0,133929000.0,133929000.0
FMC Corp,FMC,CKDHZ2X64EEBQCSP7013,37785,2016.0,Q2YTD,2016-01-01,2016-06-30,,0.85,0.85,,0.85,40900000.0,115700000.0,72800000.0,42900000.0,113500000.0,2200000.0,770300000.0,1221700000.0,,,,67400000.0,18600000.0,220700000.0,770300000.0,451400000.0,31000000.0,,306700000.0,144700000.0,-31000000.0,113700000.0,1221700000.0,133929000.0,133929000.0,133929000.0
FMC Corp,FMC,CKDHZ2X64EEBQCSP7013,37785,2016.0,Q2TTM,2015-07-01,2016-06-30,,-0.68,-0.68,0.66,-0.66,77400000.0,-86600000.0,-136800000.0,50200000.0,-93000000.0,6400000.0,1470900000.0,2166200000.0,,,,137700000.0,136300000.0,427500000.0,1470900000.0,695300000.0,54500000.0,1300000.0,701500000.0,-6200000.0,-53200000.0,-59400000.0,2166200000.0,133929000.0,133929000.0,133929000.0
FMC Corp,FMC,CKDHZ2X64EEBQCSP7013,37785,2016.0,Q1,2016-01-01,2016-03-31,2017-05-03 15:24:47+00:00,0.36,0.36,,0.36,20400000.0,48700000.0,26000000.0,22700000.0,48300000.0,400000.0,390400000.0,606400000.0,,,,34200000.0,9500000.0,110100000.0,390400000.0,216000000.0,15800000.0,0.0,153800000.0,62200000.0,-15800000.0,46400000.0,606400000.0,133802000.0,133802000.0,133802000.0
FMC Corp,FMC,CKDHZ2X64EEBQCSP7013,37785,2016.0,Q1TTM,2015-04-01,2016-03-31,,4.37,4.37,0.66,4.37,74700000.0,592700000.0,-125500000.0,718200000.0,584100000.0,8600000.0,1672300000.0,2438000000.0,,,,143500000.0,137500000.0,472900000.0,1672300000.0,765700000.0,64000000.0,1400000.0,753900000.0,11800000.0,-62600000.0,-50800000.0,2438000000.0,133802000.0,133802000.0,133802000.0
FMC Corp,FMC,CKDHZ2X64EEBQCSP7013,37785,2017.0,FY,2017-01-01,2017-12-31,2020-02-28 14:19:04+00:00,3.99,3.99,0.66,3.99,228900000.0,1074200000.0,-133100000.0,1343000000.0,1071600000.0,2600000.0,1579400000.0,2531200000.0,-135700000.0,16300000.0,,138400000.0,73200000.0,581700000.0,1579400000.0,951800000.0,80000000.0,1000000.0,793300000.0,158500000.0,-62700000.0,95800000.0,2531200000.0,268600000.0,268600000.0,268600000.0
FMC Corp,FMC,CKDHZ2X64EEBQCSP7013,37785,2017.0,Q4,2017-10-01,2017-12-31,,3.95,3.95,0.66,3.94,227800000.0,1066900000.0,-297700000.0,1500300000.0,1065900000.0,1000000.0,396900000.0,632200000.0,-135700000.0,16300000.0,,48000000.0,50900000.0,182400000.0,396900000.0,235300000.0,28700000.0,-11500000.0,281300000.0,-46000000.0,-23900000.0,-69900000.0,632200000.0,268600000.0,268600000.0,268600000.0
FMC Corp,FMC,CKDHZ2X64EEBQCSP7013,37785,2017.0,Q3,2017-07-01,2017-09-30,2018-11-06 16:12:40+00:00,0.41,0.41,,0.41,-11600000.0,55800000.0,70900000.0,-15100000.0,55200000.0,600000.0,380300000.0,646200000.0,,,,30200000.0,7100000.0,154500000.0,380300000.0,265900000.0,18400000.0,3600000.0,191800000.0,74100000.0,-14800000.0,59300000.0,646200000.0,134371000.0,134371000.0,134371000.0
FMC Corp,FMC,CKDHZ2X64EEBQCSP7013,37785,2017.0,Q3YTD,2017-01-01,2017-09-30,,0.04,0.04,,0.05,1100000.0,7300000.0,164600000.0,-157300000.0,5700000.0,1600000.0,1182500000.0,1899000000.0,,,,90400000.0,22300000.0,399300000.0,1182500000.0,716500000.0,51300000.0,12500000.0,512000000.0,204500000.0,-38800000.0,165700000.0,1899000000.0,134371000.0,134371000.0,134371000.0
FMC Corp,FMC,CKDHZ2X64EEBQCSP7013,37785,2017.0,Q3TTM,2016-10-01,2017-09-30,,0.16,0.16,0.66,0.17,3800000.0,23700000.0,174000000.0,-150300000.0,21600000.0,2100000.0,1605700000.0,2587400000.0,,-23400000.0,,126900000.0,84600000.0,513800000.0,1605700000.0,981700000.0,68400000.0,13200000.0,725300000.0,256400000.0,-78600000.0,177800000.0,2587400000.0,134371000.0,134371000.0,134371000.0
FMC Corp,FMC,CKDHZ2X64EEBQCSP7013,37785,2017.0,Q2,2017-04-01,2017-06-30,2018-08-02 16:27:45+00:00,0.56,0.56,,0.56,3300000.0,75300000.0,48700000.0,26600000.0,74700000.0,600000.0,422400000.0,656800000.0,,,,32000000.0,6900000.0,130500000.0,422400000.0,234400000.0,17200000.0,4200000.0,169400000.0,65000000.0,-13000000.0,52000000.0,656800000.0,134237000.0,134237000.0,134237000.0
FMC Corp,FMC,CKDHZ2X64EEBQCSP7013,37785,2017.0,Q2YTD,2017-01-01,2017-06-30,,-0.37,-0.37,,-0.36,12700000.0,-48500000.0,93700000.0,-142200000.0,-49500000.0,1000000.0,802200000.0,1252800000.0,,,,60200000.0,15200000.0,244800000.0,802200000.0,450600000.0,32900000.0,8900000.0,320200000.0,130400000.0,-24000000.0,106400000.0,1252800000.0,134237000.0,134237000.0,134237000.0
FMC Corp,FMC,CKDHZ2X64EEBQCSP7013,37785,2017.0,Q2TTM,2016-07-01,2017-06-30,,0.34,0.34,0.66,0.35,21900000.0,47500000.0,151600000.0,-104100000.0,46100000.0,1400000.0,1639600000.0,2570000000.0,,-23400000.0,,127300000.0,91600000.0,459200000.0,1639600000.0,930400000.0,65400000.0,10000000.0,678100000.0,252300000.0,-78800000.0,173500000.0,2570000000.0,134237000.0,134237000.0,134237000.0
FMC Corp,FMC,CKDHZ2X64EEBQCSP7013,37785,2017.0,Q1,2017-01-01,2017-03-31,2018-05-03 15:44:53+00:00,-0.93,-0.93,,-0.92,9400000.0,-123800000.0,45000000.0,-168800000.0,-124200000.0,400000.0,379800000.0,596000000.0,,,,28200000.0,8300000.0,114300000.0,379800000.0,216200000.0,15700000.0,4700000.0,150800000.0,65400000.0,-11000000.0,54400000.0,596000000.0,133966000.0,133966000.0,133966000.0
FMC Corp,FMC,CKDHZ2X64EEBQCSP7013,37785,2017.0,Q1TTM,2016-04-01,2017-03-31,,0.27,0.27,0.66,0.28,39100000.0,39200000.0,149700000.0,-110500000.0,36600000.0,2600000.0,1597100000.0,2528500000.0,,-23400000.0,,128500000.0,93800000.0,439300000.0,1597100000.0,931400000.0,63400000.0,5800000.0,661600000.0,269800000.0,-81000000.0,188800000.0,2528500000.0,133966000.0,133966000.0,133966000.0
FMC Corp,FMC,CKDHZ2X64EEBQCSP7013,37785,2018.0,FY,2018-01-01,2018-12-31,2020-02-28 14:19:04+00:00,3.72,3.72,0.9,3.69,70800000.0,1013600000.0,537600000.0,-55400000.0,1004200000.0,9400000.0,2405000000.0,4285300000.0,531400000.0,,,287700000.0,61200000.0,790000000.0,2405000000.0,1880300000.0,134500000.0,1500000.0,1138900000.0,740900000.0,-133000000.0,608400000.0,4285300000.0,269900000.0,269900000.0,272100000.0
FMC Corp,FMC,CKDHZ2X64EEBQCSP7013,37785,2018.0,Q4,2018-10-01,2018-12-31,,0.24,0.24,0.4,0.23,-10600000.0,536700000.0,156700000.0,-151400000.0,534500000.0,2200000.0,607200000.0,1099400000.0,531400000.0,,,76800000.0,34800000.0,202600000.0,607200000.0,492200000.0,32800000.0,900000.0,314200000.0,177500000.0,-31900000.0,146100000.0,1099400000.0,269900000.0,269900000.0,272100000.0
FMC Corp,FMC,CKDHZ2X64EEBQCSP7013,37785,2018.0,Q3,2018-07-01,2018-09-30,2019-10-30 13:30:24+00:00,0.54,0.54,0.165,0.54,22000000.0,74800000.0,50900000.0,23900000.0,72800000.0,2000000.0,528400000.0,923600000.0,,,,70100000.0,25400000.0,194600000.0,528400000.0,395200000.0,33400000.0,1200000.0,290100000.0,105100000.0,-32200000.0,72900000.0,923600000.0,134852000.0,134852000.0,134852000.0
FMC Corp,FMC,CKDHZ2X64EEBQCSP7013,37785,2018.0,Q3YTD,2018-01-01,2018-09-30,,3.48,3.48,0.5,3.46,81400000.0,476900000.0,380900000.0,96000000.0,469700000.0,7200000.0,1797800000.0,3185900000.0,,,,210900000.0,26400000.0,587400000.0,1797800000.0,1388100000.0,101700000.0,600000.0,824700000.0,563400000.0,-101100000.0,462300000.0,3185900000.0,134852000.0,134852000.0,134852000.0
FMC Corp,FMC,CKDHZ2X64EEBQCSP7013,37785,2018.0,Q3TTM,2017-10-01,2018-09-30,,7.43,7.43,1.16,7.4,309200000.0,1543800000.0,83200000.0,1596300000.0,1535600000.0,8200000.0,2194700000.0,3818100000.0,-135700000.0,16300000.0,,258900000.0,77300000.0,769800000.0,2194700000.0,1623400000.0,130400000.0,-10900000.0,1106000000.0,517400000.0,-125000000.0,392400000.0,3818100000.0,134852000.0,134852000.0,134852000.0
FMC Corp,FMC,CKDHZ2X64EEBQCSP7013,37785,2018.0,Q2,2018-04-01,2018-06-30,2019-07-31 14:08:15+00:00,0.96,0.96,0.165,0.96,-1100000.0,132500000.0,99800000.0,32700000.0,129700000.0,2800000.0,664000000.0,1154400000.0,,,,75900000.0,80900000.0,200300000.0,664000000.0,490400000.0,34400000.0,-200000.0,357100000.0,133300000.0,-34600000.0,98700000.0,1154400000.0,134767000.0,134767000.0,134767000.0
FMC Corp,FMC,CKDHZ2X64EEBQCSP7013,37785,2018.0,Q2YTD,2018-01-01,2018-06-30,,2.94,2.94,0.33,2.92,59400000.0,402100000.0,330000000.0,72100000.0,396900000.0,5200000.0,1269400000.0,2262300000.0,,,,140800000.0,1000000.0,392800000.0,1269400000.0,992900000.0,68300000.0,-600000.0,534600000.0,458300000.0,-68900000.0,389400000.0,2262300000.0,134767000.0,134767000.0,134767000.0
FMC Corp,FMC,CKDHZ2X64EEBQCSP7013,37785,2018.0,Q2TTM,2017-07-01,2018-06-30,,7.3,7.3,0.99,7.27,275600000.0,1524800000.0,103200000.0,1557300000.0,1518000000.0,6800000.0,2046600000.0,3540700000.0,-135700000.0,16300000.0,,219000000.0,59000000.0,729700000.0,2046600000.0,1494100000.0,115400000.0,-8500000.0,1007700000.0,486400000.0,-107600000.0,378800000.0,3540700000.0,134767000.0,134767000.0,134767000.0
FMC Corp,FMC,CKDHZ2X64EEBQCSP7013,37785,2018.0,Q1,2018-01-01,2018-03-31,2019-05-08 09:10:32+00:00,1.98,1.98,0.165,1.96,60500000.0,269600000.0,230200000.0,39400000.0,267200000.0,2400000.0,605400000.0,1107900000.0,,,,64900000.0,-79900000.0,192500000.0,605400000.0,502500000.0,33900000.0,-400000.0,177500000.0,325000000.0,-34300000.0,290700000.0,1107900000.0,134589000.0,134589000.0,134589000.0
FMC Corp,FMC,CKDHZ2X64EEBQCSP7013,37785,2018.0,Q1TTM,2017-04-01,2018-03-31,,6.9,6.9,0.83,6.87,280000000.0,1467600000.0,52100000.0,1551200000.0,1463000000.0,4600000.0,1805000000.0,3043100000.0,-135700000.0,16300000.0,,175100000.0,-15000000.0,659900000.0,1805000000.0,1238100000.0,98200000.0,-4100000.0,820000000.0,418100000.0,-86000000.0,332100000.0,3043100000.0,134589000.0,134589000.0,134589000.0
FMC Corp,FMC,CKDHZ2X64EEBQCSP7013,37785,2019.0,Q4,2019-10-01,2019-12-31,,,,0.84,-0.01,35900000.0,474600000.0,30700000.0,-96800000.0,474200000.0,400000.0,641300000.0,1197300000.0,540700000.0,-8100000.0,,76400000.0,143700000.0,223800000.0,641300000.0,556000000.0,44800000.0,7400000.0,443900000.0,112100000.0,-45500000.0,66600000.0,1197300000.0,262300000.0,262300000.0,263800000.0
FMC Corp,FMC,CKDHZ2X64EEBQCSP7013,37785,2019.0,FY,2019-01-01,2019-12-31,2020-02-28 14:19:04+00:00,3.64,3.64,1.64,3.62,111500000.0,957600000.0,543500000.0,-126600000.0,954800000.0,2800000.0,2526200000.0,4609800000.0,540700000.0,-8100000.0,,298100000.0,171000000.0,792900000.0,2526200000.0,2083600000.0,160400000.0,1900000.0,1262000000.0,821600000.0,-166600000.0,655000000.0,4609800000.0,262300000.0,262300000.0,263800000.0
FMC Corp,FMC,CKDHZ2X64EEBQCSP7013,37785,2019.0,Q3YTD,2019-01-01,2019-09-30,,3.64,3.64,0.8,3.63,75600000.0,483000000.0,512800000.0,-29800000.0,480600000.0,2400000.0,1884900000.0,3412500000.0,,,,221700000.0,27300000.0,569100000.0,1884900000.0,1527600000.0,115600000.0,-5500000.0,818100000.0,709500000.0,-121100000.0,588400000.0,3412500000.0,130390000.0,130390000.0,130390000.0
FMC Corp,FMC,CKDHZ2X64EEBQCSP7013,37785,2019.0,Q3TTM,2018-10-01,2019-09-30,,3.88,3.88,1.21,3.86,65000000.0,1019700000.0,669500000.0,-181200000.0,1015100000.0,4600000.0,2492100000.0,4511900000.0,531400000.0,,,298500000.0,62100000.0,771700000.0,2492100000.0,2019800000.0,148400000.0,-4600000.0,1132300000.0,887000000.0,-153000000.0,734500000.0,4511900000.0,130390000.0,130390000.0,130390000.0
FMC Corp,FMC,CKDHZ2X64EEBQCSP7013,37785,2019.0,Q3,2019-07-01,2019-09-30,2019-10-30 13:30:24+00:00,0.69,0.69,0.4,0.69,8700000.0,89500000.0,110800000.0,-21300000.0,90400000.0,-900000.0,581900000.0,1014300000.0,,,,77400000.0,6800000.0,188300000.0,581900000.0,432400000.0,41600000.0,1200000.0,272500000.0,159900000.0,-40400000.0,119500000.0,1014300000.0,130390000.0,130390000.0,130390000.0
FMC Corp,FMC,CKDHZ2X64EEBQCSP7013,37785,2019.0,Q2YTD,2019-01-01,2019-06-30,,2.95,2.95,0.4,2.94,66900000.0,393500000.0,402000000.0,-8500000.0,390200000.0,3300000.0,1303000000.0,2398200000.0,,,,144300000.0,20500000.0,380800000.0,1303000000.0,1095200000.0,74000000.0,-6700000.0,545600000.0,549600000.0,-80700000.0,468900000.0,2398200000.0,131098000.0,131098000.0,131098000.0
FMC Corp,FMC,CKDHZ2X64EEBQCSP7013,37785,2019.0,Q2TTM,2018-07-01,2019-06-30,,3.73,3.73,0.97,3.71,78300000.0,1005000000.0,609600000.0,-136000000.0,997500000.0,7500000.0,2438600000.0,4421200000.0,531400000.0,,,291200000.0,80700000.0,778000000.0,2438600000.0,1982600000.0,140200000.0,-4600000.0,1149900000.0,832200000.0,-144800000.0,687900000.0,4421200000.0,131098000.0,131098000.0,131098000.0
FMC Corp,FMC,CKDHZ2X64EEBQCSP7013,37785,2019.0,Q2,2019-04-01,2019-06-30,2019-07-31 14:08:15+00:00,1.32,1.32,0.4,1.32,30600000.0,176300000.0,194400000.0,-18100000.0,174500000.0,1800000.0,655600000.0,1206100000.0,,,,73100000.0,12700000.0,196900000.0,655600000.0,550500000.0,39500000.0,-3300000.0,282700000.0,267800000.0,-42800000.0,225000000.0,1206100000.0,131098000.0,131098000.0,131098000.0
FMC Corp,FMC,CKDHZ2X64EEBQCSP7013,37785,2019.0,Q1,2019-01-01,2019-03-31,2020-05-06 13:25:18+00:00,1.63,1.63,0.4,1.62,36300000.0,217200000.0,207600000.0,9600000.0,215700000.0,1500000.0,647400000.0,1192100000.0,,,,71200000.0,7800000.0,183900000.0,647400000.0,544700000.0,34500000.0,-3400000.0,262900000.0,281800000.0,-37900000.0,243900000.0,1192100000.0,131887000.0,131887000.0,131887000.0
FMC Corp,FMC,CKDHZ2X64EEBQCSP7013,37785,2019.0,Q1TTM,2018-04-01,2019-03-31,,3.37,3.37,0.74,3.35,46600000.0,961200000.0,515000000.0,-85200000.0,952700000.0,8500000.0,2447000000.0,4369500000.0,531400000.0,,,294000000.0,148900000.0,781400000.0,2447000000.0,1922500000.0,135100000.0,-1500000.0,1224300000.0,697700000.0,-136600000.0,561600000.0,4369500000.0,131887000.0,131887000.0,131887000.0
FMC Corp,FMC,CKDHZ2X64EEBQCSP7013,37785,2020.0,Q1TTM,2019-04-01,2020-03-31,,3.6,3.6,1.64,3.58,109900000.0,946600000.0,549600000.0,-143700000.0,945300000.0,1300000.0,2567300000.0,4667700000.0,540700000.0,-8100000.0,,294200000.0,176600000.0,798400000.0,2567300000.0,2100400000.0,166700000.0,3100000.0,1269200000.0,831200000.0,-171700000.0,659500000.0,4667700000.0,129527000.0,129527000.0,129527000.0
FMC Corp,FMC,CKDHZ2X64EEBQCSP7013,37785,2020.0,Q1,2020-01-01,2020-03-31,2020-05-06 13:25:18+00:00,1.59,1.59,,1.58,34700000.0,206200000.0,213700000.0,-7500000.0,206200000.0,0.0,688500000.0,1250000000.0,,,,67300000.0,13400000.0,189400000.0,688500000.0,561500000.0,40800000.0,-2200000.0,270100000.0,291400000.0,-43000000.0,248400000.0,1250000000.0,129527000.0,129527000.0,129527000.0
