company_name,company_ticker,company_lei,company_cik,year,quarter,start_date,end_date,filing_date,basicdilutedeps,basiceps,cashdividendspershare,dilutedeps,incometaxexpense,netincome,netincomecontinuing,netincomediscontinued,netincometocommon,netincometononcontrollinginterest,operatingcostofrevenue,operatingrevenue,otheradjustmentstoconsolidatednetincome,otherincome,otheroperatingexpenses,rdexpense,restructuringcharge,sgaexpense,totalcostofrevenue,totalgrossprofit,totalinterestexpense,totalinterestincome,totaloperatingexpenses,totaloperatingincome,totalotherincome,totalpretaxincome,totalrevenue,weightedavebasicdilutedsharesos,weightedavebasicsharesos,weightedavedilutedsharesos
Eastman Chemical Co,EMN,FDPVHDGJ1IQZFK9KH630,915389,2007.0,FY,2007-01-01,2007-12-31,2010-02-24 17:30:01+00:00,3.63,3.63,,3.84,149000000.0,300000000.0,321000000.0,-21000000.0,300000000.0,,5638000000.0,6830000000.0,,28000000.0,0.0,156000000.0,112000000.0,420000000.0,5638000000.0,1192000000.0,62000000.0,,688000000.0,504000000.0,-34000000.0,470000000.0,6830000000.0,82600000.0,82600000.0,78100000.0
Eastman Chemical Co,EMN,FDPVHDGJ1IQZFK9KH630,915389,2008.0,FY,2008-01-01,2008-12-31,2011-02-23 08:53:11+00:00,4.59,4.59,,4.55,116000000.0,363000000.0,345000000.0,18000000.0,346000000.0,17000000.0,4852000000.0,5936000000.0,,-20000000.0,-16000000.0,143000000.0,22000000.0,384000000.0,4852000000.0,1084000000.0,70000000.0,,533000000.0,551000000.0,-90000000.0,461000000.0,5936000000.0,75400000.0,75400000.0,76000000.0
Eastman Chemical Co,EMN,FDPVHDGJ1IQZFK9KH630,915389,2008.0,Q3,2008-07-01,2008-09-30,2009-10-23 16:52:48+00:00,1.35,1.35,,1.33,48000000.0,100000000.0,100000000.0,0.0,100000000.0,,1497000000.0,1819000000.0,,-7000000.0,,39000000.0,2000000.0,107000000.0,1497000000.0,322000000.0,19000000.0,,148000000.0,174000000.0,-26000000.0,148000000.0,1819000000.0,74100000.0,74100000.0,75200000.0
Eastman Chemical Co,EMN,FDPVHDGJ1IQZFK9KH630,915389,2008.0,Q2,2008-04-01,2008-06-30,2009-07-30 15:57:56+00:00,1.51,1.51,,1.48,38000000.0,115000000.0,115000000.0,0.0,115000000.0,,1513000000.0,1834000000.0,0.0,-1000000.0,0.0,39000000.0,3000000.0,107000000.0,1513000000.0,321000000.0,18000000.0,0.0,149000000.0,172000000.0,-19000000.0,153000000.0,1834000000.0,76200000.0,76200000.0,77700000.0
Eastman Chemical Co,EMN,FDPVHDGJ1IQZFK9KH630,915389,2009.0,Q4,2009-10-01,2009-12-31,,-0.22,-0.22,0.22,-0.22,-10000000.0,-32000000.0,-14000000.0,-18000000.0,-32000000.0,,412000000.0,677000000.0,,-2000000.0,,23000000.0,173000000.0,71000000.0,412000000.0,265000000.0,20000000.0,,267000000.0,-2000000.0,-22000000.0,-24000000.0,677000000.0,145000000.0,145000000.0,145000000.0
Eastman Chemical Co,EMN,FDPVHDGJ1IQZFK9KH630,915389,2009.0,FY,2009-01-01,2009-12-31,2012-02-22 09:12:22+00:00,0.94,0.94,0.88,0.93,100000000.0,136000000.0,154000000.0,-18000000.0,136000000.0,,3364000000.0,4396000000.0,,-13000000.0,,124000000.0,196000000.0,367000000.0,3364000000.0,1032000000.0,78000000.0,,687000000.0,345000000.0,-91000000.0,254000000.0,4396000000.0,145000000.0,145000000.0,145000000.0
Eastman Chemical Co,EMN,FDPVHDGJ1IQZFK9KH630,915389,2009.0,Q3,2009-07-01,2009-09-30,2010-11-01 16:49:34+00:00,1.4,1.4,,1.38,69000000.0,101000000.0,101000000.0,,101000000.0,,1009000000.0,1337000000.0,,-2000000.0,,33000000.0,0.0,104000000.0,1009000000.0,328000000.0,19000000.0,,137000000.0,191000000.0,-21000000.0,170000000.0,1337000000.0,72100000.0,72100000.0,73200000.0
Eastman Chemical Co,EMN,FDPVHDGJ1IQZFK9KH630,915389,2009.0,Q3YTD,2009-01-01,2009-09-30,,2.33,2.33,1.33,2.33,110000000.0,168000000.0,168000000.0,,168000000.0,,2952000000.0,3719000000.0,,-11000000.0,,101000000.0,23000000.0,296000000.0,2952000000.0,767000000.0,58000000.0,,420000000.0,347000000.0,-69000000.0,278000000.0,3719000000.0,72100000.0,72100000.0,73200000.0
Eastman Chemical Co,EMN,FDPVHDGJ1IQZFK9KH630,915389,2009.0,Q2,2009-04-01,2009-06-30,2009-07-30 15:57:56+00:00,0.89,0.89,,0.89,41000000.0,65000000.0,65000000.0,0.0,65000000.0,,993000000.0,1253000000.0,0.0,-5000000.0,0.0,34000000.0,-3000000.0,98000000.0,993000000.0,260000000.0,20000000.0,0.0,129000000.0,131000000.0,-25000000.0,106000000.0,1253000000.0,73000000.0,73000000.0,73000000.0
Eastman Chemical Co,EMN,FDPVHDGJ1IQZFK9KH630,915389,2009.0,Q2YTD,2009-01-01,2009-06-30,,0.92,0.92,0.88,0.92,41000000.0,67000000.0,67000000.0,,67000000.0,,1943000000.0,2382000000.0,,-9000000.0,,68000000.0,23000000.0,192000000.0,1943000000.0,439000000.0,39000000.0,,283000000.0,156000000.0,-48000000.0,108000000.0,2382000000.0,73000000.0,73000000.0,73000000.0
Eastman Chemical Co,EMN,FDPVHDGJ1IQZFK9KH630,915389,2009.0,Q1,2009-01-01,2009-03-31,2010-04-26 17:30:30+00:00,0.03,0.03,,0.03,0.0,2000000.0,2000000.0,,2000000.0,,950000000.0,1129000000.0,,-4000000.0,,34000000.0,26000000.0,94000000.0,950000000.0,179000000.0,19000000.0,,154000000.0,25000000.0,-23000000.0,2000000.0,1129000000.0,66700000.0,66700000.0,66700000.0
Eastman Chemical Co,EMN,FDPVHDGJ1IQZFK9KH630,915389,2010.0,Q4,2010-10-01,2010-12-31,,0.04,0.04,0.21,0.04,-12000000.0,8000000.0,-1000000.0,9000000.0,6000000.0,2000000.0,536000000.0,825000000.0,,1000000.0,,37000000.0,26000000.0,101000000.0,536000000.0,289000000.0,139000000.0,,164000000.0,125000000.0,-138000000.0,-13000000.0,825000000.0,144200000.0,144200000.0,144200000.0
Eastman Chemical Co,EMN,FDPVHDGJ1IQZFK9KH630,915389,2010.0,FY,2010-01-01,2010-12-31,2013-02-28 16:46:34+00:00,3.04,2.95,0.895,2.88,202000000.0,427000000.0,418000000.0,9000000.0,425000000.0,2000000.0,4383000000.0,5842000000.0,,-10000000.0,,152000000.0,29000000.0,434000000.0,4383000000.0,1459000000.0,214000000.0,,615000000.0,844000000.0,-224000000.0,620000000.0,5842000000.0,144200000.0,144200000.0,144200000.0
Eastman Chemical Co,EMN,FDPVHDGJ1IQZFK9KH630,915389,2010.0,Q3,2010-07-01,2010-09-30,2010-11-01 16:49:34+00:00,2.37,2.37,,2.33,88000000.0,170000000.0,170000000.0,,170000000.0,,1284000000.0,1729000000.0,,3000000.0,,43000000.0,0.0,122000000.0,1284000000.0,445000000.0,25000000.0,,165000000.0,280000000.0,-22000000.0,258000000.0,1729000000.0,71700000.0,71700000.0,73000000.0
Eastman Chemical Co,EMN,FDPVHDGJ1IQZFK9KH630,915389,2010.0,Q3YTD,2010-01-01,2010-09-30,,5.84,5.84,1.34,5.84,214000000.0,419000000.0,419000000.0,,419000000.0,,3847000000.0,5017000000.0,,-11000000.0,,115000000.0,3000000.0,333000000.0,3847000000.0,1170000000.0,75000000.0,,451000000.0,719000000.0,-86000000.0,633000000.0,5017000000.0,71700000.0,71700000.0,73000000.0
Eastman Chemical Co,EMN,FDPVHDGJ1IQZFK9KH630,915389,2010.0,Q3TTM,2009-10-01,2010-09-30,,5.4,5.4,1.79,5.4,204000000.0,387000000.0,405000000.0,-18000000.0,387000000.0,,4259000000.0,5694000000.0,,-13000000.0,,138000000.0,176000000.0,404000000.0,4259000000.0,1435000000.0,95000000.0,,718000000.0,717000000.0,-108000000.0,609000000.0,5694000000.0,71700000.0,71700000.0,73000000.0
Eastman Chemical Co,EMN,FDPVHDGJ1IQZFK9KH630,915389,2010.0,Q2,2010-04-01,2010-06-30,2010-08-03 15:41:07+00:00,2.05,2.05,,2.02,76000000.0,148000000.0,148000000.0,,148000000.0,,1320000000.0,1724000000.0,,-8000000.0,,36000000.0,3000000.0,108000000.0,1320000000.0,404000000.0,25000000.0,,147000000.0,257000000.0,-33000000.0,224000000.0,1724000000.0,72200000.0,72200000.0,73300000.0
Eastman Chemical Co,EMN,FDPVHDGJ1IQZFK9KH630,915389,2010.0,Q2YTD,2010-01-01,2010-06-30,,3.45,3.45,0.89,3.45,126000000.0,249000000.0,249000000.0,,249000000.0,,2563000000.0,3288000000.0,,-14000000.0,,72000000.0,3000000.0,211000000.0,2563000000.0,725000000.0,50000000.0,,286000000.0,439000000.0,-64000000.0,375000000.0,3288000000.0,72200000.0,72200000.0,73300000.0
Eastman Chemical Co,EMN,FDPVHDGJ1IQZFK9KH630,915389,2010.0,Q2TTM,2009-07-01,2010-06-30,,4.4,4.4,1.77,4.4,185000000.0,318000000.0,336000000.0,-18000000.0,318000000.0,,3984000000.0,5302000000.0,,-18000000.0,,128000000.0,176000000.0,386000000.0,3984000000.0,1318000000.0,89000000.0,,690000000.0,628000000.0,-107000000.0,521000000.0,5302000000.0,72200000.0,72200000.0,73300000.0
Eastman Chemical Co,EMN,FDPVHDGJ1IQZFK9KH630,915389,2010.0,Q1,2010-01-01,2010-03-31,2010-04-26 17:30:30+00:00,1.39,1.39,,1.37,50000000.0,101000000.0,101000000.0,,101000000.0,,1243000000.0,1564000000.0,,-6000000.0,,36000000.0,0.0,103000000.0,1243000000.0,321000000.0,25000000.0,,139000000.0,182000000.0,-31000000.0,151000000.0,1564000000.0,72700000.0,72700000.0,73700000.0
Eastman Chemical Co,EMN,FDPVHDGJ1IQZFK9KH630,915389,2010.0,Q1TTM,2009-04-01,2010-03-31,,3.23,3.23,1.76,3.23,150000000.0,235000000.0,253000000.0,-18000000.0,235000000.0,,3657000000.0,4831000000.0,,-15000000.0,,126000000.0,170000000.0,376000000.0,3657000000.0,1174000000.0,84000000.0,,672000000.0,502000000.0,-99000000.0,403000000.0,4831000000.0,72700000.0,72700000.0,73700000.0
Eastman Chemical Co,EMN,FDPVHDGJ1IQZFK9KH630,915389,2011.0,Q4,2011-10-01,2011-12-31,,0.36,0.36,0.28,0.36,16000000.0,59000000.0,50000000.0,9000000.0,50000000.0,9000000.0,1470000000.0,1723000000.0,,6000000.0,,43000000.0,,131000000.0,1470000000.0,253000000.0,19000000.0,,174000000.0,79000000.0,-13000000.0,66000000.0,1723000000.0,139700000.0,139700000.0,139700000.0
Eastman Chemical Co,EMN,FDPVHDGJ1IQZFK9KH630,915389,2011.0,FY,2011-01-01,2011-12-31,2014-02-28 16:45:42+00:00,4.63,4.63,0.99,4.52,274000000.0,647000000.0,607000000.0,40000000.0,646000000.0,1000000.0,5609000000.0,7178000000.0,,20000000.0,,159000000.0,-8000000.0,481000000.0,5609000000.0,1569000000.0,76000000.0,,632000000.0,937000000.0,-56000000.0,881000000.0,7178000000.0,139700000.0,139700000.0,139700000.0
Eastman Chemical Co,EMN,FDPVHDGJ1IQZFK9KH630,915389,2011.0,Q3,2011-07-01,2011-09-30,2011-11-01 10:56:38+00:00,1.19,1.19,0.26,1.16,73000000.0,165000000.0,165000000.0,0.0,165000000.0,,1392000000.0,1812000000.0,,2000000.0,,41000000.0,7000000.0,116000000.0,1392000000.0,420000000.0,20000000.0,,164000000.0,256000000.0,-18000000.0,238000000.0,1812000000.0,139100000.0,139100000.0,139100000.0
Eastman Chemical Co,EMN,FDPVHDGJ1IQZFK9KH630,915389,2011.0,Q3YTD,2011-01-01,2011-09-30,,4.28,4.28,0.72,4.28,258000000.0,588000000.0,557000000.0,31000000.0,596000000.0,-8000000.0,4139000000.0,5455000000.0,,14000000.0,,116000000.0,-8000000.0,350000000.0,4139000000.0,1316000000.0,57000000.0,,458000000.0,858000000.0,-43000000.0,815000000.0,5455000000.0,139100000.0,139100000.0,139100000.0
Eastman Chemical Co,EMN,FDPVHDGJ1IQZFK9KH630,915389,2011.0,Q3TTM,2010-10-01,2011-09-30,,4.33,4.33,0.94,4.33,246000000.0,596000000.0,556000000.0,40000000.0,602000000.0,-6000000.0,4675000000.0,6280000000.0,,15000000.0,,153000000.0,18000000.0,451000000.0,4675000000.0,1605000000.0,196000000.0,,622000000.0,983000000.0,-181000000.0,802000000.0,6280000000.0,139100000.0,139100000.0,139100000.0
Eastman Chemical Co,EMN,FDPVHDGJ1IQZFK9KH630,915389,2011.0,Q2,2011-04-01,2011-06-30,2011-08-02 17:29:48+00:00,2.98,2.98,0.47,2.91,96000000.0,211000000.0,210000000.0,1000000.0,211000000.0,,1422000000.0,1885000000.0,,6000000.0,,39000000.0,-15000000.0,121000000.0,1422000000.0,463000000.0,18000000.0,,145000000.0,318000000.0,-12000000.0,306000000.0,1885000000.0,70800000.0,70800000.0,72500000.0
Eastman Chemical Co,EMN,FDPVHDGJ1IQZFK9KH630,915389,2011.0,Q2YTD,2011-01-01,2011-06-30,,6.09,6.09,0.95,6.09,185000000.0,423000000.0,392000000.0,31000000.0,431000000.0,-8000000.0,2747000000.0,3643000000.0,,12000000.0,,75000000.0,-15000000.0,234000000.0,2747000000.0,896000000.0,37000000.0,,294000000.0,602000000.0,-25000000.0,577000000.0,3643000000.0,70800000.0,70800000.0,72500000.0
Eastman Chemical Co,EMN,FDPVHDGJ1IQZFK9KH630,915389,2011.0,Q2TTM,2010-07-01,2011-06-30,,8.57,8.57,1.84,8.57,261000000.0,601000000.0,561000000.0,40000000.0,607000000.0,-6000000.0,4567000000.0,6197000000.0,,16000000.0,,155000000.0,11000000.0,457000000.0,4567000000.0,1630000000.0,201000000.0,,623000000.0,1007000000.0,-185000000.0,822000000.0,6197000000.0,70800000.0,70800000.0,72500000.0
Eastman Chemical Co,EMN,FDPVHDGJ1IQZFK9KH630,915389,2011.0,Q1,2011-01-01,2011-03-31,2011-05-03 14:03:29+00:00,3.11,3.11,,3.04,89000000.0,212000000.0,182000000.0,30000000.0,220000000.0,-8000000.0,1325000000.0,1758000000.0,,6000000.0,,36000000.0,,113000000.0,1325000000.0,433000000.0,19000000.0,,149000000.0,284000000.0,-13000000.0,271000000.0,1758000000.0,70700000.0,70700000.0,72400000.0
Eastman Chemical Co,EMN,FDPVHDGJ1IQZFK9KH630,915389,2011.0,Q1TTM,2010-04-01,2011-03-31,,7.69,7.69,1.82,7.69,241000000.0,538000000.0,499000000.0,39000000.0,544000000.0,-6000000.0,4465000000.0,6036000000.0,,2000000.0,,152000000.0,29000000.0,444000000.0,4465000000.0,1571000000.0,208000000.0,,625000000.0,946000000.0,-206000000.0,740000000.0,6036000000.0,70700000.0,70700000.0,72400000.0
Eastman Chemical Co,EMN,FDPVHDGJ1IQZFK9KH630,915389,2012.0,FY,2012-01-01,2012-12-31,2015-02-27 11:58:08+00:00,3.0,3.0,1.08,2.93,206000000.0,444000000.0,443000000.0,1000000.0,437000000.0,7000000.0,6340000000.0,8102000000.0,,-8000000.0,,198000000.0,120000000.0,644000000.0,6340000000.0,1762000000.0,143000000.0,,962000000.0,800000000.0,-151000000.0,649000000.0,8102000000.0,145500000.0,145500000.0,145500000.0
Eastman Chemical Co,EMN,FDPVHDGJ1IQZFK9KH630,915389,2012.0,Q4,2012-10-01,2012-12-31,,-0.37,-0.37,0.61,-0.37,-34000000.0,-47000000.0,-47000000.0,,-54000000.0,7000000.0,1844000000.0,2169000000.0,,11000000.0,,62000000.0,83000000.0,224000000.0,1844000000.0,325000000.0,48000000.0,,369000000.0,-44000000.0,-37000000.0,-81000000.0,2169000000.0,145500000.0,145500000.0,145500000.0
Eastman Chemical Co,EMN,FDPVHDGJ1IQZFK9KH630,915389,2012.0,Q3,2012-07-01,2012-09-30,2012-10-31 16:42:47+00:00,0.93,1.01,0.26,0.99,64000000.0,154000000.0,154000000.0,0.0,154000000.0,,1734000000.0,2259000000.0,,3000000.0,,52000000.0,37000000.0,173000000.0,1734000000.0,525000000.0,48000000.0,,262000000.0,263000000.0,-45000000.0,218000000.0,2259000000.0,165600000.0,152900000.0,152900000.0
Eastman Chemical Co,EMN,FDPVHDGJ1IQZFK9KH630,915389,2012.0,Q3YTD,2012-01-01,2012-09-30,,3.21,3.21,0.7,3.21,240000000.0,491000000.0,490000000.0,1000000.0,491000000.0,,4496000000.0,5933000000.0,,-19000000.0,,136000000.0,37000000.0,420000000.0,4496000000.0,1437000000.0,95000000.0,,593000000.0,844000000.0,-114000000.0,730000000.0,5933000000.0,165600000.0,152900000.0,152900000.0
Eastman Chemical Co,EMN,FDPVHDGJ1IQZFK9KH630,915389,2012.0,Q3TTM,2011-10-01,2012-09-30,,3.54,3.54,0.95,3.54,256000000.0,550000000.0,540000000.0,10000000.0,541000000.0,9000000.0,5966000000.0,7656000000.0,,-13000000.0,,179000000.0,37000000.0,551000000.0,5966000000.0,1690000000.0,114000000.0,,767000000.0,923000000.0,-127000000.0,796000000.0,7656000000.0,165600000.0,152900000.0,152900000.0
Eastman Chemical Co,EMN,FDPVHDGJ1IQZFK9KH630,915389,2012.0,Q2,2012-04-01,2012-06-30,2012-08-02 15:28:59+00:00,0.09,1.3,0.26,1.27,91000000.0,179000000.0,177000000.0,2000000.0,179000000.0,,1372000000.0,1853000000.0,,-21000000.0,,43000000.0,0.0,121000000.0,1372000000.0,481000000.0,28000000.0,,164000000.0,317000000.0,-49000000.0,268000000.0,1853000000.0,1988900000.0,138100000.0,138100000.0
Eastman Chemical Co,EMN,FDPVHDGJ1IQZFK9KH630,915389,2012.0,Q2YTD,2012-01-01,2012-06-30,,2.44,2.44,0.51,2.44,176000000.0,337000000.0,336000000.0,1000000.0,337000000.0,,2762000000.0,3674000000.0,,-22000000.0,,84000000.0,,247000000.0,2762000000.0,912000000.0,47000000.0,,331000000.0,581000000.0,-69000000.0,512000000.0,3674000000.0,1988900000.0,138100000.0,138100000.0
Eastman Chemical Co,EMN,FDPVHDGJ1IQZFK9KH630,915389,2012.0,Q2TTM,2011-07-01,2012-06-30,,4.0,4.0,1.04,4.0,265000000.0,561000000.0,551000000.0,10000000.0,552000000.0,9000000.0,5624000000.0,7209000000.0,,-14000000.0,,168000000.0,7000000.0,494000000.0,5624000000.0,1585000000.0,86000000.0,,669000000.0,916000000.0,-100000000.0,816000000.0,7209000000.0,1988900000.0,138100000.0,138100000.0
Eastman Chemical Co,EMN,FDPVHDGJ1IQZFK9KH630,915389,2012.0,Q1,2012-01-01,2012-03-31,2012-05-10 11:38:54+00:00,1.15,1.15,0.26,1.12,85000000.0,158000000.0,159000000.0,-1000000.0,158000000.0,,1390000000.0,1821000000.0,,-1000000.0,,41000000.0,,126000000.0,1390000000.0,431000000.0,19000000.0,,167000000.0,264000000.0,-20000000.0,244000000.0,1821000000.0,137300000.0,137300000.0,137300000.0
Eastman Chemical Co,EMN,FDPVHDGJ1IQZFK9KH630,915389,2012.0,Q1TTM,2011-04-01,2012-03-31,,4.25,4.25,1.03,4.25,270000000.0,593000000.0,584000000.0,9000000.0,584000000.0,9000000.0,5674000000.0,7241000000.0,,13000000.0,,164000000.0,-8000000.0,494000000.0,5674000000.0,1567000000.0,76000000.0,,650000000.0,917000000.0,-63000000.0,854000000.0,7241000000.0,137300000.0,137300000.0,137300000.0
Eastman Chemical Co,EMN,FDPVHDGJ1IQZFK9KH630,915389,2013.0,FY,2013-01-01,2013-12-31,2015-02-27 11:58:08+00:00,7.57,7.57,1.25,7.44,507000000.0,1172000000.0,1172000000.0,0.0,1165000000.0,7000000.0,6574000000.0,9350000000.0,,-3000000.0,,193000000.0,76000000.0,645000000.0,6574000000.0,2776000000.0,180000000.0,,914000000.0,1862000000.0,-183000000.0,1679000000.0,9350000000.0,154000000.0,154000000.0,154000000.0
Eastman Chemical Co,EMN,FDPVHDGJ1IQZFK9KH630,915389,2013.0,Q4,2013-10-01,2013-12-31,,2.25,2.25,0.3,2.25,169000000.0,349000000.0,349000000.0,,346000000.0,3000000.0,1471000000.0,2265000000.0,,-1000000.0,,45000000.0,52000000.0,135000000.0,1471000000.0,794000000.0,43000000.0,,232000000.0,562000000.0,-44000000.0,518000000.0,2265000000.0,154000000.0,154000000.0,154000000.0
Eastman Chemical Co,EMN,FDPVHDGJ1IQZFK9KH630,915389,2013.0,Q3,2013-07-01,2013-09-30,2013-10-28 17:06:27+00:00,2.0,2.0,0.3,1.97,125000000.0,309000000.0,309000000.0,0.0,308000000.0,1000000.0,1649000000.0,2338000000.0,,-1000000.0,,48000000.0,3000000.0,159000000.0,1649000000.0,689000000.0,44000000.0,,210000000.0,479000000.0,-45000000.0,434000000.0,2338000000.0,154000000.0,154000000.0,154000000.0
Eastman Chemical Co,EMN,FDPVHDGJ1IQZFK9KH630,915389,2013.0,Q3YTD,2013-01-01,2013-09-30,,5.32,5.32,0.68,5.32,338000000.0,823000000.0,823000000.0,,819000000.0,4000000.0,5103000000.0,7085000000.0,,-2000000.0,,148000000.0,24000000.0,510000000.0,5103000000.0,1982000000.0,137000000.0,,682000000.0,1300000000.0,-139000000.0,1161000000.0,7085000000.0,154000000.0,154000000.0,154000000.0
Eastman Chemical Co,EMN,FDPVHDGJ1IQZFK9KH630,915389,2013.0,Q3TTM,2012-10-01,2013-09-30,,4.97,4.97,1.25,4.97,304000000.0,776000000.0,776000000.0,,765000000.0,11000000.0,6947000000.0,9254000000.0,,9000000.0,,210000000.0,107000000.0,734000000.0,6947000000.0,2307000000.0,185000000.0,,1051000000.0,1256000000.0,-176000000.0,1080000000.0,9254000000.0,154000000.0,154000000.0,154000000.0
Eastman Chemical Co,EMN,FDPVHDGJ1IQZFK9KH630,915389,2013.0,Q2,2013-04-01,2013-06-30,2013-08-05 15:23:27+00:00,1.71,1.71,0.3,1.69,116000000.0,266000000.0,266000000.0,0.0,264000000.0,2000000.0,1763000000.0,2440000000.0,,0.0,,51000000.0,18000000.0,180000000.0,1763000000.0,677000000.0,46000000.0,,249000000.0,428000000.0,-46000000.0,382000000.0,2440000000.0,154400000.0,154400000.0,154400000.0
Eastman Chemical Co,EMN,FDPVHDGJ1IQZFK9KH630,915389,2013.0,Q2YTD,2013-01-01,2013-06-30,,3.31,3.31,0.35,3.31,213000000.0,514000000.0,514000000.0,,511000000.0,3000000.0,3454000000.0,4747000000.0,,-1000000.0,,100000000.0,21000000.0,351000000.0,3454000000.0,1293000000.0,93000000.0,,472000000.0,821000000.0,-94000000.0,727000000.0,4747000000.0,154400000.0,154400000.0,154400000.0
Eastman Chemical Co,EMN,FDPVHDGJ1IQZFK9KH630,915389,2013.0,Q2TTM,2012-07-01,2013-06-30,,3.96,3.96,1.16,3.96,243000000.0,621000000.0,621000000.0,,611000000.0,10000000.0,7032000000.0,9175000000.0,,13000000.0,,214000000.0,141000000.0,748000000.0,7032000000.0,2143000000.0,189000000.0,,1103000000.0,1040000000.0,-176000000.0,864000000.0,9175000000.0,154400000.0,154400000.0,154400000.0
Eastman Chemical Co,EMN,FDPVHDGJ1IQZFK9KH630,915389,2013.0,Q1,2013-01-01,2013-03-31,2014-04-29 16:04:48+00:00,1.6,1.6,0.3,1.57,97000000.0,248000000.0,248000000.0,,247000000.0,1000000.0,1691000000.0,2307000000.0,,-1000000.0,,49000000.0,3000000.0,171000000.0,1691000000.0,616000000.0,47000000.0,,223000000.0,393000000.0,-48000000.0,345000000.0,2307000000.0,154400000.0,154400000.0,154400000.0
Eastman Chemical Co,EMN,FDPVHDGJ1IQZFK9KH630,915389,2013.0,Q1TTM,2012-04-01,2013-03-31,,3.41,3.41,1.06,3.41,218000000.0,534000000.0,532000000.0,2000000.0,526000000.0,8000000.0,6641000000.0,8588000000.0,,-8000000.0,,206000000.0,123000000.0,689000000.0,6641000000.0,1947000000.0,171000000.0,,1018000000.0,929000000.0,-179000000.0,750000000.0,8588000000.0,154400000.0,154400000.0,154400000.0
Eastman Chemical Co,EMN,FDPVHDGJ1IQZFK9KH630,915389,2014.0,FY,2014-01-01,2014-12-31,2017-02-27 14:41:34+00:00,5.03,5.03,1.45,4.97,235000000.0,757000000.0,755000000.0,2000000.0,751000000.0,6000000.0,7306000000.0,9527000000.0,,15000000.0,,227000000.0,77000000.0,755000000.0,7306000000.0,2221000000.0,187000000.0,,1059000000.0,1162000000.0,-172000000.0,990000000.0,9527000000.0,149500000.0,149500000.0,149500000.0
Eastman Chemical Co,EMN,FDPVHDGJ1IQZFK9KH630,915389,2014.0,Q4,2014-10-01,2014-12-31,,0.12,0.12,0.4,0.13,-46000000.0,17000000.0,17000000.0,,16000000.0,1000000.0,2016000000.0,2349000000.0,,-1000000.0,,62000000.0,,244000000.0,2016000000.0,333000000.0,55000000.0,,306000000.0,27000000.0,-56000000.0,-29000000.0,2349000000.0,149500000.0,149500000.0,149500000.0
Eastman Chemical Co,EMN,FDPVHDGJ1IQZFK9KH630,915389,2014.0,Q3,2014-07-01,2014-09-30,2015-11-03 12:09:18+00:00,1.41,1.41,0.35,1.39,86000000.0,212000000.0,212000000.0,0.0,210000000.0,2000000.0,1777000000.0,2413000000.0,,5000000.0,,56000000.0,71000000.0,171000000.0,1777000000.0,636000000.0,45000000.0,,298000000.0,338000000.0,-40000000.0,298000000.0,2413000000.0,148700000.0,148700000.0,148700000.0
Eastman Chemical Co,EMN,FDPVHDGJ1IQZFK9KH630,915389,2014.0,Q3YTD,2014-01-01,2014-09-30,,4.91,4.91,1.05,4.84,281000000.0,740000000.0,738000000.0,2000000.0,735000000.0,5000000.0,5290000000.0,7178000000.0,,16000000.0,,165000000.0,77000000.0,511000000.0,5290000000.0,1888000000.0,132000000.0,,753000000.0,1135000000.0,-116000000.0,1019000000.0,7178000000.0,148700000.0,148700000.0,148700000.0
Eastman Chemical Co,EMN,FDPVHDGJ1IQZFK9KH630,915389,2014.0,Q3TTM,2013-10-01,2014-09-30,,7.27,7.27,1.44,7.27,450000000.0,1089000000.0,1087000000.0,2000000.0,1081000000.0,8000000.0,6761000000.0,9443000000.0,,15000000.0,,210000000.0,129000000.0,646000000.0,6761000000.0,2682000000.0,175000000.0,,985000000.0,1697000000.0,-160000000.0,1537000000.0,9443000000.0,148700000.0,148700000.0,148700000.0
Eastman Chemical Co,EMN,FDPVHDGJ1IQZFK9KH630,915389,2014.0,Q2,2014-04-01,2014-06-30,2015-07-30 15:06:12+00:00,1.96,1.96,0.35,1.93,107000000.0,294000000.0,292000000.0,2000000.0,292000000.0,2000000.0,1803000000.0,2460000000.0,,8000000.0,,56000000.0,-7000000.0,172000000.0,1803000000.0,657000000.0,45000000.0,,221000000.0,436000000.0,-37000000.0,399000000.0,2460000000.0,149500000.0,149500000.0,149500000.0
Eastman Chemical Co,EMN,FDPVHDGJ1IQZFK9KH630,915389,2014.0,Q2YTD,2014-01-01,2014-06-30,,3.5,3.5,0.7,3.45,195000000.0,528000000.0,526000000.0,2000000.0,525000000.0,3000000.0,3513000000.0,4765000000.0,,11000000.0,,109000000.0,6000000.0,340000000.0,3513000000.0,1252000000.0,87000000.0,,455000000.0,797000000.0,-76000000.0,721000000.0,4765000000.0,149500000.0,149500000.0,149500000.0
Eastman Chemical Co,EMN,FDPVHDGJ1IQZFK9KH630,915389,2014.0,Q2TTM,2013-07-01,2014-06-30,,7.89,7.89,1.41,7.89,489000000.0,1186000000.0,1184000000.0,2000000.0,1179000000.0,7000000.0,6633000000.0,9368000000.0,,9000000.0,,202000000.0,61000000.0,634000000.0,6633000000.0,2735000000.0,174000000.0,,897000000.0,1838000000.0,-165000000.0,1673000000.0,9368000000.0,149500000.0,149500000.0,149500000.0
Eastman Chemical Co,EMN,FDPVHDGJ1IQZFK9KH630,915389,2014.0,Q1,2014-01-01,2014-03-31,2014-04-29 16:04:48+00:00,1.54,1.54,0.35,1.52,88000000.0,234000000.0,234000000.0,,233000000.0,1000000.0,1710000000.0,2305000000.0,,3000000.0,,53000000.0,13000000.0,168000000.0,1710000000.0,595000000.0,42000000.0,,234000000.0,361000000.0,-39000000.0,322000000.0,2305000000.0,151400000.0,151400000.0,151400000.0
Eastman Chemical Co,EMN,FDPVHDGJ1IQZFK9KH630,915389,2014.0,Q1TTM,2013-04-01,2014-03-31,,7.6,7.6,1.33,7.6,498000000.0,1158000000.0,1158000000.0,,1151000000.0,7000000.0,6593000000.0,9348000000.0,,1000000.0,,197000000.0,86000000.0,642000000.0,6593000000.0,2755000000.0,175000000.0,,925000000.0,1830000000.0,-174000000.0,1656000000.0,9348000000.0,151400000.0,151400000.0,151400000.0
Eastman Chemical Co,EMN,FDPVHDGJ1IQZFK9KH630,915389,2015.0,FY,2015-01-01,2015-12-31,2018-03-01 11:46:41+00:00,5.71,5.71,1.66,5.66,275000000.0,854000000.0,854000000.0,,848000000.0,6000000.0,7068000000.0,9648000000.0,,8000000.0,,242000000.0,183000000.0,771000000.0,7068000000.0,2580000000.0,263000000.0,,1196000000.0,1384000000.0,-255000000.0,1129000000.0,9648000000.0,148600000.0,148600000.0,148600000.0
Eastman Chemical Co,EMN,FDPVHDGJ1IQZFK9KH630,915389,2015.0,Q4,2015-10-01,2015-12-31,,0.83,0.83,0.46,0.83,-8000000.0,125000000.0,125000000.0,,124000000.0,1000000.0,1716000000.0,2225000000.0,,10000000.0,,70000000.0,53000000.0,214000000.0,1716000000.0,509000000.0,65000000.0,,337000000.0,172000000.0,-55000000.0,117000000.0,2225000000.0,148600000.0,148600000.0,148600000.0
Eastman Chemical Co,EMN,FDPVHDGJ1IQZFK9KH630,915389,2015.0,Q3,2015-07-01,2015-09-30,2016-11-04 11:23:33+00:00,1.73,1.73,0.4,1.71,95000000.0,258000000.0,258000000.0,,256000000.0,2000000.0,1752000000.0,2447000000.0,,-13000000.0,,59000000.0,21000000.0,183000000.0,1752000000.0,695000000.0,66000000.0,,263000000.0,432000000.0,-79000000.0,353000000.0,2447000000.0,148600000.0,148600000.0,148600000.0
Eastman Chemical Co,EMN,FDPVHDGJ1IQZFK9KH630,915389,2015.0,Q3YTD,2015-01-01,2015-09-30,,4.88,4.88,1.2,4.83,283000000.0,729000000.0,729000000.0,,724000000.0,5000000.0,5352000000.0,7423000000.0,,-2000000.0,,172000000.0,130000000.0,557000000.0,5352000000.0,2071000000.0,198000000.0,,859000000.0,1212000000.0,-200000000.0,1012000000.0,7423000000.0,148600000.0,148600000.0,148600000.0
Eastman Chemical Co,EMN,FDPVHDGJ1IQZFK9KH630,915389,2015.0,Q3TTM,2014-10-01,2015-09-30,,5.0,5.0,1.6,4.96,237000000.0,746000000.0,746000000.0,,740000000.0,6000000.0,7368000000.0,9772000000.0,,-3000000.0,,234000000.0,130000000.0,801000000.0,7368000000.0,2404000000.0,253000000.0,,1165000000.0,1239000000.0,-256000000.0,983000000.0,9772000000.0,148600000.0,148600000.0,148600000.0
Eastman Chemical Co,EMN,FDPVHDGJ1IQZFK9KH630,915389,2015.0,Q2,2015-04-01,2015-06-30,2016-08-03 13:48:48+00:00,2.0,2.0,0.4,1.98,104000000.0,299000000.0,299000000.0,,297000000.0,2000000.0,1813000000.0,2533000000.0,,0.0,,57000000.0,0.0,194000000.0,1813000000.0,720000000.0,66000000.0,,251000000.0,469000000.0,-66000000.0,403000000.0,2533000000.0,148600000.0,148600000.0,148600000.0
Eastman Chemical Co,EMN,FDPVHDGJ1IQZFK9KH630,915389,2015.0,Q2YTD,2015-01-01,2015-06-30,,3.15,3.15,0.8,3.12,188000000.0,471000000.0,471000000.0,,468000000.0,3000000.0,3600000000.0,4976000000.0,,11000000.0,,113000000.0,109000000.0,374000000.0,3600000000.0,1376000000.0,132000000.0,,596000000.0,780000000.0,-121000000.0,659000000.0,4976000000.0,148600000.0,148600000.0,148600000.0
Eastman Chemical Co,EMN,FDPVHDGJ1IQZFK9KH630,915389,2015.0,Q2TTM,2014-07-01,2015-06-30,,4.68,4.68,1.55,4.64,228000000.0,700000000.0,700000000.0,,694000000.0,6000000.0,7393000000.0,9738000000.0,,15000000.0,,231000000.0,180000000.0,789000000.0,7393000000.0,2345000000.0,232000000.0,,1200000000.0,1145000000.0,-217000000.0,928000000.0,9738000000.0,148600000.0,148600000.0,148600000.0
Eastman Chemical Co,EMN,FDPVHDGJ1IQZFK9KH630,915389,2015.0,Q1,2015-01-01,2015-03-31,2016-05-05 14:10:47+00:00,1.15,1.15,0.4,1.14,84000000.0,172000000.0,172000000.0,,171000000.0,1000000.0,1787000000.0,2443000000.0,,11000000.0,,56000000.0,109000000.0,180000000.0,1787000000.0,656000000.0,66000000.0,,345000000.0,311000000.0,-55000000.0,256000000.0,2443000000.0,148700000.0,148700000.0,148700000.0
Eastman Chemical Co,EMN,FDPVHDGJ1IQZFK9KH630,915389,2015.0,Q1TTM,2014-04-01,2015-03-31,,4.64,4.64,1.5,4.59,231000000.0,695000000.0,693000000.0,2000000.0,689000000.0,6000000.0,7383000000.0,9665000000.0,,23000000.0,,230000000.0,173000000.0,767000000.0,7383000000.0,2282000000.0,211000000.0,,1170000000.0,1112000000.0,-188000000.0,924000000.0,9665000000.0,148700000.0,148700000.0,148700000.0
Eastman Chemical Co,EMN,FDPVHDGJ1IQZFK9KH630,915389,2016.0,FY,2016-01-01,2016-12-31,2019-02-27 17:08:47+00:00,5.8,5.8,1.89,5.75,190000000.0,859000000.0,859000000.0,,854000000.0,5000000.0,6651000000.0,9008000000.0,,7000000.0,,223000000.0,45000000.0,707000000.0,6651000000.0,2357000000.0,340000000.0,,975000000.0,1382000000.0,-333000000.0,1049000000.0,9008000000.0,147300000.0,147300000.0,147300000.0
Eastman Chemical Co,EMN,FDPVHDGJ1IQZFK9KH630,915389,2016.0,Q4,2016-10-01,2016-12-31,,0.8,0.8,0.51,0.79,-5000000.0,118000000.0,118000000.0,,116000000.0,2000000.0,1691000000.0,2188000000.0,,2000000.0,,60000000.0,17000000.0,169000000.0,1691000000.0,497000000.0,140000000.0,,246000000.0,251000000.0,-138000000.0,113000000.0,2188000000.0,147300000.0,147300000.0,147300000.0
Eastman Chemical Co,EMN,FDPVHDGJ1IQZFK9KH630,915389,2016.0,Q3,2016-07-01,2016-09-30,2017-11-02 08:25:12+00:00,1.57,1.57,0.46,1.56,56000000.0,233000000.0,233000000.0,,232000000.0,1000000.0,1666000000.0,2287000000.0,,-3000000.0,,54000000.0,30000000.0,181000000.0,1666000000.0,621000000.0,64000000.0,,265000000.0,356000000.0,-67000000.0,289000000.0,2287000000.0,147200000.0,147200000.0,147200000.0
Eastman Chemical Co,EMN,FDPVHDGJ1IQZFK9KH630,915389,2016.0,Q3YTD,2016-01-01,2016-09-30,,5.0,5.0,1.38,4.96,195000000.0,741000000.0,741000000.0,,738000000.0,3000000.0,4960000000.0,6820000000.0,,5000000.0,,163000000.0,28000000.0,538000000.0,4960000000.0,1860000000.0,200000000.0,,729000000.0,1131000000.0,-195000000.0,936000000.0,6820000000.0,147200000.0,147200000.0,147200000.0
Eastman Chemical Co,EMN,FDPVHDGJ1IQZFK9KH630,915389,2016.0,Q3TTM,2015-10-01,2016-09-30,,5.83,5.83,1.84,5.79,187000000.0,866000000.0,866000000.0,,862000000.0,4000000.0,6676000000.0,9045000000.0,,15000000.0,,233000000.0,81000000.0,752000000.0,6676000000.0,2369000000.0,265000000.0,,1066000000.0,1303000000.0,-250000000.0,1053000000.0,9045000000.0,147200000.0,147200000.0,147200000.0
Eastman Chemical Co,EMN,FDPVHDGJ1IQZFK9KH630,915389,2016.0,Q2,2016-04-01,2016-06-30,2017-08-04 09:50:49+00:00,1.73,1.73,0.46,1.71,67000000.0,257000000.0,257000000.0,,255000000.0,2000000.0,1692000000.0,2297000000.0,,20000000.0,,55000000.0,0.0,174000000.0,1692000000.0,605000000.0,72000000.0,,229000000.0,376000000.0,-52000000.0,324000000.0,2297000000.0,147800000.0,147800000.0,147800000.0
Eastman Chemical Co,EMN,FDPVHDGJ1IQZFK9KH630,915389,2016.0,Q2YTD,2016-01-01,2016-06-30,,3.43,3.43,0.92,3.4,139000000.0,508000000.0,508000000.0,,506000000.0,2000000.0,3294000000.0,4533000000.0,,8000000.0,,109000000.0,-2000000.0,357000000.0,3294000000.0,1239000000.0,136000000.0,,464000000.0,775000000.0,-128000000.0,647000000.0,4533000000.0,147800000.0,147800000.0,147800000.0
Eastman Chemical Co,EMN,FDPVHDGJ1IQZFK9KH630,915389,2016.0,Q2TTM,2015-07-01,2016-06-30,,5.99,5.99,1.78,5.94,226000000.0,891000000.0,891000000.0,,886000000.0,5000000.0,6762000000.0,9205000000.0,,5000000.0,,238000000.0,72000000.0,754000000.0,6762000000.0,2443000000.0,267000000.0,,1064000000.0,1379000000.0,-262000000.0,1117000000.0,9205000000.0,147800000.0,147800000.0,147800000.0
Eastman Chemical Co,EMN,FDPVHDGJ1IQZFK9KH630,915389,2016.0,Q1,2016-01-01,2016-03-31,2017-05-05 08:39:22+00:00,1.7,1.7,0.46,1.69,72000000.0,251000000.0,251000000.0,,251000000.0,0.0,1602000000.0,2236000000.0,,-12000000.0,,54000000.0,-2000000.0,183000000.0,1602000000.0,634000000.0,64000000.0,,235000000.0,399000000.0,-76000000.0,323000000.0,2236000000.0,147800000.0,147800000.0,147800000.0
Eastman Chemical Co,EMN,FDPVHDGJ1IQZFK9KH630,915389,2016.0,Q1TTM,2015-04-01,2016-03-31,,6.26,6.26,1.72,6.21,263000000.0,933000000.0,933000000.0,,928000000.0,5000000.0,6883000000.0,9441000000.0,,-15000000.0,,240000000.0,72000000.0,774000000.0,6883000000.0,2558000000.0,261000000.0,,1086000000.0,1472000000.0,-276000000.0,1196000000.0,9441000000.0,147800000.0,147800000.0,147800000.0
Eastman Chemical Co,EMN,FDPVHDGJ1IQZFK9KH630,915389,2017.0,FY,2017-01-01,2017-12-31,2020-02-26 16:19:17+00:00,9.56,9.56,2.09,9.47,-99000000.0,1388000000.0,1388000000.0,,1384000000.0,4000000.0,7186000000.0,9549000000.0,,131000000.0,,227000000.0,8000000.0,729000000.0,7186000000.0,2363000000.0,241000000.0,,964000000.0,1399000000.0,-110000000.0,1289000000.0,9549000000.0,144800000.0,144800000.0,144800000.0
Eastman Chemical Co,EMN,FDPVHDGJ1IQZFK9KH630,915389,2017.0,Q4,2017-10-01,2017-12-31,,3.41,3.41,0.56,3.36,-305000000.0,491000000.0,491000000.0,,491000000.0,,1905000000.0,2362000000.0,,38000000.0,,53000000.0,8000000.0,189000000.0,1905000000.0,457000000.0,59000000.0,,250000000.0,207000000.0,-21000000.0,186000000.0,2362000000.0,144800000.0,144800000.0,144800000.0
Eastman Chemical Co,EMN,FDPVHDGJ1IQZFK9KH630,915389,2017.0,Q3,2017-07-01,2017-09-30,2018-10-29 14:25:59+00:00,2.24,2.24,0.51,2.22,79000000.0,324000000.0,324000000.0,,323000000.0,1000000.0,1794000000.0,2465000000.0,,32000000.0,,59000000.0,0.0,180000000.0,1794000000.0,671000000.0,61000000.0,,239000000.0,432000000.0,-29000000.0,403000000.0,2465000000.0,144300000.0,144300000.0,144300000.0
Eastman Chemical Co,EMN,FDPVHDGJ1IQZFK9KH630,915389,2017.0,Q3YTD,2017-01-01,2017-09-30,,6.15,6.15,1.53,6.11,206000000.0,897000000.0,897000000.0,,893000000.0,4000000.0,5281000000.0,7187000000.0,,93000000.0,,174000000.0,,540000000.0,5281000000.0,1906000000.0,182000000.0,,714000000.0,1192000000.0,-89000000.0,1103000000.0,7187000000.0,144300000.0,144300000.0,144300000.0
Eastman Chemical Co,EMN,FDPVHDGJ1IQZFK9KH630,915389,2017.0,Q3TTM,2016-10-01,2017-09-30,,6.95,6.95,2.04,6.9,201000000.0,1015000000.0,1015000000.0,,1009000000.0,6000000.0,6972000000.0,9375000000.0,,95000000.0,,234000000.0,17000000.0,709000000.0,6972000000.0,2403000000.0,322000000.0,,960000000.0,1443000000.0,-227000000.0,1216000000.0,9375000000.0,144300000.0,144300000.0,144300000.0
Eastman Chemical Co,EMN,FDPVHDGJ1IQZFK9KH630,915389,2017.0,Q2,2017-04-01,2017-06-30,2018-08-03 13:32:07+00:00,2.01,2.01,0.51,2.0,65000000.0,294000000.0,294000000.0,,292000000.0,2000000.0,1789000000.0,2419000000.0,,29000000.0,,58000000.0,0.0,181000000.0,1789000000.0,630000000.0,61000000.0,,239000000.0,391000000.0,-32000000.0,359000000.0,2419000000.0,145300000.0,145300000.0,145300000.0
Eastman Chemical Co,EMN,FDPVHDGJ1IQZFK9KH630,915389,2017.0,Q2YTD,2017-01-01,2017-06-30,,3.91,3.91,1.02,3.89,127000000.0,573000000.0,573000000.0,,570000000.0,3000000.0,3487000000.0,4722000000.0,,61000000.0,,115000000.0,,360000000.0,3487000000.0,1235000000.0,121000000.0,,475000000.0,760000000.0,-60000000.0,700000000.0,4722000000.0,145300000.0,145300000.0,145300000.0
Eastman Chemical Co,EMN,FDPVHDGJ1IQZFK9KH630,915389,2017.0,Q2TTM,2016-07-01,2017-06-30,,6.28,6.28,1.99,6.24,178000000.0,924000000.0,924000000.0,,918000000.0,6000000.0,6844000000.0,9197000000.0,,60000000.0,,229000000.0,47000000.0,710000000.0,6844000000.0,2353000000.0,325000000.0,,986000000.0,1367000000.0,-265000000.0,1102000000.0,9197000000.0,145300000.0,145300000.0,145300000.0
Eastman Chemical Co,EMN,FDPVHDGJ1IQZFK9KH630,915389,2017.0,Q1,2017-01-01,2017-03-31,2018-05-07 16:08:53+00:00,1.9,1.9,0.51,1.89,62000000.0,279000000.0,279000000.0,,278000000.0,1000000.0,1698000000.0,2303000000.0,,32000000.0,,57000000.0,0.0,179000000.0,1698000000.0,605000000.0,60000000.0,,236000000.0,369000000.0,-28000000.0,341000000.0,2303000000.0,146200000.0,146200000.0,146200000.0
Eastman Chemical Co,EMN,FDPVHDGJ1IQZFK9KH630,915389,2017.0,Q1TTM,2016-04-01,2017-03-31,,6.0,6.0,1.94,5.95,180000000.0,887000000.0,887000000.0,,881000000.0,6000000.0,6747000000.0,9075000000.0,,51000000.0,,226000000.0,47000000.0,703000000.0,6747000000.0,2328000000.0,336000000.0,,976000000.0,1352000000.0,-285000000.0,1067000000.0,9075000000.0,146200000.0,146200000.0,146200000.0
Eastman Chemical Co,EMN,FDPVHDGJ1IQZFK9KH630,915389,2018.0,FY,2018-01-01,2018-12-31,2020-02-26 16:19:17+00:00,7.65,7.65,2.3,7.56,226000000.0,1084000000.0,1084000000.0,,1080000000.0,4000000.0,7672000000.0,10151000000.0,,74000000.0,,235000000.0,45000000.0,721000000.0,7672000000.0,2479000000.0,242000000.0,,1001000000.0,1478000000.0,-168000000.0,1310000000.0,10151000000.0,141200000.0,141200000.0,141200000.0
Eastman Chemical Co,EMN,FDPVHDGJ1IQZFK9KH630,915389,2018.0,Q4,2018-10-01,2018-12-31,,0.27,0.27,0.62,0.28,36000000.0,35000000.0,35000000.0,,34000000.0,1000000.0,1910000000.0,2376000000.0,,-66000000.0,,59000000.0,39000000.0,167000000.0,1910000000.0,466000000.0,64000000.0,,265000000.0,201000000.0,-130000000.0,71000000.0,2376000000.0,141200000.0,141200000.0,141200000.0
Eastman Chemical Co,EMN,FDPVHDGJ1IQZFK9KH630,915389,2018.0,Q3,2018-07-01,2018-09-30,2019-11-01 14:58:02+00:00,2.93,2.93,0.56,2.89,46000000.0,413000000.0,413000000.0,,412000000.0,1000000.0,1819000000.0,2547000000.0,,24000000.0,,60000000.0,0.0,175000000.0,1819000000.0,728000000.0,58000000.0,,235000000.0,493000000.0,-34000000.0,459000000.0,2547000000.0,140600000.0,140600000.0,140600000.0
Eastman Chemical Co,EMN,FDPVHDGJ1IQZFK9KH630,915389,2018.0,Q3YTD,2018-01-01,2018-09-30,,7.38,7.38,1.68,7.28,190000000.0,1049000000.0,1049000000.0,,1046000000.0,3000000.0,5762000000.0,7775000000.0,,140000000.0,,176000000.0,6000000.0,554000000.0,5762000000.0,2013000000.0,178000000.0,,736000000.0,1277000000.0,-38000000.0,1239000000.0,7775000000.0,140600000.0,140600000.0,140600000.0
Eastman Chemical Co,EMN,FDPVHDGJ1IQZFK9KH630,915389,2018.0,Q3TTM,2017-10-01,2018-09-30,,10.79,10.79,2.24,10.64,-115000000.0,1540000000.0,1540000000.0,,1537000000.0,3000000.0,7667000000.0,10137000000.0,,178000000.0,,229000000.0,14000000.0,743000000.0,7667000000.0,2470000000.0,237000000.0,,986000000.0,1484000000.0,-59000000.0,1425000000.0,10137000000.0,140600000.0,140600000.0,140600000.0
Eastman Chemical Co,EMN,FDPVHDGJ1IQZFK9KH630,915389,2018.0,Q2,2018-04-01,2018-06-30,2019-08-06 15:09:03+00:00,2.42,2.42,0.56,2.39,84000000.0,346000000.0,346000000.0,,344000000.0,2000000.0,1917000000.0,2621000000.0,,40000000.0,,60000000.0,4000000.0,189000000.0,1917000000.0,704000000.0,61000000.0,,253000000.0,451000000.0,-21000000.0,430000000.0,2621000000.0,141900000.0,141900000.0,141900000.0
Eastman Chemical Co,EMN,FDPVHDGJ1IQZFK9KH630,915389,2018.0,Q2YTD,2018-01-01,2018-06-30,,4.45,4.45,1.12,4.39,144000000.0,636000000.0,636000000.0,,634000000.0,2000000.0,3943000000.0,5228000000.0,,116000000.0,,116000000.0,6000000.0,379000000.0,3943000000.0,1285000000.0,120000000.0,,501000000.0,784000000.0,-4000000.0,780000000.0,5228000000.0,141900000.0,141900000.0,141900000.0
Eastman Chemical Co,EMN,FDPVHDGJ1IQZFK9KH630,915389,2018.0,Q2TTM,2017-07-01,2018-06-30,,10.1,10.1,2.19,9.97,-82000000.0,1451000000.0,1451000000.0,,1448000000.0,3000000.0,7642000000.0,10055000000.0,,186000000.0,,228000000.0,14000000.0,748000000.0,7642000000.0,2413000000.0,240000000.0,,990000000.0,1423000000.0,-54000000.0,1369000000.0,10055000000.0,141900000.0,141900000.0,141900000.0
Eastman Chemical Co,EMN,FDPVHDGJ1IQZFK9KH630,915389,2018.0,Q1,2018-01-01,2018-03-31,2019-05-03 08:49:56+00:00,2.03,2.03,0.56,2.0,60000000.0,290000000.0,290000000.0,,290000000.0,0.0,2026000000.0,2607000000.0,,76000000.0,,56000000.0,2000000.0,190000000.0,2026000000.0,581000000.0,59000000.0,,248000000.0,333000000.0,17000000.0,350000000.0,2607000000.0,142800000.0,142800000.0,142800000.0
Eastman Chemical Co,EMN,FDPVHDGJ1IQZFK9KH630,915389,2018.0,Q1TTM,2017-04-01,2018-03-31,,9.69,9.69,2.14,9.58,-101000000.0,1399000000.0,1399000000.0,,1396000000.0,3000000.0,7514000000.0,9853000000.0,,175000000.0,,226000000.0,10000000.0,740000000.0,7514000000.0,2339000000.0,240000000.0,,976000000.0,1363000000.0,-65000000.0,1298000000.0,9853000000.0,142800000.0,142800000.0,142800000.0
Eastman Chemical Co,EMN,FDPVHDGJ1IQZFK9KH630,915389,2019.0,Q4,2019-10-01,2019-12-31,,0.2,0.2,0.66,0.21,-18000000.0,27000000.0,27000000.0,,26000000.0,1000000.0,1708000000.0,2205000000.0,,-125000000.0,,60000000.0,74000000.0,176000000.0,1708000000.0,497000000.0,53000000.0,,310000000.0,187000000.0,-178000000.0,9000000.0,2205000000.0,137400000.0,137400000.0,137400000.0
Eastman Chemical Co,EMN,FDPVHDGJ1IQZFK9KH630,915389,2019.0,FY,2019-01-01,2019-12-31,2020-02-26 16:19:17+00:00,5.52,5.52,2.52,5.48,140000000.0,762000000.0,762000000.0,,759000000.0,3000000.0,7039000000.0,9273000000.0,,-63000000.0,,234000000.0,126000000.0,691000000.0,7039000000.0,2234000000.0,218000000.0,,1051000000.0,1183000000.0,-281000000.0,902000000.0,9273000000.0,137400000.0,137400000.0,137400000.0
Eastman Chemical Co,EMN,FDPVHDGJ1IQZFK9KH630,915389,2019.0,Q3YTD,2019-01-01,2019-09-30,,5.32,5.32,1.86,5.27,158000000.0,735000000.0,735000000.0,,733000000.0,2000000.0,5331000000.0,7068000000.0,,62000000.0,,174000000.0,52000000.0,515000000.0,5331000000.0,1737000000.0,165000000.0,,741000000.0,996000000.0,-103000000.0,893000000.0,7068000000.0,136800000.0,136800000.0,136800000.0
Eastman Chemical Co,EMN,FDPVHDGJ1IQZFK9KH630,915389,2019.0,Q3TTM,2018-10-01,2019-09-30,,5.59,5.59,2.48,5.55,194000000.0,770000000.0,770000000.0,,767000000.0,3000000.0,7241000000.0,9444000000.0,,-4000000.0,,233000000.0,91000000.0,682000000.0,7241000000.0,2203000000.0,229000000.0,,1006000000.0,1197000000.0,-233000000.0,964000000.0,9444000000.0,136800000.0,136800000.0,136800000.0
Eastman Chemical Co,EMN,FDPVHDGJ1IQZFK9KH630,915389,2019.0,Q3,2019-07-01,2019-09-30,2019-11-01 14:58:02+00:00,1.95,1.95,0.62,1.93,46000000.0,267000000.0,267000000.0,,266000000.0,1000000.0,1751000000.0,2325000000.0,,17000000.0,,59000000.0,2000000.0,163000000.0,1751000000.0,574000000.0,54000000.0,,224000000.0,350000000.0,-37000000.0,313000000.0,2325000000.0,136800000.0,136800000.0,136800000.0
Eastman Chemical Co,EMN,FDPVHDGJ1IQZFK9KH630,915389,2019.0,Q2YTD,2019-01-01,2019-06-30,,3.37,3.37,1.24,3.34,112000000.0,468000000.0,468000000.0,,467000000.0,1000000.0,3580000000.0,4743000000.0,,45000000.0,,115000000.0,50000000.0,352000000.0,3580000000.0,1163000000.0,111000000.0,,517000000.0,646000000.0,-66000000.0,580000000.0,4743000000.0,137800000.0,137800000.0,137800000.0
Eastman Chemical Co,EMN,FDPVHDGJ1IQZFK9KH630,915389,2019.0,Q2TTM,2018-07-01,2019-06-30,,6.57,6.57,2.42,6.51,194000000.0,916000000.0,916000000.0,,913000000.0,3000000.0,7309000000.0,9666000000.0,,3000000.0,,234000000.0,89000000.0,694000000.0,7309000000.0,2357000000.0,233000000.0,,1017000000.0,1340000000.0,-230000000.0,1110000000.0,9666000000.0,137800000.0,137800000.0,137800000.0
Eastman Chemical Co,EMN,FDPVHDGJ1IQZFK9KH630,915389,2019.0,Q2,2019-04-01,2019-06-30,2019-08-06 15:09:03+00:00,1.87,1.87,0.62,1.85,57000000.0,259000000.0,259000000.0,,258000000.0,1000000.0,1774000000.0,2363000000.0,,22000000.0,,57000000.0,18000000.0,165000000.0,1774000000.0,589000000.0,55000000.0,,240000000.0,349000000.0,-33000000.0,316000000.0,2363000000.0,137800000.0,137800000.0,137800000.0
Eastman Chemical Co,EMN,FDPVHDGJ1IQZFK9KH630,915389,2019.0,Q1,2019-01-01,2019-03-31,2020-05-11 11:30:03+00:00,1.5,1.5,0.62,1.49,55000000.0,209000000.0,209000000.0,,209000000.0,0.0,1806000000.0,2380000000.0,,23000000.0,,58000000.0,32000000.0,187000000.0,1806000000.0,574000000.0,56000000.0,,277000000.0,297000000.0,-33000000.0,264000000.0,2380000000.0,139000000.0,139000000.0,139000000.0
Eastman Chemical Co,EMN,FDPVHDGJ1IQZFK9KH630,915389,2019.0,Q1TTM,2018-04-01,2019-03-31,,7.12,7.12,2.36,7.05,221000000.0,1003000000.0,1003000000.0,,999000000.0,4000000.0,7452000000.0,9924000000.0,,21000000.0,,237000000.0,75000000.0,718000000.0,7452000000.0,2472000000.0,239000000.0,,1030000000.0,1442000000.0,-218000000.0,1224000000.0,9924000000.0,139000000.0,139000000.0,139000000.0
Eastman Chemical Co,EMN,FDPVHDGJ1IQZFK9KH630,915389,2020.0,Q1TTM,2019-04-01,2020-03-31,,5.92,5.92,2.56,5.88,141000000.0,813000000.0,813000000.0,,808000000.0,5000000.0,6897000000.0,9134000000.0,,-60000000.0,,237000000.0,108000000.0,664000000.0,6897000000.0,2237000000.0,214000000.0,,1009000000.0,1228000000.0,-274000000.0,954000000.0,9134000000.0,136000000.0,136000000.0,136000000.0
Eastman Chemical Co,EMN,FDPVHDGJ1IQZFK9KH630,915389,2020.0,Q1,2020-01-01,2020-03-31,2020-05-11 11:30:03+00:00,1.9,1.9,0.66,1.89,56000000.0,260000000.0,260000000.0,,258000000.0,2000000.0,1664000000.0,2241000000.0,,26000000.0,,61000000.0,14000000.0,160000000.0,1664000000.0,577000000.0,52000000.0,,235000000.0,342000000.0,-26000000.0,316000000.0,2241000000.0,136000000.0,136000000.0,136000000.0
