company_name,company_ticker,company_lei,company_cik,year,quarter,start_date,end_date,filing_date,amortizationexpense,basicdilutedeps,basiceps,cashdividendspershare,depreciationexpense,dilutedeps,explorationexpense,extraordinaryincome,impairmentexpense,incometaxexpense,marketingexpense,netincome,netincomecontinuing,netincomediscontinued,netincometocommon,netincometononcontrollinginterest,operatingcostofrevenue,operatingrevenue,othercostofrevenue,othergains,otherincome,otheroperatingexpenses,otherrevenue,otherspecialcharges,preferreddividends,rdexpense,restructuringcharge,sgaexpense,totalcostofrevenue,totalgrossprofit,totalinterestexpense,totalinterestincome,totaloperatingexpenses,totaloperatingincome,totalotherincome,totalpretaxincome,totalrevenue,weightedavebasicdilutedsharesos,weightedavebasicsharesos,weightedavedilutedsharesos
Waters Corp,WAT,5T547R1474YC9HOD8Q74,1000697,2007.0,FY,2007-01-01,2007-12-31,2010-02-26 09:24:41+00:00,8695000.0,2.67,2.67,,,2.62,,,,55120000.0,,0.0,0.0,,,,631122000.0,1473048000.0,,-268072000.0,,,,0.0,,80649000.0,,403703000.0,631122000.0,841926000.0,56515000.0,30828000.0,493047000.0,348879000.0,-25687000.0,323192000.0,1473048000.0,,100500000.0,102505000.0
Waters Corp,WAT,5T547R1474YC9HOD8Q74,1000697,2008.0,FY,2008-01-01,2008-12-31,2011-02-25 11:40:31+00:00,9290000.0,,,,,,,,,49713000.0,,322479000.0,322479000.0,,322479000.0,,661266000.0,1575124000.0,,,,,,6527000.0,,81588000.0,,426699000.0,661266000.0,913858000.0,38521000.0,20959000.0,524104000.0,389754000.0,-17562000.0,372192000.0,1575124000.0,,99199000.0,100555000.0
Waters Corp,WAT,5T547R1474YC9HOD8Q74,1000697,2008.0,Q3,2008-06-29,2008-09-27,2009-11-06 09:53:02+00:00,2349000.0,0.72,0.72,0.0,0.0,0.71,0.0,0.0,0.0,21987000.0,0.0,0.0,0.0,0.0,,0.0,158520000.0,386310000.0,0.0,-71503000.0,0.0,0.0,0.0,0.0,0.0,19946000.0,0.0,107463000.0,158520000.0,227790000.0,10570000.0,6028000.0,129758000.0,98032000.0,-4542000.0,93490000.0,386310000.0,0.0,98891000.0,100566000.0
Waters Corp,WAT,5T547R1474YC9HOD8Q74,1000697,2008.0,Q2,2008-03-30,2008-06-28,2009-08-07 08:02:27+00:00,2352000.0,0.83,0.83,0.0,0.0,0.82,0.0,0.0,0.0,-979000.0,0.0,0.0,0.0,0.0,,0.0,175232000.0,398771000.0,0.0,-83148000.0,0.0,0.0,0.0,0.0,0.0,22228000.0,0.0,111935000.0,175232000.0,223539000.0,9807000.0,4952000.0,136515000.0,87024000.0,-4855000.0,82169000.0,398771000.0,0.0,99586000.0,101035000.0
Waters Corp,WAT,5T547R1474YC9HOD8Q74,1000697,2009.0,FY,2009-01-01,2009-12-31,2012-02-24 10:34:16+00:00,10659000.0,,,,,,,,,63339000.0,,323313000.0,323313000.0,,323313000.0,,594882000.0,1498700000.0,,,,,,0.0,,77154000.0,,421403000.0,594882000.0,903818000.0,10986000.0,3036000.0,509216000.0,394602000.0,-7950000.0,386652000.0,1498700000.0,,95797000.0,96862000.0
Waters Corp,WAT,5T547R1474YC9HOD8Q74,1000697,2009.0,Q4,2009-10-04,2009-12-31,,5320000.0,-0.75,-0.75,,,-0.75,,,,35320000.0,,138061000.0,138061000.0,,138061000.0,,314285000.0,682369000.0,,73347000.0,,,,,,39512000.0,,219569000.0,314285000.0,368084000.0,4992000.0,1343000.0,264401000.0,103683000.0,-3649000.0,100034000.0,682369000.0,,95797000.0,96862000.0
Waters Corp,WAT,5T547R1474YC9HOD8Q74,1000697,2009.0,Q3,2009-07-05,2009-10-03,2010-11-05 08:00:45+00:00,2723000.0,,,,,,,,,18097000.0,,75936000.0,75936000.0,,75936000.0,,153143000.0,373963000.0,,,,,,,,19310000.0,,102675000.0,153143000.0,220820000.0,2864000.0,785000.0,124708000.0,96112000.0,-2079000.0,94033000.0,373963000.0,,95235000.0,96513000.0
Waters Corp,WAT,5T547R1474YC9HOD8Q74,1000697,2009.0,Q3YTD,2009-01-01,2009-10-03,,5339000.0,0.75,0.75,,,0.75,,,,28019000.0,,185252000.0,185252000.0,,185252000.0,,280597000.0,816331000.0,,-73347000.0,,,,,,37642000.0,,201834000.0,280597000.0,535734000.0,5994000.0,1693000.0,244815000.0,290919000.0,-4301000.0,286618000.0,816331000.0,,95235000.0,96513000.0
Waters Corp,WAT,5T547R1474YC9HOD8Q74,1000697,2009.0,Q2,2009-04-05,2009-07-04,2010-08-06 08:01:02+00:00,,,,,,,,,,,,109316000.0,109316000.0,,109316000.0,,,109316000.0,,,,,,,,,,,,109316000.0,,,,109316000.0,,109316000.0,109316000.0,,,
Waters Corp,WAT,5T547R1474YC9HOD8Q74,1000697,2009.0,Q2YTD,2009-01-01,2009-07-04,,2616000.0,0.75,0.75,,,0.75,,,,9922000.0,,109316000.0,109316000.0,,109316000.0,,127454000.0,442368000.0,,-73347000.0,,,,,,18332000.0,,99159000.0,127454000.0,314914000.0,3130000.0,908000.0,120107000.0,194807000.0,-2222000.0,192585000.0,442368000.0,,,
Waters Corp,WAT,5T547R1474YC9HOD8Q74,1000697,2009.0,Q1,2009-01-01,2009-04-04,2010-05-07 08:01:38+00:00,2616000.0,0.75,0.75,0.0,0.0,0.75,0.0,0.0,0.0,9922000.0,0.0,0.0,0.0,0.0,,0.0,127454000.0,333052000.0,0.0,-73347000.0,0.0,0.0,0.0,0.0,0.0,18332000.0,0.0,99159000.0,127454000.0,205598000.0,3130000.0,908000.0,120107000.0,85491000.0,-2222000.0,83269000.0,333052000.0,0.0,97304000.0,97927000.0
Waters Corp,WAT,5T547R1474YC9HOD8Q74,1000697,2010.0,FY,2010-01-01,2010-12-31,2013-02-26 15:57:25+00:00,10406000.0,,,,,,,,,56100000.0,,381763000.0,381763000.0,,381763000.0,,653303000.0,1643371000.0,,,,,,0.0,,84274000.0,,445456000.0,653303000.0,990068000.0,13924000.0,1855000.0,540136000.0,449932000.0,-12069000.0,437863000.0,1643371000.0,,92385000.0,94057000.0
Waters Corp,WAT,5T547R1474YC9HOD8Q74,1000697,2010.0,Q4,2010-10-03,2010-12-31,,2764000.0,,,,,,,,,18255000.0,,126604000.0,126604000.0,,126604000.0,,189253000.0,483578000.0,,,,,,,,22867000.0,,120518000.0,189253000.0,294325000.0,3879000.0,562000.0,146149000.0,148176000.0,-3317000.0,144859000.0,483578000.0,,92385000.0,94057000.0
Waters Corp,WAT,5T547R1474YC9HOD8Q74,1000697,2010.0,Q3,2010-07-04,2010-10-02,2011-11-04 13:07:35+00:00,2408000.0,,,,,,,,,5802000.0,,94719000.0,94719000.0,,94719000.0,,162985000.0,401038000.0,,,,,,,,20524000.0,,111306000.0,162985000.0,238053000.0,3810000.0,516000.0,134238000.0,103815000.0,-3294000.0,100521000.0,401038000.0,,91714000.0,93286000.0
Waters Corp,WAT,5T547R1474YC9HOD8Q74,1000697,2010.0,Q3YTD,2010-01-01,2010-10-02,,7642000.0,,,,,,,,,37845000.0,,255159000.0,255159000.0,,255159000.0,,464050000.0,1159793000.0,,,,,,,,61407000.0,,324938000.0,464050000.0,695743000.0,10045000.0,1293000.0,393987000.0,301756000.0,-8752000.0,293004000.0,1159793000.0,,91714000.0,93286000.0
Waters Corp,WAT,5T547R1474YC9HOD8Q74,1000697,2010.0,Q3TTM,2009-10-04,2010-10-02,,12962000.0,-0.75,-0.75,,,-0.75,,,,73165000.0,,393220000.0,393220000.0,,393220000.0,,778335000.0,1842162000.0,,73347000.0,,,,,,100919000.0,,544507000.0,778335000.0,1063827000.0,15037000.0,2636000.0,658388000.0,405439000.0,-12401000.0,393038000.0,1842162000.0,,91714000.0,93286000.0
Waters Corp,WAT,5T547R1474YC9HOD8Q74,1000697,2010.0,Q2,2010-04-04,2010-07-03,2011-08-05 10:48:20+00:00,2592000.0,,,,,,,,,17489000.0,,84922000.0,84922000.0,,84922000.0,,155133000.0,391055000.0,,,,,,,,20807000.0,,106939000.0,155133000.0,235922000.0,3621000.0,448000.0,130338000.0,105584000.0,-3173000.0,102411000.0,391055000.0,,92612000.0,94278000.0
Waters Corp,WAT,5T547R1474YC9HOD8Q74,1000697,2010.0,Q2YTD,2010-01-01,2010-07-03,,5234000.0,,,,,,,,,32043000.0,,160440000.0,160440000.0,,160440000.0,,301065000.0,758755000.0,,,,,,,,40883000.0,,213632000.0,301065000.0,457690000.0,6235000.0,777000.0,259749000.0,197941000.0,-5458000.0,192483000.0,758755000.0,,92612000.0,94278000.0
Waters Corp,WAT,5T547R1474YC9HOD8Q74,1000697,2010.0,Q2TTM,2009-07-05,2010-07-03,,13277000.0,-0.75,-0.75,,,-0.75,,,,85460000.0,,374437000.0,374437000.0,,374437000.0,,768493000.0,1815087000.0,,73347000.0,,,,,,99705000.0,,535876000.0,768493000.0,1046594000.0,14091000.0,2905000.0,648858000.0,397736000.0,-11186000.0,386550000.0,1815087000.0,,92612000.0,94278000.0
Waters Corp,WAT,5T547R1474YC9HOD8Q74,1000697,2010.0,Q1,2010-01-01,2010-04-03,2011-05-06 08:00:50+00:00,2642000.0,,,,,,,,,14554000.0,,75518000.0,75518000.0,,75518000.0,,145932000.0,367700000.0,,,,,,,,20076000.0,,106693000.0,145932000.0,221768000.0,2614000.0,329000.0,129411000.0,92357000.0,-2285000.0,90072000.0,367700000.0,,93629000.0,95223000.0
Waters Corp,WAT,5T547R1474YC9HOD8Q74,1000697,2010.0,Q1TTM,2009-04-05,2010-04-03,,10685000.0,-0.75,-0.75,,,-0.75,,,,67971000.0,,398831000.0,398831000.0,,398831000.0,,613360000.0,1533348000.0,,73347000.0,,,,,,78898000.0,,428937000.0,613360000.0,919988000.0,10470000.0,2457000.0,518520000.0,401468000.0,-8013000.0,393455000.0,1533348000.0,,93629000.0,95223000.0
Waters Corp,WAT,5T547R1474YC9HOD8Q74,1000697,2011.0,FY,2011-01-01,2011-12-31,2014-02-27 14:41:08+00:00,9733000.0,,,,,,,,,76284000.0,,432968000.0,432968000.0,,432968000.0,,730493000.0,1851184000.0,,,,,,0.0,,92347000.0,,490011000.0,730493000.0,1120691000.0,21971000.0,2623000.0,592091000.0,528600000.0,-19348000.0,509252000.0,1851184000.0,,90833000.0,92325000.0
Waters Corp,WAT,5T547R1474YC9HOD8Q74,1000697,2011.0,Q4,2011-10-02,2011-12-31,,2359000.0,,,,,,,,,21534000.0,,137147000.0,137147000.0,,137147000.0,,204243000.0,521420000.0,,,,,,,,23707000.0,,126237000.0,204243000.0,317177000.0,6677000.0,484000.0,152303000.0,164874000.0,-6193000.0,158681000.0,521420000.0,,90833000.0,92325000.0
Waters Corp,WAT,5T547R1474YC9HOD8Q74,1000697,2011.0,Q3,2011-07-03,2011-10-01,2012-11-02 09:17:13+00:00,2369000.0,,,,,,,,,20461000.0,,101257000.0,101257000.0,,101257000.0,,180318000.0,454534000.0,,,,,,0.0,,23372000.0,,121211000.0,180318000.0,274216000.0,6159000.0,613000.0,146952000.0,127264000.0,-5546000.0,121718000.0,454534000.0,,90688000.0,92060000.0
Waters Corp,WAT,5T547R1474YC9HOD8Q74,1000697,2011.0,Q3YTD,2011-01-01,2011-10-01,,7374000.0,,,,,,,,,54750000.0,,295821000.0,295821000.0,,295821000.0,,526250000.0,1329764000.0,,,,,,,,68640000.0,,363774000.0,526250000.0,803514000.0,15294000.0,2139000.0,439788000.0,363726000.0,-13155000.0,350571000.0,1329764000.0,,90688000.0,92060000.0
Waters Corp,WAT,5T547R1474YC9HOD8Q74,1000697,2011.0,Q3TTM,2010-10-03,2011-10-01,,10138000.0,,,,,,,,,73005000.0,,422425000.0,422425000.0,,422425000.0,,715503000.0,1813342000.0,,,,,,,,91507000.0,,484292000.0,715503000.0,1097839000.0,19173000.0,2701000.0,585937000.0,511902000.0,-16472000.0,495430000.0,1813342000.0,,90688000.0,92060000.0
Waters Corp,WAT,5T547R1474YC9HOD8Q74,1000697,2011.0,Q2,2011-04-03,2011-07-02,2012-08-03 07:32:43+00:00,2504000.0,,,,,,,,,16253000.0,,100075000.0,100075000.0,,100075000.0,,176103000.0,447627000.0,,,,,,0.0,,23014000.0,,125439000.0,176103000.0,271524000.0,5052000.0,813000.0,150957000.0,120567000.0,-4239000.0,116328000.0,447627000.0,,91662000.0,93271000.0
Waters Corp,WAT,5T547R1474YC9HOD8Q74,1000697,2011.0,Q2YTD,2011-01-01,2011-07-02,,5005000.0,,,,,,,,,34289000.0,,194564000.0,194564000.0,,194564000.0,,345932000.0,875230000.0,,,,,,,,45268000.0,,242563000.0,345932000.0,529298000.0,9135000.0,1526000.0,292836000.0,236462000.0,-7609000.0,228853000.0,875230000.0,,91662000.0,93271000.0
Waters Corp,WAT,5T547R1474YC9HOD8Q74,1000697,2011.0,Q2TTM,2010-07-04,2011-07-02,,10177000.0,,,,,,,,,58346000.0,,415887000.0,415887000.0,,415887000.0,,698170000.0,1759846000.0,,,,,,,,88659000.0,,474387000.0,698170000.0,1061676000.0,16824000.0,2604000.0,573223000.0,488453000.0,-14220000.0,474233000.0,1759846000.0,,91662000.0,93271000.0
Waters Corp,WAT,5T547R1474YC9HOD8Q74,1000697,2011.0,Q1,2011-01-01,2011-04-02,2012-05-04 08:01:02+00:00,2501000.0,,,,,,,,,18036000.0,,94489000.0,94489000.0,,94489000.0,,169829000.0,427603000.0,,,,,,,,22254000.0,,117124000.0,169829000.0,257774000.0,4083000.0,713000.0,141879000.0,115895000.0,-3370000.0,112525000.0,427603000.0,,91649000.0,93313000.0
Waters Corp,WAT,5T547R1474YC9HOD8Q74,1000697,2011.0,Q1TTM,2010-04-04,2011-04-02,,10265000.0,,,,,,,,,59582000.0,,400734000.0,400734000.0,,400734000.0,,677200000.0,1703274000.0,,,,,,,,86452000.0,,455887000.0,677200000.0,1026074000.0,15393000.0,2239000.0,552604000.0,473470000.0,-13154000.0,460316000.0,1703274000.0,,91649000.0,93313000.0
Waters Corp,WAT,5T547R1474YC9HOD8Q74,1000697,2012.0,FY,2012-01-01,2012-12-31,2015-02-27 10:39:30+00:00,13829000.0,,,,,,,,,26182000.0,,461443000.0,461443000.0,,461443000.0,,737614000.0,1843641000.0,,,,,,7434000.0,,96004000.0,,477270000.0,737614000.0,1106027000.0,28073000.0,4208000.0,594537000.0,511490000.0,-23865000.0,487625000.0,1843641000.0,,87841000.0,88979000.0
Waters Corp,WAT,5T547R1474YC9HOD8Q74,1000697,2012.0,Q4,2012-09-30,2012-12-31,,2459000.0,,,,,,,,,-22912000.0,,175944000.0,175944000.0,,175944000.0,,208363000.0,521766000.0,,,,,,4434000.0,,24958000.0,,122147000.0,208363000.0,313403000.0,7597000.0,1224000.0,153998000.0,159405000.0,-6373000.0,153032000.0,521766000.0,,87841000.0,88979000.0
Waters Corp,WAT,5T547R1474YC9HOD8Q74,1000697,2012.0,Q3,2012-07-01,2012-09-29,2013-11-01 10:50:28+00:00,6427000.0,,,,,,,,,16713000.0,,99109000.0,99109000.0,,99109000.0,,182702000.0,449952000.0,,,,,,0.0,,23756000.0,,115322000.0,182702000.0,267250000.0,7107000.0,1184000.0,145505000.0,121745000.0,-5923000.0,115822000.0,449952000.0,,87411000.0,88451000.0
Waters Corp,WAT,5T547R1474YC9HOD8Q74,1000697,2012.0,Q3YTD,2012-01-01,2012-09-29,,11370000.0,,,,,,,,,49094000.0,,285499000.0,285499000.0,,285499000.0,,529251000.0,1321875000.0,,,,,,3000000.0,,71046000.0,,355123000.0,529251000.0,792624000.0,20476000.0,2984000.0,440539000.0,352085000.0,-17492000.0,334593000.0,1321875000.0,,87411000.0,88451000.0
Waters Corp,WAT,5T547R1474YC9HOD8Q74,1000697,2012.0,Q3TTM,2011-10-02,2012-09-29,,13729000.0,,,,,,,,,70628000.0,,422646000.0,422646000.0,,422646000.0,,733494000.0,1843295000.0,,,,,,3000000.0,,94753000.0,,481360000.0,733494000.0,1109801000.0,27153000.0,3468000.0,592842000.0,516959000.0,-23685000.0,493274000.0,1843295000.0,,87411000.0,88451000.0
Waters Corp,WAT,5T547R1474YC9HOD8Q74,1000697,2012.0,Q2,2012-04-01,2012-06-30,2013-08-01 15:22:20+00:00,2458000.0,,,,,,,,,16552000.0,,97724000.0,97724000.0,,97724000.0,,179259000.0,451465000.0,,,,,,3000000.0,,23943000.0,,122682000.0,179259000.0,272206000.0,6878000.0,1031000.0,152083000.0,120123000.0,-5847000.0,114276000.0,451465000.0,,88317000.0,89381000.0
Waters Corp,WAT,5T547R1474YC9HOD8Q74,1000697,2012.0,Q2YTD,2012-01-01,2012-06-30,,4943000.0,,,,,,,,,32381000.0,,186390000.0,186390000.0,,186390000.0,,346549000.0,871923000.0,,,,,,3000000.0,,47290000.0,,239801000.0,346549000.0,525374000.0,13369000.0,1800000.0,295034000.0,230340000.0,-11569000.0,218771000.0,871923000.0,,88317000.0,89381000.0
Waters Corp,WAT,5T547R1474YC9HOD8Q74,1000697,2012.0,Q2TTM,2011-07-03,2012-06-30,,9671000.0,,,,,,,,,74376000.0,,424794000.0,424794000.0,,424794000.0,,731110000.0,1847877000.0,,,,,,3000000.0,,94369000.0,,487249000.0,731110000.0,1116767000.0,26205000.0,2897000.0,594289000.0,522478000.0,-23308000.0,499170000.0,1847877000.0,,88317000.0,89381000.0
Waters Corp,WAT,5T547R1474YC9HOD8Q74,1000697,2012.0,Q1,2012-01-01,2012-03-31,2013-05-03 10:00:50+00:00,2485000.0,,,,,,,,,15829000.0,,88666000.0,88666000.0,,88666000.0,,167290000.0,420458000.0,,,,,,0.0,,23347000.0,,117119000.0,167290000.0,253168000.0,6491000.0,769000.0,142951000.0,110217000.0,-5722000.0,104495000.0,420458000.0,,88992000.0,90269000.0
Waters Corp,WAT,5T547R1474YC9HOD8Q74,1000697,2012.0,Q1TTM,2011-04-03,2012-03-31,,9717000.0,,,,,,,,,74077000.0,,427145000.0,427145000.0,,427145000.0,,727954000.0,1844039000.0,,,,,,,,93440000.0,,490006000.0,727954000.0,1116085000.0,24379000.0,2679000.0,593163000.0,522922000.0,-21700000.0,501222000.0,1844039000.0,,88992000.0,90269000.0
Waters Corp,WAT,5T547R1474YC9HOD8Q74,1000697,2013.0,FY,2013-01-01,2013-12-31,2016-02-26 11:41:30+00:00,9918000.0,5.27,5.27,,,5.2,,,,40102000.0,,450003000.0,450003000.0,,450003000.0,,783456000.0,1904218000.0,,,,,,0.0,,100536000.0,,492965000.0,783456000.0,1120762000.0,30050000.0,2812000.0,603419000.0,517343000.0,-27238000.0,490105000.0,1904218000.0,85400000.0,85426000.0,86546000.0
Waters Corp,WAT,5T547R1474YC9HOD8Q74,1000697,2013.0,Q4,2013-09-29,2013-12-31,,2625000.0,5.27,5.27,,,5.2,,,,27743000.0,,141582000.0,141582000.0,,141582000.0,,228991000.0,565448000.0,,,,,,,,26975000.0,,130680000.0,228991000.0,336457000.0,7927000.0,1075000.0,160280000.0,176177000.0,-6852000.0,169325000.0,565448000.0,85400000.0,85426000.0,86546000.0
Waters Corp,WAT,5T547R1474YC9HOD8Q74,1000697,2013.0,Q3,2013-06-30,2013-09-28,2014-10-31 08:01:23+00:00,2518000.0,,,,,,,,,14609000.0,,98048000.0,98048000.0,,98048000.0,,191568000.0,457317000.0,,,,,,0.0,,23599000.0,,120563000.0,191568000.0,265749000.0,7358000.0,946000.0,146680000.0,119069000.0,-6412000.0,112657000.0,457317000.0,,85185000.0,86364000.0
Waters Corp,WAT,5T547R1474YC9HOD8Q74,1000697,2013.0,Q3YTD,2013-01-01,2013-09-28,,7293000.0,,,,,,,,,12359000.0,,308421000.0,308421000.0,,308421000.0,,554465000.0,1338770000.0,,,,,,,,73561000.0,,362285000.0,554465000.0,784305000.0,22123000.0,1737000.0,443139000.0,341166000.0,-20386000.0,320780000.0,1338770000.0,,85185000.0,86364000.0
Waters Corp,WAT,5T547R1474YC9HOD8Q74,1000697,2013.0,Q3TTM,2012-09-30,2013-09-28,,9752000.0,,,,,,,,,-10553000.0,,484365000.0,484365000.0,,484365000.0,,762828000.0,1860536000.0,,,,,,4434000.0,,98519000.0,,484432000.0,762828000.0,1097708000.0,29720000.0,2961000.0,597137000.0,500571000.0,-26759000.0,473812000.0,1860536000.0,,85185000.0,86364000.0
Waters Corp,WAT,5T547R1474YC9HOD8Q74,1000697,2013.0,Q2,2013-03-31,2013-06-29,2014-08-01 08:01:21+00:00,2382000.0,,,,,,,,,15402000.0,,89314000.0,89314000.0,,89314000.0,,188329000.0,451115000.0,,,,,,0.0,,24650000.0,,123062000.0,188329000.0,262786000.0,7580000.0,-396000.0,150094000.0,112692000.0,-7976000.0,104716000.0,451115000.0,,85482000.0,86576000.0
Waters Corp,WAT,5T547R1474YC9HOD8Q74,1000697,2013.0,Q2YTD,2013-01-01,2013-06-29,,4775000.0,,,,,,,,,-2250000.0,,210373000.0,210373000.0,,210373000.0,,362897000.0,881453000.0,,,,,,,,49962000.0,,241722000.0,362897000.0,518556000.0,14765000.0,791000.0,296459000.0,222097000.0,-13974000.0,208123000.0,881453000.0,,85482000.0,86576000.0
Waters Corp,WAT,5T547R1474YC9HOD8Q74,1000697,2013.0,Q2TTM,2012-07-01,2013-06-29,,13661000.0,,,,,,,,,-8449000.0,,485426000.0,485426000.0,,485426000.0,,753962000.0,1853171000.0,,,,,,4434000.0,,98676000.0,,479191000.0,753962000.0,1099209000.0,29469000.0,3199000.0,595962000.0,503247000.0,-26270000.0,476977000.0,1853171000.0,,85482000.0,86576000.0
Waters Corp,WAT,5T547R1474YC9HOD8Q74,1000697,2013.0,Q1,2013-01-01,2013-03-30,2014-05-02 08:01:28+00:00,2393000.0,,,,,,,,,-17652000.0,,121059000.0,121059000.0,,121059000.0,,174568000.0,430338000.0,,,,,,0.0,,25312000.0,,118660000.0,174568000.0,255770000.0,7185000.0,1187000.0,146365000.0,109405000.0,-5998000.0,103407000.0,430338000.0,,86049000.0,87215000.0
Waters Corp,WAT,5T547R1474YC9HOD8Q74,1000697,2013.0,Q1TTM,2012-04-01,2013-03-30,,13737000.0,,,,,,,,,-7299000.0,,493836000.0,493836000.0,,493836000.0,,744892000.0,1853521000.0,,,,,,7434000.0,,97969000.0,,478811000.0,744892000.0,1108629000.0,28767000.0,4626000.0,597951000.0,510678000.0,-24141000.0,486537000.0,1853521000.0,,86049000.0,87215000.0
Waters Corp,WAT,5T547R1474YC9HOD8Q74,1000697,2014.0,FY,2014-01-01,2014-12-31,2017-02-24 15:49:17+00:00,10634000.0,5.12,5.12,,,5.07,,,,59120000.0,,431620000.0,431620000.0,,431620000.0,,824913000.0,1989344000.0,,,,,,0.0,,123182000.0,,512707000.0,824913000.0,1164431000.0,34191000.0,7023000.0,646523000.0,517908000.0,-27168000.0,490740000.0,1989344000.0,84300000.0,84358000.0,85151000.0
Waters Corp,WAT,5T547R1474YC9HOD8Q74,1000697,2014.0,Q4,2014-09-28,2014-12-31,,2616000.0,1.79,1.79,,,1.78,,,,13181000.0,,151292000.0,151292000.0,,151292000.0,,233119000.0,583870000.0,,,,,,,,44180000.0,,131916000.0,233119000.0,350751000.0,9669000.0,2103000.0,178712000.0,172039000.0,-7566000.0,164473000.0,583870000.0,84300000.0,84358000.0,85151000.0
Waters Corp,WAT,5T547R1474YC9HOD8Q74,1000697,2014.0,Q3,2014-06-29,2014-09-27,2015-11-06 14:32:34+00:00,2725000.0,1.36,1.36,,,1.34,,,,17916000.0,,113497000.0,113497000.0,,113497000.0,,202222000.0,493165000.0,,,,,,0.0,,27279000.0,,122226000.0,202222000.0,290943000.0,9062000.0,1762000.0,152230000.0,138713000.0,-7300000.0,131413000.0,493165000.0,83500000.0,83663000.0,84401000.0
Waters Corp,WAT,5T547R1474YC9HOD8Q74,1000697,2014.0,Q3YTD,2014-01-01,2014-09-27,,8018000.0,3.33,3.33,,,3.29,,,,45939000.0,,280328000.0,280328000.0,,280328000.0,,591794000.0,1405474000.0,,,,,,,,79002000.0,,380791000.0,591794000.0,813680000.0,24522000.0,4920000.0,467811000.0,345869000.0,-19602000.0,326267000.0,1405474000.0,83500000.0,83663000.0,84401000.0
Waters Corp,WAT,5T547R1474YC9HOD8Q74,1000697,2014.0,Q3TTM,2013-09-29,2014-09-27,,10643000.0,8.6,8.6,,,8.49,,,,73682000.0,,421910000.0,421910000.0,,421910000.0,,820785000.0,1970922000.0,,,,,,,,105977000.0,,511471000.0,820785000.0,1150137000.0,32449000.0,5995000.0,628091000.0,522046000.0,-26454000.0,495592000.0,1970922000.0,83500000.0,83663000.0,84401000.0
Waters Corp,WAT,5T547R1474YC9HOD8Q74,1000697,2014.0,Q2,2014-03-30,2014-06-28,2015-08-07 08:31:23+00:00,2646000.0,1.14,1.14,,,1.13,,,,15595000.0,,96529000.0,96529000.0,,96529000.0,,201853000.0,481801000.0,,,,,,0.0,,26977000.0,,131930000.0,201853000.0,279948000.0,7971000.0,1700000.0,161553000.0,118395000.0,-6271000.0,112124000.0,481801000.0,84700000.0,84462000.0,85177000.0
Waters Corp,WAT,5T547R1474YC9HOD8Q74,1000697,2014.0,Q2YTD,2014-01-01,2014-06-28,,5293000.0,1.97,1.97,,,1.95,,,,28023000.0,,166831000.0,166831000.0,,166831000.0,,389572000.0,912309000.0,,,,,,,,51723000.0,,258565000.0,389572000.0,522737000.0,15460000.0,3158000.0,315581000.0,207156000.0,-12302000.0,194854000.0,912309000.0,84700000.0,84462000.0,85177000.0
Waters Corp,WAT,5T547R1474YC9HOD8Q74,1000697,2014.0,Q2TTM,2013-06-30,2014-06-28,,10436000.0,7.24,7.24,,,7.15,,,,70375000.0,,406461000.0,406461000.0,,406461000.0,,810131000.0,1935074000.0,,,,,,,,102297000.0,,509808000.0,810131000.0,1124943000.0,30745000.0,5179000.0,622541000.0,502402000.0,-25566000.0,476836000.0,1935074000.0,84700000.0,84462000.0,85177000.0
Waters Corp,WAT,5T547R1474YC9HOD8Q74,1000697,2014.0,Q1,2014-01-01,2014-03-29,2015-05-08 09:25:55+00:00,2647000.0,0.83,0.83,,,0.82,,,,12428000.0,,70302000.0,70302000.0,,70302000.0,,187719000.0,430508000.0,,,,,,0.0,,24746000.0,,126635000.0,187719000.0,242789000.0,7489000.0,1458000.0,154028000.0,88761000.0,-6031000.0,82730000.0,430508000.0,84700000.0,84977000.0,85873000.0
Waters Corp,WAT,5T547R1474YC9HOD8Q74,1000697,2014.0,Q1TTM,2013-03-31,2014-03-29,,10172000.0,6.1,6.1,,,6.02,,,,70182000.0,,399246000.0,399246000.0,,399246000.0,,796607000.0,1904388000.0,,,,,,,,99970000.0,,500940000.0,796607000.0,1107781000.0,30354000.0,3083000.0,611082000.0,496699000.0,-27271000.0,469428000.0,1904388000.0,84700000.0,84977000.0,85873000.0
Waters Corp,WAT,5T547R1474YC9HOD8Q74,1000697,2015.0,FY,2015-01-01,2015-12-31,2018-02-27 16:08:12+00:00,10123000.0,5.7,5.7,,,5.65,,,,72866000.0,,469053000.0,469053000.0,,469053000.0,,842672000.0,2042332000.0,,,,,,3939000.0,,122400000.0,,495747000.0,842672000.0,1199660000.0,36243000.0,10711000.0,632209000.0,567451000.0,-25532000.0,541919000.0,2042332000.0,82300000.0,82336000.0,83087000.0
Waters Corp,WAT,5T547R1474YC9HOD8Q74,1000697,2015.0,Q4,2015-10-04,2015-12-31,,2576000.0,1.84,1.84,,,1.83,,,,24184000.0,,151054000.0,151054000.0,,151054000.0,,237915000.0,586610000.0,,,,,,3939000.0,,32191000.0,,128681000.0,237915000.0,348695000.0,9205000.0,3135000.0,167387000.0,181308000.0,-6070000.0,175238000.0,586610000.0,82300000.0,82336000.0,83087000.0
Waters Corp,WAT,5T547R1474YC9HOD8Q74,1000697,2015.0,Q3,2015-07-05,2015-10-03,2016-11-07 13:51:41+00:00,2573000.0,1.42,1.42,,,1.4,,,,13281000.0,,116281000.0,116281000.0,,116281000.0,,206804000.0,500578000.0,,,,,,0.0,,30703000.0,,124655000.0,206804000.0,293774000.0,9017000.0,2736000.0,157931000.0,135843000.0,-6281000.0,129562000.0,500578000.0,81900000.0,82036000.0,82784000.0
Waters Corp,WAT,5T547R1474YC9HOD8Q74,1000697,2015.0,Q3YTD,2015-01-01,2015-10-03,,7547000.0,3.86,3.86,,,3.82,,,,48682000.0,,317999000.0,317999000.0,,317999000.0,,604757000.0,1455722000.0,,,,,,,,90209000.0,,367066000.0,604757000.0,850965000.0,27038000.0,7576000.0,464822000.0,386143000.0,-19462000.0,366681000.0,1455722000.0,81900000.0,82036000.0,82784000.0
Waters Corp,WAT,5T547R1474YC9HOD8Q74,1000697,2015.0,Q3TTM,2014-09-28,2015-10-03,,10163000.0,5.65,5.65,,,5.6,,,,61863000.0,,469291000.0,469291000.0,,469291000.0,,837876000.0,2039592000.0,,,,,,,,134389000.0,,498982000.0,837876000.0,1201716000.0,36707000.0,9679000.0,643534000.0,558182000.0,-27028000.0,531154000.0,2039592000.0,81900000.0,82036000.0,82784000.0
Waters Corp,WAT,5T547R1474YC9HOD8Q74,1000697,2015.0,Q2,2015-04-05,2015-07-04,2016-11-04 14:30:10+00:00,2500000.0,1.28,1.28,,,1.27,,,,18115000.0,,105657000.0,105657000.0,,105657000.0,,208707000.0,494740000.0,,,,,,0.0,,30555000.0,,122660000.0,208707000.0,286033000.0,9046000.0,2500000.0,155715000.0,130318000.0,-6546000.0,123772000.0,494740000.0,82500000.0,82564000.0,83332000.0
Waters Corp,WAT,5T547R1474YC9HOD8Q74,1000697,2015.0,Q2YTD,2015-01-01,2015-07-04,,4974000.0,2.44,2.44,,,2.42,,,,35401000.0,,201718000.0,201718000.0,,201718000.0,,397953000.0,955144000.0,,,,,,,,59506000.0,,242411000.0,397953000.0,557191000.0,18021000.0,4840000.0,306891000.0,250300000.0,-13181000.0,237119000.0,955144000.0,82500000.0,82564000.0,83332000.0
Waters Corp,WAT,5T547R1474YC9HOD8Q74,1000697,2015.0,Q2TTM,2014-06-29,2015-07-04,,10315000.0,5.59,5.59,,,5.54,,,,66498000.0,,466507000.0,466507000.0,,466507000.0,,833294000.0,2032179000.0,,,,,,,,130965000.0,,496553000.0,833294000.0,1198885000.0,36752000.0,8705000.0,637833000.0,561052000.0,-28047000.0,533005000.0,2032179000.0,82500000.0,82564000.0,83332000.0
Waters Corp,WAT,5T547R1474YC9HOD8Q74,1000697,2015.0,Q1,2015-01-01,2015-04-04,2016-05-06 11:14:39+00:00,2474000.0,1.16,1.16,,,1.15,,,,17286000.0,,96061000.0,96061000.0,,96061000.0,,189246000.0,460404000.0,,,,,,0.0,,28951000.0,,119751000.0,189246000.0,271158000.0,8975000.0,2340000.0,151176000.0,119982000.0,-6635000.0,113347000.0,460404000.0,82800000.0,83025000.0,83752000.0
Waters Corp,WAT,5T547R1474YC9HOD8Q74,1000697,2015.0,Q1TTM,2014-03-30,2015-04-04,,10461000.0,5.45,5.45,,,5.4,,,,63978000.0,,457379000.0,457379000.0,,457379000.0,,826440000.0,2019240000.0,,,,,,,,127387000.0,,505823000.0,826440000.0,1192800000.0,35677000.0,7905000.0,643671000.0,549129000.0,-27772000.0,521357000.0,2019240000.0,82800000.0,83025000.0,83752000.0
Waters Corp,WAT,5T547R1474YC9HOD8Q74,1000697,2016.0,FY,2016-01-01,2016-12-31,2019-03-01 16:03:16+00:00,9889000.0,6.46,6.46,,,6.41,,,,78611000.0,,521503000.0,521503000.0,,521503000.0,,891453000.0,2167423000.0,,,-700000.0,,,3524000.0,,125187000.0,,512331000.0,891453000.0,1275970000.0,44911000.0,20686000.0,650931000.0,625039000.0,-24925000.0,600114000.0,2167423000.0,80700000.0,80786000.0,81417000.0
Waters Corp,WAT,5T547R1474YC9HOD8Q74,1000697,2016.0,Q4,2016-10-02,2016-12-31,,2358000.0,2.16,2.16,,,2.16,,,,28201000.0,,174378000.0,174378000.0,,174378000.0,,251579000.0,628787000.0,,,-700000.0,,,3524000.0,,32753000.0,,129538000.0,251579000.0,377208000.0,12102000.0,6346000.0,168173000.0,209035000.0,-6456000.0,202579000.0,628787000.0,80700000.0,80786000.0,81417000.0
Waters Corp,WAT,5T547R1474YC9HOD8Q74,1000697,2016.0,Q3,2016-07-03,2016-10-01,2017-11-03 09:34:54+00:00,2476000.0,1.55,1.55,,,1.53,,,,20594000.0,,124856000.0,124856000.0,,124856000.0,,218344000.0,526830000.0,,,,,,0.0,,30418000.0,,123861000.0,218344000.0,308486000.0,11707000.0,5426000.0,156755000.0,151731000.0,-6281000.0,145450000.0,526830000.0,80600000.0,80677000.0,81388000.0
Waters Corp,WAT,5T547R1474YC9HOD8Q74,1000697,2016.0,Q3YTD,2016-01-01,2016-10-01,,7531000.0,4.3,4.3,,,4.25,,,,50410000.0,,347125000.0,347125000.0,,347125000.0,,639874000.0,1538636000.0,,,,,,,,92434000.0,,382793000.0,639874000.0,898762000.0,32809000.0,14340000.0,482758000.0,416004000.0,-18469000.0,397535000.0,1538636000.0,80600000.0,80677000.0,81388000.0
Waters Corp,WAT,5T547R1474YC9HOD8Q74,1000697,2016.0,Q3TTM,2015-10-04,2016-10-01,,10107000.0,6.14,6.14,,,6.08,,,,74594000.0,,498179000.0,498179000.0,,498179000.0,,877789000.0,2125246000.0,,,,,,3939000.0,,124625000.0,,511474000.0,877789000.0,1247457000.0,42014000.0,17475000.0,650145000.0,597312000.0,-24539000.0,572773000.0,2125246000.0,80600000.0,80677000.0,81388000.0
Waters Corp,WAT,5T547R1474YC9HOD8Q74,1000697,2016.0,Q2,2016-04-03,2016-07-02,2017-08-04 09:11:03+00:00,2411000.0,1.59,1.59,,,1.57,,,,17238000.0,,128217000.0,128217000.0,,128217000.0,,220379000.0,536560000.0,,,,,,0.0,,32578000.0,,129581000.0,220379000.0,316181000.0,10983000.0,4827000.0,164570000.0,151611000.0,-6156000.0,145455000.0,536560000.0,80600000.0,80804000.0,81455000.0
Waters Corp,WAT,5T547R1474YC9HOD8Q74,1000697,2016.0,Q2YTD,2016-01-01,2016-07-02,,5055000.0,2.75,2.75,,,2.72,,,,29816000.0,,222269000.0,222269000.0,,222269000.0,,421530000.0,1011806000.0,,,,,,,,62016000.0,,258932000.0,421530000.0,590276000.0,21102000.0,8914000.0,326003000.0,264273000.0,-12188000.0,252085000.0,1011806000.0,80600000.0,80804000.0,81455000.0
Waters Corp,WAT,5T547R1474YC9HOD8Q74,1000697,2016.0,Q2TTM,2015-07-05,2016-07-02,,10204000.0,6.01,6.01,,,5.95,,,,67281000.0,,489604000.0,489604000.0,,489604000.0,,866249000.0,2098994000.0,,,,,,3939000.0,,124910000.0,,512268000.0,866249000.0,1232745000.0,39324000.0,14785000.0,651321000.0,581424000.0,-24539000.0,556885000.0,2098994000.0,80600000.0,80804000.0,81455000.0
Waters Corp,WAT,5T547R1474YC9HOD8Q74,1000697,2016.0,Q1,2016-01-01,2016-04-02,2017-05-05 11:46:40+00:00,2644000.0,1.16,1.16,,,1.15,,,,12578000.0,,94052000.0,94052000.0,,94052000.0,,201151000.0,475246000.0,,,,,,0.0,,29438000.0,,129351000.0,201151000.0,274095000.0,10119000.0,4087000.0,161433000.0,112662000.0,-6032000.0,106630000.0,475246000.0,81100000.0,81275000.0,81974000.0
Waters Corp,WAT,5T547R1474YC9HOD8Q74,1000697,2016.0,Q1TTM,2015-04-05,2016-04-02,,10293000.0,5.7,5.7,,,5.65,,,,68158000.0,,467044000.0,467044000.0,,467044000.0,,854577000.0,2057174000.0,,,,,,3939000.0,,122887000.0,,505347000.0,854577000.0,1202597000.0,37387000.0,12458000.0,642466000.0,560131000.0,-24929000.0,535202000.0,2057174000.0,81100000.0,81275000.0,81974000.0
Waters Corp,WAT,5T547R1474YC9HOD8Q74,1000697,2017.0,FY,2017-01-01,2017-12-31,2020-02-25 16:02:20+00:00,6743000.0,0.25,0.25,,,0.25,,,,620786000.0,,20311000.0,20311000.0,,20311000.0,,947067000.0,2309078000.0,,,-340000.0,,,11114000.0,,137593000.0,,544363000.0,947067000.0,1362011000.0,56839000.0,36078000.0,699813000.0,662198000.0,-21101000.0,641097000.0,2309078000.0,81200000.0,79793000.0,80604000.0
Waters Corp,WAT,5T547R1474YC9HOD8Q74,1000697,2017.0,Q4,2017-10-01,2017-12-31,,1639000.0,-4.43,-4.43,,,-4.38,,,,578910000.0,,-353172000.0,-353172000.0,,-353172000.0,,270453000.0,687275000.0,,,-404000.0,,,1096000.0,,35122000.0,,148391000.0,270453000.0,416822000.0,15281000.0,10849000.0,186248000.0,230574000.0,-4836000.0,225738000.0,687275000.0,81200000.0,79793000.0,80604000.0
Waters Corp,WAT,5T547R1474YC9HOD8Q74,1000697,2017.0,Q3,2017-07-02,2017-09-30,2018-11-02 10:36:17+00:00,1682000.0,1.71,1.71,,,1.69,,,,17696000.0,,136104000.0,136104000.0,,136104000.0,,235892000.0,565584000.0,,,12000.0,,,0.0,,33782000.0,,135206000.0,235892000.0,329692000.0,14750000.0,9516000.0,170670000.0,159022000.0,-5222000.0,153800000.0,565584000.0,79600000.0,79712000.0,80521000.0
Waters Corp,WAT,5T547R1474YC9HOD8Q74,1000697,2017.0,Q3YTD,2017-01-01,2017-09-30,,5104000.0,4.68,4.68,,,4.63,,,,41876000.0,,373483000.0,373483000.0,,373483000.0,,676614000.0,1621803000.0,,,64000.0,,,10018000.0,,102471000.0,,395972000.0,676614000.0,945189000.0,41558000.0,25229000.0,513565000.0,431624000.0,-16265000.0,415359000.0,1621803000.0,79600000.0,79712000.0,80521000.0
Waters Corp,WAT,5T547R1474YC9HOD8Q74,1000697,2017.0,Q3TTM,2016-10-02,2017-09-30,,7462000.0,6.84,6.84,,,6.79,,,,70077000.0,,547861000.0,547861000.0,,547861000.0,,928193000.0,2250590000.0,,,-636000.0,,,13542000.0,,135224000.0,,525510000.0,928193000.0,1322397000.0,53660000.0,31575000.0,681738000.0,640659000.0,-22721000.0,617938000.0,2250590000.0,79600000.0,79712000.0,80521000.0
Waters Corp,WAT,5T547R1474YC9HOD8Q74,1000697,2017.0,Q2,2017-04-02,2017-07-01,2018-08-03 11:23:50+00:00,1693000.0,1.65,1.65,,,1.63,,,,16250000.0,,131822000.0,131822000.0,,131822000.0,,229627000.0,558250000.0,,,-97000.0,,,10018000.0,,32937000.0,,130093000.0,229627000.0,328623000.0,14083000.0,8370000.0,174741000.0,153882000.0,-5810000.0,148072000.0,558250000.0,79900000.0,79979000.0,80756000.0
Waters Corp,WAT,5T547R1474YC9HOD8Q74,1000697,2017.0,Q2YTD,2017-01-01,2017-07-01,,3422000.0,2.97,2.97,,,2.94,,,,24180000.0,,237379000.0,237379000.0,,237379000.0,,440722000.0,1056219000.0,,,52000.0,,,10018000.0,,68689000.0,,260766000.0,440722000.0,615497000.0,26808000.0,15713000.0,342895000.0,272602000.0,-11043000.0,261559000.0,1056219000.0,79900000.0,79979000.0,80756000.0
Waters Corp,WAT,5T547R1474YC9HOD8Q74,1000697,2017.0,Q2TTM,2016-07-03,2017-07-01,,8256000.0,6.68,6.68,,,6.63,,,,72975000.0,,536613000.0,536613000.0,,536613000.0,,910645000.0,2211836000.0,,,-648000.0,,,13542000.0,,131860000.0,,514165000.0,910645000.0,1301191000.0,50617000.0,27485000.0,667823000.0,633368000.0,-23780000.0,609588000.0,2211836000.0,79900000.0,79979000.0,80756000.0
Waters Corp,WAT,5T547R1474YC9HOD8Q74,1000697,2017.0,Q1,2017-01-01,2017-04-01,2018-05-04 14:34:34+00:00,1729000.0,1.32,1.32,,,1.31,,,,7930000.0,,105557000.0,105557000.0,,105557000.0,,211095000.0,497969000.0,,,149000.0,,,0.0,,35752000.0,,130673000.0,211095000.0,286874000.0,12725000.0,7343000.0,168154000.0,118720000.0,-5233000.0,113487000.0,497969000.0,80000000.0,80073000.0,80769000.0
Waters Corp,WAT,5T547R1474YC9HOD8Q74,1000697,2017.0,Q1TTM,2016-04-03,2017-04-01,,8974000.0,6.62,6.62,,,6.57,,,,73963000.0,,533008000.0,533008000.0,,533008000.0,,901397000.0,2190146000.0,,,-551000.0,,,3524000.0,,131501000.0,,513653000.0,901397000.0,1288749000.0,47517000.0,23942000.0,657652000.0,631097000.0,-24126000.0,606971000.0,2190146000.0,80000000.0,80073000.0,80769000.0
Waters Corp,WAT,5T547R1474YC9HOD8Q74,1000697,2018.0,FY,2018-01-01,2018-12-31,2020-02-25 16:02:20+00:00,7712000.0,7.71,7.71,,,7.65,,,,88352000.0,,593794000.0,593794000.0,,593794000.0,,992564000.0,2419929000.0,,,-47794000.0,,,-426000.0,,143403000.0,,536902000.0,992564000.0,1427365000.0,48641000.0,38807000.0,687591000.0,739774000.0,-57628000.0,682146000.0,2419929000.0,77000000.0,76992000.0,77618000.0
Waters Corp,WAT,5T547R1474YC9HOD8Q74,1000697,2018.0,Q4,2018-09-30,2018-12-31,,2337000.0,2.45,2.45,,,2.44,,,,12654000.0,,185152000.0,185152000.0,,185152000.0,,286869000.0,715019000.0,,,-45501000.0,,,322000.0,,38106000.0,,142853000.0,286869000.0,428150000.0,11676000.0,10451000.0,183618000.0,244532000.0,-46726000.0,197806000.0,715019000.0,77000000.0,76992000.0,77618000.0
Waters Corp,WAT,5T547R1474YC9HOD8Q74,1000697,2018.0,Q3,2018-07-01,2018-09-29,2019-10-30 15:52:10+00:00,2114000.0,1.84,1.84,,,1.83,,,,28216000.0,,141014000.0,141014000.0,,141014000.0,,241139000.0,578021000.0,,,-811000.0,,,924000.0,,35173000.0,,126997000.0,241139000.0,336882000.0,11435000.0,9802000.0,165208000.0,171674000.0,-2444000.0,169230000.0,578021000.0,76600000.0,76575000.0,77136000.0
Waters Corp,WAT,5T547R1474YC9HOD8Q74,1000697,2018.0,Q3YTD,2018-01-01,2018-09-29,,5375000.0,5.26,5.26,,,5.21,,,,75698000.0,,408642000.0,408642000.0,,408642000.0,,705695000.0,1704910000.0,,,-2293000.0,,,-748000.0,,105297000.0,,394049000.0,705695000.0,999215000.0,36965000.0,28356000.0,503973000.0,495242000.0,-10902000.0,484340000.0,1704910000.0,76600000.0,76575000.0,77136000.0
Waters Corp,WAT,5T547R1474YC9HOD8Q74,1000697,2018.0,Q3TTM,2017-10-01,2018-09-29,,7014000.0,0.83,0.83,,,0.83,,,,654608000.0,,55470000.0,55470000.0,,55470000.0,,976148000.0,2392185000.0,,,-2697000.0,,,348000.0,,140419000.0,,542440000.0,976148000.0,1416037000.0,52246000.0,39205000.0,690221000.0,725816000.0,-15738000.0,710078000.0,2392185000.0,76600000.0,76575000.0,77136000.0
Waters Corp,WAT,5T547R1474YC9HOD8Q74,1000697,2018.0,Q2,2018-04-01,2018-06-30,2019-07-31 10:36:45+00:00,1602000.0,2.0,2.0,,,1.98,,,,18884000.0,,155677000.0,155677000.0,,155677000.0,,243135000.0,596219000.0,,,-1828000.0,,,,,35644000.0,,136645000.0,243135000.0,353084000.0,11692000.0,8888000.0,173891000.0,179193000.0,-4632000.0,174561000.0,596219000.0,77800000.0,77833000.0,78438000.0
Waters Corp,WAT,5T547R1474YC9HOD8Q74,1000697,2018.0,Q2YTD,2018-01-01,2018-06-30,,3261000.0,3.42,3.42,,,3.38,,,,47482000.0,,267628000.0,267628000.0,,267628000.0,,464556000.0,1126889000.0,,,-1482000.0,,,-1672000.0,,70124000.0,,267052000.0,464556000.0,662333000.0,25530000.0,18554000.0,338765000.0,323568000.0,-8458000.0,315110000.0,1126889000.0,77800000.0,77833000.0,78438000.0
Waters Corp,WAT,5T547R1474YC9HOD8Q74,1000697,2018.0,Q2TTM,2017-07-02,2018-06-30,,6582000.0,0.7,0.7,,,0.69,,,,644088000.0,,50560000.0,50560000.0,,50560000.0,,970901000.0,2379748000.0,,,-1874000.0,,,-576000.0,,139028000.0,,550649000.0,970901000.0,1408847000.0,55561000.0,38919000.0,695683000.0,713164000.0,-18516000.0,694648000.0,2379748000.0,77800000.0,77833000.0,78438000.0
Waters Corp,WAT,5T547R1474YC9HOD8Q74,1000697,2018.0,Q1,2018-01-01,2018-03-31,2019-05-03 16:35:23+00:00,1659000.0,1.42,1.42,,,1.4,,,,28598000.0,,111951000.0,111951000.0,,111951000.0,,221421000.0,530670000.0,,,346000.0,,,-1672000.0,,34480000.0,,130407000.0,221421000.0,309249000.0,13838000.0,9666000.0,164874000.0,144375000.0,-3826000.0,140549000.0,530670000.0,78800000.0,78883000.0,79715000.0
Waters Corp,WAT,5T547R1474YC9HOD8Q74,1000697,2018.0,Q1TTM,2017-04-02,2018-03-31,,6673000.0,0.35,0.35,,,0.34,,,,641454000.0,,26705000.0,26705000.0,,26705000.0,,957393000.0,2341779000.0,,,-143000.0,,,9442000.0,,136321000.0,,544097000.0,957393000.0,1384386000.0,57952000.0,38401000.0,696533000.0,687853000.0,-19694000.0,668159000.0,2341779000.0,78800000.0,78883000.0,79715000.0
Waters Corp,WAT,5T547R1474YC9HOD8Q74,1000697,2019.0,Q4,2019-09-29,2019-12-31,,2529000.0,3.06,3.06,,,3.03,,,,23719000.0,,200669000.0,200669000.0,,200669000.0,,299068000.0,716294000.0,,,-2223000.0,,,,,37072000.0,,141208000.0,299068000.0,417226000.0,14223000.0,4417000.0,180809000.0,236417000.0,-12029000.0,224388000.0,716294000.0,67600000.0,67627000.0,68166000.0
Waters Corp,WAT,5T547R1474YC9HOD8Q74,1000697,2019.0,FY,2019-01-01,2019-12-31,2020-02-25 16:02:20+00:00,9693000.0,8.76,8.76,,,8.69,,,,86041000.0,,592198000.0,592198000.0,,592198000.0,,1010700000.0,2406596000.0,,,-3586000.0,,,0.0,,142955000.0,,534791000.0,1010700000.0,1395896000.0,48690000.0,22058000.0,687439000.0,708457000.0,-30218000.0,678239000.0,2406596000.0,67600000.0,67627000.0,68166000.0
Waters Corp,WAT,5T547R1474YC9HOD8Q74,1000697,2019.0,Q3YTD,2019-01-01,2019-09-28,,7164000.0,5.7,5.7,,,5.66,,,,62322000.0,,391529000.0,391529000.0,,391529000.0,,711632000.0,1690302000.0,,,-1363000.0,,,,,105883000.0,,393583000.0,711632000.0,978670000.0,34467000.0,17641000.0,506630000.0,472040000.0,-18189000.0,453851000.0,1690302000.0,66100000.0,66226000.0,66768000.0
Waters Corp,WAT,5T547R1474YC9HOD8Q74,1000697,2019.0,Q3TTM,2018-09-30,2019-09-28,,9501000.0,8.15,8.15,,,8.1,,,,74976000.0,,576681000.0,576681000.0,,576681000.0,,998501000.0,2405321000.0,,,-46864000.0,,,322000.0,,143989000.0,,536436000.0,998501000.0,1406820000.0,46143000.0,28092000.0,690248000.0,716572000.0,-64915000.0,651657000.0,2405321000.0,66100000.0,66226000.0,66768000.0
Waters Corp,WAT,5T547R1474YC9HOD8Q74,1000697,2019.0,Q3,2019-06-30,2019-09-28,2019-10-30 15:52:10+00:00,2619000.0,2.09,2.09,,,2.07,,,,26605000.0,,138133000.0,138133000.0,,138133000.0,,241055000.0,577278000.0,,,-496000.0,,,0.0,,34333000.0,,126036000.0,241055000.0,336223000.0,11456000.0,3455000.0,162988000.0,173235000.0,-8497000.0,164738000.0,577278000.0,66100000.0,66226000.0,66768000.0
Waters Corp,WAT,5T547R1474YC9HOD8Q74,1000697,2019.0,Q2YTD,2019-01-01,2019-06-29,,4545000.0,3.61,3.61,,,3.59,,,,35717000.0,,253396000.0,253396000.0,,253396000.0,,470577000.0,1113024000.0,,,-867000.0,,,,,71550000.0,,267547000.0,470577000.0,642447000.0,23011000.0,14186000.0,343642000.0,298805000.0,-9692000.0,289113000.0,1113024000.0,69100000.0,68989000.0,69494000.0
Waters Corp,WAT,5T547R1474YC9HOD8Q74,1000697,2019.0,Q2TTM,2018-07-01,2019-06-29,,8996000.0,7.9,7.9,,,7.86,,,,76587000.0,,579562000.0,579562000.0,,579562000.0,,998585000.0,2406064000.0,,,-47179000.0,,,1246000.0,,144829000.0,,537397000.0,998585000.0,1407479000.0,46122000.0,34439000.0,692468000.0,715011000.0,-58862000.0,656149000.0,2406064000.0,69100000.0,68989000.0,69494000.0
Waters Corp,WAT,5T547R1474YC9HOD8Q74,1000697,2019.0,Q2,2019-03-31,2019-06-29,2019-07-31 10:36:45+00:00,2264000.0,2.09,2.09,,,2.08,,,,27325000.0,,144410000.0,144410000.0,,144410000.0,,249546000.0,599162000.0,,,-342000.0,,,,,36490000.0,,133208000.0,249546000.0,349616000.0,11448000.0,5871000.0,171962000.0,177654000.0,-5919000.0,171735000.0,599162000.0,69100000.0,68989000.0,69494000.0
Waters Corp,WAT,5T547R1474YC9HOD8Q74,1000697,2019.0,Q1,2019-01-01,2019-03-30,2020-04-29 12:49:04+00:00,2281000.0,1.52,1.52,,,1.51,,,,8392000.0,,108986000.0,108986000.0,,108986000.0,,221031000.0,513862000.0,,,-525000.0,,,0.0,,35060000.0,,134339000.0,221031000.0,292831000.0,11563000.0,8315000.0,171680000.0,121151000.0,-3773000.0,117378000.0,513862000.0,71700000.0,71704000.0,72415000.0
Waters Corp,WAT,5T547R1474YC9HOD8Q74,1000697,2019.0,Q1TTM,2018-04-01,2019-03-30,,8334000.0,7.81,7.81,,,7.76,,,,68146000.0,,590829000.0,590829000.0,,590829000.0,,992174000.0,2403121000.0,,,-48665000.0,,,1246000.0,,143983000.0,,540834000.0,992174000.0,1410947000.0,46366000.0,37456000.0,694397000.0,716550000.0,-57575000.0,658975000.0,2403121000.0,71700000.0,71704000.0,72415000.0
Waters Corp,WAT,5T547R1474YC9HOD8Q74,1000697,2020.0,Q1TTM,2019-03-31,2020-03-28,,10037000.0,8.1,8.1,,,8.04,,,,81950000.0,,536774000.0,536774000.0,,536774000.0,,1000313000.0,2357673000.0,,,-3435000.0,,,666000.0,,142884000.0,,548187000.0,1000313000.0,1357360000.0,51206000.0,17779000.0,701774000.0,655586000.0,-36862000.0,618724000.0,2357673000.0,62300000.0,62232000.0,62626000.0
Waters Corp,WAT,5T547R1474YC9HOD8Q74,1000697,2020.0,Q1,2020-01-01,2020-03-28,2020-04-29 12:49:04+00:00,2625000.0,0.86,0.86,,,0.86,,,,4301000.0,,53562000.0,53562000.0,,53562000.0,,210644000.0,464939000.0,,,-374000.0,,,666000.0,,34989000.0,,147735000.0,210644000.0,254295000.0,14079000.0,4036000.0,186015000.0,68280000.0,-10417000.0,57863000.0,464939000.0,62300000.0,62232000.0,62626000.0
