company_name,company_ticker,company_lei,company_cik,year,quarter,start_date,end_date,filing_date,basicdilutedeps,basiceps,cashdividendspershare,depreciationexpense,dilutedeps,impairmentexpense,incometaxexpense,netincome,netincomecontinuing,netincomediscontinued,netincometocommon,operatingcostofrevenue,operatingrevenue,othercostofrevenue,othergains,otherincome,otherspecialcharges,rdexpense,restructuringcharge,sgaexpense,totalcostofrevenue,totalgrossprofit,totalinterestexpense,totalinterestincome,totaloperatingexpenses,totaloperatingincome,totalotherincome,totalpretaxincome,totalrevenue,weightedavebasicdilutedsharesos,weightedavebasicsharesos,weightedavedilutedsharesos
Helmerich and Payne Inc,HP,,46765,2007.0,FY,2006-10-01,2007-09-30,2009-11-25 12:27:49+00:00,4.35,4.35,0.18,146042000.0,4.27,,250984000.0,449261000.0,449261000.0,,449261000.0,862254000.0,1629658000.0,,9892000.0,-1532000.0,-58358000.0,,,47401000.0,862254000.0,767404000.0,10126000.0,69692000.0,135085000.0,632319000.0,58034000.0,690353000.0,1629658000.0,103300000.0,103338000.0,105128000.0
Helmerich and Payne Inc,HP,,46765,2008.0,FY,2007-10-01,2008-09-30,2010-11-24 13:06:26+00:00,4.42,4.42,0.185,195343000.0,4.32,,242593000.0,461738000.0,420258000.0,41480000.0,461738000.0,987838000.0,1869371000.0,,17366000.0,-1396000.0,-23285000.0,12962000.0,,56429000.0,987838000.0,881533000.0,18721000.0,25518000.0,241449000.0,640084000.0,5401000.0,645485000.0,1869371000.0,104500000.0,104284000.0,106583000.0
Helmerich and Payne Inc,HP,,46765,2008.0,Q3,2008-04-01,2008-06-30,2009-08-05 11:37:05+00:00,1.2,1.2,0.05,51210000.0,1.18,,70187000.0,125369000.0,125369000.0,,125369000.0,274168000.0,522517000.0,,4912000.0,66000.0,-7042000.0,11651000.0,,14723000.0,274168000.0,248349000.0,4651000.0,17422000.0,70542000.0,177807000.0,12837000.0,190644000.0,522517000.0,104500000.0,104530000.0,106689000.0
Helmerich and Payne Inc,HP,,46765,2009.0,Q4,2009-07-01,2009-09-30,,0.49,0.49,0.05,56913000.0,0.47,,27821000.0,51488000.0,63512000.0,-12024000.0,51488000.0,146035000.0,315327000.0,,,194000.0,-692000.0,3041000.0,,13068000.0,146035000.0,169292000.0,4443000.0,-1380000.0,72330000.0,96962000.0,-5629000.0,91333000.0,315327000.0,105500000.0,105364000.0,106608000.0
Helmerich and Payne Inc,HP,,46765,2009.0,FY,2008-10-01,2009-09-30,2011-11-23 09:48:51+00:00,3.35,3.35,0.2,227535000.0,3.31,,227850000.0,353545000.0,380546000.0,-27001000.0,353545000.0,944780000.0,1843740000.0,,10111000.0,245000.0,-5943000.0,9671000.0,,58822000.0,944780000.0,898960000.0,13590000.0,2755000.0,290085000.0,608875000.0,-10590000.0,598285000.0,1843740000.0,105500000.0,105364000.0,106608000.0
Helmerich and Payne Inc,HP,,46765,2009.0,Q3YTD,2008-10-01,2009-06-30,,2.86,2.86,0.15,170622000.0,2.84,,200029000.0,302057000.0,317034000.0,-14977000.0,302057000.0,798745000.0,1528413000.0,,10111000.0,51000.0,-5251000.0,6630000.0,,45754000.0,798745000.0,729668000.0,9147000.0,4135000.0,217755000.0,511913000.0,-4961000.0,506952000.0,1528413000.0,106100000.0,105425000.0,106695000.0
Helmerich and Payne Inc,HP,,46765,2009.0,Q3,2009-04-01,2009-06-30,2010-08-05 10:46:37+00:00,0.5,0.5,0.05,58737000.0,0.5,,35391000.0,53044000.0,68021000.0,-14977000.0,53044000.0,204523000.0,384359000.0,,,-49000.0,-2005000.0,2777000.0,,14172000.0,204523000.0,179836000.0,2893000.0,199000.0,73681000.0,106155000.0,-2743000.0,103412000.0,384359000.0,106100000.0,105425000.0,106695000.0
Helmerich and Payne Inc,HP,,46765,2009.0,Q2YTD,2008-10-01,2009-03-31,,2.36,2.36,0.1,111885000.0,2.34,,164638000.0,249013000.0,249013000.0,,249013000.0,594222000.0,1144054000.0,,10111000.0,100000.0,-3246000.0,3853000.0,,31582000.0,594222000.0,549832000.0,6254000.0,3936000.0,144074000.0,405758000.0,-2218000.0,403540000.0,1144054000.0,105900000.0,105317000.0,106197000.0
Helmerich and Payne Inc,HP,,46765,2009.0,Q2,2009-01-01,2009-03-31,2010-05-05 11:21:52+00:00,0.98,0.98,0.05,57113000.0,0.98,,83390000.0,103738000.0,103738000.0,,103738000.0,263294000.0,520300000.0,,4222000.0,-28000.0,-2055000.0,2176000.0,,16434000.0,263294000.0,257006000.0,2554000.0,2150000.0,73668000.0,183338000.0,-432000.0,182906000.0,520300000.0,105900000.0,105317000.0,106197000.0
Helmerich and Payne Inc,HP,,46765,2009.0,Q1,2008-10-01,2008-12-31,2010-02-03 14:26:57+00:00,1.38,1.38,0.05,54772000.0,1.36,,81248000.0,145275000.0,145275000.0,,145275000.0,330928000.0,623754000.0,,5889000.0,128000.0,-1191000.0,1677000.0,,15148000.0,330928000.0,292826000.0,3700000.0,1786000.0,70406000.0,222420000.0,-1786000.0,220634000.0,623754000.0,105300000.0,105249000.0,106310000.0
Helmerich and Payne Inc,HP,,46765,2010.0,Q4,2010-07-01,2010-09-30,,0.78,0.78,0.06,73240000.0,0.77,,47285000.0,83045000.0,83291000.0,-246000.0,83045000.0,329198000.0,558957000.0,,,1534000.0,-747000.0,3851000.0,,20183000.0,329198000.0,229759000.0,4465000.0,275000.0,96527000.0,133232000.0,-2656000.0,130576000.0,558957000.0,106300000.0,105711000.0,107404000.0
Helmerich and Payne Inc,HP,,46765,2010.0,FY,2009-10-01,2010-09-30,2012-11-21 13:40:55+00:00,1.47,1.47,0.22,262658000.0,1.45,,152155000.0,156312000.0,286081000.0,-129769000.0,156312000.0,1071959000.0,1875162000.0,,,1787000.0,-4992000.0,12262000.0,,81479000.0,1071959000.0,803203000.0,17158000.0,1811000.0,351407000.0,451796000.0,-13560000.0,438236000.0,1875162000.0,106300000.0,105711000.0,107404000.0
Helmerich and Payne Inc,HP,,46765,2010.0,Q3YTD,2009-10-01,2010-06-30,,0.69,0.69,0.16,189418000.0,0.68,,104870000.0,73267000.0,202790000.0,-129523000.0,73267000.0,742761000.0,1316205000.0,,,253000.0,-4245000.0,8411000.0,,61296000.0,742761000.0,573444000.0,12693000.0,1536000.0,254880000.0,318564000.0,-10904000.0,307660000.0,1316205000.0,104900000.0,105743000.0,107444000.0
Helmerich and Payne Inc,HP,,46765,2010.0,Q3TTM,2009-07-01,2010-06-30,,1.18,1.18,0.21,246331000.0,1.15,,132691000.0,124755000.0,266302000.0,-141547000.0,124755000.0,888796000.0,1631532000.0,,,447000.0,-4937000.0,11452000.0,,74364000.0,888796000.0,742736000.0,17136000.0,156000.0,327210000.0,415526000.0,-16533000.0,398993000.0,1631532000.0,104900000.0,105743000.0,107444000.0
Helmerich and Payne Inc,HP,,46765,2010.0,Q3,2010-04-01,2010-06-30,2011-08-08 09:32:21+00:00,-0.35,-0.35,0.06,65208000.0,-0.34,,43785000.0,-36715000.0,64883000.0,-101598000.0,-36715000.0,285583000.0,483384000.0,,,215000.0,-2249000.0,3254000.0,,20114000.0,285583000.0,197801000.0,3961000.0,940000.0,86327000.0,111474000.0,-2806000.0,108668000.0,483384000.0,104900000.0,105743000.0,107444000.0
Helmerich and Payne Inc,HP,,46765,2010.0,Q2YTD,2009-10-01,2010-03-31,,1.04,1.04,0.1,124210000.0,1.02,,61085000.0,109982000.0,137907000.0,-27925000.0,109982000.0,457178000.0,832821000.0,,,38000.0,-1996000.0,5157000.0,,41182000.0,457178000.0,375643000.0,8732000.0,596000.0,168553000.0,207090000.0,-8098000.0,198992000.0,832821000.0,106200000.0,105711000.0,107484000.0
Helmerich and Payne Inc,HP,,46765,2010.0,Q2TTM,2009-04-01,2010-03-31,,2.03,2.03,0.2,239860000.0,1.99,,124297000.0,214514000.0,269440000.0,-54926000.0,214514000.0,807736000.0,1532507000.0,,,183000.0,-4693000.0,10975000.0,,68422000.0,807736000.0,724771000.0,16068000.0,-585000.0,314564000.0,410207000.0,-16470000.0,393737000.0,1532507000.0,106200000.0,105711000.0,107484000.0
Helmerich and Payne Inc,HP,,46765,2010.0,Q2,2010-01-01,2010-03-31,2011-05-06 10:05:09+00:00,0.44,0.44,0.05,63493000.0,0.43,,23873000.0,46747000.0,74105000.0,-27358000.0,46747000.0,248480000.0,436579000.0,,,23000.0,-985000.0,3342000.0,,20543000.0,248480000.0,188099000.0,4038000.0,287000.0,86393000.0,101706000.0,-3728000.0,97978000.0,436579000.0,106200000.0,105711000.0,107484000.0
Helmerich and Payne Inc,HP,,46765,2010.0,Q1TTM,2009-01-01,2009-12-31,,2.57,2.57,0.2,233480000.0,2.54,,183814000.0,271505000.0,299073000.0,-27568000.0,271505000.0,822550000.0,1616228000.0,,4222000.0,132000.0,-5763000.0,9809000.0,,64313000.0,822550000.0,793678000.0,14584000.0,1278000.0,301839000.0,491839000.0,-13174000.0,478665000.0,1616228000.0,105400000.0,105575000.0,107238000.0
Helmerich and Payne Inc,HP,,46765,2010.0,Q1,2009-10-01,2009-12-31,2011-02-07 11:38:43+00:00,0.6,0.6,0.05,60717000.0,0.59,,37212000.0,63235000.0,63802000.0,-567000.0,63235000.0,208698000.0,396242000.0,,,15000.0,-1011000.0,1815000.0,,20639000.0,208698000.0,187544000.0,4694000.0,309000.0,82160000.0,105384000.0,-4370000.0,101014000.0,396242000.0,105400000.0,105575000.0,107238000.0
Helmerich and Payne Inc,HP,,46765,2011.0,Q4,2011-07-01,2011-09-30,,1.14,1.14,0.07,87018000.0,1.11,,66635000.0,121420000.0,121514000.0,-94000.0,121420000.0,396931000.0,700751000.0,,,-1161000.0,-3641000.0,4255000.0,,23086000.0,396931000.0,303820000.0,4170000.0,378000.0,110718000.0,193102000.0,-4953000.0,188149000.0,700751000.0,106900000.0,106643000.0,108632000.0
Helmerich and Payne Inc,HP,,46765,2011.0,FY,2010-10-01,2011-09-30,2013-11-27 12:35:49+00:00,4.06,4.06,0.26,315468000.0,3.99,,252399000.0,434186000.0,434668000.0,-482000.0,434186000.0,1432602000.0,2543894000.0,,,-953000.0,-13903000.0,15764000.0,,91452000.0,1432602000.0,1111292000.0,17355000.0,2864000.0,408781000.0,702511000.0,-15444000.0,687067000.0,2543894000.0,106900000.0,106643000.0,108632000.0
Helmerich and Payne Inc,HP,,46765,2011.0,Q3YTD,2010-10-01,2011-06-30,,2.92,2.92,0.19,228450000.0,2.88,,185764000.0,312766000.0,313154000.0,-388000.0,312766000.0,1035671000.0,1843143000.0,,,208000.0,-10262000.0,11509000.0,,68366000.0,1035671000.0,807472000.0,13185000.0,2486000.0,298063000.0,509409000.0,-10491000.0,498918000.0,1843143000.0,107700000.0,106962000.0,108784000.0
Helmerich and Payne Inc,HP,,46765,2011.0,Q3TTM,2010-07-01,2011-06-30,,3.7,3.7,0.25,301690000.0,3.65,,233049000.0,395811000.0,396445000.0,-634000.0,395811000.0,1364869000.0,2402100000.0,,,1742000.0,-11009000.0,15360000.0,,88549000.0,1364869000.0,1037231000.0,17650000.0,2761000.0,394590000.0,642641000.0,-13147000.0,629494000.0,2402100000.0,107700000.0,106962000.0,108784000.0
Helmerich and Payne Inc,HP,,46765,2011.0,Q3,2011-04-01,2011-06-30,2012-08-03 09:12:06+00:00,1.02,1.02,0.07,79109000.0,1.01,,62995000.0,109826000.0,109828000.0,-2000.0,109826000.0,365586000.0,644095000.0,,,-190000.0,-3488000.0,4399000.0,,24071000.0,365586000.0,278509000.0,3221000.0,1816000.0,104091000.0,174418000.0,-1595000.0,172823000.0,644095000.0,107700000.0,106962000.0,108784000.0
Helmerich and Payne Inc,HP,,46765,2011.0,Q2YTD,2010-10-01,2011-03-31,,1.9,1.9,0.12,149341000.0,1.87,,122769000.0,202940000.0,203326000.0,-386000.0,202940000.0,670085000.0,1199048000.0,,,398000.0,-6774000.0,7110000.0,,44295000.0,670085000.0,528963000.0,9964000.0,670000.0,193972000.0,334991000.0,-8896000.0,326095000.0,1199048000.0,107400000.0,106515000.0,108595000.0
Helmerich and Payne Inc,HP,,46765,2011.0,Q2TTM,2010-04-01,2011-03-31,,2.33,2.33,0.24,287789000.0,2.3,,213839000.0,249270000.0,351500000.0,-102230000.0,249270000.0,1284866000.0,2241389000.0,,,2147000.0,-9770000.0,14215000.0,,84592000.0,1284866000.0,956523000.0,18390000.0,1885000.0,376826000.0,579697000.0,-14358000.0,565339000.0,2241389000.0,107400000.0,106515000.0,108595000.0
Helmerich and Payne Inc,HP,,46765,2011.0,Q2,2011-01-01,2011-03-31,2012-05-04 10:24:04+00:00,0.92,0.92,0.06,76161000.0,0.91,,60379000.0,98790000.0,98961000.0,-171000.0,98790000.0,340039000.0,604406000.0,,,232000.0,-4105000.0,3640000.0,,24406000.0,340039000.0,264367000.0,5513000.0,356000.0,100102000.0,164265000.0,-4925000.0,159340000.0,604406000.0,107400000.0,106515000.0,108595000.0
Helmerich and Payne Inc,HP,,46765,2011.0,Q1TTM,2010-01-01,2010-12-31,,1.85,1.85,0.23,275121000.0,1.82,,177333000.0,197227000.0,326644000.0,-129417000.0,197227000.0,1193307000.0,2073562000.0,,,1938000.0,-6650000.0,13917000.0,,80729000.0,1193307000.0,880255000.0,16915000.0,1816000.0,363117000.0,517138000.0,-13161000.0,503977000.0,2073562000.0,106300000.0,106031000.0,107852000.0
Helmerich and Payne Inc,HP,,46765,2011.0,Q1,2010-10-01,2010-12-31,2012-02-07 10:17:48+00:00,0.98,0.98,0.06,73180000.0,0.96,,62390000.0,104150000.0,104365000.0,-215000.0,104150000.0,330046000.0,594642000.0,,,166000.0,-2669000.0,3470000.0,,19889000.0,330046000.0,264596000.0,4451000.0,314000.0,93870000.0,170726000.0,-3971000.0,166755000.0,594642000.0,106300000.0,106031000.0,107852000.0
Helmerich and Payne Inc,HP,,46765,2012.0,Q4,2012-07-01,2012-09-30,,1.48,1.48,0.07,115145000.0,1.46,,88739000.0,157115000.0,149606000.0,7509000.0,157115000.0,447335000.0,829447000.0,,,-34000.0,-4858000.0,4682000.0,,27763000.0,447335000.0,382112000.0,1360000.0,359000.0,142732000.0,239380000.0,-1035000.0,238345000.0,829447000.0,107200000.0,106819000.0,108377000.0
Helmerich and Payne Inc,HP,,46765,2012.0,FY,2011-10-01,2012-09-30,2014-11-26 13:16:50+00:00,5.42,5.42,0.28,387549000.0,5.34,,328971000.0,581045000.0,573609000.0,7436000.0,581045000.0,1750510000.0,3151802000.0,,,254000.0,-19223000.0,16060000.0,,107307000.0,1750510000.0,1401292000.0,8653000.0,1380000.0,491693000.0,909599000.0,-7019000.0,902580000.0,3151802000.0,107200000.0,106819000.0,108377000.0
Helmerich and Payne Inc,HP,,46765,2012.0,Q3YTD,2011-10-01,2012-06-30,,3.94,3.94,0.21,272404000.0,3.88,,240232000.0,423930000.0,424003000.0,-73000.0,423930000.0,1303175000.0,2322355000.0,,,288000.0,-14365000.0,11378000.0,,79544000.0,1303175000.0,1019180000.0,7293000.0,1021000.0,348961000.0,670219000.0,-5984000.0,664235000.0,2322355000.0,107100000.0,107016000.0,108425000.0
Helmerich and Payne Inc,HP,,46765,2012.0,Q3TTM,2011-07-01,2012-06-30,,5.08,5.08,0.28,359422000.0,4.99,,306867000.0,545350000.0,545517000.0,-167000.0,545350000.0,1700106000.0,3023106000.0,,,-873000.0,-18006000.0,15633000.0,,102630000.0,1700106000.0,1323000000.0,11463000.0,1399000.0,459679000.0,863321000.0,-10937000.0,852384000.0,3023106000.0,107100000.0,107016000.0,108425000.0
Helmerich and Payne Inc,HP,,46765,2012.0,Q3,2012-04-01,2012-06-30,2013-08-02 09:11:22+00:00,1.4,1.4,0.07,95182000.0,1.38,,80939000.0,149925000.0,149943000.0,-18000.0,149925000.0,463935000.0,819785000.0,,,309000.0,-1862000.0,4299000.0,,25576000.0,463935000.0,355850000.0,2411000.0,329000.0,123195000.0,232655000.0,-1773000.0,230882000.0,819785000.0,107100000.0,107016000.0,108425000.0
Helmerich and Payne Inc,HP,,46765,2012.0,Q2YTD,2011-10-01,2012-03-31,,2.54,2.54,0.14,177222000.0,2.5,,159293000.0,274005000.0,274060000.0,-55000.0,274005000.0,839240000.0,1502570000.0,,,-21000.0,-12503000.0,7079000.0,,53968000.0,839240000.0,663330000.0,4882000.0,692000.0,225766000.0,437564000.0,-4211000.0,433353000.0,1502570000.0,108100000.0,107385000.0,109042000.0
Helmerich and Payne Inc,HP,,46765,2012.0,Q2TTM,2011-04-01,2012-03-31,,4.7,4.7,0.28,343349000.0,4.62,,288923000.0,505251000.0,505402000.0,-151000.0,505251000.0,1601757000.0,2847416000.0,,,-1372000.0,-19632000.0,15733000.0,,101125000.0,1601757000.0,1245659000.0,12273000.0,2886000.0,440575000.0,805084000.0,-10759000.0,794325000.0,2847416000.0,108100000.0,107385000.0,109042000.0
Helmerich and Payne Inc,HP,,46765,2012.0,Q2,2012-01-01,2012-03-31,2013-05-03 09:02:19+00:00,1.2,1.2,0.07,90934000.0,1.18,,75155000.0,129719000.0,129763000.0,-44000.0,129719000.0,448208000.0,769982000.0,,,-42000.0,-7820000.0,3830000.0,,27805000.0,448208000.0,321774000.0,2421000.0,356000.0,114749000.0,207025000.0,-2107000.0,204918000.0,769982000.0,108100000.0,107385000.0,109042000.0
Helmerich and Payne Inc,HP,,46765,2012.0,Q1TTM,2011-01-01,2011-12-31,,4.42,4.42,0.27,328576000.0,4.35,,274147000.0,474322000.0,474600000.0,-278000.0,474322000.0,1493588000.0,2681840000.0,,,-1098000.0,-15917000.0,15543000.0,,97726000.0,1493588000.0,1188252000.0,15365000.0,2886000.0,425928000.0,762324000.0,-13577000.0,748747000.0,2681840000.0,107700000.0,107186000.0,108788000.0
Helmerich and Payne Inc,HP,,46765,2012.0,Q1,2011-10-01,2011-12-31,2013-02-07 12:08:47+00:00,1.34,1.34,0.07,86288000.0,1.32,,84138000.0,144286000.0,144297000.0,-11000.0,144286000.0,391032000.0,732588000.0,,,21000.0,-4683000.0,3249000.0,,26163000.0,391032000.0,341556000.0,2461000.0,336000.0,111017000.0,230539000.0,-2104000.0,228435000.0,732588000.0,107700000.0,107186000.0,108788000.0
Helmerich and Payne Inc,HP,,46765,2013.0,FY,2012-10-01,2013-09-30,2015-11-25 14:02:07+00:00,6.89,6.89,1.3,455623000.0,6.79,,392844000.0,736639000.0,721453000.0,15186000.0,736639000.0,1852768000.0,3387614000.0,,,-9000.0,-18923000.0,15235000.0,,126250000.0,1852768000.0,1534846000.0,6129000.0,163774000.0,578185000.0,956661000.0,157636000.0,1114297000.0,3387614000.0,106900000.0,106286000.0,107879000.0
Helmerich and Payne Inc,HP,,46765,2013.0,Q4,2013-07-01,2013-09-30,,1.49,1.49,0.5,118801000.0,1.46,,85650000.0,159797000.0,159797000.0,,159797000.0,473170000.0,864536000.0,,,3186000.0,-4385000.0,3813000.0,,29903000.0,473170000.0,391366000.0,1544000.0,571000.0,148132000.0,243234000.0,2213000.0,245447000.0,864536000.0,106900000.0,106286000.0,107879000.0
Helmerich and Payne Inc,HP,,46765,2013.0,Q3YTD,2012-10-01,2013-06-30,,5.4,5.4,0.8,336822000.0,5.33,,307194000.0,576842000.0,561656000.0,15186000.0,576842000.0,1379598000.0,2523078000.0,,,-3195000.0,-14538000.0,11422000.0,,96347000.0,1379598000.0,1143480000.0,4585000.0,163203000.0,430053000.0,713427000.0,155423000.0,868850000.0,2523078000.0,106900000.0,106430000.0,107826000.0
Helmerich and Payne Inc,HP,,46765,2013.0,Q3TTM,2012-07-01,2013-06-30,,6.88,6.88,0.87,451967000.0,6.79,,395933000.0,733957000.0,711262000.0,22695000.0,733957000.0,1826933000.0,3352525000.0,,,-3229000.0,-19396000.0,16104000.0,,124110000.0,1826933000.0,1525592000.0,5945000.0,163562000.0,572785000.0,952807000.0,154388000.0,1107195000.0,3352525000.0,106900000.0,106430000.0,107826000.0
Helmerich and Payne Inc,HP,,46765,2013.0,Q3,2013-04-01,2013-06-30,2014-08-08 12:33:27+00:00,2.49,2.49,0.5,117790000.0,2.46,,139387000.0,266159000.0,250978000.0,15181000.0,266159000.0,450990000.0,840197000.0,,,-1214000.0,-4006000.0,4373000.0,,31090000.0,450990000.0,389207000.0,2091000.0,153710000.0,149247000.0,239960000.0,150405000.0,390365000.0,840197000.0,106900000.0,106430000.0,107826000.0
Helmerich and Payne Inc,HP,,46765,2013.0,Q2YTD,2012-10-01,2013-03-31,,2.91,2.91,0.3,219032000.0,2.87,,167807000.0,310683000.0,310678000.0,5000.0,310683000.0,928608000.0,1682881000.0,,,-1981000.0,-10532000.0,7049000.0,,65257000.0,928608000.0,754273000.0,2494000.0,9493000.0,280806000.0,473467000.0,5018000.0,478485000.0,1682881000.0,107100000.0,106326000.0,107786000.0
Helmerich and Payne Inc,HP,,46765,2013.0,Q2TTM,2012-04-01,2013-03-31,,5.79,5.79,0.44,429359000.0,5.71,,337485000.0,617723000.0,610227000.0,7496000.0,617723000.0,1839878000.0,3332113000.0,,,-1706000.0,-17252000.0,16030000.0,,118596000.0,1839878000.0,1492235000.0,6265000.0,10181000.0,546733000.0,945502000.0,2210000.0,947712000.0,3332113000.0,107100000.0,106326000.0,107786000.0
Helmerich and Payne Inc,HP,,46765,2013.0,Q2,2013-01-01,2013-03-31,2014-05-02 09:14:30+00:00,1.41,1.41,0.15,112433000.0,1.39,,81085000.0,151080000.0,151067000.0,13000.0,151080000.0,461737000.0,838309000.0,,,103000.0,-5313000.0,3696000.0,,32836000.0,461737000.0,376572000.0,1186000.0,315000.0,143652000.0,232920000.0,-768000.0,232152000.0,838309000.0,107100000.0,106326000.0,107786000.0
Helmerich and Payne Inc,HP,,46765,2013.0,Q1TTM,2012-01-01,2012-12-31,,5.58,5.58,0.36,407860000.0,5.5,,331555000.0,596362000.0,588923000.0,7439000.0,596362000.0,1826349000.0,3263786000.0,,,-1851000.0,-19759000.0,16164000.0,,113565000.0,1826349000.0,1437437000.0,7500000.0,10222000.0,517830000.0,919607000.0,871000.0,920478000.0,3263786000.0,106400000.0,105867000.0,107412000.0
Helmerich and Payne Inc,HP,,46765,2013.0,Q1,2012-10-01,2012-12-31,2014-02-07 10:54:39+00:00,1.5,1.5,0.15,106599000.0,1.48,,86722000.0,159603000.0,159611000.0,-8000.0,159603000.0,466871000.0,844572000.0,,,-2084000.0,-5219000.0,3353000.0,,32421000.0,466871000.0,377701000.0,1308000.0,9178000.0,137154000.0,240547000.0,5786000.0,246333000.0,844572000.0,106400000.0,105867000.0,107412000.0
Helmerich and Payne Inc,HP,,46765,2014.0,FY,2013-10-01,2014-09-30,2016-11-23 15:51:57+00:00,6.52,6.52,2.625,523984000.0,6.44,,388048000.0,706563000.0,706610000.0,-47000.0,706563000.0,2006715000.0,3715968000.0,,,-636000.0,-19083000.0,15905000.0,,135273000.0,2006715000.0,1709253000.0,4657000.0,46777000.0,656079000.0,1053174000.0,41484000.0,1094658000.0,3715968000.0,108400000.0,107800000.0,109141000.0
Helmerich and Payne Inc,HP,,46765,2014.0,Q4,2014-07-01,2014-09-30,,1.53,1.53,0.69,150806000.0,1.51,,94659000.0,166532000.0,166549000.0,-28000.0,166532000.0,537261000.0,981299000.0,,,-605000.0,-7193000.0,4159000.0,,34377000.0,537261000.0,444038000.0,303000.0,227000.0,182149000.0,261889000.0,-681000.0,261208000.0,981299000.0,108400000.0,107800000.0,109141000.0
Helmerich and Payne Inc,HP,,46765,2014.0,Q3,2014-04-01,2014-06-30,2015-08-07 12:54:17+00:00,1.77,1.77,0.6875,128978000.0,1.75,,102788000.0,192279000.0,192290000.0,,192279000.0,515239000.0,952087000.0,,,346000.0,-2128000.0,3864000.0,,34222000.0,515239000.0,436848000.0,1435000.0,24255000.0,164936000.0,271912000.0,23166000.0,295078000.0,952087000.0,108600000.0,108137000.0,109285000.0
Helmerich and Payne Inc,HP,,46765,2014.0,Q3YTD,2013-10-01,2014-06-30,,4.99,4.99,1.94,373178000.0,4.93,,293389000.0,540031000.0,540061000.0,-19000.0,540031000.0,1469454000.0,2734669000.0,,,-31000.0,-11890000.0,11746000.0,,100896000.0,1469454000.0,1265215000.0,4354000.0,46550000.0,473930000.0,791285000.0,42165000.0,833450000.0,2734669000.0,108600000.0,108137000.0,109285000.0
Helmerich and Payne Inc,HP,,46765,2014.0,Q3TTM,2013-07-01,2014-06-30,,6.48,6.48,2.44,491979000.0,6.39,,379039000.0,699828000.0,699858000.0,-19000.0,699828000.0,1942624000.0,3599205000.0,,,3155000.0,-16275000.0,15559000.0,,130799000.0,1942624000.0,1656581000.0,5898000.0,47121000.0,622062000.0,1034519000.0,44378000.0,1078897000.0,3599205000.0,108600000.0,108137000.0,109285000.0
Helmerich and Payne Inc,HP,,46765,2014.0,Q2,2014-01-01,2014-03-31,2015-05-01 14:43:21+00:00,1.61,1.61,0.625,123963000.0,1.59,,100838000.0,174570000.0,174589000.0,-19000.0,174570000.0,480167000.0,893430000.0,,,-32000.0,-4098000.0,3625000.0,,34431000.0,480167000.0,413263000.0,1725000.0,21842000.0,157921000.0,255342000.0,20085000.0,275427000.0,893430000.0,108400000.0,107692000.0,109081000.0
Helmerich and Payne Inc,HP,,46765,2014.0,Q2YTD,2013-10-01,2014-03-31,,3.22,3.22,1.25,244200000.0,3.18,,190601000.0,347752000.0,347771000.0,-19000.0,347752000.0,954215000.0,1782582000.0,,,-377000.0,-9762000.0,7882000.0,,66674000.0,954215000.0,828367000.0,2919000.0,22295000.0,308994000.0,519373000.0,18999000.0,538372000.0,1782582000.0,108400000.0,107692000.0,109081000.0
Helmerich and Payne Inc,HP,,46765,2014.0,Q2TTM,2013-04-01,2014-03-31,,7.2,7.2,2.25,480791000.0,7.1,,415638000.0,773708000.0,758546000.0,15162000.0,773708000.0,1878375000.0,3487315000.0,,,1595000.0,-18153000.0,16068000.0,,127667000.0,1878375000.0,1608940000.0,6554000.0,176576000.0,606373000.0,1002567000.0,171617000.0,1174184000.0,3487315000.0,108400000.0,107692000.0,109081000.0
Helmerich and Payne Inc,HP,,46765,2014.0,Q1TTM,2013-01-01,2013-12-31,,7.0,7.0,1.78,469261000.0,6.9,,395885000.0,750218000.0,735024000.0,15194000.0,750218000.0,1859945000.0,3432194000.0,,,1730000.0,-19368000.0,16139000.0,,126072000.0,1859945000.0,1572249000.0,6015000.0,155049000.0,592104000.0,980145000.0,150764000.0,1130909000.0,3432194000.0,107600000.0,107149000.0,108577000.0
Helmerich and Payne Inc,HP,,46765,2014.0,Q1,2013-10-01,2013-12-31,2015-02-06 11:35:19+00:00,1.61,1.61,0.625,120237000.0,1.59,,89763000.0,173182000.0,173182000.0,,173182000.0,474048000.0,889152000.0,,,-345000.0,-5664000.0,4257000.0,,32243000.0,474048000.0,415104000.0,1194000.0,453000.0,151073000.0,264031000.0,-1086000.0,262945000.0,889152000.0,107600000.0,107149000.0,108577000.0
Helmerich and Payne Inc,HP,,46765,2015.0,FY,2014-10-01,2015-09-30,2017-11-22 17:10:22+00:00,3.88,3.88,,608039000.0,3.85,39242000.0,241405000.0,420427000.0,420474000.0,-47000.0,420427000.0,1703476000.0,3161702000.0,,,-901000.0,-11834000.0,16104000.0,,134712000.0,1703476000.0,1458226000.0,15023000.0,5840000.0,786263000.0,671963000.0,-10084000.0,661879000.0,3161702000.0,108400000.0,107754000.0,108570000.0
Helmerich and Payne Inc,HP,,46765,2015.0,Q4,2015-07-01,2015-09-30,,-0.25,-0.25,-2.06,174594000.0,-0.25,39242000.0,-2486000.0,-27596000.0,-27590000.0,-21000.0,-27596000.0,326274000.0,553800000.0,,,-989000.0,-3015000.0,3760000.0,,37728000.0,326274000.0,227526000.0,5697000.0,1393000.0,252309000.0,-24783000.0,-5293000.0,-30076000.0,553800000.0,108400000.0,107754000.0,108570000.0
Helmerich and Payne Inc,HP,,46765,2015.0,Q3,2015-04-01,2015-06-30,2016-08-05 12:12:51+00:00,0.84,0.84,0.6875,144965000.0,0.83,,39321000.0,90872000.0,90899000.0,-27000.0,90872000.0,350640000.0,661445000.0,,,-281000.0,-1791000.0,3329000.0,,29253000.0,350640000.0,310805000.0,6136000.0,1588000.0,175756000.0,135049000.0,-4829000.0,130220000.0,661445000.0,108200000.0,107652000.0,108469000.0
Helmerich and Payne Inc,HP,,46765,2015.0,Q3YTD,2014-10-01,2015-06-30,,4.13,4.13,2.06,433445000.0,4.1,,243891000.0,448023000.0,448064000.0,-26000.0,448023000.0,1377202000.0,2607902000.0,,,88000.0,-8819000.0,12344000.0,,96984000.0,1377202000.0,1230700000.0,9326000.0,4447000.0,533954000.0,696746000.0,-4791000.0,691955000.0,2607902000.0,108200000.0,107652000.0,108469000.0
Helmerich and Payne Inc,HP,,46765,2015.0,Q3TTM,2014-07-01,2015-06-30,,5.66,5.66,2.75,584251000.0,5.61,,338550000.0,614555000.0,614613000.0,-54000.0,614555000.0,1914463000.0,3589201000.0,,,-517000.0,-16012000.0,16503000.0,,131361000.0,1914463000.0,1674738000.0,9629000.0,4674000.0,716103000.0,958635000.0,-5472000.0,953163000.0,3589201000.0,108200000.0,107652000.0,108469000.0
Helmerich and Payne Inc,HP,,46765,2015.0,Q2,2015-01-01,2015-03-31,2016-05-06 13:57:47+00:00,1.42,1.42,0.6875,150248000.0,1.41,,77803000.0,153543000.0,153542000.0,1000.0,153543000.0,467099000.0,885670000.0,,,55000.0,-2855000.0,4857000.0,,34995000.0,467099000.0,418571000.0,2600000.0,2564000.0,187245000.0,231326000.0,19000.0,231345000.0,885670000.0,108100000.0,107646000.0,108370000.0
Helmerich and Payne Inc,HP,,46765,2015.0,Q2YTD,2014-10-01,2015-03-31,,3.29,3.29,1.38,288480000.0,3.27,,204570000.0,357151000.0,357165000.0,1000.0,357151000.0,1026562000.0,1946457000.0,,,369000.0,-7028000.0,9015000.0,,67731000.0,1026562000.0,919895000.0,3190000.0,2859000.0,358198000.0,561697000.0,38000.0,561735000.0,1946457000.0,108100000.0,107646000.0,108370000.0
Helmerich and Payne Inc,HP,,46765,2015.0,Q2TTM,2014-04-01,2015-03-31,,6.59,6.59,2.75,568264000.0,6.53,,402017000.0,715962000.0,716004000.0,-27000.0,715962000.0,2079062000.0,3879843000.0,,,110000.0,-16349000.0,17038000.0,,136330000.0,2079062000.0,1800781000.0,4928000.0,27341000.0,705283000.0,1095498000.0,22523000.0,1118021000.0,3879843000.0,108100000.0,107646000.0,108370000.0
Helmerich and Payne Inc,HP,,46765,2015.0,Q1,2014-10-01,2014-12-31,2016-02-05 16:13:28+00:00,1.87,1.87,0.6875,138232000.0,1.86,,126767000.0,203608000.0,203623000.0,,203608000.0,559463000.0,1060787000.0,,,314000.0,-4173000.0,4158000.0,,32736000.0,559463000.0,501324000.0,590000.0,295000.0,170953000.0,330371000.0,19000.0,330390000.0,1060787000.0,108900000.0,107973000.0,108843000.0
Helmerich and Payne Inc,HP,,46765,2015.0,Q1TTM,2014-01-01,2014-12-31,,6.78,6.78,2.69,541979000.0,6.71,,425052000.0,736989000.0,737051000.0,-47000.0,736989000.0,2092130000.0,3887603000.0,,,23000.0,-17592000.0,15806000.0,,135766000.0,2092130000.0,1795473000.0,4053000.0,46619000.0,675959000.0,1119514000.0,42589000.0,1162103000.0,3887603000.0,108900000.0,107973000.0,108843000.0
Helmerich and Payne Inc,HP,,46765,2016.0,FY,2015-10-01,2016-09-30,2018-11-16 17:09:54+00:00,-0.54,-0.54,2.78,598587000.0,-0.54,6250000.0,-19677000.0,-56828000.0,-52990000.0,-3838000.0,-56828000.0,892748000.0,1624232000.0,6057000.0,,-965000.0,-9896000.0,10269000.0,,146183000.0,898805000.0,725427000.0,22913000.0,-22823000.0,751393000.0,-25966000.0,-46701000.0,-72667000.0,1624232000.0,105200000.0,107996000.0,107996000.0
Helmerich and Payne Inc,HP,,46765,2016.0,Q4,2016-07-01,2016-09-30,,-0.68,-0.68,-2.08,176251000.0,-0.68,,-53417000.0,-72835000.0,-72869000.0,34000.0,-72835000.0,208347000.0,331708000.0,6057000.0,,-1891000.0,-2076000.0,2328000.0,,33802000.0,214404000.0,117304000.0,6261000.0,-25133000.0,210305000.0,-93001000.0,-33285000.0,-126286000.0,331708000.0,105200000.0,107996000.0,107996000.0
Helmerich and Payne Inc,HP,,46765,2016.0,Q3,2016-04-01,2016-06-30,2017-08-04 14:42:25+00:00,-0.2,-0.2,0.7,138690000.0,-0.2,6250000.0,2842000.0,-21200000.0,-21193000.0,-7000.0,-21200000.0,186146000.0,366486000.0,,,534000.0,-547000.0,2707000.0,,46496000.0,186146000.0,180340000.0,6407000.0,778000.0,193596000.0,-13256000.0,-5095000.0,-18351000.0,366486000.0,106000000.0,108047000.0,108047000.0
Helmerich and Payne Inc,HP,,46765,2016.0,Q3YTD,2015-10-01,2016-06-30,,0.14,0.14,2.08,422336000.0,0.14,6250000.0,33740000.0,16007000.0,19879000.0,-3872000.0,16007000.0,684401000.0,1292524000.0,,,926000.0,-7820000.0,7941000.0,,112381000.0,684401000.0,608123000.0,16652000.0,2310000.0,541088000.0,67035000.0,-13416000.0,53619000.0,1292524000.0,106000000.0,108047000.0,108047000.0
Helmerich and Payne Inc,HP,,46765,2016.0,Q3TTM,2015-07-01,2016-06-30,,-0.11,-0.11,0.01,596930000.0,-0.11,45492000.0,31254000.0,-11589000.0,-7711000.0,-3893000.0,-11589000.0,1010675000.0,1846324000.0,,,-63000.0,-10835000.0,11701000.0,,150109000.0,1010675000.0,835649000.0,22349000.0,3703000.0,793397000.0,42252000.0,-18709000.0,23543000.0,1846324000.0,106000000.0,108047000.0,108047000.0
Helmerich and Payne Inc,HP,,46765,2016.0,Q2,2016-01-01,2016-03-31,2017-05-05 15:47:16+00:00,0.19,0.19,0.6875,141517000.0,0.19,,12178000.0,21205000.0,25174000.0,-3969000.0,21205000.0,221611000.0,438191000.0,,,653000.0,-2684000.0,2315000.0,,33811000.0,221611000.0,216580000.0,5721000.0,799000.0,174959000.0,41621000.0,-4269000.0,37352000.0,438191000.0,111600000.0,108014000.0,108466000.0
Helmerich and Payne Inc,HP,,46765,2016.0,Q2YTD,2015-10-01,2016-03-31,,0.34,0.34,1.38,283646000.0,0.34,,30898000.0,37207000.0,41072000.0,-3865000.0,37207000.0,498255000.0,926038000.0,,,392000.0,-7273000.0,5234000.0,,65885000.0,498255000.0,427783000.0,10245000.0,1532000.0,347492000.0,80291000.0,-8321000.0,71970000.0,926038000.0,111600000.0,108014000.0,108466000.0
Helmerich and Payne Inc,HP,,46765,2016.0,Q2TTM,2015-04-01,2016-03-31,,0.93,0.93,,603205000.0,0.92,39242000.0,67733000.0,100483000.0,104381000.0,-3913000.0,100483000.0,1175169000.0,2141283000.0,,,-878000.0,-12079000.0,12323000.0,,132866000.0,1175169000.0,966114000.0,22078000.0,4513000.0,775557000.0,190557000.0,-18443000.0,172114000.0,2141283000.0,111600000.0,108014000.0,108466000.0
Helmerich and Payne Inc,HP,,46765,2016.0,Q1,2015-10-01,2015-12-31,2017-02-03 15:27:41+00:00,0.15,0.15,0.6875,142129000.0,0.15,,18720000.0,16002000.0,15898000.0,104000.0,16002000.0,276644000.0,487847000.0,,,-261000.0,-4589000.0,2919000.0,,32074000.0,276644000.0,211203000.0,4524000.0,733000.0,172533000.0,38670000.0,-4052000.0,34618000.0,487847000.0,106700000.0,107852000.0,108409000.0
Helmerich and Payne Inc,HP,,46765,2016.0,Q1TTM,2015-01-01,2015-12-31,,2.16,2.16,,611936000.0,2.14,39242000.0,133358000.0,232821000.0,232749000.0,57000.0,232821000.0,1420657000.0,2588762000.0,,,-1476000.0,-12250000.0,14865000.0,,134050000.0,1420657000.0,1168105000.0,18957000.0,6278000.0,787843000.0,380262000.0,-14155000.0,366107000.0,2588762000.0,106700000.0,107852000.0,108409000.0
Helmerich and Payne Inc,HP,,46765,2017.0,FY,2016-10-01,2017-09-30,2019-11-15 17:19:51+00:00,-1.2,-1.2,2.8,585543000.0,-1.2,0.0,-56735000.0,-128212000.0,-127863000.0,-349000.0,-128212000.0,1244735000.0,1804741000.0,4582000.0,,-1679000.0,-20627000.0,12047000.0,,147548000.0,1249317000.0,555424000.0,19747000.0,5915000.0,724511000.0,-169087000.0,-15511000.0,-184598000.0,1804741000.0,106800000.0,108500000.0,108500000.0
Helmerich and Payne Inc,HP,,46765,2017.0,Q4,2017-07-01,2017-09-30,,-0.21,-0.21,0.7,153876000.0,-0.21,,-6198000.0,-22532000.0,-21711000.0,-821000.0,-22532000.0,362764000.0,532304000.0,4582000.0,,-1329000.0,-3034000.0,3462000.0,,36877000.0,367346000.0,164958000.0,2244000.0,1887000.0,191181000.0,-26223000.0,-1686000.0,-27909000.0,532304000.0,106800000.0,108500000.0,108500000.0
Helmerich and Payne Inc,HP,,46765,2017.0,Q3,2017-04-01,2017-06-30,2018-08-01 16:46:04+00:00,-0.21,-0.21,0.7,145043000.0,-0.21,,-10478000.0,-21799000.0,-23125000.0,1326000.0,-21799000.0,337463000.0,498564000.0,,,-911000.0,-1862000.0,3058000.0,,42890000.0,337463000.0,161101000.0,6364000.0,1700000.0,189129000.0,-28028000.0,-5575000.0,-33603000.0,498564000.0,103800000.0,108572000.0,108572000.0
Helmerich and Payne Inc,HP,,46765,2017.0,Q3YTD,2016-10-01,2017-06-30,,-0.99,-0.99,2.1,431667000.0,-0.99,,-50537000.0,-105680000.0,-106152000.0,472000.0,-105680000.0,881971000.0,1272437000.0,,,-350000.0,-17593000.0,8585000.0,,110671000.0,881971000.0,390466000.0,17503000.0,4028000.0,533330000.0,-142864000.0,-13825000.0,-156689000.0,1272437000.0,103800000.0,108572000.0,108572000.0
Helmerich and Payne Inc,HP,,46765,2017.0,Q3TTM,2016-07-01,2017-06-30,,-1.67,-1.67,0.02,607918000.0,-1.67,,-103954000.0,-178515000.0,-179021000.0,506000.0,-178515000.0,1090318000.0,1604145000.0,6057000.0,,-2241000.0,-19669000.0,10913000.0,,144473000.0,1096375000.0,507770000.0,23764000.0,-21105000.0,743635000.0,-235865000.0,-47110000.0,-282975000.0,1604145000.0,103800000.0,108572000.0,108572000.0
Helmerich and Payne Inc,HP,,46765,2017.0,Q2,2017-01-01,2017-03-31,2018-05-04 14:34:16+00:00,-0.45,-0.45,0.7,152777000.0,-0.45,,-21771000.0,-48818000.0,-48473000.0,-345000.0,-48818000.0,296829000.0,405283000.0,,,174000.0,-14889000.0,2719000.0,,33519000.0,296829000.0,108454000.0,6084000.0,1338000.0,174126000.0,-65672000.0,-4572000.0,-70244000.0,405283000.0,108500000.0,108565000.0,108565000.0
Helmerich and Payne Inc,HP,,46765,2017.0,Q2YTD,2016-10-01,2017-03-31,,-0.78,-0.78,1.4,286624000.0,-0.78,,-40059000.0,-83881000.0,-83027000.0,-854000.0,-83881000.0,544508000.0,773873000.0,,,561000.0,-15731000.0,5527000.0,,67781000.0,544508000.0,229365000.0,11139000.0,2328000.0,344201000.0,-114836000.0,-8250000.0,-123086000.0,773873000.0,108500000.0,108565000.0,108565000.0
Helmerich and Payne Inc,HP,,46765,2017.0,Q2TTM,2016-04-01,2017-03-31,,-1.66,-1.66,0.02,601565000.0,-1.66,6250000.0,-90634000.0,-177916000.0,-177089000.0,-827000.0,-177916000.0,939001000.0,1472067000.0,6057000.0,,-796000.0,-18354000.0,10562000.0,,148079000.0,945058000.0,527009000.0,23807000.0,-22027000.0,748102000.0,-221093000.0,-46630000.0,-267723000.0,1472067000.0,108500000.0,108565000.0,108565000.0
Helmerich and Payne Inc,HP,,46765,2017.0,Q1,2016-10-01,2016-12-31,2018-02-02 16:53:50+00:00,-0.33,-0.33,0.7,133847000.0,-0.33,,-18288000.0,-35063000.0,-34554000.0,-509000.0,-35063000.0,247679000.0,368590000.0,,,387000.0,-842000.0,2808000.0,,34262000.0,247679000.0,120911000.0,5055000.0,990000.0,170075000.0,-49164000.0,-3678000.0,-52842000.0,368590000.0,106300000.0,108276000.0,108276000.0
Helmerich and Payne Inc,HP,,46765,2017.0,Q1TTM,2016-01-01,2016-12-31,,-1.02,-1.02,0.01,590305000.0,-1.02,6250000.0,-56685000.0,-107893000.0,-103442000.0,-4451000.0,-107893000.0,863783000.0,1504975000.0,6057000.0,,-317000.0,-6149000.0,10158000.0,,148371000.0,869840000.0,635135000.0,23444000.0,-22566000.0,748935000.0,-113800000.0,-46327000.0,-160127000.0,1504975000.0,106300000.0,108276000.0,108276000.0
Helmerich and Payne Inc,HP,,46765,2018.0,FY,2017-10-01,2018-09-30,2019-11-15 17:19:51+00:00,4.39,4.39,2.82,583802000.0,4.37,23128000.0,-477169000.0,482672000.0,493010000.0,-10338000.0,482672000.0,1647557000.0,2487268000.0,5053000.0,,-876000.0,-22660000.0,18167000.0,,199257000.0,1652610000.0,834658000.0,24265000.0,8018000.0,801694000.0,32964000.0,-17123000.0,15841000.0,2487268000.0,109900000.0,108851000.0,109387000.0
Helmerich and Payne Inc,HP,,46765,2018.0,Q4,2018-07-01,2018-09-30,,0.02,0.02,2.82,150281000.0,0.02,23128000.0,16859000.0,2453000.0,2175000.0,278000.0,2453000.0,448135000.0,696825000.0,1325000.0,,-1046000.0,-7527000.0,5018000.0,,52252000.0,449460000.0,247365000.0,6471000.0,2338000.0,223152000.0,24213000.0,-5179000.0,19034000.0,696825000.0,109900000.0,108851000.0,109387000.0
Helmerich and Payne Inc,HP,,46765,2018.0,Q3,2018-04-01,2018-06-30,2019-07-26 07:30:30+00:00,-0.08,-0.08,,144579000.0,-0.08,0.0,10535000.0,-8008000.0,-8174000.0,166000.0,-8008000.0,443087000.0,648872000.0,1424000.0,,-61000.0,-4313000.0,5479000.0,,52310000.0,444511000.0,204361000.0,5993000.0,2109000.0,198055000.0,6306000.0,-3945000.0,2361000.0,648872000.0,100100000.0,108905000.0,108905000.0
Helmerich and Payne Inc,HP,,46765,2018.0,Q3YTD,2017-10-01,2018-06-30,,4.37,4.37,,433521000.0,4.35,,-494028000.0,480219000.0,490835000.0,-10616000.0,480219000.0,1199422000.0,1790443000.0,3728000.0,,170000.0,-15133000.0,13149000.0,,147005000.0,1203150000.0,587293000.0,17794000.0,5680000.0,578542000.0,8751000.0,-11944000.0,-3193000.0,1790443000.0,100100000.0,108905000.0,108905000.0
Helmerich and Payne Inc,HP,,46765,2018.0,Q3TTM,2017-07-01,2018-06-30,,4.16,4.16,0.7,587397000.0,4.14,,-500226000.0,457687000.0,469124000.0,-11437000.0,457687000.0,1562186000.0,2322747000.0,8310000.0,,-1159000.0,-18167000.0,16611000.0,,183882000.0,1570496000.0,752251000.0,20038000.0,7567000.0,769723000.0,-17472000.0,-13630000.0,-31102000.0,2322747000.0,100100000.0,108905000.0,108905000.0
Helmerich and Payne Inc,HP,,46765,2018.0,Q2,2018-01-01,2018-03-31,2019-04-29 06:24:22+00:00,-0.12,-0.12,,145675000.0,-0.12,,-3922000.0,-11879000.0,-1633000.0,-10246000.0,-11879000.0,384419000.0,577484000.0,1137000.0,,-210000.0,-5255000.0,4436000.0,,48236000.0,385556000.0,191928000.0,6028000.0,1847000.0,193092000.0,-1164000.0,-4391000.0,-5555000.0,577484000.0,99000000.0,108868000.0,108868000.0
Helmerich and Payne Inc,HP,,46765,2018.0,Q2YTD,2017-10-01,2018-03-31,,4.45,4.45,,288942000.0,4.43,,-504563000.0,488227000.0,499009000.0,-10782000.0,488227000.0,756335000.0,1141571000.0,2304000.0,,231000.0,-10820000.0,7670000.0,,94695000.0,758639000.0,382932000.0,11801000.0,3571000.0,380487000.0,2445000.0,-7999000.0,-5554000.0,1141571000.0,99000000.0,108868000.0,108868000.0
Helmerich and Payne Inc,HP,,46765,2018.0,Q2TTM,2017-04-01,2018-03-31,,4.03,4.03,1.4,587861000.0,4.01,,-521239000.0,443896000.0,454173000.0,-10277000.0,443896000.0,1456562000.0,2172439000.0,6886000.0,,-2009000.0,-15716000.0,14190000.0,,174462000.0,1463448000.0,708991000.0,20409000.0,7158000.0,760797000.0,-51806000.0,-15260000.0,-67066000.0,2172439000.0,99000000.0,108868000.0,108868000.0
Helmerich and Payne Inc,HP,,46765,2018.0,Q1,2017-10-01,2017-12-31,2019-01-30 17:08:39+00:00,4.57,4.57,0.7,143267000.0,4.55,,-500641000.0,500106000.0,500642000.0,-536000.0,500106000.0,371916000.0,564087000.0,1167000.0,,441000.0,-5565000.0,3234000.0,,46459000.0,373083000.0,191004000.0,5773000.0,1724000.0,187395000.0,3609000.0,-3608000.0,1000.0,564087000.0,109400000.0,108683000.0,109095000.0
Helmerich and Payne Inc,HP,,46765,2018.0,Q1TTM,2017-01-01,2017-12-31,,3.7,3.7,2.1,594963000.0,3.68,,-539088000.0,406957000.0,407333000.0,-376000.0,406957000.0,1368972000.0,2000238000.0,5749000.0,,-1625000.0,-25350000.0,12473000.0,,159745000.0,1374721000.0,625517000.0,20465000.0,6649000.0,741831000.0,-116314000.0,-15441000.0,-131755000.0,2000238000.0,109400000.0,108683000.0,109095000.0
Helmerich and Payne Inc,HP,,46765,2019.0,Q4,2019-07-01,2019-09-30,,-1.06,0.36,1.42,134885000.0,0.36,,-13111000.0,41177000.0,41890000.0,-713000.0,41177000.0,430778000.0,649050000.0,1074000.0,,-555000.0,-12640000.0,6120000.0,,49812000.0,431852000.0,217198000.0,8044000.0,-1643000.0,178177000.0,39021000.0,-10242000.0,28779000.0,649050000.0,99000000.0,109216000.0,109216000.0
Helmerich and Payne Inc,HP,,46765,2019.0,FY,2018-10-01,2019-09-30,2019-11-15 17:19:51+00:00,-0.34,-0.34,2.84,562803000.0,-0.34,224327000.0,-18712000.0,-33656000.0,-32510000.0,-1146000.0,-33656000.0,1803204000.0,2798490000.0,5382000.0,,-1596000.0,-39691000.0,27467000.0,,194416000.0,1808586000.0,989904000.0,25188000.0,-45020000.0,969322000.0,20582000.0,-71804000.0,-51222000.0,2798490000.0,99000000.0,109216000.0,109216000.0
Helmerich and Payne Inc,HP,,46765,2019.0,Q3,2019-04-01,2019-06-30,2020-07-29 08:08:14+00:00,,-1.42,,143297000.0,-1.42,224327000.0,-32031000.0,-154683000.0,-154621000.0,-62000.0,-154683000.0,443114000.0,687974000.0,1414000.0,,-1599000.0,-9960000.0,7066000.0,0.0,46590000.0,444528000.0,243446000.0,6257000.0,-10922000.0,411320000.0,-167874000.0,-18778000.0,-186652000.0,687974000.0,,109425000.0,109425000.0
Helmerich and Payne Inc,HP,,46765,2019.0,Q3YTD,2018-10-01,2019-06-30,,0.72,-0.7,1.42,427918000.0,-0.7,224327000.0,-5601000.0,-74833000.0,-74400000.0,-433000.0,-74833000.0,1372426000.0,2149440000.0,4308000.0,,-1041000.0,-27051000.0,21347000.0,,144604000.0,1376734000.0,772706000.0,17144000.0,-43377000.0,791145000.0,-18439000.0,-61562000.0,-80001000.0,2149440000.0,,109425000.0,109425000.0
Helmerich and Payne Inc,HP,,46765,2019.0,Q3TTM,2018-07-01,2019-06-30,,0.74,-0.68,3.54,578199000.0,-0.68,247455000.0,11258000.0,-72380000.0,-72225000.0,-155000.0,-72380000.0,1820561000.0,2846265000.0,5633000.0,,-2087000.0,-34578000.0,26365000.0,,196856000.0,1826194000.0,1020071000.0,23615000.0,-41039000.0,1014297000.0,5774000.0,-66741000.0,-60967000.0,2846265000.0,,109425000.0,109425000.0
Helmerich and Payne Inc,HP,,46765,2019.0,Q2,2019-01-01,2019-03-31,2020-05-04 15:12:26+00:00,0.55,0.55,0.71,143161000.0,0.55,0.0,25078000.0,60891000.0,71857000.0,-10966000.0,60891000.0,441719000.0,720868000.0,1620000.0,,17000.0,-11546000.0,7262000.0,,43506000.0,443339000.0,277529000.0,6167000.0,7939000.0,182383000.0,95146000.0,1789000.0,96935000.0,720868000.0,110700000.0,109406000.0,109503000.0
Helmerich and Payne Inc,HP,,46765,2019.0,Q2YTD,2018-10-01,2019-03-31,,0.72,0.72,1.42,284621000.0,0.72,,26430000.0,79850000.0,80221000.0,-371000.0,79850000.0,929312000.0,1461466000.0,2894000.0,,558000.0,-17091000.0,14281000.0,,98014000.0,932206000.0,529260000.0,10887000.0,-32455000.0,379825000.0,149435000.0,-42784000.0,106651000.0,1461466000.0,110700000.0,109406000.0,109503000.0
Helmerich and Payne Inc,HP,,46765,2019.0,Q2TTM,2018-04-01,2019-03-31,,0.66,0.66,3.54,579481000.0,0.66,23128000.0,53824000.0,74295000.0,74222000.0,73000.0,74295000.0,1820534000.0,2807163000.0,5643000.0,,-549000.0,-28931000.0,24778000.0,,202576000.0,1826177000.0,980986000.0,23351000.0,-28008000.0,801032000.0,179954000.0,-51908000.0,128046000.0,2807163000.0,110700000.0,109406000.0,109503000.0
Helmerich and Payne Inc,HP,,46765,2019.0,Q1,2018-10-01,2018-12-31,2020-02-05 08:15:19+00:00,0.17,0.17,0.71,141460000.0,0.17,,1352000.0,18959000.0,8364000.0,10595000.0,18959000.0,487593000.0,740598000.0,1274000.0,,541000.0,-5545000.0,7019000.0,,54508000.0,488867000.0,251731000.0,4720000.0,-40394000.0,197442000.0,54289000.0,-44573000.0,9716000.0,740598000.0,111500000.0,109142000.0,109425000.0
Helmerich and Payne Inc,HP,,46765,2019.0,Q1TTM,2018-01-01,2018-12-31,,-0.01,-0.01,2.83,581995000.0,-0.01,23128000.0,24824000.0,1525000.0,732000.0,793000.0,1525000.0,1763234000.0,2663779000.0,5160000.0,,-776000.0,-22640000.0,21952000.0,,207306000.0,1768394000.0,895385000.0,23212000.0,-34100000.0,811741000.0,83644000.0,-58088000.0,25556000.0,2663779000.0,111500000.0,109142000.0,109425000.0
Helmerich and Payne Inc,HP,,46765,2020.0,Q3YTD,2019-10-01,2020-06-30,,-3.61,-4.04,1.42,372298000.0,-4.04,563234000.0,-116853000.0,-435534000.0,-435746000.0,212000.0,-435534000.0,1012147000.0,1565660000.0,14409000.0,,-3711000.0,-18790000.0,16730000.0,15495000.0,134894000.0,1026556000.0,539104000.0,18320000.0,14189000.0,1083861000.0,-544757000.0,-7842000.0,-552599000.0,1565660000.0,,107439000.0,107439000.0
Helmerich and Payne Inc,HP,,46765,2020.0,Q3TTM,2019-07-01,2020-06-30,,-4.67,-3.68,2.84,507183000.0,-3.68,563234000.0,-129964000.0,-394357000.0,-393856000.0,-501000.0,-394357000.0,1442925000.0,2214710000.0,15483000.0,,-4266000.0,-31430000.0,22850000.0,15495000.0,184706000.0,1458408000.0,756302000.0,26364000.0,12546000.0,1262038000.0,-505736000.0,-18084000.0,-523820000.0,2214710000.0,,107439000.0,107439000.0
Helmerich and Payne Inc,HP,,46765,2020.0,Q3,2020-04-01,2020-06-30,2020-07-29 08:08:14+00:00,,-0.43,,110161000.0,-0.43,0.0,-17578000.0,-45599000.0,-46007000.0,408000.0,-45599000.0,205198000.0,317364000.0,1549000.0,,-2914000.0,-4201000.0,3638000.0,15495000.0,43108000.0,206747000.0,110617000.0,6125000.0,3038000.0,168201000.0,-57584000.0,-6001000.0,-63585000.0,317364000.0,,107439000.0,107439000.0
Helmerich and Payne Inc,HP,,46765,2020.0,Q2YTD,2019-10-01,2020-03-31,,-3.61,-3.61,1.42,262137000.0,-3.61,563234000.0,-99275000.0,-389935000.0,-389739000.0,-196000.0,-389935000.0,806949000.0,1248296000.0,12860000.0,,-797000.0,-14589000.0,13092000.0,,91786000.0,819809000.0,428487000.0,12195000.0,11151000.0,915660000.0,-487173000.0,-1841000.0,-489014000.0,1248296000.0,108400000.0,108557000.0,108557000.0
Helmerich and Payne Inc,HP,,46765,2020.0,Q2TTM,2019-04-01,2020-03-31,,-4.67,-4.67,2.84,540319000.0,-4.67,787561000.0,-144417000.0,-503441000.0,-502470000.0,-971000.0,-503441000.0,1680841000.0,2585320000.0,15348000.0,,-2951000.0,-37189000.0,26278000.0,,188188000.0,1696189000.0,889131000.0,26496000.0,-1414000.0,1505157000.0,-616026000.0,-30861000.0,-646887000.0,2585320000.0,108400000.0,108557000.0,108557000.0
Helmerich and Payne Inc,HP,,46765,2020.0,Q2,2020-01-01,2020-03-31,2020-05-04 15:12:26+00:00,-3.88,-3.88,0.71,132006000.0,-3.88,563234000.0,-113413000.0,-420540000.0,-420468000.0,-72000.0,-420540000.0,417743000.0,633639000.0,1315000.0,,-398000.0,-10310000.0,6214000.0,,41978000.0,419058000.0,214581000.0,6095000.0,-8847000.0,733122000.0,-518541000.0,-15340000.0,-533881000.0,633639000.0,108400000.0,108557000.0,108557000.0
Helmerich and Payne Inc,HP,,46765,2020.0,Q1TTM,2019-01-01,2019-12-31,,-0.24,-0.24,2.84,551474000.0,-0.24,224327000.0,-5926000.0,-22010000.0,-10145000.0,-11865000.0,-22010000.0,1704817000.0,2672549000.0,15653000.0,,-2536000.0,-38425000.0,27326000.0,,189716000.0,1720470000.0,952079000.0,26568000.0,15372000.0,954418000.0,-2339000.0,-13732000.0,-16071000.0,2672549000.0,113400000.0,108555000.0,108724000.0
Helmerich and Payne Inc,HP,,46765,2020.0,Q1,2019-10-01,2019-12-31,2020-02-05 08:15:19+00:00,0.27,0.27,0.71,130131000.0,0.27,,14138000.0,30605000.0,30729000.0,-124000.0,30605000.0,389206000.0,614657000.0,11545000.0,,-399000.0,-4279000.0,6878000.0,,49808000.0,400751000.0,213906000.0,6100000.0,19998000.0,182538000.0,31368000.0,13499000.0,44867000.0,614657000.0,113400000.0,108555000.0,108724000.0
