company_name,company_ticker,company_lei,company_cik,year,quarter,start_date,end_date,filing_date,amortizationexpense,basicdilutedeps,basiceps,cashdividendspershare,depreciationexpense,dilutedeps,incometaxexpense,netincome,netincomecontinuing,netincomediscontinued,netincometocommon,netincometononcontrollinginterest,operatingcostofrevenue,operatingrevenue,otherincome,otheroperatingexpenses,preferreddividends,sgaexpense,totalcostofrevenue,totalgrossprofit,totalinterestexpense,totalinterestincome,totaloperatingexpenses,totaloperatingincome,totalotherincome,totalpretaxincome,totalrevenue,weightedavebasicdilutedsharesos,weightedavebasicsharesos,weightedavedilutedsharesos
WEC Energy Group Inc,WEC,549300IGLYTZUK3PVP70,783325,2007.0,FY,2007-01-01,2007-12-31,2010-02-26 10:05:13+00:00,-6500000.0,2.87,2.87,1.0,327900000.0,2.83,215900000.0,335600000.0,335700000.0,-100000.0,335600000.0,,3183300000.0,4131900000.0,48900000.0,,,,3183300000.0,948600000.0,167600000.0,43100000.0,321400000.0,627200000.0,-75600000.0,551600000.0,4131900000.0,116900000.0,116900000.0,118500000.0
WEC Energy Group Inc,WEC,549300IGLYTZUK3PVP70,783325,2008.0,FY,2008-01-01,2008-12-31,2011-02-25 11:08:30+00:00,-488100000.0,3.07,3.07,1.08,323600000.0,3.04,215100000.0,359100000.0,355100000.0,4000000.0,359100000.0,,3805200000.0,4295900000.0,16900000.0,,,,3805200000.0,490700000.0,153700000.0,51800000.0,-164500000.0,655200000.0,-85000000.0,570200000.0,4295900000.0,117000000.0,116900000.0,118200000.0
WEC Energy Group Inc,WEC,549300IGLYTZUK3PVP70,783325,2008.0,Q3,2008-07-01,2008-09-30,2009-10-29 17:39:04+00:00,-157400000.0,0.66,0.66,0.27,84000000.0,0.65,44500000.0,77500000.0,76600000.0,900000.0,77500000.0,,759800000.0,824800000.0,7100000.0,,,,759800000.0,65000000.0,38800000.0,14400000.0,-73400000.0,138400000.0,-17300000.0,121100000.0,824800000.0,117400000.0,116900000.0,118200000.0
WEC Energy Group Inc,WEC,549300IGLYTZUK3PVP70,783325,2008.0,Q2,2008-04-01,2008-06-30,2009-08-04 09:56:02+00:00,-87000000.0,0.5,0.5,0.27,80400000.0,0.49,34300000.0,58000000.0,58200000.0,-200000.0,58000000.0,,816900000.0,918200000.0,7900000.0,,,,816900000.0,101300000.0,35400000.0,12100000.0,-6600000.0,107900000.0,-15400000.0,92500000.0,918200000.0,116000000.0,116900000.0,118300000.0
WEC Energy Group Inc,WEC,549300IGLYTZUK3PVP70,783325,2009.0,FY,2009-01-01,2009-12-31,2012-02-28 11:15:52+00:00,-230700000.0,1.64,1.64,0.675,343000000.0,1.62,215500000.0,382400000.0,375700000.0,6700000.0,382400000.0,,3217800000.0,3990400000.0,28500000.0,,,,3217800000.0,772600000.0,156700000.0,59100000.0,112300000.0,660300000.0,-69100000.0,591200000.0,3990400000.0,233200000.0,233800000.0,235900000.0
WEC Energy Group Inc,WEC,549300IGLYTZUK3PVP70,783325,2009.0,Q4,2009-10-01,2009-12-31,,-53500000.0,0.51,0.51,0.17,85100000.0,0.51,63900000.0,118700000.0,113000000.0,5700000.0,118700000.0,,800200000.0,1026300000.0,4600000.0,,,,800200000.0,226100000.0,37700000.0,15500000.0,31600000.0,194500000.0,-17600000.0,176900000.0,1026300000.0,233200000.0,233800000.0,235900000.0
WEC Energy Group Inc,WEC,549300IGLYTZUK3PVP70,783325,2009.0,Q3YTD,2009-01-01,2009-09-30,,-177200000.0,2.26,2.26,1.01,257900000.0,2.26,151600000.0,263700000.0,262700000.0,1000000.0,263700000.0,,2417600000.0,2964100000.0,23900000.0,,,,2417600000.0,546500000.0,119000000.0,43600000.0,80700000.0,465800000.0,-51500000.0,414300000.0,2964100000.0,117000000.0,116900000.0,118000000.0
WEC Energy Group Inc,WEC,549300IGLYTZUK3PVP70,783325,2009.0,Q3,2009-07-01,2009-09-30,2010-10-26 17:41:58+00:00,-57900000.0,0.5,0.5,0.3375,86500000.0,0.5,32900000.0,58500000.0,58200000.0,300000.0,58500000.0,,655000000.0,788000000.0,10200000.0,,,,655000000.0,133000000.0,38400000.0,14900000.0,28600000.0,104400000.0,-13300000.0,91100000.0,788000000.0,117000000.0,116900000.0,118000000.0
WEC Energy Group Inc,WEC,549300IGLYTZUK3PVP70,783325,2009.0,Q2YTD,2009-01-01,2009-06-30,,-119300000.0,1.76,1.76,0.67,171400000.0,1.76,118700000.0,205200000.0,204500000.0,700000.0,205200000.0,,1762600000.0,2176100000.0,13700000.0,,,,1762600000.0,413500000.0,80600000.0,28700000.0,52100000.0,361400000.0,-38200000.0,323200000.0,2176100000.0,118000000.0,116900000.0,117800000.0
WEC Energy Group Inc,WEC,549300IGLYTZUK3PVP70,783325,2009.0,Q2,2009-04-01,2009-06-30,2010-07-30 10:58:45+00:00,-55100000.0,0.54,0.54,0.3375,85600000.0,0.54,37400000.0,63700000.0,63000000.0,700000.0,63700000.0,,659100000.0,808000000.0,7400000.0,,,,659100000.0,148900000.0,39800000.0,14400000.0,30500000.0,118400000.0,-18000000.0,100400000.0,808000000.0,118000000.0,116900000.0,117800000.0
WEC Energy Group Inc,WEC,549300IGLYTZUK3PVP70,783325,2009.0,Q1,2009-01-01,2009-03-31,2010-05-06 12:34:53+00:00,-64200000.0,1.21,1.21,0.3375,85800000.0,1.2,81300000.0,141500000.0,141500000.0,,141500000.0,,1103500000.0,1368100000.0,6300000.0,,,,1103500000.0,264600000.0,40800000.0,14300000.0,21600000.0,243000000.0,-20200000.0,222800000.0,1368100000.0,116900000.0,116900000.0,118000000.0
WEC Energy Group Inc,WEC,549300IGLYTZUK3PVP70,783325,2010.0,FY,2010-01-01,2010-12-31,2013-02-27 15:53:44+00:00,-198400000.0,1.95,1.95,0.8,305600000.0,1.93,249900000.0,456500000.0,454400000.0,2100000.0,456500000.0,,3178900000.0,4202500000.0,40200000.0,106000000.0,,,3178900000.0,1023600000.0,206400000.0,60100000.0,213200000.0,810400000.0,-106100000.0,704300000.0,4202500000.0,234100000.0,233800000.0,236700000.0
WEC Energy Group Inc,WEC,549300IGLYTZUK3PVP70,783325,2010.0,Q4,2010-10-01,2010-12-31,,-46600000.0,0.54,0.54,0.2,77000000.0,0.54,67900000.0,125900000.0,125600000.0,300000.0,125900000.0,,817500000.0,1169600000.0,14700000.0,106000000.0,,,817500000.0,352100000.0,51500000.0,14600000.0,136400000.0,215700000.0,-22200000.0,193500000.0,1169600000.0,234100000.0,233800000.0,236700000.0
WEC Energy Group Inc,WEC,549300IGLYTZUK3PVP70,783325,2010.0,Q3YTD,2010-01-01,2010-09-30,,-151800000.0,1.41,1.41,0.6,228600000.0,1.41,182000000.0,330600000.0,328800000.0,1800000.0,330600000.0,,2361400000.0,3032900000.0,25500000.0,,,,2361400000.0,671500000.0,154900000.0,45500000.0,76800000.0,594700000.0,-83900000.0,510800000.0,3032900000.0,233800000.0,233800000.0,236900000.0
WEC Energy Group Inc,WEC,549300IGLYTZUK3PVP70,783325,2010.0,Q3TTM,2009-10-01,2010-09-30,,-205300000.0,1.92,1.92,0.77,313700000.0,1.92,245900000.0,449300000.0,441800000.0,7500000.0,449300000.0,,3161600000.0,4059200000.0,30100000.0,,,,3161600000.0,897600000.0,192600000.0,61000000.0,108400000.0,789200000.0,-101500000.0,687700000.0,4059200000.0,233800000.0,233800000.0,236900000.0
WEC Energy Group Inc,WEC,549300IGLYTZUK3PVP70,783325,2010.0,Q3,2010-07-01,2010-09-30,2011-11-01 09:42:23+00:00,-55200000.0,0.48,0.48,0.2,77400000.0,0.47,63000000.0,112200000.0,112300000.0,-100000.0,112200000.0,,721100000.0,946300000.0,9600000.0,,,,721100000.0,225200000.0,52500000.0,15200000.0,22200000.0,203000000.0,-27700000.0,175300000.0,946300000.0,233800000.0,233800000.0,236900000.0
WEC Energy Group Inc,WEC,549300IGLYTZUK3PVP70,783325,2010.0,Q2YTD,2010-01-01,2010-06-30,,-96600000.0,0.93,0.93,0.4,151200000.0,0.93,119000000.0,218400000.0,216500000.0,1900000.0,218400000.0,,1640300000.0,2086600000.0,15900000.0,,,,1640300000.0,446300000.0,102400000.0,30300000.0,54600000.0,391700000.0,-56200000.0,335500000.0,2086600000.0,233400000.0,233800000.0,236600000.0
WEC Energy Group Inc,WEC,549300IGLYTZUK3PVP70,783325,2010.0,Q2TTM,2009-07-01,2010-06-30,,-208000000.0,1.69,1.69,0.74,322800000.0,1.69,215800000.0,395600000.0,387700000.0,7900000.0,395600000.0,,3095500000.0,3900900000.0,30700000.0,,,,3095500000.0,805400000.0,178500000.0,60700000.0,114800000.0,690600000.0,-87100000.0,603500000.0,3900900000.0,233400000.0,233800000.0,236600000.0
WEC Energy Group Inc,WEC,549300IGLYTZUK3PVP70,783325,2010.0,Q2,2010-04-01,2010-06-30,2011-08-02 11:01:08+00:00,-47200000.0,0.38,0.38,0.2,76800000.0,0.37,47600000.0,88700000.0,87500000.0,1200000.0,88700000.0,,671700000.0,864600000.0,9700000.0,,,,671700000.0,192900000.0,53000000.0,15100000.0,29600000.0,163300000.0,-28200000.0,135100000.0,864600000.0,233400000.0,233800000.0,236600000.0
WEC Energy Group Inc,WEC,549300IGLYTZUK3PVP70,783325,2010.0,Q1TTM,2009-04-01,2010-03-31,,-215900000.0,1.59,1.59,0.71,331600000.0,1.59,205600000.0,370600000.0,363200000.0,7400000.0,370600000.0,,3082900000.0,3844300000.0,28400000.0,,,,3082900000.0,761400000.0,165300000.0,60000000.0,115700000.0,645700000.0,-76900000.0,568800000.0,3844300000.0,235800000.0,233800000.0,236700000.0
WEC Energy Group Inc,WEC,549300IGLYTZUK3PVP70,783325,2010.0,Q1,2010-01-01,2010-03-31,2011-05-05 14:18:11+00:00,-49400000.0,0.55,0.55,0.2,74400000.0,0.55,71400000.0,129700000.0,129000000.0,700000.0,129700000.0,,968600000.0,1222000000.0,6200000.0,,,,968600000.0,253400000.0,49400000.0,15200000.0,25000000.0,228400000.0,-28000000.0,200400000.0,1222000000.0,235800000.0,233800000.0,236700000.0
WEC Energy Group Inc,WEC,549300IGLYTZUK3PVP70,783325,2011.0,Q4,2011-10-01,2011-12-31,,,0.5,0.5,0.26,84000000.0,0.5,56400000.0,116000000.0,114100000.0,1900000.0,116000000.0,,808000000.0,1141500000.0,19600000.0,56500000.0,,,808000000.0,333500000.0,58200000.0,16100000.0,140500000.0,193000000.0,-22500000.0,170500000.0,1141500000.0,232800000.0,232600000.0,235400000.0
WEC Energy Group Inc,WEC,549300IGLYTZUK3PVP70,783325,2011.0,FY,2011-01-01,2011-12-31,2014-02-27 12:33:38+00:00,,2.26,2.26,1.04,330200000.0,2.24,263900000.0,526200000.0,512800000.0,13400000.0,526200000.0,,3155200000.0,4486400000.0,62700000.0,113700000.0,,,3155200000.0,1331200000.0,235800000.0,62500000.0,443900000.0,887300000.0,-110600000.0,776700000.0,4486400000.0,232800000.0,232600000.0,235400000.0
WEC Energy Group Inc,WEC,549300IGLYTZUK3PVP70,783325,2011.0,Q3YTD,2011-01-01,2011-09-30,,,1.77,1.77,0.78,246200000.0,1.77,207500000.0,410200000.0,398700000.0,11500000.0,410200000.0,,2347200000.0,3344900000.0,43100000.0,57200000.0,,,2347200000.0,997700000.0,177600000.0,46400000.0,303400000.0,694300000.0,-88100000.0,606200000.0,3344900000.0,231800000.0,232200000.0,234900000.0
WEC Energy Group Inc,WEC,549300IGLYTZUK3PVP70,783325,2011.0,Q3TTM,2010-10-01,2011-09-30,,-46600000.0,2.31,2.31,0.98,323200000.0,2.31,275400000.0,536100000.0,524300000.0,11800000.0,536100000.0,,3164700000.0,4514500000.0,57800000.0,163200000.0,,,3164700000.0,1349800000.0,229100000.0,61000000.0,439800000.0,910000000.0,-110300000.0,799700000.0,4514500000.0,231800000.0,232200000.0,234900000.0
WEC Energy Group Inc,WEC,549300IGLYTZUK3PVP70,783325,2011.0,Q3,2011-07-01,2011-09-30,2012-11-02 09:26:58+00:00,,0.56,0.56,0.26,82600000.0,0.55,69600000.0,129800000.0,129800000.0,0.0,129800000.0,,717000000.0,1052800000.0,16200000.0,28900000.0,,,717000000.0,335800000.0,56800000.0,15700000.0,111500000.0,224300000.0,-24900000.0,199400000.0,1052800000.0,231800000.0,232200000.0,234900000.0
WEC Energy Group Inc,WEC,549300IGLYTZUK3PVP70,783325,2011.0,Q2YTD,2011-01-01,2011-06-30,,,1.2,1.2,0.52,163600000.0,1.2,137900000.0,280400000.0,268900000.0,11500000.0,280400000.0,,1630200000.0,2292100000.0,26900000.0,28300000.0,,,1630200000.0,661900000.0,120800000.0,30700000.0,191900000.0,470000000.0,-63200000.0,406800000.0,2292100000.0,233000000.0,233700000.0,236600000.0
WEC Energy Group Inc,WEC,549300IGLYTZUK3PVP70,783325,2011.0,Q2TTM,2010-07-01,2011-06-30,,-101800000.0,2.22,2.22,0.92,318000000.0,2.22,268800000.0,518500000.0,506800000.0,11700000.0,518500000.0,,3168800000.0,4408000000.0,51200000.0,134300000.0,,,3168800000.0,1239200000.0,224800000.0,60500000.0,350500000.0,888700000.0,-113100000.0,775600000.0,4408000000.0,233000000.0,233700000.0,236600000.0
WEC Energy Group Inc,WEC,549300IGLYTZUK3PVP70,783325,2011.0,Q2,2011-04-01,2011-06-30,2012-08-02 11:42:33+00:00,,0.47,0.47,0.26,82300000.0,0.46,48600000.0,109500000.0,98000000.0,11500000.0,109500000.0,,706700000.0,991700000.0,14400000.0,28300000.0,,,706700000.0,285000000.0,57400000.0,15200000.0,110600000.0,174400000.0,-27800000.0,146600000.0,991700000.0,233000000.0,233700000.0,236600000.0
WEC Energy Group Inc,WEC,549300IGLYTZUK3PVP70,783325,2011.0,Q1,2011-01-01,2011-03-31,2012-05-03 12:34:28+00:00,,,,0.26,81300000.0,,89300000.0,170900000.0,170900000.0,,170900000.0,,923500000.0,1300400000.0,12500000.0,,,,923500000.0,376900000.0,63400000.0,15500000.0,81300000.0,295600000.0,-35400000.0,260200000.0,1300400000.0,,233700000.0,236600000.0
WEC Energy Group Inc,WEC,549300IGLYTZUK3PVP70,783325,2011.0,Q1TTM,2010-04-01,2011-03-31,,-149000000.0,2.13,2.13,0.86,312500000.0,2.13,267800000.0,497700000.0,496300000.0,1400000.0,497700000.0,,3133800000.0,4280900000.0,46500000.0,106000000.0,,,3133800000.0,1147100000.0,220400000.0,60400000.0,269500000.0,877600000.0,-113500000.0,764100000.0,4280900000.0,,233700000.0,236600000.0
WEC Energy Group Inc,WEC,549300IGLYTZUK3PVP70,783325,2012.0,FY,2012-01-01,2012-12-31,2015-02-27 09:45:12+00:00,,2.37,2.37,1.2,364200000.0,2.35,306300000.0,546300000.0,546300000.0,,546300000.0,,2760500000.0,4246400000.0,34800000.0,121400000.0,,,2760500000.0,1485900000.0,248200000.0,65700000.0,485600000.0,1000300000.0,-147700000.0,852600000.0,4246400000.0,230500000.0,230200000.0,232800000.0
WEC Energy Group Inc,WEC,549300IGLYTZUK3PVP70,783325,2012.0,Q4,2012-10-01,2012-12-31,,,0.43,0.43,0.3,94500000.0,0.43,53700000.0,98800000.0,98800000.0,,98800000.0,,744800000.0,1071200000.0,1200000.0,30500000.0,,,744800000.0,326400000.0,66900000.0,16800000.0,125000000.0,201400000.0,-48900000.0,152500000.0,1071200000.0,230500000.0,230200000.0,232800000.0
WEC Energy Group Inc,WEC,549300IGLYTZUK3PVP70,783325,2012.0,Q3,2012-07-01,2012-09-30,2013-11-01 10:38:29+00:00,,,,0.3,91800000.0,,89700000.0,156100000.0,156100000.0,,156100000.0,,636500000.0,1039300000.0,9000000.0,30400000.0,,,636500000.0,402800000.0,60900000.0,17100000.0,122200000.0,280600000.0,-34800000.0,245800000.0,1039300000.0,,230400000.0,232900000.0
WEC Energy Group Inc,WEC,549300IGLYTZUK3PVP70,783325,2012.0,Q3YTD,2012-01-01,2012-09-30,,,1.94,1.94,0.9,269700000.0,1.94,252600000.0,447500000.0,447500000.0,,447500000.0,,2015700000.0,3175200000.0,33600000.0,90900000.0,,,2015700000.0,1159500000.0,181300000.0,48900000.0,360600000.0,798900000.0,-98800000.0,700100000.0,3175200000.0,,230400000.0,232900000.0
WEC Energy Group Inc,WEC,549300IGLYTZUK3PVP70,783325,2012.0,Q3TTM,2011-10-01,2012-09-30,,,2.45,2.45,1.16,353700000.0,2.45,309000000.0,563500000.0,561600000.0,1900000.0,563500000.0,,2823700000.0,4316700000.0,53200000.0,147400000.0,,,2823700000.0,1493000000.0,239500000.0,65000000.0,501100000.0,991900000.0,-121300000.0,870600000.0,4316700000.0,,230400000.0,232900000.0
WEC Energy Group Inc,WEC,549300IGLYTZUK3PVP70,783325,2012.0,Q2,2012-04-01,2012-06-30,2013-08-01 08:55:04+00:00,,,,0.3,90300000.0,,66600000.0,119300000.0,119300000.0,,119300000.0,,601600000.0,944700000.0,8600000.0,30200000.0,,,601600000.0,343100000.0,61500000.0,16200000.0,120500000.0,222600000.0,-36700000.0,185900000.0,944700000.0,,230400000.0,233100000.0
WEC Energy Group Inc,WEC,549300IGLYTZUK3PVP70,783325,2012.0,Q2YTD,2012-01-01,2012-06-30,,,1.26,1.26,0.6,177900000.0,1.26,162900000.0,291400000.0,291400000.0,,291400000.0,,1379200000.0,2135900000.0,24600000.0,60500000.0,,,1379200000.0,756700000.0,120400000.0,31800000.0,238400000.0,518300000.0,-64000000.0,454300000.0,2135900000.0,,230400000.0,233100000.0
WEC Energy Group Inc,WEC,549300IGLYTZUK3PVP70,783325,2012.0,Q2TTM,2011-07-01,2012-06-30,,,2.33,2.33,1.12,344500000.0,2.33,288900000.0,537200000.0,535300000.0,1900000.0,537200000.0,,2904200000.0,4330200000.0,60400000.0,145900000.0,,,2904200000.0,1426000000.0,235400000.0,63600000.0,490400000.0,935600000.0,-111400000.0,824200000.0,4330200000.0,,230400000.0,233100000.0
WEC Energy Group Inc,WEC,549300IGLYTZUK3PVP70,783325,2012.0,Q1TTM,2011-04-01,2012-03-31,,,2.29,2.29,1.09,336500000.0,2.29,270900000.0,527400000.0,514000000.0,13400000.0,527400000.0,,3009300000.0,4377200000.0,66200000.0,144000000.0,,,3009300000.0,1367900000.0,231300000.0,62600000.0,480500000.0,887400000.0,-102500000.0,784900000.0,4377200000.0,,230500000.0,233200000.0
WEC Energy Group Inc,WEC,549300IGLYTZUK3PVP70,783325,2012.0,Q1,2012-01-01,2012-03-31,2013-05-02 12:23:20+00:00,,,,0.3,87600000.0,,96300000.0,172100000.0,172100000.0,,172100000.0,,777600000.0,1191200000.0,16000000.0,30300000.0,,,777600000.0,413600000.0,58900000.0,15600000.0,117900000.0,295700000.0,-27300000.0,268400000.0,1191200000.0,,230500000.0,233200000.0
WEC Energy Group Inc,WEC,549300IGLYTZUK3PVP70,783325,2013.0,FY,2013-01-01,2013-12-31,2016-02-26 15:14:39+00:00,,2.54,2.54,1.45,340100000.0,2.51,337900000.0,577400000.0,578600000.0,,576200000.0,,2982100000.0,4519000000.0,18800000.0,116700000.0,1200000.0,,2982100000.0,1536900000.0,250900000.0,68500000.0,456800000.0,1080100000.0,-163600000.0,916500000.0,4519000000.0,226900000.0,227600000.0,229700000.0
WEC Energy Group Inc,WEC,549300IGLYTZUK3PVP70,783325,2013.0,Q3YTD,2013-01-01,2013-09-30,,,1.91,1.91,1.07,289100000.0,1.91,251400000.0,433100000.0,433100000.0,,433100000.0,,2154700000.0,3340700000.0,15300000.0,88400000.0,,,2154700000.0,1186000000.0,190300000.0,51000000.0,377500000.0,808500000.0,-124000000.0,684500000.0,3340700000.0,,226800000.0,228800000.0
WEC Energy Group Inc,WEC,549300IGLYTZUK3PVP70,783325,2013.0,Q3TTM,2012-10-01,2013-09-30,,,2.35,2.35,1.37,383600000.0,2.35,305100000.0,531900000.0,531900000.0,,531900000.0,,2899500000.0,4411900000.0,16500000.0,118900000.0,,,2899500000.0,1512400000.0,257200000.0,67800000.0,502500000.0,1009900000.0,-172900000.0,837000000.0,4411900000.0,,226800000.0,228800000.0
WEC Energy Group Inc,WEC,549300IGLYTZUK3PVP70,783325,2013.0,Q3,2013-07-01,2013-09-30,2014-10-31 10:33:36+00:00,,,,0.3825,96900000.0,,80700000.0,137500000.0,137500000.0,,137500000.0,,668800000.0,1053200000.0,5100000.0,29500000.0,,,668800000.0,384400000.0,62000000.0,17100000.0,126400000.0,258000000.0,-39800000.0,218200000.0,1053200000.0,,226800000.0,228800000.0
WEC Energy Group Inc,WEC,549300IGLYTZUK3PVP70,783325,2013.0,Q2YTD,2013-01-01,2013-06-30,,,1.29,1.29,0.68,192200000.0,1.29,170700000.0,295600000.0,295600000.0,,295600000.0,,1485900000.0,2287500000.0,10200000.0,58900000.0,,,1485900000.0,801600000.0,128300000.0,33900000.0,251100000.0,550500000.0,-84200000.0,466300000.0,2287500000.0,,228400000.0,230500000.0
WEC Energy Group Inc,WEC,549300IGLYTZUK3PVP70,783325,2013.0,Q2TTM,2012-07-01,2013-06-30,,,2.41,2.41,1.29,378500000.0,2.41,314100000.0,550500000.0,550500000.0,,550500000.0,,2867200000.0,4398000000.0,20400000.0,119800000.0,,,2867200000.0,1530800000.0,256100000.0,67800000.0,498300000.0,1032500000.0,-167900000.0,864600000.0,4398000000.0,,228400000.0,230500000.0
WEC Energy Group Inc,WEC,549300IGLYTZUK3PVP70,783325,2013.0,Q2,2013-04-01,2013-06-30,2014-08-01 11:34:52+00:00,,,,0.34,96700000.0,,70300000.0,119000000.0,119000000.0,,119000000.0,,656700000.0,1012300000.0,5800000.0,29400000.0,,,656700000.0,355600000.0,63300000.0,17300000.0,126100000.0,229500000.0,-40200000.0,189300000.0,1012300000.0,,228400000.0,230500000.0
WEC Energy Group Inc,WEC,549300IGLYTZUK3PVP70,783325,2013.0,Q1TTM,2012-04-01,2013-03-31,,,2.41,2.41,1.25,372100000.0,2.41,310400000.0,550800000.0,550800000.0,,550800000.0,,2812100000.0,4330400000.0,23200000.0,120600000.0,,,2812100000.0,1518300000.0,254300000.0,66700000.0,492700000.0,1025600000.0,-164400000.0,861200000.0,4330400000.0,,228900000.0,231200000.0
WEC Energy Group Inc,WEC,549300IGLYTZUK3PVP70,783325,2013.0,Q1,2013-01-01,2013-03-31,2014-05-02 12:53:14+00:00,,,,0.34,95500000.0,,100400000.0,176600000.0,176600000.0,,176600000.0,,829200000.0,1275200000.0,4400000.0,29500000.0,,,829200000.0,446000000.0,65000000.0,16600000.0,125000000.0,321000000.0,-44000000.0,277000000.0,1275200000.0,,228900000.0,231200000.0
WEC Energy Group Inc,WEC,549300IGLYTZUK3PVP70,783325,2014.0,FY,2014-01-01,2014-12-31,2017-02-28 13:22:19+00:00,,2.61,2.61,1.56,391400000.0,2.59,361700000.0,588300000.0,589500000.0,,587100000.0,,3371800000.0,4997100000.0,13400000.0,121800000.0,1200000.0,,3371800000.0,1625300000.0,240300000.0,66000000.0,513200000.0,1112100000.0,-160900000.0,951200000.0,4997100000.0,224900000.0,225600000.0,227500000.0
WEC Energy Group Inc,WEC,549300IGLYTZUK3PVP70,783325,2014.0,Q3,2014-07-01,2014-09-30,2015-11-06 14:33:24+00:00,,,,0.39,99800000.0,,80300000.0,126300000.0,126300000.0,,126300000.0,,407400000.0,1033300000.0,2900000.0,30600000.0,,249400000.0,407400000.0,625900000.0,60400000.0,18000000.0,379800000.0,246100000.0,-39500000.0,206600000.0,1033300000.0,,225500000.0,227400000.0
WEC Energy Group Inc,WEC,549300IGLYTZUK3PVP70,783325,2014.0,Q3YTD,2014-01-01,2014-09-30,,,,,0.78,301800000.0,,284900000.0,466900000.0,466900000.0,,466900000.0,,2267300000.0,3778600000.0,12100000.0,91500000.0,,249400000.0,2267300000.0,1511300000.0,181700000.0,52800000.0,642700000.0,868600000.0,-116800000.0,751800000.0,3778600000.0,,225500000.0,227400000.0
WEC Energy Group Inc,WEC,549300IGLYTZUK3PVP70,783325,2014.0,Q3TTM,2013-10-01,2014-09-30,,,2.54,2.54,1.17,352800000.0,2.51,371400000.0,611200000.0,612400000.0,,610000000.0,,3094700000.0,4956900000.0,15600000.0,119800000.0,1200000.0,249400000.0,3094700000.0,1862200000.0,242300000.0,70300000.0,722000000.0,1140200000.0,-156400000.0,983800000.0,4956900000.0,,225500000.0,227400000.0
WEC Energy Group Inc,WEC,549300IGLYTZUK3PVP70,783325,2014.0,Q2YTD,2014-01-01,2014-06-30,,,,,0.39,202000000.0,,204600000.0,340600000.0,340600000.0,,340600000.0,,1859900000.0,2745300000.0,9200000.0,60900000.0,,,1859900000.0,885400000.0,121300000.0,34800000.0,262900000.0,622500000.0,-77300000.0,545200000.0,2745300000.0,,225500000.0,227600000.0
WEC Energy Group Inc,WEC,549300IGLYTZUK3PVP70,783325,2014.0,Q2TTM,2013-07-01,2014-06-30,,,2.54,2.54,1.16,349900000.0,2.51,371800000.0,622400000.0,623600000.0,,621200000.0,,3356100000.0,4976800000.0,17800000.0,118700000.0,1200000.0,,3356100000.0,1620700000.0,243900000.0,69400000.0,468600000.0,1152100000.0,-156700000.0,995400000.0,4976800000.0,,225500000.0,227600000.0
WEC Energy Group Inc,WEC,549300IGLYTZUK3PVP70,783325,2014.0,Q2,2014-04-01,2014-06-30,2015-08-05 14:57:48+00:00,,,,,101400000.0,,74300000.0,133000000.0,133000000.0,,133000000.0,,674400000.0,1046800000.0,8100000.0,30300000.0,,,674400000.0,372400000.0,59000000.0,17500000.0,131700000.0,240700000.0,-33400000.0,207300000.0,1046800000.0,,225500000.0,227600000.0
WEC Energy Group Inc,WEC,549300IGLYTZUK3PVP70,783325,2014.0,Q1TTM,2013-04-01,2014-03-31,,,2.54,2.54,1.5,345200000.0,2.51,367800000.0,608400000.0,609600000.0,,607200000.0,,3338400000.0,4942300000.0,15500000.0,117800000.0,1200000.0,,3338400000.0,1603900000.0,248200000.0,69200000.0,463000000.0,1140900000.0,-163500000.0,977400000.0,4942300000.0,,225800000.0,227700000.0
WEC Energy Group Inc,WEC,549300IGLYTZUK3PVP70,783325,2014.0,Q1,2014-01-01,2014-03-31,2015-05-07 12:45:57+00:00,,,,0.39,100600000.0,,130300000.0,207600000.0,207600000.0,,207600000.0,,1185500000.0,1698500000.0,1100000.0,30600000.0,,,1185500000.0,513000000.0,62300000.0,17300000.0,131200000.0,381800000.0,-43900000.0,337900000.0,1698500000.0,,225800000.0,227700000.0
WEC Energy Group Inc,WEC,549300IGLYTZUK3PVP70,783325,2015.0,FY,2015-01-01,2015-12-31,2018-02-28 12:23:35+00:00,,2.36,2.36,1.74,561800000.0,2.34,433800000.0,638500000.0,640300000.0,,636700000.0,,3949400000.0,5926100000.0,58900000.0,164400000.0,1800000.0,,3949400000.0,1976700000.0,331400000.0,96100000.0,726200000.0,1250500000.0,-176400000.0,1074100000.0,5926100000.0,269800000.0,271100000.0,272700000.0
WEC Energy Group Inc,WEC,549300IGLYTZUK3PVP70,783325,2015.0,Q4,2015-10-01,2015-12-31,,,2.36,2.36,0.45,179200000.0,2.34,137700000.0,179300000.0,179900000.0,,178700000.0,,2391900000.0,1848300000.0,18700000.0,50600000.0,600000.0,-1153600000.0,2391900000.0,-543600000.0,107000000.0,25700000.0,-923800000.0,380200000.0,-62600000.0,317600000.0,1848300000.0,269800000.0,271100000.0,272700000.0
WEC Energy Group Inc,WEC,549300IGLYTZUK3PVP70,783325,2015.0,Q3,2015-07-01,2015-09-30,2016-11-04 11:11:05+00:00,,,,0.0,176500000.0,,110500000.0,182500000.0,183100000.0,,181900000.0,,590600000.0,1698700000.0,11100000.0,50000000.0,600000.0,535900000.0,590600000.0,1108100000.0,103200000.0,40000000.0,762400000.0,345700000.0,-52100000.0,293600000.0,1698700000.0,,315700000.0,317100000.0
WEC Energy Group Inc,WEC,549300IGLYTZUK3PVP70,783325,2015.0,Q3YTD,2015-01-01,2015-09-30,,,,,1.29,382600000.0,,296100000.0,459200000.0,460400000.0,,458000000.0,,1557500000.0,4077800000.0,40200000.0,113800000.0,1200000.0,1153600000.0,1557500000.0,2520300000.0,224400000.0,70400000.0,1650000000.0,870300000.0,-113800000.0,756500000.0,4077800000.0,,315700000.0,317100000.0
WEC Energy Group Inc,WEC,549300IGLYTZUK3PVP70,783325,2015.0,Q3TTM,2014-10-01,2015-09-30,,,2.61,2.61,2.07,472200000.0,2.59,372900000.0,580600000.0,583000000.0,,578200000.0,,2662000000.0,5296300000.0,41500000.0,144100000.0,2400000.0,904200000.0,2662000000.0,2634300000.0,283000000.0,83600000.0,1520500000.0,1113800000.0,-157900000.0,955900000.0,5296300000.0,,315700000.0,317100000.0
WEC Energy Group Inc,WEC,549300IGLYTZUK3PVP70,783325,2015.0,Q2,2015-04-01,2015-06-30,2016-08-05 10:24:39+00:00,,,,0.8629,103500000.0,,63200000.0,80900000.0,81200000.0,,80600000.0,,353000000.0,991200000.0,26100000.0,31900000.0,300000.0,337000000.0,353000000.0,638200000.0,61800000.0,14300000.0,472400000.0,165800000.0,-21400000.0,144400000.0,991200000.0,,227500000.0,229100000.0
WEC Energy Group Inc,WEC,549300IGLYTZUK3PVP70,783325,2015.0,Q2YTD,2015-01-01,2015-06-30,,,,,1.29,206100000.0,,185600000.0,276700000.0,277300000.0,,276100000.0,,966900000.0,2379100000.0,29100000.0,63800000.0,600000.0,617700000.0,966900000.0,1412200000.0,121200000.0,30400000.0,887600000.0,524600000.0,-61700000.0,462900000.0,2379100000.0,,227500000.0,229100000.0
WEC Energy Group Inc,WEC,549300IGLYTZUK3PVP70,783325,2015.0,Q2TTM,2014-07-01,2015-06-30,,,2.61,2.61,2.46,395500000.0,2.59,342700000.0,524400000.0,526200000.0,,522600000.0,,2478800000.0,4630900000.0,33300000.0,124700000.0,1800000.0,617700000.0,2478800000.0,2152100000.0,240200000.0,61600000.0,1137900000.0,1014200000.0,-145300000.0,868900000.0,4630900000.0,,227500000.0,229100000.0
WEC Energy Group Inc,WEC,549300IGLYTZUK3PVP70,783325,2015.0,Q1,2015-01-01,2015-03-31,2016-05-06 09:47:21+00:00,,,,0.4225,102600000.0,,122400000.0,195800000.0,196100000.0,,195500000.0,,613900000.0,1387900000.0,3000000.0,31900000.0,300000.0,280700000.0,613900000.0,774000000.0,59400000.0,16100000.0,415200000.0,358800000.0,-40300000.0,318500000.0,1387900000.0,,225500000.0,227300000.0
WEC Energy Group Inc,WEC,549300IGLYTZUK3PVP70,783325,2015.0,Q1TTM,2014-04-01,2015-03-31,,,2.61,2.61,1.59,393400000.0,2.59,353800000.0,576500000.0,578000000.0,,575000000.0,,2800200000.0,4686500000.0,15300000.0,123100000.0,1500000.0,280700000.0,2800200000.0,1886300000.0,237400000.0,64800000.0,797200000.0,1089100000.0,-157300000.0,931800000.0,4686500000.0,,225500000.0,227300000.0
WEC Energy Group Inc,WEC,549300IGLYTZUK3PVP70,783325,2016.0,FY,2016-01-01,2016-12-31,2019-02-26 14:41:13+00:00,,2.98,2.98,1.98,762600000.0,2.98,566500000.0,940200000.0,940200000.0,,940200000.0,,2647400000.0,7472300000.0,66600000.0,194700000.0,,2171300000.0,2647400000.0,4824900000.0,402700000.0,146500000.0,3128600000.0,1696300000.0,-189600000.0,1506700000.0,7472300000.0,315500000.0,315600000.0,316900000.0
WEC Energy Group Inc,WEC,549300IGLYTZUK3PVP70,783325,2016.0,Q4,2016-10-01,2016-12-31,,,2.98,2.98,-1.49,193100000.0,2.98,111400000.0,195600000.0,194700000.0,,196500000.0,,745500000.0,1963000000.0,-6000000.0,48200000.0,-900000.0,600300000.0,745500000.0,1217500000.0,102600000.0,38800000.0,841600000.0,375900000.0,-69800000.0,306100000.0,1963000000.0,315500000.0,315600000.0,316900000.0
WEC Energy Group Inc,WEC,549300IGLYTZUK3PVP70,783325,2016.0,Q3,2016-07-01,2016-09-30,2017-11-03 11:03:10+00:00,,,,0.495,191600000.0,,128400000.0,217000000.0,217300000.0,,216700000.0,,554700000.0,1712500000.0,7500000.0,49700000.0,300000.0,517500000.0,554700000.0,1157800000.0,99100000.0,38300000.0,758800000.0,399000000.0,-53300000.0,345700000.0,1712500000.0,,315600000.0,316900000.0
WEC Energy Group Inc,WEC,549300IGLYTZUK3PVP70,783325,2016.0,Q3YTD,2016-01-01,2016-09-30,,,,,1.49,569500000.0,,455100000.0,744600000.0,745500000.0,,743700000.0,,1901900000.0,5509300000.0,72600000.0,146500000.0,900000.0,1571000000.0,1901900000.0,3607400000.0,300100000.0,107700000.0,2287000000.0,1320400000.0,-119800000.0,1200600000.0,5509300000.0,,315600000.0,316900000.0
WEC Energy Group Inc,WEC,549300IGLYTZUK3PVP70,783325,2016.0,Q3TTM,2015-10-01,2016-09-30,,,2.36,2.36,1.94,748700000.0,2.34,592800000.0,923900000.0,925400000.0,,922400000.0,,4293800000.0,7357600000.0,91300000.0,197100000.0,1500000.0,417400000.0,4293800000.0,3063800000.0,407100000.0,133400000.0,1363200000.0,1700600000.0,-182400000.0,1518200000.0,7357600000.0,,315600000.0,316900000.0
WEC Energy Group Inc,WEC,549300IGLYTZUK3PVP70,783325,2016.0,Q2,2016-04-01,2016-06-30,2017-08-04 10:10:36+00:00,,,,0.495,190000000.0,,113600000.0,181400000.0,181700000.0,,181100000.0,,508300000.0,1602000000.0,32400000.0,49600000.0,300000.0,522000000.0,508300000.0,1093700000.0,100100000.0,30900000.0,761600000.0,332100000.0,-36800000.0,295300000.0,1602000000.0,,315600000.0,317000000.0
WEC Energy Group Inc,WEC,549300IGLYTZUK3PVP70,783325,2016.0,Q2YTD,2016-01-01,2016-06-30,,,,,0.99,377900000.0,,326700000.0,527600000.0,528200000.0,,527000000.0,,1347200000.0,3796800000.0,65100000.0,96800000.0,600000.0,1053500000.0,1347200000.0,2449600000.0,201000000.0,69400000.0,1528200000.0,921400000.0,-66500000.0,854900000.0,3796800000.0,,315600000.0,317000000.0
WEC Energy Group Inc,WEC,549300IGLYTZUK3PVP70,783325,2016.0,Q2TTM,2015-07-01,2016-06-30,,,2.36,2.36,1.44,733600000.0,2.34,574900000.0,889400000.0,891200000.0,,887600000.0,,4329700000.0,7343800000.0,94900000.0,197400000.0,1800000.0,435800000.0,4329700000.0,3014100000.0,411200000.0,135100000.0,1366800000.0,1647300000.0,-181200000.0,1466100000.0,7343800000.0,,315600000.0,317000000.0
WEC Energy Group Inc,WEC,549300IGLYTZUK3PVP70,783325,2016.0,Q1,2016-01-01,2016-03-31,2017-05-05 10:07:14+00:00,,,,0.495,187900000.0,,213100000.0,346200000.0,346500000.0,,345900000.0,,838900000.0,2194800000.0,32700000.0,47200000.0,300000.0,531500000.0,838900000.0,1355900000.0,100900000.0,38500000.0,766600000.0,589300000.0,-29700000.0,559600000.0,2194800000.0,,315700000.0,317100000.0
WEC Energy Group Inc,WEC,549300IGLYTZUK3PVP70,783325,2016.0,Q1TTM,2015-04-01,2016-03-31,,,2.36,2.36,1.81,647100000.0,2.34,524500000.0,788900000.0,790700000.0,,787100000.0,,4174400000.0,6733000000.0,88600000.0,179700000.0,1800000.0,250800000.0,4174400000.0,2558600000.0,372900000.0,118500000.0,1077600000.0,1481000000.0,-165800000.0,1315200000.0,6733000000.0,,315700000.0,317100000.0
WEC Energy Group Inc,WEC,549300IGLYTZUK3PVP70,783325,2017.0,FY,2017-01-01,2017-12-31,2020-02-27 11:33:53+00:00,,3.81,3.81,2.08,798600000.0,3.79,383500000.0,1204900000.0,1204900000.0,,1203700000.0,0.0,2822800000.0,7648500000.0,73700000.0,194900000.0,1200000.0,2056100000.0,2822800000.0,4825700000.0,415700000.0,154300000.0,3049600000.0,1776100000.0,-187700000.0,1588400000.0,7648500000.0,315900000.0,315600000.0,317200000.0
WEC Energy Group Inc,WEC,549300IGLYTZUK3PVP70,783325,2017.0,Q4,2017-10-01,2017-12-31,,,3.81,3.81,-1.56,205100000.0,3.79,-75300000.0,433800000.0,432900000.0,,433500000.0,,797200000.0,2055000000.0,24500000.0,47000000.0,300000.0,598700000.0,797200000.0,1257800000.0,105300000.0,31400000.0,850800000.0,407000000.0,-49400000.0,357600000.0,2055000000.0,315900000.0,315600000.0,317200000.0
WEC Energy Group Inc,WEC,549300IGLYTZUK3PVP70,783325,2017.0,Q3,2017-07-01,2017-09-30,2018-11-02 12:03:13+00:00,,,,0.52,201200000.0,,129700000.0,215400000.0,215700000.0,,215100000.0,,542700000.0,1657500000.0,17800000.0,48300000.0,300000.0,473100000.0,542700000.0,1114800000.0,103800000.0,39200000.0,722600000.0,392200000.0,-46800000.0,345400000.0,1657500000.0,,315600000.0,317500000.0
WEC Energy Group Inc,WEC,549300IGLYTZUK3PVP70,783325,2017.0,Q3YTD,2017-01-01,2017-09-30,,,,,1.56,593500000.0,,458800000.0,771100000.0,772000000.0,,770200000.0,,2025600000.0,5593500000.0,49200000.0,147900000.0,900000.0,1457400000.0,2025600000.0,3567900000.0,310400000.0,122900000.0,2198800000.0,1369100000.0,-138300000.0,1230800000.0,5593500000.0,,315600000.0,317500000.0
WEC Energy Group Inc,WEC,549300IGLYTZUK3PVP70,783325,2017.0,Q3TTM,2016-10-01,2017-09-30,,,2.98,2.98,0.07,786600000.0,2.98,570200000.0,966700000.0,966700000.0,,966700000.0,,2771100000.0,7556500000.0,43200000.0,196100000.0,,2057700000.0,2771100000.0,4785400000.0,413000000.0,161700000.0,3040400000.0,1745000000.0,-208100000.0,1536900000.0,7556500000.0,,315600000.0,317500000.0
WEC Energy Group Inc,WEC,549300IGLYTZUK3PVP70,783325,2017.0,Q2,2017-04-01,2017-06-30,2018-08-03 12:14:07+00:00,,,,0.52,197700000.0,,115800000.0,199100000.0,199400000.0,,198800000.0,,541800000.0,1631500000.0,13100000.0,50000000.0,300000.0,479800000.0,541800000.0,1089700000.0,101900000.0,41800000.0,727500000.0,362200000.0,-47000000.0,315200000.0,1631500000.0,,315600000.0,317400000.0
WEC Energy Group Inc,WEC,549300IGLYTZUK3PVP70,783325,2017.0,Q2YTD,2017-01-01,2017-06-30,,,,,1.04,392300000.0,,329100000.0,555700000.0,556300000.0,,555100000.0,,1482900000.0,3936000000.0,31400000.0,99600000.0,600000.0,984300000.0,1482900000.0,2453100000.0,206600000.0,83700000.0,1476200000.0,976900000.0,-91500000.0,885400000.0,3936000000.0,,315600000.0,317400000.0
WEC Energy Group Inc,WEC,549300IGLYTZUK3PVP70,783325,2017.0,Q2TTM,2016-07-01,2017-06-30,,,2.98,2.98,0.05,777000000.0,2.98,568900000.0,968300000.0,968300000.0,,968300000.0,,2783100000.0,7611500000.0,32900000.0,197500000.0,,2102100000.0,2783100000.0,4828400000.0,408300000.0,160800000.0,3076600000.0,1751800000.0,-214600000.0,1537200000.0,7611500000.0,,315600000.0,317400000.0
WEC Energy Group Inc,WEC,549300IGLYTZUK3PVP70,783325,2017.0,Q1,2017-01-01,2017-03-31,2018-05-04 11:57:26+00:00,,,,0.52,194600000.0,,213300000.0,356600000.0,356900000.0,,356300000.0,,941100000.0,2304500000.0,18300000.0,49600000.0,300000.0,504500000.0,941100000.0,1363400000.0,104700000.0,41900000.0,748700000.0,614700000.0,-44500000.0,570200000.0,2304500000.0,,315600000.0,317200000.0
WEC Energy Group Inc,WEC,549300IGLYTZUK3PVP70,783325,2017.0,Q1TTM,2016-04-01,2017-03-31,,,2.98,2.98,0.03,769300000.0,2.98,566700000.0,950600000.0,950600000.0,,950600000.0,,2749600000.0,7582000000.0,52200000.0,197100000.0,,2144300000.0,2749600000.0,4832400000.0,406500000.0,149900000.0,3110700000.0,1721700000.0,-204400000.0,1517300000.0,7582000000.0,,315600000.0,317200000.0
WEC Energy Group Inc,WEC,549300IGLYTZUK3PVP70,783325,2018.0,FY,2018-01-01,2018-12-31,2020-02-27 11:33:53+00:00,,3.36,3.36,2.21,845800000.0,3.34,169800000.0,1060500000.0,1060500000.0,,1059300000.0,0.0,2897900000.0,7679500000.0,70300000.0,196900000.0,1200000.0,2270500000.0,2897900000.0,4781600000.0,445100000.0,136700000.0,3313200000.0,1468400000.0,-238100000.0,1230300000.0,7679500000.0,315300000.0,315500000.0,316900000.0
WEC Energy Group Inc,WEC,549300IGLYTZUK3PVP70,783325,2018.0,Q4,2018-10-01,2018-12-31,,,3.36,3.36,-1.11,217700000.0,3.34,13400000.0,205300000.0,205300000.0,,205000000.0,,854000000.0,2076800000.0,5300000.0,47500000.0,300000.0,667800000.0,854000000.0,1222800000.0,117900000.0,41500000.0,933000000.0,289800000.0,-71100000.0,218700000.0,2076800000.0,315300000.0,315500000.0,316900000.0
WEC Energy Group Inc,WEC,549300IGLYTZUK3PVP70,783325,2018.0,Q3,2018-07-01,2018-09-30,2019-11-06 17:46:18+00:00,,,,0.5525,212800000.0,,17000000.0,233500000.0,233500000.0,,233200000.0,,524100000.0,1643700000.0,26100000.0,51000000.0,300000.0,553100000.0,524100000.0,1119600000.0,112000000.0,33700000.0,816900000.0,302700000.0,-52200000.0,250500000.0,1643700000.0,,315500000.0,316900000.0
WEC Energy Group Inc,WEC,549300IGLYTZUK3PVP70,783325,2018.0,Q3YTD,2018-01-01,2018-09-30,,,,,1.11,628100000.0,,156400000.0,855200000.0,855200000.0,,854300000.0,,2043900000.0,5602700000.0,65000000.0,149400000.0,900000.0,1602700000.0,2043900000.0,3558800000.0,327200000.0,95200000.0,2380200000.0,1178600000.0,-167000000.0,1011600000.0,5602700000.0,,315500000.0,316900000.0
WEC Energy Group Inc,WEC,549300IGLYTZUK3PVP70,783325,2018.0,Q3TTM,2017-10-01,2018-09-30,,,3.81,3.81,-0.46,833200000.0,3.79,81100000.0,1289000000.0,1288100000.0,,1287800000.0,,2841100000.0,7657700000.0,89500000.0,196400000.0,1200000.0,2201400000.0,2841100000.0,4816600000.0,432500000.0,126600000.0,3231000000.0,1585600000.0,-216400000.0,1369200000.0,7657700000.0,,315500000.0,316900000.0
WEC Energy Group Inc,WEC,549300IGLYTZUK3PVP70,783325,2018.0,Q2,2018-04-01,2018-06-30,2019-08-05 17:51:03+00:00,,,,,206700000.0,,51100000.0,231300000.0,231300000.0,,231000000.0,0.0,547700000.0,1672500000.0,31400000.0,49600000.0,300000.0,537700000.0,547700000.0,1124800000.0,108500000.0,28700000.0,794000000.0,330800000.0,-48400000.0,282400000.0,1672500000.0,,315500000.0,316900000.0
WEC Energy Group Inc,WEC,549300IGLYTZUK3PVP70,783325,2018.0,Q2YTD,2018-01-01,2018-06-30,,,,,0.55,415300000.0,,139400000.0,621700000.0,621700000.0,,621100000.0,,1519800000.0,3959000000.0,38900000.0,98400000.0,600000.0,1049600000.0,1519800000.0,2439200000.0,215200000.0,61500000.0,1563300000.0,875900000.0,-114800000.0,761100000.0,3959000000.0,,315500000.0,316900000.0
WEC Energy Group Inc,WEC,549300IGLYTZUK3PVP70,783325,2018.0,Q2TTM,2017-07-01,2018-06-30,,,3.81,3.81,-0.49,821600000.0,3.79,193800000.0,1270900000.0,1270300000.0,,1269700000.0,,2859700000.0,7671500000.0,81200000.0,193700000.0,1200000.0,2121400000.0,2859700000.0,4811800000.0,424300000.0,132100000.0,3136700000.0,1675100000.0,-211000000.0,1464100000.0,7671500000.0,,315500000.0,316900000.0
WEC Energy Group Inc,WEC,549300IGLYTZUK3PVP70,783325,2018.0,Q1,2018-01-01,2018-03-31,2019-05-03 12:38:09+00:00,,,,0.5525,208600000.0,,88300000.0,390400000.0,390400000.0,,390100000.0,,972100000.0,2286500000.0,7500000.0,48800000.0,300000.0,511900000.0,972100000.0,1314400000.0,106700000.0,32800000.0,769300000.0,545100000.0,-66400000.0,478700000.0,2286500000.0,,315500000.0,316900000.0
WEC Energy Group Inc,WEC,549300IGLYTZUK3PVP70,783325,2018.0,Q1TTM,2017-04-01,2018-03-31,,,3.81,3.81,0.03,812600000.0,3.79,258500000.0,1238700000.0,1238400000.0,,1237500000.0,,2853800000.0,7630500000.0,62900000.0,194100000.0,1200000.0,2063500000.0,2853800000.0,4776700000.0,417700000.0,145200000.0,3070200000.0,1706500000.0,-209600000.0,1496900000.0,7630500000.0,,315500000.0,316900000.0
WEC Energy Group Inc,WEC,549300IGLYTZUK3PVP70,783325,2019.0,FY,2019-01-01,2019-12-31,2020-02-27 11:33:53+00:00,,3.6,3.6,2.36,926300000.0,3.58,125000000.0,1134700000.0,1134700000.0,,1134000000.0,-500000.0,2678800000.0,7523100000.0,102200000.0,201800000.0,1200000.0,2184800000.0,2678800000.0,4844300000.0,501500000.0,127600000.0,3312900000.0,1531400000.0,-271700000.0,1259700000.0,7523100000.0,315000000.0,315400000.0,316700000.0
WEC Energy Group Inc,WEC,549300IGLYTZUK3PVP70,783325,2019.0,Q4,2019-10-01,2019-12-31,,,3.6,3.6,-1.18,236200000.0,3.58,33500000.0,244200000.0,244200000.0,,244200000.0,-300000.0,693000000.0,1947500000.0,25900000.0,53800000.0,300000.0,601400000.0,693000000.0,1254500000.0,127200000.0,15900000.0,891400000.0,363100000.0,-85400000.0,277700000.0,1947500000.0,315000000.0,315400000.0,316700000.0
WEC Energy Group Inc,WEC,549300IGLYTZUK3PVP70,783325,2019.0,Q3YTD,2019-01-01,2019-09-30,,,,,1.18,690100000.0,,91500000.0,890500000.0,890500000.0,,889800000.0,-200000.0,1985800000.0,5575600000.0,76300000.0,148000000.0,900000.0,1583400000.0,1985800000.0,3589800000.0,374300000.0,111700000.0,2421500000.0,1168300000.0,-186300000.0,982000000.0,5575600000.0,,315400000.0,316800000.0
WEC Energy Group Inc,WEC,549300IGLYTZUK3PVP70,783325,2019.0,Q3TTM,2018-10-01,2019-09-30,,,3.36,3.36,0.07,907800000.0,3.34,104900000.0,1095800000.0,1095800000.0,,1094800000.0,-200000.0,2839800000.0,7652400000.0,81600000.0,195500000.0,1200000.0,2251200000.0,2839800000.0,4812600000.0,492200000.0,153200000.0,3354500000.0,1458100000.0,-257400000.0,1200700000.0,7652400000.0,,315400000.0,316800000.0
WEC Energy Group Inc,WEC,549300IGLYTZUK3PVP70,783325,2019.0,Q3,2019-07-01,2019-09-30,2019-11-06 17:46:18+00:00,,,,0.59,233800000.0,,11300000.0,234300000.0,234300000.0,,234000000.0,,484300000.0,1608000000.0,21800000.0,49800000.0,300000.0,529200000.0,484300000.0,1123700000.0,125800000.0,38700000.0,812800000.0,310900000.0,-65300000.0,245600000.0,1608000000.0,,315400000.0,316800000.0
WEC Energy Group Inc,WEC,549300IGLYTZUK3PVP70,783325,2019.0,Q2YTD,2019-01-01,2019-06-30,,,,,0.59,456300000.0,,80200000.0,656200000.0,656200000.0,,655800000.0,-200000.0,1501500000.0,3967600000.0,54500000.0,98200000.0,600000.0,1054200000.0,1501500000.0,2466100000.0,248500000.0,73000000.0,1608700000.0,857400000.0,-121000000.0,736400000.0,3967600000.0,,315400000.0,316700000.0
WEC Energy Group Inc,WEC,549300IGLYTZUK3PVP70,783325,2019.0,Q2TTM,2018-07-01,2019-06-30,,,3.36,3.36,0.04,886800000.0,3.34,110600000.0,1095000000.0,1095000000.0,,1094000000.0,-200000.0,2879600000.0,7688100000.0,85900000.0,196700000.0,1200000.0,2275100000.0,2879600000.0,4808500000.0,478400000.0,148200000.0,3358600000.0,1449900000.0,-244300000.0,1205600000.0,7688100000.0,,315400000.0,316700000.0
WEC Energy Group Inc,WEC,549300IGLYTZUK3PVP70,783325,2019.0,Q2,2019-04-01,2019-06-30,2019-08-05 17:51:03+00:00,,,,,229900000.0,,15200000.0,235800000.0,235800000.0,,235700000.0,-200000.0,491900000.0,1590200000.0,23600000.0,50200000.0,300000.0,503600000.0,491900000.0,1098300000.0,124100000.0,36900000.0,783700000.0,314600000.0,-63600000.0,251000000.0,1590200000.0,,315400000.0,316700000.0
WEC Energy Group Inc,WEC,549300IGLYTZUK3PVP70,783325,2019.0,Q1,2019-01-01,2019-03-31,2020-05-06 17:59:11+00:00,,,,0.59,226400000.0,,65000000.0,420400000.0,420400000.0,,420100000.0,0.0,1009600000.0,2377400000.0,30900000.0,48000000.0,300000.0,550600000.0,1009600000.0,1367800000.0,124400000.0,36100000.0,825000000.0,542800000.0,-57400000.0,485400000.0,2377400000.0,,315500000.0,316700000.0
WEC Energy Group Inc,WEC,549300IGLYTZUK3PVP70,783325,2019.0,Q1TTM,2018-04-01,2019-03-31,,,3.36,3.36,0.04,863600000.0,3.34,146500000.0,1090500000.0,1090500000.0,,1089300000.0,,2935400000.0,7770400000.0,93700000.0,196100000.0,1200000.0,2309200000.0,2935400000.0,4835000000.0,462800000.0,140000000.0,3368900000.0,1466100000.0,-229100000.0,1237000000.0,7770400000.0,,315500000.0,316700000.0
WEC Energy Group Inc,WEC,549300IGLYTZUK3PVP70,783325,2020.0,Q1TTM,2019-04-01,2020-03-31,,,3.6,3.6,0.04,939000000.0,3.58,150000000.0,1166900000.0,1166900000.0,,1166400000.0,-700000.0,2403900000.0,7254300000.0,76900000.0,206300000.0,1200000.0,2089900000.0,2403900000.0,4850400000.0,506500000.0,131300000.0,3235200000.0,1615200000.0,-298300000.0,1316900000.0,7254300000.0,,315400000.0,316700000.0
WEC Energy Group Inc,WEC,549300IGLYTZUK3PVP70,783325,2020.0,Q1,2020-01-01,2020-03-31,2020-05-06 17:59:11+00:00,,,,0.6325,239100000.0,,90000000.0,452600000.0,452600000.0,,452500000.0,-200000.0,734700000.0,2108600000.0,5600000.0,52500000.0,300000.0,455700000.0,734700000.0,1373900000.0,129400000.0,39800000.0,747300000.0,626600000.0,-84000000.0,542600000.0,2108600000.0,,315400000.0,316700000.0
