company_name,company_ticker,company_lei,company_cik,year,quarter,start_date,end_date,filing_date,basicdilutedeps,basiceps,cashdividendspershare,dilutedeps,impairmentexpense,incometaxexpense,marketingexpense,netincome,netincomecontinuing,netincometocommon,netincometononcontrollinginterest,operatingcostofrevenue,operatingrevenue,otheroperatingexpenses,rdexpense,sgaexpense,totalcostofrevenue,totalgrossprofit,totalinterestexpense,totalinterestincome,totaloperatingexpenses,totaloperatingincome,totalotherincome,totalpretaxincome,totalrevenue,weightedavebasicdilutedsharesos,weightedavebasicsharesos,weightedavedilutedsharesos
IDEXX Laboratories Inc,IDXX,OGMTXK0LUU1HKV2P0J84,874716,2008.0,FY,2008-01-01,2008-12-31,2011-02-22 16:14:02+00:00,1.94,1.94,,1.87,,54018000.0,169956000.0,116169000.0,116169000.0,116169000.0,,494264000.0,1024030000.0,,70673000.0,116681000.0,494264000.0,529766000.0,4589000.0,2320000.0,357310000.0,172456000.0,-2269000.0,170187000.0,1024030000.0,59900000.0,59953000.0,62249000.0
IDEXX Laboratories Inc,IDXX,OGMTXK0LUU1HKV2P0J84,874716,2009.0,FY,2009-01-01,2009-12-31,2012-02-17 16:45:32+00:00,2.08,2.08,,2.01,,52304000.0,167748000.0,122235000.0,122235000.0,122225000.0,10000.0,505352000.0,1031633000.0,,65124000.0,117440000.0,505352000.0,526281000.0,1916000.0,486000.0,350312000.0,175969000.0,-1430000.0,174539000.0,1031633000.0,58800000.0,58809000.0,60682000.0
IDEXX Laboratories Inc,IDXX,OGMTXK0LUU1HKV2P0J84,874716,2009.0,Q3,2009-07-01,2009-09-30,2010-10-22 15:59:12+00:00,0.54,0.54,,0.52,,12281000.0,41504000.0,31536000.0,31536000.0,31536000.0,,128643000.0,259120000.0,,16583000.0,28185000.0,128643000.0,130477000.0,436000.0,48000.0,86272000.0,44205000.0,-388000.0,43817000.0,259120000.0,58400000.0,58656000.0,60668000.0
IDEXX Laboratories Inc,IDXX,OGMTXK0LUU1HKV2P0J84,874716,2009.0,Q2,2009-04-01,2009-06-30,2010-07-23 14:01:41+00:00,0.57,0.57,,0.55,,15106000.0,41876000.0,33667000.0,33667000.0,33667000.0,,127283000.0,265723000.0,,16594000.0,30794000.0,127283000.0,138440000.0,459000.0,56000.0,89264000.0,49176000.0,-403000.0,48773000.0,265723000.0,59100000.0,58911000.0,60697000.0
IDEXX Laboratories Inc,IDXX,OGMTXK0LUU1HKV2P0J84,874716,2010.0,Q4,2010-10-01,2010-12-31,,0.64,0.64,,0.61,,14086000.0,46557000.0,36380000.0,36380000.0,36371000.0,9000.0,138986000.0,283757000.0,,17479000.0,29931000.0,138986000.0,144771000.0,674000.0,336000.0,93967000.0,50804000.0,-338000.0,50466000.0,283757000.0,57700000.0,57713000.0,59559000.0
IDEXX Laboratories Inc,IDXX,OGMTXK0LUU1HKV2P0J84,874716,2010.0,FY,2010-01-01,2010-12-31,2013-02-19 16:52:21+00:00,2.45,2.45,,2.37,,60809000.0,179626000.0,141320000.0,141320000.0,141284000.0,36000.0,524769000.0,1103392000.0,,68597000.0,126519000.0,524769000.0,578623000.0,2415000.0,663000.0,374742000.0,203881000.0,-1752000.0,202129000.0,1103392000.0,57700000.0,57713000.0,59559000.0
IDEXX Laboratories Inc,IDXX,OGMTXK0LUU1HKV2P0J84,874716,2010.0,Q3YTD,2010-01-01,2010-09-30,,1.81,1.81,,1.76,,46723000.0,133069000.0,104940000.0,104940000.0,104913000.0,27000.0,385783000.0,819635000.0,,51118000.0,96588000.0,385783000.0,433852000.0,1741000.0,327000.0,280775000.0,153077000.0,-1414000.0,151663000.0,819635000.0,57800000.0,57620000.0,59276000.0
IDEXX Laboratories Inc,IDXX,OGMTXK0LUU1HKV2P0J84,874716,2010.0,Q3,2010-07-01,2010-09-30,2011-10-21 15:44:16+00:00,0.6,0.6,,0.59,,14548000.0,44486000.0,34715000.0,34715000.0,34694000.0,21000.0,127421000.0,269628000.0,,17203000.0,30704000.0,127421000.0,142207000.0,687000.0,136000.0,92393000.0,49814000.0,-551000.0,49263000.0,269628000.0,57800000.0,57620000.0,59276000.0
IDEXX Laboratories Inc,IDXX,OGMTXK0LUU1HKV2P0J84,874716,2010.0,Q2YTD,2010-01-01,2010-06-30,,1.21,1.21,,1.17,,32175000.0,88583000.0,70225000.0,70225000.0,70219000.0,6000.0,258362000.0,550007000.0,,33915000.0,65884000.0,258362000.0,291645000.0,1054000.0,191000.0,188382000.0,103263000.0,-863000.0,102400000.0,550007000.0,58100000.0,57747000.0,59646000.0
IDEXX Laboratories Inc,IDXX,OGMTXK0LUU1HKV2P0J84,874716,2010.0,Q2,2010-04-01,2010-06-30,2011-07-22 12:03:55+00:00,0.64,0.64,,0.62,,17087000.0,44167000.0,37197000.0,37197000.0,37193000.0,4000.0,132198000.0,281482000.0,,17206000.0,33076000.0,132198000.0,149284000.0,689000.0,138000.0,94449000.0,54835000.0,-551000.0,54284000.0,281482000.0,58100000.0,57747000.0,59646000.0
IDEXX Laboratories Inc,IDXX,OGMTXK0LUU1HKV2P0J84,874716,2010.0,Q1,2010-01-01,2010-03-31,2011-04-21 11:21:38+00:00,0.57,0.57,,0.55,,15088000.0,44416000.0,33028000.0,33028000.0,33026000.0,2000.0,126164000.0,268525000.0,,16709000.0,32808000.0,126164000.0,142361000.0,365000.0,53000.0,93933000.0,48428000.0,-312000.0,48116000.0,268525000.0,57900000.0,58033000.0,60029000.0
IDEXX Laboratories Inc,IDXX,OGMTXK0LUU1HKV2P0J84,874716,2011.0,Q4,2011-10-01,2011-12-31,,0.68,0.68,,0.67,,16698000.0,52209000.0,37998000.0,37998000.0,38010000.0,-12000.0,148320000.0,307201000.0,,20203000.0,31170000.0,148320000.0,158881000.0,1109000.0,506000.0,103582000.0,55299000.0,-603000.0,54696000.0,307201000.0,56800000.0,56790000.0,58214000.0
IDEXX Laboratories Inc,IDXX,OGMTXK0LUU1HKV2P0J84,874716,2011.0,FY,2011-01-01,2011-12-31,2014-02-18 16:47:35+00:00,2.85,2.85,,2.78,,72668000.0,204850000.0,161754000.0,161754000.0,161786000.0,-32000.0,572183000.0,1218689000.0,,76042000.0,129389000.0,572183000.0,646506000.0,3547000.0,1744000.0,410281000.0,236225000.0,-1803000.0,234422000.0,1218689000.0,56800000.0,56790000.0,58214000.0
IDEXX Laboratories Inc,IDXX,OGMTXK0LUU1HKV2P0J84,874716,2011.0,Q3TTM,2010-10-01,2011-09-30,,2.81,2.81,,2.72,,70056000.0,199198000.0,160136000.0,160136000.0,160147000.0,-11000.0,562849000.0,1195245000.0,,73318000.0,128150000.0,562849000.0,632396000.0,3112000.0,1574000.0,400666000.0,231730000.0,-1538000.0,230192000.0,1195245000.0,56600000.0,56699000.0,58007000.0
IDEXX Laboratories Inc,IDXX,OGMTXK0LUU1HKV2P0J84,874716,2011.0,Q3YTD,2011-01-01,2011-09-30,,2.17,2.17,,2.11,,55970000.0,152641000.0,123756000.0,123756000.0,123776000.0,-20000.0,423863000.0,911488000.0,,55839000.0,98219000.0,423863000.0,487625000.0,2438000.0,1238000.0,306699000.0,180926000.0,-1200000.0,179726000.0,911488000.0,56600000.0,56699000.0,58007000.0
IDEXX Laboratories Inc,IDXX,OGMTXK0LUU1HKV2P0J84,874716,2011.0,Q3,2011-07-01,2011-09-30,2012-10-19 12:26:59+00:00,0.68,0.68,,0.66,,17122000.0,50682000.0,38496000.0,38496000.0,38507000.0,-11000.0,142287000.0,300954000.0,,19406000.0,32483000.0,142287000.0,158667000.0,928000.0,450000.0,102571000.0,56096000.0,-478000.0,55618000.0,300954000.0,56600000.0,56699000.0,58007000.0
IDEXX Laboratories Inc,IDXX,OGMTXK0LUU1HKV2P0J84,874716,2011.0,Q2TTM,2010-07-01,2011-06-30,,2.73,2.73,,2.65,,67482000.0,193002000.0,156355000.0,156355000.0,156334000.0,21000.0,547983000.0,1163919000.0,,71115000.0,126371000.0,547983000.0,615936000.0,2871000.0,1260000.0,390488000.0,225448000.0,-1611000.0,223837000.0,1163919000.0,57200000.0,57276000.0,58727000.0
IDEXX Laboratories Inc,IDXX,OGMTXK0LUU1HKV2P0J84,874716,2011.0,Q2YTD,2011-01-01,2011-06-30,,1.49,1.49,,1.45,,38848000.0,101959000.0,85260000.0,85260000.0,85269000.0,-9000.0,281576000.0,610534000.0,,36433000.0,65736000.0,281576000.0,328958000.0,1510000.0,788000.0,204128000.0,124830000.0,-722000.0,124108000.0,610534000.0,57200000.0,57276000.0,58727000.0
IDEXX Laboratories Inc,IDXX,OGMTXK0LUU1HKV2P0J84,874716,2011.0,Q2,2011-04-01,2011-06-30,2012-07-20 11:48:54+00:00,0.85,0.85,,0.83,,22281000.0,50974000.0,48654000.0,48654000.0,48657000.0,-3000.0,143829000.0,317862000.0,,18621000.0,33140000.0,143829000.0,174033000.0,782000.0,419000.0,102735000.0,71298000.0,-363000.0,70935000.0,317862000.0,57200000.0,57276000.0,58727000.0
IDEXX Laboratories Inc,IDXX,OGMTXK0LUU1HKV2P0J84,874716,2011.0,Q1TTM,2010-04-01,2011-03-31,,2.52,2.52,,2.44,,62288000.0,186195000.0,144898000.0,144898000.0,144870000.0,28000.0,536352000.0,1127539000.0,,69700000.0,126307000.0,536352000.0,591187000.0,2778000.0,979000.0,382202000.0,208985000.0,-1799000.0,207186000.0,1127539000.0,57200000.0,57457000.0,59090000.0
IDEXX Laboratories Inc,IDXX,OGMTXK0LUU1HKV2P0J84,874716,2011.0,Q1,2011-01-01,2011-03-31,2012-04-20 09:39:12+00:00,0.64,0.64,,0.62,,16567000.0,50985000.0,36606000.0,36606000.0,36612000.0,-6000.0,137747000.0,292672000.0,,17812000.0,32596000.0,137747000.0,154925000.0,728000.0,369000.0,101393000.0,53532000.0,-359000.0,53173000.0,292672000.0,57200000.0,57457000.0,59090000.0
IDEXX Laboratories Inc,IDXX,OGMTXK0LUU1HKV2P0J84,874716,2012.0,Q4,2012-10-01,2012-12-31,,0.79,0.79,,0.79,,19724000.0,52724000.0,43360000.0,43360000.0,43354000.0,6000.0,150488000.0,319538000.0,,21050000.0,31849000.0,150488000.0,169050000.0,856000.0,513000.0,105623000.0,63427000.0,-343000.0,63084000.0,319538000.0,55000000.0,54985000.0,56155000.0
IDEXX Laboratories Inc,IDXX,OGMTXK0LUU1HKV2P0J84,874716,2012.0,FY,2012-01-01,2012-12-31,2015-02-17 15:17:44+00:00,3.24,3.24,,3.17,,82330000.0,216962000.0,178287000.0,178287000.0,178267000.0,20000.0,594190000.0,1293338000.0,,82014000.0,137609000.0,594190000.0,699148000.0,3848000.0,1902000.0,436585000.0,262563000.0,-1946000.0,260617000.0,1293338000.0,55000000.0,54985000.0,56155000.0
IDEXX Laboratories Inc,IDXX,OGMTXK0LUU1HKV2P0J84,874716,2012.0,Q3TTM,2011-10-01,2012-09-30,,3.15,3.15,,3.15,,79304000.0,216447000.0,172925000.0,172925000.0,172923000.0,2000.0,592022000.0,1281001000.0,,81167000.0,136930000.0,592022000.0,688979000.0,4101000.0,1895000.0,434544000.0,254435000.0,-2206000.0,252229000.0,1281001000.0,54900000.0,54938000.0,56088000.0
IDEXX Laboratories Inc,IDXX,OGMTXK0LUU1HKV2P0J84,874716,2012.0,Q3YTD,2012-01-01,2012-09-30,,2.46,2.46,,2.46,,62606000.0,164238000.0,134927000.0,134927000.0,134913000.0,14000.0,443702000.0,973800000.0,,60964000.0,105760000.0,443702000.0,530098000.0,2992000.0,1389000.0,330962000.0,199136000.0,-1603000.0,197533000.0,973800000.0,54900000.0,54938000.0,56088000.0
IDEXX Laboratories Inc,IDXX,OGMTXK0LUU1HKV2P0J84,874716,2012.0,Q3,2012-07-01,2012-09-30,2013-10-22 17:14:08+00:00,0.78,0.78,,0.76,,19639000.0,52067000.0,42873000.0,42873000.0,42853000.0,20000.0,144840000.0,315475000.0,,20349000.0,35307000.0,144840000.0,170635000.0,873000.0,473000.0,107723000.0,62912000.0,-400000.0,62512000.0,315475000.0,54900000.0,54938000.0,56088000.0
IDEXX Laboratories Inc,IDXX,OGMTXK0LUU1HKV2P0J84,874716,2012.0,Q2TTM,2011-07-01,2012-06-30,,3.06,3.06,,3.06,,76787000.0,215062000.0,168548000.0,168548000.0,168577000.0,-29000.0,589469000.0,1266480000.0,,80224000.0,134106000.0,589469000.0,677011000.0,4156000.0,1872000.0,429392000.0,247619000.0,-2284000.0,245335000.0,1266480000.0,55200000.0,55079000.0,56211000.0
IDEXX Laboratories Inc,IDXX,OGMTXK0LUU1HKV2P0J84,874716,2012.0,Q2YTD,2012-01-01,2012-06-30,,1.67,1.67,,1.67,,42967000.0,112171000.0,92054000.0,92054000.0,92060000.0,-6000.0,298862000.0,658325000.0,,40615000.0,70453000.0,298862000.0,359463000.0,2119000.0,916000.0,223239000.0,136224000.0,-1203000.0,135021000.0,658325000.0,55200000.0,55079000.0,56211000.0
IDEXX Laboratories Inc,IDXX,OGMTXK0LUU1HKV2P0J84,874716,2012.0,Q2,2012-04-01,2012-06-30,2013-07-23 16:05:46+00:00,0.93,0.93,,0.91,,24051000.0,54539000.0,51320000.0,51320000.0,51317000.0,3000.0,150960000.0,335649000.0,,20058000.0,34275000.0,150960000.0,184689000.0,926000.0,480000.0,108872000.0,75817000.0,-446000.0,75371000.0,335649000.0,55200000.0,55079000.0,56211000.0
IDEXX Laboratories Inc,IDXX,OGMTXK0LUU1HKV2P0J84,874716,2012.0,Q1TTM,2011-04-01,2012-03-31,,2.95,2.95,,2.88,,75017000.0,211497000.0,165882000.0,165882000.0,165917000.0,-35000.0,582338000.0,1248693000.0,,78787000.0,132971000.0,582338000.0,666355000.0,4012000.0,1811000.0,423255000.0,243100000.0,-2201000.0,240899000.0,1248693000.0,55100000.0,55208000.0,56439000.0
IDEXX Laboratories Inc,IDXX,OGMTXK0LUU1HKV2P0J84,874716,2012.0,Q1,2012-01-01,2012-03-31,2013-04-23 15:25:16+00:00,0.74,0.74,,0.72,,18916000.0,57632000.0,40734000.0,40734000.0,40743000.0,-9000.0,147902000.0,322676000.0,,20557000.0,36178000.0,147902000.0,174774000.0,1193000.0,436000.0,114367000.0,60407000.0,-757000.0,59650000.0,322676000.0,55100000.0,55208000.0,56439000.0
IDEXX Laboratories Inc,IDXX,OGMTXK0LUU1HKV2P0J84,874716,2013.0,FY,2013-01-01,2013-12-31,2016-02-16 18:24:34+00:00,1.77,1.77,,1.74,,75467000.0,243492000.0,187794000.0,187794000.0,187800000.0,-6000.0,620940000.0,1377058000.0,,88003000.0,157861000.0,620940000.0,756118000.0,5386000.0,1885000.0,489356000.0,266762000.0,-3501000.0,263261000.0,1377058000.0,106100000.0,106318000.0,107970000.0
IDEXX Laboratories Inc,IDXX,OGMTXK0LUU1HKV2P0J84,874716,2013.0,Q4,2013-10-01,2013-12-31,,0.41,0.41,,0.41,,16722000.0,66120000.0,43236000.0,43236000.0,43257000.0,-21000.0,165409000.0,354072000.0,,22496000.0,38721000.0,165409000.0,188663000.0,1909000.0,541000.0,127337000.0,61326000.0,-1368000.0,59958000.0,354072000.0,106100000.0,106318000.0,107970000.0
IDEXX Laboratories Inc,IDXX,OGMTXK0LUU1HKV2P0J84,874716,2013.0,Q3TTM,2012-10-01,2013-09-30,,3.58,3.58,,3.58,,78469000.0,230096000.0,187918000.0,187918000.0,187897000.0,21000.0,606019000.0,1342524000.0,,86557000.0,150989000.0,606019000.0,736505000.0,4333000.0,1857000.0,467642000.0,268863000.0,-2476000.0,266387000.0,1342524000.0,52500000.0,52450000.0,53242000.0
IDEXX Laboratories Inc,IDXX,OGMTXK0LUU1HKV2P0J84,874716,2013.0,Q3YTD,2013-01-01,2013-09-30,,2.76,2.76,,2.76,,58745000.0,177372000.0,144558000.0,144558000.0,144543000.0,15000.0,455531000.0,1022986000.0,,65507000.0,119140000.0,455531000.0,567455000.0,3477000.0,1344000.0,362019000.0,205436000.0,-2133000.0,203303000.0,1022986000.0,52500000.0,52450000.0,53242000.0
IDEXX Laboratories Inc,IDXX,OGMTXK0LUU1HKV2P0J84,874716,2013.0,Q3,2013-07-01,2013-09-30,2014-10-24 16:30:33+00:00,0.87,0.87,,0.86,,18786000.0,60079000.0,45692000.0,45692000.0,45688000.0,4000.0,152514000.0,338297000.0,,21568000.0,38651000.0,152514000.0,185783000.0,1463000.0,456000.0,120298000.0,65485000.0,-1007000.0,64478000.0,338297000.0,52500000.0,52450000.0,53242000.0
IDEXX Laboratories Inc,IDXX,OGMTXK0LUU1HKV2P0J84,874716,2013.0,Q2TTM,2012-07-01,2013-06-30,,3.45,3.45,,3.45,,79322000.0,222084000.0,185099000.0,185099000.0,185062000.0,37000.0,598345000.0,1319702000.0,,85338000.0,147645000.0,598345000.0,721357000.0,3743000.0,1874000.0,455067000.0,266290000.0,-1869000.0,264421000.0,1319702000.0,53500000.0,53670000.0,54386000.0
IDEXX Laboratories Inc,IDXX,OGMTXK0LUU1HKV2P0J84,874716,2013.0,Q2YTD,2013-01-01,2013-06-30,,1.84,1.84,,1.84,,39959000.0,117293000.0,98866000.0,98866000.0,98855000.0,11000.0,303017000.0,684689000.0,,43939000.0,80489000.0,303017000.0,381672000.0,2014000.0,888000.0,241721000.0,139951000.0,-1126000.0,138825000.0,684689000.0,53500000.0,53670000.0,54386000.0
IDEXX Laboratories Inc,IDXX,OGMTXK0LUU1HKV2P0J84,874716,2013.0,Q2,2013-04-01,2013-06-30,2014-07-25 15:53:25+00:00,1.01,1.01,,0.99,,24029000.0,57896000.0,53999000.0,53999000.0,53995000.0,4000.0,154885000.0,352583000.0,,22181000.0,38858000.0,154885000.0,197698000.0,1179000.0,444000.0,118935000.0,78763000.0,-735000.0,78028000.0,352583000.0,53500000.0,53670000.0,54386000.0
IDEXX Laboratories Inc,IDXX,OGMTXK0LUU1HKV2P0J84,874716,2013.0,Q1TTM,2012-04-01,2013-03-31,,3.34,3.34,,3.34,,79344000.0,218727000.0,182420000.0,182420000.0,182384000.0,36000.0,594420000.0,1302768000.0,,83215000.0,143062000.0,594420000.0,708348000.0,3490000.0,1910000.0,445004000.0,263344000.0,-1580000.0,261764000.0,1302768000.0,54700000.0,54588000.0,55490000.0
IDEXX Laboratories Inc,IDXX,OGMTXK0LUU1HKV2P0J84,874716,2013.0,Q1,2013-01-01,2013-03-31,2014-04-25 16:04:07+00:00,0.82,0.82,,0.81,,15930000.0,59397000.0,44867000.0,44867000.0,44860000.0,7000.0,148132000.0,332106000.0,,21758000.0,41631000.0,148132000.0,183974000.0,835000.0,444000.0,122786000.0,61188000.0,-391000.0,60797000.0,332106000.0,54700000.0,54588000.0,55490000.0
IDEXX Laboratories Inc,IDXX,OGMTXK0LUU1HKV2P0J84,874716,2014.0,FY,2014-01-01,2014-12-31,2017-02-17 16:43:46+00:00,1.82,1.82,,1.79,,64604000.0,283708000.0,181951000.0,181951000.0,181906000.0,45000.0,669691000.0,1485807000.0,,98263000.0,173890000.0,669691000.0,816116000.0,15429000.0,1729000.0,555861000.0,260255000.0,-13700000.0,246555000.0,1485807000.0,99900000.0,100094000.0,101503000.0
IDEXX Laboratories Inc,IDXX,OGMTXK0LUU1HKV2P0J84,874716,2014.0,Q4,2014-10-01,2014-12-31,,0.26,0.26,,0.26,,3911000.0,77238000.0,25951000.0,25951000.0,25961000.0,-10000.0,169794000.0,351959000.0,,24869000.0,45257000.0,169794000.0,182165000.0,5396000.0,457000.0,147364000.0,34801000.0,-4939000.0,29862000.0,351959000.0,99900000.0,100094000.0,101503000.0
IDEXX Laboratories Inc,IDXX,OGMTXK0LUU1HKV2P0J84,874716,2014.0,Q3TTM,2013-10-01,2014-09-30,,2.0,2.0,,2.0,,77415000.0,272590000.0,199236000.0,199236000.0,199202000.0,34000.0,665306000.0,1487920000.0,,95890000.0,167354000.0,665306000.0,822614000.0,11942000.0,1813000.0,535834000.0,286780000.0,-10129000.0,276651000.0,1487920000.0,100300000.0,99489000.0,100800000.0
IDEXX Laboratories Inc,IDXX,OGMTXK0LUU1HKV2P0J84,874716,2014.0,Q3,2014-07-01,2014-09-30,2015-10-28 15:28:37+00:00,0.52,0.52,,0.52,,16045000.0,70602000.0,52163000.0,52163000.0,52142000.0,21000.0,170187000.0,383523000.0,,24847000.0,45698000.0,170187000.0,213336000.0,4294000.0,313000.0,141147000.0,72189000.0,-3981000.0,68208000.0,383523000.0,100300000.0,99489000.0,100800000.0
IDEXX Laboratories Inc,IDXX,OGMTXK0LUU1HKV2P0J84,874716,2014.0,Q3YTD,2014-01-01,2014-09-30,,1.57,1.57,,1.57,,60693000.0,206470000.0,156000000.0,156000000.0,155945000.0,55000.0,499897000.0,1133848000.0,,73394000.0,128633000.0,499897000.0,633951000.0,10033000.0,1272000.0,408497000.0,225454000.0,-8761000.0,216693000.0,1133848000.0,100300000.0,99489000.0,100800000.0
IDEXX Laboratories Inc,IDXX,OGMTXK0LUU1HKV2P0J84,874716,2014.0,Q2TTM,2013-07-01,2014-06-30,,1.89,1.89,,1.89,,80156000.0,262067000.0,192765000.0,192765000.0,192748000.0,17000.0,647633000.0,1442694000.0,,92611000.0,160307000.0,647633000.0,795061000.0,9111000.0,1956000.0,514985000.0,280076000.0,-7155000.0,272921000.0,1442694000.0,102200000.0,102250000.0,103590000.0
IDEXX Laboratories Inc,IDXX,OGMTXK0LUU1HKV2P0J84,874716,2014.0,Q2,2014-04-01,2014-06-30,2015-07-30 13:43:41+00:00,0.56,0.56,,0.55,,23498000.0,68020000.0,57244000.0,57244000.0,57218000.0,26000.0,171604000.0,390122000.0,,25433000.0,41846000.0,171604000.0,218518000.0,2965000.0,488000.0,135299000.0,83219000.0,-2477000.0,80742000.0,390122000.0,102200000.0,102250000.0,103590000.0
IDEXX Laboratories Inc,IDXX,OGMTXK0LUU1HKV2P0J84,874716,2014.0,Q2YTD,2014-01-01,2014-06-30,,1.02,1.02,,1.02,,44648000.0,135868000.0,103837000.0,103837000.0,103803000.0,34000.0,329710000.0,750325000.0,,48547000.0,82935000.0,329710000.0,420615000.0,5739000.0,959000.0,267350000.0,153265000.0,-4780000.0,148485000.0,750325000.0,102200000.0,102250000.0,103590000.0
IDEXX Laboratories Inc,IDXX,OGMTXK0LUU1HKV2P0J84,874716,2014.0,Q1TTM,2013-04-01,2014-03-31,,3.67,3.67,,3.67,,80687000.0,251943000.0,189520000.0,189520000.0,189525000.0,-5000.0,630914000.0,1405155000.0,,89359000.0,157319000.0,630914000.0,774241000.0,7325000.0,1912000.0,498621000.0,275620000.0,-5413000.0,270207000.0,1405155000.0,51800000.0,51617000.0,52338000.0
IDEXX Laboratories Inc,IDXX,OGMTXK0LUU1HKV2P0J84,874716,2014.0,Q1,2014-01-01,2014-03-31,2015-04-28 16:11:20+00:00,0.9,0.9,,0.89,,21150000.0,67848000.0,46593000.0,46593000.0,46585000.0,8000.0,158106000.0,360203000.0,,23114000.0,41089000.0,158106000.0,202097000.0,2774000.0,471000.0,132051000.0,70046000.0,-2303000.0,67743000.0,360203000.0,51800000.0,51617000.0,52338000.0
IDEXX Laboratories Inc,IDXX,OGMTXK0LUU1HKV2P0J84,874716,2015.0,FY,2015-01-01,2015-12-31,2018-02-16 14:51:54+00:00,2.07,2.07,,2.05,8212000.0,81006000.0,299955000.0,192135000.0,192135000.0,192078000.0,57000.0,711622000.0,1601892000.0,,99681000.0,182510000.0,711622000.0,890270000.0,29239000.0,2468000.0,590358000.0,299912000.0,-26771000.0,273141000.0,1601892000.0,92800000.0,92601000.0,93649000.0
IDEXX Laboratories Inc,IDXX,OGMTXK0LUU1HKV2P0J84,874716,2015.0,Q4,2015-10-01,2015-12-31,,0.48,0.48,,0.48,,15395000.0,76495000.0,44390000.0,44390000.0,44349000.0,41000.0,181990000.0,399685000.0,,25496000.0,48793000.0,181990000.0,217695000.0,7926000.0,800000.0,150784000.0,66911000.0,-7126000.0,59785000.0,399685000.0,92800000.0,92601000.0,93649000.0
IDEXX Laboratories Inc,IDXX,OGMTXK0LUU1HKV2P0J84,874716,2015.0,Q3,2015-07-01,2015-09-30,2016-11-01 14:10:56+00:00,0.48,0.48,,0.48,8212000.0,20600000.0,73107000.0,44229000.0,44229000.0,44223000.0,6000.0,182113000.0,406387000.0,,24862000.0,46198000.0,182113000.0,224274000.0,7750000.0,684000.0,152379000.0,71895000.0,-7066000.0,64829000.0,406387000.0,92100000.0,91944000.0,92897000.0
IDEXX Laboratories Inc,IDXX,OGMTXK0LUU1HKV2P0J84,874716,2015.0,Q3YTD,2015-01-01,2015-09-30,,1.61,1.61,,1.61,8212000.0,65611000.0,223460000.0,147745000.0,147745000.0,147729000.0,16000.0,529632000.0,1202207000.0,,74185000.0,133717000.0,529632000.0,672575000.0,21313000.0,1668000.0,439574000.0,233001000.0,-19645000.0,213356000.0,1202207000.0,92100000.0,91944000.0,92897000.0
IDEXX Laboratories Inc,IDXX,OGMTXK0LUU1HKV2P0J84,874716,2015.0,Q3TTM,2014-10-01,2015-09-30,,1.89,1.89,,1.89,8212000.0,69522000.0,300698000.0,173696000.0,173696000.0,173690000.0,6000.0,699426000.0,1554166000.0,,99054000.0,178974000.0,699426000.0,854740000.0,26709000.0,2125000.0,586938000.0,267802000.0,-24584000.0,243218000.0,1554166000.0,92100000.0,91944000.0,92897000.0
IDEXX Laboratories Inc,IDXX,OGMTXK0LUU1HKV2P0J84,874716,2015.0,Q2,2015-04-01,2015-06-30,2016-08-02 15:21:01+00:00,0.61,0.61,,0.6,,24665000.0,75217000.0,56938000.0,56938000.0,56912000.0,26000.0,180586000.0,413343000.0,,24317000.0,44920000.0,180586000.0,232757000.0,7259000.0,559000.0,144454000.0,88303000.0,-6700000.0,81603000.0,413343000.0,93300000.0,93384000.0,94306000.0
IDEXX Laboratories Inc,IDXX,OGMTXK0LUU1HKV2P0J84,874716,2015.0,Q2YTD,2015-01-01,2015-06-30,,1.11,1.11,,1.11,,45011000.0,150353000.0,103516000.0,103516000.0,103506000.0,10000.0,347519000.0,795820000.0,,49323000.0,87519000.0,347519000.0,448301000.0,13563000.0,984000.0,287195000.0,161106000.0,-12579000.0,148527000.0,795820000.0,93300000.0,93384000.0,94306000.0
IDEXX Laboratories Inc,IDXX,OGMTXK0LUU1HKV2P0J84,874716,2015.0,Q2TTM,2014-07-01,2015-06-30,,1.94,1.94,,1.94,,64967000.0,298193000.0,181630000.0,181630000.0,181609000.0,21000.0,687500000.0,1531302000.0,,99039000.0,178474000.0,687500000.0,843802000.0,23253000.0,1754000.0,575706000.0,268096000.0,-21499000.0,246597000.0,1531302000.0,93300000.0,93384000.0,94306000.0
IDEXX Laboratories Inc,IDXX,OGMTXK0LUU1HKV2P0J84,874716,2015.0,Q1,2015-01-01,2015-03-31,2016-04-29 14:14:06+00:00,0.49,0.49,,0.49,,20346000.0,75136000.0,46578000.0,46578000.0,46594000.0,-16000.0,166933000.0,382477000.0,,25006000.0,42599000.0,166933000.0,215544000.0,6304000.0,425000.0,142741000.0,72803000.0,-5879000.0,66924000.0,382477000.0,95100000.0,94280000.0,95521000.0
IDEXX Laboratories Inc,IDXX,OGMTXK0LUU1HKV2P0J84,874716,2015.0,Q1TTM,2014-04-01,2015-03-31,,1.93,1.93,,1.93,,63800000.0,290996000.0,181936000.0,181936000.0,181915000.0,21000.0,678518000.0,1508081000.0,,100155000.0,175400000.0,678518000.0,829563000.0,18959000.0,1683000.0,566551000.0,263012000.0,-17276000.0,245736000.0,1508081000.0,95100000.0,94280000.0,95521000.0
IDEXX Laboratories Inc,IDXX,OGMTXK0LUU1HKV2P0J84,874716,2016.0,FY,2016-01-01,2016-12-31,2019-02-15 15:13:08+00:00,2.47,2.47,,2.44,,99792000.0,317058000.0,222054000.0,222054000.0,222045000.0,9000.0,799987000.0,1775423000.0,,101122000.0,207017000.0,799987000.0,975436000.0,32049000.0,3656000.0,625197000.0,350239000.0,-28393000.0,321846000.0,1775423000.0,89900000.0,89732000.0,90884000.0
IDEXX Laboratories Inc,IDXX,OGMTXK0LUU1HKV2P0J84,874716,2016.0,Q4,2016-10-01,2016-12-31,,0.58,0.58,0.01,0.58,,24756000.0,80605000.0,52371000.0,52371000.0,52369000.0,2000.0,202370000.0,442996000.0,,25418000.0,50778000.0,202370000.0,240626000.0,7755000.0,1057000.0,156801000.0,83825000.0,-6698000.0,77127000.0,442996000.0,89900000.0,89732000.0,90884000.0
IDEXX Laboratories Inc,IDXX,OGMTXK0LUU1HKV2P0J84,874716,2016.0,Q3,2016-07-01,2016-09-30,2017-10-31 15:05:42+00:00,0.63,0.63,,0.62,,25072000.0,79972000.0,56452000.0,56452000.0,56455000.0,-3000.0,201578000.0,448308000.0,,25672000.0,52627000.0,201578000.0,246730000.0,7786000.0,851000.0,158271000.0,88459000.0,-6935000.0,81524000.0,448308000.0,89600000.0,89894000.0,91138000.0
IDEXX Laboratories Inc,IDXX,OGMTXK0LUU1HKV2P0J84,874716,2016.0,Q3YTD,2016-01-01,2016-09-30,,1.89,1.89,0.04,1.89,,75036000.0,236453000.0,169683000.0,169683000.0,169676000.0,7000.0,597617000.0,1332427000.0,,75704000.0,156239000.0,597617000.0,734810000.0,24294000.0,2599000.0,468396000.0,266414000.0,-21695000.0,244719000.0,1332427000.0,89600000.0,89894000.0,91138000.0
IDEXX Laboratories Inc,IDXX,OGMTXK0LUU1HKV2P0J84,874716,2016.0,Q3TTM,2015-10-01,2016-09-30,,2.38,2.38,0.04,2.38,,90431000.0,312948000.0,214073000.0,214073000.0,214025000.0,48000.0,779607000.0,1732112000.0,,101200000.0,205032000.0,779607000.0,952505000.0,32220000.0,3399000.0,619180000.0,333325000.0,-28821000.0,304504000.0,1732112000.0,89600000.0,89894000.0,91138000.0
IDEXX Laboratories Inc,IDXX,OGMTXK0LUU1HKV2P0J84,874716,2016.0,Q2,2016-04-01,2016-06-30,2017-08-01 15:31:46+00:00,0.75,0.75,,0.74,,29680000.0,76652000.0,67206000.0,67206000.0,67202000.0,4000.0,206026000.0,466569000.0,,25412000.0,54317000.0,206026000.0,260543000.0,8204000.0,928000.0,156381000.0,104162000.0,-7276000.0,96886000.0,466569000.0,89600000.0,89824000.0,90817000.0
IDEXX Laboratories Inc,IDXX,OGMTXK0LUU1HKV2P0J84,874716,2016.0,Q2YTD,2016-01-01,2016-06-30,,1.26,1.26,0.03,1.26,,49964000.0,156481000.0,113231000.0,113231000.0,113221000.0,10000.0,396039000.0,884119000.0,,50032000.0,103612000.0,396039000.0,488080000.0,16508000.0,1748000.0,310125000.0,177955000.0,-14760000.0,163195000.0,884119000.0,89600000.0,89824000.0,90817000.0
IDEXX Laboratories Inc,IDXX,OGMTXK0LUU1HKV2P0J84,874716,2016.0,Q2TTM,2015-07-01,2016-06-30,,2.25,2.25,0.03,2.25,8212000.0,85959000.0,306083000.0,201850000.0,201850000.0,201793000.0,57000.0,760142000.0,1690191000.0,,100390000.0,198603000.0,760142000.0,930049000.0,32184000.0,3232000.0,613288000.0,316761000.0,-28952000.0,287809000.0,1690191000.0,89600000.0,89824000.0,90817000.0
IDEXX Laboratories Inc,IDXX,OGMTXK0LUU1HKV2P0J84,874716,2016.0,Q1,2016-01-01,2016-03-31,2017-04-28 11:20:18+00:00,0.51,0.51,,0.51,,20284000.0,79829000.0,46025000.0,46025000.0,46019000.0,6000.0,190013000.0,417550000.0,,24620000.0,49295000.0,190013000.0,227537000.0,8304000.0,820000.0,153744000.0,73793000.0,-7484000.0,66309000.0,417550000.0,90200000.0,89924000.0,90838000.0
IDEXX Laboratories Inc,IDXX,OGMTXK0LUU1HKV2P0J84,874716,2016.0,Q1TTM,2015-04-01,2016-03-31,,2.13,2.13,0.02,2.13,8212000.0,80944000.0,304648000.0,191582000.0,191582000.0,191503000.0,79000.0,734702000.0,1636965000.0,,99295000.0,189206000.0,734702000.0,902263000.0,31239000.0,2863000.0,601361000.0,300902000.0,-28376000.0,272526000.0,1636965000.0,90200000.0,89924000.0,90838000.0
IDEXX Laboratories Inc,IDXX,OGMTXK0LUU1HKV2P0J84,874716,2017.0,FY,2017-01-01,2017-12-31,2020-02-14 17:08:09+00:00,3.0,3.0,,2.94,,117788000.0,354294000.0,263269000.0,263269000.0,263144000.0,125000.0,1743352000.0,3938116000.0,1097382000.0,109182000.0,220878000.0,1743352000.0,2194764000.0,37225000.0,5254000.0,1781736000.0,413028000.0,-31971000.0,381057000.0,3938116000.0,87700000.0,87769000.0,89567000.0
IDEXX Laboratories Inc,IDXX,OGMTXK0LUU1HKV2P0J84,874716,2017.0,Q4,2017-10-01,2017-12-31,,0.44,0.44,,0.43,,51396000.0,90539000.0,38290000.0,38290000.0,38257000.0,33000.0,1105323000.0,2475179000.0,1097382000.0,28809000.0,55318000.0,1105323000.0,1369856000.0,9717000.0,1595000.0,1272048000.0,97808000.0,-8122000.0,89686000.0,2475179000.0,87700000.0,87769000.0,89567000.0
IDEXX Laboratories Inc,IDXX,OGMTXK0LUU1HKV2P0J84,874716,2017.0,Q3,2017-07-01,2017-09-30,2018-11-01 14:31:21+00:00,0.81,0.81,,0.79,,21535000.0,88818000.0,70514000.0,70514000.0,70511000.0,3000.0,217974000.0,491976000.0,,27585000.0,57186000.0,217974000.0,274002000.0,9764000.0,1400000.0,173589000.0,100413000.0,-8364000.0,92049000.0,491976000.0,87100000.0,87537000.0,89256000.0
IDEXX Laboratories Inc,IDXX,OGMTXK0LUU1HKV2P0J84,874716,2017.0,Q3YTD,2017-01-01,2017-09-30,,2.57,2.57,,2.57,,66392000.0,263755000.0,224979000.0,224979000.0,224887000.0,92000.0,638029000.0,1462937000.0,,80373000.0,165560000.0,638029000.0,824908000.0,27508000.0,3659000.0,509688000.0,315220000.0,-23849000.0,291371000.0,1462937000.0,87100000.0,87537000.0,89256000.0
IDEXX Laboratories Inc,IDXX,OGMTXK0LUU1HKV2P0J84,874716,2017.0,Q3TTM,2016-10-01,2017-09-30,,3.17,3.17,0.01,3.17,,91148000.0,344360000.0,277350000.0,277350000.0,277256000.0,94000.0,840399000.0,1905933000.0,,105791000.0,216338000.0,840399000.0,1065534000.0,35263000.0,4716000.0,666489000.0,399045000.0,-30547000.0,368498000.0,1905933000.0,87100000.0,87537000.0,89256000.0
IDEXX Laboratories Inc,IDXX,OGMTXK0LUU1HKV2P0J84,874716,2017.0,Q2,2017-04-01,2017-06-30,2018-08-01 14:43:56+00:00,0.97,0.97,,0.95,,29178000.0,87693000.0,85407000.0,85407000.0,85357000.0,50000.0,216225000.0,508940000.0,,26998000.0,55460000.0,216225000.0,292715000.0,9155000.0,1176000.0,170151000.0,122564000.0,-7979000.0,114585000.0,508940000.0,88000000.0,88004000.0,89878000.0
IDEXX Laboratories Inc,IDXX,OGMTXK0LUU1HKV2P0J84,874716,2017.0,Q2YTD,2017-01-01,2017-06-30,,1.75,1.75,,1.75,,44857000.0,174937000.0,154465000.0,154465000.0,154376000.0,89000.0,420055000.0,970961000.0,,52788000.0,108374000.0,420055000.0,550906000.0,17744000.0,2259000.0,336099000.0,214807000.0,-15485000.0,199322000.0,970961000.0,88000000.0,88004000.0,89878000.0
IDEXX Laboratories Inc,IDXX,OGMTXK0LUU1HKV2P0J84,874716,2017.0,Q2TTM,2016-07-01,2017-06-30,,2.99,2.99,0.02,2.99,,94685000.0,335514000.0,263288000.0,263288000.0,263200000.0,88000.0,824003000.0,1862265000.0,,103878000.0,211779000.0,824003000.0,1038262000.0,33285000.0,4167000.0,651171000.0,387091000.0,-29118000.0,357973000.0,1862265000.0,88000000.0,88004000.0,89878000.0
IDEXX Laboratories Inc,IDXX,OGMTXK0LUU1HKV2P0J84,874716,2017.0,Q1,2017-01-01,2017-03-31,2018-05-04 13:42:33+00:00,0.78,0.78,,0.77,,15679000.0,87244000.0,69058000.0,69058000.0,69019000.0,39000.0,203830000.0,462021000.0,,25790000.0,52914000.0,203830000.0,258191000.0,8589000.0,1083000.0,165948000.0,92243000.0,-7506000.0,84737000.0,462021000.0,88500000.0,88117000.0,89994000.0
IDEXX Laboratories Inc,IDXX,OGMTXK0LUU1HKV2P0J84,874716,2017.0,Q1TTM,2016-04-01,2017-03-31,,2.78,2.78,0.03,2.78,,95187000.0,324473000.0,245087000.0,245087000.0,245045000.0,42000.0,813804000.0,1819894000.0,,102292000.0,210636000.0,813804000.0,1006090000.0,32334000.0,3919000.0,637401000.0,368689000.0,-28415000.0,340274000.0,1819894000.0,88500000.0,88117000.0,89994000.0
IDEXX Laboratories Inc,IDXX,OGMTXK0LUU1HKV2P0J84,874716,2018.0,FY,2018-01-01,2018-12-31,2020-02-14 17:08:09+00:00,4.34,4.34,,4.26,,80695000.0,387406000.0,377047000.0,377047000.0,377031000.0,16000.0,1943400000.0,4426484000.0,1241542000.0,117863000.0,244938000.0,1943400000.0,2483084000.0,34744000.0,1151000.0,1991749000.0,491335000.0,-33593000.0,457742000.0,4426484000.0,86900000.0,86864000.0,88470000.0
IDEXX Laboratories Inc,IDXX,OGMTXK0LUU1HKV2P0J84,874716,2018.0,Q4,2018-10-01,2018-12-31,,1.0,1.0,,0.97,,21368000.0,95904000.0,85677000.0,85677000.0,85638000.0,39000.0,1220725000.0,2762628000.0,1241542000.0,30138000.0,58972000.0,1220725000.0,1541903000.0,8560000.0,258000.0,1426556000.0,115347000.0,-8302000.0,107045000.0,2762628000.0,86900000.0,86864000.0,88470000.0
IDEXX Laboratories Inc,IDXX,OGMTXK0LUU1HKV2P0J84,874716,2018.0,Q3,2018-07-01,2018-09-30,2019-10-31 11:59:46+00:00,1.07,1.07,,1.05,,15825000.0,95146000.0,93214000.0,93214000.0,93251000.0,-37000.0,239805000.0,545448000.0,,29192000.0,63955000.0,239805000.0,305643000.0,8453000.0,142000.0,188293000.0,117350000.0,-8311000.0,109039000.0,545448000.0,87200000.0,86756000.0,88453000.0
IDEXX Laboratories Inc,IDXX,OGMTXK0LUU1HKV2P0J84,874716,2018.0,Q3YTD,2018-01-01,2018-09-30,,3.34,3.34,,3.29,,59327000.0,291502000.0,291370000.0,291370000.0,291393000.0,-23000.0,722675000.0,1663856000.0,,87725000.0,185966000.0,722675000.0,941181000.0,26184000.0,893000.0,565193000.0,375988000.0,-25291000.0,350697000.0,1663856000.0,87200000.0,86756000.0,88453000.0
IDEXX Laboratories Inc,IDXX,OGMTXK0LUU1HKV2P0J84,874716,2018.0,Q3TTM,2017-10-01,2018-09-30,,3.78,3.78,,3.72,,110723000.0,382041000.0,329660000.0,329660000.0,329650000.0,10000.0,1827998000.0,4139035000.0,1097382000.0,116534000.0,241284000.0,1827998000.0,2311037000.0,35901000.0,2488000.0,1837241000.0,473796000.0,-33413000.0,440383000.0,4139035000.0,87200000.0,86756000.0,88453000.0
IDEXX Laboratories Inc,IDXX,OGMTXK0LUU1HKV2P0J84,874716,2018.0,Q2,2018-04-01,2018-06-30,2019-08-01 15:40:59+00:00,1.25,1.25,,1.23,,28629000.0,96255000.0,108680000.0,108680000.0,108691000.0,-11000.0,248313000.0,580752000.0,,29510000.0,61080000.0,248313000.0,332439000.0,8457000.0,172000.0,186845000.0,145594000.0,-8285000.0,137309000.0,580752000.0,87000000.0,87004000.0,88596000.0
IDEXX Laboratories Inc,IDXX,OGMTXK0LUU1HKV2P0J84,874716,2018.0,Q2YTD,2018-01-01,2018-06-30,,2.27,2.27,,2.24,,43502000.0,196356000.0,198156000.0,198156000.0,198142000.0,14000.0,482870000.0,1118408000.0,,58533000.0,122011000.0,482870000.0,635538000.0,17731000.0,751000.0,376900000.0,258638000.0,-16980000.0,241658000.0,1118408000.0,87000000.0,87004000.0,88596000.0
IDEXX Laboratories Inc,IDXX,OGMTXK0LUU1HKV2P0J84,874716,2018.0,Q2TTM,2017-07-01,2018-06-30,,3.52,3.52,,3.46,,116433000.0,375713000.0,306960000.0,306960000.0,306910000.0,50000.0,1806167000.0,4085563000.0,1097382000.0,114927000.0,234515000.0,1806167000.0,2279396000.0,37212000.0,3746000.0,1822537000.0,456859000.0,-33466000.0,423393000.0,4085563000.0,87000000.0,87004000.0,88596000.0
IDEXX Laboratories Inc,IDXX,OGMTXK0LUU1HKV2P0J84,874716,2018.0,Q1,2018-01-01,2018-03-31,2019-05-01 16:00:09+00:00,1.02,1.02,,1.01,,14873000.0,100101000.0,89476000.0,89476000.0,89451000.0,25000.0,234557000.0,537656000.0,,29023000.0,60931000.0,234557000.0,303099000.0,9274000.0,579000.0,190055000.0,113044000.0,-8695000.0,104349000.0,537656000.0,87700000.0,87331000.0,88944000.0
IDEXX Laboratories Inc,IDXX,OGMTXK0LUU1HKV2P0J84,874716,2018.0,Q1TTM,2017-04-01,2018-03-31,,3.25,3.25,,3.25,,116982000.0,367151000.0,283687000.0,283687000.0,283576000.0,111000.0,1774079000.0,4013751000.0,1097382000.0,112415000.0,228895000.0,1774079000.0,2239672000.0,37910000.0,4750000.0,1805843000.0,433829000.0,-33160000.0,400669000.0,4013751000.0,87700000.0,87331000.0,88944000.0
IDEXX Laboratories Inc,IDXX,OGMTXK0LUU1HKV2P0J84,874716,2019.0,Q4,2019-10-01,2019-12-31,,1.06,1.06,,1.05,,17962000.0,105694000.0,90544000.0,90544000.0,90496000.0,48000.0,1315656000.0,3012354000.0,1365549000.0,35160000.0,74664000.0,1315656000.0,1696698000.0,7393000.0,268000.0,1581067000.0,115631000.0,-7125000.0,108506000.0,3012354000.0,86100000.0,86115000.0,87542000.0
IDEXX Laboratories Inc,IDXX,OGMTXK0LUU1HKV2P0J84,874716,2019.0,FY,2019-01-01,2019-12-31,2020-02-14 17:08:09+00:00,4.97,4.97,,4.89,,94426000.0,418193000.0,427792000.0,427792000.0,427720000.0,72000.0,2082718000.0,4813816000.0,1365549000.0,133193000.0,261317000.0,2082718000.0,2731098000.0,31055000.0,427000.0,2178252000.0,552846000.0,-30628000.0,522218000.0,4813816000.0,86100000.0,86115000.0,87542000.0
IDEXX Laboratories Inc,IDXX,OGMTXK0LUU1HKV2P0J84,874716,2019.0,Q3YTD,2019-01-01,2019-09-30,,3.91,3.91,,3.84,,76464000.0,312499000.0,337248000.0,337248000.0,337224000.0,24000.0,767062000.0,1801462000.0,,98033000.0,186653000.0,767062000.0,1034400000.0,23662000.0,159000.0,597185000.0,437215000.0,-23503000.0,413712000.0,1801462000.0,86400000.0,86198000.0,87667000.0
IDEXX Laboratories Inc,IDXX,OGMTXK0LUU1HKV2P0J84,874716,2019.0,Q3TTM,2018-10-01,2019-09-30,,4.91,4.91,,4.81,,97832000.0,408403000.0,422925000.0,422925000.0,422862000.0,63000.0,1987787000.0,4564090000.0,1241542000.0,128171000.0,245625000.0,1987787000.0,2576303000.0,32222000.0,417000.0,2023741000.0,552562000.0,-31805000.0,520757000.0,4564090000.0,86400000.0,86198000.0,87667000.0
IDEXX Laboratories Inc,IDXX,OGMTXK0LUU1HKV2P0J84,874716,2019.0,Q3,2019-07-01,2019-09-30,2019-10-31 11:59:46+00:00,1.26,1.26,,1.24,,23960000.0,104551000.0,108838000.0,108838000.0,108837000.0,1000.0,260353000.0,605303000.0,,34260000.0,66337000.0,260353000.0,344950000.0,7090000.0,86000.0,205148000.0,139802000.0,-7004000.0,132798000.0,605303000.0,86400000.0,86198000.0,87667000.0
IDEXX Laboratories Inc,IDXX,OGMTXK0LUU1HKV2P0J84,874716,2019.0,Q2YTD,2019-01-01,2019-06-30,,2.65,2.65,,2.6,,52504000.0,207948000.0,228410000.0,228410000.0,228387000.0,23000.0,506709000.0,1196159000.0,,63773000.0,120316000.0,506709000.0,689450000.0,16572000.0,73000.0,392037000.0,297413000.0,-16499000.0,280914000.0,1196159000.0,86100000.0,86215000.0,87615000.0
IDEXX Laboratories Inc,IDXX,OGMTXK0LUU1HKV2P0J84,874716,2019.0,Q2TTM,2018-07-01,2019-06-30,,4.72,4.72,,4.62,,89697000.0,398998000.0,407301000.0,407301000.0,407276000.0,25000.0,1967239000.0,4504235000.0,1241542000.0,123103000.0,243243000.0,1967239000.0,2536996000.0,33585000.0,473000.0,2006886000.0,530110000.0,-33112000.0,496998000.0,4504235000.0,86100000.0,86215000.0,87615000.0
IDEXX Laboratories Inc,IDXX,OGMTXK0LUU1HKV2P0J84,874716,2019.0,Q2,2019-04-01,2019-06-30,2019-08-01 15:40:59+00:00,1.46,1.46,,1.43,,30421000.0,101364000.0,125701000.0,125701000.0,125706000.0,-5000.0,262250000.0,620103000.0,,32259000.0,59955000.0,262250000.0,357853000.0,8186000.0,33000.0,193578000.0,164275000.0,-8153000.0,156122000.0,620103000.0,86100000.0,86215000.0,87615000.0
IDEXX Laboratories Inc,IDXX,OGMTXK0LUU1HKV2P0J84,874716,2019.0,Q1,2019-01-01,2019-03-31,2020-04-30 17:27:27+00:00,1.19,1.19,,1.17,,22083000.0,106584000.0,102709000.0,102709000.0,102681000.0,28000.0,244459000.0,576056000.0,,31514000.0,60361000.0,244459000.0,331597000.0,8386000.0,40000.0,198459000.0,133138000.0,-8346000.0,124792000.0,576056000.0,86300000.0,86204000.0,87549000.0
IDEXX Laboratories Inc,IDXX,OGMTXK0LUU1HKV2P0J84,874716,2019.0,Q1TTM,2018-04-01,2019-03-31,,4.51,4.51,,4.42,,87905000.0,393889000.0,390280000.0,390280000.0,390261000.0,19000.0,1953302000.0,4464884000.0,1241542000.0,120354000.0,244368000.0,1953302000.0,2511582000.0,33856000.0,612000.0,2000153000.0,511429000.0,-33244000.0,478185000.0,4464884000.0,86300000.0,86204000.0,87549000.0
IDEXX Laboratories Inc,IDXX,OGMTXK0LUU1HKV2P0J84,874716,2020.0,Q1TTM,2019-04-01,2020-03-31,,5.09,5.09,,5.01,,97260000.0,427752000.0,436939000.0,436939000.0,436866000.0,73000.0,2105005000.0,4864096000.0,1365549000.0,134989000.0,266768000.0,2105005000.0,2759091000.0,30361000.0,527000.0,2195058000.0,564033000.0,-29834000.0,534199000.0,4864096000.0,85400000.0,85427000.0,86705000.0
IDEXX Laboratories Inc,IDXX,OGMTXK0LUU1HKV2P0J84,874716,2020.0,Q1,2020-01-01,2020-03-31,2020-04-30 17:27:27+00:00,1.31,1.31,,1.29,,24917000.0,116143000.0,111856000.0,111856000.0,111827000.0,29000.0,266746000.0,626336000.0,,33310000.0,65812000.0,266746000.0,359590000.0,7692000.0,140000.0,215265000.0,144325000.0,-7552000.0,136773000.0,626336000.0,85400000.0,85427000.0,86705000.0
