company_name,company_ticker,company_lei,company_cik,year,quarter,start_date,end_date,filing_date,basicdilutedeps,basiceps,cashdividendspershare,dilutedeps,incometaxexpense,netincome,netincomecontinuing,netincometocommon,operatingcostofrevenue,operatingrevenue,otherspecialcharges,sgaexpense,totalcostofrevenue,totalgrossprofit,totalinterestexpense,totalinterestincome,totaloperatingexpenses,totaloperatingincome,totalotherincome,totalpretaxincome,totalrevenue,weightedavebasicdilutedsharesos,weightedavebasicsharesos,weightedavedilutedsharesos
Ulta Beauty Inc,ULTA,,1403568,2009.0,FY,2009-02-01,2010-01-30,2012-03-28 12:14:23+00:00,0.68,0.68,,0.66,26595000.0,39356000.0,39356000.0,39356000.0,846202000.0,1222771000.0,6003000.0,302413000.0,846202000.0,376569000.0,2202000.0,,308416000.0,68153000.0,-2202000.0,65951000.0,1222771000.0,57900000.0,57915000.0,59237000.0
Ulta Beauty Inc,ULTA,,1403568,2010.0,FY,2010-01-31,2011-01-29,2012-03-28 12:14:23+00:00,1.2,1.2,,1.16,47099000.0,71030000.0,71030000.0,71030000.0,970753000.0,1454838000.0,7095000.0,358106000.0,970753000.0,484085000.0,755000.0,,365201000.0,118884000.0,-755000.0,118129000.0,1454838000.0,59200000.0,58959000.0,61288000.0
Ulta Beauty Inc,ULTA,,1403568,2010.0,Q4,2010-10-31,2011-01-29,,0.51,0.51,,0.48,18721000.0,30104000.0,30104000.0,30104000.0,316973000.0,473659000.0,523000.0,107159000.0,316973000.0,156686000.0,179000.0,,107682000.0,49004000.0,-179000.0,48825000.0,473659000.0,59200000.0,58959000.0,61288000.0
Ulta Beauty Inc,ULTA,,1403568,2010.0,Q3,2010-08-01,2010-10-30,2011-12-01 16:24:06+00:00,0.24,0.24,,0.23,9845000.0,14203000.0,14203000.0,14203000.0,220273000.0,339179000.0,4305000.0,90309000.0,220273000.0,118906000.0,244000.0,,94614000.0,24292000.0,-244000.0,24048000.0,339179000.0,59200000.0,59063000.0,61057000.0
Ulta Beauty Inc,ULTA,,1403568,2010.0,Q2YTD,2010-01-31,2010-07-31,,0.45,0.45,,0.45,18533000.0,26723000.0,26723000.0,26723000.0,433507000.0,642000000.0,2267000.0,160638000.0,433507000.0,208493000.0,332000.0,,162905000.0,45588000.0,-332000.0,45256000.0,642000000.0,59400000.0,58727000.0,60672000.0
Ulta Beauty Inc,ULTA,,1403568,2010.0,Q2,2010-05-02,2010-07-31,2011-09-08 16:27:18+00:00,0.22,0.22,,0.22,8980000.0,13062000.0,13062000.0,13062000.0,217846000.0,321804000.0,1793000.0,79909000.0,217846000.0,103958000.0,214000.0,,81702000.0,22256000.0,-214000.0,22042000.0,321804000.0,59400000.0,58727000.0,60672000.0
Ulta Beauty Inc,ULTA,,1403568,2010.0,Q1,2010-01-31,2010-05-01,2011-06-07 16:21:58+00:00,0.23,0.23,,0.23,9553000.0,13661000.0,13661000.0,13661000.0,215661000.0,320196000.0,474000.0,80729000.0,215661000.0,104535000.0,118000.0,,81203000.0,23332000.0,-118000.0,23214000.0,320196000.0,59400000.0,58306000.0,60276000.0
Ulta Beauty Inc,ULTA,,1403568,2011.0,Q4,2011-10-30,2012-01-28,,0.75,0.75,,0.73,26861000.0,46295000.0,46295000.0,46295000.0,384046000.0,582511000.0,983000.0,124235000.0,384046000.0,198465000.0,91000.0,,125218000.0,73247000.0,-91000.0,73156000.0,582511000.0,61400000.0,61259000.0,63334000.0
Ulta Beauty Inc,ULTA,,1403568,2011.0,FY,2011-01-30,2012-01-28,2014-04-02 14:20:56+00:00,1.96,1.96,0.0,1.9,75344000.0,120264000.0,120264000.0,120264000.0,1159311000.0,1776151000.0,9987000.0,410658000.0,1159311000.0,616840000.0,587000.0,,420645000.0,196195000.0,-587000.0,195608000.0,1776151000.0,61400000.0,61259000.0,63334000.0
Ulta Beauty Inc,ULTA,,1403568,2011.0,Q3,2011-07-31,2011-10-29,2011-12-01 16:24:06+00:00,0.44,0.44,,0.42,17284000.0,26768000.0,26768000.0,26768000.0,263884000.0,413067000.0,3958000.0,100997000.0,263884000.0,149183000.0,176000.0,,104955000.0,44228000.0,-176000.0,44052000.0,413067000.0,60800000.0,61451000.0,63419000.0
Ulta Beauty Inc,ULTA,,1403568,2011.0,Q3YTD,2011-01-30,2011-10-29,,1.21,1.21,,1.17,48483000.0,73969000.0,73969000.0,73969000.0,775265000.0,1193640000.0,9004000.0,286423000.0,775265000.0,418375000.0,496000.0,,295427000.0,122948000.0,-496000.0,122452000.0,1193640000.0,60800000.0,61451000.0,63419000.0
Ulta Beauty Inc,ULTA,,1403568,2011.0,Q3TTM,2010-10-31,2011-10-29,,1.72,1.72,,1.65,67204000.0,104073000.0,104073000.0,104073000.0,1092238000.0,1667299000.0,9527000.0,393582000.0,1092238000.0,575061000.0,675000.0,,403109000.0,171952000.0,-675000.0,171277000.0,1667299000.0,60800000.0,61451000.0,63419000.0
Ulta Beauty Inc,ULTA,,1403568,2011.0,Q2,2011-05-01,2011-07-30,2011-09-08 16:27:18+00:00,0.39,0.39,,0.38,15608000.0,23905000.0,23905000.0,23905000.0,260280000.0,394567000.0,3816000.0,90811000.0,260280000.0,134287000.0,147000.0,,94627000.0,39660000.0,-147000.0,39513000.0,394567000.0,61300000.0,61126000.0,63241000.0
Ulta Beauty Inc,ULTA,,1403568,2011.0,Q2YTD,2011-01-30,2011-07-30,,0.77,0.77,,0.75,31199000.0,47201000.0,47201000.0,47201000.0,511381000.0,780573000.0,5046000.0,185426000.0,511381000.0,269192000.0,320000.0,,190472000.0,78720000.0,-320000.0,78400000.0,780573000.0,61300000.0,61126000.0,63241000.0
Ulta Beauty Inc,ULTA,,1403568,2011.0,Q2TTM,2010-08-01,2011-07-30,,1.52,1.52,,1.46,59765000.0,91508000.0,91508000.0,91508000.0,1048627000.0,1593411000.0,9874000.0,382894000.0,1048627000.0,544784000.0,743000.0,,392768000.0,152016000.0,-743000.0,151273000.0,1593411000.0,61300000.0,61126000.0,63241000.0
Ulta Beauty Inc,ULTA,,1403568,2011.0,Q1,2011-01-30,2011-04-30,2011-06-07 16:21:58+00:00,0.38,0.38,,0.37,15591000.0,23296000.0,23296000.0,23296000.0,251101000.0,386006000.0,1230000.0,94615000.0,251101000.0,134905000.0,173000.0,,95845000.0,39060000.0,-173000.0,38887000.0,386006000.0,61300000.0,60554000.0,62758000.0
Ulta Beauty Inc,ULTA,,1403568,2011.0,Q1TTM,2010-05-02,2011-04-30,,1.35,1.35,,1.3,53137000.0,80665000.0,80665000.0,80665000.0,1006193000.0,1520648000.0,7851000.0,371992000.0,1006193000.0,514455000.0,810000.0,,379843000.0,134612000.0,-810000.0,133802000.0,1520648000.0,61300000.0,60554000.0,62758000.0
Ulta Beauty Inc,ULTA,,1403568,2012.0,Q4,2012-10-28,2013-02-02,,1.02,1.02,,1.01,39213000.0,64532000.0,64532000.0,64532000.0,499191000.0,758835000.0,1915000.0,153963000.0,499191000.0,259644000.0,21000.0,,155878000.0,103766000.0,-21000.0,103745000.0,758835000.0,63200000.0,63250000.0,64396000.0
Ulta Beauty Inc,ULTA,,1403568,2012.0,FY,2012-01-29,2013-02-02,2015-04-01 12:30:24+00:00,2.73,2.73,1.0,2.68,107244000.0,172549000.0,172549000.0,172549000.0,1436582000.0,2220256000.0,14816000.0,488880000.0,1436582000.0,783674000.0,185000.0,,503696000.0,279978000.0,-185000.0,279793000.0,2220256000.0,63200000.0,63250000.0,64396000.0
Ulta Beauty Inc,ULTA,,1403568,2012.0,Q3,2012-07-29,2012-10-27,2012-11-29 16:13:02+00:00,0.6,0.6,,0.59,23117000.0,38151000.0,38151000.0,38151000.0,320147000.0,505640000.0,6252000.0,117934000.0,320147000.0,185493000.0,39000.0,,124186000.0,61307000.0,-39000.0,61268000.0,505640000.0,63600000.0,63484000.0,64483000.0
Ulta Beauty Inc,ULTA,,1403568,2012.0,Q3YTD,2012-01-29,2012-10-27,,1.71,1.71,1.0,1.67,68031000.0,108017000.0,108017000.0,108017000.0,937391000.0,1461421000.0,12901000.0,334917000.0,937391000.0,524030000.0,164000.0,,347818000.0,176212000.0,-164000.0,176048000.0,1461421000.0,63600000.0,63484000.0,64483000.0
Ulta Beauty Inc,ULTA,,1403568,2012.0,Q3TTM,2011-10-30,2012-10-27,,2.46,2.46,1.0,2.4,94892000.0,154312000.0,154312000.0,154312000.0,1321437000.0,2043932000.0,13884000.0,459152000.0,1321437000.0,722495000.0,255000.0,,473036000.0,249459000.0,-255000.0,249204000.0,2043932000.0,63600000.0,63484000.0,64483000.0
Ulta Beauty Inc,ULTA,,1403568,2012.0,Q2,2012-04-29,2012-07-28,2012-09-06 16:27:41+00:00,0.55,0.55,,0.54,22357000.0,34998000.0,34998000.0,34998000.0,314058000.0,481683000.0,4126000.0,106040000.0,314058000.0,167625000.0,104000.0,,110166000.0,57459000.0,-104000.0,57355000.0,481683000.0,63600000.0,63070000.0,64293000.0
Ulta Beauty Inc,ULTA,,1403568,2012.0,Q2YTD,2012-01-29,2012-07-28,,1.11,1.11,1.0,1.08,44914000.0,69866000.0,69866000.0,69866000.0,617244000.0,955781000.0,6649000.0,216983000.0,617244000.0,338537000.0,125000.0,,223632000.0,114905000.0,-125000.0,114780000.0,955781000.0,63600000.0,63070000.0,64293000.0
Ulta Beauty Inc,ULTA,,1403568,2012.0,Q2TTM,2011-07-31,2012-07-28,,2.3,2.3,1.0,2.23,89059000.0,142929000.0,142929000.0,142929000.0,1265174000.0,1951359000.0,11590000.0,442215000.0,1265174000.0,686185000.0,392000.0,,453805000.0,232380000.0,-392000.0,231988000.0,1951359000.0,63600000.0,63070000.0,64293000.0
Ulta Beauty Inc,ULTA,,1403568,2012.0,Q1,2012-01-29,2012-04-28,2012-06-05 16:21:31+00:00,0.56,0.56,1.0,0.54,22557000.0,34868000.0,34868000.0,34868000.0,303186000.0,474098000.0,2523000.0,110943000.0,303186000.0,170912000.0,21000.0,,113466000.0,57446000.0,-21000.0,57425000.0,474098000.0,62300000.0,62496000.0,64072000.0
Ulta Beauty Inc,ULTA,,1403568,2012.0,Q1TTM,2011-05-01,2012-04-28,,2.14,2.14,1.0,2.07,82310000.0,131836000.0,131836000.0,131836000.0,1211396000.0,1864243000.0,11280000.0,426986000.0,1211396000.0,652847000.0,435000.0,,438266000.0,214581000.0,-435000.0,214146000.0,1864243000.0,62300000.0,62496000.0,64072000.0
Ulta Beauty Inc,ULTA,,1403568,2013.0,Q4,2013-11-03,2014-02-01,,1.1,1.1,,1.1,43525000.0,70682000.0,70682000.0,70682000.0,574521000.0,868082000.0,1787000.0,177636000.0,574521000.0,293561000.0,-69000.0,,179423000.0,114138000.0,69000.0,114207000.0,868082000.0,64000000.0,63992000.0,64461000.0
Ulta Beauty Inc,ULTA,,1403568,2013.0,FY,2013-02-03,2014-02-01,2015-04-01 12:30:24+00:00,3.17,3.17,0.0,3.15,124857000.0,202849000.0,202849000.0,202849000.0,1729325000.0,2670573000.0,17270000.0,596390000.0,1729325000.0,941248000.0,-118000.0,,613660000.0,327588000.0,118000.0,327706000.0,2670573000.0,64000000.0,63992000.0,64461000.0
Ulta Beauty Inc,ULTA,,1403568,2013.0,Q3,2013-08-04,2013-11-02,2013-12-05 16:15:46+00:00,0.71,0.71,,0.7,27464000.0,45430000.0,45430000.0,45430000.0,387120000.0,618781000.0,7468000.0,151306000.0,387120000.0,231661000.0,-7000.0,,158774000.0,72887000.0,7000.0,72894000.0,618781000.0,64000000.0,64061000.0,64538000.0
Ulta Beauty Inc,ULTA,,1403568,2013.0,Q3YTD,2013-02-03,2013-11-02,,2.07,2.07,,2.05,81332000.0,132167000.0,132167000.0,132167000.0,1154804000.0,1802491000.0,15483000.0,418754000.0,1154804000.0,647687000.0,-49000.0,,434237000.0,213450000.0,49000.0,213499000.0,1802491000.0,64000000.0,64061000.0,64538000.0
Ulta Beauty Inc,ULTA,,1403568,2013.0,Q3TTM,2012-10-28,2013-11-02,,3.09,3.09,,3.06,120545000.0,196699000.0,196699000.0,196699000.0,1653995000.0,2561326000.0,17398000.0,572717000.0,1653995000.0,907331000.0,-28000.0,,590115000.0,317216000.0,28000.0,317244000.0,2561326000.0,64000000.0,64061000.0,64538000.0
Ulta Beauty Inc,ULTA,,1403568,2013.0,Q2,2013-05-05,2013-08-03,2013-09-12 16:14:20+00:00,0.7,0.7,0.0,0.7,27975000.0,44911000.0,44911000.0,44911000.0,388921000.0,600998000.0,4809000.0,134400000.0,388921000.0,212077000.0,-18000.0,,139209000.0,72868000.0,18000.0,72886000.0,600998000.0,64200000.0,63834000.0,64331000.0
Ulta Beauty Inc,ULTA,,1403568,2013.0,Q2YTD,2013-02-03,2013-08-03,,1.36,1.36,,1.35,53868000.0,86737000.0,86737000.0,86737000.0,767684000.0,1183710000.0,8015000.0,267448000.0,767684000.0,416026000.0,-42000.0,,275463000.0,140563000.0,42000.0,140605000.0,1183710000.0,64200000.0,63834000.0,64331000.0
Ulta Beauty Inc,ULTA,,1403568,2013.0,Q2TTM,2012-07-29,2013-08-03,,2.98,2.98,,2.95,116198000.0,189420000.0,189420000.0,189420000.0,1587022000.0,2448185000.0,16182000.0,539345000.0,1587022000.0,861163000.0,18000.0,,555527000.0,305636000.0,-18000.0,305618000.0,2448185000.0,64200000.0,63834000.0,64331000.0
Ulta Beauty Inc,ULTA,,1403568,2013.0,Q1,2013-02-03,2013-05-04,2013-06-11 16:16:29+00:00,0.66,0.66,,0.65,25893000.0,41826000.0,41826000.0,41826000.0,378763000.0,582712000.0,3206000.0,133048000.0,378763000.0,203949000.0,-24000.0,,136254000.0,67695000.0,24000.0,67719000.0,582712000.0,63400000.0,63842000.0,64495000.0
Ulta Beauty Inc,ULTA,,1403568,2013.0,Q1TTM,2012-04-29,2013-05-04,,2.83,2.83,,2.79,110580000.0,179507000.0,179507000.0,179507000.0,1512159000.0,2328870000.0,15499000.0,510985000.0,1512159000.0,816711000.0,140000.0,,526484000.0,290227000.0,-140000.0,290087000.0,2328870000.0,63400000.0,63842000.0,64495000.0
Ulta Beauty Inc,ULTA,,1403568,2014.0,FY,2014-02-02,2015-01-31,2017-03-28 12:35:05+00:00,4.0,4.0,,3.98,154174000.0,257135000.0,257135000.0,257135000.0,2104582000.0,3241369000.0,14366000.0,712006000.0,2104582000.0,1136787000.0,-894000.0,,726372000.0,410415000.0,894000.0,411309000.0,3241369000.0,64300000.0,64335000.0,64651000.0
Ulta Beauty Inc,ULTA,,1403568,2014.0,Q4,2014-11-02,2015-01-31,,1.36,1.36,,1.36,50434000.0,87264000.0,87264000.0,87264000.0,697904000.0,1047641000.0,1568000.0,210702000.0,697904000.0,349737000.0,-231000.0,,212270000.0,137467000.0,231000.0,137698000.0,1047641000.0,64300000.0,64335000.0,64651000.0
Ulta Beauty Inc,ULTA,,1403568,2014.0,Q3,2014-08-03,2014-11-01,2015-12-03 16:13:56+00:00,0.92,0.92,,0.91,35218000.0,59124000.0,59124000.0,59124000.0,463967000.0,745722000.0,6574000.0,181093000.0,463967000.0,281755000.0,-254000.0,,187667000.0,94088000.0,254000.0,94342000.0,745722000.0,64300000.0,64419000.0,64738000.0
Ulta Beauty Inc,ULTA,,1403568,2014.0,Q3YTD,2014-02-02,2014-11-01,,2.64,2.64,,2.62,103740000.0,169871000.0,169871000.0,169871000.0,1406678000.0,2193728000.0,12798000.0,501304000.0,1406678000.0,787050000.0,-663000.0,,514102000.0,272948000.0,663000.0,273611000.0,2193728000.0,64300000.0,64419000.0,64738000.0
Ulta Beauty Inc,ULTA,,1403568,2014.0,Q3TTM,2013-11-03,2014-11-01,,3.74,3.74,,3.72,147265000.0,240553000.0,240553000.0,240553000.0,1981199000.0,3061810000.0,14585000.0,678940000.0,1981199000.0,1080611000.0,-732000.0,,693525000.0,387086000.0,732000.0,387818000.0,3061810000.0,64300000.0,64419000.0,64738000.0
Ulta Beauty Inc,ULTA,,1403568,2014.0,Q2,2014-05-04,2014-08-02,2015-09-03 16:10:50+00:00,0.94,0.94,,0.94,37394000.0,60794000.0,60794000.0,60794000.0,474894000.0,734236000.0,3595000.0,157768000.0,474894000.0,259342000.0,-209000.0,,161363000.0,97979000.0,209000.0,98188000.0,734236000.0,64700000.0,64349000.0,64636000.0
Ulta Beauty Inc,ULTA,,1403568,2014.0,Q2YTD,2014-02-02,2014-08-02,,1.72,1.72,,1.71,68522000.0,110747000.0,110747000.0,110747000.0,942711000.0,1448006000.0,6224000.0,320211000.0,942711000.0,505295000.0,-409000.0,,326435000.0,178860000.0,409000.0,179269000.0,1448006000.0,64700000.0,64349000.0,64636000.0
Ulta Beauty Inc,ULTA,,1403568,2014.0,Q2TTM,2013-08-04,2014-08-02,,3.53,3.53,,3.51,139511000.0,226859000.0,226859000.0,226859000.0,1904352000.0,2934869000.0,15479000.0,649153000.0,1904352000.0,1030517000.0,-485000.0,,664632000.0,365885000.0,485000.0,366370000.0,2934869000.0,64700000.0,64349000.0,64636000.0
Ulta Beauty Inc,ULTA,,1403568,2014.0,Q1,2014-02-02,2014-05-03,2015-06-04 15:07:18+00:00,0.78,0.78,,0.77,31128000.0,49953000.0,49953000.0,49953000.0,467817000.0,713770000.0,2629000.0,162443000.0,467817000.0,245953000.0,-200000.0,,165072000.0,80881000.0,200000.0,81081000.0,713770000.0,64000000.0,64273000.0,64607000.0
Ulta Beauty Inc,ULTA,,1403568,2014.0,Q1TTM,2013-05-05,2014-05-03,,3.29,3.29,,3.27,130092000.0,210976000.0,210976000.0,210976000.0,1818379000.0,2801631000.0,16693000.0,625785000.0,1818379000.0,983252000.0,-294000.0,,642478000.0,340774000.0,294000.0,341068000.0,2801631000.0,64000000.0,64273000.0,64607000.0
Ulta Beauty Inc,ULTA,,1403568,2015.0,FY,2015-02-01,2016-01-30,2018-04-03 14:32:45+00:00,5.0,5.0,,4.98,187432000.0,320008000.0,320008000.0,320008000.0,2539783000.0,3924116000.0,14682000.0,863354000.0,2539783000.0,1384333000.0,-1143000.0,,878036000.0,506297000.0,1143000.0,507440000.0,3924116000.0,64000000.0,63949000.0,64275000.0
Ulta Beauty Inc,ULTA,,1403568,2015.0,Q4,2015-11-01,2016-01-30,,1.69,1.69,,1.68,61936000.0,107823000.0,107823000.0,107823000.0,829259000.0,1268295000.0,1381000.0,268169000.0,829259000.0,439036000.0,-273000.0,,269550000.0,169486000.0,273000.0,169759000.0,1268295000.0,64000000.0,63949000.0,64275000.0
Ulta Beauty Inc,ULTA,,1403568,2015.0,Q3,2015-08-02,2015-10-31,2016-12-01 16:16:54+00:00,1.11,1.11,,1.11,39982000.0,71070000.0,71070000.0,71070000.0,575062000.0,910700000.0,6106000.0,218763000.0,575062000.0,335638000.0,-283000.0,,224869000.0,110769000.0,283000.0,111052000.0,910700000.0,64000000.0,63882000.0,64196000.0
Ulta Beauty Inc,ULTA,,1403568,2015.0,Q3YTD,2015-02-01,2015-10-31,,3.31,3.31,,3.3,125496000.0,212185000.0,212185000.0,212185000.0,1710524000.0,2655821000.0,13301000.0,595185000.0,1710524000.0,945297000.0,-870000.0,,608486000.0,336811000.0,870000.0,337681000.0,2655821000.0,64000000.0,63882000.0,64196000.0
Ulta Beauty Inc,ULTA,,1403568,2015.0,Q3TTM,2014-11-02,2015-10-31,,4.67,4.67,,4.66,175930000.0,299449000.0,299449000.0,299449000.0,2408428000.0,3703462000.0,14869000.0,805887000.0,2408428000.0,1295034000.0,-1101000.0,,820756000.0,474278000.0,1101000.0,475379000.0,3703462000.0,64000000.0,63882000.0,64196000.0
Ulta Beauty Inc,ULTA,,1403568,2015.0,Q2,2015-05-03,2015-08-01,2016-08-25 16:13:53+00:00,1.16,1.16,,1.15,44567000.0,74169000.0,74169000.0,74169000.0,570524000.0,876999000.0,4078000.0,183937000.0,570524000.0,306475000.0,-276000.0,,188015000.0,118460000.0,276000.0,118736000.0,876999000.0,63900000.0,64087000.0,64410000.0
Ulta Beauty Inc,ULTA,,1403568,2015.0,Q2YTD,2015-02-01,2015-08-01,,2.2,2.2,,2.19,85514000.0,141115000.0,141115000.0,141115000.0,1135462000.0,1745121000.0,7195000.0,376422000.0,1135462000.0,609659000.0,-587000.0,,383617000.0,226042000.0,587000.0,226629000.0,1745121000.0,63900000.0,64087000.0,64410000.0
Ulta Beauty Inc,ULTA,,1403568,2015.0,Q2TTM,2014-08-03,2015-08-01,,4.48,4.48,,4.46,171166000.0,287503000.0,287503000.0,287503000.0,2297333000.0,3538484000.0,15337000.0,768217000.0,2297333000.0,1241151000.0,-1072000.0,,783554000.0,457597000.0,1072000.0,458669000.0,3538484000.0,63900000.0,64087000.0,64410000.0
Ulta Beauty Inc,ULTA,,1403568,2015.0,Q1,2015-02-01,2015-05-02,2016-06-02 16:18:28+00:00,1.04,1.04,,1.04,40947000.0,66946000.0,66946000.0,66946000.0,564938000.0,868122000.0,3117000.0,192485000.0,564938000.0,303184000.0,-311000.0,,195602000.0,107582000.0,311000.0,107893000.0,868122000.0,64400000.0,64180000.0,64555000.0
Ulta Beauty Inc,ULTA,,1403568,2015.0,Q1TTM,2014-05-04,2015-05-02,,4.26,4.26,,4.25,163993000.0,274128000.0,274128000.0,274128000.0,2201703000.0,3395721000.0,14854000.0,742048000.0,2201703000.0,1194018000.0,-1005000.0,,756902000.0,437116000.0,1005000.0,438121000.0,3395721000.0,64400000.0,64180000.0,64555000.0
Ulta Beauty Inc,ULTA,,1403568,2016.0,FY,2016-01-31,2017-01-28,2019-04-02 13:31:13+00:00,6.55,6.55,,6.52,245954000.0,409760000.0,409760000.0,409760000.0,3107508000.0,4854737000.0,18571000.0,1073834000.0,3107508000.0,1747229000.0,,890000.0,1092405000.0,654824000.0,890000.0,655714000.0,4854737000.0,62600000.0,62519000.0,62851000.0
Ulta Beauty Inc,ULTA,,1403568,2016.0,Q4,2016-10-30,2017-01-28,,2.25,2.25,,2.24,84128000.0,140218000.0,140218000.0,140218000.0,1035666000.0,1580574000.0,4412000.0,316266000.0,1035666000.0,544908000.0,563000.0,679000.0,320678000.0,224230000.0,116000.0,224346000.0,1580574000.0,62600000.0,62519000.0,62851000.0
Ulta Beauty Inc,ULTA,,1403568,2016.0,Q3,2016-07-31,2016-10-29,2017-11-30 16:17:04+00:00,1.4,1.4,,1.4,52310000.0,87562000.0,87562000.0,87562000.0,704179000.0,1131232000.0,6928000.0,280464000.0,704179000.0,427053000.0,,211000.0,287392000.0,139661000.0,211000.0,139872000.0,1131232000.0,62500000.0,62371000.0,62692000.0
Ulta Beauty Inc,ULTA,,1403568,2016.0,Q3YTD,2016-01-31,2016-10-29,,4.3,4.3,,4.28,161826000.0,269542000.0,269542000.0,269542000.0,2071842000.0,3274163000.0,14159000.0,757568000.0,2071842000.0,1202321000.0,-563000.0,211000.0,771727000.0,430594000.0,774000.0,431368000.0,3274163000.0,62500000.0,62371000.0,62692000.0
Ulta Beauty Inc,ULTA,,1403568,2016.0,Q3TTM,2015-11-01,2016-10-29,,5.99,5.99,,5.96,223762000.0,377365000.0,377365000.0,377365000.0,2901101000.0,4542458000.0,15540000.0,1025737000.0,2901101000.0,1641357000.0,-836000.0,211000.0,1041277000.0,600080000.0,1047000.0,601127000.0,4542458000.0,62500000.0,62371000.0,62692000.0
Ulta Beauty Inc,ULTA,,1403568,2016.0,Q2,2016-05-01,2016-07-30,2017-08-31 16:11:27+00:00,1.44,1.44,,1.43,54013000.0,90004000.0,90004000.0,90004000.0,684377000.0,1069215000.0,4689000.0,236380000.0,684377000.0,384838000.0,-248000.0,,241069000.0,143769000.0,248000.0,144017000.0,1069215000.0,62500000.0,62475000.0,62813000.0
Ulta Beauty Inc,ULTA,,1403568,2016.0,Q2YTD,2016-01-31,2016-07-30,,2.9,2.9,,2.88,109516000.0,181980000.0,181980000.0,181980000.0,1367663000.0,2142931000.0,7231000.0,477104000.0,1367663000.0,775268000.0,-563000.0,,484335000.0,290933000.0,563000.0,291496000.0,2142931000.0,62500000.0,62475000.0,62813000.0
Ulta Beauty Inc,ULTA,,1403568,2016.0,Q2TTM,2015-08-02,2016-07-30,,5.7,5.7,,5.67,211434000.0,360873000.0,360873000.0,360873000.0,2771984000.0,4321926000.0,14718000.0,964036000.0,2771984000.0,1549942000.0,-1119000.0,,978754000.0,571188000.0,1119000.0,572307000.0,4321926000.0,62500000.0,62475000.0,62813000.0
Ulta Beauty Inc,ULTA,,1403568,2016.0,Q1,2016-01-31,2016-04-30,2017-06-01 16:19:53+00:00,1.46,1.46,,1.45,55503000.0,91976000.0,91976000.0,91976000.0,683286000.0,1073716000.0,2542000.0,240724000.0,683286000.0,390430000.0,-315000.0,,243266000.0,147164000.0,315000.0,147479000.0,1073716000.0,63000000.0,63031000.0,63335000.0
Ulta Beauty Inc,ULTA,,1403568,2016.0,Q1TTM,2015-05-03,2016-04-30,,5.42,5.42,,5.39,201988000.0,345038000.0,345038000.0,345038000.0,2658131000.0,4129710000.0,14107000.0,911593000.0,2658131000.0,1471579000.0,-1147000.0,,925700000.0,545879000.0,1147000.0,547026000.0,4129710000.0,63000000.0,63031000.0,63335000.0
Ulta Beauty Inc,ULTA,,1403568,2017.0,FY,2017-01-29,2018-02-03,2020-03-27 16:43:34+00:00,9.02,9.02,,8.96,231625000.0,555234000.0,555234000.0,555234000.0,3787697000.0,5884506000.0,24286000.0,1287232000.0,3787697000.0,2096809000.0,,1568000.0,1311518000.0,785291000.0,1568000.0,786859000.0,5884506000.0,61600000.0,61556000.0,61975000.0
Ulta Beauty Inc,ULTA,,1403568,2017.0,Q4,2017-10-29,2018-02-03,,3.41,3.41,,3.38,46605000.0,208173000.0,208173000.0,208173000.0,1279245000.0,1937592000.0,4297000.0,399631000.0,1279245000.0,658347000.0,,359000.0,403928000.0,254419000.0,359000.0,254778000.0,1937592000.0,61600000.0,61556000.0,61975000.0
Ulta Beauty Inc,ULTA,,1403568,2017.0,Q3,2017-07-30,2017-10-28,2018-12-06 16:10:53+00:00,1.71,1.71,,1.7,58338000.0,104645000.0,104645000.0,104645000.0,849053000.0,1342181000.0,9732000.0,320729000.0,849053000.0,493128000.0,,316000.0,330461000.0,162667000.0,316000.0,162983000.0,1342181000.0,61200000.0,61299000.0,61630000.0
Ulta Beauty Inc,ULTA,,1403568,2017.0,Q3YTD,2017-01-29,2017-10-28,,5.61,5.61,,5.58,185020000.0,347061000.0,347061000.0,347061000.0,2508452000.0,3946914000.0,19989000.0,887601000.0,2508452000.0,1438462000.0,,1209000.0,907590000.0,530872000.0,1209000.0,532081000.0,3946914000.0,61200000.0,61299000.0,61630000.0
Ulta Beauty Inc,ULTA,,1403568,2017.0,Q3TTM,2016-10-30,2017-10-28,,7.86,7.86,,7.82,269148000.0,487279000.0,487279000.0,487279000.0,3544118000.0,5527488000.0,24401000.0,1203867000.0,3544118000.0,1983370000.0,563000.0,1888000.0,1228268000.0,755102000.0,1325000.0,756427000.0,5527488000.0,61200000.0,61299000.0,61630000.0
Ulta Beauty Inc,ULTA,,1403568,2017.0,Q2,2017-04-30,2017-07-29,2018-08-30 16:23:28+00:00,1.84,1.84,,1.83,66162000.0,114193000.0,114193000.0,114193000.0,820528000.0,1289854000.0,6099000.0,283427000.0,820528000.0,469326000.0,,555000.0,289526000.0,179800000.0,555000.0,180355000.0,1289854000.0,62100000.0,61935000.0,62379000.0
Ulta Beauty Inc,ULTA,,1403568,2017.0,Q2YTD,2017-01-29,2017-07-29,,3.9,3.9,,3.88,126682000.0,242416000.0,242416000.0,242416000.0,1659399000.0,2604733000.0,10257000.0,566872000.0,1659399000.0,945334000.0,,893000.0,577129000.0,368205000.0,893000.0,369098000.0,2604733000.0,62100000.0,61935000.0,62379000.0
Ulta Beauty Inc,ULTA,,1403568,2017.0,Q2TTM,2016-07-31,2017-07-29,,7.55,7.55,,7.52,263120000.0,470196000.0,470196000.0,470196000.0,3399244000.0,5316539000.0,21597000.0,1163602000.0,3399244000.0,1917295000.0,563000.0,1783000.0,1185199000.0,732096000.0,1220000.0,733316000.0,5316539000.0,62100000.0,61935000.0,62379000.0
Ulta Beauty Inc,ULTA,,1403568,2017.0,Q1,2017-01-29,2017-04-29,2018-06-01 11:20:26+00:00,2.06,2.06,,2.05,60520000.0,128223000.0,128223000.0,128223000.0,838871000.0,1314879000.0,4158000.0,283445000.0,838871000.0,476008000.0,,338000.0,287603000.0,188405000.0,338000.0,188743000.0,1314879000.0,62200000.0,62101000.0,62594000.0
Ulta Beauty Inc,ULTA,,1403568,2017.0,Q1TTM,2016-05-01,2017-04-29,,7.15,7.15,,7.12,250971000.0,446007000.0,446007000.0,446007000.0,3263093000.0,5095900000.0,20187000.0,1116555000.0,3263093000.0,1832807000.0,315000.0,1228000.0,1136742000.0,696065000.0,913000.0,696978000.0,5095900000.0,62200000.0,62101000.0,62594000.0
Ulta Beauty Inc,ULTA,,1403568,2018.0,FY,2018-02-04,2019-02-02,2020-03-27 16:43:34+00:00,11.0,11.0,,10.94,200582000.0,658559000.0,658559000.0,658559000.0,4307304000.0,6716615000.0,19767000.0,1535464000.0,4307304000.0,2409311000.0,,5061000.0,1555231000.0,854080000.0,5061000.0,859141000.0,6716615000.0,59900000.0,59864000.0,60181000.0
Ulta Beauty Inc,ULTA,,1403568,2018.0,Q4,2018-11-04,2019-02-02,,3.62,3.62,,3.6,67811000.0,214674000.0,214674000.0,214674000.0,1383857000.0,2124716000.0,2404000.0,457245000.0,1383857000.0,740859000.0,,1275000.0,459649000.0,281210000.0,1275000.0,282485000.0,2124716000.0,59900000.0,59864000.0,60181000.0
Ulta Beauty Inc,ULTA,,1403568,2018.0,Q3,2018-08-05,2018-11-03,2019-12-05 17:01:10+00:00,2.2,2.2,,2.18,39365000.0,131166000.0,131166000.0,131166000.0,987733000.0,1560011000.0,7612000.0,395453000.0,987733000.0,572278000.0,,1318000.0,403065000.0,169213000.0,1318000.0,170531000.0,1560011000.0,59600000.0,59724000.0,60062000.0
Ulta Beauty Inc,ULTA,,1403568,2018.0,Q3YTD,2018-02-04,2018-11-03,,7.38,7.38,,7.34,132771000.0,443885000.0,443885000.0,443885000.0,2923447000.0,4591899000.0,17363000.0,1078219000.0,2923447000.0,1668452000.0,,3786000.0,1095582000.0,572870000.0,3786000.0,576656000.0,4591899000.0,59600000.0,59724000.0,60062000.0
Ulta Beauty Inc,ULTA,,1403568,2018.0,Q3TTM,2017-10-29,2018-11-03,,10.79,10.79,,10.72,179376000.0,652058000.0,652058000.0,652058000.0,4202692000.0,6529491000.0,21660000.0,1477850000.0,4202692000.0,2326799000.0,,4145000.0,1499510000.0,827289000.0,4145000.0,831434000.0,6529491000.0,59600000.0,59724000.0,60062000.0
Ulta Beauty Inc,ULTA,,1403568,2018.0,Q2,2018-05-06,2018-08-04,2019-08-29 16:27:46+00:00,2.47,2.47,,2.46,46635000.0,148323000.0,148323000.0,148323000.0,952760000.0,1488221000.0,4504000.0,337142000.0,952760000.0,535461000.0,,1143000.0,341646000.0,193815000.0,1143000.0,194958000.0,1488221000.0,60000000.0,60070000.0,60375000.0
Ulta Beauty Inc,ULTA,,1403568,2018.0,Q2YTD,2018-02-04,2018-08-04,,5.18,5.18,,5.16,93406000.0,312719000.0,312719000.0,312719000.0,1935714000.0,3031888000.0,9751000.0,682766000.0,1935714000.0,1096174000.0,,2468000.0,692517000.0,403657000.0,2468000.0,406125000.0,3031888000.0,60000000.0,60070000.0,60375000.0
Ulta Beauty Inc,ULTA,,1403568,2018.0,Q2TTM,2017-07-30,2018-08-04,,10.3,10.3,,10.24,198349000.0,625537000.0,625537000.0,625537000.0,4064012000.0,6311661000.0,23780000.0,1403126000.0,4064012000.0,2247649000.0,,3143000.0,1426906000.0,820743000.0,3143000.0,823886000.0,6311661000.0,60000000.0,60070000.0,60375000.0
Ulta Beauty Inc,ULTA,,1403568,2018.0,Q1,2018-02-04,2018-05-05,2019-05-30 16:22:03+00:00,2.71,2.71,,2.7,46771000.0,164396000.0,164396000.0,164396000.0,982954000.0,1543667000.0,5247000.0,345624000.0,982954000.0,560713000.0,,1325000.0,350871000.0,209842000.0,1325000.0,211167000.0,1543667000.0,60700000.0,60610000.0,60909000.0
Ulta Beauty Inc,ULTA,,1403568,2018.0,Q1TTM,2017-04-30,2018-05-05,,9.67,9.67,,9.61,217876000.0,591407000.0,591407000.0,591407000.0,3931780000.0,6113294000.0,25375000.0,1349411000.0,3931780000.0,2181514000.0,,2555000.0,1374786000.0,806728000.0,2555000.0,809283000.0,6113294000.0,60700000.0,60610000.0,60909000.0
Ulta Beauty Inc,ULTA,,1403568,2019.0,Q4,2019-11-03,2020-02-01,,3.91,3.91,,3.88,65476000.0,222719000.0,222719000.0,222719000.0,1499033000.0,2305918000.0,3587000.0,515542000.0,1499033000.0,806885000.0,,439000.0,519129000.0,287756000.0,439000.0,288195000.0,2305918000.0,57800000.0,57840000.0,58105000.0
Ulta Beauty Inc,ULTA,,1403568,2019.0,FY,2019-02-03,2020-02-01,2020-03-27 16:43:34+00:00,12.21,12.21,,12.15,200205000.0,705945000.0,705945000.0,705945000.0,4717004000.0,7398068000.0,19254000.0,1760716000.0,4717004000.0,2681064000.0,,5056000.0,1779970000.0,901094000.0,5056000.0,906150000.0,7398068000.0,57800000.0,57840000.0,58105000.0
Ulta Beauty Inc,ULTA,,1403568,2019.0,Q3,2019-08-04,2019-11-02,2019-12-05 17:01:10+00:00,2.25,2.25,,2.25,38933000.0,129747000.0,129747000.0,129747000.0,1059081000.0,1682514000.0,6455000.0,449198000.0,1059081000.0,623433000.0,,900000.0,455653000.0,167780000.0,900000.0,168680000.0,1682514000.0,57700000.0,57568000.0,57763000.0
Ulta Beauty Inc,ULTA,,1403568,2019.0,Q3YTD,2019-02-03,2019-11-02,,8.3,8.3,,8.27,134729000.0,483226000.0,483226000.0,483226000.0,3217971000.0,5092150000.0,15667000.0,1245174000.0,3217971000.0,1874179000.0,,4617000.0,1260841000.0,613338000.0,4617000.0,617955000.0,5092150000.0,57700000.0,57568000.0,57763000.0
Ulta Beauty Inc,ULTA,,1403568,2019.0,Q3TTM,2018-11-04,2019-11-02,,11.92,11.92,,11.87,202540000.0,697900000.0,697900000.0,697900000.0,4601828000.0,7216866000.0,18071000.0,1702419000.0,4601828000.0,2615038000.0,,5892000.0,1720490000.0,894548000.0,5892000.0,900440000.0,7216866000.0,57700000.0,57568000.0,57763000.0
Ulta Beauty Inc,ULTA,,1403568,2019.0,Q2YTD,2019-02-03,2019-08-03,,6.05,6.05,,6.02,95796000.0,353479000.0,353479000.0,353479000.0,2158890000.0,3409636000.0,9212000.0,795976000.0,2158890000.0,1250746000.0,,3717000.0,805188000.0,445558000.0,3717000.0,449275000.0,3409636000.0,58200000.0,58171000.0,58446000.0
Ulta Beauty Inc,ULTA,,1403568,2019.0,Q2TTM,2018-08-05,2019-08-03,,11.87,11.87,,11.8,202972000.0,699319000.0,699319000.0,699319000.0,4530480000.0,7094363000.0,19228000.0,1648674000.0,4530480000.0,2563883000.0,,6310000.0,1667902000.0,895981000.0,6310000.0,902291000.0,7094363000.0,58200000.0,58171000.0,58446000.0
Ulta Beauty Inc,ULTA,,1403568,2019.0,Q2,2019-05-05,2019-08-03,2019-08-29 16:27:46+00:00,2.77,2.77,,2.76,48431000.0,161258000.0,161258000.0,161258000.0,1060708000.0,1666607000.0,5038000.0,392843000.0,1060708000.0,605899000.0,,1671000.0,397881000.0,208018000.0,1671000.0,209689000.0,1666607000.0,58200000.0,58171000.0,58446000.0
Ulta Beauty Inc,ULTA,,1403568,2019.0,Q1TTM,2018-05-06,2019-05-04,,11.57,11.57,,11.5,201176000.0,686384000.0,686384000.0,686384000.0,4422532000.0,6915977000.0,18694000.0,1592973000.0,4422532000.0,2493445000.0,,5782000.0,1611667000.0,881778000.0,5782000.0,887560000.0,6915977000.0,58600000.0,58631000.0,58993000.0
Ulta Beauty Inc,ULTA,,1403568,2019.0,Q1,2019-02-03,2019-05-04,2019-05-30 16:22:03+00:00,3.28,3.28,,3.26,47365000.0,192221000.0,192221000.0,192221000.0,1098182000.0,1743029000.0,4174000.0,403133000.0,1098182000.0,644847000.0,,2046000.0,407307000.0,237540000.0,2046000.0,239586000.0,1743029000.0,58600000.0,58631000.0,58993000.0
