company_name,company_ticker,company_lei,company_cik,year,quarter,start_date,end_date,filing_date,basicdilutedeps,basiceps,cashdividendspershare,dilutedeps,impairmentexpense,incometaxexpense,netincome,netincomecontinuing,netincomediscontinued,netincometocommon,netincometononcontrollinginterest,operatingcostofrevenue,operatingrevenue,otherincome,otherspecialcharges,restructuringcharge,sgaexpense,totalcostofrevenue,totalgrossprofit,totalinterestexpense,totalinterestincome,totaloperatingexpenses,totaloperatingincome,totalotherincome,totalpretaxincome,totalrevenue,weightedavebasicdilutedsharesos,weightedavebasicsharesos,weightedavedilutedsharesos
Newell Brands Inc,NWL,549300LWGYFM1TVO1Z12,814453,2008.0,FY,2008-01-01,2008-12-31,2011-03-01 17:21:03+00:00,-0.18,-0.18,0.84,-0.18,299400000.0,53600000.0,-50300000.0,-49800000.0,-500000.0,-52300000.0,2000000.0,4347400000.0,6470600000.0,-6900000.0,,120300000.0,1502700000.0,4347400000.0,2123200000.0,190100000.0,,1922400000.0,200800000.0,-197000000.0,3800000.0,6470600000.0,290600000.0,279900000.0,279900000.0
Newell Brands Inc,NWL,549300LWGYFM1TVO1Z12,814453,2009.0,FY,2009-01-01,2009-12-31,2012-02-29 15:03:12+00:00,1.02,1.02,0.26,0.97,0.0,142800000.0,285500000.0,285800000.0,-300000.0,285500000.0,,3453300000.0,5483400000.0,-2000000.0,,100000000.0,1354800000.0,3453300000.0,2030100000.0,144700000.0,,1454800000.0,575300000.0,-146700000.0,428600000.0,5483400000.0,279900000.0,280800000.0,294400000.0
Newell Brands Inc,NWL,549300LWGYFM1TVO1Z12,814453,2009.0,Q3,2009-07-01,2009-09-30,2010-11-09 14:49:52+00:00,0.3,0.3,0.05,0.28,,43500000.0,85500000.0,85500000.0,,85500000.0,,906400000.0,1449000000.0,-600000.0,,27000000.0,350300000.0,906400000.0,542600000.0,35700000.0,,377300000.0,165300000.0,-36300000.0,129000000.0,1449000000.0,285000000.0,280800000.0,301800000.0
Newell Brands Inc,NWL,549300LWGYFM1TVO1Z12,814453,2009.0,Q2,2009-04-01,2009-06-30,2010-08-06 16:13:57+00:00,0.38,0.38,0.05,0.37,,52300000.0,105700000.0,105700000.0,,105700000.0,,946000000.0,1504300000.0,-1200000.0,,29500000.0,329300000.0,946000000.0,558300000.0,40300000.0,,358800000.0,199500000.0,-41500000.0,158000000.0,1504300000.0,278200000.0,280800000.0,286800000.0
Newell Brands Inc,NWL,549300LWGYFM1TVO1Z12,814453,2010.0,Q4,2010-10-01,2010-12-31,,0.27,0.27,0.05,0.27,,18900000.0,75700000.0,71100000.0,4600000.0,75700000.0,,863800000.0,1390100000.0,-2400000.0,,24000000.0,387000000.0,863800000.0,526300000.0,22900000.0,,411000000.0,115300000.0,-25300000.0,90000000.0,1390100000.0,281500000.0,282400000.0,305400000.0
Newell Brands Inc,NWL,549300LWGYFM1TVO1Z12,814453,2010.0,FY,2010-01-01,2010-12-31,2013-03-01 14:31:41+00:00,1.04,1.04,0.2,0.96,0.0,5600000.0,292800000.0,288200000.0,4600000.0,292800000.0,,3509500000.0,5658200000.0,7300000.0,,77400000.0,1447800000.0,3509500000.0,2148700000.0,337000000.0,,1525200000.0,623500000.0,-329700000.0,293800000.0,5658200000.0,281500000.0,282400000.0,305400000.0
Newell Brands Inc,NWL,549300LWGYFM1TVO1Z12,814453,2010.0,Q3YTD,2010-01-01,2010-09-30,,0.77,0.77,0.15,0.69,,-13300000.0,217100000.0,217100000.0,,217100000.0,,2645700000.0,4268100000.0,9700000.0,,53400000.0,1060800000.0,2645700000.0,1622400000.0,314100000.0,,1114200000.0,508200000.0,-304400000.0,203800000.0,4268100000.0,283000000.0,273300000.0,301000000.0
Newell Brands Inc,NWL,549300LWGYFM1TVO1Z12,814453,2010.0,Q3,2010-07-01,2010-09-30,2011-11-07 17:30:09+00:00,0.1,0.1,0.05,0.09,0.0,-99100000.0,28300000.0,28300000.0,0.0,28300000.0,,902100000.0,1465500000.0,3500000.0,,16200000.0,372600000.0,902100000.0,563400000.0,248900000.0,,388800000.0,174600000.0,-245400000.0,-70800000.0,1465500000.0,283000000.0,273300000.0,301000000.0
Newell Brands Inc,NWL,549300LWGYFM1TVO1Z12,814453,2010.0,Q2YTD,2010-01-01,2010-06-30,,0.67,0.67,0.1,0.6,,85800000.0,188800000.0,188800000.0,,188800000.0,,1743600000.0,2802600000.0,6200000.0,,37200000.0,688200000.0,1743600000.0,1059000000.0,65200000.0,,725400000.0,333600000.0,-59000000.0,274600000.0,2802600000.0,283500000.0,281500000.0,315400000.0
Newell Brands Inc,NWL,549300LWGYFM1TVO1Z12,814453,2010.0,Q2,2010-04-01,2010-06-30,2011-08-05 16:54:21+00:00,0.46,0.46,0.05,0.41,,45800000.0,130400000.0,130400000.0,,130400000.0,,908900000.0,1496200000.0,5900000.0,,21200000.0,362600000.0,908900000.0,587300000.0,33200000.0,,383800000.0,203500000.0,-27300000.0,176200000.0,1496200000.0,283500000.0,281500000.0,315400000.0
Newell Brands Inc,NWL,549300LWGYFM1TVO1Z12,814453,2010.0,Q1,2010-01-01,2010-03-31,2011-05-06 17:17:44+00:00,0.21,0.21,0.05,0.19,,40000000.0,58400000.0,58400000.0,,58400000.0,,834700000.0,1306400000.0,300000.0,,16000000.0,325600000.0,834700000.0,471700000.0,32000000.0,,341600000.0,130100000.0,-31700000.0,98400000.0,1306400000.0,278100000.0,281100000.0,307800000.0
Newell Brands Inc,NWL,549300LWGYFM1TVO1Z12,814453,2011.0,Q4,2011-10-01,2011-12-31,,0.28,0.28,0.08,0.29,-64700000.0,23300000.0,80400000.0,134300000.0,-53900000.0,80400000.0,,689800000.0,1142300000.0,-2500000.0,,35600000.0,300300000.0,689800000.0,452500000.0,21200000.0,,271200000.0,181300000.0,-23700000.0,157600000.0,1142300000.0,291200000.0,293600000.0,296200000.0
Newell Brands Inc,NWL,549300LWGYFM1TVO1Z12,814453,2011.0,FY,2011-01-01,2011-12-31,2014-03-03 16:11:13+00:00,0.43,0.43,0.29,0.42,317900000.0,21300000.0,125200000.0,187200000.0,-62000000.0,125200000.0,,3410600000.0,5511700000.0,-13500000.0,,47900000.0,1422300000.0,3410600000.0,2101100000.0,91000000.0,,1788100000.0,313000000.0,-104500000.0,208500000.0,5511700000.0,291200000.0,293600000.0,296200000.0
Newell Brands Inc,NWL,549300LWGYFM1TVO1Z12,814453,2011.0,Q3YTD,2011-01-01,2011-09-30,,0.15,0.15,0.21,0.13,382600000.0,-2000000.0,44800000.0,52900000.0,-8100000.0,44800000.0,,2720800000.0,4369400000.0,-11000000.0,,12300000.0,1122000000.0,2720800000.0,1648600000.0,69800000.0,,1516900000.0,131700000.0,-80800000.0,50900000.0,4369400000.0,291100000.0,290800000.0,290800000.0
Newell Brands Inc,NWL,549300LWGYFM1TVO1Z12,814453,2011.0,Q3TTM,2010-10-01,2011-09-30,,0.42,0.42,0.26,0.4,382600000.0,16900000.0,120500000.0,124000000.0,-3500000.0,120500000.0,,3584600000.0,5759500000.0,-13400000.0,,36300000.0,1509000000.0,3584600000.0,2174900000.0,92700000.0,,1927900000.0,247000000.0,-106100000.0,140900000.0,5759500000.0,291100000.0,290800000.0,290800000.0
Newell Brands Inc,NWL,549300LWGYFM1TVO1Z12,814453,2011.0,Q3,2011-07-01,2011-09-30,2012-11-06 17:19:42+00:00,-0.61,-0.61,0.08,-0.61,382600000.0,-53600000.0,-177600000.0,-166400000.0,-11200000.0,-177600000.0,,970600000.0,1549900000.0,-6000000.0,,5500000.0,383400000.0,970600000.0,579300000.0,21800000.0,,771500000.0,-192200000.0,-27800000.0,-220000000.0,1549900000.0,291100000.0,290800000.0,290800000.0
Newell Brands Inc,NWL,549300LWGYFM1TVO1Z12,814453,2011.0,Q2YTD,2011-01-01,2011-06-30,,0.76,0.76,0.13,0.74,,51600000.0,222400000.0,219300000.0,3100000.0,222400000.0,,1750200000.0,2819500000.0,-5000000.0,,6800000.0,738600000.0,1750200000.0,1069300000.0,48000000.0,,745400000.0,323900000.0,-53000000.0,270900000.0,2819500000.0,293400000.0,294300000.0,304900000.0
Newell Brands Inc,NWL,549300LWGYFM1TVO1Z12,814453,2011.0,Q2TTM,2010-07-01,2011-06-30,,1.13,1.13,0.23,1.1,,-28600000.0,326400000.0,318700000.0,7700000.0,326400000.0,,3516100000.0,5675100000.0,-3900000.0,,47000000.0,1498200000.0,3516100000.0,2159000000.0,319800000.0,,1545200000.0,613800000.0,-323700000.0,290100000.0,5675100000.0,293400000.0,294300000.0,304900000.0
Newell Brands Inc,NWL,549300LWGYFM1TVO1Z12,814453,2011.0,Q2,2011-04-01,2011-06-30,2012-08-07 17:05:54+00:00,0.5,0.5,0.08,0.49,,25700000.0,146700000.0,145400000.0,1300000.0,146700000.0,,960900000.0,1545300000.0,-3500000.0,,1000000.0,387500000.0,960900000.0,584400000.0,21300000.0,,388500000.0,195900000.0,-24800000.0,171100000.0,1545300000.0,293400000.0,294300000.0,304900000.0
Newell Brands Inc,NWL,549300LWGYFM1TVO1Z12,814453,2011.0,Q1TTM,2010-04-01,2011-03-31,,1.09,1.09,0.2,1.02,,-8500000.0,310100000.0,303700000.0,6400000.0,310100000.0,,3464100000.0,5626000000.0,5500000.0,,67200000.0,1473300000.0,3464100000.0,2161900000.0,331700000.0,,1540500000.0,621400000.0,-326200000.0,295200000.0,5626000000.0,291200000.0,294200000.0,298200000.0
Newell Brands Inc,NWL,549300LWGYFM1TVO1Z12,814453,2011.0,Q1,2011-01-01,2011-03-31,2012-05-09 17:11:15+00:00,0.26,0.26,0.05,0.25,,25900000.0,75700000.0,73900000.0,1800000.0,75700000.0,,789300000.0,1274200000.0,-1500000.0,,5800000.0,351100000.0,789300000.0,484900000.0,26700000.0,,356900000.0,128000000.0,-28200000.0,99800000.0,1274200000.0,291200000.0,294200000.0,298200000.0
Newell Brands Inc,NWL,549300LWGYFM1TVO1Z12,814453,2012.0,FY,2012-01-01,2012-12-31,2015-03-02 16:09:32+00:00,1.38,1.38,0.43,1.37,,161500000.0,401300000.0,390500000.0,10800000.0,401300000.0,,3414400000.0,5508500000.0,1300000.0,0.0,52900000.0,1403500000.0,3414400000.0,2094100000.0,87000000.0,,1456400000.0,637700000.0,-85700000.0,552000000.0,5508500000.0,290800000.0,291200000.0,293600000.0
Newell Brands Inc,NWL,549300LWGYFM1TVO1Z12,814453,2012.0,Q4,2012-10-01,2012-12-31,,0.36,0.36,0.15,0.35,,29200000.0,101900000.0,99700000.0,2200000.0,101900000.0,,881400000.0,1375800000.0,300000.0,,18500000.0,325800000.0,881400000.0,494400000.0,21500000.0,,344300000.0,150100000.0,-21200000.0,128900000.0,1375800000.0,290800000.0,291200000.0,293600000.0
Newell Brands Inc,NWL,549300LWGYFM1TVO1Z12,814453,2012.0,Q3YTD,2012-01-01,2012-09-30,,1.02,1.02,0.28,1.02,,132300000.0,299400000.0,290800000.0,8600000.0,299400000.0,,2533000000.0,4132700000.0,1000000.0,,34400000.0,1077700000.0,2533000000.0,1599700000.0,65500000.0,,1112100000.0,487600000.0,-64500000.0,423100000.0,4132700000.0,292700000.0,290700000.0,292700000.0
Newell Brands Inc,NWL,549300LWGYFM1TVO1Z12,814453,2012.0,Q3TTM,2011-10-01,2012-09-30,,1.3,1.3,0.36,1.31,-64700000.0,155600000.0,379800000.0,425100000.0,-45300000.0,379800000.0,,3222800000.0,5275000000.0,-1500000.0,,70000000.0,1378000000.0,3222800000.0,2052200000.0,86700000.0,,1383300000.0,668900000.0,-88200000.0,580700000.0,5275000000.0,292700000.0,290700000.0,292700000.0
Newell Brands Inc,NWL,549300LWGYFM1TVO1Z12,814453,2012.0,Q3,2012-07-01,2012-09-30,2013-11-08 15:28:50+00:00,0.37,0.37,0.1,0.37,,57300000.0,108300000.0,106200000.0,2100000.0,108300000.0,,897900000.0,1456900000.0,1300000.0,,12300000.0,359700000.0,897900000.0,559000000.0,24800000.0,,372000000.0,187000000.0,-23500000.0,163500000.0,1456900000.0,292700000.0,290700000.0,292700000.0
Newell Brands Inc,NWL,549300LWGYFM1TVO1Z12,814453,2012.0,Q2YTD,2012-01-01,2012-06-30,,0.65,0.65,0.18,0.65,,75000000.0,191100000.0,184600000.0,6500000.0,191100000.0,,1635100000.0,2675800000.0,-300000.0,,22100000.0,718000000.0,1635100000.0,1040700000.0,40700000.0,,740100000.0,300600000.0,-41000000.0,259600000.0,2675800000.0,294200000.0,292100000.0,294000000.0
Newell Brands Inc,NWL,549300LWGYFM1TVO1Z12,814453,2012.0,Q2TTM,2011-07-01,2012-06-30,,0.32,0.32,0.34,0.33,317900000.0,44700000.0,93900000.0,152500000.0,-58600000.0,93900000.0,,3295500000.0,5368000000.0,-8800000.0,,63200000.0,1401700000.0,3295500000.0,2072500000.0,83700000.0,,1782800000.0,289700000.0,-92500000.0,197200000.0,5368000000.0,294200000.0,292100000.0,294000000.0
Newell Brands Inc,NWL,549300LWGYFM1TVO1Z12,814453,2012.0,Q2,2012-04-01,2012-06-30,2013-08-09 15:12:11+00:00,0.38,0.38,0.1,0.38,,50000000.0,111800000.0,106300000.0,5500000.0,111800000.0,,872600000.0,1425300000.0,-600000.0,,10000000.0,365300000.0,872600000.0,552700000.0,20500000.0,,375300000.0,177400000.0,-21100000.0,156300000.0,1425300000.0,294200000.0,292100000.0,294000000.0
Newell Brands Inc,NWL,549300LWGYFM1TVO1Z12,814453,2012.0,Q1TTM,2011-04-01,2012-03-31,,0.44,0.44,0.32,0.44,317900000.0,20400000.0,128800000.0,191600000.0,-62800000.0,128800000.0,,3383800000.0,5488000000.0,-11700000.0,,54200000.0,1423900000.0,3383800000.0,2104200000.0,84500000.0,,1796000000.0,308200000.0,-96200000.0,212000000.0,5488000000.0,293700000.0,292100000.0,294700000.0
Newell Brands Inc,NWL,549300LWGYFM1TVO1Z12,814453,2012.0,Q1,2012-01-01,2012-03-31,2013-05-10 16:13:58+00:00,0.27,0.27,0.08,0.27,,25000000.0,79300000.0,78300000.0,1000000.0,79300000.0,,762500000.0,1250500000.0,300000.0,,12100000.0,352700000.0,762500000.0,488000000.0,20200000.0,,364800000.0,123200000.0,-19900000.0,103300000.0,1250500000.0,293700000.0,292100000.0,294700000.0
Newell Brands Inc,NWL,549300LWGYFM1TVO1Z12,814453,2013.0,FY,2013-01-01,2013-12-31,2016-02-29 16:19:42+00:00,1.64,1.64,0.6,1.63,,120000000.0,474600000.0,416300000.0,58300000.0,474600000.0,,3482100000.0,5607000000.0,-18500000.0,0.0,110300000.0,1399500000.0,3482100000.0,2124900000.0,60300000.0,0.0,1509800000.0,615100000.0,-78800000.0,536300000.0,5607000000.0,289400000.0,288600000.0,291800000.0
Newell Brands Inc,NWL,549300LWGYFM1TVO1Z12,814453,2013.0,Q4,2013-10-01,2013-12-31,,0.4,0.4,0.15,0.41,,24100000.0,117300000.0,113700000.0,3600000.0,117300000.0,,909300000.0,1425400000.0,-600000.0,,12600000.0,350100000.0,909300000.0,516100000.0,15000000.0,,362700000.0,153400000.0,-15600000.0,137800000.0,1425400000.0,289400000.0,288600000.0,291800000.0
Newell Brands Inc,NWL,549300LWGYFM1TVO1Z12,814453,2013.0,Q3YTD,2013-01-01,2013-09-30,,1.24,1.24,0.45,1.22,,95900000.0,357300000.0,302600000.0,54700000.0,357300000.0,,2572800000.0,4181600000.0,-17900000.0,,97700000.0,1049400000.0,2572800000.0,1608800000.0,45300000.0,,1147100000.0,461700000.0,-63200000.0,398500000.0,4181600000.0,288500000.0,290100000.0,292900000.0
Newell Brands Inc,NWL,549300LWGYFM1TVO1Z12,814453,2013.0,Q3TTM,2012-10-01,2013-09-30,,1.6,1.6,0.6,1.57,,125100000.0,459200000.0,402300000.0,56900000.0,459200000.0,,3454200000.0,5557400000.0,-17600000.0,,116200000.0,1375200000.0,3454200000.0,2103200000.0,66800000.0,,1491400000.0,611800000.0,-84400000.0,527400000.0,5557400000.0,288500000.0,290100000.0,292900000.0
Newell Brands Inc,NWL,549300LWGYFM1TVO1Z12,814453,2013.0,Q3,2013-07-01,2013-09-30,2014-11-07 16:46:46+00:00,0.67,0.67,0.15,0.66,,39900000.0,193300000.0,122200000.0,71100000.0,193300000.0,,913600000.0,1466100000.0,-700000.0,,31300000.0,342700000.0,913600000.0,552500000.0,15700000.0,,374000000.0,178500000.0,-16400000.0,162100000.0,1466100000.0,288500000.0,290100000.0,292900000.0
Newell Brands Inc,NWL,549300LWGYFM1TVO1Z12,814453,2013.0,Q2YTD,2013-01-01,2013-06-30,,0.57,0.57,0.3,0.56,,56000000.0,164000000.0,180400000.0,-16400000.0,164000000.0,,1659200000.0,2715500000.0,-17200000.0,,66400000.0,706700000.0,1659200000.0,1056300000.0,29600000.0,,773100000.0,283200000.0,-46800000.0,236400000.0,2715500000.0,288900000.0,290900000.0,294300000.0
Newell Brands Inc,NWL,549300LWGYFM1TVO1Z12,814453,2013.0,Q2TTM,2012-07-01,2013-06-30,,1.3,1.3,0.55,1.28,,142500000.0,374200000.0,386300000.0,-12100000.0,374200000.0,,3438500000.0,5548200000.0,-15600000.0,,97200000.0,1392200000.0,3438500000.0,2109700000.0,75900000.0,,1489400000.0,620300000.0,-91500000.0,528800000.0,5548200000.0,288900000.0,290900000.0,294300000.0
Newell Brands Inc,NWL,549300LWGYFM1TVO1Z12,814453,2013.0,Q2,2013-04-01,2013-06-30,2014-08-08 16:38:23+00:00,0.38,0.38,0.15,0.37,,49600000.0,109800000.0,116600000.0,-6800000.0,109800000.0,,892000000.0,1474700000.0,-4200000.0,,32000000.0,365300000.0,892000000.0,582700000.0,15000000.0,,397300000.0,185400000.0,-19200000.0,166200000.0,1474700000.0,288900000.0,290900000.0,294300000.0
Newell Brands Inc,NWL,549300LWGYFM1TVO1Z12,814453,2013.0,Q1TTM,2012-04-01,2013-03-31,,1.3,1.3,0.5,1.29,,142900000.0,376200000.0,376000000.0,200000.0,376200000.0,,3419100000.0,5498800000.0,-12000000.0,,75200000.0,1392200000.0,3419100000.0,2079700000.0,81400000.0,,1467400000.0,612300000.0,-93400000.0,518900000.0,5498800000.0,285300000.0,290000000.0,293100000.0
Newell Brands Inc,NWL,549300LWGYFM1TVO1Z12,814453,2013.0,Q1,2013-01-01,2013-03-31,2014-05-09 17:18:30+00:00,0.19,0.19,0.15,0.19,,6400000.0,54200000.0,63800000.0,-9600000.0,54200000.0,,767200000.0,1240800000.0,-13000000.0,,34400000.0,341400000.0,767200000.0,473600000.0,14600000.0,,375800000.0,97800000.0,-27600000.0,70200000.0,1240800000.0,285300000.0,290000000.0,293100000.0
Newell Brands Inc,NWL,549300LWGYFM1TVO1Z12,814453,2014.0,FY,2014-01-01,2014-12-31,2017-03-01 16:42:10+00:00,1.37,1.37,0.66,1.35,,89100000.0,377800000.0,373000000.0,4800000.0,377800000.0,,3523600000.0,5727000000.0,-49000000.0,65400000.0,52800000.0,1480500000.0,3523600000.0,2203400000.0,93600000.0,0.0,1598700000.0,604700000.0,-142600000.0,462100000.0,5727000000.0,275800000.0,276100000.0,278900000.0
Newell Brands Inc,NWL,549300LWGYFM1TVO1Z12,814453,2014.0,Q4,2014-10-01,2014-12-31,,0.19,0.19,0.17,0.18,,10400000.0,52000000.0,49300000.0,2700000.0,52000000.0,,951900000.0,1526000000.0,-3900000.0,65400000.0,9600000.0,385600000.0,951900000.0,574100000.0,49900000.0,,460600000.0,113500000.0,-53800000.0,59700000.0,1526000000.0,275800000.0,276100000.0,278900000.0
Newell Brands Inc,NWL,549300LWGYFM1TVO1Z12,814453,2014.0,Q3,2014-07-01,2014-09-30,2015-11-09 16:26:17+00:00,0.45,0.45,0.17,0.44,,28300000.0,122300000.0,122900000.0,-600000.0,122300000.0,,907800000.0,1484500000.0,-7700000.0,,19700000.0,383800000.0,907800000.0,576700000.0,14300000.0,,403500000.0,173200000.0,-22000000.0,151200000.0,1484500000.0,271800000.0,273500000.0,276400000.0
Newell Brands Inc,NWL,549300LWGYFM1TVO1Z12,814453,2014.0,Q3YTD,2014-01-01,2014-09-30,,1.18,1.18,0.49,1.17,,78700000.0,325800000.0,323700000.0,2100000.0,325800000.0,,2571700000.0,4201000000.0,-45100000.0,,43200000.0,1094900000.0,2571700000.0,1629300000.0,43700000.0,,1138100000.0,491200000.0,-88800000.0,402400000.0,4201000000.0,271800000.0,273500000.0,276400000.0
Newell Brands Inc,NWL,549300LWGYFM1TVO1Z12,814453,2014.0,Q3TTM,2013-10-01,2014-09-30,,1.58,1.58,0.64,1.58,,102800000.0,443100000.0,437400000.0,5700000.0,443100000.0,,3481000000.0,5626400000.0,-45700000.0,,55800000.0,1445000000.0,3481000000.0,2145400000.0,58700000.0,,1500800000.0,644600000.0,-104400000.0,540200000.0,5626400000.0,271800000.0,273500000.0,276400000.0
Newell Brands Inc,NWL,549300LWGYFM1TVO1Z12,814453,2014.0,Q2,2014-04-01,2014-06-30,2015-08-07 15:33:55+00:00,0.54,0.54,0.17,0.54,,51900000.0,150600000.0,149000000.0,1600000.0,150600000.0,,906600000.0,1502200000.0,2600000.0,,11500000.0,370800000.0,906600000.0,595600000.0,15000000.0,,382300000.0,213300000.0,-12400000.0,200900000.0,1502200000.0,278900000.0,277400000.0,279700000.0
Newell Brands Inc,NWL,549300LWGYFM1TVO1Z12,814453,2014.0,Q2YTD,2014-01-01,2014-06-30,,0.73,0.73,0.32,0.73,,50400000.0,203500000.0,200800000.0,2700000.0,203500000.0,,1663900000.0,2716500000.0,-37400000.0,,23500000.0,711100000.0,1663900000.0,1052600000.0,29400000.0,,734600000.0,318000000.0,-66800000.0,251200000.0,2716500000.0,278900000.0,277400000.0,279700000.0
Newell Brands Inc,NWL,549300LWGYFM1TVO1Z12,814453,2014.0,Q2TTM,2013-07-01,2014-06-30,,1.8,1.8,0.62,1.8,,114400000.0,514100000.0,436700000.0,77400000.0,514100000.0,,3486800000.0,5608000000.0,-38700000.0,,67400000.0,1403900000.0,3486800000.0,2121200000.0,60100000.0,,1471300000.0,649900000.0,-98800000.0,551100000.0,5608000000.0,278900000.0,277400000.0,279700000.0
Newell Brands Inc,NWL,549300LWGYFM1TVO1Z12,814453,2014.0,Q1,2014-01-01,2014-03-31,2015-05-11 15:38:43+00:00,0.19,0.19,0.15,0.19,,-1500000.0,52900000.0,51800000.0,1100000.0,52900000.0,,757300000.0,1214300000.0,-40000000.0,,12000000.0,340300000.0,757300000.0,457000000.0,14400000.0,,352300000.0,104700000.0,-54400000.0,50300000.0,1214300000.0,278400000.0,280900000.0,283800000.0
Newell Brands Inc,NWL,549300LWGYFM1TVO1Z12,814453,2014.0,Q1TTM,2013-04-01,2014-03-31,,1.64,1.64,0.6,1.63,,112100000.0,473300000.0,404300000.0,69000000.0,473300000.0,,3472200000.0,5580500000.0,-45500000.0,,87900000.0,1398400000.0,3472200000.0,2108300000.0,60100000.0,,1486300000.0,622000000.0,-105600000.0,516400000.0,5580500000.0,278400000.0,280900000.0,283800000.0
Newell Brands Inc,NWL,549300LWGYFM1TVO1Z12,814453,2015.0,FY,2015-01-01,2015-12-31,2018-03-01 17:21:34+00:00,1.3,1.3,0.76,1.29,,78200000.0,350000000.0,259300000.0,90700000.0,350000000.0,,3611100000.0,5915700000.0,-11300000.0,52100000.0,77200000.0,1573900000.0,3611100000.0,2304600000.0,79900000.0,-172700000.0,1703200000.0,601400000.0,-263900000.0,337500000.0,5915700000.0,269200000.0,269300000.0,271500000.0
Newell Brands Inc,NWL,549300LWGYFM1TVO1Z12,814453,2015.0,Q4,2015-10-01,2015-12-31,,0.05,0.05,0.19,0.04,,-13100000.0,13200000.0,-79700000.0,92900000.0,13200000.0,,963600000.0,1560800000.0,3100000.0,52100000.0,15600000.0,427600000.0,963600000.0,597200000.0,25100000.0,-172700000.0,495300000.0,101900000.0,-194700000.0,-92800000.0,1560800000.0,269200000.0,269300000.0,271500000.0
Newell Brands Inc,NWL,549300LWGYFM1TVO1Z12,814453,2015.0,Q3,2015-07-01,2015-09-30,2016-11-07 19:50:20+00:00,0.5,0.5,0.19,0.5,,25800000.0,134200000.0,134000000.0,200000.0,134200000.0,,931100000.0,1530000000.0,-9300000.0,,21000000.0,391300000.0,931100000.0,598900000.0,17500000.0,,412300000.0,186600000.0,-26800000.0,159800000.0,1530000000.0,268400000.0,268800000.0,271000000.0
Newell Brands Inc,NWL,549300LWGYFM1TVO1Z12,814453,2015.0,Q3YTD,2015-01-01,2015-09-30,,1.25,1.25,0.57,1.25,,91300000.0,336800000.0,339000000.0,-2200000.0,336800000.0,,2647500000.0,4354900000.0,-14400000.0,,61600000.0,1146300000.0,2647500000.0,1707400000.0,54800000.0,,1207900000.0,499500000.0,-69200000.0,430300000.0,4354900000.0,268400000.0,268800000.0,271000000.0
Newell Brands Inc,NWL,549300LWGYFM1TVO1Z12,814453,2015.0,Q3TTM,2014-10-01,2015-09-30,,1.44,1.44,0.74,1.43,,101700000.0,388800000.0,388300000.0,500000.0,388800000.0,,3599400000.0,5880900000.0,-18300000.0,65400000.0,71200000.0,1531900000.0,3599400000.0,2281500000.0,104700000.0,,1668500000.0,613000000.0,-123000000.0,490000000.0,5880900000.0,268400000.0,268800000.0,271000000.0
Newell Brands Inc,NWL,549300LWGYFM1TVO1Z12,814453,2015.0,Q2,2015-04-01,2015-06-30,2016-08-09 12:07:19+00:00,0.55,0.55,0.19,0.55,,43500000.0,148500000.0,148100000.0,400000.0,148500000.0,,939900000.0,1560900000.0,-5000000.0,,13300000.0,393000000.0,939900000.0,621000000.0,18100000.0,,406300000.0,214700000.0,-23100000.0,191600000.0,1560900000.0,270000000.0,269700000.0,271700000.0
Newell Brands Inc,NWL,549300LWGYFM1TVO1Z12,814453,2015.0,Q2YTD,2015-01-01,2015-06-30,,0.75,0.75,0.38,0.75,,65500000.0,202600000.0,205000000.0,-2400000.0,202600000.0,,1716400000.0,2824900000.0,-5100000.0,,40600000.0,755000000.0,1716400000.0,1108500000.0,37300000.0,,795600000.0,312900000.0,-42400000.0,270500000.0,2824900000.0,270000000.0,269700000.0,271700000.0
Newell Brands Inc,NWL,549300LWGYFM1TVO1Z12,814453,2015.0,Q2TTM,2014-07-01,2015-06-30,,1.39,1.39,0.72,1.37,,104200000.0,376900000.0,377200000.0,-300000.0,376900000.0,,3576100000.0,5835400000.0,-16700000.0,65400000.0,69900000.0,1524400000.0,3576100000.0,2259300000.0,101500000.0,,1659700000.0,599600000.0,-118200000.0,481400000.0,5835400000.0,270000000.0,269700000.0,271700000.0
Newell Brands Inc,NWL,549300LWGYFM1TVO1Z12,814453,2015.0,Q1,2015-01-01,2015-03-31,2016-05-09 16:19:25+00:00,0.2,0.2,0.19,0.2,,22000000.0,54100000.0,56900000.0,-2800000.0,54100000.0,,776500000.0,1264000000.0,-100000.0,,27300000.0,362000000.0,776500000.0,487500000.0,19200000.0,,389300000.0,98200000.0,-19300000.0,78900000.0,1264000000.0,270500000.0,270500000.0,272700000.0
Newell Brands Inc,NWL,549300LWGYFM1TVO1Z12,814453,2015.0,Q1TTM,2014-04-01,2015-03-31,,1.38,1.38,0.7,1.36,,112600000.0,379000000.0,378100000.0,900000.0,379000000.0,,3542800000.0,5776700000.0,-9100000.0,65400000.0,68100000.0,1502200000.0,3542800000.0,2233900000.0,98400000.0,,1635700000.0,598200000.0,-107500000.0,490700000.0,5776700000.0,270500000.0,270500000.0,272700000.0
Newell Brands Inc,NWL,549300LWGYFM1TVO1Z12,814453,2016.0,FY,2016-01-01,2016-12-31,2019-03-04 08:13:08+00:00,1.25,1.25,,1.25,,57100000.0,527800000.0,-38300000.0,566100000.0,527800000.0,,6210200000.0,9181100000.0,172500000.0,,62200000.0,2610600000.0,6210200000.0,2970900000.0,451800000.0,,2672800000.0,298100000.0,-279300000.0,18800000.0,9181100000.0,422200000.0,421300000.0,421300000.0
Newell Brands Inc,NWL,549300LWGYFM1TVO1Z12,814453,2016.0,Q4,2016-10-01,2016-12-31,,0.41,0.41,-0.57,0.42,,-2300000.0,165600000.0,-400900000.0,566500000.0,165600000.0,,-41800000.0,53000000.0,9800000.0,,20500000.0,363200000.0,-41800000.0,94800000.0,124100000.0,,383700000.0,-288900000.0,-114300000.0,-403200000.0,53000000.0,422200000.0,421300000.0,421300000.0
Newell Brands Inc,NWL,549300LWGYFM1TVO1Z12,814453,2016.0,Q3,2016-07-01,2016-09-30,2017-11-08 16:38:02+00:00,0.39,0.39,0.19,0.38,,13600000.0,186500000.0,186500000.0,0.0,186500000.0,,2679800000.0,3954600000.0,700000.0,,13000000.0,937900000.0,2679800000.0,1274800000.0,124500000.0,,950900000.0,323900000.0,-123800000.0,200100000.0,3954600000.0,478200000.0,484000000.0,486200000.0
Newell Brands Inc,NWL,549300LWGYFM1TVO1Z12,814453,2016.0,Q3YTD,2016-01-01,2016-09-30,,0.84,0.84,0.57,0.83,,59400000.0,362200000.0,362600000.0,-400000.0,362200000.0,,6252000000.0,9128100000.0,162700000.0,,41700000.0,2247400000.0,6252000000.0,2876100000.0,327700000.0,,2289100000.0,587000000.0,-165000000.0,422000000.0,9128100000.0,478200000.0,484000000.0,486200000.0
Newell Brands Inc,NWL,549300LWGYFM1TVO1Z12,814453,2016.0,Q3TTM,2015-10-01,2016-09-30,,0.89,0.89,0.76,0.87,,46300000.0,375400000.0,282900000.0,92500000.0,375400000.0,,7215600000.0,10688900000.0,165800000.0,52100000.0,57300000.0,2675000000.0,7215600000.0,3473300000.0,352800000.0,-172700000.0,2784400000.0,688900000.0,-359700000.0,329200000.0,10688900000.0,478200000.0,484000000.0,486200000.0
Newell Brands Inc,NWL,549300LWGYFM1TVO1Z12,814453,2016.0,Q2,2016-04-01,2016-06-30,2017-08-09 16:37:41+00:00,0.3,0.3,0.19,0.3,,34500000.0,135200000.0,135800000.0,-600000.0,135200000.0,,2762900000.0,3858600000.0,160500000.0,,11000000.0,947000000.0,2762900000.0,1095700000.0,127900000.0,,958000000.0,137700000.0,32600000.0,170300000.0,3858600000.0,450700000.0,448300000.0,450200000.0
Newell Brands Inc,NWL,549300LWGYFM1TVO1Z12,814453,2016.0,Q2YTD,2016-01-01,2016-06-30,,0.45,0.45,0.38,0.45,,45800000.0,175700000.0,176100000.0,-400000.0,175700000.0,,3572200000.0,5173500000.0,162000000.0,,28700000.0,1309500000.0,3572200000.0,1601300000.0,203200000.0,,1338200000.0,263100000.0,-41200000.0,221900000.0,5173500000.0,450700000.0,448300000.0,450200000.0
Newell Brands Inc,NWL,549300LWGYFM1TVO1Z12,814453,2016.0,Q2TTM,2015-07-01,2016-06-30,,1.0,1.0,0.76,0.99,,58500000.0,323100000.0,230400000.0,92700000.0,323100000.0,,5466900000.0,8264300000.0,155800000.0,52100000.0,65300000.0,2128400000.0,5466900000.0,2797400000.0,245800000.0,-172700000.0,2245800000.0,551600000.0,-262700000.0,288900000.0,8264300000.0,450700000.0,448300000.0,450200000.0
Newell Brands Inc,NWL,549300LWGYFM1TVO1Z12,814453,2016.0,Q1,2016-01-01,2016-03-31,2017-05-10 17:00:03+00:00,0.15,0.15,0.19,0.15,,11300000.0,40500000.0,40300000.0,200000.0,40500000.0,,809300000.0,1314900000.0,1500000.0,,17700000.0,362500000.0,809300000.0,505600000.0,75300000.0,,380200000.0,125400000.0,-73800000.0,51600000.0,1314900000.0,270000000.0,268700000.0,270100000.0
Newell Brands Inc,NWL,549300LWGYFM1TVO1Z12,814453,2016.0,Q1TTM,2015-04-01,2016-03-31,,1.25,1.25,0.76,1.24,,67500000.0,336400000.0,242700000.0,93700000.0,336400000.0,,3643900000.0,5966600000.0,-9700000.0,52100000.0,67600000.0,1574400000.0,3643900000.0,2322700000.0,136000000.0,-172700000.0,1694100000.0,628600000.0,-318400000.0,310200000.0,5966600000.0,270000000.0,268700000.0,270100000.0
Newell Brands Inc,NWL,549300LWGYFM1TVO1Z12,814453,2017.0,FY,2017-01-01,2017-12-31,2020-03-02 16:30:25+00:00,5.65,5.65,,5.63,84300000.0,-1515000000.0,2748800000.0,2434300000.0,314500000.0,2748800000.0,,7359900000.0,11170400000.0,713700000.0,,95300000.0,2924100000.0,7359900000.0,3810500000.0,501200000.0,,3103700000.0,706800000.0,212500000.0,919300000.0,11170400000.0,486500000.0,486700000.0,488000000.0
Newell Brands Inc,NWL,549300LWGYFM1TVO1Z12,814453,2017.0,Q4,2017-10-01,2017-12-31,,3.39,3.39,-1.11,3.38,,-1464000000.0,1652900000.0,1668100000.0,-15200000.0,1652900000.0,,1958900000.0,2910100000.0,500000.0,,22900000.0,608900000.0,1958900000.0,951200000.0,115800000.0,,631800000.0,319400000.0,-115300000.0,204100000.0,2910100000.0,486500000.0,486700000.0,488000000.0
Newell Brands Inc,NWL,549300LWGYFM1TVO1Z12,814453,2017.0,Q3,2017-07-01,2017-09-30,2018-11-09 16:32:25+00:00,0.48,0.48,0.69,0.48,400000.0,-131100000.0,234400000.0,111100000.0,123300000.0,234400000.0,,1601700000.0,2466600000.0,-44700000.0,,35500000.0,687900000.0,1601700000.0,864900000.0,116400000.0,,723800000.0,141100000.0,-161100000.0,-20000000.0,2466600000.0,488300000.0,490400000.0,491500000.0
Newell Brands Inc,NWL,549300LWGYFM1TVO1Z12,814453,2017.0,Q3YTD,2017-01-01,2017-09-30,,2.26,2.26,1.11,2.25,84300000.0,-51000000.0,1095900000.0,766200000.0,329700000.0,1095900000.0,,5401000000.0,8260300000.0,713200000.0,,72400000.0,2315200000.0,5401000000.0,2859300000.0,385400000.0,,2471900000.0,387400000.0,327800000.0,715200000.0,8260300000.0,488300000.0,490400000.0,491500000.0
Newell Brands Inc,NWL,549300LWGYFM1TVO1Z12,814453,2017.0,Q3TTM,2016-10-01,2017-09-30,,2.67,2.67,0.54,2.67,84300000.0,-53300000.0,1261500000.0,365300000.0,896200000.0,1261500000.0,,5359200000.0,8313300000.0,723000000.0,,92900000.0,2678400000.0,5359200000.0,2954100000.0,509500000.0,,2855600000.0,98500000.0,213500000.0,312000000.0,8313300000.0,488300000.0,490400000.0,491500000.0
Newell Brands Inc,NWL,549300LWGYFM1TVO1Z12,814453,2017.0,Q2,2017-04-01,2017-06-30,2018-08-09 17:10:10+00:00,0.46,0.46,0.23,0.46,65500000.0,-71500000.0,223000000.0,16600000.0,206400000.0,223000000.0,,1650200000.0,2527400000.0,-28200000.0,,23600000.0,695800000.0,1650200000.0,877200000.0,119000000.0,,784900000.0,92300000.0,-147200000.0,-54900000.0,2527400000.0,484800000.0,484300000.0,485900000.0
Newell Brands Inc,NWL,549300LWGYFM1TVO1Z12,814453,2017.0,Q2YTD,2017-01-01,2017-06-30,,1.78,1.78,0.42,1.77,83900000.0,80100000.0,861500000.0,655100000.0,206400000.0,861500000.0,,3799300000.0,5793700000.0,757900000.0,,36900000.0,1627300000.0,3799300000.0,1994400000.0,269000000.0,,1748100000.0,246300000.0,488900000.0,735200000.0,5793700000.0,484800000.0,484300000.0,485900000.0
Newell Brands Inc,NWL,549300LWGYFM1TVO1Z12,814453,2017.0,Q2TTM,2016-07-01,2017-06-30,,2.58,2.58,0.04,2.57,83900000.0,91400000.0,1213600000.0,440700000.0,772900000.0,1213600000.0,,6437300000.0,9801300000.0,768400000.0,,70400000.0,2928400000.0,6437300000.0,3364000000.0,517600000.0,,3082700000.0,281300000.0,250800000.0,532100000.0,9801300000.0,484800000.0,484300000.0,485900000.0
Newell Brands Inc,NWL,549300LWGYFM1TVO1Z12,814453,2017.0,Q1,2017-01-01,2017-03-31,2018-05-10 16:04:03+00:00,1.32,1.32,0.19,1.31,18400000.0,151600000.0,638500000.0,638500000.0,,638500000.0,,2149100000.0,3266300000.0,786100000.0,,13300000.0,931500000.0,2149100000.0,1117200000.0,150000000.0,,963200000.0,154000000.0,636100000.0,790100000.0,3266300000.0,483700000.0,484200000.0,485800000.0
Newell Brands Inc,NWL,549300LWGYFM1TVO1Z12,814453,2017.0,Q1TTM,2016-04-01,2017-03-31,,2.42,2.42,,2.41,18400000.0,197400000.0,1125800000.0,559900000.0,565900000.0,1125800000.0,,7550000000.0,11132500000.0,957100000.0,,57800000.0,3179600000.0,7550000000.0,3582500000.0,526500000.0,,3255800000.0,326700000.0,430600000.0,757300000.0,11132500000.0,483700000.0,484200000.0,485800000.0
Newell Brands Inc,NWL,549300LWGYFM1TVO1Z12,814453,2018.0,FY,2018-01-01,2018-12-31,2020-03-02 16:30:25+00:00,-14.65,-14.65,,-14.65,8337100000.0,-1358900000.0,-6942500000.0,-6632800000.0,-309700000.0,-6942500000.0,,6636300000.0,10154000000.0,12600000.0,,86800000.0,2647800000.0,6636300000.0,3517700000.0,450300000.0,,11071700000.0,-7554000000.0,-437700000.0,-7991700000.0,10154000000.0,473900000.0,473700000.0,473700000.0
Newell Brands Inc,NWL,549300LWGYFM1TVO1Z12,814453,2018.0,Q4,2018-10-01,2018-12-31,,0.49,0.49,,0.49,171800000.0,-105900000.0,183500000.0,223600000.0,-40100000.0,183500000.0,,2370000000.0,3592200000.0,2200000.0,,23300000.0,803500000.0,2370000000.0,1222200000.0,108100000.0,,998600000.0,223600000.0,-105900000.0,117700000.0,3592200000.0,473900000.0,473700000.0,473700000.0
Newell Brands Inc,NWL,549300LWGYFM1TVO1Z12,814453,2018.0,Q3,2018-07-01,2018-09-30,2019-11-04 17:10:51+00:00,-15.52,-15.52,,-15.52,8133700000.0,-1219600000.0,-7311000000.0,-6725300000.0,-585700000.0,-7311000000.0,,1633300000.0,2548700000.0,-4200000.0,,12400000.0,604400000.0,1633300000.0,915400000.0,105600000.0,,8750500000.0,-7835100000.0,-109800000.0,-7944900000.0,2548700000.0,471100000.0,471000000.0,471000000.0
Newell Brands Inc,NWL,549300LWGYFM1TVO1Z12,814453,2018.0,Q3YTD,2018-01-01,2018-09-30,,-15.14,-15.14,,-15.14,8165300000.0,-1253000000.0,-7126000000.0,-6856400000.0,-269600000.0,-7126000000.0,,4266300000.0,6561800000.0,10400000.0,,63500000.0,1844300000.0,4266300000.0,2295500000.0,342200000.0,,10073100000.0,-7777600000.0,-331800000.0,-8109400000.0,6561800000.0,471100000.0,471000000.0,471000000.0
Newell Brands Inc,NWL,549300LWGYFM1TVO1Z12,814453,2018.0,Q3TTM,2017-10-01,2018-09-30,,-11.75,-11.75,-1.11,-11.76,8165300000.0,-2717000000.0,-5473100000.0,-5188300000.0,-284800000.0,-5473100000.0,,6225200000.0,9471900000.0,10900000.0,,86400000.0,2453200000.0,6225200000.0,3246700000.0,458000000.0,,10704900000.0,-7458200000.0,-447100000.0,-7905300000.0,9471900000.0,471100000.0,471000000.0,471000000.0
Newell Brands Inc,NWL,549300LWGYFM1TVO1Z12,814453,2018.0,Q2,2018-04-01,2018-06-30,2019-08-02 16:49:09+00:00,0.27,0.27,,0.27,31600000.0,53000000.0,131700000.0,-76400000.0,208100000.0,131700000.0,,1426800000.0,2201600000.0,13200000.0,,45700000.0,613600000.0,1426800000.0,774800000.0,120500000.0,,690900000.0,83900000.0,-107300000.0,-23400000.0,2201600000.0,487800000.0,486200000.0,486200000.0
Newell Brands Inc,NWL,549300LWGYFM1TVO1Z12,814453,2018.0,Q2YTD,2018-01-01,2018-06-30,,0.38,0.38,,0.38,31600000.0,-33400000.0,185000000.0,-131100000.0,316100000.0,185000000.0,,2633000000.0,4013100000.0,14600000.0,,51100000.0,1239900000.0,2633000000.0,1380100000.0,236600000.0,,1322600000.0,57500000.0,-222000000.0,-164500000.0,4013100000.0,487800000.0,486200000.0,486200000.0
Newell Brands Inc,NWL,549300LWGYFM1TVO1Z12,814453,2018.0,Q2TTM,2017-07-01,2018-06-30,,4.25,4.25,-0.42,4.24,32000000.0,-1628500000.0,2072300000.0,1648100000.0,424200000.0,2072300000.0,,6193600000.0,9389800000.0,-29600000.0,,109500000.0,2536700000.0,6193600000.0,3196200000.0,468800000.0,,2678200000.0,518000000.0,-498400000.0,19600000.0,9389800000.0,487800000.0,486200000.0,486200000.0
Newell Brands Inc,NWL,549300LWGYFM1TVO1Z12,814453,2018.0,Q1,2018-01-01,2018-03-31,2019-05-08 16:56:21+00:00,0.11,0.11,,0.11,,-86400000.0,53300000.0,-54700000.0,108000000.0,53300000.0,,1206200000.0,1811500000.0,1400000.0,,5400000.0,626300000.0,1206200000.0,605300000.0,116100000.0,,631700000.0,-26400000.0,-114700000.0,-141100000.0,1811500000.0,484500000.0,486000000.0,486000000.0
Newell Brands Inc,NWL,549300LWGYFM1TVO1Z12,814453,2018.0,Q1TTM,2017-04-01,2018-03-31,,4.44,4.44,-0.19,4.43,65900000.0,-1753000000.0,2163600000.0,1741100000.0,422500000.0,2163600000.0,,6417000000.0,9715600000.0,-71000000.0,,87400000.0,2618900000.0,6417000000.0,3298600000.0,467300000.0,,2772200000.0,526400000.0,-538300000.0,-11900000.0,9715600000.0,484500000.0,486000000.0,486000000.0
Newell Brands Inc,NWL,549300LWGYFM1TVO1Z12,814453,2019.0,Q4,2019-10-01,2019-12-31,,1.88,1.88,,1.88,322200000.0,-743300000.0,793600000.0,631000000.0,162600000.0,793600000.0,,2098700000.0,3105800000.0,-5100000.0,,6500000.0,715400000.0,2098700000.0,1007100000.0,70200000.0,,1044100000.0,-37000000.0,-75300000.0,-112300000.0,3105800000.0,426400000.0,423300000.0,423900000.0
Newell Brands Inc,NWL,549300LWGYFM1TVO1Z12,814453,2019.0,FY,2019-01-01,2019-12-31,2020-03-02 16:30:25+00:00,0.25,0.25,,0.25,1223000000.0,-1037700000.0,106600000.0,186100000.0,-79500000.0,106600000.0,,6495500000.0,9714900000.0,-38300000.0,,27100000.0,2451000000.0,6495500000.0,3219400000.0,331600000.0,,3701100000.0,-481700000.0,-369900000.0,-851600000.0,9714900000.0,426400000.0,423300000.0,423900000.0
Newell Brands Inc,NWL,549300LWGYFM1TVO1Z12,814453,2019.0,Q3YTD,2019-01-01,2019-09-30,,-1.63,-1.63,,-1.63,900800000.0,-294400000.0,-687000000.0,-444900000.0,-242100000.0,-687000000.0,,4396800000.0,6609100000.0,-33200000.0,,20600000.0,1735600000.0,4396800000.0,2212300000.0,261400000.0,,2657000000.0,-444700000.0,-294600000.0,-739300000.0,6609100000.0,422800000.0,423400000.0,423400000.0
Newell Brands Inc,NWL,549300LWGYFM1TVO1Z12,814453,2019.0,Q3TTM,2018-10-01,2019-09-30,,-1.14,-1.14,,-1.14,1072600000.0,-400300000.0,-503500000.0,-221300000.0,-282200000.0,-503500000.0,,6766800000.0,10201300000.0,-31000000.0,,43900000.0,2539100000.0,6766800000.0,3434500000.0,369500000.0,,3655600000.0,-221100000.0,-400500000.0,-621600000.0,10201300000.0,422800000.0,423400000.0,423400000.0
Newell Brands Inc,NWL,549300LWGYFM1TVO1Z12,814453,2019.0,Q3,2019-07-01,2019-09-30,2019-11-04 17:10:51+00:00,-1.48,-1.48,,-1.48,834900000.0,-291100000.0,-625800000.0,-453900000.0,-171900000.0,-625800000.0,,1639900000.0,2450600000.0,-7000000.0,,2900000.0,607700000.0,1639900000.0,810700000.0,103200000.0,,1445500000.0,-634800000.0,-110200000.0,-745000000.0,2450600000.0,422800000.0,423400000.0,423400000.0
Newell Brands Inc,NWL,549300LWGYFM1TVO1Z12,814453,2019.0,Q2YTD,2019-01-01,2019-06-30,,-0.15,-0.15,,-0.15,65900000.0,-3300000.0,-61200000.0,9000000.0,-70200000.0,-61200000.0,,2756900000.0,4158500000.0,-26200000.0,,17700000.0,1127900000.0,2756900000.0,1401600000.0,158200000.0,,1211500000.0,190100000.0,-184400000.0,5700000.0,4158500000.0,427600000.0,423300000.0,423500000.0
Newell Brands Inc,NWL,549300LWGYFM1TVO1Z12,814453,2019.0,Q2TTM,2018-07-01,2019-06-30,,-15.18,-15.18,,-15.18,8371400000.0,-1328800000.0,-7188700000.0,-6492700000.0,-696000000.0,-7188700000.0,,6760200000.0,10299400000.0,-28200000.0,,53400000.0,2535800000.0,6760200000.0,3539200000.0,371900000.0,,10960600000.0,-7421400000.0,-400100000.0,-7821500000.0,10299400000.0,427600000.0,423300000.0,423500000.0
Newell Brands Inc,NWL,549300LWGYFM1TVO1Z12,814453,2019.0,Q2,2019-04-01,2019-06-30,2019-08-02 16:49:09+00:00,0.21,0.21,,0.21,2900000.0,16700000.0,89800000.0,83000000.0,6800000.0,89800000.0,,1369900000.0,2116500000.0,-200000.0,,6700000.0,558900000.0,1369900000.0,746600000.0,78200000.0,,568500000.0,178100000.0,-78400000.0,99700000.0,2116500000.0,427600000.0,423300000.0,423500000.0
Newell Brands Inc,NWL,549300LWGYFM1TVO1Z12,814453,2019.0,Q1,2019-01-01,2019-03-31,2020-05-01 16:45:23+00:00,-0.36,-0.36,,-0.36,63000000.0,-20000000.0,-151000000.0,-74000000.0,-77000000.0,-151000000.0,,1387000000.0,2042000000.0,-26000000.0,,11000000.0,569000000.0,1387000000.0,655000000.0,80000000.0,,643000000.0,12000000.0,-106000000.0,-94000000.0,2042000000.0,419400000.0,423000000.0,423000000.0
Newell Brands Inc,NWL,549300LWGYFM1TVO1Z12,814453,2019.0,Q1TTM,2018-04-01,2019-03-31,,-15.12,-15.12,,-15.12,8400100000.0,-1292500000.0,-7146800000.0,-6652100000.0,-494700000.0,-7146800000.0,,6817100000.0,10384500000.0,-14800000.0,,92400000.0,2590500000.0,6817100000.0,3567400000.0,414200000.0,,11083000000.0,-7515600000.0,-429000000.0,-7944600000.0,10384500000.0,419400000.0,423000000.0,423000000.0
Newell Brands Inc,NWL,549300LWGYFM1TVO1Z12,814453,2020.0,Q1TTM,2019-04-01,2020-03-31,,-2.41,-2.41,,-2.41,2635000000.0,-1221700000.0,-1021400000.0,-1018900000.0,-2500000.0,-1021400000.0,,6377500000.0,9558900000.0,-24300000.0,,18100000.0,2430000000.0,6377500000.0,3181400000.0,314600000.0,,5083100000.0,-1901700000.0,-338900000.0,-2240600000.0,9558900000.0,423500000.0,423800000.0,423800000.0
Newell Brands Inc,NWL,549300LWGYFM1TVO1Z12,814453,2020.0,Q1,2020-01-01,2020-03-31,2020-05-01 16:45:23+00:00,-3.02,-3.02,,-3.02,1475000000.0,-204000000.0,-1279000000.0,-1279000000.0,0.0,-1279000000.0,,1269000000.0,1886000000.0,-12000000.0,,2000000.0,548000000.0,1269000000.0,617000000.0,63000000.0,,2025000000.0,-1408000000.0,-75000000.0,-1483000000.0,1886000000.0,423500000.0,423800000.0,423800000.0
