company_name,company_ticker,company_lei,company_cik,year,quarter,start_date,end_date,filing_date,basicdilutedeps,basiceps,cashdividendspershare,depreciationexpense,dilutedeps,impairmentexpense,incometaxexpense,netincome,netincomecontinuing,netincometocommon,operatingcostofrevenue,operatingrevenue,othercostofrevenue,otherincome,restructuringcharge,sgaexpense,totalcostofrevenue,totalgrossprofit,totalinterestexpense,totaloperatingexpenses,totaloperatingincome,totalotherincome,totalpretaxincome,totalrevenue,weightedavebasicdilutedsharesos,weightedavebasicsharesos,weightedavedilutedsharesos
Genuine Parts Co,GPC,,40987,2007.0,FY,2007-01-01,2007-12-31,2010-02-26 11:40:00+00:00,2.99,2.99,1.46,87702000.0,2.98,,310406000.0,506339000.0,506339000.0,506339000.0,7625972000.0,10843195000.0,13514000.0,10220000.0,,2278155000.0,7639486000.0,3203709000.0,31327000.0,2365857000.0,837852000.0,-21107000.0,816745000.0,10843195000.0,169300000.0,169129000.0,170135000.0
Genuine Parts Co,GPC,,40987,2008.0,FY,2008-01-01,2008-12-31,2011-02-25 08:35:16+00:00,2.93,2.93,1.56,88698000.0,2.92,,293051000.0,475417000.0,475417000.0,475417000.0,7742773000.0,11015263000.0,23883000.0,109000.0,,2359829000.0,7766656000.0,3248607000.0,31721000.0,2448527000.0,800080000.0,-31612000.0,768468000.0,11015263000.0,162300000.0,162351000.0,162986000.0
Genuine Parts Co,GPC,,40987,2008.0,Q3,2008-07-01,2008-09-30,2009-11-05 12:42:49+00:00,0.81,0.81,0.39,21768000.0,0.81,,79825000.0,131017000.0,131017000.0,131017000.0,2033110000.0,2882115000.0,,,,616395000.0,2033110000.0,849005000.0,,638163000.0,210842000.0,,210842000.0,2882115000.0,161700000.0,161603000.0,162276000.0
Genuine Parts Co,GPC,,40987,2008.0,Q2,2008-04-01,2008-06-30,2009-08-06 14:35:25+00:00,,0.81,0.39,22017000.0,0.81,,82638000.0,133073000.0,133073000.0,133073000.0,2021272000.0,2873485000.0,,,,614485000.0,2021272000.0,852213000.0,,636502000.0,215711000.0,,215711000.0,2873485000.0,,163411000.0,164127000.0
Genuine Parts Co,GPC,,40987,2009.0,Q4,2009-10-01,2009-12-31,,0.63,0.63,0.4,22917000.0,0.62,,63574000.0,99167000.0,99167000.0,99167000.0,1703754000.0,2471214000.0,28463000.0,1097000.0,,526551000.0,1732217000.0,738997000.0,27885000.0,549468000.0,189529000.0,-26788000.0,162741000.0,2471214000.0,159200000.0,159410000.0,159707000.0
Genuine Parts Co,GPC,,40987,2009.0,FY,2009-01-01,2009-12-31,2012-02-27 07:08:17+00:00,2.51,2.51,1.6,90411000.0,2.5,,244590000.0,399575000.0,399575000.0,399575000.0,7047750000.0,10057512000.0,28463000.0,1097000.0,,2219935000.0,7076213000.0,2981299000.0,27885000.0,2310346000.0,670953000.0,-26788000.0,644165000.0,10057512000.0,159200000.0,159410000.0,159707000.0
Genuine Parts Co,GPC,,40987,2009.0,Q3YTD,2009-01-01,2009-09-30,,1.88,1.88,1.2,67494000.0,1.88,,181016000.0,300408000.0,300408000.0,300408000.0,5343996000.0,7586298000.0,,,,1693384000.0,5343996000.0,2242302000.0,,1760878000.0,481424000.0,,481424000.0,7586298000.0,160700000.0,159541000.0,159876000.0
Genuine Parts Co,GPC,,40987,2009.0,Q3,2009-07-01,2009-09-30,2010-11-04 10:07:18+00:00,0.67,0.67,0.4,22562000.0,0.67,,63067000.0,107639000.0,107639000.0,107639000.0,1841511000.0,2606757000.0,,,,571978000.0,1841511000.0,765246000.0,,594540000.0,170706000.0,,170706000.0,2606757000.0,160700000.0,159541000.0,159876000.0
Genuine Parts Co,GPC,,40987,2009.0,Q2YTD,2009-01-01,2009-06-30,,1.21,1.21,0.8,44932000.0,1.21,,117949000.0,192769000.0,192769000.0,192769000.0,3502485000.0,4979541000.0,,,,1121406000.0,3502485000.0,1477056000.0,,1166338000.0,310718000.0,,310718000.0,4979541000.0,159400000.0,159513000.0,159766000.0
Genuine Parts Co,GPC,,40987,2009.0,Q2,2009-04-01,2009-06-30,2010-08-05 11:45:15+00:00,0.65,0.65,0.4,22411000.0,0.65,,62440000.0,103610000.0,103610000.0,103610000.0,1790190000.0,2535045000.0,,,,556394000.0,1790190000.0,744855000.0,,578805000.0,166050000.0,,166050000.0,2535045000.0,159400000.0,159513000.0,159766000.0
Genuine Parts Co,GPC,,40987,2009.0,Q1,2009-01-01,2009-03-31,2010-05-06 10:03:10+00:00,0.56,0.56,0.4,22521000.0,0.56,,55509000.0,89159000.0,89159000.0,89159000.0,1712295000.0,2444496000.0,,,,565012000.0,1712295000.0,732201000.0,,587533000.0,144668000.0,,144668000.0,2444496000.0,159200000.0,159444000.0,159663000.0
Genuine Parts Co,GPC,,40987,2010.0,Q4,2010-10-01,2010-12-31,,1.59,0.75,0.41,21910000.0,0.76,,67736000.0,118650000.0,118650000.0,118650000.0,1990600000.0,2807728000.0,10597000.0,3496000.0,,573670000.0,2001197000.0,806531000.0,28061000.0,595580000.0,210951000.0,-24565000.0,186386000.0,2807728000.0,158000000.0,158032000.0,158461000.0
Genuine Parts Co,GPC,,40987,2010.0,FY,2010-01-01,2010-12-31,2013-02-26 15:16:25+00:00,3.01,3.01,1.64,89332000.0,3.0,,286272000.0,475511000.0,475511000.0,475511000.0,7954645000.0,11207589000.0,10597000.0,3496000.0,,2366667000.0,7965242000.0,3242347000.0,28061000.0,2455999000.0,786348000.0,-24565000.0,761783000.0,11207589000.0,158000000.0,158032000.0,158461000.0
Genuine Parts Co,GPC,,40987,2010.0,Q3YTD,2010-01-01,2010-09-30,,1.42,2.26,1.23,67422000.0,2.24,,218536000.0,356861000.0,356861000.0,356861000.0,5964045000.0,8399861000.0,,,,1792997000.0,5964045000.0,2435816000.0,,1860419000.0,575397000.0,,575397000.0,8399861000.0,,157573000.0,157980000.0
Genuine Parts Co,GPC,,40987,2010.0,Q3TTM,2009-10-01,2010-09-30,,2.05,2.89,1.63,90339000.0,2.86,,282110000.0,456028000.0,456028000.0,456028000.0,7667799000.0,10871075000.0,28463000.0,1097000.0,,2319548000.0,7696262000.0,3174813000.0,27885000.0,2409887000.0,764926000.0,-26788000.0,738138000.0,10871075000.0,,157573000.0,157980000.0
Genuine Parts Co,GPC,,40987,2010.0,Q3,2010-07-01,2010-09-30,2011-11-07 10:45:56+00:00,,0.84,0.41,22093000.0,0.83,,80704000.0,131785000.0,131785000.0,131785000.0,2097529000.0,2950560000.0,,,,618449000.0,2097529000.0,853031000.0,,640542000.0,212489000.0,,212489000.0,2950560000.0,,157573000.0,157980000.0
Genuine Parts Co,GPC,,40987,2010.0,Q2YTD,2010-01-01,2010-06-30,,1.42,1.42,0.82,45329000.0,1.41,,137832000.0,225076000.0,225076000.0,225076000.0,3866516000.0,5449301000.0,,,,1174548000.0,3866516000.0,1582785000.0,,1219877000.0,362908000.0,,362908000.0,5449301000.0,157600000.0,158260000.0,158662000.0
Genuine Parts Co,GPC,,40987,2010.0,Q2TTM,2009-07-01,2010-06-30,,2.72,2.72,1.62,90808000.0,2.7,,264473000.0,431882000.0,431882000.0,431882000.0,7411781000.0,10527272000.0,28463000.0,1097000.0,,2273077000.0,7440244000.0,3087028000.0,27885000.0,2363885000.0,723143000.0,-26788000.0,696355000.0,10527272000.0,157600000.0,158260000.0,158662000.0
Genuine Parts Co,GPC,,40987,2010.0,Q2,2010-04-01,2010-06-30,2011-08-04 10:21:49+00:00,0.79,0.79,0.41,23186000.0,0.78,,76326000.0,124467000.0,124467000.0,124467000.0,2024876000.0,2847186000.0,,,,598331000.0,2024876000.0,822310000.0,,621517000.0,200793000.0,,200793000.0,2847186000.0,157600000.0,158260000.0,158662000.0
Genuine Parts Co,GPC,,40987,2010.0,Q1TTM,2009-04-01,2010-03-31,,2.58,2.58,1.61,90033000.0,2.57,,250587000.0,411025000.0,411025000.0,411025000.0,7177095000.0,10215131000.0,28463000.0,1097000.0,,2231140000.0,7205558000.0,3009573000.0,27885000.0,2321173000.0,688400000.0,-26788000.0,661612000.0,10215131000.0,159700000.0,158771000.0,159179000.0
Genuine Parts Co,GPC,,40987,2010.0,Q1,2010-01-01,2010-03-31,2011-05-05 12:28:32+00:00,0.63,0.63,0.41,22143000.0,0.63,,61506000.0,100609000.0,100609000.0,100609000.0,1841640000.0,2602115000.0,,,,576217000.0,1841640000.0,760475000.0,,598360000.0,162115000.0,,162115000.0,2602115000.0,159700000.0,158771000.0,159179000.0
Genuine Parts Co,GPC,,40987,2011.0,Q4,2011-10-01,2011-12-31,,1.67,0.87,0.45,21998000.0,0.85,,75218000.0,134957000.0,134957000.0,134957000.0,2121535000.0,3014135000.0,13248000.0,8358000.0,,628501000.0,2134783000.0,879352000.0,27036000.0,650499000.0,228853000.0,-18678000.0,210175000.0,3014135000.0,156500000.0,156656000.0,157660000.0
Genuine Parts Co,GPC,,40987,2011.0,FY,2011-01-01,2011-12-31,2014-02-27 08:07:31+00:00,3.61,3.61,1.8,88936000.0,3.58,,325690000.0,565116000.0,565116000.0,565116000.0,8852837000.0,12458877000.0,13248000.0,8358000.0,,2594372000.0,8866085000.0,3592792000.0,27036000.0,2683308000.0,909484000.0,-18678000.0,890806000.0,12458877000.0,156500000.0,156656000.0,157660000.0
Genuine Parts Co,GPC,,40987,2011.0,Q3YTD,2011-01-01,2011-09-30,,1.94,2.74,1.35,66938000.0,2.73,,250472000.0,430159000.0,430159000.0,430159000.0,6731302000.0,9444742000.0,,,,1965871000.0,6731302000.0,2713440000.0,,2032809000.0,680631000.0,,680631000.0,9444742000.0,156500000.0,156206000.0,157148000.0
Genuine Parts Co,GPC,,40987,2011.0,Q3TTM,2010-10-01,2011-09-30,,3.53,3.49,1.76,88848000.0,3.49,,318208000.0,548809000.0,548809000.0,548809000.0,8721902000.0,12252470000.0,10597000.0,3496000.0,,2539541000.0,8732499000.0,3519971000.0,28061000.0,2628389000.0,891582000.0,-24565000.0,867017000.0,12252470000.0,156500000.0,156206000.0,157148000.0
Genuine Parts Co,GPC,,40987,2011.0,Q3,2011-07-01,2011-09-30,2012-11-08 14:12:03+00:00,0.97,0.97,0.45,21465000.0,0.97,,95268000.0,151832000.0,151832000.0,151832000.0,2337028000.0,3285560000.0,,,,679967000.0,2337028000.0,948532000.0,,701432000.0,247100000.0,,247100000.0,3285560000.0,156500000.0,156206000.0,157148000.0
Genuine Parts Co,GPC,,40987,2011.0,Q2YTD,2011-01-01,2011-06-30,,0.97,1.77,0.9,45473000.0,1.76,,155204000.0,278327000.0,278327000.0,278327000.0,4394274000.0,6159182000.0,,,,1285904000.0,4394274000.0,1764908000.0,,1331377000.0,433531000.0,,433531000.0,6159182000.0,156500000.0,157248000.0,158243000.0
Genuine Parts Co,GPC,,40987,2011.0,Q2TTM,2010-07-01,2011-06-30,,2.56,3.36,1.72,89476000.0,3.35,,303644000.0,528762000.0,528762000.0,528762000.0,8482403000.0,11917470000.0,10597000.0,3496000.0,,2478023000.0,8493000000.0,3424470000.0,28061000.0,2567499000.0,856971000.0,-24565000.0,832406000.0,11917470000.0,156500000.0,157248000.0,158243000.0
Genuine Parts Co,GPC,,40987,2011.0,Q2,2011-04-01,2011-06-30,2012-08-03 09:53:00+00:00,0.97,0.97,0.45,22928000.0,0.96,,89739000.0,151812000.0,151812000.0,151812000.0,2268870000.0,3184984000.0,,,,651635000.0,2268870000.0,916114000.0,,674563000.0,241551000.0,,241551000.0,3184984000.0,156500000.0,157248000.0,158243000.0
Genuine Parts Co,GPC,,40987,2011.0,Q1TTM,2010-04-01,2011-03-31,,2.38,3.18,1.68,89734000.0,3.17,,290231000.0,501417000.0,501417000.0,501417000.0,8238409000.0,11579672000.0,10597000.0,3496000.0,,2424719000.0,8249006000.0,3330666000.0,28061000.0,2514453000.0,816213000.0,-24565000.0,791648000.0,11579672000.0,,157633000.0,158656000.0
Genuine Parts Co,GPC,,40987,2011.0,Q1,2011-01-01,2011-03-31,2012-05-07 09:34:40+00:00,,0.8,0.45,22545000.0,0.8,,65465000.0,126515000.0,126515000.0,126515000.0,2125404000.0,2974198000.0,,,,634269000.0,2125404000.0,848794000.0,,656814000.0,191980000.0,,191980000.0,2974198000.0,,157633000.0,158656000.0
Genuine Parts Co,GPC,,40987,2012.0,FY,2012-01-01,2012-12-31,2015-02-26 08:04:09+00:00,4.17,4.17,1.98,98383000.0,4.14,,370891000.0,648041000.0,648041000.0,648041000.0,9235777000.0,13013868000.0,8047000.0,24283000.0,,2656530000.0,9243824000.0,3770044000.0,20482000.0,2754913000.0,1015131000.0,3801000.0,1018932000.0,13013868000.0,155400000.0,155413000.0,156420000.0
Genuine Parts Co,GPC,,40987,2012.0,Q4,2012-10-01,2012-12-31,,1.04,1.04,0.49,25054000.0,1.02,,91701000.0,160225000.0,160225000.0,160225000.0,2208308000.0,3118966000.0,8047000.0,24283000.0,,629432000.0,2216355000.0,902611000.0,20482000.0,654486000.0,248125000.0,3801000.0,251926000.0,3118966000.0,155400000.0,155413000.0,156420000.0
Genuine Parts Co,GPC,,40987,2012.0,Q3YTD,2012-01-01,2012-09-30,,3.13,3.13,1.49,73329000.0,3.12,,279190000.0,487816000.0,487816000.0,487816000.0,7027469000.0,9894902000.0,,,,2027098000.0,7027469000.0,2867433000.0,,2100427000.0,767006000.0,,767006000.0,9894902000.0,155800000.0,155147000.0,156135000.0
Genuine Parts Co,GPC,,40987,2012.0,Q3TTM,2011-10-01,2012-09-30,,4.8,4.0,1.93,95327000.0,3.97,,354408000.0,622773000.0,622773000.0,622773000.0,9149004000.0,12909037000.0,13248000.0,8358000.0,,2655599000.0,9162252000.0,3746785000.0,27036000.0,2750926000.0,995859000.0,-18678000.0,977181000.0,12909037000.0,155800000.0,155147000.0,156135000.0
Genuine Parts Co,GPC,,40987,2012.0,Q3,2012-07-01,2012-09-30,2013-11-07 11:16:48+00:00,1.11,1.11,0.495,25609000.0,1.11,,98590000.0,172943000.0,172943000.0,172943000.0,2399742000.0,3375778000.0,,,,678894000.0,2399742000.0,976036000.0,,704503000.0,271533000.0,,271533000.0,3375778000.0,155800000.0,155147000.0,156135000.0
Genuine Parts Co,GPC,,40987,2012.0,Q2YTD,2012-01-01,2012-06-30,,2.02,2.02,0.99,47720000.0,2.01,,180600000.0,314873000.0,314873000.0,314873000.0,4627727000.0,6519124000.0,,,,1348204000.0,4627727000.0,1891397000.0,,1395924000.0,495473000.0,,495473000.0,6519124000.0,156100000.0,155753000.0,156772000.0
Genuine Parts Co,GPC,,40987,2012.0,Q2TTM,2011-07-01,2012-06-30,,4.66,3.86,1.89,91183000.0,3.83,,351086000.0,601662000.0,601662000.0,601662000.0,9086290000.0,12818819000.0,13248000.0,8358000.0,,2656672000.0,9099538000.0,3719281000.0,27036000.0,2747855000.0,971426000.0,-18678000.0,952748000.0,12818819000.0,156100000.0,155753000.0,156772000.0
Genuine Parts Co,GPC,,40987,2012.0,Q2,2012-04-01,2012-06-30,2013-08-06 10:03:51+00:00,1.08,1.08,0.495,24735000.0,1.08,,98687000.0,168618000.0,168618000.0,168618000.0,2365550000.0,3337836000.0,,,,680246000.0,2365550000.0,972286000.0,,704981000.0,267305000.0,,267305000.0,3337836000.0,156100000.0,155753000.0,156772000.0
Genuine Parts Co,GPC,,40987,2012.0,Q1TTM,2011-04-01,2012-03-31,,4.55,3.75,1.85,89376000.0,3.71,,342138000.0,584856000.0,584856000.0,584856000.0,8989610000.0,12665967000.0,13248000.0,8358000.0,,2628061000.0,9002858000.0,3663109000.0,27036000.0,2717437000.0,945672000.0,-18678000.0,926994000.0,12665967000.0,155600000.0,155810000.0,156949000.0
Genuine Parts Co,GPC,,40987,2012.0,Q1,2012-01-01,2012-03-31,2013-05-07 11:05:51+00:00,0.94,0.94,0.495,22985000.0,0.93,,81913000.0,146255000.0,146255000.0,146255000.0,2262177000.0,3181288000.0,,,,667958000.0,2262177000.0,919111000.0,,690943000.0,228168000.0,,228168000.0,3181288000.0,155600000.0,155810000.0,156949000.0
Genuine Parts Co,GPC,,40987,2013.0,FY,2013-01-01,2013-12-31,2016-02-26 09:15:23+00:00,4.43,4.43,2.15,133957000.0,4.4,,359345000.0,684959000.0,684959000.0,684959000.0,9857923000.0,14077843000.0,8691000.0,22031000.0,,3028028000.0,9866614000.0,4211229000.0,26971000.0,3161985000.0,1049244000.0,-4940000.0,1044304000.0,14077843000.0,154600000.0,154636000.0,155714000.0
Genuine Parts Co,GPC,,40987,2013.0,Q4,2013-10-01,2013-12-31,,0.98,0.98,0.54,35885000.0,0.96,,85226000.0,150467000.0,150467000.0,150467000.0,2425660000.0,3517801000.0,8691000.0,22031000.0,,806932000.0,2434351000.0,1083450000.0,26971000.0,842817000.0,240633000.0,-4940000.0,235693000.0,3517801000.0,154600000.0,154636000.0,155714000.0
Genuine Parts Co,GPC,,40987,2013.0,Q3YTD,2013-01-01,2013-09-30,,3.45,3.45,1.61,98072000.0,3.44,,274119000.0,534492000.0,534492000.0,534492000.0,7432263000.0,10560042000.0,,,,2221096000.0,7432263000.0,3127779000.0,,2319168000.0,808611000.0,,808611000.0,10560042000.0,155100000.0,154567000.0,155663000.0
Genuine Parts Co,GPC,,40987,2013.0,Q3TTM,2012-10-01,2013-09-30,,4.49,4.49,2.11,123126000.0,4.46,,365820000.0,694717000.0,694717000.0,694717000.0,9640571000.0,13679008000.0,8047000.0,24283000.0,,2850528000.0,9648618000.0,4030390000.0,20482000.0,2973654000.0,1056736000.0,3801000.0,1060537000.0,13679008000.0,155100000.0,154567000.0,155663000.0
Genuine Parts Co,GPC,,40987,2013.0,Q3,2013-07-01,2013-09-30,2014-11-06 13:24:16+00:00,1.12,1.12,0.5375,35220000.0,1.12,,98000000.0,173746000.0,173746000.0,173746000.0,2584320000.0,3685243000.0,,,,793957000.0,2584320000.0,1100923000.0,,829177000.0,271746000.0,,271746000.0,3685243000.0,155100000.0,154567000.0,155663000.0
Genuine Parts Co,GPC,,40987,2013.0,Q2YTD,2013-01-01,2013-06-30,,2.33,2.33,1.08,62852000.0,2.32,,176119000.0,360746000.0,360746000.0,360746000.0,4847943000.0,6874799000.0,,,,1427139000.0,4847943000.0,2026856000.0,,1489991000.0,536865000.0,,536865000.0,6874799000.0,154500000.0,155050000.0,156144000.0
Genuine Parts Co,GPC,,40987,2013.0,Q2TTM,2012-07-01,2013-06-30,,4.48,4.48,2.07,113515000.0,4.45,,366410000.0,693914000.0,693914000.0,693914000.0,9455993000.0,13369543000.0,8047000.0,24283000.0,,2735465000.0,9464040000.0,3905503000.0,20482000.0,2848980000.0,1056523000.0,3801000.0,1060324000.0,13369543000.0,154500000.0,155050000.0,156144000.0
Genuine Parts Co,GPC,,40987,2013.0,Q2,2013-04-01,2013-06-30,2014-08-06 09:41:16+00:00,1.4,1.4,0.5375,36853000.0,1.39,,98371000.0,216357000.0,216357000.0,216357000.0,2570889000.0,3675997000.0,,,,753527000.0,2570889000.0,1105108000.0,,790380000.0,314728000.0,,314728000.0,3675997000.0,154500000.0,155050000.0,156144000.0
Genuine Parts Co,GPC,,40987,2013.0,Q1TTM,2012-04-01,2013-03-31,,4.16,4.16,2.02,101397000.0,4.14,,366726000.0,646175000.0,646175000.0,646175000.0,9250654000.0,13031382000.0,8047000.0,24283000.0,,2662184000.0,9258701000.0,3772681000.0,20482000.0,2763581000.0,1009100000.0,3801000.0,1012901000.0,13031382000.0,155300000.0,154891000.0,155931000.0
Genuine Parts Co,GPC,,40987,2013.0,Q1,2013-01-01,2013-03-31,2014-05-07 09:02:50+00:00,0.93,0.93,0.5375,25999000.0,0.93,,77748000.0,144389000.0,144389000.0,144389000.0,2277054000.0,3198802000.0,,,,673612000.0,2277054000.0,921748000.0,,699611000.0,222137000.0,,222137000.0,3198802000.0,155300000.0,154891000.0,155931000.0
Genuine Parts Co,GPC,,40987,2014.0,FY,2014-01-01,2014-12-31,2017-02-27 15:02:36+00:00,4.64,4.64,2.3,148313000.0,4.61,,406453000.0,711286000.0,711286000.0,711286000.0,10747886000.0,15341647000.0,7192000.0,18601000.0,,3314030000.0,10755078000.0,4586569000.0,25088000.0,3462343000.0,1124226000.0,-6487000.0,1117739000.0,15341647000.0,153300000.0,153299000.0,154375000.0
Genuine Parts Co,GPC,,40987,2014.0,Q4,2014-10-01,2014-12-31,,2.1,1.08,0.58,39691000.0,1.07,,99745000.0,165559000.0,165559000.0,165559000.0,2675913000.0,3822454000.0,7192000.0,18601000.0,,827867000.0,2683105000.0,1139349000.0,25088000.0,867558000.0,271791000.0,-6487000.0,265304000.0,3822454000.0,153300000.0,153299000.0,154375000.0
Genuine Parts Co,GPC,,40987,2014.0,Q3,2014-07-01,2014-09-30,2015-11-06 09:26:52+00:00,1.25,1.25,0.575,34983000.0,1.24,,107767000.0,190516000.0,190516000.0,190516000.0,2802487000.0,3985909000.0,,,,850156000.0,2802487000.0,1183422000.0,,885139000.0,298283000.0,,298283000.0,3985909000.0,152400000.0,153018000.0,154098000.0
Genuine Parts Co,GPC,,40987,2014.0,Q3YTD,2014-01-01,2014-09-30,,2.54,3.56,1.73,108622000.0,3.54,,306708000.0,545727000.0,545727000.0,545727000.0,8071973000.0,11519193000.0,,,,2486163000.0,8071973000.0,3447220000.0,,2594785000.0,852435000.0,,852435000.0,11519193000.0,152400000.0,153018000.0,154098000.0
Genuine Parts Co,GPC,,40987,2014.0,Q3TTM,2013-10-01,2014-09-30,,3.52,4.54,2.26,144507000.0,4.5,,391934000.0,696194000.0,696194000.0,696194000.0,10497633000.0,15036994000.0,8691000.0,22031000.0,,3293095000.0,10506324000.0,4530670000.0,26971000.0,3437602000.0,1093068000.0,-4940000.0,1088128000.0,15036994000.0,152400000.0,153018000.0,154098000.0
Genuine Parts Co,GPC,,40987,2014.0,Q2,2014-04-01,2014-06-30,2015-08-07 09:06:22+00:00,1.29,1.29,0.575,36783000.0,1.28,,112453000.0,197727000.0,197727000.0,197727000.0,2729219000.0,3908387000.0,,,,832205000.0,2729219000.0,1179168000.0,,868988000.0,310180000.0,,310180000.0,3908387000.0,153300000.0,153463000.0,154532000.0
Genuine Parts Co,GPC,,40987,2014.0,Q2YTD,2014-01-01,2014-06-30,,1.29,2.31,1.15,73639000.0,2.3,,198941000.0,355211000.0,355211000.0,355211000.0,5269486000.0,7533284000.0,,,,1636007000.0,5269486000.0,2263798000.0,,1709646000.0,554152000.0,,554152000.0,7533284000.0,153300000.0,153463000.0,154532000.0
Genuine Parts Co,GPC,,40987,2014.0,Q2TTM,2013-07-01,2014-06-30,,3.39,4.41,2.22,144744000.0,4.38,,382167000.0,679424000.0,679424000.0,679424000.0,10279466000.0,14736328000.0,8691000.0,22031000.0,,3236896000.0,10288157000.0,4448171000.0,26971000.0,3381640000.0,1066531000.0,-4940000.0,1061591000.0,14736328000.0,153300000.0,153463000.0,154532000.0
Genuine Parts Co,GPC,,40987,2014.0,Q1,2014-01-01,2014-03-31,2015-05-07 08:54:51+00:00,,1.02,0.575,36856000.0,1.02,,86488000.0,157484000.0,157484000.0,157484000.0,2540267000.0,3624897000.0,,,,803802000.0,2540267000.0,1084630000.0,,840658000.0,243972000.0,,243972000.0,3624897000.0,,153729000.0,154796000.0
Genuine Parts Co,GPC,,40987,2014.0,Q1TTM,2013-04-01,2014-03-31,,3.5,4.52,2.19,144814000.0,4.49,,368085000.0,698054000.0,698054000.0,698054000.0,10121136000.0,14503938000.0,8691000.0,22031000.0,,3158218000.0,10129827000.0,4374111000.0,26971000.0,3303032000.0,1071079000.0,-4940000.0,1066139000.0,14503938000.0,,153729000.0,154796000.0
Genuine Parts Co,GPC,,40987,2015.0,FY,2015-01-01,2015-12-31,2018-02-27 07:02:11+00:00,4.65,4.65,2.46,141675000.0,4.63,,418009000.0,705672000.0,705672000.0,705672000.0,10724192000.0,15280044000.0,12373000.0,20929000.0,,3277390000.0,10736565000.0,4543479000.0,21662000.0,3419065000.0,1124414000.0,-733000.0,1123681000.0,15280044000.0,151800000.0,151667000.0,152496000.0
Genuine Parts Co,GPC,,40987,2015.0,Q4,2015-10-01,2015-12-31,,1.08,1.08,0.62,35910000.0,1.06,,100335000.0,161273000.0,161273000.0,161273000.0,2586312000.0,3681790000.0,12373000.0,20929000.0,,784854000.0,2598685000.0,1083105000.0,21662000.0,820764000.0,262341000.0,-733000.0,261608000.0,3681790000.0,151800000.0,151667000.0,152496000.0
Genuine Parts Co,GPC,,40987,2015.0,Q3,2015-07-01,2015-09-30,2016-10-28 08:30:53+00:00,1.24,1.24,0.615,34278000.0,1.24,,112559000.0,188016000.0,188016000.0,188016000.0,2752577000.0,3921802000.0,,,,834372000.0,2752577000.0,1169225000.0,,868650000.0,300575000.0,,300575000.0,3921802000.0,151600000.0,151354000.0,152143000.0
Genuine Parts Co,GPC,,40987,2015.0,Q3YTD,2015-01-01,2015-09-30,,3.57,3.57,1.85,105765000.0,3.57,,317674000.0,544399000.0,544399000.0,544399000.0,8137880000.0,11598254000.0,,,,2492536000.0,8137880000.0,3460374000.0,,2598301000.0,862073000.0,,862073000.0,11598254000.0,151600000.0,151354000.0,152143000.0
Genuine Parts Co,GPC,,40987,2015.0,Q3TTM,2014-10-01,2015-09-30,,5.67,4.65,2.42,145456000.0,4.64,,417419000.0,709958000.0,709958000.0,709958000.0,10813793000.0,15420708000.0,7192000.0,18601000.0,,3320403000.0,10820985000.0,4599723000.0,25088000.0,3465859000.0,1133864000.0,-6487000.0,1127377000.0,15420708000.0,151600000.0,151354000.0,152143000.0
Genuine Parts Co,GPC,,40987,2015.0,Q2,2015-04-01,2015-06-30,2016-07-29 08:46:39+00:00,1.28,1.28,0.615,35603000.0,1.28,,114744000.0,195373000.0,195373000.0,195373000.0,2762071000.0,3940401000.0,,,,832610000.0,2762071000.0,1178330000.0,,868213000.0,310117000.0,,310117000.0,3940401000.0,152600000.0,152134000.0,152989000.0
Genuine Parts Co,GPC,,40987,2015.0,Q2YTD,2015-01-01,2015-06-30,,2.33,2.33,1.23,71487000.0,2.33,,205115000.0,356383000.0,356383000.0,356383000.0,5385303000.0,7676452000.0,,,,1658164000.0,5385303000.0,2291149000.0,,1729651000.0,561498000.0,,561498000.0,7676452000.0,152600000.0,152134000.0,152989000.0
Genuine Parts Co,GPC,,40987,2015.0,Q2TTM,2014-07-01,2015-06-30,,5.68,4.66,2.38,146161000.0,4.64,,412627000.0,712458000.0,712458000.0,712458000.0,10863703000.0,15484815000.0,7192000.0,18601000.0,,3336187000.0,10870895000.0,4613920000.0,25088000.0,3482348000.0,1131572000.0,-6487000.0,1125085000.0,15484815000.0,152600000.0,152134000.0,152989000.0
Genuine Parts Co,GPC,,40987,2015.0,Q1,2015-01-01,2015-03-31,2016-04-29 10:31:25+00:00,1.05,1.05,0.615,35884000.0,1.05,,90371000.0,161010000.0,161010000.0,161010000.0,2623232000.0,3736051000.0,,,,825554000.0,2623232000.0,1112819000.0,,861438000.0,251381000.0,,251381000.0,3736051000.0,153300000.0,152656000.0,153574000.0
Genuine Parts Co,GPC,,40987,2015.0,Q1TTM,2014-04-01,2015-03-31,,5.69,4.67,2.34,147341000.0,4.64,,410336000.0,714812000.0,714812000.0,714812000.0,10830851000.0,15452801000.0,7192000.0,18601000.0,,3335782000.0,10838043000.0,4614758000.0,25088000.0,3483123000.0,1131635000.0,-6487000.0,1125148000.0,15452801000.0,153300000.0,152656000.0,153574000.0
Genuine Parts Co,GPC,,40987,2016.0,FY,2016-01-01,2016-12-31,2019-02-25 07:17:43+00:00,4.61,4.61,2.63,147487000.0,4.59,,387100000.0,687240000.0,687240000.0,687240000.0,10740106000.0,15339713000.0,11515000.0,46790000.0,,3391971000.0,10751621000.0,4588092000.0,21084000.0,3539458000.0,1048634000.0,25706000.0,1074340000.0,15339713000.0,149100000.0,149051000.0,149804000.0
Genuine Parts Co,GPC,,40987,2016.0,Q4,2016-10-01,2016-12-31,,1.03,1.03,0.66,39240000.0,1.02,,83766000.0,152520000.0,152520000.0,152520000.0,2648982000.0,3780065000.0,11515000.0,46790000.0,,869748000.0,2660497000.0,1119568000.0,21084000.0,908988000.0,210580000.0,25706000.0,236286000.0,3780065000.0,149100000.0,149051000.0,149804000.0
Genuine Parts Co,GPC,,40987,2016.0,Q3,2016-07-01,2016-09-30,2017-10-26 08:28:21+00:00,1.24,1.24,0.6575,37682000.0,1.24,,106031000.0,185326000.0,185326000.0,185326000.0,2743142000.0,3941743000.0,,,,869562000.0,2743142000.0,1198601000.0,,907244000.0,291357000.0,,291357000.0,3941743000.0,149500000.0,148899000.0,149727000.0
Genuine Parts Co,GPC,,40987,2016.0,Q3YTD,2016-01-01,2016-09-30,,3.58,3.58,1.97,108247000.0,3.57,,303334000.0,534720000.0,534720000.0,534720000.0,8091124000.0,11559648000.0,,,,2522223000.0,8091124000.0,3468524000.0,,2630470000.0,838054000.0,,838054000.0,11559648000.0,149500000.0,148899000.0,149727000.0
Genuine Parts Co,GPC,,40987,2016.0,Q3TTM,2015-10-01,2016-09-30,,4.66,4.66,2.59,144157000.0,4.63,,403669000.0,695993000.0,695993000.0,695993000.0,10677436000.0,15241438000.0,12373000.0,20929000.0,,3307077000.0,10689809000.0,4551629000.0,21662000.0,3451234000.0,1100395000.0,-733000.0,1099662000.0,15241438000.0,149500000.0,148899000.0,149727000.0
Genuine Parts Co,GPC,,40987,2016.0,Q2,2016-04-01,2016-06-30,2017-07-28 09:31:38+00:00,1.28,1.28,0.6575,35911000.0,1.28,,108683000.0,191369000.0,191369000.0,191369000.0,2734186000.0,3899638000.0,,,,829489000.0,2734186000.0,1165452000.0,,865400000.0,300052000.0,,300052000.0,3899638000.0,149500000.0,149241000.0,150029000.0
Genuine Parts Co,GPC,,40987,2016.0,Q2YTD,2016-01-01,2016-06-30,,2.34,2.34,1.32,70565000.0,2.33,,197303000.0,349394000.0,349394000.0,349394000.0,5347982000.0,7617905000.0,,,,1652661000.0,5347982000.0,2269923000.0,,1723226000.0,546697000.0,,546697000.0,7617905000.0,149500000.0,149241000.0,150029000.0
Genuine Parts Co,GPC,,40987,2016.0,Q2TTM,2015-07-01,2016-06-30,,4.66,4.66,2.55,140753000.0,4.63,,410197000.0,698683000.0,698683000.0,698683000.0,10686871000.0,15221497000.0,12373000.0,20929000.0,,3271887000.0,10699244000.0,4522253000.0,21662000.0,3412640000.0,1109613000.0,-733000.0,1108880000.0,15221497000.0,149500000.0,149241000.0,150029000.0
Genuine Parts Co,GPC,,40987,2016.0,Q1,2016-01-01,2016-03-31,2017-04-25 13:12:11+00:00,1.06,1.06,0.6579999999999999,34654000.0,1.05,,88620000.0,158025000.0,158025000.0,158025000.0,2613796000.0,3718267000.0,,,,823172000.0,2613796000.0,1104471000.0,,857826000.0,246645000.0,,246645000.0,3718267000.0,149100000.0,149593000.0,150342000.0
Genuine Parts Co,GPC,,40987,2016.0,Q1TTM,2015-04-01,2016-03-31,,4.66,4.66,2.5,140445000.0,4.63,,416258000.0,702687000.0,702687000.0,702687000.0,10714756000.0,15262260000.0,12373000.0,20929000.0,,3275008000.0,10727129000.0,4535131000.0,21662000.0,3415453000.0,1119678000.0,-733000.0,1118945000.0,15262260000.0,149100000.0,149593000.0,150342000.0
Genuine Parts Co,GPC,,40987,2017.0,FY,2017-01-01,2017-12-31,2020-02-21 12:58:42+00:00,4.19,4.19,2.7,167691000.0,4.18,0.0,392511000.0,616757000.0,616757000.0,616757000.0,11402403000.0,16308801000.0,13932000.0,52212000.0,0.0,3726233000.0,11416335000.0,4892466000.0,41486000.0,3893924000.0,998542000.0,10726000.0,1009268000.0,16308801000.0,147200000.0,147140000.0,147701000.0
Genuine Parts Co,GPC,,40987,2017.0,Q4,2017-10-01,2017-12-31,,0.74,0.74,0.68,50051000.0,0.73,,113818000.0,108183000.0,108183000.0,108183000.0,2923001000.0,4207076000.0,4750000.0,21384000.0,,1010434000.0,2927751000.0,1279325000.0,18223000.0,1060485000.0,218840000.0,3161000.0,222001000.0,4207076000.0,147200000.0,147140000.0,147701000.0
Genuine Parts Co,GPC,,40987,2017.0,Q3,2017-07-01,2017-09-30,2018-10-22 07:17:48+00:00,1.08,1.08,0.675,40276000.0,1.08,,87913000.0,158442000.0,158442000.0,158442000.0,2869016000.0,4095906000.0,3508000.0,3787000.0,,931500000.0,2872524000.0,1223382000.0,9038000.0,971776000.0,251606000.0,-5251000.0,246355000.0,4095906000.0,146700000.0,146720000.0,147222000.0
Genuine Parts Co,GPC,,40987,2017.0,Q3YTD,2017-01-01,2017-09-30,,3.45,3.45,2.03,117640000.0,3.45,,278693000.0,508574000.0,508574000.0,508574000.0,8479402000.0,12101725000.0,9182000.0,30828000.0,,2715799000.0,8488584000.0,3613141000.0,23263000.0,2833439000.0,779702000.0,7565000.0,787267000.0,12101725000.0,146700000.0,146720000.0,147222000.0
Genuine Parts Co,GPC,,40987,2017.0,Q3TTM,2016-10-01,2017-09-30,,4.48,4.48,2.68,156880000.0,4.47,,362459000.0,661094000.0,661094000.0,661094000.0,11128384000.0,15881790000.0,20697000.0,77618000.0,,3585547000.0,11149081000.0,4732709000.0,44347000.0,3742427000.0,990282000.0,33271000.0,1023553000.0,15881790000.0,146700000.0,146720000.0,147222000.0
Genuine Parts Co,GPC,,40987,2017.0,Q2,2017-04-01,2017-06-30,2018-07-25 07:20:35+00:00,1.29,1.29,0.675,39232000.0,1.29,,107165000.0,189972000.0,189972000.0,189972000.0,2860466000.0,4100178000.0,2546000.0,13592000.0,,906943000.0,2863012000.0,1237166000.0,7446000.0,946175000.0,290991000.0,6146000.0,297137000.0,4100178000.0,147300000.0,147079000.0,147650000.0
Genuine Parts Co,GPC,,40987,2017.0,Q2YTD,2017-01-01,2017-06-30,,2.37,2.37,1.35,77364000.0,2.37,,190780000.0,350132000.0,350132000.0,350132000.0,5610386000.0,8005819000.0,5674000.0,27041000.0,,1784299000.0,5616060000.0,2389759000.0,14225000.0,1861663000.0,528096000.0,12816000.0,540912000.0,8005819000.0,147300000.0,147079000.0,147650000.0
Genuine Parts Co,GPC,,40987,2017.0,Q2TTM,2016-07-01,2017-06-30,,4.64,4.64,2.66,154286000.0,4.63,,380577000.0,687978000.0,687978000.0,687978000.0,11002510000.0,15727627000.0,17189000.0,73831000.0,,3523609000.0,11019699000.0,4707928000.0,35309000.0,3677895000.0,1030033000.0,38522000.0,1068555000.0,15727627000.0,147300000.0,147079000.0,147650000.0
Genuine Parts Co,GPC,,40987,2017.0,Q1,2017-01-01,2017-03-31,2018-04-26 07:10:26+00:00,1.08,1.08,0.675,38132000.0,1.08,,83615000.0,160160000.0,160160000.0,160160000.0,2749920000.0,3905641000.0,3128000.0,13449000.0,,877356000.0,2753048000.0,1152593000.0,6779000.0,915488000.0,237105000.0,6670000.0,243775000.0,3905641000.0,148300000.0,148154000.0,148788000.0
Genuine Parts Co,GPC,,40987,2017.0,Q1TTM,2016-04-01,2017-03-31,,4.63,4.63,2.65,150965000.0,4.62,,382095000.0,689375000.0,689375000.0,689375000.0,10876230000.0,15527087000.0,14643000.0,60239000.0,,3446155000.0,10890873000.0,4636214000.0,27863000.0,3597120000.0,1039094000.0,32376000.0,1071470000.0,15527087000.0,148300000.0,148154000.0,148788000.0
Genuine Parts Co,GPC,,40987,2018.0,FY,2018-01-01,2018-12-31,2020-02-21 12:58:42+00:00,5.53,5.53,2.88,241635000.0,5.5,0.0,265138000.0,810474000.0,810474000.0,810474000.0,12751286000.0,18735073000.0,17147000.0,67822000.0,0.0,4615290000.0,12768433000.0,5966640000.0,101925000.0,4856925000.0,1109715000.0,-34103000.0,1075612000.0,18735073000.0,146600000.0,146657000.0,147241000.0
Genuine Parts Co,GPC,,40987,2018.0,Q4,2018-10-01,2018-12-31,,1.28,1.28,0.72,63739000.0,1.27,,67588000.0,186699000.0,186699000.0,186699000.0,3061633000.0,4603792000.0,5841000.0,22000000.0,,1214036000.0,3067474000.0,1536318000.0,26256000.0,1277775000.0,258543000.0,-4256000.0,254287000.0,4603792000.0,146600000.0,146657000.0,147241000.0
Genuine Parts Co,GPC,,40987,2018.0,Q3,2018-07-01,2018-09-30,2019-10-18 12:05:57+00:00,1.5,1.5,0.72,61082000.0,1.49,,71508000.0,220227000.0,220227000.0,220227000.0,3238687000.0,4722922000.0,4939000.0,17871000.0,,1119266000.0,3243626000.0,1479296000.0,25084000.0,1180348000.0,298948000.0,-7213000.0,291735000.0,4722922000.0,146800000.0,146763000.0,147453000.0
Genuine Parts Co,GPC,,40987,2018.0,Q3YTD,2018-01-01,2018-09-30,,4.25,4.25,2.16,177896000.0,4.23,,197550000.0,623775000.0,623775000.0,623775000.0,9689653000.0,14131281000.0,11306000.0,45822000.0,,3401254000.0,9700959000.0,4430322000.0,75669000.0,3579150000.0,851172000.0,-29847000.0,821325000.0,14131281000.0,146800000.0,146763000.0,147453000.0
Genuine Parts Co,GPC,,40987,2018.0,Q3TTM,2017-10-01,2018-09-30,,4.99,4.99,2.84,227947000.0,4.96,,311368000.0,731958000.0,731958000.0,731958000.0,12612654000.0,18338357000.0,16056000.0,67206000.0,,4411688000.0,12628710000.0,5709647000.0,93892000.0,4639635000.0,1070012000.0,-26686000.0,1043326000.0,18338357000.0,146800000.0,146763000.0,147453000.0
Genuine Parts Co,GPC,,40987,2018.0,Q2,2018-04-01,2018-06-30,2019-07-19 13:46:01+00:00,1.55,1.55,0.72,58451000.0,1.54,,73299000.0,226972000.0,226972000.0,226972000.0,3300479000.0,4822065000.0,3666000.0,15495000.0,,1148217000.0,3304145000.0,1517920000.0,26476000.0,1206668000.0,311252000.0,-10981000.0,300271000.0,4822065000.0,146400000.0,146748000.0,147260000.0
Genuine Parts Co,GPC,,40987,2018.0,Q2YTD,2018-01-01,2018-06-30,,2.75,2.75,1.44,116814000.0,2.74,,126042000.0,403548000.0,403548000.0,403548000.0,6450966000.0,9408359000.0,6367000.0,27951000.0,,2281988000.0,6457333000.0,2951026000.0,50585000.0,2398802000.0,552224000.0,-22634000.0,529590000.0,9408359000.0,146400000.0,146748000.0,147260000.0
Genuine Parts Co,GPC,,40987,2018.0,Q2TTM,2017-07-01,2018-06-30,,4.57,4.57,2.79,207141000.0,4.55,,327773000.0,670173000.0,670173000.0,670173000.0,12242983000.0,17711341000.0,14625000.0,53122000.0,,4223922000.0,12257608000.0,5453733000.0,77846000.0,4431063000.0,1022670000.0,-24724000.0,997946000.0,17711341000.0,146400000.0,146748000.0,147260000.0
Genuine Parts Co,GPC,,40987,2018.0,Q1,2018-01-01,2018-03-31,2019-04-19 13:56:50+00:00,1.2,1.2,0.72,58363000.0,1.2,,52743000.0,176576000.0,176576000.0,176576000.0,3150487000.0,4586294000.0,2701000.0,12456000.0,,1133771000.0,3153188000.0,1433106000.0,24109000.0,1192134000.0,240972000.0,-11653000.0,229319000.0,4586294000.0,147100000.0,146727000.0,147322000.0
Genuine Parts Co,GPC,,40987,2018.0,Q1TTM,2017-04-01,2018-03-31,,4.31,4.31,2.75,187922000.0,4.3,,361639000.0,633173000.0,633173000.0,633173000.0,11802970000.0,16989454000.0,13505000.0,51219000.0,,3982648000.0,11816475000.0,5172979000.0,58816000.0,4170570000.0,1002409000.0,-7597000.0,994812000.0,16989454000.0,147100000.0,146727000.0,147322000.0
Genuine Parts Co,GPC,,40987,2019.0,Q4,2019-10-01,2019-12-31,,0.06,0.06,0.76,73235000.0,0.06,81968000.0,3208000.0,8918000.0,8918000.0,8918000.0,3121095000.0,4706189000.0,3281000.0,-36797000.0,112184000.0,1243456000.0,3124376000.0,1581813000.0,22047000.0,1510843000.0,70970000.0,-58844000.0,12126000.0,4706189000.0,145800000.0,145736000.0,146417000.0
Genuine Parts Co,GPC,,40987,2019.0,FY,2019-01-01,2019-12-31,2020-02-21 12:58:42+00:00,4.26,4.26,3.05,270288000.0,4.24,81968000.0,209215000.0,621085000.0,621085000.0,621085000.0,13076036000.0,19392305000.0,14905000.0,23254000.0,112184000.0,4934167000.0,13090941000.0,6301364000.0,95711000.0,5398607000.0,902757000.0,-72457000.0,830300000.0,19392305000.0,145800000.0,145736000.0,146417000.0
Genuine Parts Co,GPC,,40987,2019.0,Q3YTD,2019-01-01,2019-09-30,,4.2,4.2,2.29,197053000.0,4.18,,206007000.0,612167000.0,612167000.0,612167000.0,9954941000.0,14686116000.0,11624000.0,60051000.0,,3690711000.0,9966565000.0,4719551000.0,73664000.0,3887764000.0,831787000.0,-13613000.0,818174000.0,14686116000.0,145800000.0,145572000.0,146189000.0
Genuine Parts Co,GPC,,40987,2019.0,Q3TTM,2018-10-01,2019-09-30,,5.48,5.48,3.01,260792000.0,5.45,,273595000.0,798866000.0,798866000.0,798866000.0,13016574000.0,19289908000.0,17465000.0,82051000.0,,4904747000.0,13034039000.0,6255869000.0,99920000.0,5165539000.0,1090330000.0,-17869000.0,1072461000.0,19289908000.0,145800000.0,145572000.0,146189000.0
Genuine Parts Co,GPC,,40987,2019.0,Q3,2019-07-01,2019-09-30,2019-10-18 12:05:57+00:00,1.56,1.56,0.7625,68922000.0,1.56,,77046000.0,227487000.0,227487000.0,227487000.0,3390597000.0,5015023000.0,1693000.0,47100000.0,,1269893000.0,3392290000.0,1622733000.0,26485000.0,1338815000.0,283918000.0,20615000.0,304533000.0,5015023000.0,145800000.0,145572000.0,146189000.0
Genuine Parts Co,GPC,,40987,2019.0,Q2YTD,2019-01-01,2019-06-30,,2.64,2.64,1.53,128131000.0,2.62,,128961000.0,384680000.0,384680000.0,384680000.0,6564344000.0,9671093000.0,9931000.0,12951000.0,,2420818000.0,6574275000.0,3096818000.0,47179000.0,2548949000.0,547869000.0,-34228000.0,513641000.0,9671093000.0,145700000.0,146075000.0,146736000.0
Genuine Parts Co,GPC,,40987,2019.0,Q2TTM,2018-07-01,2019-06-30,,5.42,5.42,2.97,252952000.0,5.38,,268057000.0,791606000.0,791606000.0,791606000.0,12864664000.0,18997807000.0,20711000.0,52822000.0,,4754120000.0,12885375000.0,6112432000.0,98519000.0,5007072000.0,1105360000.0,-45697000.0,1059663000.0,18997807000.0,145700000.0,146075000.0,146736000.0
Genuine Parts Co,GPC,,40987,2019.0,Q2,2019-04-01,2019-06-30,2019-07-19 13:46:01+00:00,1.54,1.54,0.7625,66154000.0,1.53,,77699000.0,224430000.0,224430000.0,224430000.0,3335679000.0,4934260000.0,5962000.0,15873000.0,,1216913000.0,3341641000.0,1592619000.0,23296000.0,1283067000.0,309552000.0,-7423000.0,302129000.0,4934260000.0,145700000.0,146075000.0,146736000.0
Genuine Parts Co,GPC,,40987,2019.0,Q1,2019-01-01,2019-03-31,2020-05-06 15:22:30+00:00,1.1,1.1,0.7625,61977000.0,1.09,,51262000.0,160250000.0,160250000.0,160250000.0,3228665000.0,4736833000.0,3969000.0,-2922000.0,0.0,1203905000.0,3232634000.0,1504199000.0,23883000.0,1265882000.0,238317000.0,-26805000.0,211512000.0,4736833000.0,145700000.0,145981000.0,146694000.0
Genuine Parts Co,GPC,,40987,2019.0,Q1TTM,2018-04-01,2019-03-31,,5.43,5.43,2.92,245249000.0,5.39,,263657000.0,794148000.0,794148000.0,794148000.0,12829464000.0,18885612000.0,18415000.0,52444000.0,,4685424000.0,12847879000.0,6037733000.0,101699000.0,4930673000.0,1107060000.0,-49255000.0,1057805000.0,18885612000.0,145700000.0,145981000.0,146694000.0
Genuine Parts Co,GPC,,40987,2020.0,Q1TTM,2019-04-01,2020-03-31,,4.1,4.1,3.08,278754000.0,4.09,81968000.0,200363000.0,597370000.0,597370000.0,597370000.0,12906112000.0,19215004000.0,18236000.0,37224000.0,113623000.0,4963005000.0,12924348000.0,6290656000.0,92797000.0,5437350000.0,853306000.0,-55573000.0,797733000.0,19215004000.0,145300000.0,145052000.0,145623000.0
Genuine Parts Co,GPC,,40987,2020.0,Q1,2020-01-01,2020-03-31,2020-05-06 15:22:30+00:00,0.94,0.94,0.79,70443000.0,0.94,,42410000.0,136535000.0,136535000.0,136535000.0,3058741000.0,4559532000.0,7300000.0,11048000.0,1439000.0,1232743000.0,3066041000.0,1493491000.0,20969000.0,1304625000.0,188866000.0,-9921000.0,178945000.0,4559532000.0,145300000.0,145052000.0,145623000.0
