company_name,company_ticker,company_lei,company_cik,year,quarter,start_date,end_date,filing_date,amortizationexpense,basicdilutedeps,basiceps,cashdividendspershare,dilutedeps,impairmentexpense,incometaxexpense,netincome,netincomecontinuing,netincomediscontinued,netincometocommon,operatingcostofrevenue,operatingrevenue,otheradjustmentstonetincometocommon,otherincome,otherrevenue,sgaexpense,totalcostofrevenue,totalgrossprofit,totalinterestexpense,totaloperatingexpenses,totaloperatingincome,totalotherincome,totalpretaxincome,totalrevenue,weightedavebasicdilutedsharesos,weightedavebasicsharesos,weightedavedilutedsharesos
Anthem Inc,ANTM,8MYN82XMYQH89CTMTH67,1156039,2007.0,FY,2007-01-01,2007-12-31,2010-02-18 15:30:26+00:00,290700000.0,5.64,5.64,,5.56,0.0,1912500000.0,3345400000.0,3345400000.0,,3345400000.0,46469900000.0,61156700000.0,,,11200000.0,8701500000.0,46469900000.0,14698000000.0,447900000.0,8992200000.0,5705800000.0,-447900000.0,5257900000.0,61167900000.0,593200000.0,593200000.0,601700000.0
Anthem Inc,ANTM,8MYN82XMYQH89CTMTH67,1156039,2008.0,FY,2008-01-01,2008-12-31,2010-02-18 15:30:26+00:00,286100000.0,4.79,4.79,,4.76,141400000.0,631700000.0,2490700000.0,2490700000.0,,2490700000.0,48210900000.0,62430300000.0,,,-1179200000.0,9020500000.0,48210900000.0,13040200000.0,469800000.0,9448000000.0,3592200000.0,-469800000.0,3122400000.0,61251100000.0,520000000.0,520000000.0,523300000.0
Anthem Inc,ANTM,8MYN82XMYQH89CTMTH67,1156039,2008.0,Q3,2008-07-01,2008-09-30,2009-10-28 16:14:27+00:00,71900000.0,1.61,1.61,,1.6,141400000.0,-271300000.0,820700000.0,820700000.0,,820700000.0,11859700000.0,15523600000.0,,,-562600000.0,2220200000.0,11859700000.0,3101300000.0,118400000.0,2433500000.0,667800000.0,-118400000.0,549400000.0,14961000000.0,509800000.0,509800000.0,512900000.0
Anthem Inc,ANTM,8MYN82XMYQH89CTMTH67,1156039,2008.0,Q2,2008-04-01,2008-06-30,2009-07-29 16:42:31+00:00,71600000.0,,1.44,,1.44,,435500000.0,750500000.0,750500000.0,,750500000.0,12074100000.0,15694600000.0,,,-27800000.0,2218600000.0,12074100000.0,3592700000.0,116500000.0,2290200000.0,1302500000.0,-116500000.0,1186000000.0,15666800000.0,,521200000.0,521200000.0
Anthem Inc,ANTM,8MYN82XMYQH89CTMTH67,1156039,2009.0,Q4,2009-10-01,2009-12-31,,65500000.0,7.24,5.8,,5.76,57000000.0,1597900000.0,2741800000.0,2741800000.0,,2741800000.0,12342000000.0,18962400000.0,,,-4500000.0,2050000000.0,12342000000.0,6615900000.0,103700000.0,2172500000.0,4443400000.0,-103700000.0,4339700000.0,18957900000.0,476300000.0,476300000.0,476300000.0
Anthem Inc,ANTM,8MYN82XMYQH89CTMTH67,1156039,2009.0,FY,2009-01-01,2009-12-31,2012-02-22 16:09:42+00:00,266000000.0,9.96,9.96,,9.88,262500000.0,2657100000.0,4745900000.0,4745900000.0,,4745900000.0,47541300000.0,65333300000.0,,,-393800000.0,9019300000.0,47541300000.0,17398200000.0,447400000.0,9547800000.0,7850400000.0,-447400000.0,7403000000.0,64939500000.0,476300000.0,476300000.0,476300000.0
Anthem Inc,ANTM,8MYN82XMYQH89CTMTH67,1156039,2009.0,Q3YTD,2009-01-01,2009-09-30,,200500000.0,2.72,4.16,,4.12,205500000.0,1059200000.0,2004100000.0,2004100000.0,,2004100000.0,35199300000.0,46370900000.0,,,-389300000.0,6969300000.0,35199300000.0,10782300000.0,343700000.0,7375300000.0,3407000000.0,-343700000.0,3063300000.0,45981600000.0,471100000.0,471100000.0,477300000.0
Anthem Inc,ANTM,8MYN82XMYQH89CTMTH67,1156039,2009.0,Q3,2009-07-01,2009-09-30,2009-10-28 16:14:27+00:00,66000000.0,1.55,1.55,,1.53,205500000.0,387000000.0,730200000.0,730200000.0,,730200000.0,11528900000.0,15403600000.0,,,21500000.0,2396900000.0,11528900000.0,3896200000.0,110600000.0,2668400000.0,1227800000.0,-110600000.0,1117200000.0,15425100000.0,471100000.0,471100000.0,477300000.0
Anthem Inc,ANTM,8MYN82XMYQH89CTMTH67,1156039,2009.0,Q2YTD,2009-01-01,2009-06-30,,134500000.0,1.17,2.61,,2.59,,672200000.0,1273900000.0,1273900000.0,,1273900000.0,23670400000.0,30967300000.0,,,-410800000.0,4572400000.0,23670400000.0,6886100000.0,233100000.0,4706900000.0,2179200000.0,-233100000.0,1946100000.0,30556500000.0,,481600000.0,485000000.0
Anthem Inc,ANTM,8MYN82XMYQH89CTMTH67,1156039,2009.0,Q2,2009-04-01,2009-06-30,2009-07-29 16:42:31+00:00,66600000.0,,1.44,,1.43,,359000000.0,693500000.0,693500000.0,,693500000.0,11833600000.0,15471500000.0,,,-58300000.0,2343500000.0,11833600000.0,3579600000.0,117000000.0,2410100000.0,1169500000.0,-117000000.0,1052500000.0,15413200000.0,,481600000.0,485000000.0
Anthem Inc,ANTM,8MYN82XMYQH89CTMTH67,1156039,2009.0,Q1,2009-01-01,2009-03-31,2010-04-28 12:15:47+00:00,67900000.0,1.17,1.17,,1.16,,313200000.0,580400000.0,580400000.0,,580400000.0,11836800000.0,15495800000.0,,,-352500000.0,2228900000.0,11836800000.0,3306500000.0,116100000.0,2296800000.0,1009700000.0,-116100000.0,893600000.0,15143300000.0,496100000.0,496100000.0,500300000.0
Anthem Inc,ANTM,8MYN82XMYQH89CTMTH67,1156039,2010.0,Q4,2010-10-01,2010-12-31,,59700000.0,1.45,1.45,,1.43,,203300000.0,548800000.0,548800000.0,,548800000.0,11359300000.0,14507400000.0,,,37200000.0,2260500000.0,11359300000.0,3185300000.0,113000000.0,2320200000.0,865100000.0,-113000000.0,752100000.0,14544600000.0,410900000.0,410900000.0,410900000.0
Anthem Inc,ANTM,8MYN82XMYQH89CTMTH67,1156039,2010.0,FY,2010-01-01,2010-12-31,2013-02-22 13:56:49+00:00,241700000.0,7.03,7.03,0.0,6.94,21100000.0,1466700000.0,2887100000.0,2887100000.0,,2887100000.0,44930400000.0,58543800000.0,,,154700000.0,8732600000.0,44930400000.0,13768100000.0,418900000.0,8995400000.0,4772700000.0,-418900000.0,4353800000.0,58698500000.0,410900000.0,410900000.0,410900000.0
Anthem Inc,ANTM,8MYN82XMYQH89CTMTH67,1156039,2010.0,Q3YTD,2010-01-01,2010-09-30,,182000000.0,5.58,5.58,,5.51,21100000.0,1263400000.0,2338300000.0,2338300000.0,,2338300000.0,33571100000.0,44036400000.0,,,117500000.0,6472100000.0,33571100000.0,10582800000.0,305900000.0,6675200000.0,3907600000.0,-305900000.0,3601700000.0,44153900000.0,397400000.0,397400000.0,401700000.0
Anthem Inc,ANTM,8MYN82XMYQH89CTMTH67,1156039,2010.0,Q3TTM,2009-10-01,2010-09-30,,247500000.0,12.82,11.38,,11.27,78100000.0,2861300000.0,5080100000.0,5080100000.0,,5080100000.0,45913100000.0,62998800000.0,,,113000000.0,8522100000.0,45913100000.0,17198700000.0,409600000.0,8847700000.0,8351000000.0,-409600000.0,7941400000.0,63111800000.0,397400000.0,397400000.0,401700000.0
Anthem Inc,ANTM,8MYN82XMYQH89CTMTH67,1156039,2010.0,Q3,2010-07-01,2010-09-30,2010-11-03 13:55:24+00:00,60400000.0,1.86,1.86,,1.84,0.0,397700000.0,739100000.0,739100000.0,,739100000.0,11204700000.0,14539800000.0,,,58400000.0,2090000000.0,11204700000.0,3393500000.0,106300000.0,2150400000.0,1243100000.0,-106300000.0,1136800000.0,14598200000.0,397400000.0,397400000.0,401700000.0
Anthem Inc,ANTM,8MYN82XMYQH89CTMTH67,1156039,2010.0,Q2YTD,2010-01-01,2010-06-30,,121600000.0,3.72,3.72,,3.67,21100000.0,865700000.0,1599200000.0,1599200000.0,,1599200000.0,22366400000.0,29496600000.0,,,59100000.0,4382100000.0,22366400000.0,7189300000.0,199600000.0,4524800000.0,2664500000.0,-199600000.0,2464900000.0,29555700000.0,417300000.0,417300000.0,417300000.0
Anthem Inc,ANTM,8MYN82XMYQH89CTMTH67,1156039,2010.0,Q2TTM,2009-07-01,2010-06-30,,253100000.0,12.51,11.07,,10.96,283600000.0,2850600000.0,5071200000.0,5071200000.0,,5071200000.0,46237300000.0,63862600000.0,,,76100000.0,8829000000.0,46237300000.0,17701400000.0,413900000.0,9365700000.0,8335700000.0,-413900000.0,7921800000.0,63938700000.0,417300000.0,417300000.0,417300000.0
Anthem Inc,ANTM,8MYN82XMYQH89CTMTH67,1156039,2010.0,Q2,2010-04-01,2010-06-30,2010-08-03 15:38:09+00:00,60900000.0,1.73,1.73,,1.71,,407200000.0,722400000.0,722400000.0,,722400000.0,10985000000.0,14426800000.0,,,30400000.0,2181500000.0,10985000000.0,3472200000.0,100200000.0,2242400000.0,1229800000.0,-100200000.0,1129600000.0,14457200000.0,417300000.0,417300000.0,417300000.0
Anthem Inc,ANTM,8MYN82XMYQH89CTMTH67,1156039,2010.0,Q1TTM,2009-04-01,2010-03-31,,258800000.0,10.78,10.78,,10.68,283600000.0,2802400000.0,5042300000.0,5042300000.0,,5042300000.0,47085900000.0,64907300000.0,,,-12600000.0,8991000000.0,47085900000.0,17808800000.0,430700000.0,9533400000.0,8275400000.0,-430700000.0,7844700000.0,64894700000.0,440600000.0,440600000.0,447300000.0
Anthem Inc,ANTM,8MYN82XMYQH89CTMTH67,1156039,2010.0,Q1,2010-01-01,2010-03-31,2010-04-28 12:15:47+00:00,60700000.0,1.99,1.99,,1.96,21100000.0,458500000.0,876800000.0,876800000.0,,876800000.0,11381400000.0,15069800000.0,,,28700000.0,2200600000.0,11381400000.0,3717100000.0,99400000.0,2282400000.0,1434700000.0,-99400000.0,1335300000.0,15098500000.0,440600000.0,440600000.0,447300000.0
Anthem Inc,ANTM,8MYN82XMYQH89CTMTH67,1156039,2011.0,Q4,2011-10-01,2011-12-31,,63900000.0,1.03,1.03,0.25,1.02,,142900000.0,335300000.0,335300000.0,,335300000.0,12434600000.0,15335700000.0,,,-18000000.0,2228400000.0,12434600000.0,2883100000.0,112600000.0,2292300000.0,590800000.0,-112600000.0,478200000.0,15317700000.0,360200000.0,360200000.0,360200000.0
Anthem Inc,ANTM,8MYN82XMYQH89CTMTH67,1156039,2011.0,FY,2011-01-01,2011-12-31,2014-02-20 14:47:43+00:00,239400000.0,7.35,7.35,1.0,7.25,,1311200000.0,2646700000.0,2646700000.0,0.0,2646700000.0,47647500000.0,60568900000.0,,,141800000.0,8435600000.0,47647500000.0,13063200000.0,430300000.0,8675000000.0,4388200000.0,-430300000.0,3957900000.0,60710700000.0,360200000.0,360200000.0,360200000.0
Anthem Inc,ANTM,8MYN82XMYQH89CTMTH67,1156039,2011.0,Q3YTD,2011-01-01,2011-09-30,,175500000.0,6.32,6.32,0.75,6.23,,1168300000.0,2311400000.0,2311400000.0,,2311400000.0,35212900000.0,45233200000.0,,,159800000.0,6207200000.0,35212900000.0,10180100000.0,317700000.0,6382700000.0,3797400000.0,-317700000.0,3479700000.0,45393000000.0,356000000.0,356000000.0,356000000.0
Anthem Inc,ANTM,8MYN82XMYQH89CTMTH67,1156039,2011.0,Q3TTM,2010-10-01,2011-09-30,,235200000.0,7.77,7.77,0.75,7.66,,1371600000.0,2860200000.0,2860200000.0,,2860200000.0,46572200000.0,59740600000.0,,,197000000.0,8467700000.0,46572200000.0,13365400000.0,430700000.0,8702900000.0,4662500000.0,-430700000.0,4231800000.0,59937600000.0,356000000.0,356000000.0,356000000.0
Anthem Inc,ANTM,8MYN82XMYQH89CTMTH67,1156039,2011.0,Q3,2011-07-01,2011-09-30,2011-10-26 13:12:32+00:00,62100000.0,1.92,1.92,0.25,1.9,,362000000.0,683200000.0,683200000.0,,683200000.0,12062900000.0,15326000000.0,,,72000000.0,2119600000.0,12062900000.0,3335100000.0,108200000.0,2181700000.0,1153400000.0,-108200000.0,1045200000.0,15398000000.0,356000000.0,356000000.0,356000000.0
Anthem Inc,ANTM,8MYN82XMYQH89CTMTH67,1156039,2011.0,Q2YTD,2011-01-01,2011-06-30,,113400000.0,4.4,4.4,0.5,4.33,,806300000.0,1628200000.0,1628200000.0,,1628200000.0,23150000000.0,29907200000.0,,,87800000.0,4087600000.0,23150000000.0,6845000000.0,209500000.0,4201000000.0,2644000000.0,-209500000.0,2434500000.0,29995000000.0,366100000.0,366100000.0,366100000.0
Anthem Inc,ANTM,8MYN82XMYQH89CTMTH67,1156039,2011.0,Q2TTM,2010-07-01,2011-06-30,,233500000.0,7.71,7.71,0.5,7.6,,1407300000.0,2916100000.0,2916100000.0,,2916100000.0,45714000000.0,58954400000.0,,,183400000.0,8438100000.0,45714000000.0,13423800000.0,428800000.0,8671600000.0,4752200000.0,-428800000.0,4323400000.0,59137800000.0,366100000.0,366100000.0,366100000.0
Anthem Inc,ANTM,8MYN82XMYQH89CTMTH67,1156039,2011.0,Q2,2011-04-01,2011-06-30,2011-07-27 11:07:03+00:00,56600000.0,1.92,1.92,0.25,1.89,,305800000.0,701600000.0,701600000.0,,701600000.0,11922000000.0,15067600000.0,,,33100000.0,2011100000.0,11922000000.0,3178700000.0,103600000.0,2067700000.0,1111000000.0,-103600000.0,1007400000.0,15100700000.0,366100000.0,366100000.0,366100000.0
Anthem Inc,ANTM,8MYN82XMYQH89CTMTH67,1156039,2011.0,Q1TTM,2010-04-01,2011-03-31,,237800000.0,7.52,7.52,0.25,7.42,,1508700000.0,2936900000.0,2936900000.0,,2936900000.0,44777000000.0,58313600000.0,,,180700000.0,8608500000.0,44777000000.0,13717300000.0,425400000.0,8846300000.0,4871000000.0,-425400000.0,4445600000.0,58494300000.0,374000000.0,374000000.0,374000000.0
Anthem Inc,ANTM,8MYN82XMYQH89CTMTH67,1156039,2011.0,Q1,2011-01-01,2011-03-31,2011-04-27 11:39:51+00:00,56800000.0,2.48,2.48,0.25,2.44,,500500000.0,926600000.0,926600000.0,,926600000.0,11228000000.0,14839600000.0,,,54700000.0,2076500000.0,11228000000.0,3666300000.0,105900000.0,2133300000.0,1533000000.0,-105900000.0,1427100000.0,14894300000.0,374000000.0,374000000.0,374000000.0
Anthem Inc,ANTM,8MYN82XMYQH89CTMTH67,1156039,2012.0,Q4,2012-10-01,2012-12-31,,233000000.0,8.26,8.26,1.15,8.18,,1207300000.0,2655500000.0,2651000000.0,4500000.0,2655500000.0,48213600000.0,61200100000.0,,,297100000.0,8680500000.0,48213600000.0,13283600000.0,511800000.0,8913500000.0,4370100000.0,-511800000.0,3858300000.0,61497200000.0,321500000.0,321500000.0,321500000.0
Anthem Inc,ANTM,8MYN82XMYQH89CTMTH67,1156039,2012.0,FY,2012-01-01,2012-12-31,2015-02-24 13:20:29+00:00,233000000.0,8.26,8.26,1.15,8.18,,1207300000.0,2655500000.0,2651000000.0,4500000.0,2655500000.0,48213600000.0,61200100000.0,,,297100000.0,8680500000.0,48213600000.0,13283600000.0,511800000.0,8913500000.0,4370100000.0,-511800000.0,3858300000.0,61497200000.0,321500000.0,321500000.0,321500000.0
Anthem Inc,ANTM,8MYN82XMYQH89CTMTH67,1156039,2012.0,Q3YTD,2012-01-01,2012-09-30,,182100000.0,4.13,6.69,0.86,6.62,,1192800000.0,2191300000.0,2191300000.0,,2191300000.0,35923000000.0,45964200000.0,,,211400000.0,6326100000.0,35923000000.0,10252600000.0,360300000.0,6508200000.0,3744400000.0,-360300000.0,3384100000.0,46175600000.0,318900000.0,318900000.0,318900000.0
Anthem Inc,ANTM,8MYN82XMYQH89CTMTH67,1156039,2012.0,Q3TTM,2011-10-01,2012-09-30,,246000000.0,11.48,7.72,1.11,7.64,,1335700000.0,2526600000.0,2526600000.0,,2526600000.0,48357600000.0,61299900000.0,,,193400000.0,8554500000.0,48357600000.0,13135700000.0,472900000.0,8800500000.0,4335200000.0,-472900000.0,3862300000.0,61493300000.0,318900000.0,318900000.0,318900000.0
Anthem Inc,ANTM,8MYN82XMYQH89CTMTH67,1156039,2012.0,Q2YTD,2012-01-01,2012-06-30,,118200000.0,1.96,4.52,0.58,4.47,,858300000.0,1500100000.0,1500100000.0,,1500100000.0,23871700000.0,30661900000.0,,,160600000.0,4247500000.0,23871700000.0,6950800000.0,226700000.0,4365700000.0,2585100000.0,-226700000.0,2358400000.0,30822500000.0,327700000.0,327700000.0,327700000.0
Anthem Inc,ANTM,8MYN82XMYQH89CTMTH67,1156039,2012.0,Q2TTM,2011-07-01,2012-06-30,,244200000.0,9.31,7.47,1.08,7.39,,1363200000.0,2518600000.0,2518600000.0,,2518600000.0,48369200000.0,61323600000.0,,,214600000.0,8595500000.0,48369200000.0,13169000000.0,447500000.0,8839700000.0,4329300000.0,-447500000.0,3881800000.0,61538200000.0,327700000.0,327700000.0,327700000.0
Anthem Inc,ANTM,8MYN82XMYQH89CTMTH67,1156039,2012.0,Q1TTM,2011-04-01,2012-03-31,,241300000.0,7.35,7.43,1.04,7.34,,1264000000.0,2576600000.0,2576600000.0,,2576600000.0,48191400000.0,61048500000.0,,,183100000.0,8524800000.0,48191400000.0,13040200000.0,433500000.0,8766100000.0,4274100000.0,-433500000.0,3840600000.0,61231600000.0,,334600000.0,338500000.0
Anthem Inc,ANTM,8MYN82XMYQH89CTMTH67,1156039,2013.0,Q4,2013-10-01,2013-12-31,,43100000.0,3.46,0.54,0.38,0.51,,167000000.0,148200000.0,292800000.0,-144600000.0,148200000.0,14384800000.0,17491200000.0,,,79700000.0,2537400000.0,14384800000.0,3186100000.0,145800000.0,2580500000.0,605600000.0,-145800000.0,459800000.0,17570900000.0,298500000.0,298500000.0,298500000.0
Anthem Inc,ANTM,8MYN82XMYQH89CTMTH67,1156039,2013.0,FY,2013-01-01,2013-12-31,2015-02-24 13:20:29+00:00,245300000.0,8.34,8.34,1.5,8.2,,1205900000.0,2489700000.0,2634300000.0,-144600000.0,2489700000.0,56237100000.0,70850500000.0,,,173000000.0,9952900000.0,56237100000.0,14786400000.0,748000000.0,10198200000.0,4588200000.0,-748000000.0,3840200000.0,71023500000.0,298500000.0,298500000.0,298500000.0
Anthem Inc,ANTM,8MYN82XMYQH89CTMTH67,1156039,2013.0,Q3YTD,2013-01-01,2013-09-30,,202200000.0,4.88,7.8,1.13,7.69,,1038900000.0,2341500000.0,2341500000.0,,2341500000.0,41852300000.0,53359300000.0,,,93300000.0,7415500000.0,41852300000.0,11600300000.0,602200000.0,7617700000.0,3982600000.0,-602200000.0,3380400000.0,53452600000.0,297400000.0,297400000.0,297400000.0
Anthem Inc,ANTM,8MYN82XMYQH89CTMTH67,1156039,2013.0,Q3TTM,2012-10-01,2013-09-30,,435200000.0,13.14,16.06,2.28,15.87,,2246200000.0,4997000000.0,4992500000.0,4500000.0,4997000000.0,90065900000.0,114559400000.0,,,390400000.0,16096000000.0,90065900000.0,24883900000.0,1114000000.0,16531200000.0,8352700000.0,-1114000000.0,7238700000.0,114949800000.0,297400000.0,297400000.0,297400000.0
Anthem Inc,ANTM,8MYN82XMYQH89CTMTH67,1156039,2013.0,Q3,2013-07-01,2013-09-30,2013-10-23 14:12:58+00:00,66600000.0,2.21,2.21,0.375,2.16,,226600000.0,656200000.0,656200000.0,,656200000.0,14143600000.0,17900600000.0,,,69200000.0,2580000000.0,14143600000.0,3826200000.0,296800000.0,2646600000.0,1179600000.0,-296800000.0,882800000.0,17969800000.0,297400000.0,297400000.0,297400000.0
Anthem Inc,ANTM,8MYN82XMYQH89CTMTH67,1156039,2013.0,Q2YTD,2013-01-01,2013-06-30,,135600000.0,2.67,5.59,0.75,5.53,,812300000.0,1685300000.0,1685300000.0,,1685300000.0,27708700000.0,35458700000.0,,,24100000.0,4835500000.0,27708700000.0,7774100000.0,305400000.0,4971100000.0,2803000000.0,-305400000.0,2497600000.0,35482800000.0,299500000.0,299500000.0,299500000.0
Anthem Inc,ANTM,8MYN82XMYQH89CTMTH67,1156039,2013.0,Q2TTM,2012-07-01,2013-06-30,,368600000.0,10.93,13.85,1.9,13.71,,2019600000.0,4340800000.0,4336300000.0,4500000.0,4340800000.0,75922300000.0,96658800000.0,,,321200000.0,13516000000.0,75922300000.0,21057700000.0,817200000.0,13884600000.0,7173100000.0,-817200000.0,6355900000.0,96980000000.0,299500000.0,299500000.0,299500000.0
Anthem Inc,ANTM,8MYN82XMYQH89CTMTH67,1156039,2013.0,Q2,2013-04-01,2013-06-30,2013-07-24 14:07:15+00:00,67700000.0,2.67,2.67,0.375,2.64,,410400000.0,800100000.0,800100000.0,,800100000.0,13895000000.0,17750400000.0,,,45200000.0,2470500000.0,13895000000.0,3900600000.0,151900000.0,2538200000.0,1362400000.0,-151900000.0,1210500000.0,17795600000.0,299500000.0,299500000.0,299500000.0
Anthem Inc,ANTM,8MYN82XMYQH89CTMTH67,1156039,2013.0,Q1TTM,2012-04-01,2013-03-31,,300900000.0,8.26,11.18,1.53,11.07,,1609200000.0,3540700000.0,3536200000.0,4500000.0,3540700000.0,62027300000.0,78908400000.0,,,276000000.0,11045500000.0,62027300000.0,17157100000.0,665300000.0,11346400000.0,5810700000.0,-665300000.0,5145400000.0,79184400000.0,,303200000.0,306300000.0
Anthem Inc,ANTM,8MYN82XMYQH89CTMTH67,1156039,2013.0,Q1,2013-01-01,2013-03-31,2013-04-24 15:23:22+00:00,67900000.0,,2.92,0.375,2.89,,401900000.0,885200000.0,885200000.0,,885200000.0,13813700000.0,17708300000.0,,,-21100000.0,2365000000.0,13813700000.0,3873500000.0,153500000.0,2432900000.0,1440600000.0,-153500000.0,1287100000.0,17687200000.0,,303200000.0,306300000.0
Anthem Inc,ANTM,8MYN82XMYQH89CTMTH67,1156039,2014.0,FY,2014-01-01,2014-12-31,2017-02-22 13:09:22+00:00,220900000.0,9.31,9.31,1.75,8.99,,1808000000.0,2569700000.0,2560100000.0,9600000.0,2569700000.0,56854900000.0,73746100000.0,,,128000000.0,11748400000.0,56854900000.0,17019200000.0,681800000.0,11969300000.0,5049900000.0,-681800000.0,4368100000.0,73874100000.0,275900000.0,275900000.0,275900000.0
Anthem Inc,ANTM,8MYN82XMYQH89CTMTH67,1156039,2014.0,Q4,2014-10-01,2014-12-31,,106600000.0,4.54,1.9,0.88,1.81,,380400000.0,506700000.0,506700000.0,,1237800000.0,28979200000.0,37438300000.0,-731100000.0,-1263700000.0,19400000.0,3032800000.0,28979200000.0,8478500000.0,302500000.0,6025200000.0,2453300000.0,-302500000.0,887100000.0,37457700000.0,275900000.0,275900000.0,275900000.0
Anthem Inc,ANTM,8MYN82XMYQH89CTMTH67,1156039,2014.0,Q3YTD,2014-01-01,2014-09-30,,114300000.0,4.77,7.41,0.88,7.18,,1427600000.0,2063000000.0,2053400000.0,9600000.0,1331900000.0,27875700000.0,36307800000.0,731100000.0,1263700000.0,108600000.0,8715600000.0,27875700000.0,8540700000.0,379300000.0,5944100000.0,2596600000.0,-379300000.0,3481000000.0,36416400000.0,273000000.0,273000000.0,273000000.0
Anthem Inc,ANTM,8MYN82XMYQH89CTMTH67,1156039,2014.0,Q3TTM,2013-10-01,2014-09-30,,157400000.0,8.23,7.95,1.25,7.69,,1594600000.0,2211200000.0,2346200000.0,-135000000.0,1480100000.0,42260500000.0,54053300000.0,731100000.0,1263700000.0,188300000.0,11253000000.0,42260500000.0,11726800000.0,525100000.0,8524600000.0,3202200000.0,-525100000.0,3940800000.0,53987300000.0,273000000.0,273000000.0,273000000.0
Anthem Inc,ANTM,8MYN82XMYQH89CTMTH67,1156039,2014.0,Q3,2014-07-01,2014-09-30,2015-10-28 11:23:33+00:00,60300000.0,2.31,2.31,0.4375,2.22,,456300000.0,630900000.0,630900000.0,0.0,630900000.0,14211100000.0,18545100000.0,,,11900000.0,2968300000.0,14211100000.0,4345900000.0,230100000.0,3028600000.0,1317300000.0,-230100000.0,1087200000.0,18557000000.0,273000000.0,273000000.0,273000000.0
Anthem Inc,ANTM,8MYN82XMYQH89CTMTH67,1156039,2014.0,Q2YTD,2014-01-01,2014-06-30,,108000000.0,5.1,5.1,0.88,4.96,,971300000.0,1432100000.0,1422500000.0,9600000.0,1432100000.0,27785900000.0,36247000000.0,,,85800000.0,5747300000.0,27785900000.0,8546900000.0,297800000.0,5855300000.0,2691600000.0,-297800000.0,2393800000.0,36332800000.0,276800000.0,276800000.0,276800000.0
Anthem Inc,ANTM,8MYN82XMYQH89CTMTH67,1156039,2014.0,Q2TTM,2013-07-01,2014-06-30,,229000000.0,7.85,7.85,1.63,7.63,,1358200000.0,2236500000.0,2385200000.0,-148700000.0,2236500000.0,56441700000.0,71855300000.0,,,234700000.0,10935500000.0,56441700000.0,15648300000.0,740400000.0,11164500000.0,4483800000.0,-740400000.0,3743400000.0,72090000000.0,276800000.0,276800000.0,276800000.0
Anthem Inc,ANTM,8MYN82XMYQH89CTMTH67,1156039,2014.0,Q1TTM,2013-04-01,2014-03-31,,231400000.0,10.8,7.88,1.56,7.71,,1242700000.0,2305500000.0,2440500000.0,-135000000.0,2305500000.0,56088000000.0,70970700000.0,,,225000000.0,10449400000.0,56088000000.0,15107700000.0,743700000.0,10680800000.0,4426900000.0,-743700000.0,3683200000.0,71195700000.0,284900000.0,284900000.0,284900000.0
Anthem Inc,ANTM,8MYN82XMYQH89CTMTH67,1156039,2014.0,Q1,2014-01-01,2014-03-31,2015-04-29 10:38:37+00:00,54000000.0,2.46,2.46,0.4375,2.4,,438700000.0,701000000.0,691400000.0,9600000.0,701000000.0,13664600000.0,17828500000.0,,,30900000.0,2861500000.0,13664600000.0,4194800000.0,149200000.0,2915500000.0,1279300000.0,-149200000.0,1130100000.0,17859400000.0,284900000.0,284900000.0,284900000.0
Anthem Inc,ANTM,8MYN82XMYQH89CTMTH67,1156039,2015.0,FY,2015-01-01,2015-12-31,2018-02-21 14:02:53+00:00,230100000.0,9.73,9.73,2.5,9.38,,2071000000.0,2560000000.0,2560000000.0,,2560000000.0,61116900000.0,79082400000.0,,,74100000.0,12534800000.0,61116900000.0,18039600000.0,643700000.0,12764900000.0,5274700000.0,-643700000.0,4631000000.0,79156500000.0,263000000.0,263000000.0,263000000.0
Anthem Inc,ANTM,8MYN82XMYQH89CTMTH67,1156039,2015.0,Q4,2015-10-01,2015-12-31,,57500000.0,0.7,0.7,0.63,0.73,,193400000.0,180900000.0,180900000.0,,180900000.0,16315500000.0,20185800000.0,,,2100000.0,3268400000.0,16315500000.0,3872400000.0,172200000.0,3325900000.0,546500000.0,-172200000.0,374300000.0,20187900000.0,263000000.0,263000000.0,263000000.0
Anthem Inc,ANTM,8MYN82XMYQH89CTMTH67,1156039,2015.0,Q3,2015-07-01,2015-09-30,2016-11-02 10:46:45+00:00,60000000.0,2.51,2.51,0.625,2.43,,474800000.0,654800000.0,654800000.0,,654800000.0,15469100000.0,19932600000.0,,,-31000000.0,3080400000.0,15469100000.0,4432500000.0,162500000.0,3140400000.0,1292100000.0,-162500000.0,1129600000.0,19901600000.0,261300000.0,261300000.0,261300000.0
Anthem Inc,ANTM,8MYN82XMYQH89CTMTH67,1156039,2015.0,Q3YTD,2015-01-01,2015-09-30,,172600000.0,9.03,9.03,1.88,8.65,,1877600000.0,2379100000.0,2379100000.0,,2379100000.0,44801400000.0,58896600000.0,,,72000000.0,9266400000.0,44801400000.0,14167200000.0,471500000.0,9439000000.0,4728200000.0,-471500000.0,4256700000.0,58968600000.0,261300000.0,261300000.0,261300000.0
Anthem Inc,ANTM,8MYN82XMYQH89CTMTH67,1156039,2015.0,Q3TTM,2014-10-01,2015-09-30,,225200000.0,10.93,10.93,2.31,10.46,,2258000000.0,2885800000.0,2885800000.0,,2885800000.0,59659300000.0,77850600000.0,,,102300000.0,12299200000.0,59659300000.0,18293600000.0,625400000.0,12524400000.0,5769200000.0,-625400000.0,5143800000.0,77952900000.0,261300000.0,261300000.0,261300000.0
Anthem Inc,ANTM,8MYN82XMYQH89CTMTH67,1156039,2015.0,Q2,2015-04-01,2015-06-30,2016-07-27 11:38:41+00:00,60100000.0,3.27,3.27,0.625,3.13,,698900000.0,859100000.0,859100000.0,,859100000.0,15205400000.0,19945000000.0,,,70500000.0,3040800000.0,15205400000.0,4810100000.0,151200000.0,3100900000.0,1709200000.0,-151200000.0,1558000000.0,20015500000.0,263100000.0,263100000.0,263100000.0
Anthem Inc,ANTM,8MYN82XMYQH89CTMTH67,1156039,2015.0,Q2YTD,2015-01-01,2015-06-30,,112600000.0,6.52,6.52,1.25,6.22,,1402800000.0,1724300000.0,1724300000.0,,1724300000.0,29332300000.0,38964000000.0,,,103000000.0,6186000000.0,29332300000.0,9734700000.0,309000000.0,6298600000.0,3436100000.0,-309000000.0,3127100000.0,39067000000.0,263100000.0,263100000.0,263100000.0
Anthem Inc,ANTM,8MYN82XMYQH89CTMTH67,1156039,2015.0,Q2TTM,2014-07-01,2015-06-30,,225500000.0,10.73,10.73,2.13,10.25,,2239500000.0,2861900000.0,2861900000.0,,2861900000.0,58401300000.0,76463100000.0,,,145200000.0,12187100000.0,58401300000.0,18207000000.0,693000000.0,12412600000.0,5794400000.0,-693000000.0,5101400000.0,76608300000.0,263100000.0,263100000.0,263100000.0
Anthem Inc,ANTM,8MYN82XMYQH89CTMTH67,1156039,2015.0,Q1,2015-01-01,2015-03-31,2016-04-27 10:52:32+00:00,52500000.0,3.25,3.25,0.625,3.09,,703900000.0,865200000.0,865200000.0,,865200000.0,14126900000.0,19019000000.0,,,32500000.0,3145200000.0,14126900000.0,4924600000.0,157800000.0,3197700000.0,1726900000.0,-157800000.0,1569100000.0,19051500000.0,266600000.0,266600000.0,266600000.0
Anthem Inc,ANTM,8MYN82XMYQH89CTMTH67,1156039,2015.0,Q1TTM,2014-04-01,2015-03-31,,219400000.0,10.1,10.1,1.94,9.68,,2073200000.0,2733900000.0,2733900000.0,,2733900000.0,57317200000.0,74936600000.0,,,129600000.0,12032100000.0,57317200000.0,17749000000.0,690400000.0,12251500000.0,5497500000.0,-690400000.0,4807100000.0,75066200000.0,266600000.0,266600000.0,266600000.0
Anthem Inc,ANTM,8MYN82XMYQH89CTMTH67,1156039,2016.0,FY,2016-01-01,2016-12-31,2019-02-20 14:53:10+00:00,192000000.0,9.39,9.39,2.6,9.21,,2085000000.0,2470000000.0,2470000000.0,,2470000000.0,66834000000.0,84978000000.0,,-12559000000.0,-115000000.0,,66834000000.0,18029000000.0,723000000.0,192000000.0,17837000000.0,-13282000000.0,4555000000.0,84863000000.0,262900000.0,262900000.0,262900000.0
Anthem Inc,ANTM,8MYN82XMYQH89CTMTH67,1156039,2016.0,Q4,2016-10-01,2016-12-31,,46300000.0,1.38,1.38,0.65,1.37,,289600000.0,368600000.0,368600000.0,,368600000.0,17567500000.0,21702000000.0,,-12559000000.0,12400000.0,-9293900000.0,17567500000.0,4146900000.0,177300000.0,-9247600000.0,13394500000.0,-12736300000.0,658200000.0,21714400000.0,262900000.0,262900000.0,262900000.0
Anthem Inc,ANTM,8MYN82XMYQH89CTMTH67,1156039,2016.0,Q3,2016-07-01,2016-09-30,2017-10-25 12:18:22+00:00,47400000.0,2.35,2.35,0.65,2.3,,518700000.0,617800000.0,617800000.0,,617800000.0,16922500000.0,21326100000.0,,,77800000.0,3124600000.0,16922500000.0,4481400000.0,172900000.0,3172000000.0,1309400000.0,-172900000.0,1136500000.0,21403900000.0,263200000.0,263200000.0,263200000.0
Anthem Inc,ANTM,8MYN82XMYQH89CTMTH67,1156039,2016.0,Q3YTD,2016-01-01,2016-09-30,,145700000.0,8.01,8.01,1.95,7.84,,1795400000.0,2101400000.0,2101400000.0,,2101400000.0,49266500000.0,63276000000.0,,,-127400000.0,9293900000.0,49266500000.0,13882100000.0,545700000.0,9439600000.0,4442500000.0,-545700000.0,3896800000.0,63148600000.0,263200000.0,263200000.0,263200000.0
Anthem Inc,ANTM,8MYN82XMYQH89CTMTH67,1156039,2016.0,Q3TTM,2015-10-01,2016-09-30,,203200000.0,8.71,8.71,2.58,8.57,,1988800000.0,2282300000.0,2282300000.0,,2282300000.0,65582000000.0,83461800000.0,,,-125300000.0,12562300000.0,65582000000.0,17754500000.0,717900000.0,12765500000.0,4989000000.0,-717900000.0,4271100000.0,83336500000.0,263200000.0,263200000.0,263200000.0
Anthem Inc,ANTM,8MYN82XMYQH89CTMTH67,1156039,2016.0,Q2,2016-04-01,2016-06-30,2017-07-26 10:22:45+00:00,47900000.0,2.97,2.97,0.65,2.91,,667700000.0,780600000.0,780600000.0,,780600000.0,16805200000.0,21469400000.0,,,-13200000.0,2969100000.0,16805200000.0,4651000000.0,185700000.0,3017000000.0,1634000000.0,-185700000.0,1448300000.0,21456200000.0,263000000.0,263000000.0,263000000.0
Anthem Inc,ANTM,8MYN82XMYQH89CTMTH67,1156039,2016.0,Q2YTD,2016-01-01,2016-06-30,,98300000.0,5.66,5.66,1.3,5.54,,1276700000.0,1483600000.0,1483600000.0,,1483600000.0,32344000000.0,41949900000.0,,,-205200000.0,6169300000.0,32344000000.0,9400700000.0,372800000.0,6267600000.0,3133100000.0,-372800000.0,2760300000.0,41744700000.0,263000000.0,263000000.0,263000000.0
Anthem Inc,ANTM,8MYN82XMYQH89CTMTH67,1156039,2016.0,Q2TTM,2015-07-01,2016-06-30,,215800000.0,8.87,8.87,2.55,8.7,,1944900000.0,2319300000.0,2319300000.0,,2319300000.0,64128600000.0,82068300000.0,,,-234100000.0,12518100000.0,64128600000.0,17705600000.0,707500000.0,12733900000.0,4971700000.0,-707500000.0,4264200000.0,81834200000.0,263000000.0,263000000.0,263000000.0
Anthem Inc,ANTM,8MYN82XMYQH89CTMTH67,1156039,2016.0,Q1,2016-01-01,2016-03-31,2017-04-26 10:17:05+00:00,50400000.0,2.69,2.69,0.65,2.63,,609000000.0,703000000.0,703000000.0,,703000000.0,15538800000.0,20480500000.0,,,-192000000.0,3200200000.0,15538800000.0,4749700000.0,187100000.0,3250600000.0,1499100000.0,-187100000.0,1312000000.0,20288500000.0,261800000.0,261800000.0,261800000.0
Anthem Inc,ANTM,8MYN82XMYQH89CTMTH67,1156039,2016.0,Q1TTM,2015-04-01,2016-03-31,,228000000.0,9.17,9.17,2.53,8.92,,1976100000.0,2397800000.0,2397800000.0,,2397800000.0,62528800000.0,80543900000.0,,,-150400000.0,12589800000.0,62528800000.0,17864700000.0,673000000.0,12817800000.0,5046900000.0,-673000000.0,4373900000.0,80393500000.0,261800000.0,261800000.0,261800000.0
Anthem Inc,ANTM,8MYN82XMYQH89CTMTH67,1156039,2017.0,FY,2017-01-01,2017-12-31,2020-02-19 15:14:06+00:00,169000000.0,14.7,14.7,2.7,14.35,,121000000.0,3843000000.0,3843000000.0,,3843000000.0,72236000000.0,84660000000.0,,5413000000.0,-33000000.0,12650000000.0,72236000000.0,12391000000.0,1021000000.0,12819000000.0,-428000000.0,4392000000.0,3964000000.0,84627000000.0,261500000.0,261500000.0,261500000.0
Anthem Inc,ANTM,8MYN82XMYQH89CTMTH67,1156039,2017.0,Q4,2017-10-01,2017-12-31,,44600000.0,4.78,4.78,0.7,4.66,,-1106500000.0,1230800000.0,1230800000.0,,1230800000.0,18672000000.0,17418100000.0,,5413000000.0,-150200000.0,3393900000.0,18672000000.0,-1404100000.0,446100000.0,3438500000.0,-4842600000.0,4966900000.0,124300000.0,17267900000.0,261500000.0,261500000.0,261500000.0
Anthem Inc,ANTM,8MYN82XMYQH89CTMTH67,1156039,2017.0,Q3,2017-07-01,2017-09-30,2018-10-31 15:21:07+00:00,42000000.0,2.87,2.87,0.7,2.8,,372000000.0,747000000.0,747000000.0,,747000000.0,18104000000.0,22317000000.0,,,109000000.0,3011000000.0,18104000000.0,4322000000.0,150000000.0,3053000000.0,1269000000.0,-150000000.0,1119000000.0,22426000000.0,260500000.0,260500000.0,260500000.0
Anthem Inc,ANTM,8MYN82XMYQH89CTMTH67,1156039,2017.0,Q3YTD,2017-01-01,2017-09-30,,124400000.0,9.92,9.92,2.0,9.69,,1227500000.0,2612200000.0,2612200000.0,,2612200000.0,53564000000.0,67241900000.0,,,117200000.0,9256100000.0,53564000000.0,13795100000.0,574900000.0,9380500000.0,4414600000.0,-574900000.0,3839700000.0,67359100000.0,260500000.0,260500000.0,260500000.0
Anthem Inc,ANTM,8MYN82XMYQH89CTMTH67,1156039,2017.0,Q3TTM,2016-10-01,2017-09-30,,170700000.0,11.3,11.3,2.65,11.06,,1517100000.0,2980800000.0,2980800000.0,,2980800000.0,71131500000.0,88943900000.0,,-12559000000.0,129600000.0,-37800000.0,71131500000.0,17942000000.0,752200000.0,132900000.0,17809100000.0,-13311200000.0,4497900000.0,89073500000.0,260500000.0,260500000.0,260500000.0
Anthem Inc,ANTM,8MYN82XMYQH89CTMTH67,1156039,2017.0,Q2,2017-04-01,2017-06-30,2018-07-25 12:22:40+00:00,40600000.0,3.23,3.23,0.65,3.16,,350400000.0,855300000.0,855300000.0,,855300000.0,17917200000.0,22398200000.0,,,9000000.0,3053800000.0,17917200000.0,4490000000.0,189900000.0,3094400000.0,1395600000.0,-189900000.0,1205700000.0,22407200000.0,264600000.0,264600000.0,264600000.0
Anthem Inc,ANTM,8MYN82XMYQH89CTMTH67,1156039,2017.0,Q2YTD,2017-01-01,2017-06-30,,82400000.0,7.05,7.05,1.3,6.89,,855500000.0,1865200000.0,1865200000.0,,1865200000.0,35460000000.0,44924900000.0,,,8200000.0,6245100000.0,35460000000.0,9473100000.0,424900000.0,6327500000.0,3145600000.0,-424900000.0,2720700000.0,44933100000.0,264600000.0,264600000.0,264600000.0
Anthem Inc,ANTM,8MYN82XMYQH89CTMTH67,1156039,2017.0,Q2TTM,2016-07-01,2017-06-30,,176100000.0,10.78,10.78,2.6,10.56,,1663800000.0,2851600000.0,2851600000.0,,2851600000.0,69950000000.0,87953000000.0,,-12559000000.0,98400000.0,75800000.0,69950000000.0,18101400000.0,775100000.0,251900000.0,17849500000.0,-13334100000.0,4515400000.0,88051400000.0,264600000.0,264600000.0,264600000.0
Anthem Inc,ANTM,8MYN82XMYQH89CTMTH67,1156039,2017.0,Q1,2017-01-01,2017-03-31,2018-04-25 12:36:51+00:00,41800000.0,3.82,3.82,0.65,3.73,,505100000.0,1009900000.0,1009900000.0,,1009900000.0,17542800000.0,22526700000.0,,,-800000.0,3191300000.0,17542800000.0,4983100000.0,235000000.0,3233100000.0,1750000000.0,-235000000.0,1515000000.0,22525900000.0,264400000.0,264400000.0,264400000.0
Anthem Inc,ANTM,8MYN82XMYQH89CTMTH67,1156039,2017.0,Q1TTM,2016-04-01,2017-03-31,,183400000.0,10.52,10.52,2.6,10.31,,1981100000.0,2776900000.0,2776900000.0,,2776900000.0,68838000000.0,87024200000.0,,-12559000000.0,76200000.0,-8900000.0,68838000000.0,18262400000.0,770900000.0,174500000.0,18087900000.0,-13329900000.0,4758000000.0,87100400000.0,264400000.0,264400000.0,264400000.0
Anthem Inc,ANTM,8MYN82XMYQH89CTMTH67,1156039,2018.0,FY,2018-01-01,2018-12-31,2020-02-19 15:14:06+00:00,358000000.0,14.53,14.53,3.0,14.19,,1318000000.0,3750000000.0,3750000000.0,,3750000000.0,71895000000.0,86211000000.0,,5920000000.0,-26000000.0,14020000000.0,71895000000.0,14290000000.0,764000000.0,14378000000.0,-88000000.0,5156000000.0,5068000000.0,86185000000.0,258100000.0,258100000.0,258100000.0
Anthem Inc,ANTM,8MYN82XMYQH89CTMTH67,1156039,2018.0,Q4,2018-10-01,2018-12-31,,94000000.0,1.63,1.63,0.75,1.6,,118000000.0,424000000.0,424000000.0,,424000000.0,18936000000.0,17461000000.0,,16322000000.0,-8000000.0,14020000000.0,18936000000.0,-1483000000.0,183000000.0,14114000000.0,-15597000000.0,16139000000.0,542000000.0,17453000000.0,258100000.0,258100000.0,258100000.0
Anthem Inc,ANTM,8MYN82XMYQH89CTMTH67,1156039,2018.0,Q3,2018-07-01,2018-09-30,2019-10-23 11:38:12+00:00,91000000.0,3.7,3.7,0.75,3.62,,282000000.0,960000000.0,960000000.0,,960000000.0,18185000000.0,23257000000.0,,-3546000000.0,-6000000.0,,18185000000.0,5066000000.0,187000000.0,91000000.0,4975000000.0,-3733000000.0,1242000000.0,23251000000.0,259500000.0,259500000.0,259500000.0
Anthem Inc,ANTM,8MYN82XMYQH89CTMTH67,1156039,2018.0,Q3YTD,2018-01-01,2018-09-30,,264000000.0,12.9,12.9,2.25,12.59,,1200000000.0,3326000000.0,3326000000.0,,3326000000.0,52959000000.0,68750000000.0,,-10402000000.0,-18000000.0,,52959000000.0,15773000000.0,581000000.0,264000000.0,15509000000.0,-10983000000.0,4526000000.0,68732000000.0,259500000.0,259500000.0,259500000.0
Anthem Inc,ANTM,8MYN82XMYQH89CTMTH67,1156039,2018.0,Q3TTM,2017-10-01,2018-09-30,,308600000.0,17.68,17.68,2.95,17.25,,93500000.0,4556800000.0,4556800000.0,,4556800000.0,71631000000.0,86168100000.0,,-4989000000.0,-168200000.0,3393900000.0,71631000000.0,14368900000.0,1027100000.0,3702500000.0,10666400000.0,-6016100000.0,4650300000.0,85999900000.0,259500000.0,259500000.0,259500000.0
Anthem Inc,ANTM,8MYN82XMYQH89CTMTH67,1156039,2018.0,Q2,2018-04-01,2018-06-30,2019-07-24 12:07:21+00:00,93000000.0,4.07,4.07,0.75,3.98,,450000000.0,1054000000.0,1054000000.0,,1054000000.0,17728000000.0,22948000000.0,,-3428000000.0,-4000000.0,,17728000000.0,5216000000.0,191000000.0,93000000.0,5123000000.0,-3619000000.0,1504000000.0,22944000000.0,259000000.0,259000000.0,264800000.0
Anthem Inc,ANTM,8MYN82XMYQH89CTMTH67,1156039,2018.0,Q2YTD,2018-01-01,2018-06-30,,173000000.0,9.2,9.2,1.5,8.97,,918000000.0,2366000000.0,2366000000.0,,2366000000.0,34774000000.0,45493000000.0,,-6856000000.0,-12000000.0,,34774000000.0,10707000000.0,394000000.0,173000000.0,10534000000.0,-7250000000.0,3284000000.0,45481000000.0,259000000.0,259000000.0,264800000.0
Anthem Inc,ANTM,8MYN82XMYQH89CTMTH67,1156039,2018.0,Q2TTM,2017-07-01,2018-06-30,,259600000.0,16.85,16.85,2.9,16.43,,183500000.0,4343800000.0,4343800000.0,,4343800000.0,71550000000.0,85228100000.0,,-1443000000.0,-53200000.0,6404900000.0,71550000000.0,13624900000.0,990100000.0,6664500000.0,6960400000.0,-2433100000.0,4527300000.0,85174900000.0,259000000.0,259000000.0,264800000.0
Anthem Inc,ANTM,8MYN82XMYQH89CTMTH67,1156039,2018.0,Q1,2018-01-01,2018-03-31,2019-04-24 13:36:28+00:00,80000000.0,5.13,5.13,0.75,4.99,,468000000.0,1312000000.0,1312000000.0,,1312000000.0,17046000000.0,22545000000.0,,-3428000000.0,-8000000.0,,17046000000.0,5491000000.0,203000000.0,80000000.0,5411000000.0,-3631000000.0,1780000000.0,22537000000.0,255800000.0,255800000.0,255800000.0
Anthem Inc,ANTM,8MYN82XMYQH89CTMTH67,1156039,2018.0,Q1TTM,2017-04-01,2018-03-31,,207200000.0,16.01,16.01,2.8,15.61,,83900000.0,4145100000.0,4145100000.0,,4145100000.0,71739200000.0,84678300000.0,,1985000000.0,-40200000.0,9458700000.0,71739200000.0,12898900000.0,989000000.0,9665900000.0,3233000000.0,996000000.0,4229000000.0,84638100000.0,255800000.0,255800000.0,255800000.0
Anthem Inc,ANTM,8MYN82XMYQH89CTMTH67,1156039,2019.0,Q4,2019-10-01,2019-12-31,,82000000.0,3.7,3.7,0.8,3.65,,164000000.0,934000000.0,934000000.0,,934000000.0,22532000000.0,18456000000.0,,15664000000.0,-17000000.0,10198000000.0,22532000000.0,-4093000000.0,193000000.0,10280000000.0,-14373000000.0,15471000000.0,1098000000.0,18439000000.0,255500000.0,255500000.0,255500000.0
Anthem Inc,ANTM,8MYN82XMYQH89CTMTH67,1156039,2019.0,FY,2019-01-01,2019-12-31,2020-02-19 15:14:06+00:00,338000000.0,18.81,18.81,3.2,18.47,,1178000000.0,4807000000.0,4807000000.0,,4807000000.0,83778000000.0,95292000000.0,,8968000000.0,-47000000.0,13364000000.0,83778000000.0,11467000000.0,748000000.0,13702000000.0,-2235000000.0,8220000000.0,5985000000.0,95245000000.0,255500000.0,255500000.0,255500000.0
Anthem Inc,ANTM,8MYN82XMYQH89CTMTH67,1156039,2019.0,Q3YTD,2019-01-01,2019-09-30,,256000000.0,15.11,15.11,2.4,14.82,,1014000000.0,3873000000.0,3873000000.0,,3873000000.0,61246000000.0,76836000000.0,,-6696000000.0,-30000000.0,3166000000.0,61246000000.0,15560000000.0,555000000.0,3422000000.0,12138000000.0,-7251000000.0,4887000000.0,76806000000.0,255200000.0,255200000.0,255200000.0
Anthem Inc,ANTM,8MYN82XMYQH89CTMTH67,1156039,2019.0,Q3TTM,2018-10-01,2019-09-30,,350000000.0,16.74,16.74,3.15,16.42,,1132000000.0,4297000000.0,4297000000.0,,4297000000.0,80182000000.0,94297000000.0,,9626000000.0,-38000000.0,17186000000.0,80182000000.0,14077000000.0,738000000.0,17536000000.0,-3459000000.0,8888000000.0,5429000000.0,94259000000.0,255200000.0,255200000.0,255200000.0
Anthem Inc,ANTM,8MYN82XMYQH89CTMTH67,1156039,2019.0,Q3,2019-07-01,2019-09-30,2019-10-23 11:38:12+00:00,84000000.0,4.64,4.64,0.8,4.55,,306000000.0,1183000000.0,1183000000.0,,1183000000.0,21498000000.0,26687000000.0,,-3418000000.0,-13000000.0,,21498000000.0,5176000000.0,185000000.0,84000000.0,5092000000.0,-3603000000.0,1489000000.0,26674000000.0,255200000.0,255200000.0,255200000.0
Anthem Inc,ANTM,8MYN82XMYQH89CTMTH67,1156039,2019.0,Q2YTD,2019-01-01,2019-06-30,,172000000.0,10.47,10.47,1.6,10.27,,708000000.0,2690000000.0,2690000000.0,,2690000000.0,39748000000.0,50149000000.0,,-3278000000.0,-17000000.0,3166000000.0,39748000000.0,10384000000.0,370000000.0,3338000000.0,7046000000.0,-3648000000.0,3398000000.0,50132000000.0,256500000.0,256500000.0,261200000.0
Anthem Inc,ANTM,8MYN82XMYQH89CTMTH67,1156039,2019.0,Q2TTM,2018-07-01,2019-06-30,,357000000.0,15.8,15.8,3.1,15.49,,1108000000.0,4074000000.0,4074000000.0,,4074000000.0,76869000000.0,90867000000.0,,9498000000.0,-31000000.0,17186000000.0,76869000000.0,13967000000.0,740000000.0,17543000000.0,-3576000000.0,8758000000.0,5182000000.0,90836000000.0,256500000.0,256500000.0,261200000.0
Anthem Inc,ANTM,8MYN82XMYQH89CTMTH67,1156039,2019.0,Q2,2019-04-01,2019-06-30,2019-07-24 12:07:21+00:00,85000000.0,4.44,4.44,0.8,4.36,,314000000.0,1139000000.0,1139000000.0,,1139000000.0,20466000000.0,25473000000.0,,-3278000000.0,-7000000.0,,20466000000.0,5000000000.0,184000000.0,85000000.0,4915000000.0,-3462000000.0,1453000000.0,25466000000.0,256500000.0,256500000.0,261200000.0
Anthem Inc,ANTM,8MYN82XMYQH89CTMTH67,1156039,2019.0,Q1,2019-01-01,2019-03-31,2020-04-29 14:39:56+00:00,87000000.0,6.03,6.03,0.8,5.91,,394000000.0,1551000000.0,1551000000.0,,1551000000.0,19282000000.0,24676000000.0,,,-10000000.0,3166000000.0,19282000000.0,5384000000.0,186000000.0,3253000000.0,2131000000.0,-186000000.0,1945000000.0,24666000000.0,257200000.0,257200000.0,262400000.0
Anthem Inc,ANTM,8MYN82XMYQH89CTMTH67,1156039,2019.0,Q1TTM,2018-04-01,2019-03-31,,365000000.0,15.43,15.43,3.05,15.11,,1244000000.0,3989000000.0,3989000000.0,,3989000000.0,74131000000.0,88342000000.0,,9348000000.0,-28000000.0,17186000000.0,74131000000.0,14183000000.0,747000000.0,17551000000.0,-3368000000.0,8601000000.0,5233000000.0,88314000000.0,257200000.0,257200000.0,262400000.0
Anthem Inc,ANTM,8MYN82XMYQH89CTMTH67,1156039,2020.0,Q1,2020-01-01,2020-03-31,2020-04-29 14:39:56+00:00,83000000.0,6.03,6.03,0.95,5.94,,566000000.0,1523000000.0,1523000000.0,,1523000000.0,23473000000.0,29678000000.0,,,-57000000.0,3781000000.0,23473000000.0,6148000000.0,195000000.0,3864000000.0,2284000000.0,-195000000.0,2089000000.0,29621000000.0,252600000.0,252600000.0,256400000.0
Anthem Inc,ANTM,8MYN82XMYQH89CTMTH67,1156039,2020.0,Q1TTM,2019-04-01,2020-03-31,,334000000.0,18.81,18.81,3.35,18.5,,1350000000.0,4779000000.0,4779000000.0,,4779000000.0,87969000000.0,100294000000.0,,8968000000.0,-94000000.0,13979000000.0,87969000000.0,12231000000.0,757000000.0,14313000000.0,-2082000000.0,8211000000.0,6129000000.0,100200000000.0,252600000.0,252600000.0,256400000.0
