company_name,company_ticker,company_lei,company_cik,year,quarter,start_date,end_date,filing_date,basicdilutedeps,basiceps,cashdividendspershare,depreciationexpense,dilutedeps,impairmentexpense,incometaxexpense,marketingexpense,netincome,netincomecontinuing,netincomediscontinued,netincometocommon,netincometononcontrollinginterest,operatingcostofrevenue,operatingrevenue,otheradjustmentstoconsolidatednetincome,otheradjustmentstonetincometocommon,othergains,otherincome,otheroperatingexpenses,otherrevenue,otherspecialcharges,preferreddividends,totalcostofrevenue,totalgrossprofit,totalinterestexpense,totaloperatingexpenses,totaloperatingincome,totalotherincome,totalpretaxincome,totalrevenue,weightedavebasicdilutedsharesos,weightedavebasicsharesos,weightedavedilutedsharesos
Ameren Corp,AEE,XRZQ5S7HYJFPHJ78L959,1002910,2007.0,FY,2007-01-01,2007-12-31,2010-02-26 17:20:43+00:00,2.98,2.98,2.54,681000000.0,2.98,,330000000.0,,656000000.0,656000000.0,,618000000.0,38000000.0,5141000000.0,7562000000.0,,,,50000000.0,381000000.0,,,,5141000000.0,2421000000.0,423000000.0,1062000000.0,1359000000.0,-373000000.0,986000000.0,7562000000.0,207400000.0,207400000.0,207400000.0
Ameren Corp,AEE,XRZQ5S7HYJFPHJ78L959,1002910,2008.0,FY,2008-01-01,2008-12-31,2011-02-24 12:28:24+00:00,2.88,2.88,2.54,685000000.0,2.88,14000000.0,327000000.0,,644000000.0,644000000.0,,605000000.0,39000000.0,5404000000.0,7869000000.0,,,,49000000.0,404000000.0,,,,5404000000.0,2465000000.0,440000000.0,1103000000.0,1362000000.0,-391000000.0,971000000.0,7869000000.0,210100000.0,210100000.0,210100000.0
Ameren Corp,AEE,XRZQ5S7HYJFPHJ78L959,1002910,2008.0,Q3,2008-07-01,2008-09-30,2009-11-09 13:49:01+00:00,0.97,0.97,0.635,173000000.0,0.97,,113000000.0,,215000000.0,215000000.0,,204000000.0,11000000.0,1361000000.0,2060000000.0,,,,13000000.0,98000000.0,,0.0,,1361000000.0,699000000.0,113000000.0,271000000.0,428000000.0,-100000000.0,328000000.0,2060000000.0,210300000.0,210300000.0,210300000.0
Ameren Corp,AEE,XRZQ5S7HYJFPHJ78L959,1002910,2008.0,Q2,2008-04-01,2008-06-30,2009-08-10 14:44:20+00:00,0.98,0.98,0.635,171000000.0,0.98,,119000000.0,89000000.0,217000000.0,217000000.0,,206000000.0,,1147000000.0,1790000000.0,,11000000.0,,11000000.0,,,-60000000.0,,1147000000.0,643000000.0,118000000.0,200000000.0,443000000.0,-107000000.0,336000000.0,1790000000.0,210200000.0,209500000.0,210200000.0
Ameren Corp,AEE,XRZQ5S7HYJFPHJ78L959,1002910,2009.0,Q4,2009-10-01,2009-12-31,,0.31,0.31,0.39,184000000.0,0.31,7000000.0,44000000.0,,82000000.0,82000000.0,,79000000.0,3000000.0,1175000000.0,1720000000.0,,,,13000000.0,109000000.0,,,,1175000000.0,545000000.0,132000000.0,300000000.0,245000000.0,-119000000.0,126000000.0,1720000000.0,220100000.0,220400000.0,220100000.0
Ameren Corp,AEE,XRZQ5S7HYJFPHJ78L959,1002910,2009.0,FY,2009-01-01,2009-12-31,2012-02-28 16:43:40+00:00,2.78,2.78,1.54,725000000.0,2.78,7000000.0,332000000.0,,624000000.0,624000000.0,,612000000.0,12000000.0,4567000000.0,7135000000.0,,,,48000000.0,420000000.0,,,,4567000000.0,2568000000.0,508000000.0,1152000000.0,1416000000.0,-460000000.0,956000000.0,7135000000.0,220100000.0,220400000.0,220100000.0
Ameren Corp,AEE,XRZQ5S7HYJFPHJ78L959,1002910,2009.0,Q3,2009-07-01,2009-09-30,2010-11-08 17:24:24+00:00,1.04,1.04,0.385,185000000.0,1.04,0.0,135000000.0,,229000000.0,229000000.0,,227000000.0,2000000.0,1041000000.0,1815000000.0,,,,13000000.0,104000000.0,,,,1041000000.0,774000000.0,134000000.0,289000000.0,485000000.0,-121000000.0,364000000.0,1815000000.0,218300000.0,218200000.0,218300000.0
Ameren Corp,AEE,XRZQ5S7HYJFPHJ78L959,1002910,2009.0,Q3YTD,2009-01-01,2009-09-30,,2.47,2.47,1.16,541000000.0,2.47,,288000000.0,,542000000.0,542000000.0,,533000000.0,9000000.0,3392000000.0,5415000000.0,,,,35000000.0,311000000.0,,,,3392000000.0,2023000000.0,376000000.0,852000000.0,1171000000.0,-341000000.0,830000000.0,5415000000.0,218300000.0,218200000.0,218300000.0
Ameren Corp,AEE,XRZQ5S7HYJFPHJ78L959,1002910,2009.0,Q2,2009-04-01,2009-06-30,2010-08-09 15:16:59+00:00,0.77,0.77,0.385,182000000.0,0.77,,83000000.0,,168000000.0,168000000.0,,165000000.0,3000000.0,1040000000.0,1684000000.0,,,,10000000.0,97000000.0,,,,1040000000.0,644000000.0,124000000.0,279000000.0,365000000.0,-114000000.0,251000000.0,1684000000.0,214300000.0,213600000.0,214300000.0
Ameren Corp,AEE,XRZQ5S7HYJFPHJ78L959,1002910,2009.0,Q2YTD,2009-01-01,2009-06-30,,1.43,1.43,0.77,356000000.0,1.43,,153000000.0,,313000000.0,313000000.0,,306000000.0,7000000.0,2351000000.0,3600000000.0,,,,22000000.0,207000000.0,,,,2351000000.0,1249000000.0,242000000.0,563000000.0,686000000.0,-220000000.0,466000000.0,3600000000.0,214300000.0,213600000.0,214300000.0
Ameren Corp,AEE,XRZQ5S7HYJFPHJ78L959,1002910,2009.0,Q1,2009-01-01,2009-03-31,2010-05-10 12:23:52+00:00,0.66,0.66,0.385,174000000.0,0.66,,70000000.0,,145000000.0,145000000.0,,141000000.0,4000000.0,1311000000.0,1916000000.0,,,,12000000.0,110000000.0,,,,1311000000.0,605000000.0,118000000.0,284000000.0,321000000.0,-106000000.0,215000000.0,1916000000.0,213600000.0,212700000.0,213600000.0
Ameren Corp,AEE,XRZQ5S7HYJFPHJ78L959,1002910,2010.0,Q4,2010-10-01,2010-12-31,,0.21,0.21,0.39,194000000.0,0.21,,30000000.0,,54000000.0,174000000.0,,-448000000.0,2000000.0,1207000000.0,1840000000.0,-120000000.0,504000000.0,,126000000.0,241000000.0,,,-4000000.0,1207000000.0,633000000.0,120000000.0,435000000.0,198000000.0,6000000.0,204000000.0,1840000000.0,239700000.0,238800000.0,239700000.0
Ameren Corp,AEE,XRZQ5S7HYJFPHJ78L959,1002910,2010.0,FY,2010-01-01,2010-12-31,2013-03-01 12:15:39+00:00,0.58,0.58,1.54,765000000.0,0.58,589000000.0,325000000.0,,151000000.0,151000000.0,,139000000.0,12000000.0,4919000000.0,7638000000.0,,,,57000000.0,449000000.0,,,,4919000000.0,2719000000.0,497000000.0,1803000000.0,916000000.0,-440000000.0,476000000.0,7638000000.0,239700000.0,238800000.0,239700000.0
Ameren Corp,AEE,XRZQ5S7HYJFPHJ78L959,1002910,2010.0,Q3,2010-07-01,2010-09-30,2011-11-08 15:41:26+00:00,-0.7,-0.7,0.385,194000000.0,-0.7,589000000.0,137000000.0,,-164000000.0,-284000000.0,,165000000.0,3000000.0,1276000000.0,2133000000.0,120000000.0,-332000000.0,,-106000000.0,-15000000.0,,,0.0,1276000000.0,857000000.0,130000000.0,768000000.0,89000000.0,-236000000.0,-147000000.0,2133000000.0,-235700000.0,239300000.0,-235700000.0
Ameren Corp,AEE,XRZQ5S7HYJFPHJ78L959,1002910,2010.0,Q3YTD,2010-01-01,2010-09-30,,0.37,0.37,1.16,571000000.0,0.37,589000000.0,295000000.0,,97000000.0,-23000000.0,,587000000.0,10000000.0,3712000000.0,5798000000.0,120000000.0,-504000000.0,,-69000000.0,208000000.0,,,4000000.0,3712000000.0,2086000000.0,377000000.0,1368000000.0,718000000.0,-446000000.0,272000000.0,5798000000.0,-235700000.0,239300000.0,-235700000.0
Ameren Corp,AEE,XRZQ5S7HYJFPHJ78L959,1002910,2010.0,Q3TTM,2009-10-01,2010-09-30,,0.68,0.68,1.54,755000000.0,0.68,596000000.0,339000000.0,,179000000.0,59000000.0,,666000000.0,13000000.0,4887000000.0,7518000000.0,120000000.0,-504000000.0,,-56000000.0,317000000.0,,,4000000.0,4887000000.0,2631000000.0,509000000.0,1668000000.0,963000000.0,-565000000.0,398000000.0,7518000000.0,-235700000.0,239300000.0,-235700000.0
Ameren Corp,AEE,XRZQ5S7HYJFPHJ78L959,1002910,2010.0,Q2YTD,2010-01-01,2010-06-30,,1.07,1.07,0.77,377000000.0,1.07,,158000000.0,,261000000.0,261000000.0,,422000000.0,7000000.0,2436000000.0,3665000000.0,,-172000000.0,,37000000.0,223000000.0,,,4000000.0,2436000000.0,1229000000.0,247000000.0,600000000.0,629000000.0,-210000000.0,419000000.0,3665000000.0,500000000.0,238400000.0,500000000.0
Ameren Corp,AEE,XRZQ5S7HYJFPHJ78L959,1002910,2010.0,Q2TTM,2009-07-01,2010-06-30,,2.42,2.42,1.54,746000000.0,2.42,7000000.0,337000000.0,,572000000.0,572000000.0,,728000000.0,12000000.0,4652000000.0,7200000000.0,,-172000000.0,,63000000.0,436000000.0,,,4000000.0,4652000000.0,2548000000.0,513000000.0,1189000000.0,1359000000.0,-450000000.0,909000000.0,7200000000.0,500000000.0,238400000.0,500000000.0
Ameren Corp,AEE,XRZQ5S7HYJFPHJ78L959,1002910,2010.0,Q1,2010-01-01,2010-03-31,2011-05-10 15:02:12+00:00,0.43,0.43,0.385,187000000.0,0.43,,75000000.0,,106000000.0,106000000.0,,102000000.0,4000000.0,1334000000.0,1940000000.0,,,,15000000.0,121000000.0,,,,1334000000.0,606000000.0,132000000.0,308000000.0,298000000.0,-117000000.0,181000000.0,1940000000.0,237200000.0,237600000.0,237200000.0
Ameren Corp,AEE,XRZQ5S7HYJFPHJ78L959,1002910,2010.0,Q1TTM,2009-04-01,2010-03-31,,2.55,2.55,1.54,738000000.0,2.55,7000000.0,337000000.0,,585000000.0,585000000.0,,573000000.0,12000000.0,4590000000.0,7159000000.0,,,,51000000.0,431000000.0,,,,4590000000.0,2569000000.0,522000000.0,1176000000.0,1393000000.0,-471000000.0,922000000.0,7159000000.0,237200000.0,237600000.0,237200000.0
Ameren Corp,AEE,XRZQ5S7HYJFPHJ78L959,1002910,2011.0,Q4,2011-10-01,2011-12-31,,0.11,0.11,0.4,58000000.0,0.11,-126000000.0,-39000000.0,,26000000.0,-63000000.0,89000000.0,-29000000.0,1000000.0,156000000.0,195000000.0,,54000000.0,,9000000.0,167000000.0,,,,156000000.0,39000000.0,51000000.0,99000000.0,-60000000.0,-42000000.0,-102000000.0,195000000.0,241400000.0,241500000.0,242100000.0
Ameren Corp,AEE,XRZQ5S7HYJFPHJ78L959,1002910,2011.0,FY,2011-01-01,2011-12-31,2014-03-03 11:59:22+00:00,2.15,2.15,1.555,643000000.0,2.15,,254000000.0,,526000000.0,437000000.0,89000000.0,519000000.0,7000000.0,3950000000.0,6148000000.0,,,,45000000.0,522000000.0,,,,3950000000.0,2198000000.0,387000000.0,1165000000.0,1033000000.0,-342000000.0,691000000.0,6148000000.0,241400000.0,241500000.0,242100000.0
Ameren Corp,AEE,XRZQ5S7HYJFPHJ78L959,1002910,2011.0,Q3,2011-07-01,2011-09-30,2012-11-09 13:11:50+00:00,1.18,1.18,0.385,196000000.0,1.18,124000000.0,163000000.0,,287000000.0,287000000.0,,285000000.0,2000000.0,1277000000.0,2268000000.0,,,,13000000.0,121000000.0,,,0.0,1277000000.0,991000000.0,113000000.0,441000000.0,550000000.0,-100000000.0,450000000.0,2268000000.0,241500000.0,241700000.0,241500000.0
Ameren Corp,AEE,XRZQ5S7HYJFPHJ78L959,1002910,2011.0,Q3YTD,2011-01-01,2011-09-30,,2.04,2.04,1.16,585000000.0,2.04,126000000.0,293000000.0,,500000000.0,500000000.0,,548000000.0,6000000.0,3794000000.0,5953000000.0,,-54000000.0,,36000000.0,355000000.0,,,,3794000000.0,2159000000.0,336000000.0,1066000000.0,1093000000.0,-300000000.0,793000000.0,5953000000.0,241500000.0,241700000.0,241500000.0
Ameren Corp,AEE,XRZQ5S7HYJFPHJ78L959,1002910,2011.0,Q3TTM,2010-10-01,2011-09-30,,2.25,2.25,1.54,779000000.0,2.25,126000000.0,323000000.0,,554000000.0,674000000.0,,100000000.0,8000000.0,5001000000.0,7793000000.0,-120000000.0,450000000.0,,162000000.0,596000000.0,,,-4000000.0,5001000000.0,2792000000.0,456000000.0,1501000000.0,1291000000.0,-294000000.0,997000000.0,7793000000.0,241500000.0,241700000.0,241500000.0
Ameren Corp,AEE,XRZQ5S7HYJFPHJ78L959,1002910,2011.0,Q2,2011-04-01,2011-06-30,2012-08-08 16:45:17+00:00,0.57,0.57,0.385,194000000.0,0.57,2000000.0,85000000.0,,139000000.0,139000000.0,,138000000.0,1000000.0,1160000000.0,1781000000.0,,,,12000000.0,109000000.0,,,0.0,1160000000.0,621000000.0,104000000.0,305000000.0,316000000.0,-92000000.0,224000000.0,1781000000.0,242100000.0,241200000.0,242100000.0
Ameren Corp,AEE,XRZQ5S7HYJFPHJ78L959,1002910,2011.0,Q2YTD,2011-01-01,2011-06-30,,0.86,0.86,0.77,389000000.0,0.86,2000000.0,130000000.0,,213000000.0,213000000.0,,263000000.0,4000000.0,2517000000.0,3685000000.0,,-54000000.0,,23000000.0,234000000.0,,,,2517000000.0,1168000000.0,223000000.0,625000000.0,543000000.0,-200000000.0,343000000.0,3685000000.0,242100000.0,241200000.0,242100000.0
Ameren Corp,AEE,XRZQ5S7HYJFPHJ78L959,1002910,2011.0,Q2TTM,2010-07-01,2011-06-30,,0.37,0.37,1.54,777000000.0,0.37,591000000.0,297000000.0,,103000000.0,103000000.0,,-20000000.0,9000000.0,5000000000.0,7658000000.0,,118000000.0,,43000000.0,460000000.0,,,-4000000.0,5000000000.0,2658000000.0,473000000.0,1828000000.0,830000000.0,-430000000.0,400000000.0,7658000000.0,242100000.0,241200000.0,242100000.0
Ameren Corp,AEE,XRZQ5S7HYJFPHJ78L959,1002910,2011.0,Q1,2011-01-01,2011-03-31,2012-05-10 11:25:28+00:00,0.29,0.29,0.385,195000000.0,0.29,0.0,45000000.0,,74000000.0,74000000.0,,125000000.0,3000000.0,1357000000.0,1904000000.0,,-54000000.0,,11000000.0,125000000.0,,,0.0,1357000000.0,547000000.0,119000000.0,320000000.0,227000000.0,-108000000.0,119000000.0,1904000000.0,431000000.0,240600000.0,431000000.0
Ameren Corp,AEE,XRZQ5S7HYJFPHJ78L959,1002910,2011.0,Q1TTM,2010-04-01,2011-03-31,,0.44,0.44,1.54,773000000.0,0.44,589000000.0,295000000.0,,119000000.0,119000000.0,,162000000.0,11000000.0,4942000000.0,7602000000.0,,-54000000.0,,53000000.0,453000000.0,,,,4942000000.0,2660000000.0,484000000.0,1815000000.0,845000000.0,-431000000.0,414000000.0,7602000000.0,431000000.0,240600000.0,431000000.0
Ameren Corp,AEE,XRZQ5S7HYJFPHJ78L959,1002910,2012.0,Q4,2012-10-01,2012-12-31,,-4.76,-4.76,0.4,838000000.0,-4.76,,355000000.0,,-592000000.0,1089000000.0,331000000.0,-1129000000.0,6000000.0,4347000000.0,7054000000.0,-2012000000.0,526000000.0,516000000.0,47000000.0,540000000.0,1000000.0,,5000000.0,4347000000.0,2708000000.0,449000000.0,1378000000.0,1330000000.0,-402000000.0,928000000.0,7055000000.0,104000000.0,242600000.0,243000000.0
Ameren Corp,AEE,XRZQ5S7HYJFPHJ78L959,1002910,2012.0,Q3YTD,2012-01-01,2012-09-30,,0.75,0.75,1.2,496000000.0,0.75,,298000000.0,,181000000.0,512000000.0,-331000000.0,712000000.0,-6000000.0,2610000000.0,4523000000.0,,-526000000.0,,25000000.0,337000000.0,,,1000000.0,2610000000.0,1913000000.0,295000000.0,833000000.0,1080000000.0,-270000000.0,810000000.0,4523000000.0,442200000.0,242600000.0,242900000.0
Ameren Corp,AEE,XRZQ5S7HYJFPHJ78L959,1002910,2012.0,Q3TTM,2011-10-01,2012-09-30,,0.86,0.86,1.6,554000000.0,0.86,-126000000.0,259000000.0,,207000000.0,449000000.0,-242000000.0,683000000.0,-5000000.0,2766000000.0,4718000000.0,,-472000000.0,,34000000.0,504000000.0,,,1000000.0,2766000000.0,1952000000.0,346000000.0,932000000.0,1020000000.0,-312000000.0,708000000.0,4718000000.0,442200000.0,242600000.0,242900000.0
Ameren Corp,AEE,XRZQ5S7HYJFPHJ78L959,1002910,2012.0,Q2YTD,2012-01-01,2012-06-30,,-0.79,-0.79,0.8,335000000.0,-0.79,,119000000.0,,-193000000.0,201000000.0,-394000000.0,31000000.0,-4000000.0,1754000000.0,2814000000.0,,-220000000.0,,14000000.0,223000000.0,,,,1754000000.0,1060000000.0,196000000.0,558000000.0,502000000.0,-182000000.0,320000000.0,2814000000.0,443700000.0,242600000.0,443700000.0
Ameren Corp,AEE,XRZQ5S7HYJFPHJ78L959,1002910,2012.0,Q2TTM,2011-07-01,2012-06-30,,0.5,0.5,1.59,589000000.0,0.5,-2000000.0,243000000.0,,120000000.0,425000000.0,-305000000.0,287000000.0,-1000000.0,3187000000.0,5277000000.0,,-166000000.0,,36000000.0,511000000.0,,,,3187000000.0,2090000000.0,360000000.0,1098000000.0,992000000.0,-324000000.0,668000000.0,5277000000.0,443700000.0,242600000.0,443700000.0
Ameren Corp,AEE,XRZQ5S7HYJFPHJ78L959,1002910,2012.0,Q1,2012-01-01,2012-03-31,2013-05-10 16:39:19+00:00,-1.66,-1.66,0.4,167000000.0,-1.66,,23000000.0,,-403000000.0,39000000.0,-442000000.0,-355000000.0,-2000000.0,974000000.0,1412000000.0,,-46000000.0,,2000000.0,113000000.0,,,0.0,974000000.0,438000000.0,98000000.0,280000000.0,158000000.0,-96000000.0,62000000.0,1412000000.0,213900000.0,242600000.0,213900000.0
Ameren Corp,AEE,XRZQ5S7HYJFPHJ78L959,1002910,2012.0,Q1TTM,2011-04-01,2012-03-31,,0.2,0.2,1.57,615000000.0,0.2,,232000000.0,,49000000.0,402000000.0,-353000000.0,39000000.0,2000000.0,3567000000.0,5656000000.0,,8000000.0,,36000000.0,510000000.0,,,,3567000000.0,2089000000.0,366000000.0,1125000000.0,964000000.0,-330000000.0,634000000.0,5656000000.0,213900000.0,242600000.0,213900000.0
Ameren Corp,AEE,XRZQ5S7HYJFPHJ78L959,1002910,2013.0,FY,2013-01-01,2013-12-31,2016-02-26 17:49:07+00:00,1.19,1.19,1.6,706000000.0,1.18,0.0,311000000.0,,295000000.0,1030000000.0,223000000.0,295000000.0,,3490000000.0,5838000000.0,-958000000.0,,512000000.0,43000000.0,458000000.0,,,,3490000000.0,2348000000.0,398000000.0,1164000000.0,1184000000.0,-355000000.0,829000000.0,5838000000.0,247900000.0,242600000.0,244500000.0
Ameren Corp,AEE,XRZQ5S7HYJFPHJ78L959,1002910,2013.0,Q4,2013-10-01,2013-12-31,,0.15,0.15,0.4,178000000.0,0.15,,23000000.0,,38000000.0,561000000.0,435000000.0,-28000000.0,-3000000.0,869000000.0,1322000000.0,-958000000.0,69000000.0,512000000.0,10000000.0,104000000.0,,,,869000000.0,453000000.0,109000000.0,282000000.0,171000000.0,-99000000.0,72000000.0,1322000000.0,247900000.0,242600000.0,244500000.0
Ameren Corp,AEE,XRZQ5S7HYJFPHJ78L959,1002910,2013.0,Q3YTD,2013-01-01,2013-09-30,,1.04,1.04,1.2,528000000.0,1.03,,288000000.0,,257000000.0,469000000.0,-212000000.0,323000000.0,3000000.0,2621000000.0,4516000000.0,,-69000000.0,,33000000.0,354000000.0,,,,2621000000.0,1895000000.0,289000000.0,882000000.0,1013000000.0,-256000000.0,757000000.0,4516000000.0,241600000.0,242600000.0,245100000.0
Ameren Corp,AEE,XRZQ5S7HYJFPHJ78L959,1002910,2013.0,Q3TTM,2012-10-01,2013-09-30,,-3.72,-3.72,1.6,1366000000.0,-3.73,,643000000.0,,-335000000.0,1558000000.0,119000000.0,-806000000.0,9000000.0,6968000000.0,11570000000.0,-2012000000.0,457000000.0,516000000.0,80000000.0,894000000.0,1000000.0,,5000000.0,6968000000.0,4603000000.0,738000000.0,2260000000.0,2343000000.0,-658000000.0,1685000000.0,11571000000.0,241600000.0,242600000.0,245100000.0
Ameren Corp,AEE,XRZQ5S7HYJFPHJ78L959,1002910,2013.0,Q3,2013-07-01,2013-09-30,2014-11-10 14:31:17+00:00,1.25,1.25,0.4,175000000.0,1.24,,187000000.0,,304000000.0,307000000.0,-3000000.0,302000000.0,2000000.0,775000000.0,1638000000.0,,,,15000000.0,121000000.0,,,,775000000.0,863000000.0,88000000.0,296000000.0,567000000.0,-73000000.0,494000000.0,1638000000.0,241600000.0,242600000.0,245100000.0
Ameren Corp,AEE,XRZQ5S7HYJFPHJ78L959,1002910,2013.0,Q2YTD,2013-01-01,2013-06-30,,-0.21,-0.21,0.8,353000000.0,-0.21,,101000000.0,,-47000000.0,162000000.0,-209000000.0,21000000.0,1000000.0,1846000000.0,2878000000.0,,-69000000.0,,18000000.0,233000000.0,,,,1846000000.0,1032000000.0,201000000.0,586000000.0,446000000.0,-183000000.0,263000000.0,2878000000.0,243600000.0,242600000.0,243600000.0
Ameren Corp,AEE,XRZQ5S7HYJFPHJ78L959,1002910,2013.0,Q2TTM,2012-07-01,2013-06-30,,-3.43,-3.43,1.6,1352000000.0,-3.43,,635000000.0,,-265000000.0,1562000000.0,185000000.0,-427000000.0,5000000.0,7049000000.0,11641000000.0,-2012000000.0,151000000.0,516000000.0,76000000.0,887000000.0,1000000.0,,6000000.0,7049000000.0,4593000000.0,749000000.0,2239000000.0,2354000000.0,-673000000.0,1681000000.0,11642000000.0,243600000.0,242600000.0,243600000.0
Ameren Corp,AEE,XRZQ5S7HYJFPHJ78L959,1002910,2013.0,Q2,2013-04-01,2013-06-30,2014-08-11 11:44:02+00:00,0.39,0.39,0.4,178000000.0,0.39,,66000000.0,,96000000.0,106000000.0,-10000000.0,95000000.0,1000000.0,853000000.0,1403000000.0,,,,11000000.0,111000000.0,,,,853000000.0,550000000.0,100000000.0,289000000.0,261000000.0,-89000000.0,172000000.0,1403000000.0,243600000.0,242600000.0,243600000.0
Ameren Corp,AEE,XRZQ5S7HYJFPHJ78L959,1002910,2013.0,Q1TTM,2012-04-01,2013-03-31,,-2.95,-2.95,1.6,1342000000.0,-2.95,,665000000.0,,-151000000.0,1618000000.0,243000000.0,-136000000.0,2000000.0,6976000000.0,11640000000.0,-2012000000.0,-23000000.0,516000000.0,77000000.0,886000000.0,1000000.0,,6000000.0,6976000000.0,4665000000.0,747000000.0,2228000000.0,2437000000.0,-670000000.0,1767000000.0,11641000000.0,123300000.0,242600000.0,123300000.0
Ameren Corp,AEE,XRZQ5S7HYJFPHJ78L959,1002910,2014.0,FY,2014-01-01,2014-12-31,2017-02-28 11:06:25+00:00,2.42,2.42,1.61,745000000.0,2.4,0.0,377000000.0,,592000000.0,1180000000.0,-1000000.0,592000000.0,,3586000000.0,6053000000.0,-586000000.0,,587000000.0,57000000.0,468000000.0,,,,3586000000.0,2467000000.0,341000000.0,1213000000.0,1254000000.0,-284000000.0,970000000.0,6053000000.0,244600000.0,242600000.0,244400000.0
Ameren Corp,AEE,XRZQ5S7HYJFPHJ78L959,1002910,2014.0,Q4,2014-10-01,2014-12-31,,0.2,0.2,0.41,15000000.0,0.19,,-44000000.0,,-149000000.0,634000000.0,2000000.0,-55000000.0,-2000000.0,-104000000.0,-221000000.0,-785000000.0,-90000000.0,689000000.0,8000000.0,-18000000.0,,,-2000000.0,-104000000.0,-117000000.0,-7000000.0,-3000000.0,-114000000.0,15000000.0,-99000000.0,-221000000.0,244600000.0,242600000.0,244400000.0
Ameren Corp,AEE,XRZQ5S7HYJFPHJ78L959,1002910,2014.0,Q3,2014-07-01,2014-09-30,2015-11-06 17:27:59+00:00,1.21,1.21,0.4,187000000.0,1.2,0.0,194000000.0,,295000000.0,296000000.0,-1000000.0,295000000.0,,801000000.0,1670000000.0,,,0.0,14000000.0,121000000.0,,,,801000000.0,869000000.0,85000000.0,308000000.0,561000000.0,-71000000.0,490000000.0,1670000000.0,243800000.0,242600000.0,244300000.0
Ameren Corp,AEE,XRZQ5S7HYJFPHJ78L959,1002910,2014.0,Q3YTD,2014-01-01,2014-09-30,,2.22,2.22,1.2,730000000.0,2.21,,421000000.0,,741000000.0,546000000.0,-3000000.0,647000000.0,2000000.0,3690000000.0,6274000000.0,198000000.0,90000000.0,-102000000.0,49000000.0,486000000.0,,,2000000.0,3690000000.0,2584000000.0,348000000.0,1216000000.0,1368000000.0,-299000000.0,1069000000.0,6274000000.0,243800000.0,242600000.0,244300000.0
Ameren Corp,AEE,XRZQ5S7HYJFPHJ78L959,1002910,2014.0,Q3TTM,2013-10-01,2014-09-30,,2.37,2.37,1.6,908000000.0,2.36,,444000000.0,,779000000.0,1107000000.0,432000000.0,619000000.0,-1000000.0,4559000000.0,7596000000.0,-760000000.0,159000000.0,410000000.0,59000000.0,590000000.0,,,2000000.0,4559000000.0,3037000000.0,457000000.0,1498000000.0,1539000000.0,-398000000.0,1141000000.0,7596000000.0,243800000.0,242600000.0,244300000.0
Ameren Corp,AEE,XRZQ5S7HYJFPHJ78L959,1002910,2014.0,Q2YTD,2014-01-01,2014-06-30,,1.01,1.01,0.8,543000000.0,1.01,,227000000.0,,446000000.0,250000000.0,-2000000.0,352000000.0,2000000.0,2889000000.0,4604000000.0,198000000.0,90000000.0,-102000000.0,35000000.0,365000000.0,,,2000000.0,2889000000.0,1715000000.0,263000000.0,908000000.0,807000000.0,-228000000.0,579000000.0,4604000000.0,245900000.0,242600000.0,245900000.0
Ameren Corp,AEE,XRZQ5S7HYJFPHJ78L959,1002910,2014.0,Q2TTM,2013-07-01,2014-06-30,,2.41,2.41,1.6,896000000.0,2.4,,437000000.0,,788000000.0,1118000000.0,430000000.0,626000000.0,1000000.0,4533000000.0,7564000000.0,-760000000.0,159000000.0,410000000.0,60000000.0,590000000.0,,,2000000.0,4533000000.0,3031000000.0,460000000.0,1486000000.0,1545000000.0,-400000000.0,1145000000.0,7564000000.0,245900000.0,242600000.0,245900000.0
Ameren Corp,AEE,XRZQ5S7HYJFPHJ78L959,1002910,2014.0,Q2,2014-04-01,2014-06-30,2015-08-06 14:26:47+00:00,0.61,0.61,0.4,183000000.0,0.61,0.0,99000000.0,,150000000.0,151000000.0,-1000000.0,150000000.0,,800000000.0,1419000000.0,,,0.0,17000000.0,114000000.0,,,,800000000.0,619000000.0,89000000.0,297000000.0,322000000.0,-72000000.0,250000000.0,1419000000.0,245900000.0,242600000.0,245900000.0
Ameren Corp,AEE,XRZQ5S7HYJFPHJ78L959,1002910,2014.0,Q1TTM,2013-04-01,2014-03-31,,2.19,2.19,1.6,891000000.0,2.18,,404000000.0,,734000000.0,1073000000.0,421000000.0,571000000.0,2000000.0,4586000000.0,7548000000.0,-760000000.0,159000000.0,410000000.0,54000000.0,587000000.0,,,2000000.0,4586000000.0,2962000000.0,471000000.0,1478000000.0,1484000000.0,-417000000.0,1067000000.0,7548000000.0,505000000.0,242600000.0,505000000.0
Ameren Corp,AEE,XRZQ5S7HYJFPHJ78L959,1002910,2014.0,Q1,2014-01-01,2014-03-31,2015-05-11 10:16:40+00:00,0.4,0.4,0.4,360000000.0,0.4,,128000000.0,,296000000.0,99000000.0,-1000000.0,202000000.0,2000000.0,2089000000.0,3185000000.0,198000000.0,90000000.0,-102000000.0,18000000.0,251000000.0,,,2000000.0,2089000000.0,1096000000.0,174000000.0,611000000.0,485000000.0,-156000000.0,329000000.0,3185000000.0,505000000.0,242600000.0,505000000.0
Ameren Corp,AEE,XRZQ5S7HYJFPHJ78L959,1002910,2015.0,FY,2015-01-01,2015-12-31,2018-02-28 16:42:56+00:00,2.6,2.6,1.655,796000000.0,2.59,69000000.0,363000000.0,,636000000.0,585000000.0,51000000.0,630000000.0,,3501000000.0,6098000000.0,,6000000.0,0.0,44000000.0,473000000.0,,,,3501000000.0,2597000000.0,355000000.0,1338000000.0,1259000000.0,-311000000.0,948000000.0,6098000000.0,242300000.0,242600000.0,243600000.0
Ameren Corp,AEE,XRZQ5S7HYJFPHJ78L959,1002910,2015.0,Q2,2015-04-01,2015-06-30,2016-08-05 15:15:52+00:00,0.61,0.61,0.41,200000000.0,0.61,69000000.0,59000000.0,,151000000.0,99000000.0,52000000.0,151000000.0,,779000000.0,1401000000.0,,,0.0,10000000.0,116000000.0,,,,779000000.0,622000000.0,89000000.0,385000000.0,237000000.0,-79000000.0,158000000.0,1401000000.0,247500000.0,242600000.0,247500000.0
Ameren Corp,AEE,XRZQ5S7HYJFPHJ78L959,1002910,2015.0,Q2YTD,2015-01-01,2015-06-30,,1.06,1.06,0.82,393000000.0,1.06,69000000.0,125000000.0,,261000000.0,209000000.0,52000000.0,261000000.0,,1761000000.0,2957000000.0,,,,18000000.0,241000000.0,,,,1761000000.0,1196000000.0,177000000.0,703000000.0,493000000.0,-159000000.0,334000000.0,2957000000.0,247500000.0,242600000.0,247500000.0
Ameren Corp,AEE,XRZQ5S7HYJFPHJ78L959,1002910,2015.0,Q2TTM,2014-07-01,2015-06-30,,2.47,2.47,1.63,595000000.0,2.45,69000000.0,275000000.0,,407000000.0,1139000000.0,53000000.0,501000000.0,-2000000.0,2458000000.0,4406000000.0,-784000000.0,-90000000.0,689000000.0,40000000.0,344000000.0,,,-2000000.0,2458000000.0,1948000000.0,255000000.0,1008000000.0,940000000.0,-215000000.0,725000000.0,4406000000.0,247500000.0,242600000.0,247500000.0
Ameren Corp,AEE,XRZQ5S7HYJFPHJ78L959,1002910,2015.0,Q1,2015-01-01,2015-03-31,2016-05-10 16:19:18+00:00,0.45,0.45,0.41,193000000.0,0.45,,66000000.0,,110000000.0,110000000.0,0.0,110000000.0,,982000000.0,1556000000.0,,,0.0,8000000.0,125000000.0,,,,982000000.0,574000000.0,88000000.0,318000000.0,256000000.0,-80000000.0,176000000.0,1556000000.0,244400000.0,242600000.0,244400000.0
Ameren Corp,AEE,XRZQ5S7HYJFPHJ78L959,1002910,2015.0,Q1TTM,2014-04-01,2015-03-31,,2.47,2.47,1.62,578000000.0,2.45,,315000000.0,,406000000.0,1191000000.0,,500000000.0,-2000000.0,2479000000.0,4424000000.0,-784000000.0,-90000000.0,689000000.0,47000000.0,342000000.0,,,-2000000.0,2479000000.0,1945000000.0,255000000.0,920000000.0,1025000000.0,-208000000.0,817000000.0,4424000000.0,244400000.0,242600000.0,244400000.0
Ameren Corp,AEE,XRZQ5S7HYJFPHJ78L959,1002910,2016.0,Q3,2016-07-01,2016-09-30,2017-11-03 17:25:56+00:00,1.52,1.52,0.425,211000000.0,1.52,,233000000.0,,371000000.0,372000000.0,,369000000.0,2000000.0,828000000.0,1859000000.0,,,1000000.0,10000000.0,129000000.0,,,,828000000.0,1031000000.0,97000000.0,340000000.0,691000000.0,-87000000.0,604000000.0,1859000000.0,242800000.0,242600000.0,242900000.0
Ameren Corp,AEE,XRZQ5S7HYJFPHJ78L959,1002910,2016.0,Q3YTD,2016-01-01,2016-09-30,,2.56,2.56,1.28,628000000.0,2.56,,356000000.0,,626000000.0,627000000.0,,621000000.0,5000000.0,2498000000.0,4720000000.0,,,1000000.0,33000000.0,358000000.0,,,,2498000000.0,2222000000.0,287000000.0,986000000.0,1236000000.0,-254000000.0,982000000.0,4720000000.0,242800000.0,242600000.0,242900000.0
Ameren Corp,AEE,XRZQ5S7HYJFPHJ78L959,1002910,2016.0,Q2,2016-04-01,2016-06-30,2017-08-04 17:27:36+00:00,0.61,0.61,0.425,210000000.0,0.61,,92000000.0,,148000000.0,148000000.0,,147000000.0,1000000.0,777000000.0,1427000000.0,,,,10000000.0,115000000.0,,,,777000000.0,650000000.0,95000000.0,325000000.0,325000000.0,-85000000.0,240000000.0,1427000000.0,241000000.0,242600000.0,241000000.0
Ameren Corp,AEE,XRZQ5S7HYJFPHJ78L959,1002910,2016.0,Q2YTD,2016-01-01,2016-06-30,,1.04,1.04,0.85,417000000.0,1.04,,123000000.0,,255000000.0,255000000.0,,252000000.0,3000000.0,1670000000.0,2861000000.0,,,,23000000.0,229000000.0,,,,1670000000.0,1191000000.0,190000000.0,646000000.0,545000000.0,-167000000.0,378000000.0,2861000000.0,241000000.0,242600000.0,241000000.0
Ameren Corp,AEE,XRZQ5S7HYJFPHJ78L959,1002910,2016.0,Q2TTM,2015-07-01,2016-06-30,,2.58,2.58,1.68,820000000.0,2.57,,361000000.0,,630000000.0,631000000.0,-1000000.0,621000000.0,3000000.0,3410000000.0,6002000000.0,,6000000.0,,49000000.0,461000000.0,,,,3410000000.0,2592000000.0,368000000.0,1281000000.0,1311000000.0,-319000000.0,992000000.0,6002000000.0,241000000.0,242600000.0,241000000.0
Ameren Corp,AEE,XRZQ5S7HYJFPHJ78L959,1002910,2016.0,Q1,2016-01-01,2016-03-31,2017-05-05 16:42:36+00:00,0.43,0.43,0.425,207000000.0,0.43,,31000000.0,,107000000.0,107000000.0,,105000000.0,2000000.0,893000000.0,1434000000.0,,,,13000000.0,114000000.0,,,,893000000.0,541000000.0,95000000.0,321000000.0,220000000.0,-82000000.0,138000000.0,1434000000.0,244200000.0,242600000.0,244200000.0
Ameren Corp,AEE,XRZQ5S7HYJFPHJ78L959,1002910,2016.0,Q1TTM,2015-04-01,2016-03-31,,2.58,2.58,1.67,810000000.0,2.57,69000000.0,328000000.0,,633000000.0,582000000.0,51000000.0,625000000.0,2000000.0,3412000000.0,5976000000.0,,6000000.0,,49000000.0,462000000.0,,,,3412000000.0,2564000000.0,362000000.0,1341000000.0,1223000000.0,-313000000.0,910000000.0,5976000000.0,244200000.0,242600000.0,244200000.0
Ameren Corp,AEE,XRZQ5S7HYJFPHJ78L959,1002910,2017.0,FY,2017-01-01,2017-12-31,2020-02-28 17:34:34+00:00,2.16,2.16,1.7775,896000000.0,2.14,,576000000.0,,529000000.0,529000000.0,,523000000.0,6000000.0,3391000000.0,6174000000.0,,,,86000000.0,477000000.0,,,,3391000000.0,2783000000.0,391000000.0,1373000000.0,1410000000.0,-305000000.0,1105000000.0,6174000000.0,242100000.0,242600000.0,244200000.0
Ameren Corp,AEE,XRZQ5S7HYJFPHJ78L959,1002910,2017.0,Q4,2017-10-01,2017-12-31,,-0.24,-0.24,-1.32,228000000.0,-0.25,,200000000.0,,-59000000.0,-59000000.0,,-60000000.0,1000000.0,846000000.0,1399000000.0,,,,25000000.0,113000000.0,,,,846000000.0,553000000.0,96000000.0,341000000.0,212000000.0,-71000000.0,141000000.0,1399000000.0,242100000.0,242600000.0,244200000.0
Ameren Corp,AEE,XRZQ5S7HYJFPHJ78L959,1002910,2017.0,Q3,2017-07-01,2017-09-30,2018-11-02 17:20:19+00:00,1.19,1.19,0.44,225000000.0,1.18,,205000000.0,,290000000.0,290000000.0,,288000000.0,2000000.0,800000000.0,1723000000.0,,,,23000000.0,129000000.0,,,,800000000.0,923000000.0,97000000.0,354000000.0,569000000.0,-74000000.0,495000000.0,1723000000.0,242000000.0,242600000.0,244700000.0
Ameren Corp,AEE,XRZQ5S7HYJFPHJ78L959,1002910,2017.0,Q3YTD,2017-01-01,2017-09-30,,2.4,2.4,1.32,668000000.0,2.39,,376000000.0,,588000000.0,588000000.0,,583000000.0,5000000.0,2545000000.0,4775000000.0,,,,61000000.0,364000000.0,,,,2545000000.0,2230000000.0,295000000.0,1032000000.0,1198000000.0,-234000000.0,964000000.0,4775000000.0,242000000.0,242600000.0,244700000.0
Ameren Corp,AEE,XRZQ5S7HYJFPHJ78L959,1002910,2017.0,Q2,2017-04-01,2017-06-30,2018-08-07 19:09:40+00:00,0.79,0.79,0.44,222000000.0,0.79,,114000000.0,,194000000.0,194000000.0,,193000000.0,1000000.0,811000000.0,1537000000.0,,,,20000000.0,117000000.0,,,,811000000.0,726000000.0,99000000.0,339000000.0,387000000.0,-79000000.0,308000000.0,1537000000.0,244300000.0,242600000.0,243500000.0
Ameren Corp,AEE,XRZQ5S7HYJFPHJ78L959,1002910,2017.0,Q2YTD,2017-01-01,2017-06-30,,1.21,1.21,0.88,443000000.0,1.21,,171000000.0,,298000000.0,298000000.0,,295000000.0,3000000.0,1745000000.0,3052000000.0,,,,38000000.0,235000000.0,,,,1745000000.0,1307000000.0,198000000.0,678000000.0,629000000.0,-160000000.0,469000000.0,3052000000.0,244300000.0,242600000.0,243500000.0
Ameren Corp,AEE,XRZQ5S7HYJFPHJ78L959,1002910,2017.0,Q1,2017-01-01,2017-03-31,2018-05-09 17:19:56+00:00,0.42,0.42,0.44,221000000.0,0.42,,57000000.0,,104000000.0,104000000.0,,102000000.0,2000000.0,934000000.0,1515000000.0,,,,18000000.0,118000000.0,,,,934000000.0,581000000.0,99000000.0,339000000.0,242000000.0,-81000000.0,161000000.0,1515000000.0,242900000.0,242600000.0,242900000.0
Ameren Corp,AEE,XRZQ5S7HYJFPHJ78L959,1002910,2018.0,FY,2018-01-01,2018-12-31,2020-02-28 17:34:34+00:00,3.34,3.34,1.8475,955000000.0,3.32,,237000000.0,,821000000.0,821000000.0,,815000000.0,6000000.0,3496000000.0,6291000000.0,,,,102000000.0,483000000.0,,,,3496000000.0,2795000000.0,401000000.0,1438000000.0,1357000000.0,-299000000.0,1058000000.0,6291000000.0,244000000.0,243800000.0,245800000.0
Ameren Corp,AEE,XRZQ5S7HYJFPHJ78L959,1002910,2018.0,Q3,2018-07-01,2018-09-30,2019-11-08 15:03:09+00:00,1.46,1.46,,241000000.0,1.45,,105000000.0,,359000000.0,359000000.0,,357000000.0,2000000.0,823000000.0,1724000000.0,,,,32000000.0,127000000.0,,,0.0,823000000.0,901000000.0,101000000.0,368000000.0,533000000.0,-69000000.0,464000000.0,1724000000.0,244500000.0,244100000.0,246300000.0
Ameren Corp,AEE,XRZQ5S7HYJFPHJ78L959,1002910,2018.0,Q3YTD,2018-01-01,2018-09-30,,3.06,3.06,,1171000000.0,3.04,,338000000.0,,1080000000.0,1119000000.0,,1110000000.0,5000000.0,4369000000.0,7957000000.0,-39000000.0,-39000000.0,,132000000.0,614000000.0,,,4000000.0,4369000000.0,3588000000.0,478000000.0,1785000000.0,1803000000.0,-346000000.0,1457000000.0,7957000000.0,244500000.0,244100000.0,246300000.0
Ameren Corp,AEE,XRZQ5S7HYJFPHJ78L959,1002910,2018.0,Q2,2018-04-01,2018-06-30,2019-08-02 16:27:55+00:00,0.98,0.98,,470000000.0,0.97,,146000000.0,,472000000.0,472000000.0,,469000000.0,1000000.0,1637000000.0,3096000000.0,,,,58000000.0,241000000.0,,,2000000.0,1637000000.0,1459000000.0,188000000.0,711000000.0,748000000.0,-130000000.0,618000000.0,3096000000.0,478600000.0,243700000.0,245800000.0
Ameren Corp,AEE,XRZQ5S7HYJFPHJ78L959,1002910,2018.0,Q2YTD,2018-01-01,2018-06-30,,1.6,1.6,,930000000.0,1.59,,233000000.0,,721000000.0,760000000.0,,753000000.0,3000000.0,3546000000.0,6233000000.0,-39000000.0,-39000000.0,,100000000.0,487000000.0,,,4000000.0,3546000000.0,2687000000.0,377000000.0,1417000000.0,1270000000.0,-277000000.0,993000000.0,6233000000.0,478600000.0,243700000.0,245800000.0
Ameren Corp,AEE,XRZQ5S7HYJFPHJ78L959,1002910,2019.0,Q4,2019-10-01,2019-12-31,,0.38,0.38,1.44,10000000.0,0.38,,-11000000.0,,-76000000.0,-76000000.0,,-75000000.0,1000000.0,47000000.0,-29000000.0,,,,,-9000000.0,,,-2000000.0,47000000.0,-76000000.0,10000000.0,1000000.0,-77000000.0,-10000000.0,-87000000.0,-29000000.0,245700000.0,245600000.0,247100000.0
Ameren Corp,AEE,XRZQ5S7HYJFPHJ78L959,1002910,2019.0,FY,2019-01-01,2019-12-31,2020-02-28 17:34:34+00:00,3.37,3.37,1.92,995000000.0,3.35,,182000000.0,,834000000.0,834000000.0,,828000000.0,6000000.0,3167000000.0,5910000000.0,,,,130000000.0,481000000.0,,,,3167000000.0,2743000000.0,381000000.0,1476000000.0,1267000000.0,-251000000.0,1016000000.0,5910000000.0,245700000.0,245600000.0,247100000.0
Ameren Corp,AEE,XRZQ5S7HYJFPHJ78L959,1002910,2019.0,Q3,2019-07-01,2019-09-30,2019-11-08 15:03:09+00:00,1.48,1.48,,248000000.0,1.47,,92000000.0,,366000000.0,366000000.0,,364000000.0,2000000.0,760000000.0,1659000000.0,,,,34000000.0,131000000.0,,,0.0,760000000.0,899000000.0,96000000.0,379000000.0,520000000.0,-62000000.0,458000000.0,1659000000.0,245900000.0,245900000.0,247500000.0
Ameren Corp,AEE,XRZQ5S7HYJFPHJ78L959,1002910,2019.0,Q3YTD,2019-01-01,2019-09-30,,2.99,2.99,0.48,985000000.0,2.97,,193000000.0,,910000000.0,910000000.0,,903000000.0,5000000.0,3120000000.0,5939000000.0,,,,130000000.0,490000000.0,,,2000000.0,3120000000.0,2819000000.0,371000000.0,1475000000.0,1344000000.0,-241000000.0,1103000000.0,5939000000.0,245900000.0,245900000.0,247500000.0
Ameren Corp,AEE,XRZQ5S7HYJFPHJ78L959,1002910,2019.0,Q2,2019-04-01,2019-06-30,2019-08-02 16:27:55+00:00,0.73,0.73,,489000000.0,0.72,,74000000.0,,351000000.0,351000000.0,,348000000.0,1000000.0,1466000000.0,2724000000.0,,,,67000000.0,233000000.0,,,2000000.0,1466000000.0,1258000000.0,178000000.0,722000000.0,536000000.0,-111000000.0,425000000.0,2724000000.0,476700000.0,245600000.0,247200000.0
Ameren Corp,AEE,XRZQ5S7HYJFPHJ78L959,1002910,2019.0,Q2YTD,2019-01-01,2019-06-30,,1.51,1.51,0.48,737000000.0,1.5,,101000000.0,,544000000.0,544000000.0,,539000000.0,3000000.0,2360000000.0,4280000000.0,,,,96000000.0,359000000.0,,,2000000.0,2360000000.0,1920000000.0,275000000.0,1096000000.0,824000000.0,-179000000.0,645000000.0,4280000000.0,476700000.0,245600000.0,247200000.0
Ameren Corp,AEE,XRZQ5S7HYJFPHJ78L959,1002910,2019.0,Q1,2019-01-01,2019-03-31,2020-05-11 16:42:24+00:00,0.78,0.78,0.475,248000000.0,0.78,,27000000.0,,193000000.0,193000000.0,,191000000.0,2000000.0,894000000.0,1556000000.0,,,,29000000.0,126000000.0,,,,894000000.0,662000000.0,97000000.0,374000000.0,288000000.0,-68000000.0,220000000.0,1556000000.0,244900000.0,244900000.0,246400000.0
Ameren Corp,AEE,XRZQ5S7HYJFPHJ78L959,1002910,2020.0,Q1TTM,2019-04-01,2020-03-31,,3.18,3.18,,1002000000.0,3.16,,176000000.0,,789000000.0,789000000.0,,783000000.0,6000000.0,3092000000.0,5794000000.0,,,,122000000.0,480000000.0,,,,3092000000.0,2702000000.0,377000000.0,1482000000.0,1220000000.0,-255000000.0,965000000.0,5794000000.0,247500000.0,246400000.0,248100000.0
Ameren Corp,AEE,XRZQ5S7HYJFPHJ78L959,1002910,2020.0,Q1,2020-01-01,2020-03-31,2020-05-11 16:42:24+00:00,0.59,0.59,0.495,255000000.0,0.59,,21000000.0,,148000000.0,148000000.0,,146000000.0,2000000.0,819000000.0,1440000000.0,,,,21000000.0,125000000.0,,,,819000000.0,621000000.0,93000000.0,380000000.0,241000000.0,-72000000.0,169000000.0,1440000000.0,247500000.0,246400000.0,248100000.0
