company_name,company_ticker,company_lei,company_cik,year,quarter,start_date,end_date,filing_date,basicdilutedeps,basiceps,cashdividendspershare,depreciationexpense,dilutedeps,impairmentexpense,incometaxexpense,netincome,netincomecontinuing,netincomediscontinued,netincometocommon,netincometononcontrollinginterest,operatingcostofrevenue,operatingrevenue,othercostofrevenue,otherincome,otheroperatingexpenses,otherrevenue,preferreddividends,sgaexpense,totalcostofrevenue,totalgrossprofit,totalinterestexpense,totalinterestincome,totaloperatingexpenses,totaloperatingincome,totalotherincome,totalpretaxincome,totalrevenue,weightedavebasicdilutedsharesos,weightedavebasicsharesos,weightedavedilutedsharesos
Kinder Morgan Inc,KMI,549300WR7IX8XE0TBO16,1506307,2009.0,FY,2009-01-01,2009-12-31,2012-02-22 20:57:23+00:00,0.0,0.0,0.0,1070200000.0,0.0,,326600000.0,773100000.0,772800000.0,300000.0,495000000.0,278100000.0,4228400000.0,7185200000.0,137000000.0,43700000.0,,30600000.0,,373000000.0,4365400000.0,2850400000.0,599100000.0,247600000.0,1443200000.0,1407200000.0,-307800000.0,1099400000.0,7215800000.0,,0.0,0.0
Kinder Morgan Inc,KMI,549300WR7IX8XE0TBO16,1506307,2010.0,FY,2010-01-01,2010-12-31,2013-03-01 08:16:34+00:00,,,4.4,1056000000.0,,,166000000.0,300000000.0,64000000.0,236000000.0,-41000000.0,341000000.0,4878000000.0,7852000000.0,,18000000.0,154000000.0,,,631000000.0,4878000000.0,2974000000.0,668000000.0,-253000000.0,1841000000.0,1133000000.0,-903000000.0,230000000.0,7852000000.0,,,
Kinder Morgan Inc,KMI,549300WR7IX8XE0TBO16,1506307,2010.0,Q3,2010-07-01,2010-09-30,2011-11-02 10:56:53+00:00,0.0,0.0,0.0,261700000.0,0.0,,20600000.0,52600000.0,52800000.0,-200000.0,10600000.0,42000000.0,1294900000.0,2088200000.0,41900000.0,4000000.0,,-400000.0,,308200000.0,1336800000.0,751000000.0,173900000.0,62200000.0,569900000.0,181100000.0,-107700000.0,73400000.0,2087800000.0,,0.0,0.0
Kinder Morgan Inc,KMI,549300WR7IX8XE0TBO16,1506307,2010.0,Q2,2010-04-01,2010-06-30,2011-08-25 11:17:18+00:00,0.0,0.0,0.0,269700000.0,0.0,,45800000.0,260300000.0,260300000.0,0.0,46000000.0,214300000.0,1167100000.0,1990900000.0,40800000.0,-3800000.0,,-3100000.0,,104800000.0,1207900000.0,779900000.0,163700000.0,68200000.0,374500000.0,405400000.0,-99300000.0,306100000.0,1987800000.0,,0.0,0.0
Kinder Morgan Inc,KMI,549300WR7IX8XE0TBO16,1506307,2011.0,Q4,2011-10-01,2011-12-31,,0.68,0.68,0.31,279000000.0,0.68,,112000000.0,293000000.0,228000000.0,65000000.0,155000000.0,138000000.0,1055000000.0,349000000.0,40000000.0,4000000.0,,1576000000.0,,110000000.0,1095000000.0,830000000.0,158000000.0,53000000.0,389000000.0,441000000.0,-101000000.0,340000000.0,1925000000.0,873500000.0,589000000.0,589000000.0
Kinder Morgan Inc,KMI,549300WR7IX8XE0TBO16,1506307,2011.0,FY,2011-01-01,2011-12-31,2014-02-21 17:55:15+00:00,0.68,0.68,1.05,1068000000.0,0.68,,361000000.0,660000000.0,449000000.0,211000000.0,594000000.0,66000000.0,4769000000.0,6355000000.0,174000000.0,10000000.0,,1588000000.0,,509000000.0,4943000000.0,3000000000.0,682000000.0,59000000.0,1577000000.0,1423000000.0,-613000000.0,810000000.0,7943000000.0,873500000.0,589000000.0,589000000.0
Kinder Morgan Inc,KMI,549300WR7IX8XE0TBO16,1506307,2011.0,Q3,2011-07-01,2011-09-30,2012-11-14 14:18:25+00:00,0.0,0.0,0.3,281000000.0,0.0,,66000000.0,84000000.0,29000000.0,55000000.0,152000000.0,-68000000.0,1313000000.0,2122000000.0,37000000.0,1000000.0,,-1000000.0,,109000000.0,1350000000.0,771000000.0,176000000.0,-111000000.0,390000000.0,381000000.0,-286000000.0,95000000.0,2121000000.0,,0.0,0.0
Kinder Morgan Inc,KMI,549300WR7IX8XE0TBO16,1506307,2011.0,Q3YTD,2011-01-01,2011-09-30,,,,0.74,789000000.0,,,249000000.0,367000000.0,221000000.0,146000000.0,439000000.0,-72000000.0,3714000000.0,6006000000.0,134000000.0,6000000.0,,12000000.0,,399000000.0,3848000000.0,2170000000.0,524000000.0,6000000.0,1188000000.0,982000000.0,-512000000.0,470000000.0,6018000000.0,,0.0,0.0
Kinder Morgan Inc,KMI,549300WR7IX8XE0TBO16,1506307,2011.0,Q2,2011-04-01,2011-06-30,2012-08-14 10:05:11+00:00,0.0,0.0,0.3,258000000.0,0.0,,87000000.0,82000000.0,42000000.0,40000000.0,132000000.0,-50000000.0,1310000000.0,1952000000.0,51000000.0,5000000.0,,13000000.0,,110000000.0,1361000000.0,604000000.0,174000000.0,62000000.0,368000000.0,236000000.0,-107000000.0,129000000.0,1965000000.0,,0.0,0.0
Kinder Morgan Inc,KMI,549300WR7IX8XE0TBO16,1506307,2011.0,Q2YTD,2011-01-01,2011-06-30,,,,0.44,508000000.0,,,183000000.0,283000000.0,192000000.0,91000000.0,287000000.0,-4000000.0,2401000000.0,3884000000.0,97000000.0,5000000.0,,13000000.0,,290000000.0,2498000000.0,1399000000.0,348000000.0,117000000.0,798000000.0,601000000.0,-226000000.0,375000000.0,3897000000.0,,0.0,0.0
Kinder Morgan Inc,KMI,549300WR7IX8XE0TBO16,1506307,2011.0,Q1,2011-01-01,2011-03-31,2012-05-02 17:00:09+00:00,0.0,0.0,0.14,250000000.0,0.0,,96000000.0,201000000.0,150000000.0,51000000.0,155000000.0,46000000.0,1091000000.0,1932000000.0,46000000.0,0.0,,0.0,,180000000.0,1137000000.0,795000000.0,174000000.0,55000000.0,430000000.0,365000000.0,-119000000.0,246000000.0,1932000000.0,,0.0,0.0
Kinder Morgan Inc,KMI,549300WR7IX8XE0TBO16,1506307,2012.0,Q4,2012-10-01,2012-12-31,,0.26,0.26,0.37,409000000.0,0.26,,-26000000.0,488000000.0,476000000.0,12000000.0,220000000.0,268000000.0,-198000000.0,630000000.0,79000000.0,-24000000.0,-13000000.0,2449000000.0,,1837000000.0,-119000000.0,3198000000.0,406000000.0,-85000000.0,2233000000.0,965000000.0,-515000000.0,450000000.0,3079000000.0,1211500000.0,1211500000.0,1211500000.0
Kinder Morgan Inc,KMI,549300WR7IX8XE0TBO16,1506307,2012.0,FY,2012-01-01,2012-12-31,2015-02-23 06:07:55+00:00,0.26,0.26,1.4,1419000000.0,0.26,0.0,139000000.0,427000000.0,1204000000.0,-777000000.0,315000000.0,112000000.0,3057000000.0,7524000000.0,286000000.0,-4000000.0,-13000000.0,2449000000.0,,2631000000.0,3343000000.0,6630000000.0,1399000000.0,153000000.0,4037000000.0,2593000000.0,-1250000000.0,1343000000.0,9973000000.0,1211500000.0,1211500000.0,1211500000.0
Kinder Morgan Inc,KMI,549300WR7IX8XE0TBO16,1506307,2012.0,Q3,2012-07-01,2012-09-30,2013-10-30 16:14:14+00:00,0.0,0.0,0.36,403000000.0,0.0,,60000000.0,255000000.0,386000000.0,-131000000.0,200000000.0,55000000.0,1345000000.0,2870000000.0,88000000.0,16000000.0,,,,182000000.0,1433000000.0,1437000000.0,523000000.0,101000000.0,585000000.0,852000000.0,-406000000.0,446000000.0,2870000000.0,,0.0,0.0
Kinder Morgan Inc,KMI,549300WR7IX8XE0TBO16,1506307,2012.0,Q3YTD,2012-01-01,2012-09-30,,,,1.03,1010000000.0,,,165000000.0,-61000000.0,728000000.0,-789000000.0,95000000.0,-156000000.0,3255000000.0,6894000000.0,207000000.0,20000000.0,,,,794000000.0,3462000000.0,3432000000.0,993000000.0,238000000.0,1804000000.0,1628000000.0,-735000000.0,893000000.0,6894000000.0,,0.0,0.0
Kinder Morgan Inc,KMI,549300WR7IX8XE0TBO16,1506307,2012.0,Q3TTM,2011-10-01,2012-09-30,,0.68,0.68,1.34,1289000000.0,0.68,,277000000.0,232000000.0,956000000.0,-724000000.0,250000000.0,-18000000.0,4310000000.0,7243000000.0,247000000.0,24000000.0,,1576000000.0,,904000000.0,4557000000.0,4262000000.0,1151000000.0,291000000.0,2193000000.0,2069000000.0,-836000000.0,1233000000.0,8819000000.0,,0.0,0.0
Kinder Morgan Inc,KMI,549300WR7IX8XE0TBO16,1506307,2012.0,Q2,2012-04-01,2012-06-30,2013-08-02 20:19:07+00:00,0.0,0.0,0.35,333000000.0,0.0,,9000000.0,-243000000.0,37000000.0,-280000000.0,-126000000.0,-117000000.0,1024000000.0,2167000000.0,69000000.0,5000000.0,,,,481000000.0,1093000000.0,1074000000.0,291000000.0,72000000.0,814000000.0,260000000.0,-214000000.0,46000000.0,2167000000.0,,0.0,0.0
Kinder Morgan Inc,KMI,549300WR7IX8XE0TBO16,1506307,2012.0,Q2YTD,2012-01-01,2012-06-30,,,,0.67,607000000.0,,,105000000.0,-316000000.0,342000000.0,-658000000.0,-105000000.0,-211000000.0,1910000000.0,4024000000.0,119000000.0,4000000.0,,,,612000000.0,2029000000.0,1995000000.0,470000000.0,137000000.0,1219000000.0,776000000.0,-329000000.0,447000000.0,4024000000.0,,0.0,0.0
Kinder Morgan Inc,KMI,549300WR7IX8XE0TBO16,1506307,2012.0,Q2TTM,2011-07-01,2012-06-30,,0.68,0.68,1.28,1167000000.0,0.68,,283000000.0,61000000.0,599000000.0,-538000000.0,202000000.0,-141000000.0,4278000000.0,6495000000.0,196000000.0,9000000.0,,1575000000.0,,831000000.0,4474000000.0,3596000000.0,804000000.0,79000000.0,1998000000.0,1598000000.0,-716000000.0,882000000.0,8070000000.0,,0.0,0.0
Kinder Morgan Inc,KMI,549300WR7IX8XE0TBO16,1506307,2012.0,Q1,2012-01-01,2012-03-31,2013-05-03 17:01:16+00:00,0.0,0.0,0.32,274000000.0,0.0,,96000000.0,-73000000.0,305000000.0,-378000000.0,21000000.0,-94000000.0,886000000.0,1857000000.0,50000000.0,-1000000.0,,,,131000000.0,936000000.0,921000000.0,179000000.0,65000000.0,405000000.0,516000000.0,-115000000.0,401000000.0,1857000000.0,,0.0,0.0
Kinder Morgan Inc,KMI,549300WR7IX8XE0TBO16,1506307,2012.0,Q1TTM,2011-04-01,2012-03-31,,0.68,0.68,1.23,1092000000.0,0.68,,361000000.0,386000000.0,604000000.0,-218000000.0,460000000.0,-74000000.0,4564000000.0,6280000000.0,178000000.0,9000000.0,,1588000000.0,,460000000.0,4742000000.0,3126000000.0,687000000.0,69000000.0,1552000000.0,1574000000.0,-609000000.0,965000000.0,7868000000.0,,0.0,0.0
Kinder Morgan Inc,KMI,549300WR7IX8XE0TBO16,1506307,2013.0,FY,2013-01-01,2013-12-31,2016-02-16 07:26:20+00:00,1.15,1.15,1.6,1806000000.0,1.15,-98000000.0,742000000.0,2692000000.0,2696000000.0,,1193000000.0,1499000000.0,5253000000.0,10282000000.0,395000000.0,238000000.0,-1000000.0,3788000000.0,0.0,2725000000.0,5648000000.0,8422000000.0,1675000000.0,885000000.0,4432000000.0,3990000000.0,-552000000.0,3438000000.0,14070000000.0,1037400000.0,1036000000.0,1036000000.0
Kinder Morgan Inc,KMI,549300WR7IX8XE0TBO16,1506307,2013.0,Q4,2013-10-01,2013-12-31,,1.15,1.15,0.41,482000000.0,1.15,-98000000.0,67000000.0,704000000.0,706000000.0,-2000000.0,338000000.0,366000000.0,326000000.0,803000000.0,100000000.0,235000000.0,-421000000.0,3069000000.0,,2326000000.0,426000000.0,3446000000.0,428000000.0,-191000000.0,2289000000.0,1157000000.0,-384000000.0,773000000.0,3872000000.0,1037400000.0,1036000000.0,1036000000.0
Kinder Morgan Inc,KMI,549300WR7IX8XE0TBO16,1506307,2013.0,Q3,2013-07-01,2013-09-30,2013-10-30 16:14:14+00:00,0.0,0.0,0.41,467000000.0,0.0,,171000000.0,551000000.0,551000000.0,0.0,286000000.0,265000000.0,2060000000.0,3756000000.0,95000000.0,0.0,,,,93000000.0,2155000000.0,1601000000.0,418000000.0,99000000.0,560000000.0,1041000000.0,-319000000.0,722000000.0,3756000000.0,,0.0,0.0
Kinder Morgan Inc,KMI,549300WR7IX8XE0TBO16,1506307,2013.0,Q3YTD,2013-01-01,2013-09-30,,,,1.19,1324000000.0,,,675000000.0,1988000000.0,1990000000.0,-2000000.0,855000000.0,1133000000.0,4927000000.0,9479000000.0,295000000.0,3000000.0,420000000.0,719000000.0,,399000000.0,5222000000.0,4976000000.0,1247000000.0,1076000000.0,2143000000.0,2833000000.0,-168000000.0,2665000000.0,10198000000.0,,0.0,0.0
Kinder Morgan Inc,KMI,549300WR7IX8XE0TBO16,1506307,2013.0,Q3TTM,2012-10-01,2013-09-30,,0.26,0.26,1.56,1733000000.0,0.26,,649000000.0,2476000000.0,2466000000.0,10000000.0,1075000000.0,1401000000.0,4729000000.0,10109000000.0,374000000.0,-21000000.0,407000000.0,3168000000.0,,2236000000.0,5103000000.0,8174000000.0,1653000000.0,991000000.0,4376000000.0,3798000000.0,-683000000.0,3115000000.0,13277000000.0,,0.0,0.0
Kinder Morgan Inc,KMI,549300WR7IX8XE0TBO16,1506307,2013.0,Q2,2013-04-01,2013-06-30,2013-08-02 20:19:07+00:00,0.0,0.0,0.4,442000000.0,0.0,,225000000.0,781000000.0,781000000.0,0.0,277000000.0,504000000.0,1897000000.0,3382000000.0,102000000.0,7000000.0,,,,166000000.0,1999000000.0,1383000000.0,427000000.0,651000000.0,608000000.0,775000000.0,231000000.0,1006000000.0,3382000000.0,,0.0,0.0
Kinder Morgan Inc,KMI,549300WR7IX8XE0TBO16,1506307,2013.0,Q2YTD,2013-01-01,2013-06-30,,,,0.78,857000000.0,,,504000000.0,1437000000.0,1439000000.0,-2000000.0,569000000.0,868000000.0,2867000000.0,5723000000.0,200000000.0,3000000.0,420000000.0,719000000.0,,306000000.0,3067000000.0,3375000000.0,829000000.0,977000000.0,1583000000.0,1792000000.0,151000000.0,1943000000.0,6442000000.0,,0.0,0.0
Kinder Morgan Inc,KMI,549300WR7IX8XE0TBO16,1506307,2013.0,Q2TTM,2012-07-01,2013-06-30,,0.26,0.26,1.51,1669000000.0,0.26,,538000000.0,2180000000.0,2301000000.0,-121000000.0,989000000.0,1191000000.0,4014000000.0,9223000000.0,367000000.0,-5000000.0,407000000.0,3168000000.0,,2325000000.0,4381000000.0,8010000000.0,1758000000.0,993000000.0,4401000000.0,3609000000.0,-770000000.0,2839000000.0,12391000000.0,,0.0,0.0
Kinder Morgan Inc,KMI,549300WR7IX8XE0TBO16,1506307,2013.0,Q1,2013-01-01,2013-03-31,2014-04-30 18:52:48+00:00,0.0,0.0,0.38,415000000.0,0.0,,279000000.0,656000000.0,658000000.0,-2000000.0,292000000.0,364000000.0,970000000.0,2341000000.0,98000000.0,-4000000.0,420000000.0,719000000.0,,140000000.0,1068000000.0,1992000000.0,402000000.0,326000000.0,975000000.0,1017000000.0,-80000000.0,937000000.0,3060000000.0,,0.0,0.0
Kinder Morgan Inc,KMI,549300WR7IX8XE0TBO16,1506307,2013.0,Q1TTM,2012-04-01,2013-03-31,,0.26,0.26,1.46,1560000000.0,0.26,,322000000.0,1156000000.0,1557000000.0,-401000000.0,586000000.0,570000000.0,3141000000.0,8008000000.0,334000000.0,-7000000.0,407000000.0,3168000000.0,,2640000000.0,3475000000.0,7701000000.0,1622000000.0,414000000.0,4607000000.0,3094000000.0,-1215000000.0,1879000000.0,11176000000.0,,0.0,0.0
Kinder Morgan Inc,KMI,549300WR7IX8XE0TBO16,1506307,2014.0,FY,2014-01-01,2014-12-31,2017-02-10 16:47:08+00:00,0.89,0.89,1.74,2040000000.0,0.89,274000000.0,648000000.0,2443000000.0,2443000000.0,,1026000000.0,1417000000.0,6278000000.0,11765000000.0,418000000.0,35000000.0,1000000.0,4461000000.0,0.0,2767000000.0,6696000000.0,9530000000.0,1798000000.0,406000000.0,5082000000.0,4448000000.0,-1357000000.0,3091000000.0,16226000000.0,1152800000.0,1137000000.0,1137000000.0
Kinder Morgan Inc,KMI,549300WR7IX8XE0TBO16,1506307,2014.0,Q4,2014-10-01,2014-12-31,,0.02,0.02,0.48,522000000.0,0.02,267000000.0,24000000.0,566000000.0,566000000.0,,126000000.0,440000000.0,1383000000.0,2931000000.0,92000000.0,12000000.0,5000000.0,1020000000.0,,726000000.0,1475000000.0,2476000000.0,478000000.0,100000000.0,1520000000.0,956000000.0,-366000000.0,590000000.0,3951000000.0,1152800000.0,1137000000.0,1137000000.0
Kinder Morgan Inc,KMI,549300WR7IX8XE0TBO16,1506307,2014.0,Q3,2014-07-01,2014-09-30,2015-10-23 15:54:01+00:00,0.32,0.32,0.43,520000000.0,0.32,0.0,246000000.0,779000000.0,779000000.0,,329000000.0,450000000.0,1642000000.0,3093000000.0,105000000.0,18000000.0,0.0,1198000000.0,,692000000.0,1747000000.0,2544000000.0,432000000.0,107000000.0,1212000000.0,1332000000.0,-307000000.0,1025000000.0,4291000000.0,1028000000.0,1028000000.0,1028000000.0
Kinder Morgan Inc,KMI,549300WR7IX8XE0TBO16,1506307,2014.0,Q3YTD,2014-01-01,2014-09-30,,0.87,0.87,1.26,1518000000.0,0.87,7000000.0,624000000.0,1877000000.0,1877000000.0,,900000000.0,977000000.0,4895000000.0,8834000000.0,326000000.0,23000000.0,-4000000.0,3441000000.0,,2041000000.0,5221000000.0,7054000000.0,1320000000.0,306000000.0,3562000000.0,3492000000.0,-991000000.0,2501000000.0,12275000000.0,1028000000.0,1028000000.0,1028000000.0
Kinder Morgan Inc,KMI,549300WR7IX8XE0TBO16,1506307,2014.0,Q3TTM,2013-10-01,2014-09-30,,2.02,2.02,1.67,2000000000.0,2.02,-91000000.0,691000000.0,2581000000.0,2583000000.0,2000000.0,1238000000.0,1343000000.0,5221000000.0,9637000000.0,426000000.0,258000000.0,-425000000.0,6510000000.0,,4367000000.0,5647000000.0,10500000000.0,1748000000.0,115000000.0,5851000000.0,4649000000.0,-1375000000.0,3274000000.0,16147000000.0,1028000000.0,1028000000.0,1028000000.0
Kinder Morgan Inc,KMI,549300WR7IX8XE0TBO16,1506307,2014.0,Q2YTD,2014-01-01,2014-06-30,,0.55,0.55,0.83,998000000.0,0.55,7000000.0,378000000.0,1098000000.0,1098000000.0,,571000000.0,527000000.0,3253000000.0,5741000000.0,221000000.0,5000000.0,-4000000.0,2243000000.0,,1349000000.0,3474000000.0,4510000000.0,888000000.0,199000000.0,2350000000.0,2160000000.0,-684000000.0,1476000000.0,7984000000.0,1028000000.0,1028000000.0,1028000000.0
Kinder Morgan Inc,KMI,549300WR7IX8XE0TBO16,1506307,2014.0,Q2TTM,2013-07-01,2014-06-30,,1.7,1.7,1.65,1947000000.0,1.7,-91000000.0,616000000.0,2353000000.0,2355000000.0,2000000.0,1195000000.0,1158000000.0,5639000000.0,10300000000.0,416000000.0,240000000.0,-425000000.0,5312000000.0,,3768000000.0,6055000000.0,9557000000.0,1734000000.0,107000000.0,5199000000.0,4358000000.0,-1387000000.0,2971000000.0,15612000000.0,1028000000.0,1028000000.0,1028000000.0
Kinder Morgan Inc,KMI,549300WR7IX8XE0TBO16,1506307,2014.0,Q2,2014-04-01,2014-06-30,2015-07-24 16:08:47+00:00,0.27,0.27,0.42,502000000.0,0.27,7000000.0,178000000.0,497000000.0,497000000.0,,284000000.0,213000000.0,1610000000.0,2815000000.0,111000000.0,2000000.0,0.0,1122000000.0,,694000000.0,1721000000.0,2216000000.0,440000000.0,100000000.0,1203000000.0,1013000000.0,-338000000.0,675000000.0,3937000000.0,1028000000.0,1028000000.0,1028000000.0
Kinder Morgan Inc,KMI,549300WR7IX8XE0TBO16,1506307,2014.0,Q1TTM,2013-04-01,2014-03-31,,1.43,1.43,1.63,1887000000.0,1.43,-98000000.0,663000000.0,2637000000.0,2639000000.0,2000000.0,1188000000.0,1449000000.0,5926000000.0,10867000000.0,407000000.0,245000000.0,-425000000.0,4190000000.0,,3240000000.0,6333000000.0,8724000000.0,1721000000.0,658000000.0,4604000000.0,4120000000.0,-818000000.0,3302000000.0,15057000000.0,1029000000.0,1029000000.0,1029000000.0
Kinder Morgan Inc,KMI,549300WR7IX8XE0TBO16,1506307,2014.0,Q1,2014-01-01,2014-03-31,2015-04-28 07:06:44+00:00,0.28,0.28,0.41,496000000.0,0.28,0.0,200000000.0,601000000.0,601000000.0,,287000000.0,314000000.0,1643000000.0,2926000000.0,110000000.0,3000000.0,-4000000.0,1121000000.0,,655000000.0,1753000000.0,2294000000.0,448000000.0,99000000.0,1147000000.0,1147000000.0,-346000000.0,801000000.0,4047000000.0,1029000000.0,1029000000.0,1029000000.0
Kinder Morgan Inc,KMI,549300WR7IX8XE0TBO16,1506307,2015.0,FY,2015-01-01,2015-12-31,2018-02-09 17:10:00+00:00,0.1,0.1,1.605,2309000000.0,0.1,2069000000.0,564000000.0,208000000.0,208000000.0,,227000000.0,-45000000.0,4059000000.0,11129000000.0,439000000.0,-8000000.0,-3000000.0,3274000000.0,26000000.0,3083000000.0,4498000000.0,9905000000.0,2051000000.0,384000000.0,7458000000.0,2447000000.0,-1675000000.0,772000000.0,14403000000.0,2270000000.0,2187000000.0,2193000000.0
Kinder Morgan Inc,KMI,549300WR7IX8XE0TBO16,1506307,2015.0,Q4,2015-10-01,2015-12-31,,-0.33,-0.33,0.16,584000000.0,-0.33,1580000000.0,43000000.0,-736000000.0,-736000000.0,,-721000000.0,-41000000.0,778000000.0,2975000000.0,100000000.0,-2000000.0,2000000.0,661000000.0,26000000.0,836000000.0,878000000.0,2758000000.0,527000000.0,80000000.0,3002000000.0,-244000000.0,-449000000.0,-693000000.0,3636000000.0,2270000000.0,2187000000.0,2193000000.0
Kinder Morgan Inc,KMI,549300WR7IX8XE0TBO16,1506307,2015.0,Q3,2015-07-01,2015-09-30,2016-10-21 16:34:30+00:00,0.08,0.08,0.51,617000000.0,0.08,385000000.0,108000000.0,183000000.0,183000000.0,,186000000.0,-3000000.0,1106000000.0,2759000000.0,108000000.0,-4000000.0,-2000000.0,948000000.0,0.0,772000000.0,1214000000.0,2493000000.0,540000000.0,114000000.0,1772000000.0,721000000.0,-430000000.0,291000000.0,3707000000.0,2325000000.0,2203000000.0,2203000000.0
Kinder Morgan Inc,KMI,549300WR7IX8XE0TBO16,1506307,2015.0,Q3YTD,2015-01-01,2015-09-30,,0.43,0.43,1.45,1725000000.0,0.43,489000000.0,521000000.0,944000000.0,944000000.0,,948000000.0,-4000000.0,3281000000.0,8154000000.0,339000000.0,-6000000.0,-5000000.0,2613000000.0,,2247000000.0,3620000000.0,7147000000.0,1524000000.0,304000000.0,4456000000.0,2691000000.0,-1226000000.0,1465000000.0,10767000000.0,2325000000.0,2203000000.0,2203000000.0
Kinder Morgan Inc,KMI,549300WR7IX8XE0TBO16,1506307,2015.0,Q3TTM,2014-10-01,2015-09-30,,0.45,0.45,1.93,2247000000.0,0.45,756000000.0,545000000.0,1510000000.0,1510000000.0,,1074000000.0,436000000.0,4664000000.0,11085000000.0,431000000.0,6000000.0,,3633000000.0,,2973000000.0,5095000000.0,9623000000.0,2002000000.0,404000000.0,5976000000.0,3647000000.0,-1592000000.0,2055000000.0,14718000000.0,2325000000.0,2203000000.0,2203000000.0
Kinder Morgan Inc,KMI,549300WR7IX8XE0TBO16,1506307,2015.0,Q2,2015-04-01,2015-06-30,2016-07-22 16:09:36+00:00,0.15,0.15,0.49,570000000.0,0.15,50000000.0,189000000.0,342000000.0,342000000.0,,333000000.0,9000000.0,1085000000.0,2640000000.0,116000000.0,-3000000.0,-4000000.0,823000000.0,0.0,754000000.0,1201000000.0,2262000000.0,472000000.0,114000000.0,1370000000.0,892000000.0,-361000000.0,531000000.0,3463000000.0,2220000000.0,2175000000.0,2187000000.0
Kinder Morgan Inc,KMI,549300WR7IX8XE0TBO16,1506307,2015.0,Q2YTD,2015-01-01,2015-06-30,,0.35,0.35,0.94,1108000000.0,0.35,104000000.0,413000000.0,761000000.0,761000000.0,,762000000.0,-1000000.0,2175000000.0,5395000000.0,231000000.0,-2000000.0,-3000000.0,1665000000.0,,1475000000.0,2406000000.0,4654000000.0,984000000.0,190000000.0,2684000000.0,1970000000.0,-796000000.0,1174000000.0,7060000000.0,2220000000.0,2175000000.0,2187000000.0
Kinder Morgan Inc,KMI,549300WR7IX8XE0TBO16,1506307,2015.0,Q2TTM,2014-07-01,2015-06-30,,0.69,0.69,1.85,2150000000.0,0.69,371000000.0,683000000.0,2106000000.0,2106000000.0,,1217000000.0,889000000.0,5200000000.0,11419000000.0,428000000.0,28000000.0,2000000.0,3883000000.0,,2893000000.0,5628000000.0,9674000000.0,1894000000.0,397000000.0,5416000000.0,4258000000.0,-1469000000.0,2789000000.0,15302000000.0,2220000000.0,2175000000.0,2187000000.0
Kinder Morgan Inc,KMI,549300WR7IX8XE0TBO16,1506307,2015.0,Q1,2015-01-01,2015-03-31,2016-04-22 15:33:02+00:00,0.2,0.2,0.45,538000000.0,0.2,54000000.0,224000000.0,419000000.0,419000000.0,,429000000.0,-10000000.0,1090000000.0,2755000000.0,115000000.0,1000000.0,1000000.0,842000000.0,0.0,721000000.0,1205000000.0,2392000000.0,512000000.0,76000000.0,1314000000.0,1078000000.0,-435000000.0,643000000.0,3597000000.0,2141000000.0,2141000000.0,2151000000.0
Kinder Morgan Inc,KMI,549300WR7IX8XE0TBO16,1506307,2015.0,Q1TTM,2014-04-01,2015-03-31,,0.81,0.81,1.78,2082000000.0,0.81,328000000.0,672000000.0,2261000000.0,2261000000.0,,1168000000.0,1093000000.0,5725000000.0,11594000000.0,423000000.0,33000000.0,6000000.0,4182000000.0,,2833000000.0,6148000000.0,9628000000.0,1862000000.0,383000000.0,5249000000.0,4379000000.0,-1446000000.0,2933000000.0,15776000000.0,2141000000.0,2141000000.0,2151000000.0
Kinder Morgan Inc,KMI,549300WR7IX8XE0TBO16,1506307,2016.0,FY,2016-01-01,2016-12-31,2019-02-08 17:34:43+00:00,0.25,0.25,0.5,2209000000.0,0.25,387000000.0,917000000.0,721000000.0,721000000.0,,552000000.0,13000000.0,3429000000.0,13058000000.0,421000000.0,19000000.0,-1000000.0,,156000000.0,3075000000.0,3850000000.0,9208000000.0,1806000000.0,-113000000.0,5670000000.0,3538000000.0,-1900000000.0,1638000000.0,13058000000.0,2230000000.0,2208000000.0,2208000000.0
Kinder Morgan Inc,KMI,549300WR7IX8XE0TBO16,1506307,2016.0,Q4,2016-10-01,2016-12-31,,0.08,0.08,0.13,557000000.0,0.08,80000000.0,173000000.0,215000000.0,215000000.0,,170000000.0,6000000.0,975000000.0,5164000000.0,97000000.0,10000000.0,-1000000.0,-1775000000.0,39000000.0,781000000.0,1072000000.0,2317000000.0,422000000.0,-100000000.0,1417000000.0,900000000.0,-512000000.0,388000000.0,3389000000.0,2230000000.0,2208000000.0,2208000000.0
Kinder Morgan Inc,KMI,549300WR7IX8XE0TBO16,1506307,2016.0,Q3,2016-07-01,2016-09-30,2017-10-20 16:36:45+00:00,-0.1,-0.1,0.125,549000000.0,-0.1,76000000.0,377000000.0,-183000000.0,-183000000.0,,-227000000.0,5000000.0,971000000.0,2725000000.0,106000000.0,-3000000.0,-1000000.0,605000000.0,39000000.0,747000000.0,1077000000.0,2253000000.0,472000000.0,-213000000.0,1371000000.0,882000000.0,-688000000.0,194000000.0,3330000000.0,2270000000.0,2230000000.0,2230000000.0
Kinder Morgan Inc,KMI,549300WR7IX8XE0TBO16,1506307,2016.0,Q3YTD,2016-01-01,2016-09-30,,0.17,0.17,0.38,1652000000.0,0.17,307000000.0,744000000.0,506000000.0,506000000.0,,382000000.0,7000000.0,2454000000.0,7894000000.0,324000000.0,9000000.0,,1775000000.0,117000000.0,2294000000.0,2778000000.0,6891000000.0,1384000000.0,-13000000.0,4253000000.0,2638000000.0,-1388000000.0,1250000000.0,9669000000.0,2270000000.0,2230000000.0,2230000000.0
Kinder Morgan Inc,KMI,549300WR7IX8XE0TBO16,1506307,2016.0,Q3TTM,2015-10-01,2016-09-30,,-0.16,-0.16,0.53,2236000000.0,-0.16,1887000000.0,787000000.0,-230000000.0,-230000000.0,,-339000000.0,-34000000.0,3232000000.0,10869000000.0,424000000.0,7000000.0,2000000.0,2436000000.0,143000000.0,3130000000.0,3656000000.0,9649000000.0,1911000000.0,67000000.0,7255000000.0,2394000000.0,-1837000000.0,557000000.0,13305000000.0,2270000000.0,2230000000.0,2230000000.0
Kinder Morgan Inc,KMI,549300WR7IX8XE0TBO16,1506307,2016.0,Q2,2016-04-01,2016-06-30,2017-07-24 06:27:37+00:00,0.15,0.15,0.125,552000000.0,0.15,-4000000.0,213000000.0,375000000.0,375000000.0,,333000000.0,3000000.0,752000000.0,2512000000.0,110000000.0,13000000.0,2000000.0,632000000.0,39000000.0,792000000.0,862000000.0,2282000000.0,471000000.0,106000000.0,1342000000.0,940000000.0,-352000000.0,588000000.0,3144000000.0,2220000000.0,2229000000.0,2229000000.0
Kinder Morgan Inc,KMI,549300WR7IX8XE0TBO16,1506307,2016.0,Q2YTD,2016-01-01,2016-06-30,,0.27,0.27,0.25,1103000000.0,0.27,231000000.0,367000000.0,689000000.0,689000000.0,,609000000.0,2000000.0,1483000000.0,5169000000.0,218000000.0,12000000.0,1000000.0,1170000000.0,78000000.0,1547000000.0,1701000000.0,4638000000.0,912000000.0,200000000.0,2882000000.0,1756000000.0,-700000000.0,1056000000.0,6339000000.0,2220000000.0,2229000000.0,2229000000.0
Kinder Morgan Inc,KMI,549300WR7IX8XE0TBO16,1506307,2016.0,Q2TTM,2015-07-01,2016-06-30,,0.02,0.02,0.92,2304000000.0,0.02,2196000000.0,518000000.0,136000000.0,136000000.0,,74000000.0,-42000000.0,3367000000.0,10903000000.0,426000000.0,6000000.0,1000000.0,2779000000.0,104000000.0,3155000000.0,3793000000.0,9889000000.0,1979000000.0,394000000.0,7656000000.0,2233000000.0,-1579000000.0,654000000.0,13682000000.0,2220000000.0,2229000000.0,2229000000.0
Kinder Morgan Inc,KMI,549300WR7IX8XE0TBO16,1506307,2016.0,Q1,2016-01-01,2016-03-31,2017-04-21 16:15:58+00:00,0.12,0.12,0.125,551000000.0,0.12,235000000.0,154000000.0,314000000.0,314000000.0,,276000000.0,-1000000.0,731000000.0,2657000000.0,108000000.0,-1000000.0,-1000000.0,538000000.0,39000000.0,755000000.0,839000000.0,2356000000.0,441000000.0,94000000.0,1540000000.0,816000000.0,-348000000.0,468000000.0,3195000000.0,2300000000.0,2229000000.0,2229000000.0
Kinder Morgan Inc,KMI,549300WR7IX8XE0TBO16,1506307,2016.0,Q1TTM,2015-04-01,2016-03-31,,0.02,0.02,1.28,2322000000.0,0.02,2250000000.0,494000000.0,103000000.0,103000000.0,,74000000.0,-36000000.0,3700000000.0,11031000000.0,432000000.0,-10000000.0,-5000000.0,2970000000.0,65000000.0,3117000000.0,4132000000.0,9869000000.0,1980000000.0,402000000.0,7684000000.0,2185000000.0,-1588000000.0,597000000.0,14001000000.0,2300000000.0,2229000000.0,2229000000.0
Kinder Morgan Inc,KMI,549300WR7IX8XE0TBO16,1506307,2017.0,FY,2017-01-01,2017-12-31,2020-02-11 19:42:37+00:00,0.01,0.01,0.5,2261000000.0,0.01,13000000.0,1938000000.0,223000000.0,223000000.0,,27000000.0,40000000.0,4345000000.0,13705000000.0,398000000.0,36000000.0,-1000000.0,,156000000.0,3160000000.0,4743000000.0,8962000000.0,,-1404000000.0,5433000000.0,3529000000.0,-1368000000.0,2161000000.0,13705000000.0,2230000000.0,2700000000.0,2700000000.0
Kinder Morgan Inc,KMI,549300WR7IX8XE0TBO16,1506307,2017.0,Q4,2017-10-01,2017-12-31,,-0.47,-0.47,0.13,564000000.0,-0.47,6000000.0,1316000000.0,-992000000.0,-992000000.0,,-1045000000.0,14000000.0,1207000000.0,4270000000.0,101000000.0,10000000.0,-7000000.0,-638000000.0,39000000.0,953000000.0,1308000000.0,2324000000.0,-1387000000.0,-1881000000.0,1516000000.0,808000000.0,-484000000.0,324000000.0,3632000000.0,2230000000.0,2700000000.0,2700000000.0
Kinder Morgan Inc,KMI,549300WR7IX8XE0TBO16,1506307,2017.0,Q3,2017-07-01,2017-09-30,2018-10-19 16:26:29+00:00,0.15,0.15,0.125,562000000.0,0.15,7000000.0,160000000.0,387000000.0,387000000.0,,334000000.0,14000000.0,1007000000.0,3281000000.0,102000000.0,13000000.0,0.0,,39000000.0,777000000.0,1109000000.0,2172000000.0,459000000.0,167000000.0,1346000000.0,826000000.0,-279000000.0,547000000.0,3281000000.0,2231000000.0,2231000000.0,2231000000.0
Kinder Morgan Inc,KMI,549300WR7IX8XE0TBO16,1506307,2017.0,Q3YTD,2017-01-01,2017-09-30,,0.48,0.48,0.38,1697000000.0,0.48,7000000.0,622000000.0,1215000000.0,1215000000.0,,1072000000.0,26000000.0,3138000000.0,9435000000.0,297000000.0,26000000.0,6000000.0,638000000.0,117000000.0,2207000000.0,3435000000.0,6638000000.0,1387000000.0,477000000.0,3917000000.0,2721000000.0,-884000000.0,1837000000.0,10073000000.0,2231000000.0,2231000000.0,2231000000.0
Kinder Morgan Inc,KMI,549300WR7IX8XE0TBO16,1506307,2017.0,Q3TTM,2016-10-01,2017-09-30,,0.56,0.56,0.5,2254000000.0,0.56,87000000.0,795000000.0,1430000000.0,1430000000.0,,1242000000.0,32000000.0,4113000000.0,14599000000.0,394000000.0,36000000.0,5000000.0,-1137000000.0,156000000.0,2988000000.0,4507000000.0,8955000000.0,1809000000.0,377000000.0,5334000000.0,3621000000.0,-1396000000.0,2225000000.0,13462000000.0,2231000000.0,2231000000.0,2231000000.0
Kinder Morgan Inc,KMI,549300WR7IX8XE0TBO16,1506307,2017.0,Q2,2017-04-01,2017-06-30,2018-07-20 16:54:24+00:00,0.15,0.15,0.125,577000000.0,0.15,0.0,216000000.0,383000000.0,383000000.0,,337000000.0,7000000.0,1070000000.0,3368000000.0,91000000.0,9000000.0,-1000000.0,,39000000.0,713000000.0,1161000000.0,2207000000.0,463000000.0,135000000.0,1289000000.0,918000000.0,-319000000.0,599000000.0,3368000000.0,2230000000.0,2230000000.0,2230000000.0
Kinder Morgan Inc,KMI,549300WR7IX8XE0TBO16,1506307,2017.0,Q2YTD,2017-01-01,2017-06-30,,0.33,0.33,0.25,1135000000.0,0.33,,462000000.0,828000000.0,828000000.0,,738000000.0,12000000.0,2131000000.0,6154000000.0,195000000.0,13000000.0,6000000.0,638000000.0,78000000.0,1430000000.0,2326000000.0,4466000000.0,928000000.0,310000000.0,2571000000.0,1895000000.0,-605000000.0,1290000000.0,6792000000.0,2230000000.0,2230000000.0,2230000000.0
Kinder Morgan Inc,KMI,549300WR7IX8XE0TBO16,1506307,2017.0,Q2TTM,2016-07-01,2017-06-30,,0.31,0.31,0.5,2241000000.0,0.31,156000000.0,1012000000.0,860000000.0,860000000.0,,681000000.0,23000000.0,4077000000.0,14043000000.0,398000000.0,20000000.0,4000000.0,-532000000.0,156000000.0,2958000000.0,4475000000.0,9036000000.0,1822000000.0,-3000000.0,5359000000.0,3677000000.0,-1805000000.0,1872000000.0,13511000000.0,2230000000.0,2230000000.0,2230000000.0
Kinder Morgan Inc,KMI,549300WR7IX8XE0TBO16,1506307,2017.0,Q1,2017-01-01,2017-03-31,2018-04-23 19:01:36+00:00,0.18,0.18,0.125,558000000.0,0.18,,246000000.0,445000000.0,445000000.0,,401000000.0,5000000.0,1061000000.0,2786000000.0,104000000.0,4000000.0,7000000.0,638000000.0,39000000.0,717000000.0,1165000000.0,2259000000.0,465000000.0,175000000.0,1282000000.0,977000000.0,-286000000.0,691000000.0,3424000000.0,2227800000.0,2230000000.0,2227800000.0
Kinder Morgan Inc,KMI,549300WR7IX8XE0TBO16,1506307,2017.0,Q1TTM,2016-04-01,2017-03-31,,0.31,0.31,0.5,2216000000.0,0.31,152000000.0,1009000000.0,852000000.0,852000000.0,,677000000.0,19000000.0,3759000000.0,13187000000.0,417000000.0,24000000.0,7000000.0,100000000.0,156000000.0,3037000000.0,4176000000.0,9111000000.0,1830000000.0,-32000000.0,5412000000.0,3699000000.0,-1838000000.0,1861000000.0,13287000000.0,2227800000.0,2230000000.0,2227800000.0
Kinder Morgan Inc,KMI,549300WR7IX8XE0TBO16,1506307,2018.0,FY,2018-01-01,2018-12-31,2020-02-11 19:42:37+00:00,0.66,0.66,0.725,2297000000.0,0.66,167000000.0,587000000.0,1919000000.0,1919000000.0,,1481000000.0,310000000.0,4421000000.0,14144000000.0,345000000.0,12000000.0,-3000000.0,,128000000.0,3123000000.0,4766000000.0,9378000000.0,,-1300000000.0,5584000000.0,3794000000.0,-1288000000.0,2506000000.0,14144000000.0,2216000000.0,2243900000.0,2243900000.0
Kinder Morgan Inc,KMI,549300WR7IX8XE0TBO16,1506307,2018.0,Q4,2018-10-01,2018-12-31,,0.21,0.21,0.12,587000000.0,0.21,102000000.0,273000000.0,502000000.0,502000000.0,,483000000.0,8000000.0,1199000000.0,3781000000.0,86000000.0,-1000000.0,-1000000.0,,11000000.0,750000000.0,1285000000.0,2496000000.0,-1456000000.0,-1738000000.0,1438000000.0,1058000000.0,-283000000.0,775000000.0,3781000000.0,2216000000.0,2243900000.0,2243900000.0
Kinder Morgan Inc,KMI,549300WR7IX8XE0TBO16,1506307,2018.0,Q3,2018-07-01,2018-09-30,2019-10-18 17:48:56+00:00,0.31,0.31,0.2,569000000.0,0.31,-588000000.0,196000000.0,1005000000.0,1005000000.0,,693000000.0,273000000.0,1135000000.0,3517000000.0,86000000.0,-1000000.0,0.0,,39000000.0,800000000.0,1221000000.0,2296000000.0,473000000.0,160000000.0,781000000.0,1515000000.0,-314000000.0,1201000000.0,3517000000.0,2205000000.0,2205000000.0,2205000000.0
Kinder Morgan Inc,KMI,549300WR7IX8XE0TBO16,1506307,2018.0,Q3YTD,2018-01-01,2018-09-30,,0.45,0.45,0.6,1710000000.0,0.45,65000000.0,314000000.0,1417000000.0,1417000000.0,,998000000.0,302000000.0,3222000000.0,10363000000.0,259000000.0,13000000.0,-2000000.0,,117000000.0,2373000000.0,3481000000.0,6882000000.0,1456000000.0,438000000.0,4146000000.0,2736000000.0,-1005000000.0,1731000000.0,10363000000.0,2205000000.0,2205000000.0,2205000000.0
Kinder Morgan Inc,KMI,549300WR7IX8XE0TBO16,1506307,2018.0,Q3TTM,2017-10-01,2018-09-30,,-0.02,-0.02,0.72,2274000000.0,-0.02,71000000.0,1630000000.0,425000000.0,425000000.0,,-47000000.0,316000000.0,4429000000.0,14633000000.0,360000000.0,23000000.0,-9000000.0,-638000000.0,156000000.0,3326000000.0,4789000000.0,9206000000.0,69000000.0,-1443000000.0,5662000000.0,3544000000.0,-1489000000.0,2055000000.0,13995000000.0,2205000000.0,2205000000.0,2205000000.0
Kinder Morgan Inc,KMI,549300WR7IX8XE0TBO16,1506307,2018.0,Q2,2018-04-01,2018-06-30,2019-07-19 16:12:31+00:00,-0.08,-0.08,0.2,571000000.0,-0.08,653000000.0,-46000000.0,-130000000.0,-130000000.0,,-180000000.0,11000000.0,1068000000.0,3428000000.0,85000000.0,10000000.0,-2000000.0,,39000000.0,781000000.0,1153000000.0,2275000000.0,516000000.0,58000000.0,2003000000.0,272000000.0,-448000000.0,-176000000.0,3428000000.0,2204000000.0,2204000000.0,2204000000.0
Kinder Morgan Inc,KMI,549300WR7IX8XE0TBO16,1506307,2018.0,Q2YTD,2018-01-01,2018-06-30,,0.14,0.14,0.4,1141000000.0,0.14,653000000.0,118000000.0,412000000.0,412000000.0,,305000000.0,29000000.0,2087000000.0,6846000000.0,173000000.0,14000000.0,-2000000.0,,78000000.0,1573000000.0,2260000000.0,4586000000.0,983000000.0,278000000.0,3365000000.0,1221000000.0,-691000000.0,530000000.0,6846000000.0,2204000000.0,2204000000.0,2204000000.0
Kinder Morgan Inc,KMI,549300WR7IX8XE0TBO16,1506307,2018.0,Q2TTM,2017-07-01,2018-06-30,,-0.18,-0.18,0.65,2267000000.0,-0.18,666000000.0,1594000000.0,-193000000.0,-193000000.0,,-406000000.0,57000000.0,4301000000.0,14397000000.0,376000000.0,37000000.0,-9000000.0,-638000000.0,156000000.0,3303000000.0,4677000000.0,9082000000.0,55000000.0,-1436000000.0,6227000000.0,2855000000.0,-1454000000.0,1401000000.0,13759000000.0,2204000000.0,2204000000.0,2204000000.0
Kinder Morgan Inc,KMI,549300WR7IX8XE0TBO16,1506307,2018.0,Q1,2018-01-01,2018-03-31,2019-04-22 20:04:52+00:00,0.22,0.22,0.2,570000000.0,0.22,,164000000.0,542000000.0,542000000.0,,485000000.0,18000000.0,1019000000.0,3418000000.0,88000000.0,4000000.0,0.0,,39000000.0,792000000.0,1107000000.0,2311000000.0,467000000.0,220000000.0,1362000000.0,949000000.0,-243000000.0,706000000.0,3418000000.0,2207000000.0,2204500000.0,2204500000.0
Kinder Morgan Inc,KMI,549300WR7IX8XE0TBO16,1506307,2018.0,Q1TTM,2017-04-01,2018-03-31,,0.05,0.05,0.58,2273000000.0,0.05,13000000.0,1856000000.0,320000000.0,320000000.0,,111000000.0,53000000.0,4303000000.0,14337000000.0,382000000.0,36000000.0,-8000000.0,-638000000.0,156000000.0,3235000000.0,4685000000.0,9014000000.0,2000000.0,-1359000000.0,5513000000.0,3501000000.0,-1325000000.0,2176000000.0,13699000000.0,2207000000.0,2204500000.0,2204500000.0
Kinder Morgan Inc,KMI,549300WR7IX8XE0TBO16,1506307,2019.0,Q4,2019-10-01,2019-12-31,,0.27,0.27,0.25,661000000.0,0.27,-929000000.0,455000000.0,627000000.0,627000000.0,,610000000.0,17000000.0,776000000.0,3352000000.0,102000000.0,18000000.0,-2000000.0,,,813000000.0,878000000.0,2474000000.0,-1359000000.0,-2226000000.0,543000000.0,1931000000.0,-849000000.0,1082000000.0,3352000000.0,2264000000.0,2281300000.0,2281300000.0
Kinder Morgan Inc,KMI,549300WR7IX8XE0TBO16,1506307,2019.0,FY,2019-01-01,2019-12-31,2020-02-11 19:42:37+00:00,0.96,0.96,0.95,2411000000.0,0.96,-942000000.0,926000000.0,2239000000.0,2239000000.0,,2190000000.0,49000000.0,3263000000.0,13209000000.0,426000000.0,-8000000.0,-3000000.0,,0.0,3181000000.0,3689000000.0,9520000000.0,,-1700000000.0,4647000000.0,4873000000.0,-1708000000.0,3165000000.0,13209000000.0,2264000000.0,2281300000.0,2281300000.0
Kinder Morgan Inc,KMI,549300WR7IX8XE0TBO16,1506307,2019.0,Q3YTD,2019-01-01,2019-09-30,,0.69,0.69,0.7,1750000000.0,0.69,-13000000.0,471000000.0,1612000000.0,1612000000.0,,1580000000.0,32000000.0,2487000000.0,9857000000.0,324000000.0,-26000000.0,-1000000.0,,,2368000000.0,2811000000.0,7046000000.0,1359000000.0,526000000.0,4104000000.0,2942000000.0,-859000000.0,2083000000.0,9857000000.0,2264000000.0,2264000000.0,2264000000.0
Kinder Morgan Inc,KMI,549300WR7IX8XE0TBO16,1506307,2019.0,Q3TTM,2018-10-01,2019-09-30,,0.9,0.9,0.83,2337000000.0,0.9,89000000.0,744000000.0,2114000000.0,2114000000.0,,2063000000.0,40000000.0,3686000000.0,13638000000.0,410000000.0,-27000000.0,-2000000.0,,11000000.0,3118000000.0,4096000000.0,9542000000.0,-97000000.0,-1212000000.0,5542000000.0,4000000000.0,-1142000000.0,2858000000.0,13638000000.0,2264000000.0,2264000000.0,2264000000.0
Kinder Morgan Inc,KMI,549300WR7IX8XE0TBO16,1506307,2019.0,Q3,2019-07-01,2019-09-30,2019-10-18 17:48:56+00:00,0.22,0.22,0.25,578000000.0,0.22,-3000000.0,151000000.0,517000000.0,517000000.0,,506000000.0,11000000.0,762000000.0,3214000000.0,103000000.0,-9000000.0,1000000.0,,0.0,822000000.0,865000000.0,2349000000.0,447000000.0,173000000.0,1398000000.0,951000000.0,-283000000.0,668000000.0,3214000000.0,2264000000.0,2264000000.0,2264000000.0
Kinder Morgan Inc,KMI,549300WR7IX8XE0TBO16,1506307,2019.0,Q2YTD,2019-01-01,2019-06-30,,0.47,0.47,0.45,1172000000.0,0.47,-10000000.0,320000000.0,1095000000.0,1095000000.0,,1074000000.0,21000000.0,1725000000.0,6643000000.0,221000000.0,-17000000.0,-2000000.0,,,1546000000.0,1946000000.0,4697000000.0,912000000.0,353000000.0,2706000000.0,1991000000.0,-576000000.0,1415000000.0,6643000000.0,2262000000.0,2262000000.0,2262000000.0
Kinder Morgan Inc,KMI,549300WR7IX8XE0TBO16,1506307,2019.0,Q2TTM,2018-07-01,2019-06-30,,0.99,0.99,0.78,2328000000.0,0.99,-496000000.0,789000000.0,2602000000.0,2602000000.0,,2250000000.0,302000000.0,4059000000.0,13941000000.0,393000000.0,-19000000.0,-3000000.0,,50000000.0,3096000000.0,4452000000.0,9489000000.0,-71000000.0,-1225000000.0,4925000000.0,4564000000.0,-1173000000.0,3391000000.0,13941000000.0,2262000000.0,2262000000.0,2262000000.0
Kinder Morgan Inc,KMI,549300WR7IX8XE0TBO16,1506307,2019.0,Q2,2019-04-01,2019-06-30,2019-07-19 16:12:31+00:00,0.23,0.23,0.25,579000000.0,0.23,-10000000.0,148000000.0,528000000.0,528000000.0,,518000000.0,10000000.0,777000000.0,3214000000.0,103000000.0,-6000000.0,-2000000.0,,0.0,794000000.0,880000000.0,2334000000.0,452000000.0,161000000.0,1361000000.0,973000000.0,-297000000.0,676000000.0,3214000000.0,2262000000.0,2262000000.0,2262000000.0
Kinder Morgan Inc,KMI,549300WR7IX8XE0TBO16,1506307,2019.0,Q1,2019-01-01,2019-03-31,2020-04-28 17:47:04+00:00,0.24,0.24,0.2,593000000.0,0.24,0.0,172000000.0,567000000.0,567000000.0,,556000000.0,11000000.0,948000000.0,3429000000.0,118000000.0,-11000000.0,0.0,,,752000000.0,1066000000.0,2363000000.0,460000000.0,192000000.0,1345000000.0,1018000000.0,-279000000.0,739000000.0,3429000000.0,2262000000.0,2262000000.0,2262000000.0
Kinder Morgan Inc,KMI,549300WR7IX8XE0TBO16,1506307,2019.0,Q1TTM,2018-04-01,2019-03-31,,0.68,0.68,0.73,2320000000.0,0.68,167000000.0,595000000.0,1944000000.0,1944000000.0,,1552000000.0,303000000.0,4350000000.0,14155000000.0,375000000.0,-3000000.0,-3000000.0,,89000000.0,3083000000.0,4725000000.0,9430000000.0,-7000000.0,-1328000000.0,5567000000.0,3863000000.0,-1324000000.0,2539000000.0,14155000000.0,2262000000.0,2262000000.0,2262000000.0
Kinder Morgan Inc,KMI,549300WR7IX8XE0TBO16,1506307,2020.0,Q1TTM,2019-04-01,2020-03-31,,0.58,0.58,1.0,2383000000.0,0.58,29000000.0,814000000.0,1381000000.0,1381000000.0,,1328000000.0,53000000.0,2978000000.0,12886000000.0,400000000.0,-27000000.0,-4000000.0,,,3202000000.0,3378000000.0,9508000000.0,-24000000.0,-1700000000.0,5610000000.0,3898000000.0,-1703000000.0,2195000000.0,12886000000.0,2264000000.0,2264000000.0,2264000000.0
Kinder Morgan Inc,KMI,549300WR7IX8XE0TBO16,1506307,2020.0,Q1,2020-01-01,2020-03-31,2020-04-28 17:47:04+00:00,-0.14,-0.14,0.25,565000000.0,-0.14,971000000.0,60000000.0,-291000000.0,-291000000.0,,-306000000.0,15000000.0,663000000.0,3106000000.0,92000000.0,-30000000.0,-1000000.0,,,773000000.0,755000000.0,2351000000.0,436000000.0,192000000.0,2308000000.0,43000000.0,-274000000.0,-231000000.0,3106000000.0,2264000000.0,2264000000.0,2264000000.0
