company_name,company_ticker,company_lei,company_cik,year,quarter,start_date,end_date,filing_date,basicdilutedeps,basiceps,cashdividendspershare,depreciationexpense,dilutedeps,impairmentexpense,incometaxexpense,netincome,netincomecontinuing,netincomediscontinued,netincometocommon,netincometononcontrollinginterest,operatingcostofrevenue,operatingrevenue,otheradjustmentstoconsolidatednetincome,othercostofrevenue,otherincome,otheroperatingexpenses,otherrevenue,otherspecialcharges,sgaexpense,totalcostofrevenue,totalgrossprofit,totalinterestexpense,totaloperatingexpenses,totaloperatingincome,totalotherincome,totalpretaxincome,totalrevenue,weightedavebasicdilutedsharesos,weightedavebasicsharesos,weightedavedilutedsharesos
Davita Inc,DVA,M2XHYMU3TZNEZURC6H66,927066,2007.0,FY,2007-01-01,2007-12-31,2010-02-25 16:44:41+00:00,3.61,3.61,,193470000.0,3.55,,245581000.0,428643000.0,428643000.0,,381778000.0,46865000.0,3590344000.0,5264151000.0,,136682000.0,22460000.0,,,-56492000.0,491236000.0,3727026000.0,1537125000.0,257147000.0,628214000.0,908911000.0,-234687000.0,674224000.0,5264151000.0,105800000.0,105893052.0,107418240.0
Davita Inc,DVA,M2XHYMU3TZNEZURC6H66,927066,2008.0,FY,2008-01-01,2008-12-31,2011-02-25 12:35:59+00:00,3.56,3.56,,216917000.0,3.53,,235471000.0,421320000.0,421320000.0,,374160000.0,47160000.0,3920487000.0,5660173000.0,,146229000.0,12411000.0,,,-796000.0,508240000.0,4066716000.0,1593457000.0,224716000.0,724361000.0,869096000.0,-212305000.0,656791000.0,5660173000.0,105100000.0,105149448.0,105939725.0
Davita Inc,DVA,M2XHYMU3TZNEZURC6H66,927066,2008.0,Q3,2008-07-01,2008-09-30,2009-11-05 17:16:11+00:00,0.9,0.9,,54970000.0,0.89,,62010000.0,93910000.0,107738000.0,,93910000.0,,1005648000.0,1447135000.0,-13828000.0,37305000.0,2481000.0,,,-1177000.0,128617000.0,1042953000.0,404182000.0,54505000.0,182410000.0,221772000.0,-52024000.0,169748000.0,1447135000.0,104300000.0,104556770.0,105577823.0
Davita Inc,DVA,M2XHYMU3TZNEZURC6H66,927066,2008.0,Q2,2008-04-01,2008-06-30,2009-08-07 00:00:00+00:00,0.91,0.91,,52892000.0,0.9,,58273000.0,94951000.0,107828000.0,,94951000.0,,973286000.0,1407304000.0,-12877000.0,37497000.0,2987000.0,,,-4000.0,125199000.0,1010783000.0,396521000.0,55320000.0,178087000.0,218434000.0,-52333000.0,166101000.0,1407304000.0,104300000.0,104814817.0,105617173.0
Davita Inc,DVA,M2XHYMU3TZNEZURC6H66,927066,2009.0,Q4,2009-10-01,2009-12-31,,1.06,1.06,,56275000.0,1.06,,68728000.0,166799000.0,125190000.0,393000.0,109724000.0,57075000.0,1088525000.0,1560052000.0,41216000.0,41398000.0,680000.0,,,-1376000.0,137161000.0,1129923000.0,430129000.0,44831000.0,192060000.0,238069000.0,-44151000.0,193918000.0,1560052000.0,103600000.0,103603885.0,104167685.0
Davita Inc,DVA,M2XHYMU3TZNEZURC6H66,927066,2009.0,FY,2009-01-01,2009-12-31,2012-02-24 15:38:01+00:00,4.08,4.08,,228396000.0,4.06,,278213000.0,479759000.0,479366000.0,393000.0,422684000.0,57075000.0,4242147000.0,6100648000.0,,161388000.0,3706000.0,,,-2442000.0,531531000.0,4403535000.0,1697113000.0,185755000.0,757485000.0,939628000.0,-182049000.0,757579000.0,6100648000.0,103600000.0,103603885.0,104167685.0
Davita Inc,DVA,M2XHYMU3TZNEZURC6H66,927066,2009.0,Q3,2009-07-01,2009-09-30,2009-11-05 17:16:11+00:00,1.07,1.07,,56813000.0,1.06,,74195000.0,110930000.0,126270000.0,,110930000.0,,1095857000.0,1573915000.0,-15340000.0,42021000.0,999000.0,,,-708000.0,134931000.0,1137878000.0,436037000.0,45535000.0,191036000.0,245001000.0,-44536000.0,200465000.0,1573915000.0,103700000.0,104127334.0,104607318.0
Davita Inc,DVA,M2XHYMU3TZNEZURC6H66,927066,2009.0,Q3YTD,2009-01-01,2009-09-30,,3.02,3.02,,172121000.0,3.0,,209485000.0,312960000.0,354176000.0,,312960000.0,,3153622000.0,4540596000.0,-41216000.0,119990000.0,3026000.0,,,-1066000.0,394370000.0,3273612000.0,1266984000.0,140924000.0,565425000.0,701559000.0,-137898000.0,563661000.0,4540596000.0,103700000.0,104127334.0,104607318.0
Davita Inc,DVA,M2XHYMU3TZNEZURC6H66,927066,2009.0,Q2,2009-04-01,2009-06-30,2009-08-07 00:00:00+00:00,1.02,1.02,,58185000.0,1.02,,70507000.0,105819000.0,119632000.0,,105819000.0,,1051879000.0,1519041000.0,-13813000.0,41233000.0,1273000.0,,,-376000.0,132166000.0,1093112000.0,425929000.0,47088000.0,189975000.0,235954000.0,-45815000.0,190139000.0,1519041000.0,103700000.0,103705683.0,103925843.0
Davita Inc,DVA,M2XHYMU3TZNEZURC6H66,927066,2009.0,Q2YTD,2009-01-01,2009-06-30,,1.95,1.95,,115308000.0,1.94,,135290000.0,202030000.0,227906000.0,,202030000.0,,2057765000.0,2966681000.0,-25876000.0,77969000.0,2027000.0,,,-358000.0,259439000.0,2135734000.0,830947000.0,95389000.0,374389000.0,456558000.0,-93362000.0,363196000.0,2966681000.0,103700000.0,103705683.0,103925843.0
Davita Inc,DVA,M2XHYMU3TZNEZURC6H66,927066,2009.0,Q1,2009-01-01,2009-03-31,2010-05-03 17:18:53+00:00,0.93,0.93,,57123000.0,0.92,,64783000.0,96211000.0,108274000.0,,96211000.0,,1005886000.0,1447640000.0,-12063000.0,36736000.0,754000.0,,,18000.0,127273000.0,1042622000.0,405018000.0,48301000.0,184414000.0,220604000.0,-47547000.0,173057000.0,1447640000.0,103500000.0,103878417.0,104409026.0
Davita Inc,DVA,M2XHYMU3TZNEZURC6H66,927066,2010.0,Q4,2010-10-01,2010-12-31,,0.91,0.91,0.31,57402000.0,0.91,,38493000.0,147556000.0,90495000.0,2045000.0,92514000.0,55042000.0,1090047000.0,1253384000.0,55016000.0,42176000.0,1090000.0,,336645000.0,-2031000.0,150403000.0,1132223000.0,457806000.0,124134000.0,205774000.0,252032000.0,-123044000.0,128988000.0,1590029000.0,101400000.0,101504373.0,103059171.0
Davita Inc,DVA,M2XHYMU3TZNEZURC6H66,927066,2010.0,FY,2010-01-01,2010-12-31,2013-02-28 21:11:46+00:00,4.0,4.0,,231548000.0,3.94,,258874000.0,484219000.0,482364000.0,1855000.0,405683000.0,78536000.0,4427862000.0,6049266000.0,,169867000.0,3419000.0,,336645000.0,-8999000.0,571825000.0,4597729000.0,1788182000.0,255989000.0,794374000.0,993808000.0,-252570000.0,741238000.0,6385911000.0,101400000.0,101504373.0,103059171.0
Davita Inc,DVA,M2XHYMU3TZNEZURC6H66,927066,2010.0,Q3YTD,2010-01-01,2010-09-30,,3.05,3.05,0.65,174146000.0,3.05,,220381000.0,336663000.0,391869000.0,-190000.0,313169000.0,23494000.0,3337815000.0,4795882000.0,-55016000.0,127691000.0,2329000.0,,,-6968000.0,421422000.0,3465506000.0,1330376000.0,131855000.0,588600000.0,741776000.0,-129526000.0,612250000.0,4795882000.0,82700000.0,102608844.0,104022458.0
Davita Inc,DVA,M2XHYMU3TZNEZURC6H66,927066,2010.0,Q3TTM,2009-10-01,2010-09-30,,4.12,4.12,0.85,230421000.0,4.12,,289109000.0,503462000.0,517059000.0,203000.0,422893000.0,80569000.0,4426340000.0,6355934000.0,-13800000.0,169089000.0,3009000.0,,,-8344000.0,558583000.0,4595429000.0,1760505000.0,176686000.0,780660000.0,979845000.0,-173677000.0,806168000.0,6355934000.0,82700000.0,102608844.0,104022458.0
Davita Inc,DVA,M2XHYMU3TZNEZURC6H66,927066,2010.0,Q2,2010-04-01,2010-06-30,2011-08-04 17:22:08+00:00,1.05,1.05,,58353000.0,1.04,0.0,71429000.0,107853000.0,123893000.0,,107853000.0,,1110552000.0,1586907000.0,-16040000.0,42367000.0,739000.0,,,-2834000.0,136104000.0,1152919000.0,433988000.0,47782000.0,191623000.0,242365000.0,-47043000.0,195322000.0,1586907000.0,102700000.0,103003623.0,104449065.0
Davita Inc,DVA,M2XHYMU3TZNEZURC6H66,927066,2010.0,Q2YTD,2010-01-01,2010-06-30,,2.1,2.1,,115821000.0,2.08,,145343000.0,217276000.0,248893000.0,,217276000.0,,2193341000.0,3146325000.0,-31617000.0,83930000.0,1570000.0,,,-5179000.0,273381000.0,2277271000.0,869054000.0,92365000.0,384023000.0,485031000.0,-90795000.0,394236000.0,3146325000.0,102700000.0,103003623.0,104449065.0
Davita Inc,DVA,M2XHYMU3TZNEZURC6H66,927066,2010.0,Q2TTM,2009-07-01,2010-06-30,,4.23,4.23,,228909000.0,4.2,,288266000.0,495005000.0,500353000.0,393000.0,437930000.0,57075000.0,4377723000.0,6280292000.0,-5741000.0,167349000.0,3249000.0,,,-7263000.0,545473000.0,4545072000.0,1735220000.0,182731000.0,767119000.0,968101000.0,-179482000.0,788619000.0,6280292000.0,102700000.0,103003623.0,104449065.0
Davita Inc,DVA,M2XHYMU3TZNEZURC6H66,927066,2010.0,Q1,2010-01-01,2010-03-31,2011-05-06 16:48:58+00:00,1.05,1.05,,57468000.0,1.04,,73914000.0,109423000.0,125000000.0,,109423000.0,,1082789000.0,1559418000.0,-15577000.0,41563000.0,831000.0,,,-2345000.0,137277000.0,1124352000.0,435066000.0,44583000.0,192400000.0,242666000.0,-43752000.0,198914000.0,1559418000.0,104200000.0,103364869.0,104765600.0
Davita Inc,DVA,M2XHYMU3TZNEZURC6H66,927066,2010.0,Q1TTM,2009-04-01,2010-03-31,,4.2,4.2,,228741000.0,4.18,,287344000.0,492971000.0,496092000.0,393000.0,435896000.0,57075000.0,4319050000.0,6212426000.0,-3514000.0,166215000.0,3783000.0,,,-4805000.0,541535000.0,4485265000.0,1727161000.0,182037000.0,765471000.0,961690000.0,-178254000.0,783436000.0,6212426000.0,104200000.0,103364869.0,104765600.0
Davita Inc,DVA,M2XHYMU3TZNEZURC6H66,927066,2011.0,Q4,2011-10-01,2011-12-31,,0.92,0.92,0.2,70160000.0,0.92,-24000000.0,101001000.0,243517000.0,191438000.0,-12475000.0,174608000.0,68909000.0,1162766000.0,1390317000.0,64554000.0,49895000.0,787000.0,,406367000.0,-2221000.0,186682000.0,1212661000.0,584023000.0,61750000.0,230621000.0,353402000.0,-60963000.0,292439000.0,1796684000.0,188900000.0,189316054.0,193064220.0
Davita Inc,DVA,M2XHYMU3TZNEZURC6H66,927066,2011.0,FY,2011-01-01,2011-12-31,2014-02-21 14:53:02+00:00,2.53,2.53,,264225000.0,2.48,,325292000.0,573395000.0,591313000.0,-17918000.0,478001000.0,95394000.0,4633620000.0,6515673000.0,,193543000.0,2982000.0,,406367000.0,-8776000.0,684715000.0,4827163000.0,2094877000.0,241090000.0,940164000.0,1154713000.0,-238108000.0,916605000.0,6922040000.0,188900000.0,189316054.0,193064220.0
Davita Inc,DVA,M2XHYMU3TZNEZURC6H66,927066,2011.0,Q3YTD,2011-01-01,2011-09-30,,3.25,3.25,0.82,194065000.0,3.25,24000000.0,224291000.0,329878000.0,399875000.0,-5443000.0,303393000.0,26485000.0,3470854000.0,5125356000.0,-64554000.0,143648000.0,2195000.0,,,-6555000.0,498033000.0,3614502000.0,1510854000.0,179340000.0,709543000.0,801311000.0,-177145000.0,624166000.0,5125356000.0,75100000.0,93441620.0,95171225.0
Davita Inc,DVA,M2XHYMU3TZNEZURC6H66,927066,2011.0,Q3TTM,2010-10-01,2011-09-30,,4.24,4.24,1.15,251467000.0,4.24,24000000.0,262784000.0,477434000.0,490370000.0,-3398000.0,395907000.0,81527000.0,4560901000.0,6378740000.0,-9538000.0,185824000.0,3285000.0,,336645000.0,-8586000.0,648436000.0,4746725000.0,1968660000.0,303474000.0,915317000.0,1053343000.0,-300189000.0,753154000.0,6715385000.0,75100000.0,93441620.0,95171225.0
Davita Inc,DVA,M2XHYMU3TZNEZURC6H66,927066,2011.0,Q2,2011-04-01,2011-06-30,2011-08-04 17:22:08+00:00,1.05,1.05,,64470000.0,1.03,24000000.0,67040000.0,100015000.0,120665000.0,,100015000.0,,1165220000.0,1711529000.0,-20650000.0,49417000.0,556000.0,,,-2417000.0,163793000.0,1214637000.0,496892000.0,59897000.0,249846000.0,247046000.0,-59341000.0,187705000.0,1711529000.0,95300000.0,95488449.0,97657578.0
Davita Inc,DVA,M2XHYMU3TZNEZURC6H66,927066,2011.0,Q2YTD,2011-01-01,2011-06-30,,2.04,2.04,0.58,126507000.0,2.04,24000000.0,130087000.0,194517000.0,235417000.0,,194517000.0,,2281216000.0,3317487000.0,-40900000.0,91706000.0,1397000.0,,,-3936000.0,315395000.0,2372922000.0,944565000.0,118492000.0,461966000.0,482599000.0,-117095000.0,365504000.0,3317487000.0,95300000.0,95488449.0,97657578.0
Davita Inc,DVA,M2XHYMU3TZNEZURC6H66,927066,2011.0,Q2TTM,2010-07-01,2011-06-30,,4.01,4.01,1.15,242234000.0,4.01,24000000.0,243618000.0,461460000.0,468888000.0,1855000.0,382924000.0,78536000.0,4515737000.0,6220428000.0,-9283000.0,177643000.0,3246000.0,,336645000.0,-7756000.0,613839000.0,4693380000.0,1863693000.0,282116000.0,872317000.0,991376000.0,-278870000.0,712506000.0,6557073000.0,95300000.0,95488449.0,97657578.0
Davita Inc,DVA,M2XHYMU3TZNEZURC6H66,927066,2011.0,Q1,2011-01-01,2011-03-31,2011-05-06 16:48:58+00:00,0.98,0.98,,62037000.0,0.96,,63047000.0,94502000.0,114752000.0,,94502000.0,,1115996000.0,1605958000.0,-20250000.0,42289000.0,841000.0,,,-1519000.0,151602000.0,1158285000.0,447673000.0,58595000.0,212120000.0,235553000.0,-57754000.0,177799000.0,1605958000.0,96400000.0,96263802.0,98378371.0
Davita Inc,DVA,M2XHYMU3TZNEZURC6H66,927066,2011.0,Q1TTM,2010-04-01,2011-03-31,,4.06,4.06,1.04,236117000.0,4.06,,248007000.0,469298000.0,472116000.0,1855000.0,390762000.0,78536000.0,4461069000.0,6095806000.0,-4673000.0,170593000.0,3429000.0,,336645000.0,-8173000.0,586150000.0,4631662000.0,1800789000.0,270001000.0,814094000.0,986695000.0,-266572000.0,720123000.0,6432451000.0,96400000.0,96263802.0,98378371.0
Davita Inc,DVA,M2XHYMU3TZNEZURC6H66,927066,2012.0,Q4,2012-10-01,2012-12-31,,0.94,0.94,0.23,108198000.0,0.94,,97976000.0,261059000.0,184374000.0,-904000.0,180506000.0,80553000.0,1680150000.0,2417412000.0,77589000.0,66777000.0,1039000.0,,94230000.0,-226000.0,268499000.0,1746927000.0,764715000.0,106933000.0,376471000.0,388244000.0,-105894000.0,282350000.0,2511642000.0,192100000.0,192035878.0,195942160.0
Davita Inc,DVA,M2XHYMU3TZNEZURC6H66,927066,2012.0,FY,2012-01-01,2012-12-31,2015-02-26 17:28:11+00:00,2.79,2.79,,341969000.0,2.74,,359845000.0,641237000.0,641459000.0,-222000.0,536017000.0,105220000.0,5583549000.0,7833238000.0,,239557000.0,3737000.0,,588260000.0,69460000.0,889879000.0,5823106000.0,2598392000.0,299517000.0,1301308000.0,1297084000.0,-295780000.0,1001304000.0,8421498000.0,192100000.0,192035878.0,195942160.0
Davita Inc,DVA,M2XHYMU3TZNEZURC6H66,927066,2012.0,Q3,2012-07-01,2012-09-30,2012-10-31 14:45:20+00:00,1.52,1.52,,80586000.0,1.5,0.0,98634000.0,144721000.0,172550000.0,0.0,144721000.0,,1340918000.0,1838363000.0,-27829000.0,62272000.0,819000.0,,184406000.0,-3064000.0,201198000.0,1403190000.0,619579000.0,70494000.0,278720000.0,340859000.0,-69675000.0,271184000.0,2022769000.0,95200000.0,94979858.0,96634620.0
Davita Inc,DVA,M2XHYMU3TZNEZURC6H66,927066,2012.0,Q3YTD,2012-01-01,2012-09-30,,3.74,3.74,1.01,233771000.0,3.74,,261869000.0,380178000.0,457085000.0,682000.0,355511000.0,24667000.0,3903399000.0,5415826000.0,-77589000.0,172780000.0,2698000.0,,494030000.0,69686000.0,621380000.0,4076179000.0,1833677000.0,192584000.0,924837000.0,908840000.0,-189886000.0,718954000.0,5909856000.0,95200000.0,94979858.0,96634620.0
Davita Inc,DVA,M2XHYMU3TZNEZURC6H66,927066,2012.0,Q3TTM,2011-10-01,2012-09-30,,5.58,5.58,1.41,303931000.0,5.58,-24000000.0,362870000.0,623695000.0,648523000.0,-11793000.0,530119000.0,93576000.0,5066165000.0,6806143000.0,-13035000.0,222675000.0,3485000.0,,900397000.0,67465000.0,808062000.0,5288840000.0,2417700000.0,254334000.0,1155458000.0,1262242000.0,-250849000.0,1011393000.0,7706540000.0,95200000.0,94979858.0,96634620.0
Davita Inc,DVA,M2XHYMU3TZNEZURC6H66,927066,2012.0,Q2YTD,2012-01-01,2012-06-30,,2.24,2.24,0.64,153185000.0,2.24,,163235000.0,235457000.0,284535000.0,682000.0,210790000.0,24667000.0,2562481000.0,3577463000.0,-49760000.0,110508000.0,1879000.0,,309624000.0,72750000.0,420182000.0,2672989000.0,1214098000.0,122090000.0,646117000.0,567981000.0,-120211000.0,447770000.0,3887087000.0,70000000.0,94171583.0,96002190.0
Davita Inc,DVA,M2XHYMU3TZNEZURC6H66,927066,2012.0,Q2TTM,2011-07-01,2012-06-30,,5.25,5.25,1.27,290903000.0,5.25,-24000000.0,358440000.0,614335000.0,640431000.0,-17236000.0,494274000.0,120061000.0,4914885000.0,6775649000.0,-8860000.0,212345000.0,3464000.0,,715991000.0,67910000.0,789502000.0,5127230000.0,2364410000.0,244688000.0,1124315000.0,1240095000.0,-241224000.0,998871000.0,7491640000.0,70000000.0,94171583.0,96002190.0
Davita Inc,DVA,M2XHYMU3TZNEZURC6H66,927066,2012.0,Q1,2012-01-01,2012-03-31,2012-05-02 17:12:15+00:00,1.49,1.49,,75975000.0,1.46,,95495000.0,140120000.0,164883000.0,0.0,140120000.0,,1263159000.0,1763700000.0,-24763000.0,55032000.0,1039000.0,,155943000.0,-2632000.0,207389000.0,1318191000.0,601452000.0,61381000.0,280732000.0,320720000.0,-60342000.0,260378000.0,1919643000.0,94000000.0,93769092.0,95729105.0
Davita Inc,DVA,M2XHYMU3TZNEZURC6H66,927066,2012.0,Q1TTM,2011-04-01,2012-03-31,,5.58,5.58,1.3,278163000.0,5.58,,357740000.0,619013000.0,641444000.0,-17918000.0,523619000.0,95394000.0,4780783000.0,6673415000.0,-4513000.0,206286000.0,3180000.0,,562310000.0,-9889000.0,740502000.0,4987069000.0,2248656000.0,243876000.0,1008776000.0,1239880000.0,-240696000.0,999184000.0,7235725000.0,94000000.0,93769092.0,95729105.0
Davita Inc,DVA,M2XHYMU3TZNEZURC6H66,927066,2013.0,FY,2013-01-01,2013-12-31,2014-02-21 14:53:02+00:00,3.02,3.02,,528737000.0,2.95,,381013000.0,757201000.0,743965000.0,13236000.0,633446000.0,123755000.0,8198377000.0,11294510000.0,,298398000.0,4787000.0,,763086000.0,305465000.0,1176485000.0,8496775000.0,3560821000.0,429943000.0,2010687000.0,1550134000.0,-425156000.0,1124978000.0,12057596000.0,209800000.0,209939364.0,214763887.0
Davita Inc,DVA,M2XHYMU3TZNEZURC6H66,927066,2013.0,Q4,2013-10-01,2013-12-31,,1.01,1.01,0.2,139474000.0,1.01,,135747000.0,244273000.0,244273000.0,,212278000.0,31995000.0,2127832000.0,2919334000.0,,78037000.0,3450000.0,,220696000.0,-8319000.0,318827000.0,2205869000.0,934161000.0,107609000.0,449982000.0,484179000.0,-104159000.0,380020000.0,3140030000.0,209800000.0,209939364.0,214763887.0
Davita Inc,DVA,M2XHYMU3TZNEZURC6H66,927066,2013.0,Q3YTD,2013-01-01,2013-09-30,,2.0,2.0,0.48,389263000.0,2.0,,245266000.0,512928000.0,499692000.0,13236000.0,421168000.0,91760000.0,6070545000.0,8375176000.0,,220361000.0,1337000.0,,542390000.0,313784000.0,857658000.0,6290906000.0,2626660000.0,322334000.0,1560705000.0,1065955000.0,-320997000.0,744958000.0,8917566000.0,210200000.0,210394560.0,214902860.0
Davita Inc,DVA,M2XHYMU3TZNEZURC6H66,927066,2013.0,Q3TTM,2012-10-01,2013-09-30,,2.86,2.86,0.69,497461000.0,2.86,,343242000.0,773987000.0,684066000.0,12332000.0,601674000.0,172313000.0,7750695000.0,10792588000.0,77589000.0,287138000.0,2376000.0,,636620000.0,313558000.0,1126157000.0,8037833000.0,3391375000.0,429267000.0,1937176000.0,1454199000.0,-426891000.0,1027308000.0,11429208000.0,210200000.0,210394560.0,214902860.0
Davita Inc,DVA,M2XHYMU3TZNEZURC6H66,927066,2013.0,Q3,2013-07-01,2013-09-30,2014-11-06 17:23:42+00:00,0.65,0.65,,132765000.0,0.64,,100930000.0,169836000.0,169836000.0,,136628000.0,33208000.0,2095334000.0,2873963000.0,,75975000.0,2113000.0,,200100000.0,87777000.0,305138000.0,2171309000.0,902754000.0,108421000.0,525680000.0,377074000.0,-106308000.0,270766000.0,3074063000.0,210200000.0,210394560.0,214902860.0
Davita Inc,DVA,M2XHYMU3TZNEZURC6H66,927066,2013.0,Q2YTD,2013-01-01,2013-06-30,,1.36,1.36,0.31,256498000.0,1.36,,144336000.0,343092000.0,329856000.0,13236000.0,284540000.0,58552000.0,3975211000.0,5501213000.0,,144386000.0,-776000.0,,342290000.0,226007000.0,552520000.0,4119597000.0,1723906000.0,213913000.0,1035025000.0,688881000.0,-214689000.0,474192000.0,5843503000.0,210200000.0,209797334.0,214849164.0
Davita Inc,DVA,M2XHYMU3TZNEZURC6H66,927066,2013.0,Q2TTM,2012-07-01,2013-06-30,,2.91,2.91,0.69,445282000.0,2.91,,340946000.0,748872000.0,686780000.0,12332000.0,609767000.0,139105000.0,6996279000.0,9756988000.0,49760000.0,273435000.0,1082000.0,,620926000.0,222717000.0,1022217000.0,7269714000.0,3108200000.0,391340000.0,1690216000.0,1417984000.0,-390258000.0,1027726000.0,10377914000.0,210200000.0,209797334.0,214849164.0
Davita Inc,DVA,M2XHYMU3TZNEZURC6H66,927066,2013.0,Q2,2013-04-01,2013-06-30,2014-08-01 15:10:02+00:00,1.21,1.21,,130589000.0,1.18,,129192000.0,283358000.0,283358000.0,,254376000.0,28982000.0,2014320000.0,2758725000.0,,73451000.0,-1374000.0,,185139000.0,-64626000.0,268110000.0,2087771000.0,856093000.0,108096000.0,334073000.0,522020000.0,-109470000.0,412550000.0,2943864000.0,210200000.0,209797334.0,214849164.0
Davita Inc,DVA,M2XHYMU3TZNEZURC6H66,927066,2013.0,Q1TTM,2012-04-01,2013-03-31,,2.04,2.04,0.69,391903000.0,2.04,,279494000.0,560851000.0,523074000.0,13014000.0,426061000.0,134790000.0,6281281000.0,8812026000.0,24763000.0,255460000.0,3296000.0,,589468000.0,362725000.0,966900000.0,6536741000.0,2864753000.0,343953000.0,1721528000.0,1143225000.0,-340657000.0,802568000.0,9401494000.0,215500000.0,208968952.0,214127266.0
Davita Inc,DVA,M2XHYMU3TZNEZURC6H66,927066,2013.0,Q1,2013-01-01,2013-03-31,2014-05-02 14:55:40+00:00,0.14,0.14,,125909000.0,0.14,,15144000.0,59734000.0,46498000.0,13236000.0,30164000.0,29570000.0,1960891000.0,2742488000.0,,70935000.0,598000.0,,157151000.0,290633000.0,284410000.0,2031826000.0,867813000.0,105817000.0,700952000.0,166861000.0,-105219000.0,61642000.0,2899639000.0,215500000.0,208968952.0,214127266.0
Davita Inc,DVA,M2XHYMU3TZNEZURC6H66,927066,2014.0,FY,2014-01-01,2014-12-31,2017-02-24 16:32:10+00:00,3.41,3.41,,590935000.0,3.33,,446343000.0,863330000.0,863330000.0,,723114000.0,140216000.0,9119305000.0,12129626000.0,,381337000.0,2374000.0,,1032364000.0,-6234000.0,1261506000.0,9500642000.0,3661348000.0,507842000.0,1846207000.0,1815141000.0,-505468000.0,1309673000.0,13161990000.0,212100000.0,212301827.0,216927681.0
Davita Inc,DVA,M2XHYMU3TZNEZURC6H66,927066,2014.0,Q4,2014-10-01,2014-12-31,,0.98,0.98,0.24,153253000.0,0.98,,103977000.0,250388000.0,250388000.0,,208020000.0,42368000.0,2366461000.0,3150266000.0,,101437000.0,229000.0,,274415000.0,-4542000.0,355987000.0,2467898000.0,956783000.0,97949000.0,504698000.0,452085000.0,-97720000.0,354365000.0,3424681000.0,212100000.0,212301827.0,216927681.0
Davita Inc,DVA,M2XHYMU3TZNEZURC6H66,927066,2014.0,Q3,2014-07-01,2014-09-30,2015-11-04 18:52:58+00:00,0.87,0.87,,149196000.0,0.85,,116628000.0,219784000.0,219784000.0,,184122000.0,35662000.0,2326534000.0,3091079000.0,,102932000.0,-1246000.0,,259716000.0,11775000.0,322822000.0,2429466000.0,921329000.0,99878000.0,483793000.0,437536000.0,-101124000.0,336412000.0,3350795000.0,211600000.0,212617238.0,217236493.0
Davita Inc,DVA,M2XHYMU3TZNEZURC6H66,927066,2014.0,Q3YTD,2014-01-01,2014-09-30,,2.42,2.42,0.55,437682000.0,2.42,,342366000.0,612942000.0,612942000.0,,515094000.0,97848000.0,6752844000.0,8979360000.0,,279900000.0,2145000.0,,757949000.0,-1692000.0,905519000.0,7032744000.0,2704565000.0,409893000.0,1341509000.0,1363056000.0,-407748000.0,955308000.0,9737309000.0,211600000.0,212617238.0,217236493.0
Davita Inc,DVA,M2XHYMU3TZNEZURC6H66,927066,2014.0,Q3TTM,2013-10-01,2014-09-30,,3.42,3.42,0.75,577156000.0,3.42,,478113000.0,857215000.0,857215000.0,,727372000.0,129843000.0,8880676000.0,11898694000.0,,357937000.0,5595000.0,,978645000.0,-10011000.0,1224346000.0,9238613000.0,3638726000.0,517502000.0,1791491000.0,1847235000.0,-511907000.0,1335328000.0,12877339000.0,211600000.0,212617238.0,217236493.0
Davita Inc,DVA,M2XHYMU3TZNEZURC6H66,927066,2014.0,Q2YTD,2014-01-01,2014-06-30,,1.56,1.56,0.34,288486000.0,1.56,,225738000.0,393158000.0,393158000.0,,330972000.0,62186000.0,4426310000.0,5888281000.0,,176968000.0,3391000.0,,498233000.0,-13467000.0,582697000.0,4603278000.0,1783236000.0,310015000.0,857716000.0,925520000.0,-306624000.0,618896000.0,6386514000.0,211000000.0,212258994.0,216720944.0
Davita Inc,DVA,M2XHYMU3TZNEZURC6H66,927066,2014.0,Q2TTM,2013-07-01,2014-06-30,,3.2,3.2,0.7,560725000.0,3.2,,462415000.0,807267000.0,807267000.0,,679878000.0,127389000.0,8649476000.0,11681578000.0,,330980000.0,8954000.0,,919029000.0,65991000.0,1206662000.0,8980456000.0,3620151000.0,526045000.0,1833378000.0,1786773000.0,-517091000.0,1269682000.0,12600607000.0,211000000.0,212258994.0,216720944.0
Davita Inc,DVA,M2XHYMU3TZNEZURC6H66,927066,2014.0,Q2,2014-04-01,2014-06-30,2015-08-04 18:12:51+00:00,0.7,0.7,,145907000.0,0.68,,100887000.0,181421000.0,181421000.0,,147683000.0,33738000.0,2246538000.0,2986618000.0,,91260000.0,1693000.0,,273923000.0,-6095000.0,298636000.0,2337798000.0,922743000.0,203680000.0,438448000.0,484295000.0,-201987000.0,282308000.0,3260541000.0,211000000.0,212258994.0,216720944.0
Davita Inc,DVA,M2XHYMU3TZNEZURC6H66,927066,2014.0,Q1,2014-01-01,2014-03-31,2015-05-08 17:21:51+00:00,0.87,0.87,,142579000.0,0.85,,124851000.0,211737000.0,211737000.0,,183289000.0,28448000.0,2179772000.0,2901663000.0,,85708000.0,1698000.0,,224310000.0,-7372000.0,284061000.0,2265480000.0,860493000.0,106335000.0,419268000.0,441225000.0,-104637000.0,336588000.0,3125973000.0,210700000.0,211375232.0,216118922.0
Davita Inc,DVA,M2XHYMU3TZNEZURC6H66,927066,2014.0,Q1TTM,2013-04-01,2014-03-31,,3.72,3.72,0.67,545407000.0,3.72,,490720000.0,909204000.0,909204000.0,,786571000.0,122633000.0,8417258000.0,11453685000.0,,313171000.0,5887000.0,,830245000.0,7460000.0,1176136000.0,8730429000.0,3553501000.0,430461000.0,1729003000.0,1824498000.0,-424574000.0,1399924000.0,12283930000.0,210700000.0,211375232.0,216118922.0
Davita Inc,DVA,M2XHYMU3TZNEZURC6H66,927066,2015.0,FY,2015-01-01,2015-12-31,2018-02-23 14:57:24+00:00,1.27,1.27,,463905000.0,1.25,4066000.0,207510000.0,427410000.0,480877000.0,-53467000.0,269732000.0,157678000.0,6856062000.0,9155447000.0,,422145000.0,8073000.0,,1239703000.0,481081000.0,1031125000.0,7278207000.0,3116943000.0,456452000.0,1980177000.0,1136766000.0,-448379000.0,688387000.0,10395150000.0,212400000.0,211867714.0,216252000.0
Davita Inc,DVA,M2XHYMU3TZNEZURC6H66,927066,2015.0,Q4,2015-10-01,2015-12-31,,-0.03,-0.03,,-10789000.0,-0.01,1000.0,23617000.0,34474000.0,87941000.0,-53467000.0,-6000000.0,40474000.0,-453641000.0,-537533000.0,,101067000.0,3811000.0,,369854000.0,-3195000.0,-12128000.0,-352574000.0,184895000.0,103259000.0,-26111000.0,211006000.0,-99448000.0,111558000.0,-167679000.0,212400000.0,211867714.0,216252000.0
Davita Inc,DVA,M2XHYMU3TZNEZURC6H66,927066,2015.0,Q3,2015-07-01,2015-09-30,2016-11-02 17:12:50+00:00,1.02,1.02,,162062000.0,1.0,,147064000.0,261307000.0,261307000.0,,215872000.0,45435000.0,2501015000.0,3340881000.0,,111963000.0,2484000.0,,294236000.0,-2783000.0,353492000.0,2612978000.0,1022139000.0,103481000.0,512771000.0,509368000.0,-100997000.0,408371000.0,3635117000.0,211600000.0,212374897.0,216691461.0
Davita Inc,DVA,M2XHYMU3TZNEZURC6H66,927066,2015.0,Q3YTD,2015-01-01,2015-09-30,,1.3,1.3,0.7,474694000.0,1.3,4065000.0,183893000.0,392936000.0,392936000.0,,275732000.0,117204000.0,7309703000.0,9692980000.0,,321078000.0,4262000.0,,869849000.0,484276000.0,1043253000.0,7630781000.0,2932048000.0,353193000.0,2006288000.0,925760000.0,-348931000.0,576829000.0,10562829000.0,211600000.0,212374897.0,216691461.0
Davita Inc,DVA,M2XHYMU3TZNEZURC6H66,927066,2015.0,Q3TTM,2014-10-01,2015-09-30,,2.28,2.28,0.94,627947000.0,2.28,4065000.0,287870000.0,643324000.0,643324000.0,,483752000.0,159572000.0,9676164000.0,12843246000.0,,422515000.0,4491000.0,,1144264000.0,479734000.0,1399240000.0,10098679000.0,3888831000.0,451142000.0,2510986000.0,1377845000.0,-446651000.0,931194000.0,13987510000.0,211600000.0,212374897.0,216691461.0
Davita Inc,DVA,M2XHYMU3TZNEZURC6H66,927066,2015.0,Q2,2015-04-01,2015-06-30,2016-08-08 17:12:15+00:00,0.8,0.8,,158843000.0,0.78,4065000.0,122762000.0,207777000.0,207777000.0,,170477000.0,37300000.0,2446076000.0,3229769000.0,,108124000.0,2311000.0,,310814000.0,-5033000.0,347960000.0,2554200000.0,986383000.0,152320000.0,505835000.0,480548000.0,-150009000.0,330539000.0,3540583000.0,213100000.0,212991606.0,217606198.0
Davita Inc,DVA,M2XHYMU3TZNEZURC6H66,927066,2015.0,Q2YTD,2015-01-01,2015-06-30,,0.28,0.28,0.42,312632000.0,0.28,4065000.0,36829000.0,131629000.0,131629000.0,,59860000.0,71769000.0,4808688000.0,6352099000.0,,209115000.0,1778000.0,,575613000.0,487059000.0,689761000.0,5017803000.0,1909909000.0,249712000.0,1493517000.0,416392000.0,-247934000.0,168458000.0,6927712000.0,213100000.0,212991606.0,217606198.0
Davita Inc,DVA,M2XHYMU3TZNEZURC6H66,927066,2015.0,Q2TTM,2014-07-01,2015-06-30,,2.12,2.12,0.87,615081000.0,2.12,4065000.0,257434000.0,601801000.0,601801000.0,,452002000.0,149799000.0,9501683000.0,12593444000.0,,413484000.0,761000.0,,1109744000.0,494292000.0,1368570000.0,9915167000.0,3788021000.0,447539000.0,2482008000.0,1306013000.0,-446778000.0,859235000.0,13703188000.0,213100000.0,212991606.0,217606198.0
Davita Inc,DVA,M2XHYMU3TZNEZURC6H66,927066,2015.0,Q1,2015-01-01,2015-03-31,2016-05-04 16:57:39+00:00,-0.52,-0.52,,153789000.0,-0.52,,-85933000.0,-76148000.0,-76148000.0,,-110617000.0,34469000.0,2362612000.0,3122330000.0,,100991000.0,-533000.0,,264799000.0,492092000.0,341801000.0,2463603000.0,923526000.0,97392000.0,987682000.0,-64156000.0,-97925000.0,-162081000.0,3387129000.0,212700000.0,213387253.0,213387253.0
Davita Inc,DVA,M2XHYMU3TZNEZURC6H66,927066,2015.0,Q1TTM,2014-04-01,2015-03-31,,2.01,2.01,0.82,602145000.0,2.01,,235559000.0,575445000.0,575445000.0,,429208000.0,146237000.0,9302145000.0,12350293000.0,,396620000.0,143000.0,,1072853000.0,493230000.0,1319246000.0,9698765000.0,3724381000.0,498899000.0,2414621000.0,1309760000.0,-498756000.0,811004000.0,13423146000.0,212700000.0,213387253.0,213387253.0
Davita Inc,DVA,M2XHYMU3TZNEZURC6H66,927066,2016.0,FY,2016-01-01,2016-12-31,2019-02-22 16:07:40+00:00,4.36,4.36,,509497000.0,4.29,43408000.0,431761000.0,1033082000.0,1191344000.0,-158262000.0,879874000.0,153208000.0,7431582000.0,11138771000.0,,442981000.0,7511000.0,,,-391248000.0,1072841000.0,7874563000.0,3264208000.0,414116000.0,1234498000.0,2029710000.0,-406605000.0,1623105000.0,11138771000.0,201800000.0,201641000.0,204905000.0
Davita Inc,DVA,M2XHYMU3TZNEZURC6H66,927066,2016.0,Q4,2016-10-01,2016-12-31,,0.82,0.82,,-21978000.0,0.8,-209592000.0,65750000.0,188270000.0,346532000.0,-158262000.0,157726000.0,30544000.0,-519405000.0,770560000.0,,96937000.0,-556000.0,,-997340000.0,18036000.0,-107373000.0,-422468000.0,195688000.0,103757000.0,-320907000.0,516595000.0,-104313000.0,412282000.0,-226780000.0,201800000.0,201641000.0,204905000.0
Davita Inc,DVA,M2XHYMU3TZNEZURC6H66,927066,2016.0,Q3,2016-07-01,2016-09-30,2017-11-07 17:06:47+00:00,2.8,2.8,,181739000.0,2.76,0.0,104301000.0,612150000.0,612150000.0,,571332000.0,40818000.0,2697629000.0,3515732000.0,,119328000.0,1876000.0,,330399000.0,-378611000.0,406890000.0,2816957000.0,1029174000.0,104581000.0,210018000.0,819156000.0,-102705000.0,716451000.0,3846131000.0,204000000.0,203761433.0,206961000.0
Davita Inc,DVA,M2XHYMU3TZNEZURC6H66,927066,2016.0,Q3YTD,2016-01-01,2016-09-30,,3.54,3.54,,531475000.0,3.49,253000000.0,366011000.0,844812000.0,844812000.0,,722148000.0,122664000.0,7950987000.0,10368211000.0,,346044000.0,8067000.0,,997340000.0,-409284000.0,1180214000.0,8297031000.0,3068520000.0,310359000.0,1555405000.0,1513115000.0,-302292000.0,1210823000.0,11365551000.0,204000000.0,203761433.0,206961000.0
Davita Inc,DVA,M2XHYMU3TZNEZURC6H66,927066,2016.0,Q3TTM,2015-10-01,2016-09-30,,3.51,3.51,,520686000.0,3.48,253001000.0,389628000.0,879286000.0,932753000.0,-53467000.0,716148000.0,163138000.0,7497346000.0,9830678000.0,,447111000.0,11878000.0,,1367194000.0,-412479000.0,1168086000.0,7944457000.0,3253415000.0,413618000.0,1529294000.0,1724121000.0,-401740000.0,1322381000.0,11197872000.0,204000000.0,203761433.0,206961000.0
Davita Inc,DVA,M2XHYMU3TZNEZURC6H66,927066,2016.0,Q2,2016-04-01,2016-06-30,2017-08-01 17:07:18+00:00,0.26,0.26,,180381000.0,0.26,176000000.0,134888000.0,94503000.0,94503000.0,,53382000.0,41121000.0,2671025000.0,3483499000.0,,114994000.0,3215000.0,,345580000.0,-29286000.0,386895000.0,2786019000.0,1043060000.0,102894000.0,713990000.0,329070000.0,-99679000.0,229391000.0,3829079000.0,205300000.0,204497970.0,208047172.0
Davita Inc,DVA,M2XHYMU3TZNEZURC6H66,927066,2016.0,Q2YTD,2016-01-01,2016-06-30,,0.74,0.74,,349736000.0,0.73,253000000.0,261710000.0,232662000.0,232662000.0,,150816000.0,81846000.0,5253358000.0,6852479000.0,,226716000.0,6191000.0,,666941000.0,-30673000.0,773324000.0,5480074000.0,2039346000.0,205778000.0,1345387000.0,693959000.0,-199587000.0,494372000.0,7519420000.0,205300000.0,204497970.0,208047172.0
Davita Inc,DVA,M2XHYMU3TZNEZURC6H66,927066,2016.0,Q2TTM,2015-07-01,2016-06-30,,1.76,1.76,1.23,501009000.0,1.76,253001000.0,432391000.0,528443000.0,581910000.0,-53467000.0,360688000.0,167755000.0,7300732000.0,9655827000.0,,439746000.0,12486000.0,,1331031000.0,-36651000.0,1114688000.0,7740478000.0,3246380000.0,412518000.0,1832047000.0,1414333000.0,-400032000.0,1014301000.0,10986858000.0,205300000.0,204497970.0,208047172.0
Davita Inc,DVA,M2XHYMU3TZNEZURC6H66,927066,2016.0,Q1,2016-01-01,2016-03-31,2017-05-02 17:17:01+00:00,0.48,0.48,,169355000.0,0.47,77000000.0,126822000.0,138159000.0,138159000.0,,97434000.0,40725000.0,2582333000.0,3368980000.0,,111722000.0,2976000.0,,321361000.0,-1387000.0,386429000.0,2694055000.0,996286000.0,102884000.0,631397000.0,364889000.0,-99908000.0,264981000.0,3690341000.0,203000000.0,204367000.0,207928000.0
Davita Inc,DVA,M2XHYMU3TZNEZURC6H66,927066,2016.0,Q1TTM,2015-04-01,2016-03-31,,2.34,2.34,1.24,479471000.0,2.34,81066000.0,420265000.0,641717000.0,695184000.0,-53467000.0,477783000.0,163934000.0,7075783000.0,9402097000.0,,432876000.0,11582000.0,,1296265000.0,-12398000.0,1075753000.0,7508659000.0,3189703000.0,461944000.0,1623892000.0,1565811000.0,-450362000.0,1115449000.0,10698362000.0,203000000.0,204367000.0,207928000.0
Davita Inc,DVA,M2XHYMU3TZNEZURC6H66,927066,2017.0,FY,2017-01-01,2017-12-31,2020-02-21 16:05:52+00:00,3.52,3.52,,559911000.0,3.47,331430000.0,323859000.0,830555000.0,1075927000.0,-245372000.0,663618000.0,166937000.0,7640005000.0,11361998000.0,,485364000.0,17665000.0,-7033000.0,,-524460000.0,1064026000.0,8125369000.0,3236629000.0,430634000.0,1423874000.0,1812755000.0,-412969000.0,1399786000.0,11361998000.0,188500000.0,188625559.0,191348533.0
Davita Inc,DVA,M2XHYMU3TZNEZURC6H66,927066,2017.0,Q4,2017-10-01,2017-12-31,,1.67,1.67,,144367000.0,1.65,281566000.0,-150267000.0,340679000.0,197092000.0,143587000.0,303396000.0,37283000.0,1941687000.0,3245821000.0,,150766000.0,5485000.0,-7033000.0,-315523000.0,3184000.0,265424000.0,2092453000.0,837845000.0,108997000.0,687508000.0,150337000.0,-103512000.0,46825000.0,2930298000.0,188500000.0,188625559.0,191348533.0
Davita Inc,DVA,M2XHYMU3TZNEZURC6H66,927066,2017.0,Q3,2017-07-01,2017-09-30,2018-11-07 17:07:15+00:00,-1.14,-1.14,,142634000.0,-1.12,0.0,90546000.0,-172034000.0,198838000.0,-370872000.0,-214476000.0,42442000.0,1951609000.0,2884392000.0,,116636000.0,3396000.0,,,5308000.0,272911000.0,2068245000.0,816147000.0,109306000.0,420853000.0,395294000.0,-105910000.0,289384000.0,2884392000.0,188100000.0,188884000.0,191408000.0
Davita Inc,DVA,M2XHYMU3TZNEZURC6H66,927066,2017.0,Q3YTD,2017-01-01,2017-09-30,,1.85,1.85,,415544000.0,1.82,49864000.0,474126000.0,489876000.0,878835000.0,-388959000.0,360222000.0,129654000.0,5698318000.0,8116177000.0,,334598000.0,12180000.0,,315523000.0,-527644000.0,798602000.0,6032916000.0,2398784000.0,321637000.0,736366000.0,1662418000.0,-309457000.0,1352961000.0,8431700000.0,188100000.0,188884000.0,191408000.0
Davita Inc,DVA,M2XHYMU3TZNEZURC6H66,927066,2017.0,Q3TTM,2016-10-01,2017-09-30,,2.67,2.67,,393566000.0,2.62,-159728000.0,539876000.0,678146000.0,1225367000.0,-547221000.0,517948000.0,160198000.0,5178913000.0,8886737000.0,,431535000.0,11624000.0,,-681817000.0,-509608000.0,691229000.0,5610448000.0,2594472000.0,425394000.0,415459000.0,2179013000.0,-413770000.0,1765243000.0,8204920000.0,188100000.0,188884000.0,191408000.0
Davita Inc,DVA,M2XHYMU3TZNEZURC6H66,927066,2017.0,Q2,2017-04-01,2017-06-30,2018-08-01 17:12:19+00:00,0.66,0.66,,140026000.0,0.65,10498000.0,101915000.0,161625000.0,186145000.0,-24520000.0,127001000.0,34624000.0,1894664000.0,2808999000.0,,108994000.0,4798000.0,,,825000.0,262796000.0,2003658000.0,805341000.0,107934000.0,414145000.0,391196000.0,-103136000.0,288060000.0,2808999000.0,192400000.0,191088216.0,193987983.0
Davita Inc,DVA,M2XHYMU3TZNEZURC6H66,927066,2017.0,Q2YTD,2017-01-01,2017-06-30,,2.99,2.99,,272910000.0,2.94,49864000.0,383580000.0,661910000.0,679997000.0,-18087000.0,574698000.0,87212000.0,3746709000.0,5231785000.0,,217962000.0,8784000.0,,315523000.0,-532952000.0,525691000.0,3964671000.0,1582637000.0,212331000.0,315513000.0,1267124000.0,-203547000.0,1063577000.0,5547308000.0,192400000.0,191088216.0,193987983.0
Davita Inc,DVA,M2XHYMU3TZNEZURC6H66,927066,2017.0,Q2TTM,2016-07-01,2017-06-30,,6.61,6.61,,432671000.0,6.5,-159728000.0,553631000.0,1462330000.0,1638679000.0,-176349000.0,1303756000.0,158574000.0,5924933000.0,9518077000.0,,434227000.0,10104000.0,,-351418000.0,-893527000.0,825208000.0,6359160000.0,2807499000.0,420669000.0,204624000.0,2602875000.0,-410565000.0,2192310000.0,9166659000.0,192400000.0,191088216.0,193987983.0
Davita Inc,DVA,M2XHYMU3TZNEZURC6H66,927066,2017.0,Q1,2017-01-01,2017-03-31,2018-05-03 17:28:45+00:00,2.33,2.33,,132884000.0,2.29,39366000.0,281665000.0,500285000.0,493852000.0,6433000.0,447697000.0,52588000.0,1852045000.0,2422786000.0,,108968000.0,3986000.0,,315523000.0,-533777000.0,262895000.0,1961013000.0,777296000.0,104397000.0,-98632000.0,875928000.0,-100411000.0,775517000.0,2738309000.0,192100000.0,192377000.0,195281014.0
Davita Inc,DVA,M2XHYMU3TZNEZURC6H66,927066,2017.0,Q1TTM,2016-04-01,2017-03-31,,6.21,6.21,,473026000.0,6.11,5774000.0,586604000.0,1395208000.0,1547037000.0,-151829000.0,1230137000.0,165071000.0,6701294000.0,10192577000.0,,440227000.0,8521000.0,,-5838000.0,-923638000.0,949307000.0,7141521000.0,3045218000.0,415629000.0,504469000.0,2540749000.0,-407108000.0,2133641000.0,10186739000.0,192100000.0,192377000.0,195281014.0
Davita Inc,DVA,M2XHYMU3TZNEZURC6H66,927066,2018.0,FY,2018-01-01,2018-12-31,2020-02-21 16:05:52+00:00,0.93,0.93,,591035000.0,0.92,20444000.0,258400000.0,333040000.0,790078000.0,-457038000.0,159394000.0,173646000.0,8195513000.0,11454438000.0,,49587000.0,10089000.0,-7300000.0,,-56119000.0,1135454000.0,8245100000.0,3209338000.0,487435000.0,1683514000.0,1525824000.0,-477346000.0,1048478000.0,11454438000.0,171400000.0,170785999.0,172364581.0
Davita Inc,DVA,M2XHYMU3TZNEZURC6H66,927066,2018.0,Q4,2018-10-01,2018-12-31,,-0.81,-0.81,,155157000.0,-0.77,,51748000.0,-101843000.0,207366000.0,-309209000.0,-149772000.0,47929000.0,2027069000.0,2870711000.0,,56887000.0,-494000.0,-7300000.0,,-17542000.0,268532000.0,2083956000.0,786755000.0,128300000.0,398847000.0,387908000.0,-128794000.0,259114000.0,2870711000.0,171400000.0,170785999.0,172364581.0
Davita Inc,DVA,M2XHYMU3TZNEZURC6H66,927066,2018.0,Q3,2018-07-01,2018-09-30,2019-11-06 19:08:00+00:00,-0.82,-0.82,,146000000.0,-0.82,6093000.0,52047000.0,-96668000.0,115071000.0,-211739000.0,-136796000.0,40128000.0,2063770000.0,2847330000.0,,800000.0,4007000.0,,,5330000.0,336299000.0,2064570000.0,782760000.0,125927000.0,493722000.0,289038000.0,-121920000.0,167118000.0,2847330000.0,166800000.0,166770664.0,167262358.0
Davita Inc,DVA,M2XHYMU3TZNEZURC6H66,927066,2018.0,Q3YTD,2018-01-01,2018-09-30,,1.74,1.74,,435878000.0,1.69,20444000.0,206652000.0,434883000.0,582712000.0,-147829000.0,309166000.0,125717000.0,6168444000.0,8583727000.0,,-7300000.0,10583000.0,,,-38577000.0,866922000.0,6161144000.0,2422583000.0,359135000.0,1284667000.0,1137916000.0,-348552000.0,789364000.0,8583727000.0,166800000.0,166770664.0,167262358.0
Davita Inc,DVA,M2XHYMU3TZNEZURC6H66,927066,2018.0,Q3TTM,2017-10-01,2018-09-30,,3.41,3.41,,580245000.0,3.34,302010000.0,56385000.0,775562000.0,779804000.0,-4242000.0,612562000.0,163000000.0,8110131000.0,11829548000.0,,143466000.0,16068000.0,-7033000.0,-315523000.0,-35393000.0,1132346000.0,8253597000.0,3260428000.0,468132000.0,1972175000.0,1288253000.0,-452064000.0,836189000.0,11514025000.0,166800000.0,166770664.0,167262358.0
Davita Inc,DVA,M2XHYMU3TZNEZURC6H66,927066,2018.0,Q2,2018-04-01,2018-06-30,2019-08-01 19:21:18+00:00,1.56,1.56,,147079000.0,1.53,14351000.0,83868000.0,306322000.0,236626000.0,69696000.0,267276000.0,39046000.0,2069089000.0,2886953000.0,,-2100000.0,1994000.0,,,-43752000.0,264094000.0,2066989000.0,819964000.0,119692000.0,381772000.0,438192000.0,-117698000.0,320494000.0,2886953000.0,171300000.0,171617238.0,174105884.0
Davita Inc,DVA,M2XHYMU3TZNEZURC6H66,927066,2018.0,Q2YTD,2018-01-01,2018-06-30,,2.56,2.56,,289878000.0,2.51,14351000.0,154605000.0,531551000.0,467641000.0,63910000.0,445962000.0,85589000.0,4104674000.0,5736397000.0,,-8100000.0,6576000.0,,,-43907000.0,530623000.0,4096574000.0,1639823000.0,233208000.0,790945000.0,848878000.0,-226632000.0,622246000.0,5736397000.0,171300000.0,171617238.0,174105884.0
Davita Inc,DVA,M2XHYMU3TZNEZURC6H66,927066,2018.0,Q2TTM,2017-07-01,2018-06-30,,3.09,3.09,,576879000.0,3.04,295917000.0,94884000.0,700196000.0,863571000.0,-163375000.0,534882000.0,165314000.0,7997970000.0,11866610000.0,,259302000.0,15457000.0,-7033000.0,-315523000.0,-35415000.0,1068958000.0,8257272000.0,3293815000.0,451511000.0,1899306000.0,1394509000.0,-436054000.0,958455000.0,11551087000.0,171300000.0,171617238.0,174105884.0
Davita Inc,DVA,M2XHYMU3TZNEZURC6H66,927066,2018.0,Q1,2018-01-01,2018-03-31,2019-05-07 17:10:04+00:00,1.0,1.0,,142799000.0,0.98,0.0,70737000.0,225229000.0,231015000.0,-5786000.0,178686000.0,46543000.0,2035585000.0,2849444000.0,,-6000000.0,4582000.0,,,-155000.0,266529000.0,2029585000.0,819859000.0,113516000.0,409173000.0,410686000.0,-108934000.0,301752000.0,2849444000.0,178700000.0,178957865.0,181834547.0
Davita Inc,DVA,M2XHYMU3TZNEZURC6H66,927066,2018.0,Q1TTM,2017-04-01,2018-03-31,,2.19,2.19,,569826000.0,2.16,292064000.0,112931000.0,555499000.0,813090000.0,-257591000.0,394607000.0,160892000.0,7823545000.0,11788656000.0,,370396000.0,18261000.0,-7033000.0,-315523000.0,9162000.0,1067660000.0,8193941000.0,3279192000.0,439753000.0,1931679000.0,1347513000.0,-421492000.0,926021000.0,11473133000.0,178700000.0,178957865.0,181834547.0
Davita Inc,DVA,M2XHYMU3TZNEZURC6H66,927066,2019.0,Q4,2019-10-01,2019-12-31,,1.8,1.8,,158467000.0,1.78,,81690000.0,302962000.0,300333000.0,2629000.0,244871000.0,58091000.0,2000625000.0,2920299000.0,,21715000.0,11485000.0,,,-1521000.0,278425000.0,2022340000.0,897959000.0,92050000.0,435371000.0,462588000.0,-80565000.0,382023000.0,2920299000.0,153300000.0,153180908.0,153812064.0
Davita Inc,DVA,M2XHYMU3TZNEZURC6H66,927066,2019.0,FY,2019-01-01,2019-12-31,2020-02-21 16:05:52+00:00,5.29,5.29,,615152000.0,5.27,124892000.0,279628000.0,1021294000.0,915811000.0,105483000.0,810981000.0,210313000.0,7914485000.0,11410194000.0,,21715000.0,29348000.0,0.0,,-12679000.0,1103312000.0,7936200000.0,3473994000.0,477226000.0,1830677000.0,1643317000.0,-447878000.0,1195439000.0,11410194000.0,153300000.0,153180908.0,153812064.0
Davita Inc,DVA,M2XHYMU3TZNEZURC6H66,927066,2019.0,Q3,2019-07-01,2019-09-30,2019-11-06 19:08:00+00:00,0.95,0.95,,155915000.0,0.95,83855000.0,65254000.0,201688000.0,208531000.0,-6843000.0,143270000.0,58418000.0,1991172000.0,2904078000.0,,0.0,5280000.0,,,-3936000.0,298736000.0,1991172000.0,912906000.0,109831000.0,534570000.0,378336000.0,-104551000.0,273785000.0,2904078000.0,150800000.0,150675465.0,151295950.0
Davita Inc,DVA,M2XHYMU3TZNEZURC6H66,927066,2019.0,Q3YTD,2019-01-01,2019-09-30,,3.49,3.49,,456685000.0,3.49,124892000.0,197938000.0,718332000.0,615478000.0,102854000.0,566110000.0,152222000.0,5913860000.0,8489895000.0,,,17863000.0,,,-11158000.0,824887000.0,5913860000.0,2576035000.0,385176000.0,1395306000.0,1180729000.0,-367313000.0,813416000.0,8489895000.0,150800000.0,150675465.0,151295950.0
Davita Inc,DVA,M2XHYMU3TZNEZURC6H66,927066,2019.0,Q3TTM,2018-10-01,2019-09-30,,2.68,2.68,,611842000.0,2.72,124892000.0,249686000.0,616489000.0,822844000.0,-206355000.0,416338000.0,200151000.0,7940929000.0,11360606000.0,,56887000.0,17369000.0,-7300000.0,,-28700000.0,1093419000.0,7997816000.0,3362790000.0,513476000.0,1794153000.0,1568637000.0,-496107000.0,1072530000.0,11360606000.0,150800000.0,150675465.0,151295950.0
Davita Inc,DVA,M2XHYMU3TZNEZURC6H66,927066,2019.0,Q2,2019-04-01,2019-06-30,2019-08-01 19:21:18+00:00,1.64,1.64,,152242000.0,1.64,0.0,75938000.0,327157000.0,247765000.0,79392000.0,273551000.0,53606000.0,1957753000.0,2842705000.0,,0.0,5643000.0,,,-4514000.0,275338000.0,1957753000.0,884952000.0,143826000.0,423066000.0,461886000.0,-138183000.0,323703000.0,2842705000.0,166800000.0,166346041.0,166799525.0
Davita Inc,DVA,M2XHYMU3TZNEZURC6H66,927066,2019.0,Q2YTD,2019-01-01,2019-06-30,,2.54,2.54,,300770000.0,2.54,41037000.0,132684000.0,516644000.0,406947000.0,109697000.0,422840000.0,93804000.0,3922688000.0,5585817000.0,,,12583000.0,,,-7222000.0,526151000.0,3922688000.0,1663129000.0,275345000.0,860736000.0,802393000.0,-262762000.0,539631000.0,5585817000.0,166800000.0,166346041.0,166799525.0
Davita Inc,DVA,M2XHYMU3TZNEZURC6H66,927066,2019.0,Q2TTM,2018-07-01,2019-06-30,,0.91,0.91,,601927000.0,0.95,47130000.0,236479000.0,318133000.0,729384000.0,-411251000.0,136272000.0,181861000.0,8013527000.0,11303858000.0,,57687000.0,16096000.0,-7300000.0,,-19434000.0,1130982000.0,8071214000.0,3232644000.0,529572000.0,1753305000.0,1479339000.0,-513476000.0,965863000.0,11303858000.0,166800000.0,166346041.0,166799525.0
Davita Inc,DVA,M2XHYMU3TZNEZURC6H66,927066,2019.0,Q1,2019-01-01,2019-03-31,2020-05-05 17:10:23+00:00,0.9,0.9,,148528000.0,0.9,41037000.0,56746000.0,189487000.0,159182000.0,30305000.0,149289000.0,40198000.0,1964935000.0,2743112000.0,0.0,,6940000.0,,,-2708000.0,250813000.0,1964935000.0,778177000.0,131519000.0,437670000.0,340507000.0,-124579000.0,215928000.0,2743112000.0,165900000.0,166387958.0,166780657.0
Davita Inc,DVA,M2XHYMU3TZNEZURC6H66,927066,2019.0,Q1TTM,2018-04-01,2019-03-31,,0.83,0.83,,596764000.0,0.84,61481000.0,244409000.0,297298000.0,718245000.0,-420947000.0,129997000.0,167301000.0,8124863000.0,11348106000.0,,55587000.0,12447000.0,-7300000.0,,-58672000.0,1119738000.0,8180450000.0,3167656000.0,505438000.0,1712011000.0,1455645000.0,-492991000.0,962654000.0,11348106000.0,165900000.0,166387958.0,166780657.0
Davita Inc,DVA,M2XHYMU3TZNEZURC6H66,927066,2020.0,Q1TTM,2019-04-01,2020-03-31,,6.31,6.31,,621303000.0,6.26,83855000.0,314442000.0,1119702000.0,1034544000.0,85158000.0,901285000.0,218417000.0,7924999000.0,11508319000.0,,21715000.0,18058000.0,,,-27814000.0,1116075000.0,7946714000.0,3561605000.0,437258000.0,1793419000.0,1768186000.0,-419200000.0,1348986000.0,11508319000.0,124800000.0,124901671.0,126894847.0
Davita Inc,DVA,M2XHYMU3TZNEZURC6H66,927066,2020.0,Q1,2020-01-01,2020-03-31,2020-05-05 17:10:23+00:00,1.92,1.92,,154679000.0,1.89,0.0,91560000.0,287895000.0,277915000.0,9980000.0,239593000.0,48302000.0,1975449000.0,2841237000.0,,,-4350000.0,,,-17843000.0,263576000.0,1975449000.0,865788000.0,91551000.0,400412000.0,465376000.0,-95901000.0,369475000.0,2841237000.0,124800000.0,124901671.0,126894847.0
