company_name,company_ticker,company_lei,company_cik,year,quarter,start_date,end_date,filing_date,basicdilutedeps,basiceps,cashdividendspershare,depreciationexpense,dilutedeps,impairmentexpense,incometaxexpense,netincome,netincomecontinuing,netincomediscontinued,netincometocommon,netincometononcontrollinginterest,operatingcostofrevenue,operatingrevenue,otheradjustmentstoconsolidatednetincome,otheradjustmentstonetincometocommon,othergains,otherincome,preferreddividends,restructuringcharge,sgaexpense,totalcostofrevenue,totalgrossprofit,totalinterestexpense,totalinterestincome,totaloperatingexpenses,totaloperatingincome,totalotherincome,totalpretaxincome,totalrevenue,weightedavebasicdilutedsharesos,weightedavebasicsharesos,weightedavedilutedsharesos
Crown Castle International Corp,CCI,54930012H97VSM0I2R19,1051470,2007.0,FY,2007-01-01,2007-12-31,2010-02-16 06:32:22+00:00,-0.87,-0.87,,539904000.0,-0.87,65515000.0,-94039000.0,-222964000.0,-222964000.0,,-202008000.0,-151000.0,509084000.0,1385486000.0,,,,9351000.0,-20805000.0,28609000.0,142846000.0,509084000.0,876402000.0,350259000.0,-75623000.0,776874000.0,99528000.0,-416531000.0,-317003000.0,1385486000.0,279937000.0,232200000.0,232200000.0
Crown Castle International Corp,CCI,54930012H97VSM0I2R19,1051470,2008.0,FY,2008-01-01,2008-12-31,2011-02-17 16:08:54+00:00,-0.25,-0.25,,526442000.0,-0.25,16888000.0,-104361000.0,-48858000.0,-48858000.0,,-69664000.0,0.0,538575000.0,1526504000.0,,,,2101000.0,20806000.0,2504000.0,149586000.0,538575000.0,987929000.0,391960000.0,-55869000.0,695420000.0,292509000.0,-445728000.0,-153219000.0,1526504000.0,282007000.0,278700000.0,278700000.0
Crown Castle International Corp,CCI,54930012H97VSM0I2R19,1051470,2008.0,Q3,2008-07-01,2008-09-30,2009-11-05 18:33:55+00:00,-0.13,-0.13,,131714000.0,-0.13,2902000.0,-2096000.0,-32207000.0,-32207000.0,,-59213000.0,0.0,136299000.0,384348000.0,,32207000.0,,1557000.0,-5201000.0,0.0,37437000.0,136299000.0,248049000.0,88138000.0,-23718000.0,172053000.0,75996000.0,-110299000.0,-34303000.0,384348000.0,283573000.0,455500000.0,455500000.0
Crown Castle International Corp,CCI,54930012H97VSM0I2R19,1051470,2008.0,Q2,2008-04-01,2008-06-30,2009-08-28 16:05:40+00:00,0.2,0.2,,131896000.0,0.19,4993000.0,-80324000.0,60339000.0,60339000.0,,115477000.0,0.0,135566000.0,379513000.0,,-60339000.0,,206000.0,5201000.0,0.0,38492000.0,135566000.0,243947000.0,88757000.0,,175381000.0,68566000.0,-88551000.0,-19985000.0,379513000.0,577400000.0,279428000.0,288427000.0
Crown Castle International Corp,CCI,54930012H97VSM0I2R19,1051470,2009.0,Q4,2009-10-01,2009-12-31,,0.05,0.05,,133503000.0,0.05,4778000.0,1876000.0,18732000.0,18732000.0,,12946000.0,584000.0,146706000.0,443544000.0,,,,110934000.0,5202000.0,,39103000.0,146706000.0,296838000.0,212747000.0,2967000.0,177384000.0,119454000.0,-98846000.0,20608000.0,443544000.0,287500000.0,286622000.0,286622000.0
Crown Castle International Corp,CCI,54930012H97VSM0I2R19,1051470,2009.0,FY,2009-01-01,2009-12-31,2012-02-13 16:34:07+00:00,-0.47,-0.47,,529739000.0,-0.47,19237000.0,-76400000.0,-114123000.0,-114123000.0,,-135138000.0,209000.0,549368000.0,1685407000.0,,,,2446000.0,20806000.0,0.0,153072000.0,549368000.0,1136039000.0,629927000.0,2967000.0,702048000.0,433991000.0,-624514000.0,-190523000.0,1685407000.0,287500000.0,286622000.0,286622000.0
Crown Castle International Corp,CCI,54930012H97VSM0I2R19,1051470,2009.0,Q3YTD,2009-01-01,2009-09-30,,-0.52,-0.52,,396236000.0,-0.52,14459000.0,-78276000.0,-132855000.0,-132855000.0,,-148084000.0,-375000.0,402662000.0,1241863000.0,,,,-108488000.0,15604000.0,,113969000.0,402662000.0,839201000.0,417180000.0,,524664000.0,314537000.0,-525668000.0,-211131000.0,1241863000.0,283400000.0,286707000.0,286707000.0
Crown Castle International Corp,CCI,54930012H97VSM0I2R19,1051470,2009.0,Q3,2009-07-01,2009-09-30,2010-11-05 16:51:58+00:00,-0.13,-0.13,,131463000.0,-0.13,3073000.0,-21836000.0,-31138000.0,-31138000.0,,-36841000.0,501000.0,136512000.0,429079000.0,,,,-55758000.0,5202000.0,0.0,39230000.0,136512000.0,292567000.0,116017000.0,,173766000.0,118801000.0,-171775000.0,-52974000.0,429079000.0,283400000.0,286707000.0,286707000.0
Crown Castle International Corp,CCI,54930012H97VSM0I2R19,1051470,2009.0,Q2YTD,2009-01-01,2009-06-30,,-0.39,-0.39,,264773000.0,-0.39,11386000.0,-56440000.0,-101717000.0,-101717000.0,,-111243000.0,-876000.0,266150000.0,812784000.0,,,,-52730000.0,10402000.0,,74739000.0,266150000.0,546634000.0,301163000.0,,350898000.0,195736000.0,-353893000.0,-158157000.0,812784000.0,284400000.0,286449000.0,286449000.0
Crown Castle International Corp,CCI,54930012H97VSM0I2R19,1051470,2009.0,Q2,2009-04-01,2009-06-30,2010-08-26 16:29:48+00:00,-0.41,-0.41,,131597000.0,-0.41,7295000.0,-54949000.0,-111767000.0,-111767000.0,,-116619000.0,-349000.0,134391000.0,409874000.0,,,,-56279000.0,5201000.0,0.0,38102000.0,134391000.0,275483000.0,208926000.0,,176994000.0,98489000.0,-265205000.0,-166716000.0,409874000.0,284400000.0,286449000.0,286449000.0
Crown Castle International Corp,CCI,54930012H97VSM0I2R19,1051470,2009.0,Q1,2009-01-01,2009-03-31,2010-05-10 06:06:11+00:00,0.02,0.02,,133176000.0,0.02,4091000.0,-1491000.0,10050000.0,10050000.0,,5376000.0,-527000.0,131759000.0,402910000.0,,,,3549000.0,5201000.0,,36637000.0,131759000.0,271151000.0,92237000.0,,173904000.0,97247000.0,-88688000.0,8559000.0,402910000.0,268800000.0,285913000.0,287608000.0
Crown Castle International Corp,CCI,54930012H97VSM0I2R19,1051470,2010.0,Q4,2010-10-01,2010-12-31,,0.12,0.12,,137259000.0,0.12,5099000.0,-4224000.0,40905000.0,40905000.0,,35671000.0,32000.0,152934000.0,496314000.0,,,,-1588000.0,5202000.0,963000.0,43907000.0,152934000.0,343380000.0,120087000.0,2204000.0,187228000.0,156152000.0,-119471000.0,36681000.0,496314000.0,286000000.0,286764000.0,286764000.0
Crown Castle International Corp,CCI,54930012H97VSM0I2R19,1051470,2010.0,FY,2010-01-01,2010-12-31,2013-02-12 16:52:54+00:00,-1.16,-1.16,,540771000.0,-1.16,13687000.0,-26846000.0,-311259000.0,-311259000.0,,-331746000.0,-319000.0,581377000.0,1878658000.0,,,,-603000.0,20806000.0,2102000.0,165356000.0,581377000.0,1297281000.0,915071000.0,2204000.0,721916000.0,575365000.0,-913470000.0,-338105000.0,1878658000.0,286000000.0,286764000.0,286764000.0
Crown Castle International Corp,CCI,54930012H97VSM0I2R19,1051470,2010.0,Q3YTD,2010-01-01,2010-09-30,,-1.28,-1.28,,403512000.0,-1.28,8588000.0,-22622000.0,-352164000.0,-352164000.0,,-367417000.0,-351000.0,428443000.0,1382344000.0,,,,985000.0,15604000.0,1139000.0,121449000.0,428443000.0,953901000.0,794984000.0,,534688000.0,419213000.0,-793999000.0,-374786000.0,1382344000.0,286100000.0,286119000.0,286119000.0
Crown Castle International Corp,CCI,54930012H97VSM0I2R19,1051470,2010.0,Q3TTM,2009-10-01,2010-09-30,,-1.23,-1.23,,537015000.0,-1.23,13366000.0,-20746000.0,-333432000.0,-333432000.0,,-354471000.0,233000.0,575149000.0,1825888000.0,,,,111919000.0,20806000.0,1139000.0,160552000.0,575149000.0,1250739000.0,1007731000.0,2967000.0,712072000.0,538667000.0,-892845000.0,-354178000.0,1825888000.0,286100000.0,286119000.0,286119000.0
Crown Castle International Corp,CCI,54930012H97VSM0I2R19,1051470,2010.0,Q3,2010-07-01,2010-09-30,2011-11-03 16:06:00+00:00,-0.49,-0.49,,136218000.0,-0.49,4429000.0,-7597000.0,-135150000.0,-135150000.0,,-140210000.0,-141000.0,143000000.0,481890000.0,,,,847000.0,5201000.0,867000.0,41420000.0,143000000.0,338890000.0,299550000.0,,182934000.0,155956000.0,-298703000.0,-142747000.0,481890000.0,286100000.0,286119000.0,286119000.0
Crown Castle International Corp,CCI,54930012H97VSM0I2R19,1051470,2010.0,Q2YTD,2010-01-01,2010-06-30,,-0.79,-0.79,,267294000.0,-0.79,4159000.0,-15025000.0,-217014000.0,-217014000.0,,-227207000.0,-210000.0,285443000.0,900454000.0,,,,138000.0,10403000.0,272000.0,80029000.0,285443000.0,615011000.0,495434000.0,,351754000.0,263257000.0,-495296000.0,-232039000.0,900454000.0,285400000.0,286080000.0,286080000.0
Crown Castle International Corp,CCI,54930012H97VSM0I2R19,1051470,2010.0,Q2TTM,2009-07-01,2010-06-30,,-0.87,-0.87,,532260000.0,-0.87,12010000.0,-34985000.0,-229420000.0,-229420000.0,,-251102000.0,875000.0,568661000.0,1773077000.0,,,,55314000.0,20807000.0,272000.0,158362000.0,568661000.0,1204416000.0,824198000.0,2967000.0,702904000.0,501512000.0,-765917000.0,-264405000.0,1773077000.0,285400000.0,286080000.0,286080000.0
Crown Castle International Corp,CCI,54930012H97VSM0I2R19,1051470,2010.0,Q2,2010-04-01,2010-06-30,2011-08-05 16:01:36+00:00,-0.36,-0.36,,134426000.0,-0.36,2597000.0,-4686000.0,-97614000.0,-97614000.0,,-102731000.0,-85000.0,145392000.0,456127000.0,,,,-241000.0,5202000.0,272000.0,40556000.0,145392000.0,310735000.0,234943000.0,,177851000.0,132884000.0,-235184000.0,-102300000.0,456127000.0,285400000.0,286080000.0,286080000.0
Crown Castle International Corp,CCI,54930012H97VSM0I2R19,1051470,2010.0,Q1TTM,2009-04-01,2010-03-31,,-0.92,-0.92,,529431000.0,-0.92,16708000.0,-85248000.0,-243573000.0,-243573000.0,,-264990000.0,611000.0,557660000.0,1726824000.0,,,,-724000.0,20806000.0,,155908000.0,557660000.0,1169164000.0,798181000.0,2967000.0,702047000.0,467117000.0,-795938000.0,-328821000.0,1726824000.0,289500000.0,288451000.0,288451000.0
Crown Castle International Corp,CCI,54930012H97VSM0I2R19,1051470,2010.0,Q1,2010-01-01,2010-03-31,2011-05-06 16:17:20+00:00,-0.43,-0.43,,132868000.0,-0.43,1562000.0,-10339000.0,-119400000.0,-119400000.0,,-124476000.0,-125000.0,140051000.0,444327000.0,,,,379000.0,5201000.0,0.0,39473000.0,140051000.0,304276000.0,260491000.0,,173903000.0,130373000.0,-260112000.0,-129739000.0,444327000.0,289500000.0,288451000.0,288451000.0
Crown Castle International Corp,CCI,54930012H97VSM0I2R19,1051470,2011.0,Q4,2011-10-01,2011-12-31,,0.15,0.15,,138964000.0,0.16,8589000.0,584000.0,48939000.0,48939000.0,,43915000.0,28000.0,148855000.0,519471000.0,,,,-136000.0,4996000.0,1649000.0,44568000.0,148855000.0,370616000.0,127299000.0,112000.0,193770000.0,176846000.0,-127323000.0,49523000.0,519471000.0,284900000.0,283821000.0,285947000.0
Crown Castle International Corp,CCI,54930012H97VSM0I2R19,1051470,2011.0,FY,2011-01-01,2011-12-31,2014-02-24 17:08:26+00:00,0.52,0.52,,552951000.0,0.52,22285000.0,8347000.0,171460000.0,171460000.0,,148137000.0,383000.0,588385000.0,2032729000.0,,,,-5577000.0,22940000.0,3310000.0,173493000.0,588385000.0,1444344000.0,507587000.0,666000.0,752039000.0,692305000.0,-512498000.0,179807000.0,2032729000.0,284900000.0,283821000.0,285947000.0
Crown Castle International Corp,CCI,54930012H97VSM0I2R19,1051470,2011.0,Q3YTD,2011-01-01,2011-09-30,,0.37,0.37,,413987000.0,0.36,13696000.0,7763000.0,122521000.0,122521000.0,,104222000.0,355000.0,439530000.0,1513258000.0,,,,-5441000.0,17944000.0,1661000.0,128925000.0,439530000.0,1073728000.0,380288000.0,554000.0,558269000.0,515459000.0,-385175000.0,130284000.0,1513258000.0,273400000.0,282031000.0,283899000.0
Crown Castle International Corp,CCI,54930012H97VSM0I2R19,1051470,2011.0,Q3TTM,2010-10-01,2011-09-30,,0.49,0.49,,551246000.0,0.48,18795000.0,3539000.0,163426000.0,163426000.0,,139893000.0,387000.0,592464000.0,2009572000.0,,,,-7029000.0,23146000.0,2624000.0,172832000.0,592464000.0,1417108000.0,500375000.0,2758000.0,745497000.0,671611000.0,-504646000.0,166965000.0,2009572000.0,273400000.0,282031000.0,283899000.0
Crown Castle International Corp,CCI,54930012H97VSM0I2R19,1051470,2011.0,Q3,2011-07-01,2011-09-30,2012-11-02 16:12:41+00:00,0.16,0.16,,138523000.0,0.15,3090000.0,2825000.0,51383000.0,51383000.0,,43737000.0,105000.0,146842000.0,513883000.0,,,,-737000.0,7541000.0,617000.0,42922000.0,146842000.0,367041000.0,127119000.0,175000.0,185152000.0,181889000.0,-127681000.0,54208000.0,513883000.0,273400000.0,282031000.0,283899000.0
Crown Castle International Corp,CCI,54930012H97VSM0I2R19,1051470,2011.0,Q2YTD,2011-01-01,2011-06-30,,0.21,0.21,,275464000.0,0.21,10606000.0,4938000.0,71138000.0,71138000.0,,60485000.0,250000.0,292688000.0,999375000.0,,,,-4704000.0,10403000.0,1044000.0,86003000.0,292688000.0,706687000.0,253169000.0,379000.0,373117000.0,333570000.0,-257494000.0,76076000.0,999375000.0,285200000.0,285280000.0,287026000.0
Crown Castle International Corp,CCI,54930012H97VSM0I2R19,1051470,2011.0,Q2TTM,2010-07-01,2011-06-30,,-0.16,-0.16,,548941000.0,-0.16,20134000.0,-6883000.0,-23107000.0,-23107000.0,,-44054000.0,141000.0,588622000.0,1977579000.0,,,,-5445000.0,20806000.0,2874000.0,171330000.0,588622000.0,1388957000.0,672806000.0,2583000.0,743279000.0,645678000.0,-675668000.0,-29990000.0,1977579000.0,285200000.0,285280000.0,287026000.0
Crown Castle International Corp,CCI,54930012H97VSM0I2R19,1051470,2011.0,Q2,2011-04-01,2011-06-30,2012-08-06 16:33:57+00:00,0.09,0.09,,138191000.0,0.09,6205000.0,5755000.0,31014000.0,31014000.0,,25669000.0,143000.0,147049000.0,500336000.0,,,,-4098000.0,5202000.0,490000.0,41259000.0,147049000.0,353287000.0,126483000.0,208000.0,186145000.0,167142000.0,-130373000.0,36769000.0,500336000.0,285200000.0,285280000.0,287026000.0
Crown Castle International Corp,CCI,54930012H97VSM0I2R19,1051470,2011.0,Q1TTM,2010-04-01,2011-03-31,,-0.61,-0.61,,545176000.0,-0.61,16526000.0,-17324000.0,-151735000.0,-151735000.0,,-172454000.0,-87000.0,586965000.0,1933370000.0,,,,-1588000.0,20806000.0,2656000.0,170627000.0,586965000.0,1346405000.0,781266000.0,2375000.0,734985000.0,611420000.0,-780479000.0,-169059000.0,1933370000.0,290100000.0,286998000.0,289005000.0
Crown Castle International Corp,CCI,54930012H97VSM0I2R19,1051470,2011.0,Q1,2011-01-01,2011-03-31,2012-05-03 16:32:34+00:00,0.12,0.12,,137273000.0,0.12,4401000.0,-817000.0,40124000.0,40124000.0,,34816000.0,107000.0,145639000.0,499039000.0,,,,-606000.0,5201000.0,554000.0,44744000.0,145639000.0,353400000.0,126686000.0,171000.0,186972000.0,166428000.0,-127121000.0,39307000.0,499039000.0,290100000.0,286998000.0,289005000.0
Crown Castle International Corp,CCI,54930012H97VSM0I2R19,1051470,2012.0,Q4,2012-10-01,2012-12-31,,-0.07,-0.07,,175843000.0,-0.07,7298000.0,-70624000.0,-9644000.0,-9644000.0,,-19505000.0,9861000.0,217421000.0,674087000.0,,,,-1434000.0,,6186000.0,58631000.0,217421000.0,456666000.0,291071000.0,3529000.0,247958000.0,208708000.0,-288976000.0,-80268000.0,674087000.0,290600000.0,289285000.0,291270000.0
Crown Castle International Corp,CCI,54930012H97VSM0I2R19,1051470,2012.0,FY,2012-01-01,2012-12-31,2015-02-19 16:15:12+00:00,0.64,0.64,0.0,622592000.0,0.64,15548000.0,-100061000.0,200888000.0,200888000.0,,185955000.0,12304000.0,728989000.0,2432680000.0,,,,-5392000.0,2629000.0,18298000.0,212572000.0,728989000.0,1703691000.0,733018000.0,4556000.0,869010000.0,834681000.0,-733854000.0,100827000.0,2432680000.0,290600000.0,289285000.0,291270000.0
Crown Castle International Corp,CCI,54930012H97VSM0I2R19,1051470,2012.0,Q3YTD,2012-01-01,2012-09-30,,0.71,0.71,,446749000.0,0.71,8250000.0,-29437000.0,210532000.0,210532000.0,,205460000.0,2443000.0,511568000.0,1758593000.0,,,,-3958000.0,2629000.0,12112000.0,153941000.0,511568000.0,1247025000.0,441947000.0,1027000.0,621052000.0,625973000.0,-444878000.0,181095000.0,1758593000.0,300300000.0,290762000.0,292098000.0
Crown Castle International Corp,CCI,54930012H97VSM0I2R19,1051470,2012.0,Q3TTM,2011-10-01,2012-09-30,,0.86,0.86,,585713000.0,0.87,16839000.0,-28853000.0,259471000.0,259471000.0,,249375000.0,2471000.0,660423000.0,2278064000.0,,,,-4094000.0,7625000.0,13761000.0,198509000.0,660423000.0,1617641000.0,569246000.0,1139000.0,814822000.0,802819000.0,-572201000.0,230618000.0,2278064000.0,300300000.0,290762000.0,292098000.0
Crown Castle International Corp,CCI,54930012H97VSM0I2R19,1051470,2012.0,Q3,2012-07-01,2012-09-30,2013-11-08 17:19:17+00:00,0.14,0.14,,154867000.0,0.14,1560000.0,32300000.0,43178000.0,43178000.0,,42045000.0,1133000.0,185343000.0,621337000.0,,,,-632000.0,0.0,2937000.0,55862000.0,185343000.0,435994000.0,144949000.0,291000.0,215226000.0,220768000.0,-145290000.0,75478000.0,621337000.0,300300000.0,290762000.0,292098000.0
Crown Castle International Corp,CCI,54930012H97VSM0I2R19,1051470,2012.0,Q2YTD,2012-01-01,2012-06-30,,0.57,0.57,,291882000.0,0.57,6690000.0,-61737000.0,167354000.0,167354000.0,,163415000.0,1310000.0,326225000.0,1137256000.0,,,,-3326000.0,2629000.0,9175000.0,98079000.0,326225000.0,811031000.0,296998000.0,736000.0,405826000.0,405205000.0,-299588000.0,105617000.0,1137256000.0,290000000.0,290649000.0,291203000.0
Crown Castle International Corp,CCI,54930012H97VSM0I2R19,1051470,2012.0,Q2TTM,2011-07-01,2012-06-30,,0.88,0.88,,569369000.0,0.88,18369000.0,-58328000.0,267676000.0,267676000.0,,251067000.0,1443000.0,621922000.0,2170610000.0,,,,-4199000.0,15166000.0,11441000.0,185569000.0,621922000.0,1548688000.0,551416000.0,1023000.0,784748000.0,763940000.0,-554592000.0,209348000.0,2170610000.0,290000000.0,290649000.0,291203000.0
Crown Castle International Corp,CCI,54930012H97VSM0I2R19,1051470,2012.0,Q2,2012-04-01,2012-06-30,2013-08-06 16:17:05+00:00,0.4,0.4,,152482000.0,0.4,3646000.0,-68432000.0,117084000.0,117084000.0,,116013000.0,1071000.0,171833000.0,585511000.0,,,,-2249000.0,0.0,7495000.0,47078000.0,171833000.0,413678000.0,152458000.0,382000.0,210701000.0,202977000.0,-154325000.0,48652000.0,585511000.0,290000000.0,290649000.0,291203000.0
Crown Castle International Corp,CCI,54930012H97VSM0I2R19,1051470,2012.0,Q1TTM,2011-04-01,2012-03-31,,0.57,0.57,,555078000.0,0.57,20928000.0,15859000.0,181606000.0,181606000.0,,160723000.0,515000.0,597138000.0,2085435000.0,,,,-6048000.0,20368000.0,4436000.0,179750000.0,597138000.0,1488297000.0,525441000.0,849000.0,760192000.0,728105000.0,-530640000.0,197465000.0,2085435000.0,278800000.0,284913000.0,285853000.0
Crown Castle International Corp,CCI,54930012H97VSM0I2R19,1051470,2012.0,Q1,2012-01-01,2012-03-31,2013-05-03 16:43:40+00:00,0.17,0.17,,139400000.0,0.17,3044000.0,6695000.0,50270000.0,50270000.0,,47402000.0,239000.0,154392000.0,551745000.0,,,,-1077000.0,2629000.0,1680000.0,51001000.0,154392000.0,397353000.0,144540000.0,354000.0,195125000.0,202228000.0,-145263000.0,56965000.0,551745000.0,278800000.0,284913000.0,285853000.0
Crown Castle International Corp,CCI,54930012H97VSM0I2R19,1051470,2013.0,Q4,2013-10-01,2013-12-31,,-0.13,-0.13,,201697000.0,-0.13,4158000.0,110374000.0,-22680000.0,-22680000.0,,-34909000.0,866000.0,278635000.0,798419000.0,,,,-3119000.0,11363000.0,12819000.0,67162000.0,278635000.0,519784000.0,143629000.0,494000.0,285836000.0,233948000.0,-146254000.0,87694000.0,798419000.0,302900000.0,298083000.0,299293000.0
Crown Castle International Corp,CCI,54930012H97VSM0I2R19,1051470,2013.0,FY,2013-01-01,2013-12-31,2015-02-19 16:15:12+00:00,0.26,0.26,0.0,774215000.0,0.26,14863000.0,198628000.0,93901000.0,93901000.0,,78748000.0,3790000.0,1046796000.0,3022384000.0,,,,-3872000.0,11363000.0,26005000.0,238702000.0,1046796000.0,1975588000.0,626757000.0,1355000.0,1053785000.0,921803000.0,-629274000.0,292529000.0,3022384000.0,302900000.0,298083000.0,299293000.0
Crown Castle International Corp,CCI,54930012H97VSM0I2R19,1051470,2013.0,Q3YTD,2013-01-01,2013-09-30,,0.39,0.39,,572518000.0,0.39,10705000.0,88254000.0,116581000.0,116581000.0,,113657000.0,2924000.0,768161000.0,2223965000.0,,,,-753000.0,,13186000.0,171540000.0,768161000.0,1455804000.0,483128000.0,861000.0,767949000.0,687855000.0,-483020000.0,204835000.0,2223965000.0,286500000.0,290372000.0,291378000.0
Crown Castle International Corp,CCI,54930012H97VSM0I2R19,1051470,2013.0,Q3TTM,2012-10-01,2013-09-30,,0.32,0.32,,748361000.0,0.32,18003000.0,17630000.0,106937000.0,106937000.0,,94152000.0,12785000.0,985582000.0,2898052000.0,,,,-2187000.0,,19372000.0,230171000.0,985582000.0,1912470000.0,774199000.0,4390000.0,1015907000.0,896563000.0,-771996000.0,124567000.0,2898052000.0,286500000.0,290372000.0,291378000.0
Crown Castle International Corp,CCI,54930012H97VSM0I2R19,1051470,2013.0,Q3,2013-07-01,2013-09-30,2014-11-07 16:25:41+00:00,0.16,0.16,0.0,195408000.0,0.16,3893000.0,33959000.0,46468000.0,46468000.0,,45836000.0,632000.0,263964000.0,748977000.0,,,,-631000.0,0.0,4369000.0,58504000.0,263964000.0,485013000.0,142017000.0,236000.0,262174000.0,222839000.0,-142412000.0,80427000.0,748977000.0,286500000.0,290372000.0,291378000.0
Crown Castle International Corp,CCI,54930012H97VSM0I2R19,1051470,2013.0,Q2YTD,2013-01-01,2013-06-30,,0.23,0.23,,377110000.0,0.23,6812000.0,54295000.0,70113000.0,70113000.0,,67821000.0,2292000.0,504197000.0,1474988000.0,,,,-122000.0,,8817000.0,113036000.0,504197000.0,970791000.0,341111000.0,625000.0,505775000.0,465016000.0,-340608000.0,124408000.0,1474988000.0,290900000.0,291225000.0,292706000.0
Crown Castle International Corp,CCI,54930012H97VSM0I2R19,1051470,2013.0,Q2TTM,2012-07-01,2013-06-30,,0.3,0.3,,707820000.0,0.3,15670000.0,15971000.0,103647000.0,103647000.0,,90361000.0,13286000.0,906961000.0,2770412000.0,,,,-2188000.0,,17940000.0,227529000.0,906961000.0,1863451000.0,777131000.0,4445000.0,968959000.0,894492000.0,-774874000.0,119618000.0,2770412000.0,290900000.0,291225000.0,292706000.0
Crown Castle International Corp,CCI,54930012H97VSM0I2R19,1051470,2013.0,Q2,2013-04-01,2013-06-30,2014-08-08 16:02:33+00:00,0.18,0.18,0.0,190651000.0,0.18,3097000.0,36587000.0,53376000.0,53376000.0,,52359000.0,1017000.0,249214000.0,734928000.0,,,,507000.0,0.0,7215000.0,54790000.0,249214000.0,485714000.0,140833000.0,328000.0,255753000.0,229961000.0,-139998000.0,89963000.0,734928000.0,290900000.0,291225000.0,292706000.0
Crown Castle International Corp,CCI,54930012H97VSM0I2R19,1051470,2013.0,Q1TTM,2012-04-01,2013-03-31,,0.52,0.52,,669651000.0,0.52,16219000.0,-89048000.0,167355000.0,167355000.0,,154015000.0,13340000.0,829580000.0,2620995000.0,,,,-4944000.0,,18220000.0,219817000.0,829580000.0,1791415000.0,788756000.0,4499000.0,923907000.0,867508000.0,-789201000.0,78307000.0,2620995000.0,309200000.0,291102000.0,292570000.0
Crown Castle International Corp,CCI,54930012H97VSM0I2R19,1051470,2013.0,Q1,2013-01-01,2013-03-31,2014-05-06 16:32:07+00:00,0.05,0.05,0.0,186459000.0,0.05,3715000.0,17708000.0,16737000.0,16737000.0,,15462000.0,1275000.0,254983000.0,740060000.0,,,,-629000.0,0.0,1602000.0,58246000.0,254983000.0,485077000.0,200278000.0,297000.0,250022000.0,235055000.0,-200610000.0,34445000.0,740060000.0,309200000.0,291102000.0,292570000.0
Crown Castle International Corp,CCI,54930012H97VSM0I2R19,1051470,2014.0,FY,2014-01-01,2014-12-31,2017-02-22 16:55:06+00:00,0.13,1.04,1870.0,985781000.0,1.04,14246000.0,-11244000.0,398774000.0,346314000.0,,346525000.0,8261000.0,1306606000.0,3538756000.0,52460000.0,,,11993000.0,43988000.0,34145000.0,257296000.0,1306606000.0,2232150000.0,617920000.0,315000.0,1291468000.0,940682000.0,-605612000.0,335070000.0,3538756000.0,2665600000.0,332302000.0,333265000.0
Crown Castle International Corp,CCI,54930012H97VSM0I2R19,1051470,2014.0,Q4,2014-10-01,2014-12-31,,-0.19,0.41,1869.65,241801000.0,0.41,3476000.0,-5978000.0,152587000.0,119062000.0,-18935000.0,137073000.0,5865000.0,344310000.0,891681000.0,52460000.0,-12345000.0,,21343000.0,21994000.0,5293000.0,63917000.0,344310000.0,547371000.0,141070000.0,-73000.0,314487000.0,232884000.0,-119800000.0,113084000.0,891681000.0,2665600000.0,332302000.0,333265000.0
Crown Castle International Corp,CCI,54930012H97VSM0I2R19,1051470,2014.0,Q3,2014-07-01,2014-09-30,2015-11-06 16:15:57+00:00,0.02,0.29,,247206000.0,0.29,4932000.0,-1977000.0,108037000.0,99155000.0,8882000.0,95940000.0,1100000.0,332413000.0,892883000.0,,,0.0,-694000.0,10997000.0,4068000.0,65212000.0,332413000.0,560470000.0,141287000.0,107000.0,321418000.0,239052000.0,-141874000.0,97178000.0,892883000.0,4797000000.0,332413000.0,333241000.0
Crown Castle International Corp,CCI,54930012H97VSM0I2R19,1051470,2014.0,Q3YTD,2014-01-01,2014-09-30,,0.32,0.63,0.35,743980000.0,0.63,10770000.0,-5266000.0,246187000.0,227252000.0,18935000.0,209452000.0,2396000.0,962296000.0,2647075000.0,,12345000.0,,-9350000.0,21994000.0,28852000.0,193379000.0,962296000.0,1684779000.0,476850000.0,388000.0,976981000.0,707798000.0,-485812000.0,221986000.0,2647075000.0,4797000000.0,332413000.0,333241000.0
Crown Castle International Corp,CCI,54930012H97VSM0I2R19,1051470,2014.0,Q3TTM,2013-10-01,2014-09-30,,0.19,0.5,0.35,945677000.0,0.5,14928000.0,105108000.0,223507000.0,204572000.0,18935000.0,174543000.0,3262000.0,1240931000.0,3445494000.0,,12345000.0,,-12469000.0,33357000.0,41671000.0,260541000.0,1240931000.0,2204563000.0,620479000.0,882000.0,1262817000.0,941746000.0,-632066000.0,309680000.0,3445494000.0,4797000000.0,332413000.0,333241000.0
Crown Castle International Corp,CCI,54930012H97VSM0I2R19,1051470,2014.0,Q2YTD,2014-01-01,2014-06-30,,0.3,0.34,0.35,496774000.0,0.34,5838000.0,-3289000.0,138150000.0,128097000.0,10053000.0,113512000.0,1296000.0,629883000.0,1754192000.0,,12345000.0,,-8656000.0,10997000.0,24784000.0,128167000.0,629883000.0,1124309000.0,335563000.0,281000.0,655563000.0,468746000.0,-343938000.0,124808000.0,1754192000.0,767100000.0,332344000.0,333081000.0
Crown Castle International Corp,CCI,54930012H97VSM0I2R19,1051470,2014.0,Q2TTM,2013-07-01,2014-06-30,,0.33,0.37,0.35,893879000.0,0.37,13889000.0,141044000.0,161938000.0,151885000.0,10053000.0,124439000.0,2794000.0,1172482000.0,3301588000.0,,12345000.0,,-12406000.0,22360000.0,41972000.0,253833000.0,1172482000.0,2129106000.0,621209000.0,1011000.0,1203573000.0,925533000.0,-632604000.0,292929000.0,3301588000.0,767100000.0,332344000.0,333081000.0
Crown Castle International Corp,CCI,54930012H97VSM0I2R19,1051470,2014.0,Q2,2014-04-01,2014-06-30,2015-08-07 16:14:53+00:00,0.03,0.07,,246583000.0,0.07,3105000.0,-3101000.0,35357000.0,25304000.0,10053000.0,23012000.0,,328933000.0,878242000.0,,12345000.0,0.0,-5920000.0,,19125000.0,63318000.0,328933000.0,549309000.0,189163000.0,108000.0,332131000.0,217178000.0,-194975000.0,22203000.0,878242000.0,767100000.0,332344000.0,333081000.0
Crown Castle International Corp,CCI,54930012H97VSM0I2R19,1051470,2014.0,Q1TTM,2013-04-01,2014-03-31,,0.48,0.48,0.35,837947000.0,0.48,13881000.0,180732000.0,179957000.0,179957000.0,,153786000.0,3811000.0,1092763000.0,3158274000.0,,,,-5979000.0,22360000.0,30062000.0,245305000.0,1092763000.0,2065511000.0,572879000.0,1231000.0,1127195000.0,938316000.0,-577627000.0,360689000.0,3158274000.0,335200000.0,332034000.0,333045000.0
Crown Castle International Corp,CCI,54930012H97VSM0I2R19,1051470,2014.0,Q1,2014-01-01,2014-03-31,2015-05-08 16:07:51+00:00,0.27,0.27,0.35,250191000.0,0.27,2733000.0,-188000.0,102793000.0,102793000.0,,90500000.0,1296000.0,300950000.0,875950000.0,,,,-2736000.0,10997000.0,5659000.0,64849000.0,300950000.0,575000000.0,146400000.0,173000.0,323432000.0,251568000.0,-148963000.0,102605000.0,875950000.0,335200000.0,332034000.0,333045000.0
Crown Castle International Corp,CCI,54930012H97VSM0I2R19,1051470,2015.0,FY,2015-01-01,2015-12-31,2018-02-26 16:34:57+00:00,2.99,4.44,3.35,1036178000.0,4.42,33468000.0,-51457000.0,1524335000.0,525286000.0,,1477004000.0,3343000.0,1321426000.0,3663851000.0,999049000.0,,,57028000.0,43988000.0,15678000.0,310921000.0,1321426000.0,2342425000.0,531285000.0,1906000.0,1396245000.0,946180000.0,-472351000.0,473829000.0,3663851000.0,494000000.0,333002000.0,334062000.0
Crown Castle International Corp,CCI,54930012H97VSM0I2R19,1051470,2015.0,Q4,2015-10-01,2015-12-31,,-0.01,0.39,2.47,269557000.0,0.38,13816000.0,-42077000.0,141066000.0,142725000.0,-13378000.0,26290000.0,,342005000.0,945836000.0,11719000.0,103779000.0,,-1506000.0,10997000.0,3677000.0,87041000.0,342005000.0,603831000.0,128322000.0,736000.0,374091000.0,229740000.0,-129092000.0,100648000.0,945836000.0,494000000.0,333002000.0,334062000.0
Crown Castle International Corp,CCI,54930012H97VSM0I2R19,1051470,2015.0,Q3,2015-07-01,2015-09-30,2016-11-01 15:49:55+00:00,0.0,0.28,,261662000.0,0.28,7477000.0,-3801000.0,103779000.0,104301000.0,,196561000.0,0.0,333859000.0,918107000.0,-522000.0,-103779000.0,,-1214000.0,10997000.0,7608000.0,76699000.0,333859000.0,584248000.0,129877000.0,789000.0,353446000.0,230802000.0,-130302000.0,100500000.0,918107000.0,,333049000.0,333711000.0
Crown Castle International Corp,CCI,54930012H97VSM0I2R19,1051470,2015.0,Q3YTD,2015-01-01,2015-09-30,,3.0,4.05,0.89,766621000.0,4.04,19652000.0,-9380000.0,1383269000.0,382561000.0,13378000.0,1450714000.0,3343000.0,979421000.0,2718015000.0,987330000.0,-103779000.0,,58534000.0,32991000.0,12001000.0,223880000.0,979421000.0,1738594000.0,402963000.0,1170000.0,1022154000.0,716440000.0,-343259000.0,373181000.0,2718015000.0,,333049000.0,333711000.0
Crown Castle International Corp,CCI,54930012H97VSM0I2R19,1051470,2015.0,Q3TTM,2014-10-01,2015-09-30,,2.81,4.46,1870.54,1008422000.0,4.45,23128000.0,-15358000.0,1535856000.0,501623000.0,-5557000.0,1587787000.0,9208000.0,1323731000.0,3609696000.0,1039790000.0,-116124000.0,,79877000.0,54985000.0,17294000.0,287797000.0,1323731000.0,2285965000.0,544033000.0,1097000.0,1336641000.0,949324000.0,-463059000.0,486265000.0,3609696000.0,,333049000.0,333711000.0
Crown Castle International Corp,CCI,54930012H97VSM0I2R19,1051470,2015.0,Q2,2015-04-01,2015-06-30,2016-08-04 16:18:19+00:00,2.96,3.43,0.885,253153000.0,3.42,3620000.0,-4144000.0,1154378000.0,166526000.0,,1142363000.0,1018000.0,326431000.0,899437000.0,987852000.0,,,59973000.0,10997000.0,2377000.0,73125000.0,326431000.0,573006000.0,138647000.0,325000.0,332275000.0,240731000.0,-78349000.0,162382000.0,899437000.0,385900000.0,333091000.0,333733000.0
Crown Castle International Corp,CCI,54930012H97VSM0I2R19,1051470,2015.0,Q2YTD,2015-01-01,2015-06-30,,3.0,3.77,0.89,504959000.0,3.76,12175000.0,-5579000.0,1279490000.0,278260000.0,13378000.0,1254153000.0,3343000.0,645562000.0,1799908000.0,987852000.0,,,59748000.0,21994000.0,4393000.0,147181000.0,645562000.0,1154346000.0,273086000.0,381000.0,668708000.0,485638000.0,-212957000.0,272681000.0,1799908000.0,385900000.0,333091000.0,333733000.0
Crown Castle International Corp,CCI,54930012H97VSM0I2R19,1051470,2015.0,Q2TTM,2014-07-01,2015-06-30,,2.83,4.47,1870.54,993966000.0,4.46,20583000.0,-13534000.0,1540114000.0,496477000.0,3325000.0,1487166000.0,10308000.0,1322285000.0,3584472000.0,1040312000.0,-12345000.0,,80397000.0,54985000.0,13754000.0,276310000.0,1322285000.0,2262187000.0,555443000.0,415000.0,1304613000.0,957574000.0,-474631000.0,482943000.0,3584472000.0,385900000.0,333091000.0,333733000.0
Crown Castle International Corp,CCI,54930012H97VSM0I2R19,1051470,2015.0,Q1,2015-01-01,2015-03-31,2016-05-09 16:20:25+00:00,0.04,0.34,,251806000.0,0.34,8555000.0,-1435000.0,125112000.0,111734000.0,13378000.0,111790000.0,2325000.0,319131000.0,900471000.0,,,,-225000.0,10997000.0,2016000.0,74056000.0,319131000.0,581340000.0,134439000.0,56000.0,336433000.0,244907000.0,-134608000.0,110299000.0,900471000.0,2794800000.0,332712000.0,333485000.0
Crown Castle International Corp,CCI,54930012H97VSM0I2R19,1051470,2015.0,Q1TTM,2014-04-01,2015-03-31,,-0.1,1.11,1869.65,987396000.0,1.11,20068000.0,-12491000.0,421093000.0,355255000.0,13378000.0,367815000.0,9290000.0,1324787000.0,3563277000.0,52460000.0,,,14504000.0,43988000.0,30502000.0,266503000.0,1324787000.0,2238490000.0,605959000.0,198000.0,1304469000.0,934021000.0,-591257000.0,342764000.0,3563277000.0,2794800000.0,332712000.0,333485000.0
Crown Castle International Corp,CCI,54930012H97VSM0I2R19,1051470,2016.0,FY,2016-01-01,2016-12-31,2019-02-25 16:31:01+00:00,0.95,0.95,3.61,1109000000.0,0.95,34000000.0,17000000.0,357000000.0,357000000.0,,324000000.0,,1441000000.0,3921000000.0,,,,-9000000.0,33000000.0,17000000.0,371000000.0,1441000000.0,2480000000.0,567000000.0,1000000.0,1531000000.0,949000000.0,-575000000.0,374000000.0,3921000000.0,341100000.0,340000000.0,341000000.0
Crown Castle International Corp,CCI,54930012H97VSM0I2R19,1051470,2016.0,Q4,2016-10-01,2016-12-31,,0.36,0.36,2.72,274275000.0,0.36,5750000.0,4203000.0,124736000.0,124736000.0,,124727000.0,,392711000.0,1032191000.0,,,,-4377000.0,9000.0,5541000.0,92092000.0,392711000.0,639480000.0,129052000.0,546000.0,377658000.0,261822000.0,-132883000.0,128939000.0,1032191000.0,341100000.0,340000000.0,341000000.0
Crown Castle International Corp,CCI,54930012H97VSM0I2R19,1051470,2016.0,Q3,2016-07-01,2016-09-30,2017-11-06 18:15:15+00:00,0.26,0.26,0.885,280824000.0,0.26,8339000.0,5041000.0,98366000.0,98366000.0,,87369000.0,,365978000.0,992016000.0,,,,-832000.0,10997000.0,2680000.0,89941000.0,365978000.0,626038000.0,140190000.0,175000.0,381784000.0,244254000.0,-140847000.0,103407000.0,992016000.0,336000000.0,337564000.0,338409000.0
Crown Castle International Corp,CCI,54930012H97VSM0I2R19,1051470,2016.0,Q3YTD,2016-01-01,2016-09-30,,0.59,0.59,0.89,834725000.0,0.59,28250000.0,12797000.0,232264000.0,232264000.0,,199273000.0,,1048289000.0,2888809000.0,,,,-4623000.0,32991000.0,11459000.0,278908000.0,1048289000.0,1840520000.0,437948000.0,454000.0,1153342000.0,687178000.0,-442117000.0,245061000.0,2888809000.0,336000000.0,337564000.0,338409000.0
Crown Castle International Corp,CCI,54930012H97VSM0I2R19,1051470,2016.0,Q3TTM,2015-10-01,2016-09-30,,0.58,0.98,3.35,1104282000.0,0.97,42066000.0,-29280000.0,373330000.0,374989000.0,-13378000.0,225563000.0,,1390294000.0,3834645000.0,11719000.0,103779000.0,,-6129000.0,43988000.0,15136000.0,365949000.0,1390294000.0,2444351000.0,566270000.0,1190000.0,1527433000.0,916918000.0,-571209000.0,345709000.0,3834645000.0,336000000.0,337564000.0,338409000.0
Crown Castle International Corp,CCI,54930012H97VSM0I2R19,1051470,2016.0,Q2,2016-04-01,2016-06-30,2017-08-07 16:30:56+00:00,0.22,0.22,,276026000.0,0.22,11952000.0,3884000.0,86058000.0,86058000.0,,75061000.0,,348719000.0,962409000.0,,,,-518000.0,10997000.0,3141000.0,91386000.0,348719000.0,613690000.0,140830000.0,105000.0,382505000.0,231185000.0,-141243000.0,89942000.0,962409000.0,341200000.0,337560000.0,338609000.0
Crown Castle International Corp,CCI,54930012H97VSM0I2R19,1051470,2016.0,Q2YTD,2016-01-01,2016-06-30,,0.33,0.33,,553901000.0,0.33,19911000.0,7756000.0,133898000.0,133898000.0,,111904000.0,,682311000.0,1896793000.0,,,,-3791000.0,21994000.0,8779000.0,188967000.0,682311000.0,1214482000.0,297758000.0,279000.0,771558000.0,442924000.0,-301270000.0,141654000.0,1896793000.0,341200000.0,337560000.0,338609000.0
Crown Castle International Corp,CCI,54930012H97VSM0I2R19,1051470,2016.0,Q2TTM,2015-07-01,2016-06-30,,0.32,1.0,2.47,1085120000.0,0.99,41204000.0,-38122000.0,378743000.0,380924000.0,-13378000.0,334755000.0,,1358175000.0,3760736000.0,11197000.0,,,-6511000.0,43988000.0,20064000.0,352707000.0,1358175000.0,2402561000.0,555957000.0,1804000.0,1499095000.0,903466000.0,-560664000.0,342802000.0,3760736000.0,341200000.0,337560000.0,338609000.0
Crown Castle International Corp,CCI,54930012H97VSM0I2R19,1051470,2016.0,Q1,2016-01-01,2016-03-31,2017-05-04 16:16:39+00:00,0.11,0.11,,277875000.0,0.11,7959000.0,3872000.0,47840000.0,47840000.0,,36843000.0,,333592000.0,934384000.0,,,,-3273000.0,10997000.0,5638000.0,97581000.0,333592000.0,600792000.0,156928000.0,174000.0,389053000.0,211739000.0,-160027000.0,51712000.0,934384000.0,334900000.0,334155000.0,334929000.0
Crown Castle International Corp,CCI,54930012H97VSM0I2R19,1051470,2016.0,Q1TTM,2015-04-01,2016-03-31,,3.06,4.21,3.35,1062247000.0,4.19,32872000.0,-46150000.0,1447063000.0,461392000.0,-13378000.0,1402057000.0,1018000.0,1335887000.0,3697764000.0,999049000.0,,,53980000.0,43988000.0,19300000.0,334446000.0,1335887000.0,2361877000.0,553774000.0,2024000.0,1448865000.0,913012000.0,-497770000.0,415242000.0,3697764000.0,334900000.0,334155000.0,334929000.0
Crown Castle International Corp,CCI,54930012H97VSM0I2R19,1051470,2017.0,FY,2017-01-01,2017-12-31,2020-03-10 16:51:05+00:00,0.8,0.8,3.9,1241000000.0,0.8,17000000.0,26000000.0,366000000.0,366000000.0,,308000000.0,,1543000000.0,4255000000.0,,,,1000000.0,58000000.0,61000000.0,426000000.0,1543000000.0,2712000000.0,595000000.0,19000000.0,1745000000.0,967000000.0,-575000000.0,392000000.0,4255000000.0,385000000.0,382000000.0,383000000.0
Crown Castle International Corp,CCI,54930012H97VSM0I2R19,1051470,2017.0,Q4,2017-10-01,2017-12-31,,-0.06,-0.06,-2.85,360000000.0,-0.05,7000000.0,14000000.0,20000000.0,20000000.0,,-8000000.0,,418000000.0,1138000000.0,,,,-4000000.0,28000000.0,34000000.0,127000000.0,418000000.0,720000000.0,161000000.0,7000000.0,528000000.0,192000000.0,-158000000.0,34000000.0,1138000000.0,385000000.0,382000000.0,383000000.0
Crown Castle International Corp,CCI,54930012H97VSM0I2R19,1051470,2017.0,Q3,2017-07-01,2017-09-30,2018-11-05 16:28:15+00:00,0.22,0.22,0.95,296000000.0,0.21,5000000.0,3000000.0,115000000.0,115000000.0,,85000000.0,,388000000.0,1063000000.0,,,,0.0,30000000.0,13000000.0,100000000.0,388000000.0,675000000.0,154000000.0,11000000.0,414000000.0,261000000.0,-143000000.0,118000000.0,1063000000.0,386400000.0,395000000.0,397000000.0
Crown Castle International Corp,CCI,54930012H97VSM0I2R19,1051470,2017.0,Q3YTD,2017-01-01,2017-09-30,,0.86,0.86,2.85,881000000.0,0.85,10000000.0,12000000.0,346000000.0,346000000.0,,316000000.0,,1125000000.0,3117000000.0,,,,5000000.0,30000000.0,27000000.0,299000000.0,1125000000.0,1992000000.0,434000000.0,12000000.0,1217000000.0,775000000.0,-417000000.0,358000000.0,3117000000.0,386400000.0,395000000.0,397000000.0
Crown Castle International Corp,CCI,54930012H97VSM0I2R19,1051470,2017.0,Q3TTM,2016-10-01,2017-09-30,,1.22,1.22,5.58,1155275000.0,1.21,15750000.0,16203000.0,470736000.0,470736000.0,,440727000.0,,1517711000.0,4149191000.0,,,,623000.0,30009000.0,32541000.0,391092000.0,1517711000.0,2631480000.0,563052000.0,12546000.0,1594658000.0,1036822000.0,-549883000.0,486939000.0,4149191000.0,386400000.0,395000000.0,397000000.0
Crown Castle International Corp,CCI,54930012H97VSM0I2R19,1051470,2017.0,Q2,2017-04-01,2017-06-30,2018-08-06 16:38:45+00:00,0.31,0.31,0.95,296000000.0,0.31,4000000.0,5000000.0,112000000.0,112000000.0,,112000000.0,,373000000.0,1038000000.0,,,,-1000000.0,0.0,8000000.0,98000000.0,373000000.0,665000000.0,142000000.0,1000000.0,406000000.0,259000000.0,-142000000.0,117000000.0,1038000000.0,361300000.0,364000000.0,366000000.0
Crown Castle International Corp,CCI,54930012H97VSM0I2R19,1051470,2017.0,Q2YTD,2017-01-01,2017-06-30,,0.64,0.64,1.9,585000000.0,0.64,5000000.0,9000000.0,231000000.0,231000000.0,,231000000.0,,737000000.0,2054000000.0,,,,5000000.0,,14000000.0,199000000.0,737000000.0,1317000000.0,280000000.0,1000000.0,803000000.0,514000000.0,-274000000.0,240000000.0,2054000000.0,361300000.0,364000000.0,366000000.0
Crown Castle International Corp,CCI,54930012H97VSM0I2R19,1051470,2017.0,Q2TTM,2016-07-01,2017-06-30,,1.26,1.26,5.51,1140099000.0,1.26,19089000.0,18244000.0,454102000.0,454102000.0,,443096000.0,,1495689000.0,4078207000.0,,,,-209000.0,11006000.0,22221000.0,381033000.0,1495689000.0,2582518000.0,549242000.0,1721000.0,1562442000.0,1020076000.0,-547730000.0,472346000.0,4078207000.0,361300000.0,364000000.0,366000000.0
Crown Castle International Corp,CCI,54930012H97VSM0I2R19,1051470,2017.0,Q1,2017-01-01,2017-03-31,2018-05-04 16:20:04+00:00,0.33,0.33,0.95,289000000.0,0.33,1000000.0,4000000.0,119000000.0,119000000.0,,119000000.0,,364000000.0,1016000000.0,,,,6000000.0,0.0,6000000.0,101000000.0,364000000.0,652000000.0,138000000.0,0.0,397000000.0,255000000.0,-132000000.0,123000000.0,1016000000.0,360600000.0,361000000.0,362000000.0
Crown Castle International Corp,CCI,54930012H97VSM0I2R19,1051470,2017.0,Q1TTM,2016-04-01,2017-03-31,,1.17,1.17,4.56,1120125000.0,1.17,27041000.0,17128000.0,428160000.0,428160000.0,,406157000.0,,1471408000.0,4002616000.0,,,,273000.0,22003000.0,17362000.0,374419000.0,1471408000.0,2531208000.0,548072000.0,826000.0,1538947000.0,992261000.0,-546973000.0,445288000.0,4002616000.0,360600000.0,361000000.0,362000000.0
Crown Castle International Corp,CCI,54930012H97VSM0I2R19,1051470,2018.0,FY,2018-01-01,2018-12-31,2020-03-10 16:51:05+00:00,1.23,1.23,,1527000000.0,1.23,26000000.0,19000000.0,622000000.0,622000000.0,,509000000.0,,1844000000.0,5370000000.0,,,,1000000.0,113000000.0,27000000.0,563000000.0,1844000000.0,3526000000.0,748000000.0,5000000.0,2143000000.0,1383000000.0,-742000000.0,641000000.0,5370000000.0,413800000.0,413000000.0,415000000.0
Crown Castle International Corp,CCI,54930012H97VSM0I2R19,1051470,2018.0,Q4,2018-10-01,2018-12-31,,0.32,0.32,,389000000.0,0.33,9000000.0,15000000.0,154000000.0,154000000.0,,69000000.0,,483000000.0,1366000000.0,,,,1000000.0,85000000.0,9000000.0,146000000.0,483000000.0,883000000.0,164000000.0,2000000.0,553000000.0,330000000.0,-161000000.0,169000000.0,1366000000.0,413800000.0,413000000.0,415000000.0
Crown Castle International Corp,CCI,54930012H97VSM0I2R19,1051470,2018.0,Q3,2018-07-01,2018-09-30,2019-11-04 16:29:52+00:00,0.33,0.33,,385000000.0,0.33,8000000.0,-5000000.0,174000000.0,174000000.0,,202000000.0,,474000000.0,1375000000.0,,,,1000000.0,-28000000.0,4000000.0,145000000.0,474000000.0,901000000.0,192000000.0,1000000.0,542000000.0,359000000.0,-190000000.0,169000000.0,1375000000.0,612100000.0,415000000.0,416000000.0
Crown Castle International Corp,CCI,54930012H97VSM0I2R19,1051470,2018.0,Q3YTD,2018-01-01,2018-09-30,,0.91,0.91,,1138000000.0,0.9,17000000.0,4000000.0,468000000.0,468000000.0,,440000000.0,,1361000000.0,4004000000.0,,,,,28000000.0,18000000.0,417000000.0,1361000000.0,2643000000.0,584000000.0,3000000.0,1590000000.0,1053000000.0,-581000000.0,472000000.0,4004000000.0,612100000.0,415000000.0,416000000.0
Crown Castle International Corp,CCI,54930012H97VSM0I2R19,1051470,2018.0,Q3TTM,2017-10-01,2018-09-30,,0.85,0.85,-2.85,1498000000.0,0.85,24000000.0,18000000.0,488000000.0,488000000.0,,432000000.0,,1779000000.0,5142000000.0,,,,-4000000.0,56000000.0,52000000.0,544000000.0,1779000000.0,3363000000.0,745000000.0,10000000.0,2118000000.0,1245000000.0,-739000000.0,506000000.0,5142000000.0,612100000.0,415000000.0,416000000.0
Crown Castle International Corp,CCI,54930012H97VSM0I2R19,1051470,2018.0,Q2,2018-04-01,2018-06-30,2019-07-31 16:29:27+00:00,0.37,0.37,,379000000.0,0.36,6000000.0,5000000.0,180000000.0,180000000.0,,152000000.0,,454000000.0,1330000000.0,,,,0.0,28000000.0,8000000.0,138000000.0,454000000.0,876000000.0,161000000.0,1000000.0,531000000.0,345000000.0,-160000000.0,185000000.0,1330000000.0,410800000.0,415000000.0,416000000.0
Crown Castle International Corp,CCI,54930012H97VSM0I2R19,1051470,2018.0,Q2YTD,2018-01-01,2018-06-30,,0.58,0.58,,753000000.0,0.57,9000000.0,9000000.0,294000000.0,294000000.0,,238000000.0,,887000000.0,2629000000.0,,,,-1000000.0,56000000.0,14000000.0,272000000.0,887000000.0,1742000000.0,392000000.0,2000000.0,1048000000.0,694000000.0,-391000000.0,303000000.0,2629000000.0,410800000.0,415000000.0,416000000.0
Crown Castle International Corp,CCI,54930012H97VSM0I2R19,1051470,2018.0,Q2TTM,2017-07-01,2018-06-30,,0.74,0.74,-1.9,1409000000.0,0.73,21000000.0,26000000.0,429000000.0,429000000.0,,315000000.0,,1693000000.0,4830000000.0,,,,-5000000.0,114000000.0,61000000.0,499000000.0,1693000000.0,3137000000.0,707000000.0,20000000.0,1990000000.0,1147000000.0,-692000000.0,455000000.0,4830000000.0,410800000.0,415000000.0,416000000.0
Crown Castle International Corp,CCI,54930012H97VSM0I2R19,1051470,2018.0,Q1,2018-01-01,2018-03-31,2019-05-03 16:31:28+00:00,0.21,0.21,1.05,374000000.0,0.21,3000000.0,4000000.0,114000000.0,114000000.0,,86000000.0,,433000000.0,1299000000.0,,,,-1000000.0,28000000.0,6000000.0,134000000.0,433000000.0,866000000.0,231000000.0,1000000.0,517000000.0,349000000.0,-231000000.0,118000000.0,1299000000.0,409500000.0,409000000.0,410000000.0
Crown Castle International Corp,CCI,54930012H97VSM0I2R19,1051470,2018.0,Q1TTM,2017-04-01,2018-03-31,,0.68,0.68,-0.95,1326000000.0,0.68,19000000.0,26000000.0,361000000.0,361000000.0,,275000000.0,,1612000000.0,4538000000.0,,,,-6000000.0,86000000.0,61000000.0,459000000.0,1612000000.0,2926000000.0,688000000.0,20000000.0,1865000000.0,1061000000.0,-674000000.0,387000000.0,4538000000.0,409500000.0,409000000.0,410000000.0
Crown Castle International Corp,CCI,54930012H97VSM0I2R19,1051470,2019.0,FY,2019-01-01,2019-12-31,2020-03-10 16:51:05+00:00,1.8,1.8,,1572000000.0,1.79,19000000.0,21000000.0,860000000.0,860000000.0,,747000000.0,,1986000000.0,5763000000.0,,,,1000000.0,113000000.0,13000000.0,614000000.0,1986000000.0,3777000000.0,685000000.0,6000000.0,2218000000.0,1559000000.0,-678000000.0,881000000.0,5763000000.0,415000000.0,416000000.0,418000000.0
Crown Castle International Corp,CCI,54930012H97VSM0I2R19,1051470,2019.0,Q4,2019-10-01,2019-12-31,,0.29,0.29,,396000000.0,0.29,5000000.0,28000000.0,127000000.0,127000000.0,,-14000000.0,,482000000.0,1363000000.0,,,,7000000.0,141000000.0,3000000.0,157000000.0,482000000.0,881000000.0,173000000.0,1000000.0,561000000.0,320000000.0,-165000000.0,155000000.0,1363000000.0,415000000.0,416000000.0,418000000.0
Crown Castle International Corp,CCI,54930012H97VSM0I2R19,1051470,2019.0,Q3,2019-07-01,2019-09-30,2019-11-04 16:29:52+00:00,0.59,0.59,,389000000.0,0.58,2000000.0,-5000000.0,282000000.0,282000000.0,,310000000.0,,516000000.0,1514000000.0,,,,-5000000.0,-28000000.0,4000000.0,150000000.0,516000000.0,998000000.0,173000000.0,2000000.0,545000000.0,453000000.0,-176000000.0,277000000.0,1514000000.0,525400000.0,416000000.0,418000000.0
Crown Castle International Corp,CCI,54930012H97VSM0I2R19,1051470,2019.0,Q3YTD,2019-01-01,2019-09-30,,1.51,1.51,,1176000000.0,1.5,14000000.0,-7000000.0,733000000.0,733000000.0,,761000000.0,,1504000000.0,4400000000.0,,,,-6000000.0,-28000000.0,10000000.0,457000000.0,1504000000.0,2896000000.0,512000000.0,5000000.0,1657000000.0,1239000000.0,-513000000.0,726000000.0,4400000000.0,525400000.0,416000000.0,418000000.0
Crown Castle International Corp,CCI,54930012H97VSM0I2R19,1051470,2019.0,Q3TTM,2018-10-01,2019-09-30,,1.83,1.83,,1565000000.0,1.83,23000000.0,8000000.0,887000000.0,887000000.0,,830000000.0,,1987000000.0,5766000000.0,,,,-5000000.0,57000000.0,19000000.0,603000000.0,1987000000.0,3779000000.0,676000000.0,7000000.0,2210000000.0,1569000000.0,-674000000.0,895000000.0,5766000000.0,525400000.0,416000000.0,418000000.0
Crown Castle International Corp,CCI,54930012H97VSM0I2R19,1051470,2019.0,Q2YTD,2019-01-01,2019-06-30,,0.92,0.92,,787000000.0,0.92,12000000.0,-2000000.0,451000000.0,451000000.0,,451000000.0,,988000000.0,2886000000.0,,,,-1000000.0,,6000000.0,307000000.0,988000000.0,1898000000.0,339000000.0,3000000.0,1112000000.0,786000000.0,-337000000.0,449000000.0,2886000000.0,419200000.0,416000000.0,418000000.0
Crown Castle International Corp,CCI,54930012H97VSM0I2R19,1051470,2019.0,Q2TTM,2018-07-01,2019-06-30,,1.57,1.57,,1561000000.0,1.58,29000000.0,8000000.0,779000000.0,779000000.0,,722000000.0,,1945000000.0,5627000000.0,,,,1000000.0,57000000.0,19000000.0,598000000.0,1945000000.0,3682000000.0,695000000.0,6000000.0,2207000000.0,1475000000.0,-688000000.0,787000000.0,5627000000.0,419200000.0,416000000.0,418000000.0
Crown Castle International Corp,CCI,54930012H97VSM0I2R19,1051470,2019.0,Q2,2019-04-01,2019-06-30,2019-07-31 16:29:27+00:00,0.52,0.52,,393000000.0,0.52,6000000.0,4000000.0,246000000.0,246000000.0,,218000000.0,,503000000.0,1478000000.0,,,,0.0,28000000.0,2000000.0,155000000.0,503000000.0,975000000.0,170000000.0,1000000.0,556000000.0,419000000.0,-169000000.0,250000000.0,1478000000.0,419200000.0,416000000.0,418000000.0
Crown Castle International Corp,CCI,54930012H97VSM0I2R19,1051470,2019.0,Q1,2019-01-01,2019-03-31,2020-05-01 16:25:28+00:00,0.4,0.4,1.125,394000000.0,0.4,6000000.0,-6000000.0,205000000.0,205000000.0,,233000000.0,,485000000.0,1408000000.0,,,,-1000000.0,-28000000.0,4000000.0,152000000.0,485000000.0,923000000.0,169000000.0,2000000.0,556000000.0,367000000.0,-168000000.0,199000000.0,1408000000.0,582500000.0,415000000.0,417000000.0
Crown Castle International Corp,CCI,54930012H97VSM0I2R19,1051470,2019.0,Q1TTM,2018-04-01,2019-03-31,,1.42,1.42,,1547000000.0,1.42,29000000.0,9000000.0,713000000.0,713000000.0,,656000000.0,,1896000000.0,5479000000.0,,,,1000000.0,57000000.0,25000000.0,581000000.0,1896000000.0,3583000000.0,686000000.0,6000000.0,2182000000.0,1401000000.0,-679000000.0,722000000.0,5479000000.0,582500000.0,415000000.0,417000000.0
Crown Castle International Corp,CCI,54930012H97VSM0I2R19,1051470,2020.0,Q1TTM,2019-04-01,2020-03-31,,1.78,1.78,,1577000000.0,1.77,17000000.0,22000000.0,850000000.0,850000000.0,,737000000.0,,1975000000.0,5776000000.0,,,,2000000.0,113000000.0,14000000.0,637000000.0,1975000000.0,3801000000.0,691000000.0,5000000.0,2245000000.0,1556000000.0,-684000000.0,872000000.0,5776000000.0,586800000.0,416000000.0,418000000.0
Crown Castle International Corp,CCI,54930012H97VSM0I2R19,1051470,2020.0,Q1,2020-01-01,2020-03-31,2020-05-01 16:25:28+00:00,0.38,0.38,1.2,399000000.0,0.38,4000000.0,-5000000.0,195000000.0,195000000.0,,223000000.0,,474000000.0,1421000000.0,,,,0.0,-28000000.0,5000000.0,175000000.0,474000000.0,947000000.0,175000000.0,1000000.0,583000000.0,364000000.0,-174000000.0,190000000.0,1421000000.0,586800000.0,416000000.0,418000000.0
