company_name,company_ticker,company_lei,company_cik,year,quarter,start_date,end_date,filing_date,amortizationexpense,basicdilutedeps,basiceps,cashdividendspershare,dilutedeps,impairmentexpense,incometaxexpense,netincome,netincomecontinuing,netincometocommon,operatingcostofrevenue,operatingrevenue,otherincome,otheroperatingexpenses,restructuringcharge,sgaexpense,totalcostofrevenue,totalgrossprofit,totalinterestexpense,totalinterestincome,totaloperatingexpenses,totaloperatingincome,totalotherincome,totalpretaxincome,totalrevenue,weightedavebasicdilutedsharesos,weightedavebasicsharesos,weightedavedilutedsharesos
J M Smucker Co,SJM,5493000WDH6A0LHDJD55,91419,2009.0,FY,2008-05-01,2009-04-30,2011-06-28 16:18:21+00:00,38823000.0,3.11,3.11,6.31,3.11,1491000.0,130112000.0,265953000.0,265953000.0,265953000.0,2506504000.0,3757933000.0,-725000.0,2380000.0,82895000.0,673565000.0,2506504000.0,1251429000.0,62478000.0,6993000.0,799154000.0,452275000.0,-56210000.0,396065000.0,3757933000.0,85448592.0,85448592.0,85448592.0
J M Smucker Co,SJM,5493000WDH6A0LHDJD55,91419,2010.0,Q4,2010-02-01,2010-04-30,,18398000.0,1.0,1.0,0.4,1.0,1851000.0,46750000.0,120606000.0,120606000.0,120606000.0,638972000.0,1069079000.0,14061000.0,6577000.0,6237000.0,229648000.0,638972000.0,430107000.0,14527000.0,426000.0,262711000.0,167396000.0,-40000.0,167356000.0,1069079000.0,118951434.0,118951434.0,118951434.0
J M Smucker Co,SJM,5493000WDH6A0LHDJD55,91419,2010.0,FY,2009-05-01,2010-04-30,2012-06-25 16:11:38+00:00,73657000.0,4.15,4.15,1.45,4.15,11658000.0,236615000.0,494138000.0,494138000.0,494138000.0,2818599000.0,4605289000.0,15845000.0,10319000.0,35533000.0,878221000.0,2818599000.0,1786690000.0,65187000.0,2793000.0,1009388000.0,777302000.0,-46549000.0,730753000.0,4605289000.0,118951434.0,118951434.0,118951434.0
J M Smucker Co,SJM,5493000WDH6A0LHDJD55,91419,2010.0,Q3YTD,2009-05-01,2010-01-31,,55259000.0,3.15,3.15,1.05,3.15,9807000.0,189865000.0,373532000.0,373532000.0,373532000.0,2179627000.0,3536210000.0,1784000.0,3742000.0,29296000.0,648573000.0,2179627000.0,1356583000.0,50660000.0,2367000.0,746677000.0,609906000.0,-46509000.0,563397000.0,3536210000.0,119069183.0,119069183.0,119069183.0
J M Smucker Co,SJM,5493000WDH6A0LHDJD55,91419,2010.0,Q3,2009-11-01,2010-01-31,2011-03-11 17:12:59+00:00,18570000.0,1.14,1.14,0.35,1.14,9807000.0,61682000.0,135479000.0,135479000.0,135479000.0,747635000.0,1205939000.0,1221000.0,978000.0,4672000.0,214411000.0,747635000.0,458304000.0,14236000.0,310000.0,248438000.0,209866000.0,-12705000.0,197161000.0,1205939000.0,119069183.0,119069183.0,119069183.0
J M Smucker Co,SJM,5493000WDH6A0LHDJD55,91419,2010.0,Q2YTD,2009-05-01,2009-10-31,,36689000.0,2.01,2.01,0.7,2.01,,128183000.0,238053000.0,238053000.0,238053000.0,1431992000.0,2330271000.0,563000.0,2764000.0,24624000.0,434162000.0,1431992000.0,898279000.0,36424000.0,2057000.0,498239000.0,400040000.0,-33804000.0,366236000.0,2330271000.0,118956181.0,118956181.0,118956181.0
J M Smucker Co,SJM,5493000WDH6A0LHDJD55,91419,2010.0,Q2,2009-08-01,2009-10-31,2010-12-10 16:00:46+00:00,18312000.0,1.18,1.18,0.35,1.18,,75012000.0,139990000.0,139990000.0,139990000.0,786495000.0,1278745000.0,583000.0,1599000.0,8148000.0,232985000.0,786495000.0,492250000.0,17473000.0,686000.0,261044000.0,231206000.0,-16204000.0,215002000.0,1278745000.0,118956181.0,118956181.0,118956181.0
J M Smucker Co,SJM,5493000WDH6A0LHDJD55,91419,2010.0,Q1,2009-05-01,2009-07-31,2010-09-09 16:33:56+00:00,18377000.0,0.83,0.83,0.35,0.83,,53171000.0,98063000.0,98063000.0,98063000.0,645497000.0,1051526000.0,-20000.0,1165000.0,16476000.0,201177000.0,645497000.0,406029000.0,18951000.0,1371000.0,237195000.0,168834000.0,-17600000.0,151234000.0,1051526000.0,118664653.0,118664653.0,118664653.0
J M Smucker Co,SJM,5493000WDH6A0LHDJD55,91419,2011.0,Q4,2011-02-01,2011-04-30,,18287000.0,0.83,0.83,0.44,0.83,445000.0,55042000.0,94898000.0,94898000.0,94898000.0,766143000.0,1187124000.0,-487000.0,-2641000.0,16062000.0,222693000.0,766143000.0,420981000.0,13924000.0,-1784000.0,254846000.0,166135000.0,-16195000.0,149940000.0,1187124000.0,118165751.0,118165751.0,118165751.0
J M Smucker Co,SJM,5493000WDH6A0LHDJD55,91419,2011.0,FY,2010-05-01,2011-04-30,2013-06-21 08:34:19+00:00,73800000.0,4.06,4.06,1.68,4.05,17600000.0,237700000.0,479500000.0,479500000.0,479500000.0,3027200000.0,4825700000.0,0.0,600000.0,59100000.0,863100000.0,3027200000.0,1798500000.0,67100000.0,,1014200000.0,784300000.0,-67100000.0,717200000.0,4825700000.0,118165751.0,118165751.0,118165751.0
J M Smucker Co,SJM,5493000WDH6A0LHDJD55,91419,2011.0,Q3YTD,2010-05-01,2011-01-31,,55513000.0,3.23,3.23,1.24,3.22,17155000.0,182658000.0,384602000.0,384602000.0,384602000.0,2261057000.0,3638576000.0,487000.0,3241000.0,43038000.0,640407000.0,2261057000.0,1377519000.0,53176000.0,1784000.0,759354000.0,618165000.0,-50905000.0,567260000.0,3638576000.0,118331034.0,118331034.0,118331034.0
J M Smucker Co,SJM,5493000WDH6A0LHDJD55,91419,2011.0,Q3TTM,2010-02-01,2011-01-31,,73911000.0,4.23,4.23,1.64,4.22,19006000.0,229408000.0,505208000.0,505208000.0,505208000.0,2900029000.0,4707655000.0,14548000.0,9818000.0,49275000.0,870055000.0,2900029000.0,1807626000.0,67703000.0,2210000.0,1022065000.0,785561000.0,-50945000.0,734616000.0,4707655000.0,118331034.0,118331034.0,118331034.0
J M Smucker Co,SJM,5493000WDH6A0LHDJD55,91419,2011.0,Q3,2010-11-01,2011-01-31,2012-03-09 17:00:03+00:00,18515000.0,1.12,1.12,0.44,1.11,17155000.0,63784000.0,131995000.0,131995000.0,131995000.0,837937000.0,1312351000.0,170000.0,297000.0,11160000.0,214325000.0,837937000.0,474414000.0,18132000.0,779000.0,261452000.0,212962000.0,-17183000.0,195779000.0,1312351000.0,118331034.0,118331034.0,118331034.0
J M Smucker Co,SJM,5493000WDH6A0LHDJD55,91419,2011.0,Q2YTD,2010-05-01,2010-10-31,,36998000.0,2.11,2.11,0.8,2.11,,118874000.0,252607000.0,252607000.0,252607000.0,1423120000.0,2326225000.0,317000.0,2944000.0,31878000.0,426082000.0,1423120000.0,903105000.0,35044000.0,1005000.0,497902000.0,405203000.0,-33722000.0,371481000.0,2326225000.0,119512001.0,119512001.0,119512001.0
J M Smucker Co,SJM,5493000WDH6A0LHDJD55,91419,2011.0,Q2TTM,2009-11-01,2010-10-31,,73966000.0,4.25,4.25,1.55,4.25,11658000.0,227306000.0,508692000.0,508692000.0,508692000.0,2809727000.0,4601243000.0,15599000.0,10499000.0,42787000.0,870141000.0,2809727000.0,1791516000.0,63807000.0,1741000.0,1009051000.0,782465000.0,-46467000.0,735998000.0,4601243000.0,119512001.0,119512001.0,119512001.0
J M Smucker Co,SJM,5493000WDH6A0LHDJD55,91419,2011.0,Q2,2010-08-01,2010-10-31,2011-12-09 16:42:58+00:00,18501000.0,1.25,1.25,0.4,1.25,,72001000.0,149726000.0,149726000.0,149726000.0,784243000.0,1278913000.0,-376000.0,2194000.0,11118000.0,222821000.0,784243000.0,494670000.0,18505000.0,572000.0,254634000.0,240036000.0,-18309000.0,221727000.0,1278913000.0,119512001.0,119512001.0,119512001.0
J M Smucker Co,SJM,5493000WDH6A0LHDJD55,91419,2011.0,Q1TTM,2009-08-01,2010-07-31,,73777000.0,4.18,4.18,1.5,4.18,11658000.0,230317000.0,498956000.0,498956000.0,498956000.0,2811979000.0,4601075000.0,16558000.0,9904000.0,39817000.0,880305000.0,2811979000.0,1789096000.0,62775000.0,1855000.0,1015461000.0,773635000.0,-44362000.0,729273000.0,4601075000.0,119300926.0,119300926.0,119300926.0
J M Smucker Co,SJM,5493000WDH6A0LHDJD55,91419,2011.0,Q1,2010-05-01,2010-07-31,2011-09-08 17:09:27+00:00,18497000.0,0.86,0.86,0.4,0.86,,46873000.0,102881000.0,102881000.0,102881000.0,638877000.0,1047312000.0,693000.0,750000.0,20760000.0,203261000.0,638877000.0,408435000.0,16539000.0,433000.0,243268000.0,165167000.0,-15413000.0,149754000.0,1047312000.0,119300926.0,119300926.0,119300926.0
J M Smucker Co,SJM,5493000WDH6A0LHDJD55,91419,2012.0,Q4,2012-02-01,2012-04-30,,25275000.0,0.93,0.93,0.48,0.93,4600000.0,59852000.0,104086000.0,104086000.0,104086000.0,905609000.0,1355371000.0,12029000.0,9758000.0,21269000.0,214530000.0,905609000.0,449762000.0,21331000.0,-1090000.0,275432000.0,174330000.0,-10392000.0,163938000.0,1355371000.0,113200000.0,113200000.0,113200000.0
J M Smucker Co,SJM,5493000WDH6A0LHDJD55,91419,2012.0,FY,2011-05-01,2012-04-30,2014-06-23 16:24:12+00:00,88100000.0,4.06,4.06,1.92,4.06,4600000.0,241500000.0,459700000.0,459700000.0,459700000.0,3680600000.0,5525800000.0,2700000.0,9000000.0,72500000.0,892700000.0,3680600000.0,1845200000.0,79800000.0,,1066900000.0,778300000.0,-77100000.0,701200000.0,5525800000.0,113200000.0,113200000.0,113200000.0
J M Smucker Co,SJM,5493000WDH6A0LHDJD55,91419,2012.0,Q3YTD,2011-05-01,2012-01-31,,62825000.0,3.13,3.13,1.44,3.13,,181648000.0,355614000.0,355614000.0,355614000.0,2774991000.0,4170429000.0,-9329000.0,-758000.0,51231000.0,678170000.0,2774991000.0,1395438000.0,58469000.0,1090000.0,791468000.0,603970000.0,-66708000.0,537262000.0,4170429000.0,113439152.0,113439152.0,113439152.0
J M Smucker Co,SJM,5493000WDH6A0LHDJD55,91419,2012.0,Q3TTM,2011-02-01,2012-01-31,,81112000.0,3.96,3.96,1.88,3.96,445000.0,236690000.0,450512000.0,450512000.0,450512000.0,3541134000.0,5357553000.0,-9816000.0,-3399000.0,67293000.0,900863000.0,3541134000.0,1816419000.0,72393000.0,-694000.0,1046314000.0,770105000.0,-82903000.0,687202000.0,5357553000.0,113439152.0,113439152.0,113439152.0
J M Smucker Co,SJM,5493000WDH6A0LHDJD55,91419,2012.0,Q3,2011-11-01,2012-01-31,2013-03-01 16:26:28+00:00,22031000.0,1.03,1.03,0.48,1.03,,60391000.0,116844000.0,116844000.0,116844000.0,1001956000.0,1467641000.0,4000.0,-1150000.0,19422000.0,225016000.0,1001956000.0,465685000.0,23599000.0,464000.0,265319000.0,200366000.0,-23131000.0,177235000.0,1467641000.0,113439152.0,113439152.0,113439152.0
J M Smucker Co,SJM,5493000WDH6A0LHDJD55,91419,2012.0,Q2YTD,2011-05-01,2011-10-31,,40794000.0,2.1,2.1,0.96,2.1,,121257000.0,238770000.0,238770000.0,238770000.0,1773035000.0,2702788000.0,-9333000.0,392000.0,31809000.0,453154000.0,1773035000.0,929753000.0,34870000.0,626000.0,526149000.0,403604000.0,-43577000.0,360027000.0,2702788000.0,113893035.0,113893035.0,113893035.0
J M Smucker Co,SJM,5493000WDH6A0LHDJD55,91419,2012.0,Q2TTM,2010-11-01,2011-10-31,,77596000.0,4.05,4.05,1.84,4.04,17600000.0,240083000.0,465663000.0,465663000.0,465663000.0,3377115000.0,5202263000.0,-9650000.0,-1952000.0,59031000.0,890172000.0,3377115000.0,1825148000.0,66926000.0,-379000.0,1042447000.0,782701000.0,-76955000.0,705746000.0,5202263000.0,113893035.0,113893035.0,113893035.0
J M Smucker Co,SJM,5493000WDH6A0LHDJD55,91419,2012.0,Q2,2011-08-01,2011-10-31,2012-12-04 16:23:31+00:00,20559000.0,1.12,1.12,0.48,1.12,,65954000.0,127247000.0,127247000.0,127247000.0,1015236000.0,1513905000.0,-10576000.0,1380000.0,17227000.0,236602000.0,1015236000.0,498669000.0,19448000.0,324000.0,275768000.0,222901000.0,-29700000.0,193201000.0,1513905000.0,113893035.0,113893035.0,113893035.0
J M Smucker Co,SJM,5493000WDH6A0LHDJD55,91419,2012.0,Q1TTM,2010-08-01,2011-07-31,,75538000.0,4.18,4.18,1.76,4.17,17600000.0,246130000.0,488142000.0,488142000.0,488142000.0,3146122000.0,4967271000.0,550000.0,-1138000.0,52922000.0,876391000.0,3146122000.0,1821149000.0,65983000.0,-131000.0,1021313000.0,799836000.0,-65564000.0,734272000.0,4967271000.0,114277547.0,114277547.0,114277547.0
J M Smucker Co,SJM,5493000WDH6A0LHDJD55,91419,2012.0,Q1,2011-05-01,2011-07-31,2012-09-06 16:18:42+00:00,20235000.0,0.98,0.98,0.48,0.98,,55303000.0,111523000.0,111523000.0,111523000.0,757799000.0,1188883000.0,1243000.0,-988000.0,14582000.0,216552000.0,757799000.0,431084000.0,15422000.0,302000.0,250381000.0,180703000.0,-13877000.0,166826000.0,1188883000.0,114277547.0,114277547.0,114277547.0
J M Smucker Co,SJM,5493000WDH6A0LHDJD55,91419,2013.0,FY,2012-05-01,2013-04-30,2015-06-25 16:40:57+00:00,96800000.0,5.0,5.0,2.08,5.0,,273100000.0,544200000.0,544200000.0,544200000.0,3870100000.0,5897700000.0,300000.0,46500000.0,,973900000.0,3870100000.0,2027600000.0,93400000.0,,1117200000.0,910400000.0,-93100000.0,817300000.0,5897700000.0,108800000.0,108800000.0,108800000.0
J M Smucker Co,SJM,5493000WDH6A0LHDJD55,91419,2013.0,Q4,2013-02-01,2013-04-30,,24200000.0,1.22,1.22,0.52,1.22,,61500000.0,130300000.0,130300000.0,130300000.0,860000000.0,1339700000.0,-100000.0,43500000.0,-35500000.0,233500000.0,860000000.0,479700000.0,22100000.0,,265700000.0,214000000.0,-22200000.0,191800000.0,1339700000.0,108800000.0,108800000.0,108800000.0
J M Smucker Co,SJM,5493000WDH6A0LHDJD55,91419,2013.0,Q3YTD,2012-05-01,2013-01-31,,72600000.0,3.78,3.78,1.56,3.78,,211600000.0,413900000.0,413900000.0,413900000.0,3010100000.0,4558000000.0,400000.0,3000000.0,35500000.0,740400000.0,3010100000.0,1547900000.0,71300000.0,,851500000.0,696400000.0,-70900000.0,625500000.0,4558000000.0,108600000.0,108600000.0,108600000.0
J M Smucker Co,SJM,5493000WDH6A0LHDJD55,91419,2013.0,Q3TTM,2012-02-01,2013-01-31,,97875000.0,4.71,4.71,2.04,4.71,4600000.0,271452000.0,517986000.0,517986000.0,517986000.0,3915709000.0,5913371000.0,12429000.0,12758000.0,56769000.0,954930000.0,3915709000.0,1997662000.0,92631000.0,-1090000.0,1126932000.0,870730000.0,-81292000.0,789438000.0,5913371000.0,108600000.0,108600000.0,108600000.0
J M Smucker Co,SJM,5493000WDH6A0LHDJD55,91419,2013.0,Q3,2012-11-01,2013-01-31,2014-02-27 16:18:41+00:00,24200000.0,1.42,1.42,0.52,1.42,,79800000.0,154200000.0,154200000.0,154200000.0,1023400000.0,1559600000.0,-500000.0,-4100000.0,6800000.0,251000000.0,1023400000.0,536200000.0,23800000.0,,277900000.0,258300000.0,-24300000.0,234000000.0,1559600000.0,108600000.0,108600000.0,108600000.0
J M Smucker Co,SJM,5493000WDH6A0LHDJD55,91419,2013.0,Q2YTD,2012-05-01,2012-10-31,,48400000.0,2.36,2.36,1.04,2.36,,131800000.0,259700000.0,259700000.0,259700000.0,1986700000.0,2998400000.0,900000.0,7100000.0,28700000.0,489400000.0,1986700000.0,1011700000.0,47500000.0,,573600000.0,438100000.0,-46600000.0,391500000.0,2998400000.0,109400000.0,109400000.0,109400000.0
J M Smucker Co,SJM,5493000WDH6A0LHDJD55,91419,2013.0,Q2TTM,2011-11-01,2012-10-31,,95706000.0,4.32,4.32,2.0,4.32,4600000.0,252043000.0,480630000.0,480630000.0,480630000.0,3894265000.0,5821412000.0,12933000.0,15708000.0,69391000.0,928946000.0,3894265000.0,1927147000.0,92430000.0,-626000.0,1114351000.0,812796000.0,-80123000.0,732673000.0,5821412000.0,109400000.0,109400000.0,109400000.0
J M Smucker Co,SJM,5493000WDH6A0LHDJD55,91419,2013.0,Q2,2012-08-01,2012-10-31,2013-11-27 07:57:15+00:00,24200000.0,1.36,1.36,0.52,1.36,,75400000.0,148800000.0,148800000.0,148800000.0,1086800000.0,1628700000.0,500000.0,1400000.0,11500000.0,257200000.0,1086800000.0,541900000.0,23900000.0,,294300000.0,247600000.0,-23400000.0,224200000.0,1628700000.0,109400000.0,109400000.0,109400000.0
J M Smucker Co,SJM,5493000WDH6A0LHDJD55,91419,2013.0,Q1TTM,2011-08-01,2012-07-31,,92065000.0,4.08,4.08,1.96,4.08,4600000.0,242597000.0,459077000.0,459077000.0,459077000.0,3822701000.0,5706617000.0,1857000.0,15688000.0,75118000.0,908348000.0,3822701000.0,1883916000.0,87978000.0,-302000.0,1095819000.0,788097000.0,-86423000.0,701674000.0,5706617000.0,110900000.0,110900000.0,110900000.0
J M Smucker Co,SJM,5493000WDH6A0LHDJD55,91419,2013.0,Q1,2012-05-01,2012-07-31,2013-08-28 16:25:26+00:00,24200000.0,1.0,1.0,0.52,1.0,,56400000.0,110900000.0,110900000.0,110900000.0,899900000.0,1369700000.0,400000.0,5700000.0,17200000.0,232200000.0,899900000.0,469800000.0,23600000.0,,279300000.0,190500000.0,-23200000.0,167300000.0,1369700000.0,110900000.0,110900000.0,110900000.0
J M Smucker Co,SJM,5493000WDH6A0LHDJD55,91419,2014.0,FY,2013-05-01,2014-04-30,2016-06-21 16:28:03+00:00,98900000.0,5.42,5.42,2.32,5.42,,284500000.0,565200000.0,565200000.0,565200000.0,3579600000.0,5610600000.0,10100000.0,24300000.0,,988800000.0,3579600000.0,2031000000.0,79400000.0,,1112000000.0,919000000.0,-69300000.0,849700000.0,5610600000.0,103504121.0,103504121.0,103504121.0
J M Smucker Co,SJM,5493000WDH6A0LHDJD55,91419,2014.0,Q4,2014-02-01,2014-04-30,,24800000.0,1.18,1.18,0.58,1.18,,65200000.0,118500000.0,118500000.0,118500000.0,794000000.0,1234300000.0,9000000.0,6100000.0,,218000000.0,794000000.0,440300000.0,16700000.0,,248900000.0,191400000.0,-7700000.0,183700000.0,1234300000.0,103504121.0,103504121.0,103504121.0
J M Smucker Co,SJM,5493000WDH6A0LHDJD55,91419,2014.0,Q3,2013-11-01,2014-01-31,2015-02-27 16:20:23+00:00,24900000.0,1.59,1.59,0.58,1.59,,79800000.0,166700000.0,166700000.0,166700000.0,920300000.0,1465500000.0,1400000.0,6500000.0,,250300000.0,920300000.0,545200000.0,18400000.0,,281700000.0,263500000.0,-17000000.0,246500000.0,1465500000.0,103980819.0,103980819.0,103980819.0
J M Smucker Co,SJM,5493000WDH6A0LHDJD55,91419,2014.0,Q3YTD,2013-05-01,2014-01-31,,74100000.0,4.24,4.24,1.74,4.24,,219300000.0,446700000.0,446700000.0,446700000.0,2785600000.0,4376300000.0,1100000.0,18200000.0,,770800000.0,2785600000.0,1590700000.0,62700000.0,,863100000.0,727600000.0,-61600000.0,666000000.0,4376300000.0,103980819.0,103980819.0,103980819.0
J M Smucker Co,SJM,5493000WDH6A0LHDJD55,91419,2014.0,Q3TTM,2013-02-01,2014-01-31,,98300000.0,5.46,5.46,2.26,5.46,,280800000.0,577000000.0,577000000.0,577000000.0,3645600000.0,5716000000.0,1000000.0,61700000.0,-35500000.0,1004300000.0,3645600000.0,2070400000.0,84800000.0,,1128800000.0,941600000.0,-83800000.0,857800000.0,5716000000.0,103980819.0,103980819.0,103980819.0
J M Smucker Co,SJM,5493000WDH6A0LHDJD55,91419,2014.0,Q2,2013-08-01,2013-10-31,2014-11-26 08:26:34+00:00,24700000.0,1.46,1.46,0.58,1.46,,76600000.0,153400000.0,153400000.0,153400000.0,1007300000.0,1559900000.0,-300000.0,6800000.0,,270300000.0,1007300000.0,552600000.0,20500000.0,,301800000.0,250800000.0,-20800000.0,230000000.0,1559900000.0,104311146.0,104311146.0,104311146.0
J M Smucker Co,SJM,5493000WDH6A0LHDJD55,91419,2014.0,Q2YTD,2013-05-01,2013-10-31,,49200000.0,2.65,2.65,1.16,2.65,,139500000.0,280000000.0,280000000.0,280000000.0,1865300000.0,2910800000.0,-300000.0,11700000.0,,520500000.0,1865300000.0,1045500000.0,44300000.0,,581400000.0,464100000.0,-44600000.0,419500000.0,2910800000.0,104311146.0,104311146.0,104311146.0
J M Smucker Co,SJM,5493000WDH6A0LHDJD55,91419,2014.0,Q2TTM,2012-11-01,2013-10-31,,97600000.0,5.29,5.29,2.2,5.29,,280800000.0,564500000.0,564500000.0,564500000.0,3748700000.0,5810100000.0,-900000.0,51100000.0,-28700000.0,1005000000.0,3748700000.0,2061400000.0,90200000.0,,1125000000.0,936400000.0,-91100000.0,845300000.0,5810100000.0,104311146.0,104311146.0,104311146.0
J M Smucker Co,SJM,5493000WDH6A0LHDJD55,91419,2014.0,Q1,2013-05-01,2013-07-31,2014-08-27 16:13:24+00:00,24500000.0,1.19,1.19,0.58,1.19,,62900000.0,126600000.0,126600000.0,126600000.0,858000000.0,1350900000.0,0.0,4900000.0,,250200000.0,858000000.0,492900000.0,23800000.0,,279600000.0,213300000.0,-23800000.0,189500000.0,1350900000.0,105077523.0,105077523.0,105077523.0
J M Smucker Co,SJM,5493000WDH6A0LHDJD55,91419,2014.0,Q1TTM,2012-08-01,2013-07-31,,97100000.0,5.19,5.19,2.14,5.19,,279600000.0,559900000.0,559900000.0,559900000.0,3828200000.0,5878900000.0,-100000.0,45700000.0,-17200000.0,991900000.0,3828200000.0,2050700000.0,93600000.0,,1117500000.0,933200000.0,-93700000.0,839500000.0,5878900000.0,105077523.0,105077523.0,105077523.0
J M Smucker Co,SJM,5493000WDH6A0LHDJD55,91419,2015.0,FY,2014-05-01,2015-04-30,2017-06-19 16:09:55+00:00,109700000.0,3.33,3.33,2.56,3.33,1200000.0,178100000.0,344900000.0,344900000.0,344900000.0,3724000000.0,5692700000.0,-169100000.0,54500000.0,,1031300000.0,3724000000.0,1968700000.0,79900000.0,,1196700000.0,772000000.0,-249000000.0,523000000.0,5692700000.0,103038271.0,103038271.0,103038271.0
J M Smucker Co,SJM,5493000WDH6A0LHDJD55,91419,2015.0,Q4,2015-02-01,2015-04-30,,34400000.0,-0.94,-0.94,0.64,-0.94,1200000.0,-39500000.0,-90300000.0,-90300000.0,-90300000.0,1016500000.0,1447100000.0,-170800000.0,36300000.0,,288200000.0,1016500000.0,430600000.0,29500000.0,,360100000.0,70500000.0,-200300000.0,-129800000.0,1447100000.0,103038271.0,103038271.0,103038271.0
J M Smucker Co,SJM,5493000WDH6A0LHDJD55,91419,2015.0,Q3,2014-11-01,2015-01-31,2016-03-03 08:12:32+00:00,25200000.0,1.58,1.58,0.64,1.58,,77500000.0,160900000.0,160900000.0,160900000.0,917100000.0,1440000000.0,100000.0,5300000.0,,237300000.0,917100000.0,522900000.0,16800000.0,,267800000.0,255100000.0,-16700000.0,238400000.0,1440000000.0,101190896.0,101190896.0,101190896.0
J M Smucker Co,SJM,5493000WDH6A0LHDJD55,91419,2015.0,Q3YTD,2014-05-01,2015-01-31,,75300000.0,4.27,4.27,1.92,4.27,,217600000.0,435200000.0,435200000.0,435200000.0,2707500000.0,4245600000.0,1700000.0,18200000.0,,743100000.0,2707500000.0,1538100000.0,50400000.0,,836600000.0,701500000.0,-48700000.0,652800000.0,4245600000.0,101190896.0,101190896.0,101190896.0
J M Smucker Co,SJM,5493000WDH6A0LHDJD55,91419,2015.0,Q3TTM,2014-02-01,2015-01-31,,100100000.0,5.45,5.45,2.5,5.45,,282800000.0,553700000.0,553700000.0,553700000.0,3501500000.0,5479900000.0,10700000.0,24300000.0,,961100000.0,3501500000.0,1978400000.0,67100000.0,,1085500000.0,892900000.0,-56400000.0,836500000.0,5479900000.0,101190896.0,101190896.0,101190896.0
J M Smucker Co,SJM,5493000WDH6A0LHDJD55,91419,2015.0,Q2YTD,2014-05-01,2014-10-31,,50100000.0,2.69,2.69,1.28,2.69,,140100000.0,274300000.0,274300000.0,274300000.0,1790400000.0,2805600000.0,1600000.0,12900000.0,,505800000.0,1790400000.0,1015200000.0,33600000.0,,568800000.0,446400000.0,-32000000.0,414400000.0,2805600000.0,101123147.0,101123147.0,101123147.0
J M Smucker Co,SJM,5493000WDH6A0LHDJD55,91419,2015.0,Q2TTM,2013-11-01,2014-10-31,,99800000.0,5.46,5.46,2.44,5.46,,285100000.0,559500000.0,559500000.0,559500000.0,3504700000.0,5505400000.0,12000000.0,25500000.0,,974100000.0,3504700000.0,2000700000.0,68700000.0,,1099400000.0,901300000.0,-56700000.0,844600000.0,5505400000.0,101123147.0,101123147.0,101123147.0
J M Smucker Co,SJM,5493000WDH6A0LHDJD55,91419,2015.0,Q2,2014-08-01,2014-10-31,2015-12-04 16:19:58+00:00,25200000.0,1.55,1.55,0.64,1.55,,80600000.0,158300000.0,158300000.0,158300000.0,945300000.0,1481800000.0,300000.0,4100000.0,,252400000.0,945300000.0,536500000.0,16200000.0,,281700000.0,254800000.0,-15900000.0,238900000.0,1481800000.0,101123147.0,101123147.0,101123147.0
J M Smucker Co,SJM,5493000WDH6A0LHDJD55,91419,2015.0,Q1TTM,2013-08-01,2014-07-31,,99300000.0,5.37,5.37,2.38,5.37,,281100000.0,554600000.0,554600000.0,554600000.0,3566700000.0,5583500000.0,11400000.0,28200000.0,,992000000.0,3566700000.0,2016800000.0,73000000.0,,1119500000.0,897300000.0,-61600000.0,835700000.0,5583500000.0,101028622.0,101028622.0,101028622.0
J M Smucker Co,SJM,5493000WDH6A0LHDJD55,91419,2015.0,Q1,2014-05-01,2014-07-31,2015-09-02 16:10:38+00:00,24900000.0,1.14,1.14,0.64,1.14,,59500000.0,116000000.0,116000000.0,116000000.0,845100000.0,1323800000.0,1300000.0,8800000.0,,253400000.0,845100000.0,478700000.0,17400000.0,,287100000.0,191600000.0,-16100000.0,175500000.0,1323800000.0,101028622.0,101028622.0,101028622.0
J M Smucker Co,SJM,5493000WDH6A0LHDJD55,91419,2016.0,FY,2015-05-01,2016-04-30,2018-06-18 16:07:02+00:00,208400000.0,5.77,5.77,2.68,5.76,0.0,289200000.0,688700000.0,688700000.0,688700000.0,4843400000.0,7811200000.0,3700000.0,103800000.0,,1510300000.0,4843400000.0,2967800000.0,171100000.0,,1822500000.0,1145300000.0,-167400000.0,977900000.0,7811200000.0,118900000.0,118900000.0,118900000.0
J M Smucker Co,SJM,5493000WDH6A0LHDJD55,91419,2016.0,Q4,2016-02-01,2016-04-30,,50200000.0,1.61,1.61,0.67,1.6,,19200000.0,191000000.0,191000000.0,191000000.0,1119600000.0,1807600000.0,4600000.0,39900000.0,,351800000.0,1119600000.0,688000000.0,40500000.0,,441900000.0,246100000.0,-35900000.0,210200000.0,1807600000.0,118900000.0,118900000.0,118900000.0
J M Smucker Co,SJM,5493000WDH6A0LHDJD55,91419,2016.0,Q3,2015-11-01,2016-01-31,2017-02-24 08:56:20+00:00,52200000.0,1.55,1.55,0.67,1.55,0.0,90000000.0,185300000.0,185300000.0,185300000.0,1210100000.0,1973900000.0,600000.0,12200000.0,,381100000.0,1210100000.0,763800000.0,43600000.0,,445500000.0,318300000.0,-43000000.0,275300000.0,1973900000.0,119167720.0,119167720.0,119167720.0
J M Smucker Co,SJM,5493000WDH6A0LHDJD55,91419,2016.0,Q3YTD,2015-05-01,2016-01-31,,158200000.0,4.16,4.16,2.01,4.16,,270000000.0,497700000.0,497700000.0,497700000.0,3723800000.0,6003600000.0,-900000.0,63900000.0,,1158500000.0,3723800000.0,2279800000.0,130600000.0,,1380600000.0,899200000.0,-131500000.0,767700000.0,6003600000.0,119167720.0,119167720.0,119167720.0
J M Smucker Co,SJM,5493000WDH6A0LHDJD55,91419,2016.0,Q3TTM,2015-02-01,2016-01-31,,192600000.0,3.22,3.22,2.65,3.22,1200000.0,230500000.0,407400000.0,407400000.0,407400000.0,4740300000.0,7450700000.0,-171700000.0,100200000.0,,1446700000.0,4740300000.0,2710400000.0,160100000.0,,1740700000.0,969700000.0,-331800000.0,637900000.0,7450700000.0,119167720.0,119167720.0,119167720.0
J M Smucker Co,SJM,5493000WDH6A0LHDJD55,91419,2016.0,Q2,2015-08-01,2015-10-31,2016-11-22 16:13:34+00:00,53000000.0,1.47,1.47,0.67,1.47,,93600000.0,176000000.0,176000000.0,176000000.0,1290400000.0,2077700000.0,-1600000.0,30700000.0,,389800000.0,1290400000.0,787300000.0,42600000.0,,473500000.0,313800000.0,-44200000.0,269600000.0,2077700000.0,119159257.0,119159257.0,119159257.0
J M Smucker Co,SJM,5493000WDH6A0LHDJD55,91419,2016.0,Q2YTD,2015-05-01,2015-10-31,,106000000.0,2.61,2.61,1.34,2.61,,180000000.0,312400000.0,312400000.0,312400000.0,2513700000.0,4029700000.0,-1500000.0,51700000.0,,777400000.0,2513700000.0,1516000000.0,87000000.0,,935100000.0,580900000.0,-88500000.0,492400000.0,4029700000.0,119159257.0,119159257.0,119159257.0
J M Smucker Co,SJM,5493000WDH6A0LHDJD55,91419,2016.0,Q2TTM,2014-11-01,2015-10-31,,165600000.0,3.25,3.25,2.62,3.25,1200000.0,218000000.0,383000000.0,383000000.0,383000000.0,4447300000.0,6916800000.0,-172200000.0,93300000.0,,1302900000.0,4447300000.0,2469500000.0,133300000.0,,1563000000.0,906500000.0,-305500000.0,601000000.0,6916800000.0,119159257.0,119159257.0,119159257.0
J M Smucker Co,SJM,5493000WDH6A0LHDJD55,91419,2016.0,Q1,2015-05-01,2015-07-31,2016-08-30 08:19:51+00:00,53000000.0,1.14,1.14,0.67,1.14,,86400000.0,136400000.0,136400000.0,136400000.0,1223300000.0,1952000000.0,100000.0,21000000.0,,387600000.0,1223300000.0,728700000.0,44400000.0,,461600000.0,267100000.0,-44300000.0,222800000.0,1952000000.0,119089757.0,119089757.0,119089757.0
J M Smucker Co,SJM,5493000WDH6A0LHDJD55,91419,2016.0,Q1TTM,2014-08-01,2015-07-31,,137800000.0,3.33,3.33,2.59,3.33,1200000.0,205000000.0,365300000.0,365300000.0,365300000.0,4102200000.0,6320900000.0,-170300000.0,66700000.0,,1165500000.0,4102200000.0,2218700000.0,106900000.0,,1371200000.0,847500000.0,-277200000.0,570300000.0,6320900000.0,119089757.0,119089757.0,119089757.0
J M Smucker Co,SJM,5493000WDH6A0LHDJD55,91419,2017.0,FY,2016-05-01,2017-04-30,2019-06-17 16:07:13+00:00,207300000.0,5.11,5.11,3.0,5.1,133200000.0,286100000.0,592300000.0,592300000.0,592300000.0,4557000000.0,7392300000.0,-1100000.0,72600000.0,,1379600000.0,4557000000.0,2835300000.0,163100000.0,,1792700000.0,1042600000.0,-164200000.0,878400000.0,7392300000.0,115500000.0,115500000.0,115500000.0
J M Smucker Co,SJM,5493000WDH6A0LHDJD55,91419,2017.0,Q4,2017-02-01,2017-04-30,,52100000.0,0.97,0.97,0.75,0.96,57500000.0,51500000.0,110400000.0,110400000.0,110400000.0,1137000000.0,1783800000.0,-5600000.0,6100000.0,,323300000.0,1137000000.0,646800000.0,40300000.0,,439000000.0,207800000.0,-45900000.0,161900000.0,1783800000.0,115500000.0,115500000.0,115500000.0
J M Smucker Co,SJM,5493000WDH6A0LHDJD55,91419,2017.0,Q3,2016-11-01,2017-01-31,2018-02-23 08:20:24+00:00,51700000.0,1.16,1.16,0.75,1.16,75700000.0,63000000.0,134600000.0,134600000.0,134600000.0,1155900000.0,1878800000.0,200000.0,20600000.0,,337200000.0,1155900000.0,722900000.0,40300000.0,,485200000.0,237700000.0,-40100000.0,197600000.0,1878800000.0,115900000.0,115900000.0,115900000.0
J M Smucker Co,SJM,5493000WDH6A0LHDJD55,91419,2017.0,Q3YTD,2016-05-01,2017-01-31,,155200000.0,4.14,4.14,2.25,4.14,75700000.0,234600000.0,481900000.0,481900000.0,481900000.0,3420000000.0,5608500000.0,4500000.0,66500000.0,,1056300000.0,3420000000.0,2188500000.0,122800000.0,,1353700000.0,834800000.0,-118300000.0,716500000.0,5608500000.0,115900000.0,115900000.0,115900000.0
J M Smucker Co,SJM,5493000WDH6A0LHDJD55,91419,2017.0,Q3TTM,2016-02-01,2017-01-31,,205400000.0,5.75,5.75,2.92,5.74,75700000.0,253800000.0,672900000.0,672900000.0,672900000.0,4539600000.0,7416100000.0,9100000.0,106400000.0,,1408100000.0,4539600000.0,2876500000.0,163300000.0,,1795600000.0,1080900000.0,-154200000.0,926700000.0,7416100000.0,115900000.0,115900000.0,115900000.0
J M Smucker Co,SJM,5493000WDH6A0LHDJD55,91419,2017.0,Q2,2016-08-01,2016-10-31,2017-11-22 07:41:59+00:00,51800000.0,1.52,1.52,0.75,1.52,,88200000.0,177300000.0,177300000.0,177300000.0,1171000000.0,1913900000.0,3200000.0,24700000.0,,363100000.0,1171000000.0,742900000.0,41000000.0,,439600000.0,303300000.0,-37800000.0,265500000.0,1913900000.0,115900000.0,115900000.0,115900000.0
J M Smucker Co,SJM,5493000WDH6A0LHDJD55,91419,2017.0,Q2YTD,2016-05-01,2016-10-31,,103500000.0,2.98,2.98,1.5,2.98,,171600000.0,347300000.0,347300000.0,347300000.0,2264100000.0,3729700000.0,4300000.0,45900000.0,,719100000.0,2264100000.0,1465600000.0,82500000.0,,868500000.0,597100000.0,-78200000.0,518900000.0,3729700000.0,115900000.0,115900000.0,115900000.0
J M Smucker Co,SJM,5493000WDH6A0LHDJD55,91419,2017.0,Q2TTM,2015-11-01,2016-10-31,,205900000.0,6.14,6.14,2.84,6.13,,280800000.0,723600000.0,723600000.0,723600000.0,4593800000.0,7511200000.0,9500000.0,98000000.0,,1452000000.0,4593800000.0,2917400000.0,166600000.0,,1755900000.0,1161500000.0,-157100000.0,1004400000.0,7511200000.0,115900000.0,115900000.0,115900000.0
J M Smucker Co,SJM,5493000WDH6A0LHDJD55,91419,2017.0,Q1,2016-05-01,2016-07-31,2017-08-31 16:11:06+00:00,51700000.0,1.46,1.46,0.75,1.46,,83400000.0,170000000.0,170000000.0,170000000.0,1093100000.0,1815800000.0,1100000.0,21200000.0,,356000000.0,1093100000.0,722700000.0,41500000.0,,428900000.0,293800000.0,-40400000.0,253400000.0,1815800000.0,115800000.0,115800000.0,115800000.0
J M Smucker Co,SJM,5493000WDH6A0LHDJD55,91419,2017.0,Q1TTM,2015-08-01,2016-07-31,,207100000.0,6.09,6.09,2.76,6.08,,286200000.0,722300000.0,722300000.0,722300000.0,4713200000.0,7675000000.0,4700000.0,104000000.0,,1478700000.0,4713200000.0,2961800000.0,168200000.0,,1789800000.0,1172000000.0,-163500000.0,1008500000.0,7675000000.0,115800000.0,115800000.0,115800000.0
J M Smucker Co,SJM,5493000WDH6A0LHDJD55,91419,2018.0,FY,2017-05-01,2018-04-30,2020-06-19 16:12:34+00:00,206800000.0,11.79,11.79,3.12,11.78,176900000.0,-477600000.0,1338600000.0,1338600000.0,1338600000.0,4521000000.0,7357100000.0,-8900000.0,100000.0,45400000.0,1362900000.0,4521000000.0,2836100000.0,,-174100000.0,1792100000.0,1044000000.0,-183000000.0,861000000.0,7357100000.0,113500000.0,113500000.0,113600000.0
J M Smucker Co,SJM,5493000WDH6A0LHDJD55,91419,2018.0,Q4,2018-02-01,2018-04-30,,52100000.0,1.64,1.64,-2.34,1.63,,78300000.0,185900000.0,185900000.0,185900000.0,1090800000.0,1781300000.0,-1100000.0,-43700000.0,45400000.0,324000000.0,1090800000.0,690500000.0,-126700000.0,-174100000.0,377800000.0,312700000.0,-48500000.0,264200000.0,1781300000.0,113500000.0,113500000.0,113600000.0
J M Smucker Co,SJM,5493000WDH6A0LHDJD55,91419,2018.0,Q3,2017-11-01,2018-01-31,2019-02-26 16:09:02+00:00,51600000.0,7.32,7.32,0.78,7.32,176900000.0,-715300000.0,831300000.0,831300000.0,831300000.0,1174800000.0,1903300000.0,-4900000.0,5400000.0,,330600000.0,1174800000.0,728500000.0,43100000.0,,564500000.0,164000000.0,-48000000.0,116000000.0,1903300000.0,113000000.0,113000000.0,113000000.0
J M Smucker Co,SJM,5493000WDH6A0LHDJD55,91419,2018.0,Q3YTD,2017-05-01,2018-01-31,,154700000.0,10.15,10.15,2.34,10.15,176900000.0,-555900000.0,1152700000.0,1152700000.0,1152700000.0,3430200000.0,5575800000.0,-7800000.0,43800000.0,,1038900000.0,3430200000.0,2145600000.0,126700000.0,,1414300000.0,731300000.0,-134500000.0,596800000.0,5575800000.0,113000000.0,113000000.0,113000000.0
J M Smucker Co,SJM,5493000WDH6A0LHDJD55,91419,2018.0,Q3TTM,2017-02-01,2018-01-31,,206800000.0,11.12,11.12,3.09,11.11,234400000.0,-504400000.0,1263100000.0,1263100000.0,1263100000.0,4567200000.0,7359600000.0,-13400000.0,49900000.0,,1362200000.0,4567200000.0,2792400000.0,167000000.0,,1853300000.0,939100000.0,-180400000.0,758700000.0,7359600000.0,113000000.0,113000000.0,113000000.0
J M Smucker Co,SJM,5493000WDH6A0LHDJD55,91419,2018.0,Q2,2017-08-01,2017-10-31,2018-11-28 16:14:51+00:00,51600000.0,1.71,1.71,0.78,1.71,,97200000.0,194600000.0,194600000.0,194600000.0,1168600000.0,1923600000.0,1300000.0,11800000.0,,359500000.0,1168600000.0,755000000.0,41600000.0,,422900000.0,332100000.0,-40300000.0,291800000.0,1923600000.0,113000000.0,113000000.0,113000000.0
J M Smucker Co,SJM,5493000WDH6A0LHDJD55,91419,2018.0,Q2YTD,2017-05-01,2017-10-31,,103100000.0,2.83,2.83,1.56,2.83,,159400000.0,321400000.0,321400000.0,321400000.0,2255400000.0,3672500000.0,-2900000.0,38400000.0,,708300000.0,2255400000.0,1417100000.0,83600000.0,,849800000.0,567300000.0,-86500000.0,480800000.0,3672500000.0,113000000.0,113000000.0,113000000.0
J M Smucker Co,SJM,5493000WDH6A0LHDJD55,91419,2018.0,Q2TTM,2016-11-01,2017-10-31,,206900000.0,4.96,4.96,3.06,4.95,133200000.0,273900000.0,566400000.0,566400000.0,566400000.0,4548300000.0,7335100000.0,-8300000.0,65100000.0,,1368800000.0,4548300000.0,2786800000.0,164200000.0,,1774000000.0,1012800000.0,-172500000.0,840300000.0,7335100000.0,113000000.0,113000000.0,113000000.0
J M Smucker Co,SJM,5493000WDH6A0LHDJD55,91419,2018.0,Q1,2017-05-01,2017-07-31,2018-08-27 16:19:22+00:00,51500000.0,1.12,1.12,0.78,1.12,,62200000.0,126800000.0,126800000.0,126800000.0,1086800000.0,1748900000.0,-4200000.0,26600000.0,,348800000.0,1086800000.0,662100000.0,42000000.0,,426900000.0,235200000.0,-46200000.0,189000000.0,1748900000.0,112900000.0,112900000.0,112900000.0
J M Smucker Co,SJM,5493000WDH6A0LHDJD55,91419,2018.0,Q1TTM,2016-08-01,2017-07-31,,207100000.0,4.77,4.77,3.03,4.76,133200000.0,264900000.0,549100000.0,549100000.0,549100000.0,4550700000.0,7325400000.0,-6400000.0,78000000.0,,1372400000.0,4550700000.0,2774700000.0,163600000.0,,1790700000.0,984000000.0,-170000000.0,814000000.0,7325400000.0,112900000.0,112900000.0,112900000.0
J M Smucker Co,SJM,5493000WDH6A0LHDJD55,91419,2019.0,FY,2018-05-01,2019-04-30,2020-06-19 16:12:34+00:00,240300000.0,4.52,4.52,3.4,4.52,205100000.0,187200000.0,514400000.0,514400000.0,514400000.0,4922300000.0,7838000000.0,-19100000.0,-31000000.0,64100000.0,1508600000.0,4922300000.0,2915700000.0,,-207900000.0,1987100000.0,928600000.0,-227000000.0,701600000.0,7838000000.0,113800000.0,113800000.0,113800000.0
J M Smucker Co,SJM,5493000WDH6A0LHDJD55,91419,2019.0,Q4,2019-02-01,2019-04-30,,60400000.0,0.62,0.62,-2.55,0.62,97900000.0,30400000.0,71500000.0,71500000.0,71500000.0,1209700000.0,1902100000.0,-2600000.0,-9200000.0,19900000.0,369800000.0,1209700000.0,692400000.0,-53600000.0,-102700000.0,538800000.0,153600000.0,-51700000.0,101900000.0,1902100000.0,113800000.0,113800000.0,113800000.0
J M Smucker Co,SJM,5493000WDH6A0LHDJD55,91419,2019.0,Q3,2018-11-01,2019-01-31,2020-02-27 07:46:31+00:00,59700000.0,1.07,1.07,0.85,1.07,107200000.0,35800000.0,121400000.0,121400000.0,121400000.0,1238100000.0,2011900000.0,-8800000.0,-2600000.0,18800000.0,373100000.0,1238100000.0,773800000.0,,-51600000.0,556200000.0,217600000.0,-60400000.0,157200000.0,2011900000.0,113200000.0,113200000.0,113200000.0
J M Smucker Co,SJM,5493000WDH6A0LHDJD55,91419,2019.0,Q3YTD,2018-05-01,2019-01-31,,179900000.0,3.9,3.9,2.55,3.9,107200000.0,156800000.0,442900000.0,442900000.0,442900000.0,3712600000.0,5935900000.0,-16500000.0,-21800000.0,44200000.0,1138800000.0,3712600000.0,2223300000.0,53600000.0,-105200000.0,1448300000.0,775000000.0,-175300000.0,599700000.0,5935900000.0,113200000.0,113200000.0,113200000.0
J M Smucker Co,SJM,5493000WDH6A0LHDJD55,91419,2019.0,Q3TTM,2018-02-01,2019-01-31,,232000000.0,5.54,5.54,0.21,5.53,107200000.0,235100000.0,628800000.0,628800000.0,628800000.0,4803400000.0,7717200000.0,-17600000.0,-65500000.0,89600000.0,1462800000.0,4803400000.0,2913800000.0,-73100000.0,-279300000.0,1826100000.0,1087700000.0,-223800000.0,863900000.0,7717200000.0,113200000.0,113200000.0,113200000.0
J M Smucker Co,SJM,5493000WDH6A0LHDJD55,91419,2019.0,Q2,2018-08-01,2018-10-31,2019-11-22 16:18:19+00:00,59700000.0,1.66,1.66,0.85,1.66,,80900000.0,188500000.0,188500000.0,188500000.0,1250200000.0,2021500000.0,-7500000.0,-26700000.0,25400000.0,382400000.0,1250200000.0,771300000.0,,-53600000.0,440800000.0,330500000.0,-61100000.0,269400000.0,2021500000.0,113200000.0,113200000.0,113200000.0
J M Smucker Co,SJM,5493000WDH6A0LHDJD55,91419,2019.0,Q2YTD,2018-05-01,2018-10-31,,120200000.0,2.83,2.83,1.7,2.83,,121000000.0,321500000.0,321500000.0,321500000.0,2474500000.0,3924000000.0,-7700000.0,-19200000.0,25400000.0,765700000.0,2474500000.0,1449500000.0,53600000.0,-53600000.0,892100000.0,557400000.0,-114900000.0,442500000.0,3924000000.0,113200000.0,113200000.0,113200000.0
J M Smucker Co,SJM,5493000WDH6A0LHDJD55,91419,2019.0,Q2TTM,2017-11-01,2018-10-31,,223900000.0,11.79,11.79,0.14,11.78,176900000.0,-516000000.0,1338700000.0,1338700000.0,1338700000.0,4740100000.0,7608600000.0,-13700000.0,-57500000.0,70800000.0,1420300000.0,4740100000.0,2868500000.0,-30000000.0,-227700000.0,1834400000.0,1034100000.0,-211400000.0,822700000.0,7608600000.0,113200000.0,113200000.0,113200000.0
J M Smucker Co,SJM,5493000WDH6A0LHDJD55,91419,2019.0,Q1,2018-05-01,2018-07-31,2019-08-27 16:11:09+00:00,60500000.0,1.17,1.17,0.85,1.17,,40100000.0,133000000.0,133000000.0,133000000.0,1224300000.0,1902500000.0,-200000.0,7500000.0,,383300000.0,1224300000.0,678200000.0,53600000.0,,451300000.0,226900000.0,-53800000.0,173100000.0,1902500000.0,113100000.0,113100000.0,113100000.0
J M Smucker Co,SJM,5493000WDH6A0LHDJD55,91419,2019.0,Q1TTM,2017-08-01,2018-07-31,,215800000.0,11.84,11.84,0.07,11.83,176900000.0,-499700000.0,1344800000.0,1344800000.0,1344800000.0,4658500000.0,7510700000.0,-4900000.0,-19000000.0,45400000.0,1397400000.0,4658500000.0,2852200000.0,11600000.0,-174100000.0,1816500000.0,1035700000.0,-190600000.0,845100000.0,7510700000.0,113100000.0,113100000.0,113100000.0
J M Smucker Co,SJM,5493000WDH6A0LHDJD55,91419,2020.0,Q4,2020-02-01,2020-04-30,,59900000.0,1.99,1.99,-2.64,1.99,,72100000.0,226300000.0,226300000.0,226300000.0,1303600000.0,2092000000.0,-2700000.0,-1500000.0,9900000.0,373400000.0,1303600000.0,788400000.0,-49400000.0,-95000000.0,441700000.0,346700000.0,-48300000.0,298400000.0,2092000000.0,114000000.0,114000000.0,114000000.0
J M Smucker Co,SJM,5493000WDH6A0LHDJD55,91419,2020.0,FY,2019-05-01,2020-04-30,2020-06-19 16:12:34+00:00,236300000.0,6.84,6.84,3.52,6.84,52400000.0,247200000.0,779500000.0,779500000.0,779500000.0,4799000000.0,7801000000.0,-7200000.0,-600000.0,16500000.0,1474300000.0,4799000000.0,3002000000.0,,-189200000.0,1778900000.0,1223100000.0,-196400000.0,1026700000.0,7801000000.0,114000000.0,114000000.0,114000000.0
J M Smucker Co,SJM,5493000WDH6A0LHDJD55,91419,2020.0,Q3YTD,2019-05-01,2020-01-31,,176400000.0,4.85,4.85,2.64,4.85,52400000.0,175100000.0,553200000.0,553200000.0,553200000.0,3495400000.0,5709000000.0,-4500000.0,900000.0,6600000.0,1100900000.0,3495400000.0,2213600000.0,49400000.0,-94200000.0,1337200000.0,876400000.0,-148100000.0,728300000.0,5709000000.0,113400000.0,113400000.0,113400000.0
J M Smucker Co,SJM,5493000WDH6A0LHDJD55,91419,2020.0,Q3TTM,2019-02-01,2020-01-31,,236800000.0,5.47,5.47,0.09,5.47,150300000.0,205500000.0,624700000.0,624700000.0,624700000.0,4705100000.0,7611100000.0,-7100000.0,-8300000.0,26500000.0,1470700000.0,4705100000.0,2906000000.0,-4200000.0,-196900000.0,1876000000.0,1030000000.0,-199800000.0,830200000.0,7611100000.0,113400000.0,113400000.0,113400000.0
J M Smucker Co,SJM,5493000WDH6A0LHDJD55,91419,2020.0,Q3,2019-11-01,2020-01-31,2020-02-27 07:46:31+00:00,58800000.0,1.64,1.64,0.88,1.64,52400000.0,55100000.0,187400000.0,187400000.0,187400000.0,1212300000.0,1972300000.0,-1400000.0,-2400000.0,3300000.0,358900000.0,1212300000.0,760000000.0,,-45100000.0,471000000.0,289000000.0,-46500000.0,242500000.0,1972300000.0,113400000.0,113400000.0,113400000.0
J M Smucker Co,SJM,5493000WDH6A0LHDJD55,91419,2020.0,Q2YTD,2019-05-01,2019-10-31,,117600000.0,3.21,3.21,1.76,3.21,,120000000.0,365800000.0,365800000.0,365800000.0,2283100000.0,3736700000.0,-3100000.0,3300000.0,3300000.0,742000000.0,2283100000.0,1453600000.0,49400000.0,-49100000.0,866200000.0,587400000.0,-101600000.0,485800000.0,3736700000.0,113400000.0,113400000.0,113400000.0
J M Smucker Co,SJM,5493000WDH6A0LHDJD55,91419,2020.0,Q2TTM,2018-11-01,2019-10-31,,237700000.0,4.9,4.9,0.06,4.9,205100000.0,186200000.0,558700000.0,558700000.0,558700000.0,4730900000.0,7650700000.0,-14500000.0,-8500000.0,42000000.0,1484900000.0,4730900000.0,2919800000.0,-4200000.0,-203400000.0,1961200000.0,958600000.0,-213700000.0,744900000.0,7650700000.0,113400000.0,113400000.0,113400000.0
J M Smucker Co,SJM,5493000WDH6A0LHDJD55,91419,2020.0,Q2,2019-08-01,2019-10-31,2019-11-22 16:18:19+00:00,58800000.0,1.85,1.85,0.88,1.85,,67900000.0,211200000.0,211200000.0,211200000.0,1203800000.0,1957800000.0,-1600000.0,600000.0,3300000.0,361500000.0,1203800000.0,754000000.0,,-49100000.0,424200000.0,329800000.0,-50700000.0,279100000.0,1957800000.0,113400000.0,113400000.0,113400000.0
J M Smucker Co,SJM,5493000WDH6A0LHDJD55,91419,2020.0,Q1TTM,2018-08-01,2019-07-31,,238600000.0,4.71,4.71,0.03,4.71,205100000.0,199200000.0,536000000.0,536000000.0,536000000.0,4777300000.0,7714400000.0,-20400000.0,-35800000.0,64100000.0,1505800000.0,4777300000.0,2937100000.0,-4200000.0,-207900000.0,1977800000.0,959300000.0,-224100000.0,735200000.0,7714400000.0,113200000.0,113200000.0,113200000.0
J M Smucker Co,SJM,5493000WDH6A0LHDJD55,91419,2020.0,Q1,2019-05-01,2019-07-31,2019-08-27 16:11:09+00:00,58800000.0,1.36,1.36,0.88,1.36,,52100000.0,154600000.0,154600000.0,154600000.0,1079300000.0,1778900000.0,-1500000.0,2700000.0,,380500000.0,1079300000.0,699600000.0,49400000.0,,442000000.0,257600000.0,-50900000.0,206700000.0,1778900000.0,113200000.0,113200000.0,113200000.0
