company_name,company_ticker,company_lei,company_cik,year,quarter,start_date,end_date,filing_date,amortizationexpense,basicdilutedeps,basiceps,dilutedeps,incometaxexpense,marketingexpense,netincome,netincomecontinuing,netincometocommon,operatingcostofrevenue,operatingrevenue,otherincome,rdexpense,restructuringcharge,sgaexpense,totalcostofrevenue,totalgrossprofit,totalinterestexpense,totalinterestincome,totaloperatingexpenses,totaloperatingincome,totalotherincome,totalpretaxincome,totalrevenue,weightedavebasicdilutedsharesos,weightedavebasicsharesos,weightedavedilutedsharesos
Adobe Inc.,ADBE,FU4LY2G4933NH2E1CP29,796343,2007.0,FY,2006-12-02,2007-11-30,2010-01-22 12:14:18+00:00,72435000.0,1.24,1.24,1.21,223383000.0,984388000.0,723807000.0,723807000.0,723807000.0,354694000.0,3157881000.0,82724000.0,613242000.0,555000.0,274982000.0,354694000.0,2803187000.0,253000.0,7134000.0,1945602000.0,857585000.0,89605000.0,947190000.0,3157881000.0,583700000.0,584203000.0,598775000.0
Adobe Inc.,ADBE,FU4LY2G4933NH2E1CP29,796343,2008.0,FY,2007-12-01,2008-11-28,2011-01-27 13:14:29+00:00,68246000.0,1.62,1.62,1.59,206694000.0,1089341000.0,871814000.0,871814000.0,871814000.0,362630000.0,3579889000.0,43847000.0,662057000.0,32053000.0,337291000.0,362630000.0,3217259000.0,10019000.0,16409000.0,2188988000.0,1028271000.0,50237000.0,1078508000.0,3579889000.0,538200000.0,539373000.0,548553000.0
Adobe Inc.,ADBE,FU4LY2G4933NH2E1CP29,796343,2008.0,Q3,2008-05-31,2008-08-29,2009-10-01 06:11:08+00:00,17024000.0,0.36,0.36,0.35,36906000.0,271439000.0,191608000.0,191608000.0,191608000.0,110851000.0,887257000.0,9338000.0,170124000.0,1194000.0,97156000.0,110851000.0,776406000.0,2390000.0,2097000.0,556937000.0,219469000.0,9045000.0,228514000.0,887257000.0,532200000.0,531060000.0,541311000.0
Adobe Inc.,ADBE,FU4LY2G4933NH2E1CP29,796343,2009.0,Q4,2009-08-29,2009-11-27,,25901000.0,-0.06,-0.06,-0.07,192255000.0,257883000.0,-32043000.0,-32043000.0,-32043000.0,82324000.0,757283000.0,6627000.0,137852000.0,25394000.0,74287000.0,82324000.0,674959000.0,1535000.0,1478000.0,521317000.0,153642000.0,6570000.0,160212000.0,757283000.0,522300000.0,524470000.0,530610000.0
Adobe Inc.,ADBE,FU4LY2G4933NH2E1CP29,796343,2009.0,FY,2008-11-29,2009-11-27,2012-01-26 16:10:33+00:00,71555000.0,0.74,0.74,0.73,315012000.0,981903000.0,386508000.0,386508000.0,386508000.0,296732000.0,2945853000.0,31380000.0,565141000.0,41260000.0,298749000.0,296732000.0,2649121000.0,3407000.0,-16966000.0,1958608000.0,690513000.0,11007000.0,701520000.0,2945853000.0,522300000.0,524470000.0,530610000.0
Adobe Inc.,ADBE,FU4LY2G4933NH2E1CP29,796343,2009.0,Q3YTD,2008-11-29,2009-08-28,,45654000.0,0.8,0.8,0.8,122757000.0,724020000.0,418551000.0,418551000.0,418551000.0,214408000.0,2188570000.0,24753000.0,427289000.0,15866000.0,224462000.0,214408000.0,1974162000.0,1872000.0,-18444000.0,1437291000.0,536871000.0,4437000.0,541308000.0,2188570000.0,523300000.0,525911000.0,531809000.0
Adobe Inc.,ADBE,FU4LY2G4933NH2E1CP29,796343,2009.0,Q3,2009-05-30,2009-08-28,2010-10-08 12:19:37+00:00,14978000.0,0.26,0.26,0.26,38371000.0,231320000.0,136045000.0,136045000.0,136045000.0,65047000.0,697507000.0,6667000.0,138902000.0,65000.0,79593000.0,65047000.0,632460000.0,460000.0,607000.0,464858000.0,167602000.0,6814000.0,174416000.0,697507000.0,523300000.0,525911000.0,531809000.0
Adobe Inc.,ADBE,FU4LY2G4933NH2E1CP29,796343,2009.0,Q2YTD,2008-11-29,2009-05-29,,30676000.0,0.54,0.54,0.54,84386000.0,492700000.0,282506000.0,282506000.0,282506000.0,149361000.0,1491063000.0,18086000.0,288387000.0,15801000.0,144869000.0,149361000.0,1341702000.0,1412000.0,-19051000.0,972433000.0,369269000.0,-2377000.0,366892000.0,1491063000.0,525300000.0,524159000.0,528013000.0
Adobe Inc.,ADBE,FU4LY2G4933NH2E1CP29,796343,2009.0,Q2,2009-02-28,2009-05-29,2010-07-01 20:02:36+00:00,15284000.0,0.24,0.24,0.24,37659000.0,243209000.0,126071000.0,126071000.0,126071000.0,72008000.0,704673000.0,4802000.0,138470000.0,3531000.0,70818000.0,72008000.0,632665000.0,620000.0,-1805000.0,471312000.0,161353000.0,2377000.0,163730000.0,704673000.0,525300000.0,524159000.0,528013000.0
Adobe Inc.,ADBE,FU4LY2G4933NH2E1CP29,796343,2009.0,Q1,2008-11-29,2009-02-27,2010-04-08 17:49:58+00:00,15392000.0,0.3,0.3,0.3,46727000.0,249491000.0,156435000.0,156435000.0,156435000.0,77353000.0,786390000.0,13284000.0,149917000.0,12270000.0,74051000.0,77353000.0,709037000.0,792000.0,-17246000.0,501121000.0,207916000.0,-4754000.0,203162000.0,786390000.0,521500000.0,524268000.0,527830000.0
Adobe Inc.,ADBE,FU4LY2G4933NH2E1CP29,796343,2010.0,Q4,2010-09-04,2010-12-03,,18184000.0,0.53,0.53,0.51,17161000.0,322708000.0,268850000.0,268850000.0,268850000.0,107217000.0,1007946000.0,11234000.0,170378000.0,2193000.0,100323000.0,107217000.0,900729000.0,16786000.0,4620000.0,613786000.0,286943000.0,-932000.0,286011000.0,1007946000.0,519900000.0,519045000.0,525824000.0
Adobe Inc.,ADBE,FU4LY2G4933NH2E1CP29,796343,2010.0,FY,2009-11-28,2010-12-03,2013-01-22 17:31:15+00:00,72130000.0,1.49,1.49,1.47,168471000.0,1244197000.0,774680000.0,774680000.0,774680000.0,403502000.0,3800000000.0,13139000.0,680332000.0,23266000.0,383499000.0,403502000.0,3396498000.0,56952000.0,-6110000.0,2403424000.0,993074000.0,-49923000.0,943151000.0,3800000000.0,519900000.0,519045000.0,525824000.0
Adobe Inc.,ADBE,FU4LY2G4933NH2E1CP29,796343,2010.0,Q3YTD,2009-11-28,2010-09-03,,53946000.0,0.96,0.96,0.96,151310000.0,921489000.0,505830000.0,505830000.0,505830000.0,296285000.0,2792054000.0,1905000.0,509954000.0,21073000.0,283176000.0,296285000.0,2495769000.0,40166000.0,-10730000.0,1789638000.0,706131000.0,-48991000.0,657140000.0,2792054000.0,522900000.0,518710000.0,523179000.0
Adobe Inc.,ADBE,FU4LY2G4933NH2E1CP29,796343,2010.0,Q3TTM,2009-08-29,2010-09-03,,79847000.0,0.9,0.9,0.89,343565000.0,1179372000.0,473787000.0,473787000.0,473787000.0,378609000.0,3549337000.0,8532000.0,647806000.0,46467000.0,357463000.0,378609000.0,3170728000.0,41701000.0,-9252000.0,2310955000.0,859773000.0,-42421000.0,817352000.0,3549337000.0,522900000.0,518710000.0,523179000.0
Adobe Inc.,ADBE,FU4LY2G4933NH2E1CP29,796343,2010.0,Q3,2010-06-05,2010-09-03,2011-10-06 18:57:46+00:00,17620000.0,0.44,0.44,0.44,66687000.0,303219000.0,230065000.0,230065000.0,230065000.0,99084000.0,990319000.0,7607000.0,168296000.0,-2090000.0,102177000.0,99084000.0,891235000.0,16395000.0,3527000.0,589222000.0,302013000.0,-5261000.0,296752000.0,990319000.0,522900000.0,518710000.0,523179000.0
Adobe Inc.,ADBE,FU4LY2G4933NH2E1CP29,796343,2010.0,Q2YTD,2009-11-28,2010-06-04,,36326000.0,0.52,0.52,0.52,84623000.0,618270000.0,275765000.0,275765000.0,275765000.0,197201000.0,1801735000.0,-5702000.0,341658000.0,23163000.0,180999000.0,197201000.0,1604534000.0,23771000.0,-14257000.0,1200416000.0,404118000.0,-43730000.0,360388000.0,1801735000.0,530800000.0,526148000.0,533259000.0
Adobe Inc.,ADBE,FU4LY2G4933NH2E1CP29,796343,2010.0,Q2TTM,2009-05-30,2010-06-04,,77205000.0,0.72,0.72,0.71,315249000.0,1107473000.0,379767000.0,379767000.0,379767000.0,344572000.0,3256525000.0,7592000.0,618412000.0,48622000.0,334879000.0,344572000.0,2911953000.0,25766000.0,-12172000.0,2186591000.0,725362000.0,-30346000.0,695016000.0,3256525000.0,530800000.0,526148000.0,533259000.0
Adobe Inc.,ADBE,FU4LY2G4933NH2E1CP29,796343,2010.0,Q2,2010-03-06,2010-06-04,2011-06-29 16:42:55+00:00,18129000.0,0.28,0.28,0.28,45562000.0,320976000.0,148611000.0,148611000.0,148611000.0,107833000.0,943035000.0,-6313000.0,167318000.0,11541000.0,89953000.0,107833000.0,835202000.0,16076000.0,-10723000.0,607917000.0,227285000.0,-33112000.0,194173000.0,943035000.0,530800000.0,526148000.0,533259000.0
Adobe Inc.,ADBE,FU4LY2G4933NH2E1CP29,796343,2010.0,Q1TTM,2009-02-28,2010-03-05,,74360000.0,0.68,0.68,0.67,307346000.0,1029706000.0,357227000.0,357227000.0,357227000.0,308747000.0,3018163000.0,18707000.0,589564000.0,40612000.0,315744000.0,308747000.0,2709416000.0,10310000.0,-3254000.0,2049986000.0,659430000.0,5143000.0,664573000.0,3018163000.0,529800000.0,524173000.0,532645000.0
Adobe Inc.,ADBE,FU4LY2G4933NH2E1CP29,796343,2010.0,Q1,2009-11-28,2010-03-05,2011-04-07 19:38:56+00:00,18197000.0,0.24,0.24,0.24,39061000.0,297294000.0,127154000.0,127154000.0,127154000.0,89368000.0,858700000.0,611000.0,174340000.0,11622000.0,91046000.0,89368000.0,769332000.0,7695000.0,-3534000.0,592499000.0,176833000.0,-10618000.0,166215000.0,858700000.0,529800000.0,524173000.0,532645000.0
Adobe Inc.,ADBE,FU4LY2G4933NH2E1CP29,796343,2011.0,Q4,2011-09-03,2011-12-02,,11830000.0,0.35,0.35,0.35,59461000.0,368330000.0,173719000.0,173719000.0,173719000.0,116379000.0,1152161000.0,-1351000.0,195403000.0,94502000.0,119586000.0,116379000.0,1035782000.0,16774000.0,5174000.0,789651000.0,246131000.0,-12951000.0,233180000.0,1152161000.0,498700000.0,497469000.0,503921000.0
Adobe Inc.,ADBE,FU4LY2G4933NH2E1CP29,796343,2011.0,FY,2010-12-04,2011-12-02,2014-01-21 16:15:24+00:00,42833000.0,1.67,1.67,1.65,202383000.0,1385822000.0,832847000.0,832847000.0,832847000.0,437873000.0,4216258000.0,-2974000.0,738053000.0,97773000.0,414605000.0,437873000.0,3778385000.0,66952000.0,5857000.0,2679086000.0,1099299000.0,-64069000.0,1035230000.0,4216258000.0,498700000.0,497469000.0,503921000.0
Adobe Inc.,ADBE,FU4LY2G4933NH2E1CP29,796343,2011.0,Q3YTD,2010-12-04,2011-09-02,,31003000.0,1.32,1.32,1.3,142922000.0,1017492000.0,659128000.0,659128000.0,659128000.0,321494000.0,3064097000.0,-1623000.0,542650000.0,3271000.0,295019000.0,321494000.0,2742603000.0,50178000.0,683000.0,1889435000.0,853168000.0,-51118000.0,802050000.0,3064097000.0,500300000.0,494537000.0,498741000.0
Adobe Inc.,ADBE,FU4LY2G4933NH2E1CP29,796343,2011.0,Q3TTM,2010-09-04,2011-09-02,,49187000.0,1.85,1.85,1.81,160083000.0,1340200000.0,927978000.0,927978000.0,927978000.0,428711000.0,4072043000.0,9611000.0,713028000.0,5464000.0,395342000.0,428711000.0,3643332000.0,66964000.0,5303000.0,2503221000.0,1140111000.0,-52050000.0,1088061000.0,4072043000.0,500300000.0,494537000.0,498741000.0
Adobe Inc.,ADBE,FU4LY2G4933NH2E1CP29,796343,2011.0,Q3,2011-06-04,2011-09-02,2012-09-27 16:35:48+00:00,10376000.0,0.39,0.39,0.39,61618000.0,340724000.0,195101000.0,195101000.0,195101000.0,104654000.0,1013212000.0,33000.0,181039000.0,3816000.0,98493000.0,104654000.0,908558000.0,16431000.0,-993000.0,634448000.0,274110000.0,-17391000.0,256719000.0,1013212000.0,500300000.0,494537000.0,498741000.0
Adobe Inc.,ADBE,FU4LY2G4933NH2E1CP29,796343,2011.0,Q2YTD,2010-12-04,2011-06-03,,20627000.0,0.93,0.93,0.91,81304000.0,676768000.0,464027000.0,464027000.0,464027000.0,216840000.0,2050885000.0,-1656000.0,361611000.0,-545000.0,196526000.0,216840000.0,1834045000.0,33747000.0,1676000.0,1254987000.0,579058000.0,-33727000.0,545331000.0,2050885000.0,498800000.0,499686000.0,506280000.0
Adobe Inc.,ADBE,FU4LY2G4933NH2E1CP29,796343,2011.0,Q2TTM,2010-06-05,2011-06-03,,56431000.0,1.9,1.9,1.86,165152000.0,1302695000.0,962942000.0,962942000.0,962942000.0,423141000.0,4049150000.0,17185000.0,700285000.0,-442000.0,399026000.0,423141000.0,3626009000.0,66928000.0,9823000.0,2457995000.0,1168014000.0,-39920000.0,1128094000.0,4049150000.0,498800000.0,499686000.0,506280000.0
Adobe Inc.,ADBE,FU4LY2G4933NH2E1CP29,796343,2011.0,Q2,2011-03-05,2011-06-03,2012-06-27 16:58:59+00:00,10392000.0,0.46,0.46,0.45,29808000.0,348690000.0,229436000.0,229436000.0,229436000.0,109201000.0,1023179000.0,-839000.0,183211000.0,-586000.0,95547000.0,109201000.0,913978000.0,16727000.0,86000.0,637254000.0,276724000.0,-17480000.0,259244000.0,1023179000.0,498800000.0,499686000.0,506280000.0
Adobe Inc.,ADBE,FU4LY2G4933NH2E1CP29,796343,2011.0,Q1TTM,2010-03-06,2011-03-04,,64168000.0,1.72,1.72,1.69,180906000.0,1274981000.0,882117000.0,882117000.0,882117000.0,421773000.0,3969006000.0,11711000.0,684392000.0,11685000.0,393432000.0,421773000.0,3547233000.0,66277000.0,-986000.0,2428658000.0,1118575000.0,-55552000.0,1063023000.0,3969006000.0,499100000.0,504134000.0,511345000.0
Adobe Inc.,ADBE,FU4LY2G4933NH2E1CP29,796343,2011.0,Q1,2010-12-04,2011-03-04,2012-03-29 19:45:02+00:00,10235000.0,0.47,0.47,0.46,51496000.0,328078000.0,234591000.0,234591000.0,234591000.0,107639000.0,1027706000.0,-817000.0,178400000.0,41000.0,100979000.0,107639000.0,920067000.0,17020000.0,1590000.0,617733000.0,302334000.0,-16247000.0,286087000.0,1027706000.0,499100000.0,504134000.0,511345000.0
Adobe Inc.,ADBE,FU4LY2G4933NH2E1CP29,796343,2012.0,Q4,2012-09-01,2012-11-30,,12283000.0,0.45,0.45,0.44,68298000.0,402181000.0,222333000.0,222333000.0,222333000.0,124978000.0,1153428000.0,-718000.0,195047000.0,-275000.0,111449000.0,124978000.0,1028450000.0,16767000.0,351000.0,720685000.0,307765000.0,-17134000.0,290631000.0,1153428000.0,495700000.0,494731000.0,502721000.0
Adobe Inc.,ADBE,FU4LY2G4933NH2E1CP29,796343,2012.0,FY,2011-12-03,2012-11-30,2015-01-20 06:42:30+00:00,48657000.0,1.68,1.68,1.66,286019000.0,1516159000.0,832775000.0,832775000.0,832775000.0,483782000.0,4403677000.0,-3414000.0,742823000.0,-2917000.0,434982000.0,483782000.0,3919895000.0,67487000.0,9504000.0,2739704000.0,1180191000.0,-61397000.0,1118794000.0,4403677000.0,495700000.0,494731000.0,502721000.0
Adobe Inc.,ADBE,FU4LY2G4933NH2E1CP29,796343,2012.0,Q3YTD,2011-12-03,2012-08-31,,36374000.0,1.23,1.23,1.22,217721000.0,1113978000.0,610442000.0,610442000.0,610442000.0,358804000.0,3250249000.0,-2696000.0,547776000.0,-2642000.0,323533000.0,358804000.0,2891445000.0,50720000.0,9153000.0,2019019000.0,872426000.0,-44263000.0,828163000.0,3250249000.0,491100000.0,494051000.0,499757000.0
Adobe Inc.,ADBE,FU4LY2G4933NH2E1CP29,796343,2012.0,Q3TTM,2011-09-03,2012-08-31,,48204000.0,1.58,1.58,1.57,277182000.0,1482308000.0,784161000.0,784161000.0,784161000.0,475183000.0,4402410000.0,-4047000.0,743179000.0,91860000.0,443119000.0,475183000.0,3927227000.0,67494000.0,14327000.0,2808670000.0,1118557000.0,-57214000.0,1061343000.0,4402410000.0,491100000.0,494051000.0,499757000.0
Adobe Inc.,ADBE,FU4LY2G4933NH2E1CP29,796343,2012.0,Q3,2012-06-02,2012-08-31,2013-10-03 16:19:15+00:00,12331000.0,0.41,0.41,0.4,61855000.0,368556000.0,201357000.0,201357000.0,201357000.0,119621000.0,1080580000.0,1217000.0,189145000.0,2374000.0,110249000.0,119621000.0,960959000.0,17253000.0,944000.0,682655000.0,278304000.0,-15092000.0,263212000.0,1080580000.0,491100000.0,494051000.0,499757000.0
Adobe Inc.,ADBE,FU4LY2G4933NH2E1CP29,796343,2012.0,Q2YTD,2011-12-03,2012-06-01,,24043000.0,0.82,0.82,0.82,155866000.0,745422000.0,409085000.0,409085000.0,409085000.0,239183000.0,2169669000.0,-3913000.0,358631000.0,-5016000.0,213284000.0,239183000.0,1930486000.0,33467000.0,8209000.0,1336364000.0,594122000.0,-29171000.0,564951000.0,2169669000.0,497500000.0,495950000.0,501377000.0
Adobe Inc.,ADBE,FU4LY2G4933NH2E1CP29,796343,2012.0,Q2TTM,2011-06-04,2012-06-01,,46249000.0,1.56,1.56,1.56,276945000.0,1454476000.0,777905000.0,777905000.0,777905000.0,460216000.0,4335042000.0,-5231000.0,735073000.0,93302000.0,431363000.0,460216000.0,3874826000.0,66672000.0,12390000.0,2760463000.0,1114363000.0,-59513000.0,1054850000.0,4335042000.0,497500000.0,495950000.0,501377000.0
Adobe Inc.,ADBE,FU4LY2G4933NH2E1CP29,796343,2012.0,Q2,2012-03-03,2012-06-01,2013-06-27 17:56:26+00:00,12614000.0,0.45,0.45,0.45,70698000.0,386459000.0,223876000.0,223876000.0,223876000.0,130918000.0,1124449000.0,-1128000.0,180903000.0,-2191000.0,110603000.0,130918000.0,993531000.0,16629000.0,7188000.0,688388000.0,305143000.0,-10569000.0,294574000.0,1124449000.0,497500000.0,495950000.0,501377000.0
Adobe Inc.,ADBE,FU4LY2G4933NH2E1CP29,796343,2012.0,Q1TTM,2011-03-05,2012-03-02,,44027000.0,1.57,1.57,1.56,236055000.0,1416707000.0,783465000.0,783465000.0,783465000.0,438499000.0,4233772000.0,-4942000.0,737381000.0,94907000.0,416307000.0,438499000.0,3795273000.0,66770000.0,5288000.0,2709329000.0,1085944000.0,-66424000.0,1019520000.0,4233772000.0,500600000.0,494016000.0,500378000.0
Adobe Inc.,ADBE,FU4LY2G4933NH2E1CP29,796343,2012.0,Q1,2011-12-03,2012-03-02,2013-03-28 16:09:09+00:00,11429000.0,0.37,0.37,0.37,85168000.0,358963000.0,185209000.0,185209000.0,185209000.0,108265000.0,1045220000.0,-2785000.0,177728000.0,-2825000.0,102681000.0,108265000.0,936955000.0,16838000.0,1021000.0,647976000.0,288979000.0,-18602000.0,270377000.0,1045220000.0,500600000.0,494016000.0,500378000.0
Adobe Inc.,ADBE,FU4LY2G4933NH2E1CP29,796343,2013.0,FY,2012-12-01,2013-11-29,2014-01-21 16:15:24+00:00,52254000.0,0.58,0.58,0.56,66156000.0,1620454000.0,289985000.0,289985000.0,289985000.0,586557000.0,4055240000.0,4941000.0,826631000.0,26497000.0,520124000.0,586557000.0,3468683000.0,67508000.0,-4015000.0,3045960000.0,422723000.0,-66582000.0,356141000.0,4055240000.0,500000000.0,501372000.0,513476000.0
Adobe Inc.,ADBE,FU4LY2G4933NH2E1CP29,796343,2013.0,Q4,2013-08-31,2013-11-29,,13959000.0,0.14,0.14,0.12,22950000.0,431540000.0,65320000.0,65320000.0,65320000.0,147516000.0,1041699000.0,695000.0,205196000.0,2294000.0,138358000.0,147516000.0,894183000.0,16722000.0,1461000.0,791347000.0,102836000.0,-14566000.0,88270000.0,1041699000.0,500000000.0,501372000.0,513476000.0
Adobe Inc.,ADBE,FU4LY2G4933NH2E1CP29,796343,2013.0,Q3YTD,2012-12-01,2013-08-30,,38295000.0,0.44,0.44,0.44,43206000.0,1188914000.0,224665000.0,224665000.0,224665000.0,439041000.0,3013541000.0,4246000.0,621435000.0,24203000.0,381766000.0,439041000.0,2574500000.0,50786000.0,-5476000.0,2254613000.0,319887000.0,-52016000.0,267871000.0,3013541000.0,518800000.0,504116000.0,514058000.0
Adobe Inc.,ADBE,FU4LY2G4933NH2E1CP29,796343,2013.0,Q3TTM,2012-09-01,2013-08-30,,50578000.0,0.89,0.89,0.88,111504000.0,1591095000.0,446998000.0,446998000.0,446998000.0,564019000.0,4166969000.0,3528000.0,816482000.0,23928000.0,493215000.0,564019000.0,3602950000.0,67553000.0,-5125000.0,2975298000.0,627652000.0,-69150000.0,558502000.0,4166969000.0,518800000.0,504116000.0,514058000.0
Adobe Inc.,ADBE,FU4LY2G4933NH2E1CP29,796343,2013.0,Q3,2013-06-01,2013-08-30,2014-09-25 16:20:37+00:00,13064000.0,0.16,0.16,0.16,10258000.0,388673000.0,83002000.0,83002000.0,83002000.0,147076000.0,995119000.0,1732000.0,208700000.0,-791000.0,128043000.0,147076000.0,848043000.0,16747000.0,-2079000.0,737689000.0,110354000.0,-17094000.0,93260000.0,995119000.0,518800000.0,504116000.0,514058000.0
Adobe Inc.,ADBE,FU4LY2G4933NH2E1CP29,796343,2013.0,Q2YTD,2012-12-01,2013-05-31,,25231000.0,0.28,0.28,0.28,32948000.0,800241000.0,141663000.0,141663000.0,141663000.0,291965000.0,2018422000.0,2514000.0,412735000.0,24994000.0,253723000.0,291965000.0,1726457000.0,34039000.0,-3397000.0,1516924000.0,209533000.0,-34922000.0,174611000.0,2018422000.0,510300000.0,503384000.0,512446000.0
Adobe Inc.,ADBE,FU4LY2G4933NH2E1CP29,796343,2013.0,Q2TTM,2012-06-02,2013-05-31,,49845000.0,1.14,1.14,1.12,163101000.0,1570978000.0,565353000.0,565353000.0,565353000.0,536564000.0,4252430000.0,3013000.0,796927000.0,27093000.0,475421000.0,536564000.0,3715866000.0,68059000.0,-2102000.0,2920264000.0,795602000.0,-67148000.0,728454000.0,4252430000.0,510300000.0,503384000.0,512446000.0
Adobe Inc.,ADBE,FU4LY2G4933NH2E1CP29,796343,2013.0,Q2,2013-03-02,2013-05-31,2014-06-25 16:04:10+00:00,12792000.0,0.15,0.15,0.15,14581000.0,402208000.0,76546000.0,76546000.0,76546000.0,135281000.0,1010549000.0,1268000.0,203097000.0,24992000.0,120870000.0,135281000.0,875268000.0,17205000.0,-4245000.0,763959000.0,111309000.0,-20182000.0,91127000.0,1010549000.0,510300000.0,503384000.0,512446000.0
Adobe Inc.,ADBE,FU4LY2G4933NH2E1CP29,796343,2013.0,Q1TTM,2012-03-03,2013-03-01,,49667000.0,1.44,1.44,1.42,219218000.0,1555229000.0,712683000.0,712683000.0,712683000.0,532201000.0,4366330000.0,617000.0,774733000.0,-90000.0,465154000.0,532201000.0,3834129000.0,67483000.0,9331000.0,2844693000.0,989436000.0,-57535000.0,931901000.0,4366330000.0,500900000.0,498607000.0,507840000.0
Adobe Inc.,ADBE,FU4LY2G4933NH2E1CP29,796343,2013.0,Q1,2012-12-01,2013-03-01,2014-03-28 16:01:15+00:00,12439000.0,0.13,0.13,0.13,18367000.0,398033000.0,65117000.0,65117000.0,65117000.0,156684000.0,1007873000.0,1246000.0,209638000.0,2000.0,132853000.0,156684000.0,851189000.0,16834000.0,848000.0,752965000.0,98224000.0,-14740000.0,83484000.0,1007873000.0,500900000.0,498607000.0,507840000.0
Adobe Inc.,ADBE,FU4LY2G4933NH2E1CP29,796343,2014.0,FY,2013-11-30,2014-11-28,2017-01-20 16:14:43+00:00,52424000.0,0.54,0.54,0.53,92981000.0,1652308000.0,268395000.0,268395000.0,268395000.0,622080000.0,4147065000.0,7267000.0,844353000.0,19883000.0,543332000.0,622080000.0,3524985000.0,59732000.0,1156000.0,3112300000.0,412685000.0,-51309000.0,361376000.0,4147065000.0,497000000.0,497867000.0,508480000.0
Adobe Inc.,ADBE,FU4LY2G4933NH2E1CP29,796343,2014.0,Q4,2014-08-30,2014-11-28,,12412000.0,0.18,0.18,0.18,24139000.0,408862000.0,88136000.0,88136000.0,88136000.0,160943000.0,1073328000.0,105000.0,213687000.0,19385000.0,133534000.0,160943000.0,912385000.0,12678000.0,343000.0,787880000.0,124505000.0,-12230000.0,112275000.0,1073328000.0,497000000.0,497867000.0,508480000.0
Adobe Inc.,ADBE,FU4LY2G4933NH2E1CP29,796343,2014.0,Q3,2014-05-31,2014-08-29,2015-09-23 16:10:37+00:00,13108000.0,0.09,0.09,0.09,18252000.0,406475000.0,44686000.0,44686000.0,44686000.0,157724000.0,1005409000.0,1454000.0,212049000.0,201000.0,141676000.0,157724000.0,847685000.0,13361000.0,669000.0,773509000.0,74176000.0,-11238000.0,62938000.0,1005409000.0,496500000.0,498468000.0,507811000.0
Adobe Inc.,ADBE,FU4LY2G4933NH2E1CP29,796343,2014.0,Q3YTD,2013-11-30,2014-08-29,,40012000.0,0.36,0.36,0.35,68842000.0,1243446000.0,180259000.0,180259000.0,180259000.0,461137000.0,3073737000.0,7162000.0,630666000.0,498000.0,409798000.0,461137000.0,2612600000.0,47054000.0,813000.0,2324420000.0,288180000.0,-39079000.0,249101000.0,3073737000.0,496500000.0,498468000.0,507811000.0
Adobe Inc.,ADBE,FU4LY2G4933NH2E1CP29,796343,2014.0,Q3TTM,2013-08-31,2014-08-29,,53971000.0,0.5,0.5,0.47,91792000.0,1674986000.0,245579000.0,245579000.0,245579000.0,608653000.0,4115436000.0,7857000.0,835862000.0,2792000.0,548156000.0,608653000.0,3506783000.0,63776000.0,2274000.0,3115767000.0,391016000.0,-53645000.0,337371000.0,4115436000.0,496500000.0,498468000.0,507811000.0
Adobe Inc.,ADBE,FU4LY2G4933NH2E1CP29,796343,2014.0,Q2YTD,2013-11-30,2014-05-30,,26904000.0,0.27,0.27,0.26,50590000.0,836971000.0,135573000.0,135573000.0,135573000.0,303413000.0,2068328000.0,5708000.0,418617000.0,297000.0,268122000.0,303413000.0,1764915000.0,33693000.0,144000.0,1550911000.0,214004000.0,-27841000.0,186163000.0,2068328000.0,491800000.0,497931000.0,506687000.0
Adobe Inc.,ADBE,FU4LY2G4933NH2E1CP29,796343,2014.0,Q2TTM,2013-06-01,2014-05-30,,53927000.0,0.57,0.57,0.54,83798000.0,1657184000.0,283895000.0,283895000.0,283895000.0,598005000.0,4105146000.0,8135000.0,832513000.0,1800000.0,534523000.0,598005000.0,3507141000.0,67162000.0,-474000.0,3079947000.0,427194000.0,-59501000.0,367693000.0,4105146000.0,491800000.0,497931000.0,506687000.0
Adobe Inc.,ADBE,FU4LY2G4933NH2E1CP29,796343,2014.0,Q2,2014-03-01,2014-05-30,2015-06-24 16:04:07+00:00,13352000.0,0.18,0.18,0.17,32744000.0,426830000.0,88527000.0,88527000.0,88527000.0,154904000.0,1068208000.0,2563000.0,209092000.0,-366000.0,129138000.0,154904000.0,913304000.0,17103000.0,553000.0,778046000.0,135258000.0,-13987000.0,121271000.0,1068208000.0,491800000.0,497931000.0,506687000.0
Adobe Inc.,ADBE,FU4LY2G4933NH2E1CP29,796343,2014.0,Q1TTM,2013-03-02,2014-02-28,,53367000.0,0.54,0.54,0.52,65635000.0,1632562000.0,271914000.0,271914000.0,271914000.0,578382000.0,4047487000.0,6840000.0,826518000.0,27158000.0,526255000.0,578382000.0,3469105000.0,67264000.0,-5272000.0,3065860000.0,403245000.0,-65696000.0,337549000.0,4047487000.0,522700000.0,496948000.0,508340000.0
Adobe Inc.,ADBE,FU4LY2G4933NH2E1CP29,796343,2014.0,Q1,2013-11-30,2014-02-28,2015-03-25 16:02:05+00:00,13552000.0,0.09,0.09,0.09,17846000.0,410141000.0,47046000.0,47046000.0,47046000.0,148509000.0,1000120000.0,3145000.0,209525000.0,663000.0,138984000.0,148509000.0,851611000.0,16590000.0,-409000.0,772865000.0,78746000.0,-13854000.0,64892000.0,1000120000.0,522700000.0,496948000.0,508340000.0
Adobe Inc.,ADBE,FU4LY2G4933NH2E1CP29,796343,2015.0,FY,2014-11-29,2015-11-27,2018-01-22 16:07:26+00:00,68649000.0,1.26,1.26,1.24,244230000.0,1683242000.0,629551000.0,629551000.0,629551000.0,744317000.0,4795511000.0,33909000.0,862730000.0,,533478000.0,744317000.0,4051194000.0,64184000.0,961000.0,3148099000.0,903095000.0,-29314000.0,873781000.0,4795511000.0,499600000.0,498764000.0,507164000.0
Adobe Inc.,ADBE,FU4LY2G4933NH2E1CP29,796343,2015.0,Q4,2015-08-29,2015-11-27,,18050000.0,0.44,0.44,0.44,74235000.0,441472000.0,222705000.0,222705000.0,222705000.0,201361000.0,1306404000.0,22399000.0,220514000.0,-1038000.0,135611000.0,201361000.0,1105043000.0,16515000.0,622000.0,814609000.0,290434000.0,6506000.0,296940000.0,1306404000.0,499600000.0,498764000.0,507164000.0
Adobe Inc.,ADBE,FU4LY2G4933NH2E1CP29,796343,2015.0,Q3,2015-05-30,2015-08-28,2016-09-27 16:07:17+00:00,18246000.0,0.35,0.35,0.34,58154000.0,422031000.0,174465000.0,174465000.0,174465000.0,190985000.0,1217768000.0,4433000.0,218660000.0,-751000.0,122578000.0,190985000.0,1026783000.0,16519000.0,-1314000.0,780764000.0,246019000.0,-13400000.0,232619000.0,1217768000.0,498500000.0,498630000.0,505809000.0
Adobe Inc.,ADBE,FU4LY2G4933NH2E1CP29,796343,2015.0,Q3YTD,2014-11-29,2015-08-28,,50599000.0,0.82,0.82,0.8,169995000.0,1241770000.0,406846000.0,406846000.0,406846000.0,542956000.0,3489107000.0,11510000.0,642216000.0,1038000.0,397867000.0,542956000.0,2946151000.0,47669000.0,339000.0,2333490000.0,612661000.0,-35820000.0,576841000.0,3489107000.0,498500000.0,498630000.0,505809000.0
Adobe Inc.,ADBE,FU4LY2G4933NH2E1CP29,796343,2015.0,Q3TTM,2014-08-30,2015-08-28,,63011000.0,1.0,1.0,0.98,194134000.0,1650632000.0,494982000.0,494982000.0,494982000.0,703899000.0,4562435000.0,11615000.0,855903000.0,20423000.0,531401000.0,703899000.0,3858536000.0,60347000.0,682000.0,3121370000.0,737166000.0,-48050000.0,689116000.0,4562435000.0,498500000.0,498630000.0,505809000.0
Adobe Inc.,ADBE,FU4LY2G4933NH2E1CP29,796343,2015.0,Q2,2015-02-28,2015-05-29,2016-06-29 16:04:56+00:00,18081000.0,0.3,0.3,0.29,33481000.0,426998000.0,147493000.0,147493000.0,147493000.0,185173000.0,1162158000.0,3739000.0,208047000.0,34000.0,130208000.0,185173000.0,976985000.0,16605000.0,223000.0,783368000.0,193617000.0,-12643000.0,180974000.0,1162158000.0,491600000.0,499290000.0,505582000.0
Adobe Inc.,ADBE,FU4LY2G4933NH2E1CP29,796343,2015.0,Q2YTD,2014-11-29,2015-05-29,,32353000.0,0.47,0.47,0.46,111841000.0,819739000.0,232381000.0,232381000.0,232381000.0,351971000.0,2271339000.0,7077000.0,423556000.0,1789000.0,275289000.0,351971000.0,1919368000.0,31150000.0,1653000.0,1552726000.0,366642000.0,-22420000.0,344222000.0,2271339000.0,491600000.0,499290000.0,505582000.0
Adobe Inc.,ADBE,FU4LY2G4933NH2E1CP29,796343,2015.0,Q2TTM,2014-05-31,2015-05-29,,57873000.0,0.74,0.74,0.73,154232000.0,1635076000.0,365203000.0,365203000.0,365203000.0,670638000.0,4350076000.0,8636000.0,849292000.0,21375000.0,550499000.0,670638000.0,3679438000.0,57189000.0,2665000.0,3114115000.0,565323000.0,-45888000.0,519435000.0,4350076000.0,491600000.0,499290000.0,505582000.0
Adobe Inc.,ADBE,FU4LY2G4933NH2E1CP29,796343,2015.0,Q1,2014-11-29,2015-02-27,2016-03-30 08:25:52+00:00,14272000.0,0.17,0.17,0.17,78360000.0,392741000.0,84888000.0,84888000.0,84888000.0,166798000.0,1109181000.0,3338000.0,215509000.0,1755000.0,145081000.0,166798000.0,942383000.0,14545000.0,1430000.0,769358000.0,173025000.0,-9777000.0,163248000.0,1109181000.0,499300000.0,498754000.0,507526000.0
Adobe Inc.,ADBE,FU4LY2G4933NH2E1CP29,796343,2015.0,Q1TTM,2014-03-01,2015-02-27,,53144000.0,0.62,0.62,0.61,153495000.0,1634908000.0,306237000.0,306237000.0,306237000.0,640369000.0,4256126000.0,7460000.0,850337000.0,20975000.0,549429000.0,640369000.0,3615757000.0,57687000.0,2995000.0,3108793000.0,506964000.0,-47232000.0,459732000.0,4256126000.0,499300000.0,498754000.0,507526000.0
Adobe Inc.,ADBE,FU4LY2G4933NH2E1CP29,796343,2016.0,FY,2015-11-28,2016-12-02,2019-01-25 06:24:29+00:00,78534000.0,2.35,2.35,2.32,266356000.0,1910197000.0,1168782000.0,1168782000.0,1168782000.0,819908000.0,5854430000.0,13548000.0,975987000.0,,576202000.0,819908000.0,5034522000.0,70442000.0,-1570000.0,3540920000.0,1493602000.0,-58464000.0,1435138000.0,5854430000.0,497400000.0,498345000.0,504299000.0
Adobe Inc.,ADBE,FU4LY2G4933NH2E1CP29,796343,2016.0,Q4,2016-09-03,2016-12-02,,18500000.0,0.81,0.81,0.8,57087000.0,495042000.0,399613000.0,399613000.0,399613000.0,216556000.0,1608419000.0,553000.0,257849000.0,,148192000.0,216556000.0,1391863000.0,17518000.0,1385000.0,919583000.0,472280000.0,-15580000.0,456700000.0,1608419000.0,497400000.0,498345000.0,504299000.0
Adobe Inc.,ADBE,FU4LY2G4933NH2E1CP29,796343,2016.0,Q3,2016-06-04,2016-09-02,2017-09-27 17:32:14+00:00,22652000.0,0.54,0.54,0.54,85513000.0,477475000.0,270788000.0,270788000.0,270788000.0,202701000.0,1463967000.0,2725000.0,248450000.0,,143364000.0,202701000.0,1261266000.0,17281000.0,1532000.0,891941000.0,369325000.0,-13024000.0,356301000.0,1463967000.0,501500000.0,498584000.0,503669000.0
Adobe Inc.,ADBE,FU4LY2G4933NH2E1CP29,796343,2016.0,Q3YTD,2015-11-28,2016-09-02,,60034000.0,1.54,1.54,1.52,209269000.0,1415155000.0,769169000.0,769169000.0,769169000.0,603352000.0,4246011000.0,12995000.0,718138000.0,,428010000.0,603352000.0,3642659000.0,52924000.0,-2955000.0,2621337000.0,1021322000.0,-42884000.0,978438000.0,4246011000.0,501500000.0,498584000.0,503669000.0
Adobe Inc.,ADBE,FU4LY2G4933NH2E1CP29,796343,2016.0,Q3TTM,2015-08-29,2016-09-02,,78084000.0,1.98,1.98,1.96,283504000.0,1856627000.0,991874000.0,991874000.0,991874000.0,804713000.0,5552415000.0,35394000.0,938652000.0,-1038000.0,563621000.0,804713000.0,4747702000.0,69439000.0,-2333000.0,3435946000.0,1311756000.0,-36378000.0,1275378000.0,5552415000.0,501500000.0,498584000.0,503669000.0
Adobe Inc.,ADBE,FU4LY2G4933NH2E1CP29,796343,2016.0,Q2,2016-03-05,2016-06-03,2017-06-28 16:04:35+00:00,18988000.0,0.49,0.49,0.48,85756000.0,462789000.0,244074000.0,244074000.0,244074000.0,202079000.0,1398709000.0,6083000.0,232484000.0,,138130000.0,202079000.0,1196630000.0,17174000.0,-3318000.0,852391000.0,344239000.0,-14409000.0,329830000.0,1398709000.0,498100000.0,499974000.0,504725000.0
Adobe Inc.,ADBE,FU4LY2G4933NH2E1CP29,796343,2016.0,Q2YTD,2015-11-28,2016-06-03,,37382000.0,1.0,1.0,0.98,123756000.0,937680000.0,498381000.0,498381000.0,498381000.0,400651000.0,2782044000.0,10270000.0,469688000.0,,284646000.0,400651000.0,2381393000.0,35643000.0,-4487000.0,1729396000.0,651997000.0,-29860000.0,622137000.0,2782044000.0,498100000.0,499974000.0,504725000.0
Adobe Inc.,ADBE,FU4LY2G4933NH2E1CP29,796343,2016.0,Q2TTM,2015-05-30,2016-06-03,,73678000.0,1.79,1.79,1.76,256145000.0,1801183000.0,895551000.0,895551000.0,895551000.0,792997000.0,5306216000.0,37102000.0,908862000.0,-1789000.0,542835000.0,792997000.0,4513219000.0,68677000.0,-5179000.0,3324769000.0,1188450000.0,-36754000.0,1151696000.0,5306216000.0,498100000.0,499974000.0,504725000.0
Adobe Inc.,ADBE,FU4LY2G4933NH2E1CP29,796343,2016.0,Q1,2015-11-28,2016-03-04,2017-03-29 16:11:01+00:00,18394000.0,0.51,0.51,0.5,38000000.0,474891000.0,254307000.0,254307000.0,254307000.0,198572000.0,1383335000.0,4187000.0,237204000.0,,146516000.0,198572000.0,1184763000.0,18469000.0,-1169000.0,877005000.0,307758000.0,-15451000.0,292307000.0,1383335000.0,498600000.0,499125000.0,505676000.0
Adobe Inc.,ADBE,FU4LY2G4933NH2E1CP29,796343,2016.0,Q1TTM,2015-02-28,2016-03-04,,72771000.0,1.6,1.6,1.57,203870000.0,1765392000.0,798970000.0,798970000.0,798970000.0,776091000.0,5069665000.0,34758000.0,884425000.0,-1755000.0,534913000.0,776091000.0,4293574000.0,68108000.0,-1638000.0,3255746000.0,1037828000.0,-34988000.0,1002840000.0,5069665000.0,498600000.0,499125000.0,505676000.0
Adobe Inc.,ADBE,FU4LY2G4933NH2E1CP29,796343,2017.0,FY,2016-12-03,2017-12-01,2020-01-21 06:06:41+00:00,76562000.0,3.43,3.43,3.38,443687000.0,2197592000.0,1693954000.0,1693954000.0,1693954000.0,1010491000.0,7301505000.0,36395000.0,1224059000.0,,624706000.0,1010491000.0,6291014000.0,74402000.0,7553000.0,4122919000.0,2168095000.0,-30454000.0,2137641000.0,7301505000.0,493900000.0,493632000.0,501123000.0
Adobe Inc.,ADBE,FU4LY2G4933NH2E1CP29,796343,2017.0,Q4,2017-09-02,2017-12-01,,18686000.0,1.01,1.01,0.99,141463000.0,574104000.0,501549000.0,501549000.0,501549000.0,270872000.0,2006595000.0,10496000.0,324026000.0,,169567000.0,270872000.0,1735723000.0,19116000.0,2292000.0,1086383000.0,649340000.0,-6328000.0,643012000.0,2006595000.0,493900000.0,493632000.0,501123000.0
Adobe Inc.,ADBE,FU4LY2G4933NH2E1CP29,796343,2017.0,Q3,2017-06-03,2017-09-01,2018-09-26 16:10:19+00:00,19428000.0,0.85,0.85,0.84,121810000.0,550093000.0,419569000.0,419569000.0,419569000.0,262922000.0,1841074000.0,13539000.0,315555000.0,,147402000.0,262922000.0,1578152000.0,18809000.0,975000.0,1032478000.0,545674000.0,-4295000.0,541379000.0,1841074000.0,493600000.0,493426000.0,500398000.0
Adobe Inc.,ADBE,FU4LY2G4933NH2E1CP29,796343,2017.0,Q3YTD,2016-12-03,2017-09-01,,57876000.0,2.42,2.42,2.39,302224000.0,1623488000.0,1192405000.0,1192405000.0,1192405000.0,739619000.0,5294910000.0,25899000.0,900033000.0,,455139000.0,739619000.0,4555291000.0,55286000.0,5261000.0,3036536000.0,1518755000.0,-24126000.0,1494629000.0,5294910000.0,493600000.0,493426000.0,500398000.0
Adobe Inc.,ADBE,FU4LY2G4933NH2E1CP29,796343,2017.0,Q3TTM,2016-09-03,2017-09-01,,76376000.0,3.23,3.23,3.19,359311000.0,2118530000.0,1592018000.0,1592018000.0,1592018000.0,956175000.0,6903329000.0,26452000.0,1157882000.0,,603331000.0,956175000.0,5947154000.0,72804000.0,6646000.0,3956119000.0,1991035000.0,-39706000.0,1951329000.0,6903329000.0,493600000.0,493426000.0,500398000.0
Adobe Inc.,ADBE,FU4LY2G4933NH2E1CP29,796343,2017.0,Q2,2017-03-04,2017-06-02,2018-06-27 16:12:04+00:00,19320000.0,0.76,0.76,0.75,118228000.0,553098000.0,374390000.0,374390000.0,374390000.0,239360000.0,1772190000.0,5154000.0,299401000.0,,156929000.0,239360000.0,1532830000.0,18347000.0,1729000.0,1028748000.0,504082000.0,-11464000.0,492618000.0,1772190000.0,492600000.0,494371000.0,500351000.0
Adobe Inc.,ADBE,FU4LY2G4933NH2E1CP29,796343,2017.0,Q2YTD,2016-12-03,2017-06-02,,38448000.0,1.57,1.57,1.55,180414000.0,1073395000.0,772836000.0,772836000.0,772836000.0,476697000.0,3453836000.0,12360000.0,584478000.0,,307737000.0,476697000.0,2977139000.0,36477000.0,4286000.0,2004058000.0,973081000.0,-19831000.0,953250000.0,3453836000.0,492600000.0,494371000.0,500351000.0
Adobe Inc.,ADBE,FU4LY2G4933NH2E1CP29,796343,2017.0,Q2TTM,2016-06-04,2017-06-02,,79600000.0,2.92,2.92,2.89,323014000.0,2045912000.0,1443237000.0,1443237000.0,1443237000.0,895954000.0,6526222000.0,15638000.0,1090777000.0,,599293000.0,895954000.0,5630268000.0,71276000.0,7203000.0,3815582000.0,1814686000.0,-48435000.0,1766251000.0,6526222000.0,492600000.0,494371000.0,500351000.0
Adobe Inc.,ADBE,FU4LY2G4933NH2E1CP29,796343,2017.0,Q1,2016-12-03,2017-03-03,2018-03-28 16:03:36+00:00,19128000.0,0.81,0.81,0.8,62186000.0,520297000.0,398446000.0,398446000.0,398446000.0,237337000.0,1681646000.0,7206000.0,285077000.0,,150808000.0,237337000.0,1444309000.0,18130000.0,2557000.0,975310000.0,468999000.0,-8367000.0,460632000.0,1681646000.0,491900000.0,494612000.0,500861000.0
Adobe Inc.,ADBE,FU4LY2G4933NH2E1CP29,796343,2017.0,Q1TTM,2016-03-05,2017-03-03,,79268000.0,2.65,2.65,2.62,290542000.0,1955603000.0,1312921000.0,1312921000.0,1312921000.0,858673000.0,6152741000.0,16567000.0,1023860000.0,,580494000.0,858673000.0,5294068000.0,70103000.0,2156000.0,3639225000.0,1654843000.0,-51380000.0,1603463000.0,6152741000.0,491900000.0,494612000.0,500861000.0
Adobe Inc.,ADBE,FU4LY2G4933NH2E1CP29,796343,2018.0,FY,2017-12-02,2018-11-30,2020-01-21 06:06:41+00:00,91101000.0,5.28,5.28,5.2,203102000.0,2620829000.0,2590774000.0,2590774000.0,2590774000.0,1194999000.0,9030008000.0,39536000.0,1537812000.0,,744898000.0,1194999000.0,7835009000.0,89242000.0,3213000.0,4994640000.0,2840369000.0,-46493000.0,2793876000.0,9030008000.0,490700000.0,490564000.0,497843000.0
Adobe Inc.,ADBE,FU4LY2G4933NH2E1CP29,796343,2018.0,Q4,2018-09-01,2018-11-30,,32932000.0,1.39,1.39,1.36,20977000.0,723573000.0,678240000.0,678240000.0,678240000.0,359261000.0,2464625000.0,9657000.0,415958000.0,,212355000.0,359261000.0,2105364000.0,27873000.0,-3113000.0,1384818000.0,720546000.0,-21329000.0,699217000.0,2464625000.0,490700000.0,490564000.0,497843000.0
Adobe Inc.,ADBE,FU4LY2G4933NH2E1CP29,796343,2018.0,Q3,2018-06-02,2018-08-31,2019-09-26 16:25:38+00:00,23874000.0,1.36,1.36,1.34,35067000.0,670084000.0,666291000.0,666291000.0,666291000.0,295492000.0,2291076000.0,1608000.0,398957000.0,,184063000.0,295492000.0,1995584000.0,21107000.0,2251000.0,1276978000.0,718606000.0,-17248000.0,701358000.0,2291076000.0,489900000.0,490025000.0,496866000.0
Adobe Inc.,ADBE,FU4LY2G4933NH2E1CP29,796343,2018.0,Q3YTD,2017-12-02,2018-08-31,,58169000.0,3.89,3.89,3.84,182125000.0,1897256000.0,1912534000.0,1912534000.0,1912534000.0,835738000.0,6565383000.0,29879000.0,1121854000.0,,532543000.0,835738000.0,5729645000.0,61369000.0,6326000.0,3609822000.0,2119823000.0,-25164000.0,2094659000.0,6565383000.0,489900000.0,490025000.0,496866000.0
Adobe Inc.,ADBE,FU4LY2G4933NH2E1CP29,796343,2018.0,Q3TTM,2017-09-02,2018-08-31,,76855000.0,4.9,4.9,4.83,323588000.0,2471360000.0,2414083000.0,2414083000.0,2414083000.0,1106610000.0,8571978000.0,40375000.0,1445880000.0,,702110000.0,1106610000.0,7465368000.0,80485000.0,8618000.0,4696205000.0,2769163000.0,-31492000.0,2737671000.0,8571978000.0,489900000.0,490025000.0,496866000.0
Adobe Inc.,ADBE,FU4LY2G4933NH2E1CP29,796343,2018.0,Q2,2018-03-03,2018-06-01,2019-06-26 16:07:21+00:00,17149000.0,1.35,1.35,1.33,27632000.0,646215000.0,663167000.0,663167000.0,663167000.0,281344000.0,2195360000.0,11599000.0,374128000.0,,178040000.0,281344000.0,1914016000.0,20363000.0,1079000.0,1215532000.0,698484000.0,-7685000.0,690799000.0,2195360000.0,491200000.0,491914000.0,498252000.0
Adobe Inc.,ADBE,FU4LY2G4933NH2E1CP29,796343,2018.0,Q2YTD,2017-12-02,2018-06-01,,34295000.0,2.53,2.53,2.5,147058000.0,1227172000.0,1246243000.0,1246243000.0,1246243000.0,540246000.0,4274307000.0,28271000.0,722897000.0,,348480000.0,540246000.0,3734061000.0,40262000.0,4075000.0,2332844000.0,1401217000.0,-7916000.0,1393301000.0,4274307000.0,491200000.0,491914000.0,498252000.0
Adobe Inc.,ADBE,FU4LY2G4933NH2E1CP29,796343,2018.0,Q2TTM,2017-06-03,2018-06-01,,72409000.0,4.39,4.39,4.33,410331000.0,2351369000.0,2167361000.0,2167361000.0,2167361000.0,1074040000.0,8121976000.0,52306000.0,1362478000.0,,665449000.0,1074040000.0,7047936000.0,78187000.0,7342000.0,4451705000.0,2596231000.0,-18539000.0,2577692000.0,8121976000.0,491200000.0,491914000.0,498252000.0
Adobe Inc.,ADBE,FU4LY2G4933NH2E1CP29,796343,2018.0,Q1,2017-12-02,2018-03-02,2019-03-27 16:07:38+00:00,17146000.0,1.18,1.18,1.17,119426000.0,580957000.0,583076000.0,583076000.0,583076000.0,258902000.0,2078947000.0,16672000.0,348769000.0,,170440000.0,258902000.0,1820045000.0,19899000.0,2996000.0,1117312000.0,702733000.0,-231000.0,702502000.0,2078947000.0,494100000.0,492061000.0,499433000.0
Adobe Inc.,ADBE,FU4LY2G4933NH2E1CP29,796343,2018.0,Q1TTM,2017-03-04,2018-03-02,,74580000.0,3.8,3.8,3.75,500927000.0,2258252000.0,1878584000.0,1878584000.0,1878584000.0,1032056000.0,7698806000.0,45861000.0,1287751000.0,,644338000.0,1032056000.0,6666750000.0,76171000.0,7992000.0,4264921000.0,2401829000.0,-22318000.0,2379511000.0,7698806000.0,494100000.0,492061000.0,499433000.0
Adobe Inc.,ADBE,FU4LY2G4933NH2E1CP29,796343,2019.0,Q4,2019-08-31,2019-11-29,,42290000.0,1.76,1.76,1.74,105558000.0,802033000.0,851695000.0,851695000.0,851695000.0,452757000.0,2992171000.0,19703000.0,499401000.0,,226381000.0,452757000.0,2539414000.0,36685000.0,4926000.0,1570105000.0,969309000.0,-12056000.0,957253000.0,2992171000.0,486200000.0,486291000.0,491572000.0
Adobe Inc.,ADBE,FU4LY2G4933NH2E1CP29,796343,2019.0,FY,2018-12-01,2019-11-29,2020-01-21 06:06:41+00:00,175244000.0,6.07,6.07,6.0,253283000.0,3244347000.0,2951458000.0,2951458000.0,2951458000.0,1672720000.0,11171297000.0,42255000.0,1930228000.0,,880637000.0,1672720000.0,9498577000.0,157214000.0,51579000.0,6230456000.0,3268121000.0,-63380000.0,3204741000.0,11171297000.0,486200000.0,486291000.0,491572000.0
Adobe Inc.,ADBE,FU4LY2G4933NH2E1CP29,796343,2019.0,Q3YTD,2018-12-01,2019-08-30,,132954000.0,4.31,4.31,4.26,147725000.0,2442314000.0,2099763000.0,2099763000.0,2099763000.0,1219963000.0,8179126000.0,22552000.0,1430827000.0,,654256000.0,1219963000.0,6959163000.0,120529000.0,46653000.0,4660351000.0,2298812000.0,-51324000.0,2247488000.0,8179126000.0,486400000.0,485848000.0,491042000.0
Adobe Inc.,ADBE,FU4LY2G4933NH2E1CP29,796343,2019.0,Q3TTM,2018-09-01,2019-08-30,,165886000.0,5.7,5.7,5.62,168702000.0,3165887000.0,2778003000.0,2778003000.0,2778003000.0,1579224000.0,10643751000.0,32209000.0,1846785000.0,,866611000.0,1579224000.0,9064527000.0,148402000.0,43540000.0,6045169000.0,3019358000.0,-72653000.0,2946705000.0,10643751000.0,486400000.0,485848000.0,491042000.0
Adobe Inc.,ADBE,FU4LY2G4933NH2E1CP29,796343,2019.0,Q3,2019-06-01,2019-08-30,2019-09-26 16:25:38+00:00,42954000.0,1.63,1.63,1.61,41725000.0,812314000.0,792763000.0,792763000.0,792763000.0,415963000.0,2834126000.0,16552000.0,489827000.0,,219256000.0,415963000.0,2418163000.0,39529000.0,3653000.0,1564351000.0,853812000.0,-19324000.0,834488000.0,2834126000.0,486400000.0,485848000.0,491042000.0
Adobe Inc.,ADBE,FU4LY2G4933NH2E1CP29,796343,2019.0,Q2,2019-03-02,2019-05-31,2020-06-24 16:05:10+00:00,43000000.0,1.3,1.3,1.29,78000000.0,849000000.0,633000000.0,633000000.0,633000000.0,407000000.0,2744000000.0,2000000.0,476000000.0,,219000000.0,407000000.0,2337000000.0,40000000.0,-1000000.0,1587000000.0,750000000.0,-39000000.0,711000000.0,2744000000.0,486900000.0,487500000.0,492200000.0
Adobe Inc.,ADBE,FU4LY2G4933NH2E1CP29,796343,2019.0,Q2YTD,2018-12-01,2019-05-31,,90000000.0,2.68,2.68,2.65,106000000.0,1630000000.0,1307000000.0,1307000000.0,1307000000.0,804000000.0,5345000000.0,6000000.0,941000000.0,,435000000.0,804000000.0,4541000000.0,81000000.0,43000000.0,3096000000.0,1445000000.0,-32000000.0,1413000000.0,5345000000.0,486900000.0,487500000.0,492200000.0
Adobe Inc.,ADBE,FU4LY2G4933NH2E1CP29,796343,2019.0,Q2TTM,2018-06-02,2019-05-31,,146806000.0,5.43,5.43,5.35,162044000.0,3023657000.0,2651531000.0,2651531000.0,2651531000.0,1458753000.0,10100701000.0,17265000.0,1755915000.0,,831418000.0,1458753000.0,8641948000.0,129980000.0,42138000.0,5757796000.0,2884152000.0,-70577000.0,2813575000.0,10100701000.0,486900000.0,487500000.0,492200000.0
Adobe Inc.,ADBE,FU4LY2G4933NH2E1CP29,796343,2019.0,Q1,2018-12-01,2019-03-01,2020-03-25 16:07:07+00:00,47000000.0,1.38,1.38,1.36,28000000.0,781000000.0,674000000.0,674000000.0,674000000.0,397000000.0,2601000000.0,4000000.0,465000000.0,,216000000.0,397000000.0,2204000000.0,41000000.0,44000000.0,1509000000.0,695000000.0,7000000.0,702000000.0,2601000000.0,488400000.0,488100000.0,494200000.0
Adobe Inc.,ADBE,FU4LY2G4933NH2E1CP29,796343,2019.0,Q1TTM,2018-03-03,2019-03-01,,120955000.0,5.48,5.48,5.39,111676000.0,2820872000.0,2681698000.0,2681698000.0,2681698000.0,1333097000.0,9552061000.0,26864000.0,1654043000.0,,790458000.0,1333097000.0,8218964000.0,110343000.0,44217000.0,5386328000.0,2832636000.0,-39262000.0,2793374000.0,9552061000.0,488400000.0,488100000.0,494200000.0
Adobe Inc.,ADBE,FU4LY2G4933NH2E1CP29,796343,2020.0,Q2YTD,2019-11-30,2020-05-29,,82000000.0,4.26,4.26,4.23,-136000000.0,1758000000.0,2055000000.0,2055000000.0,2055000000.0,867000000.0,6219000000.0,30000000.0,1064000000.0,,495000000.0,867000000.0,5352000000.0,61000000.0,-3000000.0,3399000000.0,1953000000.0,-34000000.0,1919000000.0,6219000000.0,482500000.0,481500000.0,484800000.0
Adobe Inc.,ADBE,FU4LY2G4933NH2E1CP29,796343,2020.0,Q2TTM,2019-06-01,2020-05-29,,167244000.0,7.65,7.65,7.58,11283000.0,3372347000.0,3699458000.0,3699458000.0,3699458000.0,1735720000.0,12045297000.0,66255000.0,2053228000.0,,940637000.0,1735720000.0,10309577000.0,137214000.0,5579000.0,6533456000.0,3776121000.0,-65380000.0,3710741000.0,12045297000.0,482500000.0,481500000.0,484800000.0
Adobe Inc.,ADBE,FU4LY2G4933NH2E1CP29,796343,2020.0,Q2,2020-02-29,2020-05-29,2020-06-24 16:05:10+00:00,40000000.0,2.28,2.28,2.27,-100000000.0,901000000.0,1100000000.0,1100000000.0,1100000000.0,415000000.0,3128000000.0,12000000.0,532000000.0,,224000000.0,415000000.0,2713000000.0,28000000.0,0.0,1697000000.0,1016000000.0,-16000000.0,1000000000.0,3128000000.0,482500000.0,481500000.0,484800000.0
Adobe Inc.,ADBE,FU4LY2G4933NH2E1CP29,796343,2020.0,Q1TTM,2019-03-02,2020-02-28,,170244000.0,6.67,6.67,6.6,189283000.0,3320347000.0,3232458000.0,3232458000.0,3232458000.0,1727720000.0,11661297000.0,56255000.0,1997228000.0,,935637000.0,1727720000.0,9933577000.0,149214000.0,4579000.0,6423456000.0,3510121000.0,-88380000.0,3421741000.0,11661297000.0,482300000.0,482400000.0,487800000.0
Adobe Inc.,ADBE,FU4LY2G4933NH2E1CP29,796343,2020.0,Q1,2019-11-30,2020-02-28,2020-03-25 16:07:07+00:00,42000000.0,1.98,1.98,1.96,-36000000.0,857000000.0,955000000.0,955000000.0,955000000.0,452000000.0,3091000000.0,18000000.0,532000000.0,,271000000.0,452000000.0,2639000000.0,33000000.0,-3000000.0,1702000000.0,937000000.0,-18000000.0,919000000.0,3091000000.0,482300000.0,482400000.0,487800000.0
