company_name,company_ticker,company_lei,company_cik,year,quarter,start_date,end_date,filing_date,basicdilutedeps,basiceps,cashdividendspershare,depreciationexpense,dilutedeps,incometaxexpense,netincome,netincomecontinuing,netincomediscontinued,netincometocommon,netincometononcontrollinginterest,operatingcostofrevenue,operatingrevenue,otheradjustmentstoconsolidatednetincome,otheradjustmentstonetincometocommon,othergains,otherincome,restructuringcharge,sgaexpense,totalcostofrevenue,totalgrossprofit,totalinterestexpense,totalinterestincome,totaloperatingexpenses,totaloperatingincome,totalotherincome,totalpretaxincome,totalrevenue,weightedavebasicdilutedsharesos,weightedavebasicsharesos,weightedavedilutedsharesos
"Walt Disney Co, The",DIS,7260JQNI6SCF9FIV2392,1744489,2007.0,FY,2006-10-01,2007-09-29,2009-12-02 14:36:13+00:00,,2.34,,,2.25,2874000000.0,4864000000.0,4851000000.0,13000000.0,4687000000.0,177000000.0,28655000000.0,35510000000.0,,,,1004000000.0,26000000.0,,28655000000.0,6855000000.0,593000000.0,485000000.0,26000000.0,6829000000.0,896000000.0,7725000000.0,35510000000.0,,2004000000.0,2092000000.0
"Walt Disney Co, The",DIS,7260JQNI6SCF9FIV2392,1744489,2008.0,FY,2007-09-30,2008-09-27,2010-11-24 17:14:48+00:00,,2.34,,,2.28,2673000000.0,4729000000.0,4729000000.0,,4427000000.0,302000000.0,30400000000.0,37843000000.0,,,,-59000000.0,39000000.0,,30400000000.0,7443000000.0,524000000.0,581000000.0,39000000.0,7404000000.0,-2000000.0,7402000000.0,37843000000.0,,1890000000.0,1948000000.0
"Walt Disney Co, The",DIS,7260JQNI6SCF9FIV2392,1744489,2008.0,Q3,2008-03-30,2008-06-28,2009-07-30 16:59:28+00:00,,0.68,,,0.66,712000000.0,1284000000.0,1284000000.0,,1284000000.0,,7215000000.0,9236000000.0,,,-91000000.0,32000000.0,0.0,,7215000000.0,2021000000.0,141000000.0,175000000.0,,2021000000.0,66000000.0,2087000000.0,9236000000.0,,1900000000.0,1940000000.0
"Walt Disney Co, The",DIS,7260JQNI6SCF9FIV2392,1744489,2009.0,FY,2008-09-28,2009-10-03,2010-11-24 17:14:48+00:00,,1.78,,,1.76,2049000000.0,3609000000.0,3609000000.0,,3307000000.0,302000000.0,30452000000.0,36149000000.0,,,,342000000.0,492000000.0,,30452000000.0,5697000000.0,466000000.0,577000000.0,492000000.0,5205000000.0,453000000.0,5658000000.0,36149000000.0,,1856000000.0,1875000000.0
"Walt Disney Co, The",DIS,7260JQNI6SCF9FIV2392,1744489,2009.0,Q4,2009-06-28,2009-10-03,,,0.48,,,0.47,587000000.0,1151000000.0,1074000000.0,,895000000.0,256000000.0,8272000000.0,9867000000.0,77000000.0,,,228000000.0,166000000.0,,8272000000.0,1595000000.0,124000000.0,128000000.0,166000000.0,1429000000.0,232000000.0,1661000000.0,9867000000.0,,1856000000.0,1875000000.0
"Walt Disney Co, The",DIS,7260JQNI6SCF9FIV2392,1744489,2009.0,Q3,2009-03-29,2009-06-27,2009-07-30 16:59:28+00:00,,0.51,,,0.51,626000000.0,954000000.0,1031000000.0,,954000000.0,,6998000000.0,8596000000.0,-77000000.0,,,0.0,21000000.0,,6998000000.0,1598000000.0,75000000.0,155000000.0,21000000.0,1577000000.0,80000000.0,1657000000.0,8596000000.0,,1857000000.0,1874000000.0
"Walt Disney Co, The",DIS,7260JQNI6SCF9FIV2392,1744489,2009.0,Q3YTD,2008-09-28,2009-06-27,,,1.3,,,1.29,1462000000.0,2458000000.0,2535000000.0,,2412000000.0,46000000.0,22180000000.0,26282000000.0,-77000000.0,,,114000000.0,326000000.0,,22180000000.0,4102000000.0,342000000.0,449000000.0,326000000.0,3776000000.0,221000000.0,3997000000.0,26282000000.0,,1857000000.0,1874000000.0
"Walt Disney Co, The",DIS,7260JQNI6SCF9FIV2392,1744489,2009.0,Q2YTD,2008-09-28,2009-03-28,,,0.79,,,0.78,836000000.0,1504000000.0,1504000000.0,,1458000000.0,46000000.0,15182000000.0,17686000000.0,,,,114000000.0,305000000.0,,15182000000.0,2504000000.0,267000000.0,294000000.0,305000000.0,2199000000.0,141000000.0,2340000000.0,17686000000.0,,1855000000.0,1868000000.0
"Walt Disney Co, The",DIS,7260JQNI6SCF9FIV2392,1744489,2009.0,Q2,2008-12-28,2009-03-28,2010-05-11 17:03:04+00:00,,0.33,,,0.33,348000000.0,653000000.0,653000000.0,,613000000.0,40000000.0,6800000000.0,8087000000.0,,,,,305000000.0,,6800000000.0,1287000000.0,128000000.0,147000000.0,305000000.0,982000000.0,19000000.0,1001000000.0,8087000000.0,,1855000000.0,1868000000.0
"Walt Disney Co, The",DIS,7260JQNI6SCF9FIV2392,1744489,2009.0,Q1,2008-09-28,2008-12-27,2010-02-09 17:05:58+00:00,,0.46,,,0.45,488000000.0,851000000.0,851000000.0,,845000000.0,6000000.0,8382000000.0,9599000000.0,,,,114000000.0,0.0,,8382000000.0,1217000000.0,139000000.0,147000000.0,,1217000000.0,122000000.0,1339000000.0,9599000000.0,,1852000000.0,1872000000.0
"Walt Disney Co, The",DIS,7260JQNI6SCF9FIV2392,1744489,2010.0,Q4,2010-07-04,2010-10-02,,,0.45,,,0.44,468000000.0,966000000.0,966000000.0,,835000000.0,131000000.0,8221000000.0,9742000000.0,,,,,58000000.0,,8221000000.0,1521000000.0,87000000.0,58000000.0,58000000.0,1463000000.0,-29000000.0,1434000000.0,9742000000.0,,1915000000.0,1948000000.0
"Walt Disney Co, The",DIS,7260JQNI6SCF9FIV2392,1744489,2010.0,FY,2009-10-04,2010-10-02,2012-11-21 17:19:24+00:00,,2.07,,,2.03,2314000000.0,4313000000.0,4313000000.0,,3963000000.0,350000000.0,31337000000.0,38063000000.0,,,,140000000.0,270000000.0,,31337000000.0,6726000000.0,409000000.0,440000000.0,270000000.0,6456000000.0,171000000.0,6627000000.0,38063000000.0,,1915000000.0,1948000000.0
"Walt Disney Co, The",DIS,7260JQNI6SCF9FIV2392,1744489,2010.0,Q3,2010-04-04,2010-07-03,2010-08-10 17:03:26+00:00,,0.68,,,0.67,831000000.0,1505000000.0,1505000000.0,,1331000000.0,174000000.0,7723000000.0,10002000000.0,,,,43000000.0,36000000.0,,7723000000.0,2279000000.0,89000000.0,139000000.0,36000000.0,2243000000.0,93000000.0,2336000000.0,10002000000.0,,1945000000.0,1978000000.0
"Walt Disney Co, The",DIS,7260JQNI6SCF9FIV2392,1744489,2010.0,Q3YTD,2009-10-04,2010-07-03,,,1.62,,,1.59,1846000000.0,3347000000.0,3347000000.0,,3128000000.0,219000000.0,23116000000.0,28321000000.0,,,,140000000.0,212000000.0,,23116000000.0,5205000000.0,322000000.0,382000000.0,212000000.0,4993000000.0,200000000.0,5193000000.0,28321000000.0,,1945000000.0,1978000000.0
"Walt Disney Co, The",DIS,7260JQNI6SCF9FIV2392,1744489,2010.0,Q3TTM,2009-06-28,2010-07-03,,,2.1,,,2.06,2433000000.0,4498000000.0,4421000000.0,,4023000000.0,475000000.0,31388000000.0,38188000000.0,77000000.0,,,368000000.0,378000000.0,,31388000000.0,6800000000.0,446000000.0,510000000.0,378000000.0,6422000000.0,432000000.0,6854000000.0,38188000000.0,,1945000000.0,1978000000.0
"Walt Disney Co, The",DIS,7260JQNI6SCF9FIV2392,1744489,2010.0,Q2,2010-01-03,2010-04-03,2010-05-11 17:03:04+00:00,,0.49,,,0.48,537000000.0,998000000.0,998000000.0,,953000000.0,45000000.0,7068000000.0,8580000000.0,,,,70000000.0,71000000.0,,7068000000.0,1512000000.0,130000000.0,154000000.0,71000000.0,1441000000.0,94000000.0,1535000000.0,8580000000.0,,1940000000.0,1973000000.0
"Walt Disney Co, The",DIS,7260JQNI6SCF9FIV2392,1744489,2010.0,Q2YTD,2009-10-04,2010-04-03,,,0.94,,,0.92,1015000000.0,1842000000.0,1842000000.0,,1797000000.0,45000000.0,15393000000.0,18319000000.0,,,,97000000.0,176000000.0,,15393000000.0,2926000000.0,233000000.0,243000000.0,176000000.0,2750000000.0,107000000.0,2857000000.0,18319000000.0,,1940000000.0,1973000000.0
"Walt Disney Co, The",DIS,7260JQNI6SCF9FIV2392,1744489,2010.0,Q2TTM,2009-03-29,2010-04-03,,,1.93,,,1.9,2228000000.0,3947000000.0,3947000000.0,,3646000000.0,301000000.0,30663000000.0,36782000000.0,,,,325000000.0,363000000.0,,30663000000.0,6119000000.0,432000000.0,526000000.0,363000000.0,5756000000.0,419000000.0,6175000000.0,36782000000.0,,1940000000.0,1973000000.0
"Walt Disney Co, The",DIS,7260JQNI6SCF9FIV2392,1744489,2010.0,Q1,2009-10-04,2010-01-02,2010-02-09 17:05:58+00:00,,0.45,,,0.44,478000000.0,844000000.0,844000000.0,,844000000.0,0.0,8325000000.0,9739000000.0,,,,27000000.0,105000000.0,,8325000000.0,1414000000.0,103000000.0,89000000.0,105000000.0,1309000000.0,13000000.0,1322000000.0,9739000000.0,,1867000000.0,1903000000.0
"Walt Disney Co, The",DIS,7260JQNI6SCF9FIV2392,1744489,2010.0,Q1TTM,2008-12-28,2010-01-02,,,1.77,,,1.75,2039000000.0,3602000000.0,3602000000.0,,3306000000.0,296000000.0,30395000000.0,36289000000.0,,,,255000000.0,597000000.0,,30395000000.0,5894000000.0,430000000.0,519000000.0,597000000.0,5297000000.0,344000000.0,5641000000.0,36289000000.0,,1867000000.0,1903000000.0
"Walt Disney Co, The",DIS,7260JQNI6SCF9FIV2392,1744489,2011.0,Q4,2011-07-03,2011-10-01,,,0.59,,,0.58,652000000.0,1251000000.0,1251000000.0,,1087000000.0,196000000.0,8558000000.0,10425000000.0,,-32000000.0,,,9000000.0,,8558000000.0,1867000000.0,77000000.0,122000000.0,9000000.0,1858000000.0,45000000.0,1903000000.0,10425000000.0,,1878000000.0,1909000000.0
"Walt Disney Co, The",DIS,7260JQNI6SCF9FIV2392,1744489,2011.0,FY,2010-10-03,2011-10-01,2013-11-20 17:13:03+00:00,,2.56,,,2.52,2785000000.0,5258000000.0,5258000000.0,,4807000000.0,451000000.0,33112000000.0,40893000000.0,,,,75000000.0,55000000.0,,33112000000.0,7781000000.0,343000000.0,585000000.0,55000000.0,7726000000.0,317000000.0,8043000000.0,40893000000.0,,1878000000.0,1909000000.0
"Walt Disney Co, The",DIS,7260JQNI6SCF9FIV2392,1744489,2011.0,Q3,2011-04-03,2011-07-02,2011-08-09 17:00:55+00:00,,0.78,,,0.77,845000000.0,1663000000.0,1663000000.0,,1476000000.0,187000000.0,8229000000.0,10675000000.0,,,,,34000000.0,,8229000000.0,2446000000.0,88000000.0,184000000.0,34000000.0,2412000000.0,96000000.0,2508000000.0,10675000000.0,,1883000000.0,1912000000.0
"Walt Disney Co, The",DIS,7260JQNI6SCF9FIV2392,1744489,2011.0,Q3YTD,2010-10-03,2011-07-02,,,1.97,,,1.94,2133000000.0,4007000000.0,4007000000.0,,3720000000.0,255000000.0,24554000000.0,30468000000.0,,32000000.0,,75000000.0,46000000.0,,24554000000.0,5914000000.0,266000000.0,463000000.0,46000000.0,5868000000.0,272000000.0,6140000000.0,30468000000.0,,1883000000.0,1912000000.0
"Walt Disney Co, The",DIS,7260JQNI6SCF9FIV2392,1744489,2011.0,Q3TTM,2010-07-04,2011-07-02,,,2.42,,,2.38,2601000000.0,4973000000.0,4973000000.0,,4555000000.0,386000000.0,32775000000.0,40210000000.0,,32000000.0,,75000000.0,104000000.0,,32775000000.0,7435000000.0,353000000.0,521000000.0,104000000.0,7331000000.0,243000000.0,7574000000.0,40210000000.0,,1883000000.0,1912000000.0
"Walt Disney Co, The",DIS,7260JQNI6SCF9FIV2392,1744489,2011.0,Q2,2011-01-02,2011-04-02,2011-05-10 17:10:18+00:00,,0.5,,,0.49,558000000.0,1010000000.0,1010000000.0,,942000000.0,68000000.0,7549000000.0,9077000000.0,,,,,,,7549000000.0,1528000000.0,83000000.0,123000000.0,,1528000000.0,40000000.0,1568000000.0,9077000000.0,,1899000000.0,1934000000.0
"Walt Disney Co, The",DIS,7260JQNI6SCF9FIV2392,1744489,2011.0,Q2YTD,2010-10-03,2011-04-02,,,1.19,,,1.17,1288000000.0,2344000000.0,2344000000.0,,2244000000.0,68000000.0,16325000000.0,19793000000.0,,32000000.0,,75000000.0,12000000.0,,16325000000.0,3468000000.0,178000000.0,279000000.0,12000000.0,3456000000.0,176000000.0,3632000000.0,19793000000.0,,1899000000.0,1934000000.0
"Walt Disney Co, The",DIS,7260JQNI6SCF9FIV2392,1744489,2011.0,Q2TTM,2010-04-04,2011-04-02,,,2.32,,,2.28,2587000000.0,4815000000.0,4815000000.0,,4410000000.0,373000000.0,32269000000.0,39537000000.0,,32000000.0,,118000000.0,106000000.0,,32269000000.0,7268000000.0,354000000.0,476000000.0,106000000.0,7162000000.0,240000000.0,7402000000.0,39537000000.0,,1899000000.0,1934000000.0
"Walt Disney Co, The",DIS,7260JQNI6SCF9FIV2392,1744489,2011.0,Q1,2010-10-03,2011-01-01,2011-02-08 17:16:24+00:00,,0.69,,,0.68,730000000.0,1334000000.0,1334000000.0,,1302000000.0,,8776000000.0,10716000000.0,,32000000.0,,75000000.0,12000000.0,,8776000000.0,1940000000.0,95000000.0,156000000.0,12000000.0,1928000000.0,136000000.0,2064000000.0,10716000000.0,,1891000000.0,1927000000.0
"Walt Disney Co, The",DIS,7260JQNI6SCF9FIV2392,1744489,2011.0,Q1TTM,2010-01-03,2011-01-01,,,2.31,,,2.27,2566000000.0,4803000000.0,4803000000.0,,4421000000.0,350000000.0,31788000000.0,39040000000.0,,32000000.0,,188000000.0,177000000.0,,31788000000.0,7252000000.0,401000000.0,507000000.0,177000000.0,7075000000.0,294000000.0,7369000000.0,39040000000.0,,1891000000.0,1927000000.0
"Walt Disney Co, The",DIS,7260JQNI6SCF9FIV2392,1744489,2012.0,Q4,2012-07-01,2012-09-29,,,0.7,0.6,1987000000.0,0.69,724000000.0,1390000000.0,1390000000.0,,1244000000.0,146000000.0,-1189000000.0,10782000000.0,,,,93000000.0,87000000.0,7960000000.0,-1189000000.0,11971000000.0,-278000000.0,-194000000.0,10034000000.0,1937000000.0,177000000.0,2114000000.0,10782000000.0,,1794000000.0,1818000000.0
"Walt Disney Co, The",DIS,7260JQNI6SCF9FIV2392,1744489,2012.0,FY,2011-10-02,2012-09-29,2014-11-19 16:44:47+00:00,,3.17,0.6,1987000000.0,3.13,3087000000.0,6173000000.0,6173000000.0,,5682000000.0,491000000.0,23468000000.0,42278000000.0,,,,239000000.0,100000000.0,7960000000.0,23468000000.0,18810000000.0,,258000000.0,10047000000.0,8763000000.0,497000000.0,9260000000.0,42278000000.0,,1794000000.0,1818000000.0
"Walt Disney Co, The",DIS,7260JQNI6SCF9FIV2392,1744489,2012.0,Q3,2012-04-01,2012-06-30,2012-08-07 17:09:19+00:00,,1.02,,,1.01,993000000.0,2036000000.0,2036000000.0,,1831000000.0,205000000.0,8128000000.0,11088000000.0,,,,,7000000.0,,8128000000.0,2960000000.0,93000000.0,169000000.0,7000000.0,2953000000.0,76000000.0,3029000000.0,11088000000.0,,1791000000.0,1812000000.0
"Walt Disney Co, The",DIS,7260JQNI6SCF9FIV2392,1744489,2012.0,Q3YTD,2011-10-02,2012-06-30,,,2.47,,,2.44,2363000000.0,4783000000.0,4783000000.0,,4438000000.0,345000000.0,24657000000.0,31496000000.0,,,,146000000.0,13000000.0,,24657000000.0,6839000000.0,278000000.0,452000000.0,13000000.0,6826000000.0,320000000.0,7146000000.0,31496000000.0,,1791000000.0,1812000000.0
"Walt Disney Co, The",DIS,7260JQNI6SCF9FIV2392,1744489,2012.0,Q3TTM,2011-07-03,2012-06-30,,,3.06,,,3.02,3015000000.0,6034000000.0,6034000000.0,,5525000000.0,541000000.0,33215000000.0,41921000000.0,,-32000000.0,,146000000.0,22000000.0,,33215000000.0,8706000000.0,355000000.0,574000000.0,22000000.0,8684000000.0,365000000.0,9049000000.0,41921000000.0,,1791000000.0,1812000000.0
"Walt Disney Co, The",DIS,7260JQNI6SCF9FIV2392,1744489,2012.0,Q2,2012-01-01,2012-03-31,2012-05-08 17:10:23+00:00,,0.64,,,0.63,650000000.0,1226000000.0,1226000000.0,,1143000000.0,83000000.0,7942000000.0,9629000000.0,,,,146000000.0,,,7942000000.0,1687000000.0,95000000.0,138000000.0,,1687000000.0,189000000.0,1876000000.0,9629000000.0,,1793000000.0,1818000000.0
"Walt Disney Co, The",DIS,7260JQNI6SCF9FIV2392,1744489,2012.0,Q2YTD,2011-10-02,2012-03-31,,,1.45,,,1.43,1370000000.0,2747000000.0,2747000000.0,,2607000000.0,140000000.0,16529000000.0,20408000000.0,,,,146000000.0,6000000.0,,16529000000.0,3879000000.0,185000000.0,283000000.0,6000000.0,3873000000.0,244000000.0,4117000000.0,20408000000.0,,1793000000.0,1818000000.0
"Walt Disney Co, The",DIS,7260JQNI6SCF9FIV2392,1744489,2012.0,Q2TTM,2011-04-03,2012-03-31,,,2.82,,,2.78,2867000000.0,5661000000.0,5661000000.0,,5170000000.0,523000000.0,33316000000.0,41508000000.0,,-32000000.0,,146000000.0,49000000.0,,33316000000.0,8192000000.0,350000000.0,589000000.0,49000000.0,8143000000.0,385000000.0,8528000000.0,41508000000.0,,1793000000.0,1818000000.0
"Walt Disney Co, The",DIS,7260JQNI6SCF9FIV2392,1744489,2012.0,Q1,2011-10-02,2011-12-31,2012-02-07 17:12:13+00:00,,0.81,,,0.8,720000000.0,1521000000.0,1521000000.0,,1464000000.0,57000000.0,8587000000.0,10779000000.0,,,,0.0,6000000.0,,8587000000.0,2192000000.0,90000000.0,145000000.0,6000000.0,2186000000.0,55000000.0,2241000000.0,10779000000.0,,1798000000.0,1824000000.0
"Walt Disney Co, The",DIS,7260JQNI6SCF9FIV2392,1744489,2012.0,Q1TTM,2011-01-02,2011-12-31,,,2.68,,,2.64,2775000000.0,5445000000.0,5445000000.0,,4969000000.0,508000000.0,32923000000.0,40956000000.0,,-32000000.0,,,49000000.0,,32923000000.0,8033000000.0,338000000.0,574000000.0,49000000.0,7984000000.0,236000000.0,8220000000.0,40956000000.0,,1798000000.0,1824000000.0
"Walt Disney Co, The",DIS,7260JQNI6SCF9FIV2392,1744489,2013.0,Q4,2013-06-30,2013-09-28,,,0.78,0.75,2192000000.0,0.77,681000000.0,1543000000.0,1543000000.0,,1394000000.0,149000000.0,-1148000000.0,11568000000.0,,,,23000000.0,93000000.0,8365000000.0,-1148000000.0,12716000000.0,-209000000.0,-74000000.0,10650000000.0,2066000000.0,158000000.0,2224000000.0,11568000000.0,,1792000000.0,1813000000.0
"Walt Disney Co, The",DIS,7260JQNI6SCF9FIV2392,1744489,2013.0,FY,2012-09-30,2013-09-28,2014-11-19 16:44:47+00:00,,3.42,0.75,2192000000.0,3.38,2984000000.0,6636000000.0,6636000000.0,,6136000000.0,500000000.0,25034000000.0,45041000000.0,,,,-69000000.0,214000000.0,8365000000.0,25034000000.0,20007000000.0,,453000000.0,10771000000.0,9236000000.0,384000000.0,9620000000.0,45041000000.0,,1792000000.0,1813000000.0
"Walt Disney Co, The",DIS,7260JQNI6SCF9FIV2392,1744489,2013.0,Q3,2013-03-31,2013-06-29,2013-08-06 17:04:46+00:00,,1.02,,,1.01,1059000000.0,2034000000.0,2034000000.0,,1847000000.0,187000000.0,8574000000.0,11578000000.0,,,,0.0,60000000.0,,8574000000.0,3004000000.0,83000000.0,232000000.0,60000000.0,2944000000.0,149000000.0,3093000000.0,11578000000.0,,1802000000.0,1821000000.0
"Walt Disney Co, The",DIS,7260JQNI6SCF9FIV2392,1744489,2013.0,Q3YTD,2012-09-30,2013-06-29,,,2.64,,,2.61,2303000000.0,5093000000.0,5093000000.0,,4742000000.0,351000000.0,26182000000.0,33473000000.0,,,,-92000000.0,121000000.0,,26182000000.0,7291000000.0,209000000.0,527000000.0,121000000.0,7170000000.0,226000000.0,7396000000.0,33473000000.0,,1802000000.0,1821000000.0
"Walt Disney Co, The",DIS,7260JQNI6SCF9FIV2392,1744489,2013.0,Q3TTM,2012-07-01,2013-06-29,,,3.34,0.6,1987000000.0,3.3,3027000000.0,6483000000.0,6483000000.0,,5986000000.0,497000000.0,24993000000.0,44255000000.0,,,,1000000.0,208000000.0,7960000000.0,24993000000.0,19262000000.0,-69000000.0,333000000.0,10155000000.0,9107000000.0,403000000.0,9510000000.0,44255000000.0,,1802000000.0,1821000000.0
"Walt Disney Co, The",DIS,7260JQNI6SCF9FIV2392,1744489,2013.0,Q2,2012-12-30,2013-03-30,2013-05-07 17:06:19+00:00,,0.84,,,0.83,654000000.0,1621000000.0,1621000000.0,,1513000000.0,108000000.0,8359000000.0,10554000000.0,,,,10000000.0,61000000.0,,8359000000.0,2195000000.0,54000000.0,185000000.0,61000000.0,2134000000.0,141000000.0,2275000000.0,10554000000.0,,1804000000.0,1825000000.0
"Walt Disney Co, The",DIS,7260JQNI6SCF9FIV2392,1744489,2013.0,Q2YTD,2012-09-30,2013-03-30,,,1.62,,,1.6,1244000000.0,3059000000.0,3059000000.0,,2895000000.0,164000000.0,17608000000.0,21895000000.0,,,,-92000000.0,61000000.0,,17608000000.0,4287000000.0,126000000.0,295000000.0,61000000.0,4226000000.0,77000000.0,4303000000.0,21895000000.0,,1804000000.0,1825000000.0
"Walt Disney Co, The",DIS,7260JQNI6SCF9FIV2392,1744489,2013.0,Q2TTM,2012-04-01,2013-03-30,,,3.34,0.6,1987000000.0,3.3,2961000000.0,6485000000.0,6485000000.0,,5970000000.0,515000000.0,24547000000.0,43765000000.0,,,,1000000.0,155000000.0,7960000000.0,24547000000.0,19218000000.0,-59000000.0,270000000.0,10102000000.0,9116000000.0,330000000.0,9446000000.0,43765000000.0,,1804000000.0,1825000000.0
"Walt Disney Co, The",DIS,7260JQNI6SCF9FIV2392,1744489,2013.0,Q1,2012-09-30,2012-12-29,2013-02-05 17:03:42+00:00,,0.78,,,0.77,590000000.0,1438000000.0,1438000000.0,,1382000000.0,56000000.0,9249000000.0,11341000000.0,,,,-102000000.0,0.0,,9249000000.0,2092000000.0,72000000.0,110000000.0,,2092000000.0,-64000000.0,2028000000.0,11341000000.0,,1777000000.0,1800000000.0
"Walt Disney Co, The",DIS,7260JQNI6SCF9FIV2392,1744489,2013.0,Q1TTM,2012-01-01,2012-12-29,,,3.14,0.6,1987000000.0,3.1,2957000000.0,6090000000.0,6090000000.0,,5600000000.0,490000000.0,24130000000.0,42840000000.0,,,,137000000.0,94000000.0,7960000000.0,24130000000.0,18710000000.0,-18000000.0,223000000.0,10041000000.0,8669000000.0,378000000.0,9047000000.0,42840000000.0,,1777000000.0,1800000000.0
"Walt Disney Co, The",DIS,7260JQNI6SCF9FIV2392,1744489,2014.0,FY,2013-09-29,2014-09-27,2016-11-23 16:48:43+00:00,,4.31,0.86,2288000000.0,4.26,4242000000.0,8004000000.0,8004000000.0,,7501000000.0,503000000.0,26420000000.0,48813000000.0,,,,-31000000.0,140000000.0,8565000000.0,26420000000.0,22393000000.0,,877000000.0,10993000000.0,11400000000.0,846000000.0,12246000000.0,48813000000.0,,1740000000.0,1759000000.0
"Walt Disney Co, The",DIS,7260JQNI6SCF9FIV2392,1744489,2014.0,Q4,2014-06-29,2014-09-27,,,0.87,0.86,1731000000.0,0.87,836000000.0,1625000000.0,1625000000.0,,1499000000.0,126000000.0,1744000000.0,12389000000.0,,,,,73000000.0,6518000000.0,1744000000.0,10645000000.0,111000000.0,249000000.0,8322000000.0,2323000000.0,138000000.0,2461000000.0,12389000000.0,,1740000000.0,1759000000.0
"Walt Disney Co, The",DIS,7260JQNI6SCF9FIV2392,1744489,2014.0,Q3YTD,2013-09-29,2014-06-28,,,3.44,,557000000.0,3.39,3406000000.0,6379000000.0,6379000000.0,,6002000000.0,377000000.0,24676000000.0,36424000000.0,,,,-31000000.0,67000000.0,2047000000.0,24676000000.0,11748000000.0,-111000000.0,628000000.0,2671000000.0,9077000000.0,708000000.0,9785000000.0,36424000000.0,,1732000000.0,1748000000.0
"Walt Disney Co, The",DIS,7260JQNI6SCF9FIV2392,1744489,2014.0,Q3TTM,2013-06-30,2014-06-28,,,4.22,0.75,2749000000.0,4.16,4087000000.0,7922000000.0,7922000000.0,,7396000000.0,526000000.0,23528000000.0,47992000000.0,,,,-8000000.0,160000000.0,10412000000.0,23528000000.0,24464000000.0,-320000000.0,554000000.0,13321000000.0,11143000000.0,866000000.0,12009000000.0,47992000000.0,,1732000000.0,1748000000.0
"Walt Disney Co, The",DIS,7260JQNI6SCF9FIV2392,1744489,2014.0,Q3,2014-03-30,2014-06-28,2015-08-04 17:07:02+00:00,,1.3,0.0,557000000.0,1.28,1251000000.0,2419000000.0,2419000000.0,,2245000000.0,174000000.0,6364000000.0,12466000000.0,,,,0.0,0.0,2047000000.0,6364000000.0,6102000000.0,,172000000.0,2604000000.0,3498000000.0,172000000.0,3670000000.0,12466000000.0,,1732000000.0,1748000000.0
"Walt Disney Co, The",DIS,7260JQNI6SCF9FIV2392,1744489,2014.0,Q2,2013-12-29,2014-03-29,2014-05-06 17:07:27+00:00,,1.1,0.0,,1.08,1119000000.0,2056000000.0,2056000000.0,,1917000000.0,139000000.0,8668000000.0,11649000000.0,,,,-37000000.0,48000000.0,,8668000000.0,2981000000.0,-62000000.0,217000000.0,48000000.0,2933000000.0,242000000.0,3175000000.0,11649000000.0,,1750000000.0,1770000000.0
"Walt Disney Co, The",DIS,7260JQNI6SCF9FIV2392,1744489,2014.0,Q2YTD,2013-09-29,2014-03-29,,,2.14,,,2.11,2155000000.0,3960000000.0,3960000000.0,,3757000000.0,203000000.0,18312000000.0,23958000000.0,,,,-31000000.0,67000000.0,,18312000000.0,5646000000.0,-111000000.0,456000000.0,67000000.0,5579000000.0,536000000.0,6115000000.0,23958000000.0,,1750000000.0,1770000000.0
"Walt Disney Co, The",DIS,7260JQNI6SCF9FIV2392,1744489,2014.0,Q2TTM,2013-03-31,2014-03-29,,,3.94,0.75,2192000000.0,3.89,3895000000.0,7537000000.0,7537000000.0,,6998000000.0,539000000.0,25738000000.0,47104000000.0,,,,-8000000.0,220000000.0,8365000000.0,25738000000.0,21366000000.0,-237000000.0,614000000.0,10777000000.0,10589000000.0,843000000.0,11432000000.0,47104000000.0,,1750000000.0,1770000000.0
"Walt Disney Co, The",DIS,7260JQNI6SCF9FIV2392,1744489,2014.0,Q1,2013-09-29,2013-12-28,2014-02-05 17:05:42+00:00,,1.04,,,1.03,1036000000.0,1904000000.0,1904000000.0,,1840000000.0,64000000.0,9644000000.0,12309000000.0,,,,6000000.0,19000000.0,,9644000000.0,2665000000.0,-49000000.0,239000000.0,19000000.0,2646000000.0,294000000.0,2940000000.0,12309000000.0,,1762000000.0,1784000000.0
"Walt Disney Co, The",DIS,7260JQNI6SCF9FIV2392,1744489,2014.0,Q1TTM,2012-12-30,2013-12-28,,,3.68,0.75,2192000000.0,3.64,3430000000.0,7102000000.0,7102000000.0,,6594000000.0,508000000.0,25429000000.0,46009000000.0,,,,39000000.0,233000000.0,8365000000.0,25429000000.0,20580000000.0,-121000000.0,582000000.0,10790000000.0,9790000000.0,742000000.0,10532000000.0,46009000000.0,,1762000000.0,1784000000.0
"Walt Disney Co, The",DIS,7260JQNI6SCF9FIV2392,1744489,2015.0,FY,2014-09-28,2015-10-03,2017-11-22 17:01:00+00:00,,4.95,1.81,2354000000.0,4.9,5016000000.0,8852000000.0,8852000000.0,,8382000000.0,470000000.0,28364000000.0,52465000000.0,,,,0.0,53000000.0,8523000000.0,28364000000.0,24101000000.0,,697000000.0,10930000000.0,13171000000.0,697000000.0,13868000000.0,52465000000.0,,1694000000.0,1709000000.0
"Walt Disney Co, The",DIS,7260JQNI6SCF9FIV2392,1744489,2015.0,Q4,2015-06-28,2015-10-03,,,0.97,,603000000.0,0.95,1483000000.0,1741000000.0,1741000000.0,,1609000000.0,132000000.0,7355000000.0,13512000000.0,,,,,53000000.0,2406000000.0,7355000000.0,6157000000.0,,129000000.0,3062000000.0,3095000000.0,129000000.0,3224000000.0,13512000000.0,,1694000000.0,1709000000.0
"Walt Disney Co, The",DIS,7260JQNI6SCF9FIV2392,1744489,2015.0,Q3,2015-03-29,2015-06-27,2016-08-09 17:07:27+00:00,,1.46,0.66,575000000.0,1.45,1323000000.0,2639000000.0,2639000000.0,,2483000000.0,156000000.0,6663000000.0,13101000000.0,,,,,0.0,2101000000.0,6663000000.0,6438000000.0,,200000000.0,2676000000.0,3762000000.0,200000000.0,3962000000.0,13101000000.0,,1696000000.0,1711000000.0
"Walt Disney Co, The",DIS,7260JQNI6SCF9FIV2392,1744489,2015.0,Q3YTD,2014-09-28,2015-06-27,,,3.98,1.81,1751000000.0,3.95,3533000000.0,7111000000.0,7111000000.0,,6773000000.0,338000000.0,21009000000.0,38953000000.0,,,,,,6117000000.0,21009000000.0,17944000000.0,,568000000.0,7868000000.0,10076000000.0,568000000.0,10644000000.0,38953000000.0,,1696000000.0,1711000000.0
"Walt Disney Co, The",DIS,7260JQNI6SCF9FIV2392,1744489,2015.0,Q3TTM,2014-06-29,2015-06-27,,,4.85,2.67,3482000000.0,4.82,4369000000.0,8736000000.0,8736000000.0,,8272000000.0,464000000.0,22753000000.0,51342000000.0,,,,,73000000.0,12635000000.0,22753000000.0,28589000000.0,111000000.0,817000000.0,16190000000.0,12399000000.0,706000000.0,13105000000.0,51342000000.0,,1696000000.0,1711000000.0
"Walt Disney Co, The",DIS,7260JQNI6SCF9FIV2392,1744489,2015.0,Q2,2014-12-28,2015-03-28,2016-05-10 17:08:16+00:00,,1.24,0.0,584000000.0,1.23,1092000000.0,2228000000.0,2228000000.0,,2108000000.0,120000000.0,6690000000.0,12461000000.0,,,,,0.0,2081000000.0,6690000000.0,5771000000.0,,214000000.0,2665000000.0,3106000000.0,214000000.0,3320000000.0,12461000000.0,,1699000000.0,1715000000.0
"Walt Disney Co, The",DIS,7260JQNI6SCF9FIV2392,1744489,2015.0,Q2YTD,2014-09-28,2015-03-28,,,2.52,1.15,1176000000.0,2.5,2210000000.0,4472000000.0,4472000000.0,,4290000000.0,182000000.0,14346000000.0,25852000000.0,,,,,,4016000000.0,14346000000.0,11506000000.0,,368000000.0,5192000000.0,6314000000.0,368000000.0,6682000000.0,25852000000.0,,1699000000.0,1715000000.0
"Walt Disney Co, The",DIS,7260JQNI6SCF9FIV2392,1744489,2015.0,Q2TTM,2014-03-30,2015-03-28,,,4.69,2.01,3464000000.0,4.65,4297000000.0,8516000000.0,8516000000.0,,8034000000.0,482000000.0,22454000000.0,50707000000.0,,,,,73000000.0,12581000000.0,22454000000.0,28253000000.0,111000000.0,789000000.0,16118000000.0,12135000000.0,678000000.0,12813000000.0,50707000000.0,,1699000000.0,1715000000.0
"Walt Disney Co, The",DIS,7260JQNI6SCF9FIV2392,1744489,2015.0,Q1,2014-09-28,2014-12-27,2016-02-09 16:34:40+00:00,,1.28,1.15,592000000.0,1.27,1118000000.0,2244000000.0,2244000000.0,,2182000000.0,62000000.0,7656000000.0,13391000000.0,,,,,0.0,1935000000.0,7656000000.0,5735000000.0,,154000000.0,2527000000.0,3208000000.0,154000000.0,3362000000.0,13391000000.0,,1700000000.0,1717000000.0
"Walt Disney Co, The",DIS,7260JQNI6SCF9FIV2392,1744489,2015.0,Q1TTM,2013-12-29,2014-12-27,,,4.55,2.01,2880000000.0,4.5,4324000000.0,8344000000.0,8344000000.0,,7843000000.0,501000000.0,24432000000.0,49895000000.0,,,,-37000000.0,121000000.0,10500000000.0,24432000000.0,25463000000.0,49000000.0,792000000.0,13501000000.0,11962000000.0,706000000.0,12668000000.0,49895000000.0,,1700000000.0,1717000000.0
"Walt Disney Co, The",DIS,7260JQNI6SCF9FIV2392,1744489,2016.0,FY,2015-10-04,2016-10-01,2018-11-21 17:05:57+00:00,,5.76,1.42,2527000000.0,5.73,5078000000.0,9790000000.0,9790000000.0,,9391000000.0,399000000.0,29993000000.0,55632000000.0,,,,0.0,156000000.0,8754000000.0,29993000000.0,25639000000.0,,666000000.0,11437000000.0,14202000000.0,666000000.0,14868000000.0,55632000000.0,,1629000000.0,1639000000.0
"Walt Disney Co, The",DIS,7260JQNI6SCF9FIV2392,1744489,2016.0,Q4,2016-07-03,2016-10-01,,,1.11,,689000000.0,1.11,989000000.0,1892000000.0,1892000000.0,,1771000000.0,121000000.0,7305000000.0,13142000000.0,,,,,31000000.0,2287000000.0,7305000000.0,5837000000.0,,51000000.0,3007000000.0,2830000000.0,51000000.0,2881000000.0,13142000000.0,,1629000000.0,1639000000.0
"Walt Disney Co, The",DIS,7260JQNI6SCF9FIV2392,1744489,2016.0,Q3,2016-04-03,2016-07-02,2017-08-08 17:03:22+00:00,,1.6,0.71,626000000.0,1.59,1471000000.0,2712000000.0,2712000000.0,,2597000000.0,115000000.0,7201000000.0,14277000000.0,,,,0.0,44000000.0,2305000000.0,7201000000.0,7076000000.0,,82000000.0,2975000000.0,4101000000.0,82000000.0,4183000000.0,14277000000.0,,1621000000.0,1631000000.0
"Walt Disney Co, The",DIS,7260JQNI6SCF9FIV2392,1744489,2016.0,Q3YTD,2015-10-04,2016-07-02,,,4.65,1.42,1838000000.0,4.62,4089000000.0,7898000000.0,7898000000.0,,7620000000.0,278000000.0,22688000000.0,42490000000.0,,,,,125000000.0,6467000000.0,22688000000.0,19802000000.0,,615000000.0,8430000000.0,11372000000.0,615000000.0,11987000000.0,42490000000.0,,1621000000.0,1631000000.0
"Walt Disney Co, The",DIS,7260JQNI6SCF9FIV2392,1744489,2016.0,Q3TTM,2015-06-28,2016-07-02,,,5.62,1.42,2441000000.0,5.57,5572000000.0,9639000000.0,9639000000.0,,9229000000.0,410000000.0,30043000000.0,56002000000.0,,,,,178000000.0,8873000000.0,30043000000.0,25959000000.0,,744000000.0,11492000000.0,14467000000.0,744000000.0,15211000000.0,56002000000.0,,1621000000.0,1631000000.0
"Walt Disney Co, The",DIS,7260JQNI6SCF9FIV2392,1744489,2016.0,Q2,2016-01-03,2016-04-02,2017-05-09 17:02:42+00:00,,1.31,0.0,605000000.0,1.3,1170000000.0,2276000000.0,2276000000.0,,2143000000.0,133000000.0,6864000000.0,12969000000.0,,,,,0.0,2137000000.0,6864000000.0,6105000000.0,,83000000.0,2742000000.0,3363000000.0,83000000.0,3446000000.0,12969000000.0,,1633000000.0,1643000000.0
"Walt Disney Co, The",DIS,7260JQNI6SCF9FIV2392,1744489,2016.0,Q2YTD,2015-10-04,2016-04-02,,,3.05,0.71,1212000000.0,3.03,2618000000.0,5186000000.0,5186000000.0,,5023000000.0,163000000.0,15487000000.0,28213000000.0,,,,,81000000.0,4162000000.0,15487000000.0,12726000000.0,,533000000.0,5455000000.0,7271000000.0,533000000.0,7804000000.0,28213000000.0,,1633000000.0,1643000000.0
"Walt Disney Co, The",DIS,7260JQNI6SCF9FIV2392,1744489,2016.0,Q2TTM,2015-03-29,2016-04-02,,,5.48,1.37,2390000000.0,5.43,5424000000.0,9566000000.0,9566000000.0,,9115000000.0,451000000.0,29505000000.0,54826000000.0,,,,,134000000.0,8669000000.0,29505000000.0,25321000000.0,,862000000.0,11193000000.0,14128000000.0,862000000.0,14990000000.0,54826000000.0,,1633000000.0,1643000000.0
"Walt Disney Co, The",DIS,7260JQNI6SCF9FIV2392,1744489,2016.0,Q1,2015-10-04,2016-01-02,2017-02-07 17:02:41+00:00,,1.74,0.71,607000000.0,1.73,1448000000.0,2910000000.0,2910000000.0,,2880000000.0,30000000.0,8623000000.0,15244000000.0,,,,,81000000.0,2025000000.0,8623000000.0,6621000000.0,,450000000.0,2713000000.0,3908000000.0,450000000.0,4358000000.0,15244000000.0,,1654000000.0,1668000000.0
"Walt Disney Co, The",DIS,7260JQNI6SCF9FIV2392,1744489,2016.0,Q1TTM,2014-12-28,2016-01-02,,,5.41,1.37,2369000000.0,5.36,5346000000.0,9518000000.0,9518000000.0,,9080000000.0,438000000.0,29331000000.0,54318000000.0,,,,,134000000.0,8613000000.0,29331000000.0,24987000000.0,,993000000.0,11116000000.0,13871000000.0,993000000.0,14864000000.0,54318000000.0,,1654000000.0,1668000000.0
"Walt Disney Co, The",DIS,7260JQNI6SCF9FIV2392,1744489,2017.0,FY,2016-10-02,2017-09-30,2019-11-20 17:18:30+00:00,5.73,5.73,,2782000000.0,5.69,4422000000.0,9366000000.0,9366000000.0,0.0,8980000000.0,386000000.0,30306000000.0,55137000000.0,,,,78000000.0,98000000.0,8176000000.0,30306000000.0,24831000000.0,,-65000000.0,11056000000.0,13775000000.0,13000000.0,13788000000.0,55137000000.0,1567200000.0,1568000000.0,1578000000.0
"Walt Disney Co, The",DIS,7260JQNI6SCF9FIV2392,1744489,2017.0,Q4,2017-07-02,2017-09-30,,5.73,1.15,-1.56,708000000.0,1.13,829000000.0,1865000000.0,1865000000.0,,1747000000.0,118000000.0,7214000000.0,12779000000.0,,,,255000000.0,98000000.0,2228000000.0,7214000000.0,5565000000.0,,-92000000.0,3034000000.0,2531000000.0,163000000.0,2694000000.0,12779000000.0,1567200000.0,1568000000.0,1578000000.0
"Walt Disney Co, The",DIS,7260JQNI6SCF9FIV2392,1744489,2017.0,Q3,2017-04-02,2017-07-01,2018-08-07 17:08:49+00:00,,1.51,0.78,711000000.0,1.51,1144000000.0,2474000000.0,2474000000.0,,2366000000.0,108000000.0,7717000000.0,14238000000.0,,,,-177000000.0,0.0,2022000000.0,7717000000.0,6521000000.0,,7000000.0,2733000000.0,3788000000.0,-170000000.0,3618000000.0,14238000000.0,,1562000000.0,1572000000.0
"Walt Disney Co, The",DIS,7260JQNI6SCF9FIV2392,1744489,2017.0,Q3YTD,2016-10-02,2017-07-01,,,4.58,1.56,2074000000.0,4.56,3593000000.0,7501000000.0,7501000000.0,,7233000000.0,268000000.0,23092000000.0,42358000000.0,,,,-177000000.0,,5948000000.0,23092000000.0,19266000000.0,,27000000.0,8022000000.0,11244000000.0,-150000000.0,11094000000.0,42358000000.0,,1562000000.0,1572000000.0
"Walt Disney Co, The",DIS,7260JQNI6SCF9FIV2392,1744489,2017.0,Q3TTM,2016-07-03,2017-07-01,,,5.69,1.56,2763000000.0,5.67,4582000000.0,9393000000.0,9393000000.0,,9004000000.0,389000000.0,30397000000.0,55500000000.0,,,,-177000000.0,31000000.0,8235000000.0,30397000000.0,25103000000.0,,78000000.0,11029000000.0,14074000000.0,-99000000.0,13975000000.0,55500000000.0,,1562000000.0,1572000000.0
"Walt Disney Co, The",DIS,7260JQNI6SCF9FIV2392,1744489,2017.0,Q2,2017-01-01,2017-04-01,2018-05-08 17:05:11+00:00,,1.51,0.0,676000000.0,1.5,1212000000.0,2539000000.0,2539000000.0,,2388000000.0,151000000.0,6969000000.0,13336000000.0,,,,0.0,0.0,1941000000.0,6969000000.0,6367000000.0,,1000000.0,2617000000.0,3750000000.0,1000000.0,3751000000.0,13336000000.0,,1580000000.0,1591000000.0
"Walt Disney Co, The",DIS,7260JQNI6SCF9FIV2392,1744489,2017.0,Q2YTD,2016-10-02,2017-04-01,,,3.07,0.78,1363000000.0,3.05,2449000000.0,5027000000.0,5027000000.0,,4867000000.0,160000000.0,15375000000.0,28120000000.0,,,,,,3926000000.0,15375000000.0,12745000000.0,,20000000.0,5289000000.0,7456000000.0,20000000.0,7476000000.0,28120000000.0,,1580000000.0,1591000000.0
"Walt Disney Co, The",DIS,7260JQNI6SCF9FIV2392,1744489,2017.0,Q2TTM,2016-04-03,2017-04-01,,,5.78,1.49,2678000000.0,5.75,4909000000.0,9631000000.0,9631000000.0,,9235000000.0,396000000.0,29881000000.0,55539000000.0,,,,,75000000.0,8518000000.0,29881000000.0,25658000000.0,,153000000.0,11271000000.0,14387000000.0,153000000.0,14540000000.0,55539000000.0,,1580000000.0,1591000000.0
"Walt Disney Co, The",DIS,7260JQNI6SCF9FIV2392,1744489,2017.0,Q1,2016-10-02,2016-12-31,2018-02-06 17:31:28+00:00,,1.56,0.78,687000000.0,1.55,1237000000.0,2488000000.0,2488000000.0,,2479000000.0,9000000.0,8406000000.0,14784000000.0,,,,0.0,0.0,1985000000.0,8406000000.0,6378000000.0,,19000000.0,2672000000.0,3706000000.0,19000000.0,3725000000.0,14784000000.0,,1592000000.0,1603000000.0
"Walt Disney Co, The",DIS,7260JQNI6SCF9FIV2392,1744489,2017.0,Q1TTM,2016-01-03,2016-12-31,,,5.58,1.49,2607000000.0,5.55,4867000000.0,9368000000.0,9368000000.0,,8990000000.0,378000000.0,29776000000.0,55172000000.0,,,,,75000000.0,8714000000.0,29776000000.0,25396000000.0,,235000000.0,11396000000.0,14000000000.0,235000000.0,14235000000.0,55172000000.0,,1592000000.0,1603000000.0
"Walt Disney Co, The",DIS,7260JQNI6SCF9FIV2392,1744489,2018.0,FY,2017-10-01,2018-09-29,2019-11-20 17:18:30+00:00,8.4,8.4,,3011000000.0,8.36,1663000000.0,13066000000.0,13066000000.0,0.0,12598000000.0,468000000.0,32726000000.0,59434000000.0,,,,601000000.0,33000000.0,8860000000.0,32726000000.0,26708000000.0,,-676000000.0,11904000000.0,14804000000.0,-75000000.0,14729000000.0,59434000000.0,1499800000.0,1499000000.0,1507000000.0
"Walt Disney Co, The",DIS,7260JQNI6SCF9FIV2392,1744489,2018.0,Q4,2018-07-01,2018-09-29,,4.49,1.56,-0.84,794000000.0,1.55,783000000.0,2419000000.0,2419000000.0,,2322000000.0,97000000.0,8108000000.0,14306000000.0,,,,507000000.0,5000000.0,2321000000.0,8108000000.0,6198000000.0,,-383000000.0,3120000000.0,3078000000.0,124000000.0,3202000000.0,14306000000.0,1499800000.0,1499000000.0,1507000000.0
"Walt Disney Co, The",DIS,7260JQNI6SCF9FIV2392,1744489,2018.0,Q3,2018-04-01,2018-06-30,2019-08-06 17:23:33+00:00,1.96,1.96,,744000000.0,1.95,795000000.0,3059000000.0,3059000000.0,0.0,2916000000.0,143000000.0,8348000000.0,15229000000.0,,,,0.0,0.0,2213000000.0,8348000000.0,6881000000.0,,-70000000.0,2957000000.0,3924000000.0,-70000000.0,3854000000.0,15229000000.0,1487800000.0,1491000000.0,1498000000.0
"Walt Disney Co, The",DIS,7260JQNI6SCF9FIV2392,1744489,2018.0,Q3YTD,2017-10-01,2018-06-30,,3.91,6.84,0.84,2217000000.0,6.81,880000000.0,10647000000.0,10647000000.0,,10276000000.0,371000000.0,24618000000.0,45128000000.0,,,,94000000.0,28000000.0,6539000000.0,24618000000.0,20510000000.0,,-293000000.0,8784000000.0,11726000000.0,-199000000.0,11527000000.0,45128000000.0,1487800000.0,1491000000.0,1498000000.0
"Walt Disney Co, The",DIS,7260JQNI6SCF9FIV2392,1744489,2018.0,Q3TTM,2017-07-02,2018-06-30,,9.64,7.99,-0.72,2925000000.0,7.94,1709000000.0,12512000000.0,12512000000.0,,12023000000.0,489000000.0,31832000000.0,57907000000.0,,,,349000000.0,126000000.0,8767000000.0,31832000000.0,26075000000.0,,-385000000.0,11818000000.0,14257000000.0,-36000000.0,14221000000.0,57907000000.0,1487800000.0,1491000000.0,1498000000.0
"Walt Disney Co, The",DIS,7260JQNI6SCF9FIV2392,1744489,2018.0,Q2,2017-12-31,2018-03-31,2019-05-08 17:31:44+00:00,1.95,1.95,,731000000.0,1.95,813000000.0,3115000000.0,3115000000.0,0.0,2937000000.0,178000000.0,7541000000.0,14548000000.0,,,,41000000.0,13000000.0,2239000000.0,7541000000.0,7007000000.0,,-137000000.0,2983000000.0,4024000000.0,-96000000.0,3928000000.0,14548000000.0,1506200000.0,1503000000.0,1510000000.0
"Walt Disney Co, The",DIS,7260JQNI6SCF9FIV2392,1744489,2018.0,Q2YTD,2017-10-01,2018-03-31,,1.95,4.88,0.84,1473000000.0,4.86,85000000.0,7588000000.0,7588000000.0,,7360000000.0,228000000.0,16270000000.0,29899000000.0,,,,94000000.0,28000000.0,4326000000.0,16270000000.0,13629000000.0,,-223000000.0,5827000000.0,7802000000.0,-129000000.0,7673000000.0,29899000000.0,1506200000.0,1503000000.0,1510000000.0
"Walt Disney Co, The",DIS,7260JQNI6SCF9FIV2392,1744489,2018.0,Q2TTM,2017-04-02,2018-03-31,,7.68,7.54,0.06,2892000000.0,7.5,2058000000.0,11927000000.0,11927000000.0,,11473000000.0,454000000.0,31201000000.0,56916000000.0,,,,172000000.0,126000000.0,8576000000.0,31201000000.0,25715000000.0,,-308000000.0,11594000000.0,14121000000.0,-136000000.0,13985000000.0,56916000000.0,1506200000.0,1503000000.0,1510000000.0
"Walt Disney Co, The",DIS,7260JQNI6SCF9FIV2392,1744489,2018.0,Q1,2017-10-01,2017-12-30,2019-02-05 17:02:42+00:00,,2.93,0.84,742000000.0,2.91,-728000000.0,4473000000.0,4473000000.0,,4423000000.0,50000000.0,8729000000.0,15351000000.0,,,,53000000.0,15000000.0,2087000000.0,8729000000.0,6622000000.0,,-86000000.0,2844000000.0,3778000000.0,-33000000.0,3745000000.0,15351000000.0,,1512000000.0,1521000000.0
"Walt Disney Co, The",DIS,7260JQNI6SCF9FIV2392,1744489,2018.0,Q1TTM,2017-01-01,2017-12-30,,5.73,7.1,0.06,2837000000.0,7.05,2457000000.0,11351000000.0,11351000000.0,,10924000000.0,427000000.0,30629000000.0,55704000000.0,,,,131000000.0,113000000.0,8278000000.0,30629000000.0,25075000000.0,,-170000000.0,11228000000.0,13847000000.0,-39000000.0,13808000000.0,55704000000.0,,1512000000.0,1521000000.0
"Walt Disney Co, The",DIS,7260JQNI6SCF9FIV2392,1744489,2019.0,FY,2018-09-30,2019-09-28,2019-11-20 17:18:30+00:00,6.68,6.68,,4160000000.0,6.64,3031000000.0,11584000000.0,10913000000.0,671000000.0,11054000000.0,530000000.0,42018000000.0,69570000000.0,,,,4357000000.0,1183000000.0,11541000000.0,42018000000.0,27552000000.0,,-1081000000.0,16884000000.0,10668000000.0,3276000000.0,13944000000.0,69570000000.0,1654800000.0,1656000000.0,1666000000.0
"Walt Disney Co, The",DIS,7260JQNI6SCF9FIV2392,1744489,2019.0,Q4,2019-06-30,2019-09-28,,0.27,0.27,,1296000000.0,0.26,344000000.0,1205000000.0,914000000.0,291000000.0,1054000000.0,151000000.0,11822000000.0,19100000000.0,,,,-483000000.0,314000000.0,3697000000.0,11822000000.0,7278000000.0,,-230000000.0,5307000000.0,1971000000.0,-713000000.0,1258000000.0,19100000000.0,1654800000.0,1656000000.0,1666000000.0
"Walt Disney Co, The",DIS,7260JQNI6SCF9FIV2392,1744489,2019.0,Q3YTD,2018-09-30,2019-06-29,,6.41,6.41,,2864000000.0,6.38,2687000000.0,10379000000.0,9999000000.0,380000000.0,10000000000.0,379000000.0,30196000000.0,50470000000.0,,,,4840000000.0,869000000.0,7844000000.0,30196000000.0,20274000000.0,,-851000000.0,11577000000.0,8697000000.0,3989000000.0,12686000000.0,50470000000.0,1795900000.0,1802000000.0,1814000000.0
"Walt Disney Co, The",DIS,7260JQNI6SCF9FIV2392,1744489,2019.0,Q3TTM,2018-07-01,2019-06-29,,10.9,7.97,-0.84,3658000000.0,7.93,3470000000.0,12798000000.0,12418000000.0,380000000.0,12322000000.0,476000000.0,38304000000.0,64776000000.0,,,,5347000000.0,874000000.0,10165000000.0,38304000000.0,26472000000.0,,-1234000000.0,14697000000.0,11775000000.0,4113000000.0,15888000000.0,64776000000.0,1795900000.0,1802000000.0,1814000000.0
"Walt Disney Co, The",DIS,7260JQNI6SCF9FIV2392,1744489,2019.0,Q3,2019-03-31,2019-06-29,2019-08-06 17:23:33+00:00,0.98,0.98,,1304000000.0,0.97,395000000.0,1982000000.0,1623000000.0,359000000.0,1760000000.0,222000000.0,12819000000.0,20245000000.0,,,,-123000000.0,207000000.0,3362000000.0,12819000000.0,7426000000.0,,-412000000.0,4873000000.0,2553000000.0,-535000000.0,2018000000.0,20245000000.0,1795900000.0,1802000000.0,1814000000.0
"Walt Disney Co, The",DIS,7260JQNI6SCF9FIV2392,1744489,2019.0,Q2,2018-12-30,2019-03-30,2020-05-05 16:20:37+00:00,3.56,3.56,,828000000.0,3.55,1647000000.0,5611000000.0,5590000000.0,21000000.0,5452000000.0,159000000.0,8376000000.0,14922000000.0,,,,4963000000.0,662000000.0,2330000000.0,8376000000.0,6546000000.0,,-452000000.0,3820000000.0,2726000000.0,4511000000.0,7237000000.0,14922000000.0,1531500000.0,1530000000.0,1537000000.0
"Walt Disney Co, The",DIS,7260JQNI6SCF9FIV2392,1744489,2019.0,Q2YTD,2018-09-30,2019-03-30,,5.43,5.43,,1560000000.0,5.41,2292000000.0,8397000000.0,8376000000.0,21000000.0,8240000000.0,157000000.0,17377000000.0,30225000000.0,,,,4963000000.0,662000000.0,4482000000.0,17377000000.0,12848000000.0,,-439000000.0,6704000000.0,6144000000.0,4524000000.0,10668000000.0,30225000000.0,1531500000.0,1530000000.0,1537000000.0
"Walt Disney Co, The",DIS,7260JQNI6SCF9FIV2392,1744489,2019.0,Q2TTM,2018-04-01,2019-03-30,,11.88,8.95,-0.84,3098000000.0,8.91,3870000000.0,13875000000.0,13854000000.0,21000000.0,13478000000.0,397000000.0,33833000000.0,59760000000.0,,,,5470000000.0,667000000.0,9016000000.0,33833000000.0,25927000000.0,,-892000000.0,12781000000.0,13146000000.0,4578000000.0,17724000000.0,59760000000.0,1531500000.0,1530000000.0,1537000000.0
"Walt Disney Co, The",DIS,7260JQNI6SCF9FIV2392,1744489,2019.0,Q1,2018-09-30,2018-12-29,2020-02-04 17:02:50+00:00,1.87,1.87,0.88,732000000.0,1.86,645000000.0,2786000000.0,2786000000.0,0.0,2788000000.0,-2000000.0,9001000000.0,15303000000.0,,,,,0.0,2152000000.0,9001000000.0,6302000000.0,,13000000.0,2884000000.0,3418000000.0,13000000.0,3431000000.0,15303000000.0,1490900000.0,1490000000.0,1498000000.0
"Walt Disney Co, The",DIS,7260JQNI6SCF9FIV2392,1744489,2019.0,Q1TTM,2017-12-31,2018-12-29,,10.27,7.34,-0.84,3001000000.0,7.31,3036000000.0,11379000000.0,11379000000.0,,10963000000.0,416000000.0,32998000000.0,59386000000.0,,,,548000000.0,18000000.0,8925000000.0,32998000000.0,26388000000.0,,-577000000.0,11944000000.0,14444000000.0,-29000000.0,14415000000.0,59386000000.0,1490900000.0,1490000000.0,1498000000.0
"Walt Disney Co, The",DIS,7260JQNI6SCF9FIV2392,1744489,2020.0,Q2YTD,2019-09-29,2020-03-28,,1.42,1.42,,2631000000.0,1.41,984000000.0,2667000000.0,2708000000.0,-41000000.0,2567000000.0,100000000.0,24934000000.0,38867000000.0,,,,,295000000.0,7091000000.0,24934000000.0,13933000000.0,,-224000000.0,10017000000.0,3916000000.0,-224000000.0,3692000000.0,38867000000.0,1840000000.0,1808000000.0,1816000000.0
"Walt Disney Co, The",DIS,7260JQNI6SCF9FIV2392,1744489,2020.0,Q2TTM,2019-03-31,2020-03-28,,2.67,2.67,,5231000000.0,2.64,1723000000.0,5854000000.0,5245000000.0,609000000.0,5381000000.0,473000000.0,49575000000.0,78212000000.0,,,,-606000000.0,816000000.0,14150000000.0,49575000000.0,28637000000.0,,-866000000.0,20197000000.0,8440000000.0,-1472000000.0,6968000000.0,78212000000.0,1840000000.0,1808000000.0,1816000000.0
"Walt Disney Co, The",DIS,7260JQNI6SCF9FIV2392,1744489,2020.0,Q2,2019-12-29,2020-03-28,2020-05-05 16:20:37+00:00,0.25,0.25,,1333000000.0,0.25,525000000.0,520000000.0,535000000.0,-15000000.0,460000000.0,60000000.0,11918000000.0,18009000000.0,,,,0.0,145000000.0,3388000000.0,11918000000.0,6091000000.0,,-165000000.0,4866000000.0,1225000000.0,-165000000.0,1060000000.0,18009000000.0,1840000000.0,1808000000.0,1816000000.0
"Walt Disney Co, The",DIS,7260JQNI6SCF9FIV2392,1744489,2020.0,Q1TTM,2018-12-30,2019-12-28,,5.98,5.98,,4726000000.0,5.94,2845000000.0,10945000000.0,10300000000.0,645000000.0,10373000000.0,572000000.0,46033000000.0,75125000000.0,,,,4357000000.0,1333000000.0,13092000000.0,46033000000.0,29092000000.0,,-1153000000.0,19151000000.0,9941000000.0,3204000000.0,13145000000.0,75125000000.0,1800900000.0,1805000000.0,1817000000.0
"Walt Disney Co, The",DIS,7260JQNI6SCF9FIV2392,1744489,2020.0,Q1,2019-09-29,2019-12-28,2020-02-04 17:02:50+00:00,1.17,1.17,0.88,1298000000.0,1.16,459000000.0,2147000000.0,2173000000.0,-26000000.0,2107000000.0,40000000.0,13016000000.0,20858000000.0,,,,,150000000.0,3703000000.0,13016000000.0,7842000000.0,,-59000000.0,5151000000.0,2691000000.0,-59000000.0,2632000000.0,20858000000.0,1800900000.0,1805000000.0,1817000000.0
