company_name,company_ticker,company_lei,company_cik,year,quarter,start_date,end_date,filing_date,basicdilutedeps,basiceps,cashdividendspershare,depreciationexpense,dilutedeps,incometaxexpense,netincome,netincomecontinuing,netincomediscontinued,netincometocommon,netincometononcontrollinginterest,operatingcostofrevenue,operatingrevenue,othergains,otherspecialcharges,restructuringcharge,sgaexpense,totalcostofrevenue,totalgrossprofit,totalinterestexpense,totaloperatingexpenses,totaloperatingincome,totalotherincome,totalpretaxincome,totalrevenue,weightedavebasicdilutedsharesos,weightedavebasicsharesos,weightedavedilutedsharesos
Ball Corp,BLL,0BGI85ALH27ZJP15DY16,9389,2008.0,FY,2008-01-01,2008-12-31,2011-02-28 16:50:48+00:00,1.67,1.67,0.2,249900000.0,1.65,142100000.0,319900000.0,315300000.0,4600000.0,319500000.0,400000.0,5699500000.0,6826100000.0,14500000.0,-7100000.0,43800000.0,259400000.0,5699500000.0,1126600000.0,137700000.0,546000000.0,580600000.0,-137700000.0,442900000.0,6826100000.0,191300000.0,191714000.0,194038000.0
Ball Corp,BLL,0BGI85ALH27ZJP15DY16,9389,2009.0,FY,2009-01-01,2009-12-31,2012-02-22 13:39:27+00:00,2.07,2.07,0.2,243100000.0,2.04,159800000.0,388400000.0,390600000.0,-2200000.0,387900000.0,500000.0,5517900000.0,6710400000.0,13800000.0,-34800000.0,21400000.0,309000000.0,5517900000.0,1192500000.0,117200000.0,538700000.0,653800000.0,-117200000.0,536600000.0,6710400000.0,187400000.0,187572000.0,189978000.0
Ball Corp,BLL,0BGI85ALH27ZJP15DY16,9389,2009.0,Q3,2009-06-29,2009-09-27,2010-11-03 19:27:12+00:00,1.1,1.1,,59900000.0,1.09,55100000.0,103800000.0,109000000.0,-5200000.0,103700000.0,100000.0,1471600000.0,1812300000.0,5500000.0,0.0,10100000.0,83200000.0,1471600000.0,340700000.0,28900000.0,153200000.0,187500000.0,-28900000.0,158600000.0,1812300000.0,94300000.0,94300000.0,95100000.0
Ball Corp,BLL,0BGI85ALH27ZJP15DY16,9389,2009.0,Q2,2009-03-31,2009-06-28,2010-08-04 16:58:15+00:00,1.42,1.42,,58600000.0,1.4,50000000.0,133500000.0,135100000.0,-1600000.0,133300000.0,200000.0,1436100000.0,1744600000.0,5200000.0,-34800000.0,7200000.0,72900000.0,1436100000.0,308500000.0,24700000.0,103900000.0,204600000.0,-24700000.0,179900000.0,1744600000.0,93900000.0,93900000.0,95200000.0
Ball Corp,BLL,0BGI85ALH27ZJP15DY16,9389,2010.0,FY,2010-01-01,2010-12-31,2013-02-22 13:48:42+00:00,2.59,2.59,0.2,265500000.0,2.55,175800000.0,473700000.0,548600000.0,-74900000.0,468000000.0,5700000.0,6254100000.0,7630000000.0,118000000.0,,-11000000.0,356800000.0,6254100000.0,1375900000.0,158200000.0,611300000.0,764600000.0,-158200000.0,606400000.0,7630000000.0,180700000.0,180746000.0,183538000.0
Ball Corp,BLL,0BGI85ALH27ZJP15DY16,9389,2010.0,Q3,2010-06-28,2010-09-26,2011-11-07 16:22:35+00:00,1.27,1.27,0.05,67100000.0,1.25,60500000.0,227500000.0,222200000.0,5300000.0,227500000.0,,1653400000.0,2035000000.0,85800000.0,,-11600000.0,93000000.0,1653400000.0,381600000.0,36200000.0,148500000.0,233100000.0,-36200000.0,196900000.0,2035000000.0,179264000.0,179264000.0,179264000.0
Ball Corp,BLL,0BGI85ALH27ZJP15DY16,9389,2010.0,Q2,2010-03-31,2010-06-27,2011-08-09 16:24:25+00:00,0.37,0.37,0.05,62400000.0,0.37,60800000.0,69000000.0,144600000.0,-75600000.0,69000000.0,,1643100000.0,2007500000.0,28000000.0,,2300000.0,77600000.0,1643100000.0,364400000.0,44700000.0,142300000.0,222100000.0,-44700000.0,177400000.0,2007500000.0,184200000.0,184200000.0,184200000.0
Ball Corp,BLL,0BGI85ALH27ZJP15DY16,9389,2011.0,Q4,2011-10-03,2011-12-31,,0.47,0.47,0.07,78900000.0,0.47,41100000.0,85500000.0,84900000.0,600000.0,77500000.0,8000000.0,1702800000.0,2051700000.0,8200000.0,,10600000.0,99200000.0,1702800000.0,348900000.0,42400000.0,188700000.0,160200000.0,-42400000.0,117800000.0,2051700000.0,165100000.0,165275000.0,168590000.0
Ball Corp,BLL,0BGI85ALH27ZJP15DY16,9389,2011.0,FY,2011-01-01,2011-12-31,2014-02-24 13:11:42+00:00,2.69,2.69,0.28,301100000.0,2.63,201300000.0,466300000.0,468600000.0,-2300000.0,444000000.0,22300000.0,7081200000.0,8630900000.0,10100000.0,,30300000.0,381400000.0,7081200000.0,1549700000.0,177100000.0,712800000.0,836900000.0,-177100000.0,659800000.0,8630900000.0,165100000.0,165275000.0,168590000.0
Ball Corp,BLL,0BGI85ALH27ZJP15DY16,9389,2011.0,Q3YTD,2011-01-01,2011-10-02,,2.24,2.24,0.21,222200000.0,2.24,160200000.0,380800000.0,383700000.0,-2900000.0,366500000.0,14300000.0,5378400000.0,6579200000.0,1900000.0,,19700000.0,282200000.0,5378400000.0,1200800000.0,134700000.0,524100000.0,676700000.0,-134700000.0,542000000.0,6579200000.0,163898000.0,163898000.0,163898000.0
Ball Corp,BLL,0BGI85ALH27ZJP15DY16,9389,2011.0,Q3,2011-07-04,2011-10-02,2012-11-09 13:06:15+00:00,0.81,0.81,0.07,74500000.0,0.79,47600000.0,137500000.0,138800000.0,-1300000.0,132100000.0,5400000.0,1862200000.0,2258300000.0,800000.0,,3300000.0,89700000.0,1862200000.0,396100000.0,43000000.0,167500000.0,228600000.0,-43000000.0,185600000.0,2258300000.0,163898000.0,163898000.0,163898000.0
Ball Corp,BLL,0BGI85ALH27ZJP15DY16,9389,2011.0,Q2YTD,2011-01-01,2011-07-03,,1.4,1.4,0.14,147700000.0,1.4,112600000.0,243300000.0,244900000.0,-1600000.0,234400000.0,8900000.0,3516200000.0,4320900000.0,1100000.0,,16400000.0,192500000.0,3516200000.0,804700000.0,91700000.0,356600000.0,448100000.0,-91700000.0,356400000.0,4320900000.0,167197000.0,167197000.0,167197000.0
Ball Corp,BLL,0BGI85ALH27ZJP15DY16,9389,2011.0,Q2,2011-04-04,2011-07-03,2012-08-03 14:26:48+00:00,0.86,0.86,0.07,74100000.0,0.84,64600000.0,145100000.0,145400000.0,-300000.0,143100000.0,2000000.0,1885500000.0,2309700000.0,1100000.0,,2900000.0,93100000.0,1885500000.0,424200000.0,45200000.0,170100000.0,254100000.0,-45200000.0,208900000.0,2309700000.0,167197000.0,167197000.0,167197000.0
Ball Corp,BLL,0BGI85ALH27ZJP15DY16,9389,2011.0,Q1,2011-01-01,2011-04-03,2012-05-07 14:58:15+00:00,0.54,0.54,0.07,73600000.0,0.53,48000000.0,98200000.0,99500000.0,-1300000.0,91300000.0,6900000.0,1630700000.0,2011200000.0,,,13500000.0,99400000.0,1630700000.0,380500000.0,46500000.0,186500000.0,194000000.0,-46500000.0,147500000.0,2011200000.0,169189000.0,169189000.0,169189000.0
Ball Corp,BLL,0BGI85ALH27ZJP15DY16,9389,2012.0,Q4,2012-10-01,2012-12-31,,0.35,0.35,0.1,72700000.0,0.35,42500000.0,64000000.0,63900000.0,100000.0,53400000.0,10600000.0,1729400000.0,2114200000.0,-300000.0,,58800000.0,101000000.0,1729400000.0,384800000.0,45600000.0,232500000.0,152300000.0,-45600000.0,106700000.0,2114200000.0,154800000.0,154648000.0,158084000.0
Ball Corp,BLL,0BGI85ALH27ZJP15DY16,9389,2012.0,FY,2012-01-01,2012-12-31,2015-02-20 15:05:26+00:00,2.56,2.56,0.4,282900000.0,2.5,172200000.0,419300000.0,422100000.0,-2800000.0,396300000.0,23000000.0,7174000000.0,8735700000.0,-1300000.0,,102800000.0,385500000.0,7174000000.0,1561700000.0,194900000.0,771200000.0,790500000.0,-194900000.0,595600000.0,8735700000.0,154800000.0,154648000.0,158084000.0
Ball Corp,BLL,0BGI85ALH27ZJP15DY16,9389,2012.0,Q3YTD,2012-01-01,2012-09-30,,2.23,2.23,0.3,210200000.0,2.23,129700000.0,355300000.0,358200000.0,-2900000.0,342900000.0,12400000.0,5444600000.0,6621500000.0,-1000000.0,,44000000.0,284500000.0,5444600000.0,1176900000.0,149300000.0,538700000.0,638200000.0,-149300000.0,488900000.0,6621500000.0,153604000.0,153604000.0,153604000.0
Ball Corp,BLL,0BGI85ALH27ZJP15DY16,9389,2012.0,Q3TTM,2011-10-03,2012-09-30,,2.74,2.74,0.38,289100000.0,2.74,170800000.0,440800000.0,443100000.0,-2300000.0,420400000.0,20400000.0,7147400000.0,8673200000.0,7200000.0,,54600000.0,383700000.0,7147400000.0,1525800000.0,191700000.0,727400000.0,798400000.0,-191700000.0,606700000.0,8673200000.0,153604000.0,153604000.0,153604000.0
Ball Corp,BLL,0BGI85ALH27ZJP15DY16,9389,2012.0,Q3,2012-07-02,2012-09-30,2013-10-30 15:26:34+00:00,0.75,0.75,0.1,74700000.0,0.73,51700000.0,119700000.0,121900000.0,-2200000.0,115100000.0,4600000.0,1866100000.0,2282500000.0,-800000.0,,36800000.0,86300000.0,1866100000.0,416400000.0,44200000.0,197800000.0,218600000.0,-44200000.0,174400000.0,2282500000.0,153604000.0,153604000.0,153604000.0
Ball Corp,BLL,0BGI85ALH27ZJP15DY16,9389,2012.0,Q2YTD,2012-01-01,2012-07-01,,1.46,1.46,0.2,135500000.0,1.46,78000000.0,235600000.0,236300000.0,-700000.0,227800000.0,7800000.0,3578500000.0,4339000000.0,-200000.0,,7200000.0,198200000.0,3578500000.0,760500000.0,105100000.0,340900000.0,419600000.0,-105100000.0,314500000.0,4339000000.0,155526000.0,155526000.0,155526000.0
Ball Corp,BLL,0BGI85ALH27ZJP15DY16,9389,2012.0,Q2TTM,2011-07-04,2012-07-01,,2.81,2.81,0.34,288900000.0,2.81,166700000.0,458600000.0,460000000.0,-1400000.0,437400000.0,21200000.0,7143500000.0,8649000000.0,8800000.0,,21100000.0,387100000.0,7143500000.0,1505500000.0,190500000.0,697100000.0,808400000.0,-190500000.0,617900000.0,8649000000.0,155526000.0,155526000.0,155526000.0
Ball Corp,BLL,0BGI85ALH27ZJP15DY16,9389,2012.0,Q2,2012-04-02,2012-07-01,2013-08-05 17:09:57+00:00,0.9,0.9,0.1,66500000.0,0.88,50000000.0,142500000.0,142900000.0,-400000.0,139500000.0,3000000.0,1890800000.0,2296300000.0,,,2800000.0,98600000.0,1890800000.0,405500000.0,44700000.0,167900000.0,237600000.0,-44700000.0,192900000.0,2296300000.0,155526000.0,155526000.0,155526000.0
Ball Corp,BLL,0BGI85ALH27ZJP15DY16,9389,2012.0,Q1TTM,2011-04-04,2012-04-01,,2.8,2.8,0.31,296500000.0,2.8,181300000.0,461200000.0,462500000.0,-1300000.0,441000000.0,20200000.0,7138200000.0,8662400000.0,9900000.0,,21200000.0,381600000.0,7138200000.0,1524200000.0,191000000.0,699300000.0,824900000.0,-191000000.0,633900000.0,8662400000.0,157530000.0,157530000.0,157530000.0
Ball Corp,BLL,0BGI85ALH27ZJP15DY16,9389,2012.0,Q1,2012-01-01,2012-04-01,2013-05-06 11:12:28+00:00,0.56,0.56,0.1,69000000.0,0.55,28000000.0,93100000.0,93400000.0,-300000.0,88300000.0,4800000.0,1687700000.0,2042700000.0,-200000.0,,4400000.0,99600000.0,1687700000.0,355000000.0,60400000.0,173000000.0,182000000.0,-60400000.0,121600000.0,2042700000.0,157530000.0,157530000.0,157530000.0
Ball Corp,BLL,0BGI85ALH27ZJP15DY16,9389,2013.0,FY,2013-01-01,2013-12-31,2016-02-16 16:54:03+00:00,2.79,2.79,0.52,299900000.0,2.73,149600000.0,435000000.0,434600000.0,400000.0,406800000.0,28200000.0,6875400000.0,8468100000.0,600000.0,,78800000.0,418600000.0,6875400000.0,1592700000.0,211800000.0,797300000.0,795400000.0,-211800000.0,583600000.0,8468100000.0,145800000.0,145943000.0,149223000.0
Ball Corp,BLL,0BGI85ALH27ZJP15DY16,9389,2013.0,Q4,2013-10-01,2013-12-31,,0.86,0.86,0.13,76300000.0,0.85,56600000.0,134600000.0,134600000.0,,124500000.0,10100000.0,1586100000.0,1996800000.0,-300000.0,,-10300000.0,107400000.0,1586100000.0,410700000.0,45800000.0,173400000.0,237300000.0,-45800000.0,191500000.0,1996800000.0,145800000.0,145943000.0,149223000.0
Ball Corp,BLL,0BGI85ALH27ZJP15DY16,9389,2013.0,Q3YTD,2013-01-01,2013-09-30,,1.95,1.95,0.39,223600000.0,1.95,93000000.0,300400000.0,300000000.0,400000.0,282300000.0,18100000.0,5289300000.0,6471300000.0,900000.0,,89100000.0,311200000.0,5289300000.0,1182000000.0,166000000.0,623900000.0,558100000.0,-166000000.0,392100000.0,6471300000.0,144714000.0,144714000.0,144714000.0
Ball Corp,BLL,0BGI85ALH27ZJP15DY16,9389,2013.0,Q3TTM,2012-10-01,2013-09-30,,2.32,2.32,0.5,296300000.0,2.32,135500000.0,364400000.0,363900000.0,500000.0,335700000.0,28700000.0,7018700000.0,8585500000.0,600000.0,,147900000.0,412200000.0,7018700000.0,1566800000.0,211600000.0,856400000.0,710400000.0,-211600000.0,498800000.0,8585500000.0,144714000.0,144714000.0,144714000.0
Ball Corp,BLL,0BGI85ALH27ZJP15DY16,9389,2013.0,Q3,2013-07-01,2013-09-30,2014-11-03 13:20:50+00:00,0.8,0.8,0.13,76600000.0,0.78,44100000.0,121900000.0,121600000.0,300000.0,115200000.0,6700000.0,1846900000.0,2277900000.0,900000.0,,43800000.0,99000000.0,1846900000.0,431000000.0,46800000.0,219400000.0,211600000.0,-46800000.0,164800000.0,2277900000.0,144714000.0,144714000.0,144714000.0
Ball Corp,BLL,0BGI85ALH27ZJP15DY16,9389,2013.0,Q2YTD,2013-01-01,2013-06-30,,1.14,1.14,0.26,147000000.0,1.14,48900000.0,178500000.0,178400000.0,100000.0,167100000.0,11400000.0,3442400000.0,4193400000.0,,,45300000.0,212200000.0,3442400000.0,751000000.0,119200000.0,404500000.0,346500000.0,-119200000.0,227300000.0,4193400000.0,147088000.0,147088000.0,147088000.0
Ball Corp,BLL,0BGI85ALH27ZJP15DY16,9389,2013.0,Q2TTM,2012-07-02,2013-06-30,,2.28,2.28,0.47,294400000.0,2.28,143100000.0,362200000.0,364200000.0,-2000000.0,335600000.0,26600000.0,7037900000.0,8590100000.0,-1100000.0,,140900000.0,399500000.0,7037900000.0,1552200000.0,209000000.0,834800000.0,717400000.0,-209000000.0,508400000.0,8590100000.0,147088000.0,147088000.0,147088000.0
Ball Corp,BLL,0BGI85ALH27ZJP15DY16,9389,2013.0,Q2,2013-04-01,2013-06-30,2014-08-11 14:15:05+00:00,0.65,0.65,0.13,74500000.0,0.63,30800000.0,99100000.0,99100000.0,,95100000.0,4000000.0,1798900000.0,2202400000.0,800000.0,,22600000.0,102900000.0,1798900000.0,403500000.0,74400000.0,200000000.0,203500000.0,-74400000.0,129100000.0,2202400000.0,147088000.0,147088000.0,147088000.0
Ball Corp,BLL,0BGI85ALH27ZJP15DY16,9389,2013.0,Q1TTM,2012-04-02,2013-03-31,,2.55,2.55,0.44,286400000.0,2.55,162300000.0,405600000.0,408000000.0,-2400000.0,380000000.0,25600000.0,7129800000.0,8684000000.0,-1900000.0,,121100000.0,395200000.0,7129800000.0,1554200000.0,179300000.0,802700000.0,751500000.0,-179300000.0,572200000.0,8684000000.0,148976000.0,148976000.0,148976000.0
Ball Corp,BLL,0BGI85ALH27ZJP15DY16,9389,2013.0,Q1,2013-01-01,2013-03-31,2014-05-02 16:01:59+00:00,0.48,0.48,0.13,72500000.0,0.47,18100000.0,79400000.0,79300000.0,100000.0,72000000.0,7400000.0,1643500000.0,1991000000.0,-800000.0,,22700000.0,109300000.0,1643500000.0,347500000.0,44800000.0,204500000.0,143000000.0,-44800000.0,98200000.0,1991000000.0,148976000.0,148976000.0,148976000.0
Ball Corp,BLL,0BGI85ALH27ZJP15DY16,9389,2014.0,FY,2014-01-01,2014-12-31,2017-03-02 17:21:35+00:00,3.39,3.39,0.52,281000000.0,3.3,150000000.0,498000000.0,498000000.0,,470000000.0,28000000.0,6903000000.0,8570000000.0,2000000.0,,81000000.0,466000000.0,6903000000.0,1667000000.0,193000000.0,828000000.0,839000000.0,-193000000.0,646000000.0,8570000000.0,138600000.0,138508000.0,142430000.0
Ball Corp,BLL,0BGI85ALH27ZJP15DY16,9389,2014.0,Q4,2014-10-01,2014-12-31,,0.55,0.55,0.13,71300000.0,0.55,10400000.0,88400000.0,88400000.0,,76000000.0,12400000.0,1636400000.0,2032400000.0,100000.0,,63200000.0,123800000.0,1636400000.0,396000000.0,39000000.0,258300000.0,137700000.0,-39000000.0,98700000.0,2032400000.0,138600000.0,138508000.0,142430000.0
Ball Corp,BLL,0BGI85ALH27ZJP15DY16,9389,2014.0,Q3,2014-07-01,2014-09-30,2015-10-30 16:14:02+00:00,1.07,1.07,0.13,71300000.0,1.04,39800000.0,148400000.0,148400000.0,,147400000.0,1000000.0,1807300000.0,2238900000.0,300000.0,,9200000.0,123100000.0,1807300000.0,431600000.0,40100000.0,203600000.0,228000000.0,-40100000.0,187900000.0,2238900000.0,137800000.0,138010000.0,142090000.0
Ball Corp,BLL,0BGI85ALH27ZJP15DY16,9389,2014.0,Q3YTD,2014-01-01,2014-09-30,,2.85,2.85,0.4,209700000.0,2.85,139600000.0,409600000.0,409600000.0,,394000000.0,15600000.0,5266600000.0,6537600000.0,1900000.0,,17800000.0,342200000.0,5266600000.0,1271000000.0,154000000.0,569700000.0,701300000.0,-154000000.0,547300000.0,6537600000.0,137800000.0,138010000.0,142090000.0
Ball Corp,BLL,0BGI85ALH27ZJP15DY16,9389,2014.0,Q3TTM,2013-10-01,2014-09-30,,3.76,3.76,0.53,286000000.0,3.76,196200000.0,544200000.0,544200000.0,,518500000.0,25700000.0,6852700000.0,8534400000.0,1600000.0,,7500000.0,449600000.0,6852700000.0,1681700000.0,199800000.0,743100000.0,938600000.0,-199800000.0,738800000.0,8534400000.0,137800000.0,138010000.0,142090000.0
Ball Corp,BLL,0BGI85ALH27ZJP15DY16,9389,2014.0,Q2YTD,2014-01-01,2014-06-30,,1.77,1.77,0.26,138400000.0,1.77,99800000.0,261200000.0,261200000.0,,246600000.0,14600000.0,3459300000.0,4298700000.0,1600000.0,,8600000.0,219100000.0,3459300000.0,839400000.0,113900000.0,366100000.0,473300000.0,-113900000.0,359400000.0,4298700000.0,139200000.0,139012000.0,142860000.0
Ball Corp,BLL,0BGI85ALH27ZJP15DY16,9389,2014.0,Q2TTM,2013-07-01,2014-06-30,,3.5,3.5,0.53,291300000.0,3.5,200500000.0,517700000.0,517400000.0,300000.0,486300000.0,31400000.0,6892300000.0,8573400000.0,2200000.0,,42100000.0,425500000.0,6892300000.0,1681100000.0,206500000.0,758900000.0,922200000.0,-206500000.0,715700000.0,8573400000.0,139200000.0,139012000.0,142860000.0
Ball Corp,BLL,0BGI85ALH27ZJP15DY16,9389,2014.0,Q2,2014-04-01,2014-06-30,2015-07-31 16:40:59+00:00,1.1,1.1,0.13,69600000.0,1.07,60200000.0,156300000.0,156300000.0,,153100000.0,3200000.0,1846400000.0,2291900000.0,1200000.0,,8600000.0,111400000.0,1846400000.0,445500000.0,40600000.0,189600000.0,255900000.0,-40600000.0,215300000.0,2291900000.0,139200000.0,139012000.0,142860000.0
Ball Corp,BLL,0BGI85ALH27ZJP15DY16,9389,2014.0,Q1,2014-01-01,2014-03-31,2015-05-08 17:23:23+00:00,0.67,0.67,0.13,68800000.0,0.65,39600000.0,104900000.0,104900000.0,,93500000.0,11400000.0,1612900000.0,2006800000.0,400000.0,,,107700000.0,1612900000.0,393900000.0,73300000.0,176500000.0,217400000.0,-73300000.0,144100000.0,2006800000.0,139600000.0,140405000.0,144058000.0
Ball Corp,BLL,0BGI85ALH27ZJP15DY16,9389,2014.0,Q1TTM,2013-04-01,2014-03-31,,2.98,2.98,0.52,296200000.0,2.91,171100000.0,460500000.0,460200000.0,300000.0,428300000.0,32200000.0,6844800000.0,8483900000.0,1800000.0,,56100000.0,417000000.0,6844800000.0,1639100000.0,240300000.0,769300000.0,869800000.0,-240300000.0,629500000.0,8483900000.0,139600000.0,140405000.0,144058000.0
Ball Corp,BLL,0BGI85ALH27ZJP15DY16,9389,2015.0,FY,2015-01-01,2015-12-31,2018-02-28 21:58:22+00:00,1.02,1.02,0.26,286000000.0,1.0,47000000.0,303000000.0,303000000.0,,281000000.0,22000000.0,6460000000.0,7997000000.0,4000000.0,,195000000.0,450000000.0,6460000000.0,1537000000.0,260000000.0,931000000.0,606000000.0,-260000000.0,346000000.0,7997000000.0,275500000.0,274600000.0,281968000.0
Ball Corp,BLL,0BGI85ALH27ZJP15DY16,9389,2015.0,Q4,2015-10-01,2015-12-31,,0.2,0.2,0.07,75000000.0,0.2,-2000000.0,65000000.0,65000000.0,,55000000.0,10000000.0,1434000000.0,1805000000.0,,,57000000.0,109000000.0,1434000000.0,371000000.0,67000000.0,241000000.0,130000000.0,-67000000.0,63000000.0,1805000000.0,275500000.0,274600000.0,281968000.0
Ball Corp,BLL,0BGI85ALH27ZJP15DY16,9389,2015.0,Q3,2015-07-01,2015-09-30,2016-11-08 16:39:21+00:00,0.32,0.32,0.13,72000000.0,0.32,-31000000.0,50000000.0,50000000.0,,45000000.0,5000000.0,1690000000.0,2097000000.0,2000000.0,,152000000.0,107000000.0,1690000000.0,407000000.0,59000000.0,331000000.0,76000000.0,-59000000.0,17000000.0,2097000000.0,140600000.0,137337000.0,140858000.0
Ball Corp,BLL,0BGI85ALH27ZJP15DY16,9389,2015.0,Q3YTD,2015-01-01,2015-09-30,,1.65,1.65,0.39,211000000.0,1.65,49000000.0,238000000.0,238000000.0,,226000000.0,12000000.0,5026000000.0,6192000000.0,4000000.0,,138000000.0,341000000.0,5026000000.0,1166000000.0,193000000.0,690000000.0,476000000.0,-193000000.0,283000000.0,6192000000.0,140600000.0,137337000.0,140858000.0
Ball Corp,BLL,0BGI85ALH27ZJP15DY16,9389,2015.0,Q3TTM,2014-10-01,2015-09-30,,2.2,2.2,0.53,282300000.0,2.2,59400000.0,326400000.0,326400000.0,,302000000.0,24400000.0,6662400000.0,8224400000.0,4100000.0,,201200000.0,464800000.0,6662400000.0,1562000000.0,232000000.0,948300000.0,613700000.0,-232000000.0,381700000.0,8224400000.0,140600000.0,137337000.0,140858000.0
Ball Corp,BLL,0BGI85ALH27ZJP15DY16,9389,2015.0,Q2,2015-04-01,2015-06-30,2016-08-11 19:41:28+00:00,1.16,1.16,0.13,71000000.0,1.13,79000000.0,160000000.0,160000000.0,,160000000.0,,1775000000.0,2172000000.0,1000000.0,,-66000000.0,118000000.0,1775000000.0,397000000.0,36000000.0,123000000.0,274000000.0,-36000000.0,238000000.0,2172000000.0,137900000.0,137801000.0,141540000.0
Ball Corp,BLL,0BGI85ALH27ZJP15DY16,9389,2015.0,Q2YTD,2015-01-01,2015-06-30,,1.31,1.31,0.26,139000000.0,1.31,80000000.0,188000000.0,188000000.0,,181000000.0,7000000.0,3336000000.0,4095000000.0,2000000.0,,-14000000.0,234000000.0,3336000000.0,759000000.0,134000000.0,359000000.0,400000000.0,-134000000.0,266000000.0,4095000000.0,137900000.0,137801000.0,141540000.0
Ball Corp,BLL,0BGI85ALH27ZJP15DY16,9389,2015.0,Q2TTM,2014-07-01,2015-06-30,,2.93,2.93,0.52,281600000.0,2.93,130200000.0,424800000.0,424800000.0,,404400000.0,20400000.0,6779700000.0,8366300000.0,2400000.0,,58400000.0,480900000.0,6779700000.0,1586600000.0,213100000.0,820900000.0,765700000.0,-213100000.0,552600000.0,8366300000.0,137900000.0,137801000.0,141540000.0
Ball Corp,BLL,0BGI85ALH27ZJP15DY16,9389,2015.0,Q1,2015-01-01,2015-03-31,2016-04-29 15:42:54+00:00,0.15,0.15,0.13,68000000.0,0.15,1000000.0,28000000.0,28000000.0,,21000000.0,7000000.0,1561000000.0,1923000000.0,1000000.0,,52000000.0,116000000.0,1561000000.0,362000000.0,98000000.0,236000000.0,126000000.0,-98000000.0,28000000.0,1923000000.0,140000000.0,137086000.0,141076000.0
Ball Corp,BLL,0BGI85ALH27ZJP15DY16,9389,2015.0,Q1TTM,2014-04-01,2015-03-31,,2.9,2.9,0.53,280200000.0,2.9,111400000.0,421100000.0,421100000.0,,397500000.0,23600000.0,6851100000.0,8486200000.0,2600000.0,,133000000.0,474300000.0,6851100000.0,1635100000.0,217700000.0,887500000.0,747600000.0,-217700000.0,529900000.0,8486200000.0,140000000.0,137086000.0,141076000.0
Ball Corp,BLL,0BGI85ALH27ZJP15DY16,9389,2016.0,FY,2016-01-01,2016-12-31,2019-02-22 15:17:23+00:00,0.83,0.83,,453000000.0,0.81,-126000000.0,266000000.0,266000000.0,,263000000.0,3000000.0,7296000000.0,9061000000.0,15000000.0,,337000000.0,512000000.0,7296000000.0,1765000000.0,338000000.0,1302000000.0,463000000.0,-338000000.0,125000000.0,9061000000.0,316900000.0,316542000.0,322884000.0
Ball Corp,BLL,0BGI85ALH27ZJP15DY16,9389,2016.0,Q4,2016-10-01,2016-12-31,,0.16,0.16,0.07,153000000.0,0.16,48000000.0,52000000.0,52000000.0,,52000000.0,,2009000000.0,2523000000.0,8000000.0,,35000000.0,164000000.0,2009000000.0,514000000.0,70000000.0,352000000.0,162000000.0,-70000000.0,92000000.0,2523000000.0,316900000.0,316542000.0,322884000.0
Ball Corp,BLL,0BGI85ALH27ZJP15DY16,9389,2016.0,Q3,2016-07-01,2016-09-30,2017-11-06 15:50:58+00:00,0.09,0.09,0.065,147000000.0,0.09,23000000.0,34000000.0,34000000.0,,31000000.0,3000000.0,2275000000.0,2752000000.0,7000000.0,,63000000.0,135000000.0,2275000000.0,477000000.0,82000000.0,345000000.0,132000000.0,-82000000.0,50000000.0,2752000000.0,344400000.0,349128000.0,355404000.0
Ball Corp,BLL,0BGI85ALH27ZJP15DY16,9389,2016.0,Q3YTD,2016-01-01,2016-09-30,,0.6,0.6,0.17,300000000.0,0.6,-174000000.0,214000000.0,214000000.0,,211000000.0,3000000.0,5287000000.0,6538000000.0,7000000.0,,302000000.0,348000000.0,5287000000.0,1251000000.0,268000000.0,950000000.0,301000000.0,-268000000.0,33000000.0,6538000000.0,344400000.0,349128000.0,355404000.0
Ball Corp,BLL,0BGI85ALH27ZJP15DY16,9389,2016.0,Q3TTM,2015-10-01,2016-09-30,,0.76,0.76,0.22,375000000.0,0.76,-176000000.0,279000000.0,279000000.0,,266000000.0,13000000.0,6721000000.0,8343000000.0,7000000.0,,359000000.0,457000000.0,6721000000.0,1622000000.0,335000000.0,1191000000.0,431000000.0,-335000000.0,96000000.0,8343000000.0,344400000.0,349128000.0,355404000.0
Ball Corp,BLL,0BGI85ALH27ZJP15DY16,9389,2016.0,Q2,2016-04-01,2016-06-30,2017-08-09 16:29:37+00:00,1.19,1.08,0.065,78000000.0,1.06,-114000000.0,307000000.0,307000000.0,,307000000.0,,1596000000.0,2030000000.0,1000000.0,,-28000000.0,105000000.0,1596000000.0,434000000.0,87000000.0,155000000.0,279000000.0,-87000000.0,192000000.0,2030000000.0,258000000.0,284076000.0,290454000.0
Ball Corp,BLL,0BGI85ALH27ZJP15DY16,9389,2016.0,Q2YTD,2016-01-01,2016-06-30,,0.63,0.63,0.13,153000000.0,0.63,-197000000.0,180000000.0,180000000.0,,180000000.0,,3012000000.0,3786000000.0,,,239000000.0,213000000.0,3012000000.0,774000000.0,186000000.0,605000000.0,169000000.0,-186000000.0,-17000000.0,3786000000.0,258000000.0,284076000.0,290454000.0
Ball Corp,BLL,0BGI85ALH27ZJP15DY16,9389,2016.0,Q2TTM,2015-07-01,2016-06-30,,0.99,0.99,0.26,300000000.0,0.99,-230000000.0,295000000.0,295000000.0,,280000000.0,15000000.0,6136000000.0,7688000000.0,2000000.0,,448000000.0,429000000.0,6136000000.0,1552000000.0,312000000.0,1177000000.0,375000000.0,-312000000.0,63000000.0,7688000000.0,258000000.0,284076000.0,290454000.0
Ball Corp,BLL,0BGI85ALH27ZJP15DY16,9389,2016.0,Q1,2016-01-01,2016-03-31,2017-05-05 18:43:18+00:00,-0.9,-0.9,0.13,75000000.0,-0.9,-83000000.0,-127000000.0,-127000000.0,,-127000000.0,,1416000000.0,1756000000.0,-1000000.0,,267000000.0,108000000.0,1416000000.0,340000000.0,99000000.0,450000000.0,-110000000.0,-99000000.0,-209000000.0,1756000000.0,141100000.0,141793000.0,141793000.0
Ball Corp,BLL,0BGI85ALH27ZJP15DY16,9389,2016.0,Q1TTM,2015-04-01,2016-03-31,,0.94,0.94,0.51,293000000.0,0.94,-37000000.0,148000000.0,148000000.0,,133000000.0,15000000.0,6315000000.0,7830000000.0,2000000.0,,410000000.0,442000000.0,6315000000.0,1515000000.0,261000000.0,1145000000.0,370000000.0,-261000000.0,109000000.0,7830000000.0,141100000.0,141793000.0,141793000.0
Ball Corp,BLL,0BGI85ALH27ZJP15DY16,9389,2017.0,FY,2017-01-01,2017-12-31,2020-02-19 17:20:47+00:00,1.07,1.07,0.365,729000000.0,1.05,165000000.0,380000000.0,380000000.0,,374000000.0,6000000.0,8717000000.0,10983000000.0,31000000.0,,221000000.0,514000000.0,8717000000.0,2266000000.0,288000000.0,1464000000.0,802000000.0,-288000000.0,514000000.0,10983000000.0,349500000.0,350269000.0,356985000.0
Ball Corp,BLL,0BGI85ALH27ZJP15DY16,9389,2017.0,Q4,2017-10-01,2017-12-31,,0.45,0.45,0.1,190000000.0,0.45,117000000.0,159000000.0,159000000.0,,159000000.0,,2134000000.0,2747000000.0,8000000.0,,-32000000.0,116000000.0,2134000000.0,613000000.0,71000000.0,274000000.0,339000000.0,-71000000.0,268000000.0,2747000000.0,349500000.0,350269000.0,356985000.0
Ball Corp,BLL,0BGI85ALH27ZJP15DY16,9389,2017.0,Q3,2017-07-01,2017-09-30,2018-11-02 13:08:47+00:00,0.14,0.14,0.1,162000000.0,0.13,4000000.0,51000000.0,51000000.0,,48000000.0,3000000.0,2338000000.0,2908000000.0,5000000.0,,157000000.0,127000000.0,2338000000.0,570000000.0,74000000.0,446000000.0,124000000.0,-74000000.0,50000000.0,2908000000.0,342900000.0,350327000.0,358556000.0
Ball Corp,BLL,0BGI85ALH27ZJP15DY16,9389,2017.0,Q3YTD,2017-01-01,2017-09-30,,0.61,0.61,0.27,539000000.0,0.61,48000000.0,221000000.0,221000000.0,,215000000.0,6000000.0,6583000000.0,8236000000.0,23000000.0,,253000000.0,398000000.0,6583000000.0,1653000000.0,217000000.0,1190000000.0,463000000.0,-217000000.0,246000000.0,8236000000.0,342900000.0,350327000.0,358556000.0
Ball Corp,BLL,0BGI85ALH27ZJP15DY16,9389,2017.0,Q3TTM,2016-10-01,2017-09-30,,0.76,0.76,0.33,692000000.0,0.76,96000000.0,273000000.0,273000000.0,,267000000.0,6000000.0,8592000000.0,10759000000.0,31000000.0,,288000000.0,562000000.0,8592000000.0,2167000000.0,287000000.0,1542000000.0,625000000.0,-287000000.0,338000000.0,10759000000.0,342900000.0,350327000.0,358556000.0
Ball Corp,BLL,0BGI85ALH27ZJP15DY16,9389,2017.0,Q2,2017-04-01,2017-06-30,2018-08-03 15:26:53+00:00,0.28,0.28,0.1,229000000.0,0.28,22000000.0,100000000.0,100000000.0,,99000000.0,1000000.0,2270000000.0,2855000000.0,10000000.0,,41000000.0,128000000.0,2270000000.0,585000000.0,75000000.0,398000000.0,187000000.0,-75000000.0,112000000.0,2855000000.0,353600000.0,351066000.0,358979000.0
Ball Corp,BLL,0BGI85ALH27ZJP15DY16,9389,2017.0,Q2YTD,2017-01-01,2017-06-30,,0.48,0.48,0.17,377000000.0,0.48,44000000.0,170000000.0,170000000.0,,167000000.0,3000000.0,4245000000.0,5328000000.0,18000000.0,,96000000.0,271000000.0,4245000000.0,1083000000.0,143000000.0,744000000.0,339000000.0,-143000000.0,196000000.0,5328000000.0,353600000.0,351066000.0,358979000.0
Ball Corp,BLL,0BGI85ALH27ZJP15DY16,9389,2017.0,Q2TTM,2016-07-01,2017-06-30,,0.71,0.71,0.3,677000000.0,0.71,115000000.0,256000000.0,256000000.0,,250000000.0,6000000.0,8529000000.0,10603000000.0,33000000.0,,194000000.0,570000000.0,8529000000.0,2074000000.0,295000000.0,1441000000.0,633000000.0,-295000000.0,338000000.0,10603000000.0,353600000.0,351066000.0,358979000.0
Ball Corp,BLL,0BGI85ALH27ZJP15DY16,9389,2017.0,Q1,2017-01-01,2017-03-31,2018-05-04 16:00:07+00:00,0.19,0.19,0.065,148000000.0,0.19,22000000.0,70000000.0,70000000.0,,68000000.0,2000000.0,1975000000.0,2473000000.0,8000000.0,,55000000.0,143000000.0,1975000000.0,498000000.0,68000000.0,346000000.0,152000000.0,-68000000.0,84000000.0,2473000000.0,357900000.0,350048000.0,357934000.0
Ball Corp,BLL,0BGI85ALH27ZJP15DY16,9389,2017.0,Q1TTM,2016-04-01,2017-03-31,,1.31,1.31,0.25,526000000.0,1.31,-21000000.0,463000000.0,463000000.0,,458000000.0,5000000.0,7855000000.0,9778000000.0,24000000.0,,125000000.0,547000000.0,7855000000.0,1923000000.0,307000000.0,1198000000.0,725000000.0,-307000000.0,418000000.0,9778000000.0,357900000.0,350048000.0,357934000.0
Ball Corp,BLL,0BGI85ALH27ZJP15DY16,9389,2018.0,FY,2018-01-01,2018-12-31,2020-02-19 17:20:47+00:00,1.32,1.32,0.4,702000000.0,1.29,185000000.0,453000000.0,453000000.0,,454000000.0,-1000000.0,9329000000.0,11635000000.0,5000000.0,,191000000.0,478000000.0,9329000000.0,2306000000.0,302000000.0,1371000000.0,935000000.0,-302000000.0,633000000.0,11635000000.0,343900000.0,344796000.0,352321000.0
Ball Corp,BLL,0BGI85ALH27ZJP15DY16,9389,2018.0,Q4,2018-10-01,2018-12-31,,0.44,0.44,0.1,173000000.0,0.44,-35000000.0,149000000.0,149000000.0,,151000000.0,-2000000.0,2246000000.0,2803000000.0,-9000000.0,,60000000.0,126000000.0,2246000000.0,557000000.0,75000000.0,359000000.0,198000000.0,-75000000.0,123000000.0,2803000000.0,343900000.0,344796000.0,352321000.0
Ball Corp,BLL,0BGI85ALH27ZJP15DY16,9389,2018.0,Q3,2018-07-01,2018-09-30,2019-11-01 13:56:54+00:00,0.17,0.17,0.1,171000000.0,0.17,140000000.0,59000000.0,59000000.0,,59000000.0,0.0,2362000000.0,2946000000.0,7000000.0,,32000000.0,113000000.0,2362000000.0,584000000.0,76000000.0,316000000.0,268000000.0,-76000000.0,192000000.0,2946000000.0,347100000.0,342982000.0,349709000.0
Ball Corp,BLL,0BGI85ALH27ZJP15DY16,9389,2018.0,Q3YTD,2018-01-01,2018-09-30,,0.88,0.88,0.3,529000000.0,0.88,220000000.0,304000000.0,304000000.0,,303000000.0,1000000.0,7083000000.0,8832000000.0,14000000.0,,131000000.0,352000000.0,7083000000.0,1749000000.0,227000000.0,1012000000.0,737000000.0,-227000000.0,510000000.0,8832000000.0,347100000.0,342982000.0,349709000.0
Ball Corp,BLL,0BGI85ALH27ZJP15DY16,9389,2018.0,Q3TTM,2017-10-01,2018-09-30,,1.35,1.35,0.41,719000000.0,1.35,337000000.0,463000000.0,463000000.0,,462000000.0,1000000.0,9217000000.0,11579000000.0,22000000.0,,99000000.0,468000000.0,9217000000.0,2362000000.0,298000000.0,1286000000.0,1076000000.0,-298000000.0,778000000.0,11579000000.0,347100000.0,342982000.0,349709000.0
Ball Corp,BLL,0BGI85ALH27ZJP15DY16,9389,2018.0,Q2,2018-04-01,2018-06-30,2019-08-02 13:41:02+00:00,0.34,0.34,0.1,178000000.0,0.34,46000000.0,120000000.0,120000000.0,,119000000.0,1000000.0,2484000000.0,3101000000.0,,,69000000.0,127000000.0,2484000000.0,617000000.0,77000000.0,374000000.0,243000000.0,-77000000.0,166000000.0,3101000000.0,350000000.0,348221000.0,354904000.0
Ball Corp,BLL,0BGI85ALH27ZJP15DY16,9389,2018.0,Q2YTD,2018-01-01,2018-06-30,,0.7,0.7,0.2,358000000.0,0.7,80000000.0,245000000.0,245000000.0,,244000000.0,1000000.0,4721000000.0,5886000000.0,7000000.0,,99000000.0,239000000.0,4721000000.0,1165000000.0,151000000.0,696000000.0,469000000.0,-151000000.0,318000000.0,5886000000.0,350000000.0,348221000.0,354904000.0
Ball Corp,BLL,0BGI85ALH27ZJP15DY16,9389,2018.0,Q2TTM,2017-07-01,2018-06-30,,1.3,1.3,0.4,710000000.0,1.3,201000000.0,455000000.0,455000000.0,,451000000.0,4000000.0,9193000000.0,11541000000.0,20000000.0,,224000000.0,482000000.0,9193000000.0,2348000000.0,296000000.0,1416000000.0,932000000.0,-296000000.0,636000000.0,11541000000.0,350000000.0,348221000.0,354904000.0
Ball Corp,BLL,0BGI85ALH27ZJP15DY16,9389,2018.0,Q1,2018-01-01,2018-03-31,2019-05-03 13:39:11+00:00,0.36,0.36,0.1,180000000.0,0.35,34000000.0,125000000.0,125000000.0,,125000000.0,0.0,2237000000.0,2785000000.0,7000000.0,,30000000.0,112000000.0,2237000000.0,548000000.0,74000000.0,322000000.0,226000000.0,-74000000.0,152000000.0,2785000000.0,347200000.0,350215000.0,357552000.0
Ball Corp,BLL,0BGI85ALH27ZJP15DY16,9389,2018.0,Q1TTM,2017-04-01,2018-03-31,,1.23,1.23,0.4,761000000.0,1.23,177000000.0,435000000.0,435000000.0,,431000000.0,4000000.0,8979000000.0,11295000000.0,30000000.0,,196000000.0,483000000.0,8979000000.0,2316000000.0,294000000.0,1440000000.0,876000000.0,-294000000.0,582000000.0,11295000000.0,347200000.0,350215000.0,357552000.0
Ball Corp,BLL,0BGI85ALH27ZJP15DY16,9389,2019.0,Q4,2019-10-01,2019-12-31,,0.49,0.49,0.15,168000000.0,0.47,-2000000.0,130000000.0,130000000.0,,160000000.0,-30000000.0,2159000000.0,2719000000.0,5000000.0,,97000000.0,89000000.0,2159000000.0,560000000.0,83000000.0,354000000.0,206000000.0,-83000000.0,123000000.0,2719000000.0,331000000.0,331102000.0,340121000.0
Ball Corp,BLL,0BGI85ALH27ZJP15DY16,9389,2019.0,FY,2019-01-01,2019-12-31,2020-02-19 17:20:47+00:00,1.71,1.71,0.55,678000000.0,1.66,71000000.0,536000000.0,536000000.0,,566000000.0,-30000000.0,9203000000.0,11474000000.0,-1000000.0,,244000000.0,417000000.0,9203000000.0,2271000000.0,324000000.0,1339000000.0,932000000.0,-324000000.0,608000000.0,11474000000.0,331000000.0,331102000.0,340121000.0
Ball Corp,BLL,0BGI85ALH27ZJP15DY16,9389,2019.0,Q3YTD,2019-01-01,2019-09-30,,1.23,1.23,0.4,510000000.0,1.23,73000000.0,406000000.0,406000000.0,,406000000.0,,7044000000.0,8755000000.0,-6000000.0,,147000000.0,328000000.0,7044000000.0,1711000000.0,241000000.0,985000000.0,726000000.0,-241000000.0,485000000.0,8755000000.0,328600000.0,331148000.0,340632000.0
Ball Corp,BLL,0BGI85ALH27ZJP15DY16,9389,2019.0,Q3TTM,2018-10-01,2019-09-30,,1.68,1.68,0.5,683000000.0,1.68,38000000.0,555000000.0,555000000.0,,557000000.0,-2000000.0,9290000000.0,11558000000.0,-15000000.0,,207000000.0,454000000.0,9290000000.0,2268000000.0,316000000.0,1344000000.0,924000000.0,-316000000.0,608000000.0,11558000000.0,328600000.0,331148000.0,340632000.0
Ball Corp,BLL,0BGI85ALH27ZJP15DY16,9389,2019.0,Q3,2019-07-01,2019-09-30,2019-11-01 13:56:54+00:00,0.28,0.28,0.15,169000000.0,0.27,32000000.0,92000000.0,92000000.0,,92000000.0,0.0,2363000000.0,2953000000.0,5000000.0,,133000000.0,90000000.0,2363000000.0,590000000.0,79000000.0,392000000.0,198000000.0,-79000000.0,119000000.0,2953000000.0,328600000.0,331148000.0,340632000.0
Ball Corp,BLL,0BGI85ALH27ZJP15DY16,9389,2019.0,Q2YTD,2019-01-01,2019-06-30,,0.94,0.94,0.25,341000000.0,0.94,41000000.0,314000000.0,314000000.0,,314000000.0,,4681000000.0,5802000000.0,-11000000.0,,14000000.0,238000000.0,4681000000.0,1121000000.0,162000000.0,593000000.0,528000000.0,-162000000.0,366000000.0,5802000000.0,333900000.0,332825000.0,341637000.0
Ball Corp,BLL,0BGI85ALH27ZJP15DY16,9389,2019.0,Q2TTM,2018-07-01,2019-06-30,,1.57,1.57,0.45,685000000.0,1.57,146000000.0,522000000.0,522000000.0,,524000000.0,-2000000.0,9289000000.0,11551000000.0,-13000000.0,,106000000.0,477000000.0,9289000000.0,2262000000.0,313000000.0,1268000000.0,994000000.0,-313000000.0,681000000.0,11551000000.0,333900000.0,332825000.0,341637000.0
Ball Corp,BLL,0BGI85ALH27ZJP15DY16,9389,2019.0,Q2,2019-04-01,2019-06-30,2019-08-02 13:41:02+00:00,0.59,0.59,0.15,171000000.0,0.58,31000000.0,197000000.0,197000000.0,,197000000.0,0.0,2428000000.0,3017000000.0,2000000.0,,,111000000.0,2428000000.0,589000000.0,81000000.0,282000000.0,307000000.0,-81000000.0,226000000.0,3017000000.0,333900000.0,332825000.0,341637000.0
Ball Corp,BLL,0BGI85ALH27ZJP15DY16,9389,2019.0,Q1,2019-01-01,2019-03-31,2020-05-08 15:43:33+00:00,0.35,0.35,0.1,170000000.0,0.34,10000000.0,117000000.0,117000000.0,,117000000.0,0.0,2253000000.0,2785000000.0,-13000000.0,,14000000.0,127000000.0,2253000000.0,532000000.0,81000000.0,311000000.0,221000000.0,-81000000.0,140000000.0,2785000000.0,334300000.0,334239000.0,342676000.0
Ball Corp,BLL,0BGI85ALH27ZJP15DY16,9389,2019.0,Q1TTM,2018-04-01,2019-03-31,,1.33,1.33,0.41,692000000.0,1.33,161000000.0,445000000.0,445000000.0,,446000000.0,-1000000.0,9345000000.0,11635000000.0,-15000000.0,,175000000.0,493000000.0,9345000000.0,2290000000.0,309000000.0,1360000000.0,930000000.0,-309000000.0,621000000.0,11635000000.0,334300000.0,334239000.0,342676000.0
Ball Corp,BLL,0BGI85ALH27ZJP15DY16,9389,2020.0,Q1TTM,2019-04-01,2020-03-31,,1.45,1.45,0.61,677000000.0,1.45,57000000.0,442000000.0,442000000.0,,472000000.0,-30000000.0,9165000000.0,11474000000.0,-13000000.0,,345000000.0,421000000.0,9165000000.0,2309000000.0,354000000.0,1443000000.0,866000000.0,-354000000.0,512000000.0,11474000000.0,328600000.0,325346000.0,332326000.0
Ball Corp,BLL,0BGI85ALH27ZJP15DY16,9389,2020.0,Q1,2020-01-01,2020-03-31,2020-05-08 15:43:33+00:00,0.07,0.07,0.15,169000000.0,0.07,-4000000.0,23000000.0,23000000.0,,23000000.0,0.0,2215000000.0,2785000000.0,-25000000.0,,115000000.0,131000000.0,2215000000.0,570000000.0,111000000.0,415000000.0,155000000.0,-111000000.0,44000000.0,2785000000.0,328600000.0,325346000.0,332326000.0
