company_name,company_ticker,company_lei,company_cik,year,quarter,start_date,end_date,filing_date,basicdilutedeps,basiceps,cashdividendspershare,dilutedeps,impairmentexpense,incometaxexpense,netincome,netincomecontinuing,netincomediscontinued,netincometocommon,operatingcostofrevenue,operatingrevenue,othergains,otheroperatingexpenses,otherspecialcharges,restructuringcharge,sgaexpense,totalcostofrevenue,totalgrossprofit,totalinterestexpense,totalinterestincome,totaloperatingexpenses,totaloperatingincome,totalotherincome,totalpretaxincome,totalrevenue,weightedavebasicdilutedsharesos,weightedavebasicsharesos,weightedavedilutedsharesos
Cintas Corp,CTAS,,723254,2009.0,FY,2008-06-01,2009-05-31,2011-07-29 12:40:22+00:00,1.48,1.48,0.47,1.48,48888000.0,135236000.0,226357000.0,226357000.0,,226357000.0,2223814000.0,3774685000.0,,,,10209000.0,1082709000.0,2223814000.0,1550871000.0,50236000.0,2764000.0,1141806000.0,409065000.0,-47472000.0,361593000.0,3774685000.0,152900000.0,152900000.0,152900000.0
Cintas Corp,CTAS,,723254,2010.0,Q4,2010-03-01,2010-05-31,,-1.04,0.36,,0.36,,34220000.0,55478000.0,55478000.0,,55478000.0,523881000.0,909449000.0,,23529000.0,-23529000.0,-2880000.0,286930000.0,523881000.0,385568000.0,12420000.0,600000.0,284050000.0,101518000.0,-11820000.0,89698000.0,909449000.0,,154000000.0,154000000.0
Cintas Corp,CTAS,,723254,2010.0,FY,2009-06-01,2010-05-31,2012-07-30 15:55:40+00:00,,1.4,0.48,1.4,,128272000.0,215620000.0,215620000.0,,215620000.0,2049522000.0,3547339000.0,,23529000.0,,-2880000.0,1086359000.0,2049522000.0,1497817000.0,48612000.0,1695000.0,1107008000.0,390809000.0,-46917000.0,343892000.0,3547339000.0,,154000000.0,154000000.0
Cintas Corp,CTAS,,723254,2010.0,Q3YTD,2009-06-01,2010-02-28,,1.04,1.04,0.48,1.04,,94052000.0,160142000.0,160142000.0,,160142000.0,1525641000.0,2637890000.0,,,23529000.0,,799429000.0,1525641000.0,1112249000.0,36192000.0,1095000.0,822958000.0,289291000.0,-35097000.0,254194000.0,2637890000.0,153100000.0,153100000.0,153100000.0
Cintas Corp,CTAS,,723254,2010.0,Q3,2009-12-01,2010-02-28,2011-04-08 11:23:22+00:00,0.32,0.32,0.48,0.32,,23876000.0,48982000.0,48982000.0,,48982000.0,502205000.0,861812000.0,,,,,275596000.0,502205000.0,359607000.0,11575000.0,422000.0,275596000.0,84011000.0,-11153000.0,72858000.0,861812000.0,153100000.0,153100000.0,153100000.0
Cintas Corp,CTAS,,723254,2010.0,Q2YTD,2009-06-01,2009-11-30,,0.72,0.72,,0.72,,70176000.0,111160000.0,111160000.0,,111160000.0,1023436000.0,1776078000.0,,,23529000.0,,523833000.0,1023436000.0,752642000.0,24617000.0,673000.0,547362000.0,205280000.0,-23944000.0,181336000.0,1776078000.0,154500000.0,154500000.0,154500000.0
Cintas Corp,CTAS,,723254,2010.0,Q2,2009-09-01,2009-11-30,2011-01-07 13:48:24+00:00,0.37,0.37,,0.37,,36948000.0,57176000.0,57176000.0,,57176000.0,514662000.0,884509000.0,,,4052000.0,,259406000.0,514662000.0,369847000.0,12579000.0,314000.0,263458000.0,106389000.0,-12265000.0,94124000.0,884509000.0,154500000.0,154500000.0,154500000.0
Cintas Corp,CTAS,,723254,2010.0,Q1,2009-06-01,2009-08-31,2010-10-08 13:52:56+00:00,0.35,0.35,,0.35,,33228000.0,53984000.0,53984000.0,,53984000.0,508774000.0,891569000.0,,,19477000.0,,264427000.0,508774000.0,382795000.0,12038000.0,359000.0,283904000.0,98891000.0,-11679000.0,87212000.0,891569000.0,154200000.0,154200000.0,154200000.0
Cintas Corp,CTAS,,723254,2011.0,FY,2010-06-01,2011-05-31,2013-07-30 16:00:17+00:00,1.68,1.68,0.49,1.68,,145680000.0,246989000.0,246989000.0,,246989000.0,2201097000.0,3810384000.0,,,,,1168944000.0,2201097000.0,1609287000.0,49704000.0,2030000.0,1168944000.0,440343000.0,-47674000.0,392669000.0,3810384000.0,146586000.0,146586000.0,146586000.0
Cintas Corp,CTAS,,723254,2011.0,Q4,2011-03-01,2011-05-31,,0.9,0.49,,0.49,,46130000.0,70776000.0,70776000.0,,70776000.0,579040000.0,1012087000.0,,,,,304170000.0,579040000.0,433047000.0,12749000.0,778000.0,304170000.0,128877000.0,-11971000.0,116906000.0,1012087000.0,146586000.0,146586000.0,146586000.0
Cintas Corp,CTAS,,723254,2011.0,Q3YTD,2010-06-01,2011-02-28,,0.78,1.19,0.49,1.19,,99550000.0,176213000.0,176213000.0,,176213000.0,1622057000.0,2798297000.0,,,,,864774000.0,1622057000.0,1176240000.0,36955000.0,1252000.0,864774000.0,311466000.0,-35703000.0,275763000.0,2798297000.0,,144100000.0,144100000.0
Cintas Corp,CTAS,,723254,2011.0,Q3TTM,2010-03-01,2011-02-28,,-0.26,1.55,0.49,1.55,,133770000.0,231691000.0,231691000.0,,231691000.0,2145938000.0,3707746000.0,,23529000.0,-23529000.0,-2880000.0,1151704000.0,2145938000.0,1561808000.0,49375000.0,1852000.0,1148824000.0,412984000.0,-47523000.0,365461000.0,3707746000.0,,144100000.0,144100000.0
Cintas Corp,CTAS,,723254,2011.0,Q3,2010-12-01,2011-02-28,2012-04-09 10:00:53+00:00,,0.41,,0.41,,37566000.0,59070000.0,59070000.0,,59070000.0,545906000.0,937827000.0,,,,,283045000.0,545906000.0,391921000.0,12520000.0,280000.0,283045000.0,108876000.0,-12240000.0,96636000.0,937827000.0,,144100000.0,144100000.0
Cintas Corp,CTAS,,723254,2011.0,Q2YTD,2010-06-01,2010-11-30,,0.78,0.78,0.49,0.78,,61984000.0,117143000.0,117143000.0,,117143000.0,1076151000.0,1860470000.0,,,,,581729000.0,1076151000.0,784319000.0,24435000.0,972000.0,581729000.0,202590000.0,-23463000.0,179127000.0,1860470000.0,145511000.0,145511000.0,145511000.0
Cintas Corp,CTAS,,723254,2011.0,Q2TTM,2009-12-01,2010-11-30,,0.06,1.46,0.97,1.46,,120080000.0,221603000.0,221603000.0,,221603000.0,2102237000.0,3631731000.0,,23529000.0,-23529000.0,-2880000.0,1144255000.0,2102237000.0,1529494000.0,48430000.0,1994000.0,1141375000.0,388119000.0,-46436000.0,341683000.0,3631731000.0,145511000.0,145511000.0,145511000.0
Cintas Corp,CTAS,,723254,2011.0,Q2,2010-09-01,2010-11-30,2012-01-09 12:01:10+00:00,0.38,0.38,0.49,0.38,,34711000.0,55866000.0,55866000.0,,55866000.0,545918000.0,936566000.0,,,,,288304000.0,545918000.0,390648000.0,12161000.0,394000.0,288304000.0,102344000.0,-11767000.0,90577000.0,936566000.0,145511000.0,145511000.0,145511000.0
Cintas Corp,CTAS,,723254,2011.0,Q1TTM,2009-09-01,2010-08-31,,0.05,1.45,0.48,1.45,,122317000.0,222913000.0,222913000.0,,222913000.0,2070981000.0,3579674000.0,,23529000.0,-19477000.0,-2880000.0,1115357000.0,2070981000.0,1508693000.0,48848000.0,1914000.0,1116529000.0,392164000.0,-46934000.0,345230000.0,3579674000.0,152164000.0,152164000.0,152164000.0
Cintas Corp,CTAS,,723254,2011.0,Q1,2010-06-01,2010-08-31,2011-10-07 13:37:57+00:00,0.4,0.4,,0.4,,27273000.0,61277000.0,61277000.0,,61277000.0,530233000.0,923904000.0,,,,,293425000.0,530233000.0,393671000.0,12274000.0,578000.0,293425000.0,100246000.0,-11696000.0,88550000.0,923904000.0,152164000.0,152164000.0,152164000.0
Cintas Corp,CTAS,,723254,2012.0,Q4,2012-03-01,2012-05-31,,0.6,0.6,,0.6,,44675000.0,78614000.0,78614000.0,,78614000.0,609714000.0,1053582000.0,,,,,303036000.0,609714000.0,443868000.0,18344000.0,801000.0,303036000.0,140832000.0,-17543000.0,123289000.0,1053582000.0,129891000.0,129891000.0,129891000.0
Cintas Corp,CTAS,,723254,2012.0,FY,2011-06-01,2012-05-31,2014-07-30 14:07:22+00:00,2.27,2.27,0.54,2.27,0.0,173307000.0,297637000.0,297637000.0,,297637000.0,2363392000.0,4102000000.0,,,,0.0,1198981000.0,2363392000.0,1738608000.0,70625000.0,1942000.0,1198981000.0,539627000.0,-68683000.0,470944000.0,4102000000.0,129891000.0,129891000.0,129891000.0
Cintas Corp,CTAS,,723254,2012.0,Q3YTD,2011-06-01,2012-02-29,,1.67,1.67,0.54,1.67,,128632000.0,219023000.0,219023000.0,,219023000.0,1753678000.0,3048418000.0,,,,,895945000.0,1753678000.0,1294740000.0,52281000.0,1141000.0,895945000.0,398795000.0,-51140000.0,347655000.0,3048418000.0,129735000.0,129735000.0,129735000.0
Cintas Corp,CTAS,,723254,2012.0,Q3TTM,2011-03-01,2012-02-29,,2.57,2.16,0.54,2.16,,174762000.0,289799000.0,289799000.0,,289799000.0,2332718000.0,4060505000.0,,,,,1200115000.0,2332718000.0,1727787000.0,65030000.0,1919000.0,1200115000.0,527672000.0,-63111000.0,464561000.0,4060505000.0,129735000.0,129735000.0,129735000.0
Cintas Corp,CTAS,,723254,2012.0,Q3,2011-12-01,2012-02-29,2013-04-09 16:33:03+00:00,0.58,0.58,0.0,0.58,,44655000.0,76035000.0,76035000.0,,76035000.0,586209000.0,1012112000.0,,,,,288367000.0,586209000.0,425903000.0,17219000.0,373000.0,288367000.0,137536000.0,-16846000.0,120690000.0,1012112000.0,129735000.0,129735000.0,129735000.0
Cintas Corp,CTAS,,723254,2012.0,Q2YTD,2011-06-01,2011-11-30,,1.09,1.09,0.54,1.09,,83977000.0,142988000.0,142988000.0,,142988000.0,1167469000.0,2036306000.0,,,,,607578000.0,1167469000.0,868837000.0,35062000.0,768000.0,607578000.0,261259000.0,-34294000.0,226965000.0,2036306000.0,129727000.0,129727000.0,129727000.0
Cintas Corp,CTAS,,723254,2012.0,Q2TTM,2010-12-01,2011-11-30,,1.99,1.99,0.54,1.99,,167673000.0,272834000.0,272834000.0,,272834000.0,2292415000.0,3986220000.0,,,,,1194793000.0,2292415000.0,1693805000.0,60331000.0,1826000.0,1194793000.0,499012000.0,-58505000.0,440507000.0,3986220000.0,129727000.0,129727000.0,129727000.0
Cintas Corp,CTAS,,723254,2012.0,Q2,2011-09-01,2011-11-30,2013-01-09 15:19:52+00:00,0.57,0.57,0.54,0.57,,41010000.0,74350000.0,74350000.0,,74350000.0,589329000.0,1019126000.0,,,,,297112000.0,589329000.0,429797000.0,17728000.0,403000.0,297112000.0,132685000.0,-17325000.0,115360000.0,1019126000.0,129727000.0,129727000.0,129727000.0
Cintas Corp,CTAS,,723254,2012.0,Q1TTM,2010-09-01,2011-08-31,,1.8,1.8,0.49,1.8,,161374000.0,254350000.0,254350000.0,,254350000.0,2249004000.0,3903660000.0,,,,,1185985000.0,2249004000.0,1654656000.0,54764000.0,1817000.0,1185985000.0,468671000.0,-52947000.0,415724000.0,3903660000.0,131309000.0,131309000.0,131309000.0
Cintas Corp,CTAS,,723254,2012.0,Q1,2011-06-01,2011-08-31,2012-10-10 14:19:30+00:00,0.52,0.52,,0.52,,42967000.0,68638000.0,68638000.0,,68638000.0,578140000.0,1017180000.0,,,,,310466000.0,578140000.0,439040000.0,17334000.0,365000.0,310466000.0,128574000.0,-16969000.0,111605000.0,1017180000.0,131309000.0,131309000.0,131309000.0
Cintas Corp,CTAS,,723254,2013.0,FY,2012-06-01,2013-05-31,2015-07-30 16:42:08+00:00,2.53,2.53,0.64,2.52,0.0,184089000.0,315442000.0,316586000.0,-1144000.0,315442000.0,2492655000.0,4245964000.0,0.0,,,0.0,1187331000.0,2492655000.0,1753309000.0,65712000.0,409000.0,1187331000.0,565978000.0,-65303000.0,500675000.0,4245964000.0,123956000.0,123956000.0,123956000.0
Cintas Corp,CTAS,,723254,2013.0,Q4,2013-03-01,2013-05-31,,0.69,0.69,,0.69,,51050000.0,85977000.0,87121000.0,-1144000.0,85977000.0,625122000.0,1058579000.0,,,,,278819000.0,625122000.0,433457000.0,16518000.0,51000.0,278819000.0,154638000.0,-16467000.0,138171000.0,1058579000.0,123956000.0,123956000.0,123956000.0
Cintas Corp,CTAS,,723254,2013.0,Q3YTD,2012-06-01,2013-02-28,,1.84,1.84,0.64,1.83,,133039000.0,229465000.0,229465000.0,,229465000.0,1867533000.0,3187385000.0,,,,,908512000.0,1867533000.0,1319852000.0,49194000.0,358000.0,908512000.0,411340000.0,-48836000.0,362504000.0,3187385000.0,123120000.0,123120000.0,123120000.0
Cintas Corp,CTAS,,723254,2013.0,Q3TTM,2012-03-01,2013-02-28,,2.44,2.44,0.64,2.43,,177714000.0,308079000.0,308079000.0,,308079000.0,2477247000.0,4240967000.0,,,,,1211548000.0,2477247000.0,1763720000.0,67538000.0,1159000.0,1211548000.0,552172000.0,-66379000.0,485793000.0,4240967000.0,123120000.0,123120000.0,123120000.0
Cintas Corp,CTAS,,723254,2013.0,Q3,2012-12-01,2013-02-28,2014-04-09 16:33:37+00:00,0.6,0.6,0.0,0.6,,42148000.0,74705000.0,74705000.0,,74705000.0,633733000.0,1075674000.0,,,,,308918000.0,633733000.0,441941000.0,16302000.0,132000.0,308918000.0,133023000.0,-16170000.0,116853000.0,1075674000.0,123120000.0,123120000.0,123120000.0
Cintas Corp,CTAS,,723254,2013.0,Q2YTD,2012-06-01,2012-11-30,,1.24,1.24,0.64,1.23,,90891000.0,154760000.0,154760000.0,,154760000.0,1233800000.0,2111711000.0,,,,,599594000.0,1233800000.0,877911000.0,32892000.0,226000.0,599594000.0,278317000.0,-32666000.0,245651000.0,2111711000.0,124185000.0,124185000.0,124185000.0
Cintas Corp,CTAS,,723254,2013.0,Q2TTM,2011-12-01,2012-11-30,,2.42,2.42,0.64,2.41,,180221000.0,309409000.0,309409000.0,,309409000.0,2429723000.0,4177405000.0,,,,,1190997000.0,2429723000.0,1747682000.0,68455000.0,1400000.0,1190997000.0,556685000.0,-67055000.0,489630000.0,4177405000.0,124185000.0,124185000.0,124185000.0
Cintas Corp,CTAS,,723254,2013.0,Q2,2012-09-01,2012-11-30,2014-01-09 16:01:02+00:00,0.63,0.63,0.64,0.63,,44851000.0,78027000.0,78027000.0,,78027000.0,628350000.0,1060386000.0,,,,,293013000.0,628350000.0,432036000.0,16294000.0,149000.0,293013000.0,139023000.0,-16145000.0,122878000.0,1060386000.0,124185000.0,124185000.0,124185000.0
Cintas Corp,CTAS,,723254,2013.0,Q1TTM,2011-09-01,2012-08-31,,2.36,2.36,0.54,2.35,,176380000.0,305732000.0,305732000.0,,305732000.0,2390702000.0,4136145000.0,,,,,1195096000.0,2390702000.0,1745443000.0,69889000.0,1654000.0,1195096000.0,550347000.0,-68235000.0,482112000.0,4136145000.0,126110000.0,126110000.0,126110000.0
Cintas Corp,CTAS,,723254,2013.0,Q1,2012-06-01,2012-08-31,2013-10-10 14:47:34+00:00,0.61,0.61,,0.6,,46040000.0,76733000.0,76733000.0,,76733000.0,605450000.0,1051325000.0,,,,,306581000.0,605450000.0,445875000.0,16598000.0,77000.0,306581000.0,139294000.0,-16521000.0,122773000.0,1051325000.0,126110000.0,126110000.0,126110000.0
Cintas Corp,CTAS,,723254,2014.0,FY,2013-06-01,2014-05-31,2016-07-29 13:32:52+00:00,3.08,3.08,0.77,3.05,,199355000.0,374442000.0,337772000.0,36670000.0,374442000.0,2444085000.0,4193844000.0,,,,,1147039000.0,2444085000.0,1749759000.0,65822000.0,229000.0,1147039000.0,602720000.0,-65593000.0,537127000.0,4193844000.0,120377000.0,120377000.0,120377000.0
Cintas Corp,CTAS,,723254,2014.0,Q4,2014-03-01,2014-05-31,,1.04,1.04,,1.03,,53339000.0,127224000.0,91592000.0,35632000.0,127224000.0,501743000.0,858694000.0,,,,-2158000.0,197815000.0,501743000.0,356951000.0,16396000.0,33000.0,195657000.0,161294000.0,-16363000.0,144931000.0,858694000.0,120377000.0,120377000.0,120377000.0
Cintas Corp,CTAS,,723254,2014.0,Q3,2013-12-01,2014-02-28,2015-04-02 16:28:01+00:00,0.7,0.7,0.0,0.69,,48903000.0,84602000.0,84326000.0,276000.0,84602000.0,641339000.0,1110973000.0,0.0,,,2158000.0,317873000.0,641339000.0,469634000.0,16418000.0,44000.0,320031000.0,149603000.0,-16374000.0,133229000.0,1110973000.0,119913000.0,119913000.0,119913000.0
Cintas Corp,CTAS,,723254,2014.0,Q3YTD,2013-06-01,2014-02-28,,2.04,2.04,0.77,2.02,,146016000.0,247218000.0,246180000.0,1038000.0,247218000.0,1942342000.0,3335150000.0,,,,2158000.0,949224000.0,1942342000.0,1392808000.0,49426000.0,196000.0,951382000.0,441426000.0,-49230000.0,392196000.0,3335150000.0,119913000.0,119913000.0,119913000.0
Cintas Corp,CTAS,,723254,2014.0,Q3TTM,2013-03-01,2014-02-28,,2.73,2.73,0.77,2.71,,197066000.0,333195000.0,333301000.0,-106000.0,333195000.0,2567464000.0,4393729000.0,,,,2158000.0,1228043000.0,2567464000.0,1826265000.0,65944000.0,247000.0,1230201000.0,596064000.0,-65697000.0,530367000.0,4393729000.0,119913000.0,119913000.0,119913000.0
Cintas Corp,CTAS,,723254,2014.0,Q2YTD,2013-06-01,2013-11-30,,1.34,1.34,0.77,1.33,,97113000.0,162616000.0,161854000.0,762000.0,162616000.0,1301003000.0,2224177000.0,,,,,631351000.0,1301003000.0,923174000.0,33008000.0,152000.0,631351000.0,291823000.0,-32856000.0,258967000.0,2224177000.0,119907000.0,119907000.0,119907000.0
Cintas Corp,CTAS,,723254,2014.0,Q2TTM,2012-12-01,2013-11-30,,2.63,2.63,0.77,2.62,,190311000.0,323298000.0,323680000.0,-382000.0,323298000.0,2559858000.0,4358430000.0,,,,,1219088000.0,2559858000.0,1798572000.0,65828000.0,335000.0,1219088000.0,579484000.0,-65493000.0,513991000.0,4358430000.0,119907000.0,119907000.0,119907000.0
Cintas Corp,CTAS,,723254,2014.0,Q2,2013-09-01,2013-11-30,2015-01-09 17:09:03+00:00,0.71,0.71,0.77,0.7,,51354000.0,84862000.0,84456000.0,406000.0,84862000.0,656852000.0,1123931000.0,,,,,314868000.0,656852000.0,467079000.0,16485000.0,84000.0,314868000.0,152211000.0,-16401000.0,135810000.0,1123931000.0,119907000.0,119907000.0,119907000.0
Cintas Corp,CTAS,,723254,2014.0,Q1TTM,2012-09-01,2013-08-31,,2.55,2.55,0.64,2.55,,183808000.0,316463000.0,317251000.0,-788000.0,316463000.0,2531356000.0,4294885000.0,,,,,1197233000.0,2531356000.0,1763529000.0,65637000.0,400000.0,1197233000.0,566296000.0,-65237000.0,501059000.0,4294885000.0,122130000.0,122130000.0,122130000.0
Cintas Corp,CTAS,,723254,2014.0,Q1,2013-06-01,2013-08-31,2014-10-10 12:26:51+00:00,0.63,0.63,,0.63,,45759000.0,77754000.0,77398000.0,356000.0,77754000.0,644151000.0,1100246000.0,,,,,316483000.0,644151000.0,456095000.0,16523000.0,68000.0,316483000.0,139612000.0,-16455000.0,123157000.0,1100246000.0,122130000.0,122130000.0,122130000.0
Cintas Corp,CTAS,,723254,2015.0,FY,2014-06-01,2015-05-31,2017-07-31 16:54:23+00:00,3.68,3.68,1.7,3.63,,238003000.0,430618000.0,402553000.0,28065000.0,430618000.0,2476754000.0,4369677000.0,,,,0.0,1209284000.0,2476754000.0,1892923000.0,65161000.0,22078000.0,1209284000.0,683639000.0,-43083000.0,640556000.0,4369677000.0,115900000.0,115900000.0,115900000.0
Cintas Corp,CTAS,,723254,2015.0,Q4,2015-03-01,2015-05-31,,0.91,0.91,,0.9,,56111000.0,105215000.0,92616000.0,12599000.0,105215000.0,577128000.0,1035374000.0,,,,,293295000.0,577128000.0,458246000.0,16395000.0,171000.0,293295000.0,164951000.0,-16224000.0,148727000.0,1035374000.0,115900000.0,115900000.0,115900000.0
Cintas Corp,CTAS,,723254,2015.0,Q3,2014-12-01,2015-02-28,2016-04-08 16:35:06+00:00,0.81,0.81,0.0,0.8,,57128000.0,94883000.0,100331000.0,-5448000.0,94883000.0,633540000.0,1108847000.0,,,,,301690000.0,633540000.0,475307000.0,16254000.0,96000.0,301690000.0,173617000.0,-16158000.0,157459000.0,1108847000.0,116178000.0,116178000.0,116178000.0
Cintas Corp,CTAS,,723254,2015.0,Q3YTD,2014-06-01,2015-02-28,,2.77,2.77,1.7,2.73,,181892000.0,325403000.0,309937000.0,15466000.0,325403000.0,1899626000.0,3334303000.0,,,,,915989000.0,1899626000.0,1434677000.0,48766000.0,21907000.0,915989000.0,518688000.0,-26859000.0,491829000.0,3334303000.0,116178000.0,116178000.0,116178000.0
Cintas Corp,CTAS,,723254,2015.0,Q3TTM,2014-03-01,2015-02-28,,3.81,3.81,1.7,3.76,,235231000.0,452627000.0,401529000.0,51098000.0,452627000.0,2401369000.0,4192997000.0,,,,-2158000.0,1113804000.0,2401369000.0,1791628000.0,65162000.0,21940000.0,1111646000.0,679982000.0,-43222000.0,636760000.0,4192997000.0,116178000.0,116178000.0,116178000.0
Cintas Corp,CTAS,,723254,2015.0,Q2,2014-09-01,2014-11-30,2016-01-08 16:37:38+00:00,1.02,1.02,1.7,1.0,,61972000.0,120412000.0,103701000.0,16711000.0,120412000.0,641955000.0,1123379000.0,,,,,299841000.0,641955000.0,481424000.0,15929000.0,19000.0,299841000.0,181583000.0,-15910000.0,165673000.0,1123379000.0,117115000.0,117115000.0,117115000.0
Cintas Corp,CTAS,,723254,2015.0,Q2YTD,2014-06-01,2014-11-30,,1.96,1.96,1.7,1.93,,124764000.0,230520000.0,209606000.0,20914000.0,230520000.0,1266086000.0,2225456000.0,,,,,614299000.0,1266086000.0,959370000.0,32512000.0,21811000.0,614299000.0,345071000.0,-10701000.0,334370000.0,2225456000.0,117115000.0,117115000.0,117115000.0
Cintas Corp,CTAS,,723254,2015.0,Q2TTM,2013-12-01,2014-11-30,,3.7,3.7,1.7,3.65,,227006000.0,442346000.0,385524000.0,56822000.0,442346000.0,2409168000.0,4195123000.0,,,,,1129987000.0,2409168000.0,1785955000.0,65326000.0,21888000.0,1129987000.0,655968000.0,-43438000.0,612530000.0,4195123000.0,117115000.0,117115000.0,117115000.0
Cintas Corp,CTAS,,723254,2015.0,Q1,2014-06-01,2014-08-31,2015-10-09 12:18:28+00:00,0.94,0.94,,0.93,,62792000.0,110108000.0,105905000.0,4203000.0,110108000.0,624131000.0,1102077000.0,,,,,314458000.0,624131000.0,477946000.0,16583000.0,21792000.0,314458000.0,163488000.0,5209000.0,168697000.0,1102077000.0,116659000.0,116659000.0,116659000.0
Cintas Corp,CTAS,,723254,2015.0,Q1TTM,2013-09-01,2014-08-31,,3.39,3.39,0.77,3.35,,216388000.0,406796000.0,366279000.0,40517000.0,406796000.0,2424065000.0,4195675000.0,,,,,1145014000.0,2424065000.0,1771610000.0,65882000.0,21953000.0,1145014000.0,626596000.0,-43929000.0,582667000.0,4195675000.0,116659000.0,116659000.0,116659000.0
Cintas Corp,CTAS,,723254,2016.0,FY,2015-06-01,2016-05-31,2018-07-27 12:27:03+00:00,6.3,6.3,1.05,6.21,,256710000.0,693520000.0,448605000.0,244915000.0,693520000.0,2694432000.0,4795772000.0,,,,0.0,1332399000.0,2694432000.0,2101340000.0,64522000.0,896000.0,1332399000.0,768941000.0,-63626000.0,705315000.0,4795772000.0,108221000.0,108221000.0,108221000.0
Cintas Corp,CTAS,,723254,2016.0,Q4,2016-03-01,2016-05-31,,1.23,1.23,,1.22,,65013000.0,130898000.0,109675000.0,21223000.0,130898000.0,636531000.0,1161719000.0,,,,,335055000.0,636531000.0,525188000.0,15776000.0,331000.0,335055000.0,190133000.0,-15445000.0,174688000.0,1161719000.0,108221000.0,108221000.0,108221000.0
Cintas Corp,CTAS,,723254,2016.0,Q3,2015-12-01,2016-02-29,2017-04-07 12:25:26+00:00,1.07,1.07,0.0,1.05,,59845000.0,117341000.0,117279000.0,62000.0,117341000.0,691475000.0,1216083000.0,,,,0.0,331656000.0,691475000.0,524608000.0,16163000.0,335000.0,331656000.0,192952000.0,-15828000.0,177124000.0,1216083000.0,107843000.0,107843000.0,107843000.0
Cintas Corp,CTAS,,723254,2016.0,Q3YTD,2015-06-01,2016-02-29,,5.07,5.07,1.05,4.99,,191697000.0,562622000.0,338930000.0,223692000.0,562622000.0,2057901000.0,3634053000.0,,,,,997344000.0,2057901000.0,1576152000.0,48746000.0,565000.0,997344000.0,578808000.0,-48181000.0,530627000.0,3634053000.0,107843000.0,107843000.0,107843000.0
Cintas Corp,CTAS,,723254,2016.0,Q3TTM,2015-03-01,2016-02-29,,5.98,5.98,1.05,5.89,,247808000.0,667837000.0,431546000.0,236291000.0,667837000.0,2635029000.0,4669427000.0,,,,,1290639000.0,2635029000.0,2034398000.0,65141000.0,736000.0,1290639000.0,743759000.0,-64405000.0,679354000.0,4669427000.0,107843000.0,107843000.0,107843000.0
Cintas Corp,CTAS,,723254,2016.0,Q2,2015-09-01,2015-11-30,2017-01-06 16:48:53+00:00,3.11,3.11,1.05,3.06,,68836000.0,345100000.0,115453000.0,229647000.0,345100000.0,691680000.0,1219080000.0,,,,0.0,327051000.0,691680000.0,527400000.0,16171000.0,111000.0,327051000.0,200349000.0,-16060000.0,184289000.0,1219080000.0,108301000.0,108301000.0,108301000.0
Cintas Corp,CTAS,,723254,2016.0,Q2YTD,2015-06-01,2015-11-30,,4.0,4.0,1.05,3.94,,131852000.0,445281000.0,221651000.0,223630000.0,445281000.0,1366426000.0,2417970000.0,,,,,665688000.0,1366426000.0,1051544000.0,32583000.0,230000.0,665688000.0,385856000.0,-32353000.0,353503000.0,2417970000.0,108301000.0,108301000.0,108301000.0
Cintas Corp,CTAS,,723254,2016.0,Q2TTM,2014-12-01,2015-11-30,,5.72,5.72,1.05,5.64,,245091000.0,645379000.0,414598000.0,230781000.0,645379000.0,2577094000.0,4562191000.0,,,,,1260673000.0,2577094000.0,1985097000.0,65232000.0,497000.0,1260673000.0,724424000.0,-64735000.0,659689000.0,4562191000.0,108301000.0,108301000.0,108301000.0
Cintas Corp,CTAS,,723254,2016.0,Q1,2015-06-01,2015-08-31,2016-10-11 11:27:02+00:00,0.89,0.89,,0.88,,63016000.0,100181000.0,106198000.0,-6017000.0,100181000.0,674746000.0,1198890000.0,,,,0.0,338637000.0,674746000.0,524144000.0,16412000.0,119000.0,338637000.0,185507000.0,-16293000.0,169214000.0,1198890000.0,110597000.0,110597000.0,110597000.0
Cintas Corp,CTAS,,723254,2016.0,Q1TTM,2014-09-01,2015-08-31,,3.63,3.63,1.7,3.58,,238227000.0,420691000.0,402846000.0,17845000.0,420691000.0,2527369000.0,4466490000.0,,,,,1233463000.0,2527369000.0,1939121000.0,64990000.0,405000.0,1233463000.0,705658000.0,-64585000.0,641073000.0,4466490000.0,110597000.0,110597000.0,110597000.0
Cintas Corp,CTAS,,723254,2017.0,FY,2016-06-01,2017-05-31,2019-07-26 12:05:44+00:00,4.49,4.49,1.33,4.38,,230118000.0,480708000.0,457286000.0,23422000.0,480708000.0,2943086000.0,5323381000.0,,,,79224000.0,1527380000.0,2943086000.0,2380295000.0,86524000.0,237000.0,1606604000.0,773691000.0,-86287000.0,687404000.0,5323381000.0,107100000.0,107100000.0,109800000.0
Cintas Corp,CTAS,,723254,2017.0,Q4,2017-03-01,2017-05-31,,0.78,0.78,-1.33,0.76,,49874000.0,84235000.0,82174000.0,2061000.0,84235000.0,851561000.0,1530287000.0,,-2787000.0,,66533000.0,437673000.0,851561000.0,678726000.0,45389000.0,130000.0,501419000.0,177307000.0,-45259000.0,132048000.0,1530287000.0,107100000.0,107100000.0,109800000.0
Cintas Corp,CTAS,,723254,2017.0,Q3,2016-12-01,2017-02-28,2018-04-06 15:10:15+00:00,1.1,1.1,1.33,1.07,,61352000.0,118005000.0,116954000.0,1051000.0,118005000.0,695443000.0,1255367000.0,,,,9344000.0,358589000.0,695443000.0,559924000.0,13696000.0,11000.0,367933000.0,191991000.0,-13685000.0,178306000.0,1255367000.0,105093000.0,105093000.0,105093000.0
Cintas Corp,CTAS,,723254,2017.0,Q3YTD,2016-06-01,2017-02-28,,3.71,3.71,2.66,3.62,,180244000.0,396473000.0,375112000.0,21361000.0,396473000.0,2091525000.0,3793094000.0,,2787000.0,,12691000.0,1089707000.0,2091525000.0,1701569000.0,41135000.0,107000.0,1105185000.0,596384000.0,-41028000.0,555356000.0,3793094000.0,105093000.0,105093000.0,105093000.0
Cintas Corp,CTAS,,723254,2017.0,Q3TTM,2016-03-01,2017-02-28,,4.94,4.94,2.66,4.84,,245257000.0,527371000.0,484787000.0,42584000.0,527371000.0,2728056000.0,4954813000.0,,2787000.0,,12691000.0,1424762000.0,2728056000.0,2226757000.0,56911000.0,438000.0,1440240000.0,786517000.0,-56473000.0,730044000.0,4954813000.0,105093000.0,105093000.0,105093000.0
Cintas Corp,CTAS,,723254,2017.0,Q2,2016-09-01,2016-11-30,2018-01-05 17:10:25+00:00,1.32,1.32,1.33,1.29,,65270000.0,140377000.0,121950000.0,18427000.0,140377000.0,705859000.0,1271077000.0,,,,3347000.0,361415000.0,705859000.0,565218000.0,13267000.0,31000.0,364762000.0,200456000.0,-13236000.0,187220000.0,1271077000.0,104957000.0,104957000.0,104957000.0
Cintas Corp,CTAS,,723254,2017.0,Q2YTD,2016-06-01,2016-11-30,,2.61,2.61,1.33,2.55,,118892000.0,278468000.0,258158000.0,20310000.0,278468000.0,1396082000.0,2537727000.0,,2787000.0,,3347000.0,731118000.0,1396082000.0,1141645000.0,27439000.0,96000.0,737252000.0,404393000.0,-27343000.0,377050000.0,2537727000.0,104957000.0,104957000.0,104957000.0
Cintas Corp,CTAS,,723254,2017.0,Q2TTM,2015-12-01,2016-11-30,,4.91,4.91,1.33,4.82,,243750000.0,526707000.0,485112000.0,41595000.0,526707000.0,2724088000.0,4915529000.0,,2787000.0,,3347000.0,1397829000.0,2724088000.0,2191441000.0,59378000.0,762000.0,1403963000.0,787478000.0,-58616000.0,728862000.0,4915529000.0,104957000.0,104957000.0,104957000.0
Cintas Corp,CTAS,,723254,2017.0,Q1,2016-06-01,2016-08-31,2017-10-06 16:05:51+00:00,1.29,1.29,,1.26,,53622000.0,138091000.0,136208000.0,1883000.0,138091000.0,690223000.0,1266650000.0,,2787000.0,,,369703000.0,690223000.0,576427000.0,14172000.0,65000.0,372490000.0,203937000.0,-14107000.0,189830000.0,1266650000.0,104483000.0,104483000.0,104483000.0
Cintas Corp,CTAS,,723254,2017.0,Q1TTM,2015-09-01,2016-08-31,,6.7,6.7,1.05,6.59,,247316000.0,731430000.0,478615000.0,252815000.0,731430000.0,2709909000.0,4863532000.0,,2787000.0,,,1363465000.0,2709909000.0,2153623000.0,62282000.0,842000.0,1366252000.0,787371000.0,-61440000.0,725931000.0,4863532000.0,104483000.0,104483000.0,104483000.0
Cintas Corp,CTAS,,723254,2018.0,FY,2017-06-01,2018-05-31,2019-07-26 12:05:44+00:00,7.78,7.78,1.62,7.56,,57069000.0,842586000.0,783932000.0,58654000.0,842586000.0,3568109000.0,6476632000.0,,,,41897000.0,1916792000.0,3568109000.0,2908523000.0,110175000.0,1342000.0,1958689000.0,949834000.0,-108833000.0,841001000.0,6476632000.0,108300000.0,108300000.0,111500000.0
Cintas Corp,CTAS,,723254,2018.0,Q4,2018-03-01,2018-05-31,,1.71,1.71,-1.62,1.66,,51744000.0,186171000.0,189298000.0,-3127000.0,186171000.0,917212000.0,1669550000.0,,,,15031000.0,471807000.0,917212000.0,752338000.0,24828000.0,370000.0,486838000.0,265500000.0,-24458000.0,241042000.0,1669550000.0,108300000.0,108300000.0,111500000.0
Cintas Corp,CTAS,,723254,2018.0,Q3,2017-12-01,2018-02-28,2019-04-05 15:46:15+00:00,2.79,2.79,1.62,2.71,,-121282000.0,302095000.0,295789000.0,6306000.0,302095000.0,888675000.0,1589138000.0,,,,9821000.0,490618000.0,888675000.0,700463000.0,25901000.0,384000.0,500439000.0,200024000.0,-25517000.0,174507000.0,1589138000.0,106558000.0,106558000.0,106558000.0
Cintas Corp,CTAS,,723254,2018.0,Q3YTD,2017-06-01,2018-02-28,,6.07,6.07,3.24,5.9,,5325000.0,656415000.0,594634000.0,61781000.0,656415000.0,2650897000.0,4807082000.0,,,,26866000.0,1444985000.0,2650897000.0,2156185000.0,85347000.0,972000.0,1471851000.0,684334000.0,-84375000.0,599959000.0,4807082000.0,106558000.0,106558000.0,106558000.0
Cintas Corp,CTAS,,723254,2018.0,Q3TTM,2017-03-01,2018-02-28,,6.85,6.85,1.91,6.66,,55199000.0,740650000.0,676808000.0,63842000.0,740650000.0,3502458000.0,6337369000.0,,-2787000.0,,93399000.0,1882658000.0,3502458000.0,2834911000.0,130736000.0,1102000.0,1973270000.0,861641000.0,-129634000.0,732007000.0,6337369000.0,106558000.0,106558000.0,106558000.0
Cintas Corp,CTAS,,723254,2018.0,Q2,2017-09-01,2017-11-30,2019-01-08 15:40:36+00:00,1.26,1.26,1.62,1.23,,68636000.0,137109000.0,137737000.0,-628000.0,137109000.0,890072000.0,1606441000.0,,,,13074000.0,468084000.0,890072000.0,716369000.0,29129000.0,291000.0,481158000.0,235211000.0,-28838000.0,206373000.0,1606441000.0,106340000.0,106340000.0,106340000.0
Cintas Corp,CTAS,,723254,2018.0,Q2YTD,2017-06-01,2017-11-30,,3.28,3.28,1.62,3.19,,126607000.0,354320000.0,298845000.0,55475000.0,354320000.0,1762222000.0,3217944000.0,,,,17045000.0,954367000.0,1762222000.0,1455722000.0,59446000.0,588000.0,971412000.0,484310000.0,-58858000.0,425452000.0,3217944000.0,106340000.0,106340000.0,106340000.0
Cintas Corp,CTAS,,723254,2018.0,Q2TTM,2016-12-01,2017-11-30,,5.16,5.16,1.62,5.02,,237833000.0,556560000.0,497973000.0,58587000.0,556560000.0,3309226000.0,6003598000.0,,-2787000.0,,92922000.0,1750629000.0,3309226000.0,2694372000.0,118531000.0,729000.0,1840764000.0,853608000.0,-117802000.0,735806000.0,6003598000.0,106340000.0,106340000.0,106340000.0
Cintas Corp,CTAS,,723254,2018.0,Q1,2017-06-01,2017-08-31,2018-10-05 17:11:33+00:00,2.02,2.02,,1.96,,57971000.0,217211000.0,161108000.0,56103000.0,217211000.0,872150000.0,1611503000.0,,,,3971000.0,486283000.0,872150000.0,739353000.0,30317000.0,297000.0,490254000.0,249099000.0,-30020000.0,219079000.0,1611503000.0,105740000.0,105740000.0,105740000.0
Cintas Corp,CTAS,,723254,2018.0,Q1TTM,2016-09-01,2017-08-31,,5.22,5.22,1.33,5.08,,234467000.0,559828000.0,482186000.0,77642000.0,559828000.0,3125013000.0,5668234000.0,,-2787000.0,,83195000.0,1643960000.0,3125013000.0,2543221000.0,102669000.0,469000.0,1724368000.0,818853000.0,-102200000.0,716653000.0,5668234000.0,105740000.0,105740000.0,105740000.0
Cintas Corp,CTAS,,723254,2019.0,FY,2018-06-01,2019-05-31,2019-07-26 12:05:44+00:00,8.25,8.25,2.05,7.99,,219764000.0,884981000.0,882635000.0,2346000.0,884981000.0,3763715000.0,6892303000.0,,,,14410000.0,1980644000.0,3763715000.0,3128588000.0,101736000.0,70601000.0,1995054000.0,1133534000.0,-31135000.0,1102399000.0,6892303000.0,107300000.0,107300000.0,110800000.0
Cintas Corp,CTAS,,723254,2019.0,Q4,2019-03-01,2019-05-31,,2.13,2.13,,2.07,,62729000.0,226119000.0,226171000.0,-52000.0,226119000.0,970165000.0,1793730000.0,,,,914000.0,508240000.0,970165000.0,823565000.0,25782000.0,271000.0,509154000.0,314411000.0,-25511000.0,288900000.0,1793730000.0,107300000.0,107300000.0,110800000.0
Cintas Corp,CTAS,,723254,2019.0,Q3,2018-12-01,2019-02-28,2020-03-31 14:35:07+00:00,1.91,1.91,0.0,1.85,,50632000.0,203334000.0,200923000.0,2411000.0,203334000.0,927177000.0,1682330000.0,,,,799000.0,476099000.0,927177000.0,755153000.0,26770000.0,70000.0,476898000.0,278255000.0,-26700000.0,251555000.0,1682330000.0,105080000.0,105080000.0,105080000.0
Cintas Corp,CTAS,,723254,2019.0,Q3YTD,2018-06-01,2019-02-28,,6.12,6.12,2.05,5.92,,157035000.0,658862000.0,656464000.0,2398000.0,658862000.0,2793550000.0,5098573000.0,,,,13496000.0,1472404000.0,2793550000.0,2305023000.0,75954000.0,70330000.0,1485900000.0,819123000.0,-5624000.0,813499000.0,5098573000.0,105080000.0,105080000.0,105080000.0
Cintas Corp,CTAS,,723254,2019.0,Q3TTM,2018-03-01,2019-02-28,,7.83,7.83,0.43,7.58,,208779000.0,845033000.0,845762000.0,-729000.0,845033000.0,3710762000.0,6768123000.0,,,,28527000.0,1944211000.0,3710762000.0,3057361000.0,100782000.0,70700000.0,1972738000.0,1084623000.0,-30082000.0,1054541000.0,6768123000.0,105080000.0,105080000.0,105080000.0
Cintas Corp,CTAS,,723254,2019.0,Q2,2018-09-01,2018-11-30,2020-01-09 14:55:16+00:00,2.25,2.25,2.05,2.18,,77530000.0,243013000.0,242994000.0,19000.0,243013000.0,943110000.0,1718268000.0,,,,7847000.0,491671000.0,943110000.0,775158000.0,24880000.0,69764000.0,499518000.0,275640000.0,44884000.0,320524000.0,1718268000.0,106475000.0,106475000.0,106475000.0
Cintas Corp,CTAS,,723254,2019.0,Q2YTD,2018-06-01,2018-11-30,,4.21,4.21,2.05,4.07,,106403000.0,455528000.0,455541000.0,-13000.0,455528000.0,1866373000.0,3416243000.0,,,,12697000.0,996305000.0,1866373000.0,1549870000.0,49184000.0,70260000.0,1009002000.0,540868000.0,21076000.0,561944000.0,3416243000.0,106475000.0,106475000.0,106475000.0
Cintas Corp,CTAS,,723254,2019.0,Q2TTM,2017-12-01,2018-11-30,,8.71,8.71,2.05,8.44,,36865000.0,943794000.0,940628000.0,3166000.0,943794000.0,3672260000.0,6674931000.0,,,,37549000.0,1958730000.0,3672260000.0,3002671000.0,99913000.0,71014000.0,1996279000.0,1006392000.0,-28899000.0,977493000.0,6674931000.0,106475000.0,106475000.0,106475000.0
Cintas Corp,CTAS,,723254,2019.0,Q1,2018-06-01,2018-08-31,2019-10-08 14:32:19+00:00,1.96,1.96,,1.89,,28873000.0,212515000.0,212547000.0,-32000.0,212515000.0,923263000.0,1697975000.0,,,,4850000.0,504634000.0,923263000.0,774712000.0,24304000.0,496000.0,509484000.0,265228000.0,-23808000.0,241420000.0,1697975000.0,106835000.0,106835000.0,106835000.0
Cintas Corp,CTAS,,723254,2019.0,Q1TTM,2017-09-01,2018-08-31,,7.72,7.72,1.62,7.49,,27971000.0,837890000.0,835371000.0,2519000.0,837890000.0,3619222000.0,6563104000.0,,,,42776000.0,1935143000.0,3619222000.0,2943882000.0,104162000.0,1541000.0,1977919000.0,965963000.0,-102621000.0,863342000.0,6563104000.0,106835000.0,106835000.0,106835000.0
Cintas Corp,CTAS,,723254,2020.0,Q3YTD,2019-06-01,2020-02-29,,6.98,6.98,2.55,6.75,,144838000.0,731452000.0,731775000.0,-323000.0,731452000.0,2939608000.0,5465536000.0,,,,,1570666000.0,2939608000.0,2525928000.0,79441000.0,792000.0,1570666000.0,955262000.0,-78649000.0,876613000.0,5465536000.0,104245000.0,104245000.0,104245000.0
Cintas Corp,CTAS,,723254,2020.0,Q3TTM,2019-03-01,2020-02-29,,9.11,9.11,2.55,8.82,,207567000.0,957571000.0,957946000.0,-375000.0,957571000.0,3909773000.0,7259266000.0,,,,914000.0,2078906000.0,3909773000.0,3349493000.0,105223000.0,1063000.0,2079820000.0,1269673000.0,-104160000.0,1165513000.0,7259266000.0,104245000.0,104245000.0,104245000.0
Cintas Corp,CTAS,,723254,2020.0,Q3,2019-12-01,2020-02-29,2020-03-31 14:35:07+00:00,2.23,2.23,0.0,2.16,,54536000.0,234520000.0,234520000.0,0.0,234520000.0,986253000.0,1810648000.0,,,,0.0,509743000.0,986253000.0,824395000.0,25943000.0,347000.0,509743000.0,314652000.0,-25596000.0,289056000.0,1810648000.0,104245000.0,104245000.0,104245000.0
Cintas Corp,CTAS,,723254,2020.0,Q2YTD,2019-06-01,2019-11-30,,4.75,4.75,2.55,4.59,,90302000.0,496932000.0,497255000.0,-323000.0,496932000.0,1953355000.0,3654888000.0,,,,,1060923000.0,1953355000.0,1701533000.0,53498000.0,445000.0,1060923000.0,640610000.0,-53053000.0,587557000.0,3654888000.0,103959000.0,103959000.0,103959000.0
Cintas Corp,CTAS,,723254,2020.0,Q2TTM,2018-12-01,2019-11-30,,8.79,8.79,2.55,8.51,,203663000.0,926385000.0,924349000.0,2036000.0,926385000.0,3850697000.0,7130948000.0,,,,1713000.0,2045262000.0,3850697000.0,3280251000.0,106050000.0,786000.0,2046975000.0,1233276000.0,-105264000.0,1128012000.0,7130948000.0,103959000.0,103959000.0,103959000.0
Cintas Corp,CTAS,,723254,2020.0,Q2,2019-09-01,2019-11-30,2020-01-09 14:55:16+00:00,2.35,2.35,2.55,2.27,,62127000.0,246120000.0,246443000.0,-323000.0,246120000.0,991358000.0,1843749000.0,,,,0.0,517927000.0,991358000.0,852391000.0,26177000.0,283000.0,517927000.0,334464000.0,-25894000.0,308570000.0,1843749000.0,103959000.0,103959000.0,103959000.0
Cintas Corp,CTAS,,723254,2020.0,Q1TTM,2018-09-01,2019-08-31,,8.69,8.69,2.05,8.42,,219066000.0,923278000.0,920900000.0,2378000.0,923278000.0,3802449000.0,7005467000.0,,,,9560000.0,2019006000.0,3802449000.0,3203018000.0,104753000.0,70267000.0,2028566000.0,1174452000.0,-34486000.0,1139966000.0,7005467000.0,103543000.0,103543000.0,103543000.0
Cintas Corp,CTAS,,723254,2020.0,Q1,2019-06-01,2019-08-31,2019-10-08 14:32:19+00:00,2.4,2.4,,2.32,,28175000.0,250812000.0,250812000.0,0.0,250812000.0,961997000.0,1811139000.0,,,,0.0,542996000.0,961997000.0,849142000.0,27321000.0,162000.0,542996000.0,306146000.0,-27159000.0,278987000.0,1811139000.0,103543000.0,103543000.0,103543000.0
