company_name,company_ticker,company_lei,company_cik,year,quarter,start_date,end_date,filing_date,amortizationexpense,basicdilutedeps,basiceps,cashdividendspershare,dilutedeps,incometaxexpense,netincome,netincomecontinuing,netincometocommon,netincometononcontrollinginterest,operatingcostofrevenue,operatingrevenue,otherincome,otherspecialcharges,rdexpense,restructuringcharge,sgaexpense,totalcostofrevenue,totalgrossprofit,totalinterestexpense,totaloperatingexpenses,totaloperatingincome,totalotherincome,totalpretaxincome,totalrevenue,weightedavebasicdilutedsharesos,weightedavebasicsharesos,weightedavedilutedsharesos
International Flavors & Fragrances Inc,IFF,BZLRL03D3GPGMOGFO832,51253,2008.0,FY,2008-01-01,2008-12-31,2011-02-24 17:03:26+00:00,,2.89,2.89,0.96,2.86,54294000.0,229628000.0,229628000.0,229628000.0,,1418441000.0,2389372000.0,2797000.0,,196863000.0,18212000.0,400723000.0,1418441000.0,970931000.0,74008000.0,615798000.0,355133000.0,-71211000.0,283922000.0,2389372000.0,79500000.0,79500000.0,80300000.0
International Flavors & Fragrances Inc,IFF,BZLRL03D3GPGMOGFO832,51253,2009.0,FY,2009-01-01,2009-12-31,2012-02-28 15:01:51+00:00,,2.48,2.48,1.0,2.46,81023000.0,195526000.0,195526000.0,195526000.0,,1391913000.0,2326158000.0,-1921000.0,,184771000.0,18301000.0,390885000.0,1391913000.0,934245000.0,61818000.0,593957000.0,340288000.0,-63739000.0,276549000.0,2326158000.0,78403000.0,78403000.0,78403000.0
International Flavors & Fragrances Inc,IFF,BZLRL03D3GPGMOGFO832,51253,2009.0,Q3,2009-07-01,2009-09-30,2010-11-04 07:45:07+00:00,,,0.67,0.25,0.66,21484000.0,52800000.0,52800000.0,52800000.0,,363780000.0,612634000.0,24000.0,,49392000.0,10500000.0,101199000.0,363780000.0,248854000.0,13503000.0,161091000.0,87763000.0,-13479000.0,74284000.0,612634000.0,,78491000.0,79159000.0
International Flavors & Fragrances Inc,IFF,BZLRL03D3GPGMOGFO832,51253,2009.0,Q2,2009-04-01,2009-06-30,2010-08-05 07:37:41+00:00,,0.61,0.61,0.25,0.6,19831000.0,48083000.0,48083000.0,48083000.0,,340347000.0,568261000.0,-1569000.0,,44248000.0,4104000.0,96032000.0,340347000.0,227914000.0,14047000.0,144384000.0,83530000.0,-15616000.0,67914000.0,568261000.0,78800000.0,78352000.0,79050000.0
International Flavors & Fragrances Inc,IFF,BZLRL03D3GPGMOGFO832,51253,2010.0,Q4,2010-10-01,2010-12-31,,,0.69,0.69,0.27,0.68,15118000.0,55578000.0,55578000.0,55578000.0,,377524000.0,629870000.0,-1093000.0,,57083000.0,891000.0,110905000.0,377524000.0,252346000.0,11678000.0,168879000.0,83467000.0,-12771000.0,70696000.0,629870000.0,79495000.0,79495000.0,79495000.0
International Flavors & Fragrances Inc,IFF,BZLRL03D3GPGMOGFO832,51253,2010.0,FY,2010-01-01,2010-12-31,2013-02-26 16:43:13+00:00,,3.29,3.29,1.04,3.26,96036000.0,263557000.0,263557000.0,263557000.0,,1530260000.0,2622862000.0,-8059000.0,,218772000.0,10077000.0,447392000.0,1530260000.0,1092602000.0,48709000.0,676241000.0,416361000.0,-56768000.0,359593000.0,2622862000.0,79495000.0,79495000.0,79495000.0
International Flavors & Fragrances Inc,IFF,BZLRL03D3GPGMOGFO832,51253,2010.0,Q3YTD,2010-01-01,2010-09-30,,,2.6,2.6,0.77,2.58,80918000.0,207979000.0,207979000.0,207979000.0,,1152736000.0,1992992000.0,-6966000.0,,161689000.0,9186000.0,336487000.0,1152736000.0,840256000.0,37031000.0,507362000.0,332894000.0,-43997000.0,288897000.0,1992992000.0,80200000.0,79357000.0,80266000.0
International Flavors & Fragrances Inc,IFF,BZLRL03D3GPGMOGFO832,51253,2010.0,Q3,2010-07-01,2010-09-30,2011-11-08 07:55:34+00:00,,0.96,0.96,0.27,0.95,29145000.0,77038000.0,77038000.0,77038000.0,,388235000.0,673283000.0,-2097000.0,,53214000.0,2355000.0,108955000.0,388235000.0,285048000.0,12244000.0,164524000.0,120524000.0,-14341000.0,106183000.0,673283000.0,80200000.0,79357000.0,80266000.0
International Flavors & Fragrances Inc,IFF,BZLRL03D3GPGMOGFO832,51253,2010.0,Q2YTD,2010-01-01,2010-06-30,,,1.64,1.64,0.5,1.63,51773000.0,130941000.0,130941000.0,130941000.0,,764501000.0,1319709000.0,-4869000.0,,108475000.0,6831000.0,227532000.0,764501000.0,555208000.0,24787000.0,342838000.0,212370000.0,-29656000.0,182714000.0,1319709000.0,79900000.0,79188000.0,80111000.0
International Flavors & Fragrances Inc,IFF,BZLRL03D3GPGMOGFO832,51253,2010.0,Q2,2010-04-01,2010-06-30,2011-08-09 07:36:47+00:00,,0.84,0.84,0.25,0.83,26481000.0,67152000.0,67152000.0,67152000.0,,380799000.0,665800000.0,-2107000.0,,55844000.0,1843000.0,119523000.0,380799000.0,285001000.0,12051000.0,177210000.0,107791000.0,-14158000.0,93633000.0,665800000.0,79900000.0,79188000.0,80111000.0
International Flavors & Fragrances Inc,IFF,BZLRL03D3GPGMOGFO832,51253,2010.0,Q1,2010-01-01,2010-03-31,2011-05-10 07:34:42+00:00,,0.8,0.8,0.25,0.8,25292000.0,63789000.0,63789000.0,63789000.0,,383702000.0,653909000.0,-2762000.0,,52631000.0,4988000.0,108009000.0,383702000.0,270207000.0,12736000.0,165628000.0,104579000.0,-15498000.0,89081000.0,653909000.0,79700000.0,78767000.0,79692000.0
International Flavors & Fragrances Inc,IFF,BZLRL03D3GPGMOGFO832,51253,2011.0,Q4,2011-10-01,2011-12-31,,,0.31,0.31,0.31,0.3,16136000.0,24394000.0,24394000.0,24394000.0,,399985000.0,644383000.0,3413000.0,,52459000.0,9804000.0,134348000.0,399985000.0,244398000.0,10670000.0,196611000.0,47787000.0,-7257000.0,40530000.0,644383000.0,80456000.0,80456000.0,80456000.0
International Flavors & Fragrances Inc,IFF,BZLRL03D3GPGMOGFO832,51253,2011.0,FY,2011-01-01,2011-12-31,2014-02-25 16:51:59+00:00,,3.3,3.3,1.16,3.26,106680000.0,266866000.0,266866000.0,266866000.0,,1683362000.0,2788018000.0,-9544000.0,,219781000.0,13172000.0,443974000.0,1683362000.0,1104656000.0,44639000.0,676927000.0,427729000.0,-54183000.0,373546000.0,2788018000.0,80456000.0,80456000.0,80456000.0
International Flavors & Fragrances Inc,IFF,BZLRL03D3GPGMOGFO832,51253,2011.0,Q3YTD,2011-01-01,2011-09-30,,,2.99,2.99,0.85,2.96,90544000.0,242472000.0,242472000.0,242472000.0,,1283377000.0,2143635000.0,-12957000.0,,167322000.0,3368000.0,309626000.0,1283377000.0,860258000.0,33969000.0,480316000.0,379942000.0,-46926000.0,333016000.0,2143635000.0,81400000.0,80644000.0,81628000.0
International Flavors & Fragrances Inc,IFF,BZLRL03D3GPGMOGFO832,51253,2011.0,Q3TTM,2010-10-01,2011-09-30,,,3.68,3.68,1.12,3.64,105662000.0,298050000.0,298050000.0,298050000.0,,1660901000.0,2773505000.0,-14050000.0,,224405000.0,4259000.0,420531000.0,1660901000.0,1112604000.0,45647000.0,649195000.0,463409000.0,-59697000.0,403712000.0,2773505000.0,81400000.0,80644000.0,81628000.0
International Flavors & Fragrances Inc,IFF,BZLRL03D3GPGMOGFO832,51253,2011.0,Q3,2011-07-01,2011-09-30,2012-11-06 08:05:23+00:00,,1.01,1.01,0.31,1.0,30233000.0,82241000.0,82241000.0,82241000.0,,435400000.0,713775000.0,-5846000.0,,53637000.0,-645000.0,96783000.0,435400000.0,278375000.0,10280000.0,149775000.0,128600000.0,-16126000.0,112474000.0,713775000.0,81400000.0,80644000.0,81628000.0
International Flavors & Fragrances Inc,IFF,BZLRL03D3GPGMOGFO832,51253,2011.0,Q2YTD,2011-01-01,2011-06-30,,,1.98,1.98,0.54,1.96,60311000.0,160231000.0,160231000.0,160231000.0,,847977000.0,1429860000.0,-7111000.0,,113685000.0,4013000.0,212843000.0,847977000.0,581883000.0,23689000.0,330541000.0,251342000.0,-30800000.0,220542000.0,1429860000.0,81100000.0,80451000.0,81489000.0
International Flavors & Fragrances Inc,IFF,BZLRL03D3GPGMOGFO832,51253,2011.0,Q2TTM,2010-07-01,2011-06-30,,,3.63,3.63,1.08,3.59,104574000.0,292847000.0,292847000.0,292847000.0,,1613736000.0,2733013000.0,-10301000.0,,223982000.0,7259000.0,432703000.0,1613736000.0,1119277000.0,47611000.0,663944000.0,455333000.0,-57912000.0,397421000.0,2733013000.0,81100000.0,80451000.0,81489000.0
International Flavors & Fragrances Inc,IFF,BZLRL03D3GPGMOGFO832,51253,2011.0,Q2,2011-04-01,2011-06-30,2012-08-08 08:39:39+00:00,,0.94,0.94,0.27,0.93,28733000.0,76188000.0,76188000.0,76188000.0,,431166000.0,715589000.0,-1055000.0,,56229000.0,3985000.0,106224000.0,431166000.0,284423000.0,12009000.0,166438000.0,117985000.0,-13064000.0,104921000.0,715589000.0,81100000.0,80451000.0,81489000.0
International Flavors & Fragrances Inc,IFF,BZLRL03D3GPGMOGFO832,51253,2011.0,Q1TTM,2010-04-01,2011-03-31,,,3.53,3.53,1.06,3.49,102322000.0,283811000.0,283811000.0,283811000.0,,1563369000.0,2683224000.0,-11353000.0,,223597000.0,5117000.0,446002000.0,1563369000.0,1119855000.0,47653000.0,674716000.0,445139000.0,-59006000.0,386133000.0,2683224000.0,80800000.0,80049000.0,81150000.0
International Flavors & Fragrances Inc,IFF,BZLRL03D3GPGMOGFO832,51253,2011.0,Q1,2011-01-01,2011-03-31,2012-05-08 07:44:45+00:00,,1.04,1.04,0.27,1.03,31578000.0,84043000.0,84043000.0,84043000.0,,416811000.0,714271000.0,-6056000.0,,57456000.0,28000.0,106619000.0,416811000.0,297460000.0,11680000.0,164103000.0,133357000.0,-17736000.0,115621000.0,714271000.0,80800000.0,80049000.0,81150000.0
International Flavors & Fragrances Inc,IFF,BZLRL03D3GPGMOGFO832,51253,2012.0,Q4,2012-10-01,2012-12-31,,,0.82,0.82,0.34,0.82,20570000.0,68119000.0,68119000.0,68119000.0,,393490000.0,680558000.0,-117000.0,,62247000.0,,125593000.0,393490000.0,287068000.0,10422000.0,187840000.0,99228000.0,-10539000.0,88689000.0,680558000.0,81108000.0,81108000.0,81108000.0
International Flavors & Fragrances Inc,IFF,BZLRL03D3GPGMOGFO832,51253,2012.0,FY,2012-01-01,2012-12-31,2015-03-02 17:29:35+00:00,,3.11,3.11,1.3,3.09,189281000.0,254134000.0,254134000.0,254134000.0,,1645912000.0,2821446000.0,-1450000.0,,233713000.0,1668000.0,453535000.0,1645912000.0,1175534000.0,41753000.0,688916000.0,486618000.0,-43203000.0,443415000.0,2821446000.0,81108000.0,81108000.0,81108000.0
International Flavors & Fragrances Inc,IFF,BZLRL03D3GPGMOGFO832,51253,2012.0,Q3YTD,2012-01-01,2012-09-30,,,2.29,2.29,0.96,2.27,168711000.0,186015000.0,186015000.0,186015000.0,,1252422000.0,2140888000.0,-1333000.0,,171466000.0,1668000.0,327942000.0,1252422000.0,888466000.0,31331000.0,501076000.0,387390000.0,-32664000.0,354726000.0,2140888000.0,81800000.0,81246000.0,81898000.0
International Flavors & Fragrances Inc,IFF,BZLRL03D3GPGMOGFO832,51253,2012.0,Q3TTM,2011-10-01,2012-09-30,,,2.6,2.6,1.27,2.57,184847000.0,210409000.0,210409000.0,210409000.0,,1652407000.0,2785271000.0,2080000.0,,223925000.0,11472000.0,462290000.0,1652407000.0,1132864000.0,42001000.0,697687000.0,435177000.0,-39921000.0,395256000.0,2785271000.0,81800000.0,81246000.0,81898000.0
International Flavors & Fragrances Inc,IFF,BZLRL03D3GPGMOGFO832,51253,2012.0,Q3,2012-07-01,2012-09-30,2013-11-05 08:02:34+00:00,,0.2,0.2,0.34,0.2,105481000.0,16363000.0,16363000.0,16363000.0,,407431000.0,708955000.0,-2424000.0,,57658000.0,0.0,109691000.0,407431000.0,301524000.0,9907000.0,167349000.0,134175000.0,-12331000.0,121844000.0,708955000.0,81800000.0,81246000.0,81898000.0
International Flavors & Fragrances Inc,IFF,BZLRL03D3GPGMOGFO832,51253,2012.0,Q2YTD,2012-01-01,2012-06-30,,,2.09,2.09,0.62,2.07,63230000.0,169652000.0,169652000.0,169652000.0,,844991000.0,1431933000.0,1091000.0,,113808000.0,1668000.0,218251000.0,844991000.0,586942000.0,21424000.0,333727000.0,253215000.0,-20333000.0,232882000.0,1431933000.0,81300000.0,81095000.0,81782000.0
International Flavors & Fragrances Inc,IFF,BZLRL03D3GPGMOGFO832,51253,2012.0,Q2TTM,2011-07-01,2012-06-30,,,3.41,3.41,1.24,3.37,109599000.0,276287000.0,276287000.0,276287000.0,,1680376000.0,2790091000.0,-1342000.0,,219904000.0,10827000.0,449382000.0,1680376000.0,1109715000.0,42374000.0,680113000.0,429602000.0,-43716000.0,385886000.0,2790091000.0,81300000.0,81095000.0,81782000.0
International Flavors & Fragrances Inc,IFF,BZLRL03D3GPGMOGFO832,51253,2012.0,Q2,2012-04-01,2012-06-30,2013-08-06 07:53:54+00:00,,1.09,1.09,0.31,1.08,33944000.0,88596000.0,88596000.0,88596000.0,,419774000.0,721317000.0,845000.0,,56400000.0,0.0,112835000.0,419774000.0,301543000.0,10613000.0,169235000.0,132308000.0,-9768000.0,122540000.0,721317000.0,81300000.0,81095000.0,81782000.0
International Flavors & Fragrances Inc,IFF,BZLRL03D3GPGMOGFO832,51253,2012.0,Q1TTM,2011-04-01,2012-03-31,,,3.26,3.26,1.2,3.22,104388000.0,263879000.0,263879000.0,263879000.0,,1691768000.0,2784363000.0,-3242000.0,,219733000.0,14812000.0,442771000.0,1691768000.0,1092595000.0,43770000.0,677316000.0,415279000.0,-47012000.0,368267000.0,2784363000.0,81100000.0,80777000.0,81667000.0
International Flavors & Fragrances Inc,IFF,BZLRL03D3GPGMOGFO832,51253,2012.0,Q1,2012-01-01,2012-03-31,2013-05-07 08:20:45+00:00,,1.0,1.0,0.31,0.99,29286000.0,81056000.0,81056000.0,81056000.0,,425217000.0,710616000.0,246000.0,,57408000.0,1668000.0,105416000.0,425217000.0,285399000.0,10811000.0,164492000.0,120907000.0,-10565000.0,110342000.0,710616000.0,81100000.0,80777000.0,81667000.0
International Flavors & Fragrances Inc,IFF,BZLRL03D3GPGMOGFO832,51253,2013.0,FY,2013-01-01,2013-12-31,2016-03-01 16:27:53+00:00,,4.32,4.32,1.46,4.29,131666000.0,353544000.0,353544000.0,353544000.0,,1668691000.0,2952896000.0,15638000.0,,259838000.0,2151000.0,505877000.0,1668691000.0,1284205000.0,46767000.0,767866000.0,516339000.0,-31129000.0,485210000.0,2952896000.0,81322000.0,81322000.0,81322000.0
International Flavors & Fragrances Inc,IFF,BZLRL03D3GPGMOGFO832,51253,2013.0,Q4,2013-10-01,2013-12-31,,,0.75,0.75,0.39,0.75,21479000.0,61479000.0,61479000.0,61479000.0,,411714000.0,725169000.0,-720000.0,,70411000.0,46000.0,148190000.0,411714000.0,313455000.0,11130000.0,218647000.0,94808000.0,-11850000.0,82958000.0,725169000.0,81322000.0,81322000.0,81322000.0
International Flavors & Fragrances Inc,IFF,BZLRL03D3GPGMOGFO832,51253,2013.0,Q3YTD,2013-01-01,2013-09-30,,,3.57,3.57,1.07,3.54,110187000.0,292065000.0,292065000.0,292065000.0,,1256977000.0,2227727000.0,16358000.0,,189427000.0,2105000.0,357687000.0,1256977000.0,970750000.0,35637000.0,549219000.0,421531000.0,-19279000.0,402252000.0,2227727000.0,81900000.0,81437000.0,82043000.0
International Flavors & Fragrances Inc,IFF,BZLRL03D3GPGMOGFO832,51253,2013.0,Q3TTM,2012-10-01,2013-09-30,,,4.39,4.39,1.41,4.36,130757000.0,360184000.0,360184000.0,360184000.0,,1650467000.0,2908285000.0,16241000.0,,251674000.0,2105000.0,483280000.0,1650467000.0,1257818000.0,46059000.0,737059000.0,520759000.0,-29818000.0,490941000.0,2908285000.0,81900000.0,81437000.0,82043000.0
International Flavors & Fragrances Inc,IFF,BZLRL03D3GPGMOGFO832,51253,2013.0,Q3,2013-07-01,2013-09-30,2014-11-04 07:35:35+00:00,,1.21,1.21,0.39,1.2,34938000.0,99046000.0,99046000.0,99046000.0,,416852000.0,742256000.0,4080000.0,,65654000.0,0.0,118221000.0,416852000.0,325404000.0,11625000.0,183875000.0,141529000.0,-7545000.0,133984000.0,742256000.0,81900000.0,81437000.0,82043000.0
International Flavors & Fragrances Inc,IFF,BZLRL03D3GPGMOGFO832,51253,2013.0,Q2YTD,2013-01-01,2013-06-30,,,2.36,2.36,0.68,2.34,75249000.0,193019000.0,193019000.0,193019000.0,,840125000.0,1485471000.0,12278000.0,,123773000.0,2105000.0,239466000.0,840125000.0,645346000.0,24012000.0,365344000.0,280002000.0,-11734000.0,268268000.0,1485471000.0,81900000.0,81309000.0,82041000.0
International Flavors & Fragrances Inc,IFF,BZLRL03D3GPGMOGFO832,51253,2013.0,Q2TTM,2012-07-01,2013-06-30,,,3.38,3.38,1.36,3.36,201300000.0,277501000.0,277501000.0,277501000.0,,1641046000.0,2874984000.0,9737000.0,,243678000.0,2105000.0,474750000.0,1641046000.0,1233938000.0,44341000.0,720533000.0,513405000.0,-34604000.0,478801000.0,2874984000.0,81900000.0,81309000.0,82041000.0
International Flavors & Fragrances Inc,IFF,BZLRL03D3GPGMOGFO832,51253,2013.0,Q2,2013-04-01,2013-06-30,2014-08-05 07:31:45+00:00,,1.25,1.25,0.34,1.24,38423000.0,102322000.0,102322000.0,102322000.0,,423649000.0,757635000.0,11209000.0,,64672000.0,2105000.0,124813000.0,423649000.0,333986000.0,12860000.0,191590000.0,142396000.0,-1651000.0,140745000.0,757635000.0,81900000.0,81309000.0,82041000.0
International Flavors & Fragrances Inc,IFF,BZLRL03D3GPGMOGFO832,51253,2013.0,Q1TTM,2012-04-01,2013-03-31,,,3.22,3.22,1.33,3.2,196821000.0,263775000.0,263775000.0,263775000.0,,1637171000.0,2838666000.0,-627000.0,,235406000.0,,462772000.0,1637171000.0,1201495000.0,42094000.0,698178000.0,503317000.0,-42721000.0,460596000.0,2838666000.0,81700000.0,81291000.0,82024000.0
International Flavors & Fragrances Inc,IFF,BZLRL03D3GPGMOGFO832,51253,2013.0,Q1,2013-01-01,2013-03-31,2014-05-06 07:30:56+00:00,,1.11,1.11,0.34,1.1,36826000.0,90697000.0,90697000.0,90697000.0,,416476000.0,727836000.0,1069000.0,,59101000.0,0.0,114653000.0,416476000.0,311360000.0,11152000.0,173754000.0,137606000.0,-10083000.0,127523000.0,727836000.0,81700000.0,81291000.0,82024000.0
International Flavors & Fragrances Inc,IFF,BZLRL03D3GPGMOGFO832,51253,2014.0,FY,2014-01-01,2014-12-31,2017-02-28 17:23:52+00:00,7328000.0,5.09,5.09,1.72,5.06,134518000.0,414543000.0,414543000.0,414543000.0,,1726383000.0,3088533000.0,2807000.0,0.0,253640000.0,1298000.0,507563000.0,1726383000.0,1362150000.0,46067000.0,769829000.0,592321000.0,-43260000.0,549061000.0,3088533000.0,80936000.0,80936000.0,80936000.0
International Flavors & Fragrances Inc,IFF,BZLRL03D3GPGMOGFO832,51253,2014.0,Q4,2014-10-01,2014-12-31,,7328000.0,1.11,1.11,0.47,1.1,27454000.0,90136000.0,90136000.0,90136000.0,,428102000.0,756082000.0,-954000.0,,62004000.0,386000.0,127699000.0,428102000.0,327980000.0,12019000.0,197417000.0,130563000.0,-12973000.0,117590000.0,756082000.0,80936000.0,80936000.0,80936000.0
International Flavors & Fragrances Inc,IFF,BZLRL03D3GPGMOGFO832,51253,2014.0,Q3,2014-07-01,2014-09-30,2015-11-09 16:53:01+00:00,,1.32,1.32,0.47,1.31,34770000.0,107415000.0,107415000.0,107415000.0,,433702000.0,773813000.0,563000.0,,63701000.0,608000.0,123212000.0,433702000.0,340111000.0,10968000.0,187521000.0,152590000.0,-10405000.0,142185000.0,773813000.0,81400000.0,80942000.0,81508000.0
International Flavors & Fragrances Inc,IFF,BZLRL03D3GPGMOGFO832,51253,2014.0,Q3YTD,2014-01-01,2014-09-30,,,3.98,3.98,1.25,3.96,107064000.0,324407000.0,324407000.0,324407000.0,,1298281000.0,2332451000.0,3761000.0,,191636000.0,912000.0,379864000.0,1298281000.0,1034170000.0,34048000.0,572412000.0,461758000.0,-30287000.0,431471000.0,2332451000.0,81400000.0,80942000.0,81508000.0
International Flavors & Fragrances Inc,IFF,BZLRL03D3GPGMOGFO832,51253,2014.0,Q3TTM,2013-10-01,2014-09-30,,,4.73,4.73,1.64,4.71,128543000.0,385886000.0,385886000.0,385886000.0,,1709995000.0,3057620000.0,3041000.0,,262047000.0,958000.0,528054000.0,1709995000.0,1347625000.0,45178000.0,791059000.0,556566000.0,-42137000.0,514429000.0,3057620000.0,81400000.0,80942000.0,81508000.0
International Flavors & Fragrances Inc,IFF,BZLRL03D3GPGMOGFO832,51253,2014.0,Q2YTD,2014-01-01,2014-06-30,,,2.66,2.66,0.78,2.65,72294000.0,216992000.0,216992000.0,216992000.0,,864579000.0,1558638000.0,3198000.0,,127935000.0,304000.0,256652000.0,864579000.0,694059000.0,23080000.0,384891000.0,309168000.0,-19882000.0,289286000.0,1558638000.0,81700000.0,80949000.0,81430000.0
International Flavors & Fragrances Inc,IFF,BZLRL03D3GPGMOGFO832,51253,2014.0,Q2TTM,2013-07-01,2014-06-30,,,4.62,4.62,1.56,4.6,128711000.0,377517000.0,377517000.0,377517000.0,,1693145000.0,3026063000.0,6558000.0,,264000000.0,350000.0,523063000.0,1693145000.0,1332918000.0,45835000.0,787413000.0,545505000.0,-39277000.0,506228000.0,3026063000.0,81700000.0,80949000.0,81430000.0
International Flavors & Fragrances Inc,IFF,BZLRL03D3GPGMOGFO832,51253,2014.0,Q2,2014-04-01,2014-06-30,2015-08-10 17:05:33+00:00,,1.35,1.35,0.39,1.35,36068000.0,110285000.0,110285000.0,110285000.0,,435767000.0,788414000.0,4641000.0,,66431000.0,182000.0,132919000.0,435767000.0,352647000.0,11403000.0,199532000.0,153115000.0,-6762000.0,146353000.0,788414000.0,81700000.0,80949000.0,81430000.0
International Flavors & Fragrances Inc,IFF,BZLRL03D3GPGMOGFO832,51253,2014.0,Q1TTM,2013-04-01,2014-03-31,,,4.52,4.52,1.51,4.49,131066000.0,369554000.0,369554000.0,369554000.0,,1681027000.0,2995284000.0,13126000.0,,262241000.0,2273000.0,514957000.0,1681027000.0,1314257000.0,47292000.0,779471000.0,534786000.0,-34166000.0,500620000.0,2995284000.0,81500000.0,81053000.0,81732000.0
International Flavors & Fragrances Inc,IFF,BZLRL03D3GPGMOGFO832,51253,2014.0,Q1,2014-01-01,2014-03-31,2015-05-12 07:30:50+00:00,,1.31,1.31,0.39,1.3,36226000.0,106707000.0,106707000.0,106707000.0,,428812000.0,770224000.0,-1443000.0,,61504000.0,122000.0,123733000.0,428812000.0,341412000.0,11677000.0,185359000.0,156053000.0,-13120000.0,142933000.0,770224000.0,81500000.0,81053000.0,81732000.0
International Flavors & Fragrances Inc,IFF,BZLRL03D3GPGMOGFO832,51253,2015.0,FY,2015-01-01,2015-12-31,2018-02-27 16:22:08+00:00,15000000.0,5.19,5.19,2.06,5.16,119854000.0,419247000.0,419247000.0,419247000.0,,1671590000.0,3023189000.0,-3184000.0,0.0,246101000.0,7594000.0,494517000.0,1671590000.0,1351599000.0,46062000.0,763212000.0,588347000.0,-49246000.0,539101000.0,3023189000.0,80800000.0,80449000.0,80891000.0
International Flavors & Fragrances Inc,IFF,BZLRL03D3GPGMOGFO832,51253,2015.0,Q4,2015-10-01,2015-12-31,,4746000.0,0.99,0.99,0.56,0.99,23648000.0,79168000.0,79168000.0,79168000.0,,402493000.0,715649000.0,-6499000.0,,57375000.0,7765000.0,122250000.0,402493000.0,313156000.0,11705000.0,192136000.0,121020000.0,-18204000.0,102816000.0,715649000.0,80800000.0,80449000.0,80891000.0
International Flavors & Fragrances Inc,IFF,BZLRL03D3GPGMOGFO832,51253,2015.0,Q3,2015-07-01,2015-09-30,2016-11-07 16:44:43+00:00,5414000.0,1.32,1.32,0.56,1.31,36452000.0,106447000.0,106447000.0,106447000.0,,417966000.0,765092000.0,-1959000.0,,62750000.0,0.0,122249000.0,417966000.0,347126000.0,11855000.0,190413000.0,156713000.0,-13814000.0,142899000.0,765092000.0,80600000.0,80330000.0,80737000.0
International Flavors & Fragrances Inc,IFF,BZLRL03D3GPGMOGFO832,51253,2015.0,Q3YTD,2015-01-01,2015-09-30,,10254000.0,4.2,4.2,1.5,4.17,96206000.0,340079000.0,340079000.0,340079000.0,,1269097000.0,2307540000.0,3315000.0,,188726000.0,-171000.0,372267000.0,1269097000.0,1038443000.0,34357000.0,571076000.0,467327000.0,-31042000.0,436285000.0,2307540000.0,80600000.0,80330000.0,80737000.0
International Flavors & Fragrances Inc,IFF,BZLRL03D3GPGMOGFO832,51253,2015.0,Q3TTM,2014-10-01,2015-09-30,,17582000.0,5.31,5.31,1.97,5.27,123660000.0,430215000.0,430215000.0,430215000.0,,1697199000.0,3063622000.0,2361000.0,,250730000.0,215000.0,499966000.0,1697199000.0,1366423000.0,46376000.0,768493000.0,597890000.0,-44015000.0,553875000.0,3063622000.0,80600000.0,80330000.0,80737000.0
International Flavors & Fragrances Inc,IFF,BZLRL03D3GPGMOGFO832,51253,2015.0,Q2,2015-04-01,2015-06-30,2016-08-08 17:23:58+00:00,3040000.0,1.3,1.3,0.47,1.29,31604000.0,105374000.0,105374000.0,105374000.0,,422501000.0,767541000.0,-436000.0,,62514000.0,-358000.0,131023000.0,422501000.0,345040000.0,11407000.0,196219000.0,148821000.0,-11843000.0,136978000.0,767541000.0,81100000.0,80790000.0,81192000.0
International Flavors & Fragrances Inc,IFF,BZLRL03D3GPGMOGFO832,51253,2015.0,Q2YTD,2015-01-01,2015-06-30,,4840000.0,2.88,2.88,0.94,2.86,59754000.0,233632000.0,233632000.0,233632000.0,,851131000.0,1542448000.0,5274000.0,,125976000.0,-171000.0,250018000.0,851131000.0,691317000.0,22502000.0,380663000.0,310614000.0,-17228000.0,293386000.0,1542448000.0,81100000.0,80790000.0,81192000.0
International Flavors & Fragrances Inc,IFF,BZLRL03D3GPGMOGFO832,51253,2015.0,Q2TTM,2014-07-01,2015-06-30,,12168000.0,5.31,5.31,1.88,5.27,121978000.0,431183000.0,431183000.0,431183000.0,,1712935000.0,3072343000.0,4883000.0,,251681000.0,823000.0,500929000.0,1712935000.0,1359408000.0,45489000.0,765601000.0,593767000.0,-40606000.0,553161000.0,3072343000.0,81100000.0,80790000.0,81192000.0
International Flavors & Fragrances Inc,IFF,BZLRL03D3GPGMOGFO832,51253,2015.0,Q1,2015-01-01,2015-03-31,2016-05-09 16:44:06+00:00,1800000.0,1.58,1.58,0.47,1.57,28150000.0,128258000.0,128258000.0,128258000.0,,428630000.0,774907000.0,5710000.0,,63462000.0,187000.0,118995000.0,428630000.0,346277000.0,11095000.0,184444000.0,161793000.0,-5385000.0,156408000.0,774907000.0,81200000.0,80654000.0,81195000.0
International Flavors & Fragrances Inc,IFF,BZLRL03D3GPGMOGFO832,51253,2015.0,Q1TTM,2014-04-01,2015-03-31,,9128000.0,5.36,5.36,1.8,5.33,126442000.0,436094000.0,436094000.0,436094000.0,,1726201000.0,3093216000.0,9960000.0,,255598000.0,1363000.0,502825000.0,1726201000.0,1367015000.0,45485000.0,768914000.0,598061000.0,-35525000.0,562536000.0,3093216000.0,81200000.0,80654000.0,81195000.0
International Flavors & Fragrances Inc,IFF,BZLRL03D3GPGMOGFO832,51253,2016.0,FY,2016-01-01,2016-12-31,2019-02-26 16:33:04+00:00,23763000.0,5.07,5.07,2.4,5.05,118686000.0,405031000.0,405031000.0,405031000.0,0.0,1720787000.0,3116350000.0,23751000.0,-10836000.0,258863000.0,-1700000.0,572518000.0,1720787000.0,1395563000.0,52989000.0,842608000.0,552955000.0,-29238000.0,523717000.0,3116350000.0,79900000.0,79648000.0,79981000.0
International Flavors & Fragrances Inc,IFF,BZLRL03D3GPGMOGFO832,51253,2016.0,Q4,2016-10-01,2016-12-31,,7104000.0,1.0,1.0,0.64,1.0,23463000.0,79918000.0,79918000.0,79918000.0,,439114000.0,762559000.0,21797000.0,-7839000.0,67811000.0,-1700000.0,164145000.0,439114000.0,323445000.0,12340000.0,229521000.0,93924000.0,9457000.0,103381000.0,762559000.0,79900000.0,79648000.0,79981000.0
International Flavors & Fragrances Inc,IFF,BZLRL03D3GPGMOGFO832,51253,2016.0,Q3,2016-07-01,2016-09-30,2017-11-06 17:49:10+00:00,5468000.0,1.13,1.13,0.64,1.12,23613000.0,89777000.0,89777000.0,89777000.0,,430733000.0,777001000.0,2075000.0,-87000.0,64415000.0,0.0,152046000.0,430733000.0,346268000.0,13111000.0,221842000.0,124426000.0,-11036000.0,113390000.0,777001000.0,79400000.0,79580000.0,79935000.0
International Flavors & Fragrances Inc,IFF,BZLRL03D3GPGMOGFO832,51253,2016.0,Q3YTD,2016-01-01,2016-09-30,,16659000.0,4.07,4.07,1.76,4.05,95223000.0,325113000.0,325113000.0,325113000.0,,1281673000.0,2353791000.0,1954000.0,-2997000.0,191052000.0,,408373000.0,1281673000.0,1072118000.0,40649000.0,613087000.0,459031000.0,-38695000.0,420336000.0,2353791000.0,79400000.0,79580000.0,79935000.0
International Flavors & Fragrances Inc,IFF,BZLRL03D3GPGMOGFO832,51253,2016.0,Q3TTM,2015-10-01,2016-09-30,,21405000.0,5.06,5.06,2.32,5.04,118871000.0,404281000.0,404281000.0,404281000.0,,1684166000.0,3069440000.0,-4545000.0,-2997000.0,248427000.0,7765000.0,530623000.0,1684166000.0,1385274000.0,52354000.0,805223000.0,580051000.0,-56899000.0,523152000.0,3069440000.0,79400000.0,79580000.0,79935000.0
International Flavors & Fragrances Inc,IFF,BZLRL03D3GPGMOGFO832,51253,2016.0,Q2,2016-04-01,2016-06-30,2017-08-08 16:45:33+00:00,5130000.0,1.46,1.46,0.56,1.46,35317000.0,116733000.0,116733000.0,116733000.0,,427837000.0,793478000.0,2438000.0,-197000.0,63252000.0,0.0,132784000.0,427837000.0,365641000.0,15060000.0,200969000.0,164672000.0,-12622000.0,152050000.0,793478000.0,80000000.0,79764000.0,80040000.0
International Flavors & Fragrances Inc,IFF,BZLRL03D3GPGMOGFO832,51253,2016.0,Q2YTD,2016-01-01,2016-06-30,,11191000.0,2.94,2.94,1.12,2.93,71610000.0,235336000.0,235336000.0,235336000.0,,850940000.0,1576790000.0,-121000.0,-2910000.0,126637000.0,,256327000.0,850940000.0,725850000.0,27538000.0,391245000.0,334605000.0,-27659000.0,306946000.0,1576790000.0,80000000.0,79764000.0,80040000.0
International Flavors & Fragrances Inc,IFF,BZLRL03D3GPGMOGFO832,51253,2016.0,Q2TTM,2015-07-01,2016-06-30,,21351000.0,5.25,5.25,2.24,5.23,131710000.0,420951000.0,420951000.0,420951000.0,,1671399000.0,3057531000.0,-8579000.0,-2910000.0,246762000.0,7765000.0,500826000.0,1671399000.0,1386132000.0,51098000.0,773794000.0,612338000.0,-59677000.0,552661000.0,3057531000.0,80000000.0,79764000.0,80040000.0
International Flavors & Fragrances Inc,IFF,BZLRL03D3GPGMOGFO832,51253,2016.0,Q1,2016-01-01,2016-03-31,2017-05-08 16:49:58+00:00,6061000.0,1.48,1.48,0.56,1.47,36293000.0,118603000.0,118603000.0,118603000.0,,423103000.0,783312000.0,-2559000.0,-2713000.0,63385000.0,0.0,123543000.0,423103000.0,360209000.0,12478000.0,190276000.0,169933000.0,-15037000.0,154896000.0,783312000.0,80100000.0,79666000.0,80055000.0
International Flavors & Fragrances Inc,IFF,BZLRL03D3GPGMOGFO832,51253,2016.0,Q1TTM,2015-04-01,2016-03-31,,19261000.0,5.09,5.09,2.15,5.06,127997000.0,409592000.0,409592000.0,409592000.0,,1666063000.0,3031594000.0,-11453000.0,-2713000.0,246024000.0,7407000.0,499065000.0,1666063000.0,1365531000.0,47445000.0,769044000.0,596487000.0,-58898000.0,537589000.0,3031594000.0,80100000.0,79666000.0,80055000.0
International Flavors & Fragrances Inc,IFF,BZLRL03D3GPGMOGFO832,51253,2017.0,FY,2017-01-01,2017-12-31,2020-03-03 17:31:14+00:00,34693000.0,3.73,3.73,2.66,3.72,241380000.0,295665000.0,295665000.0,295665000.0,0.0,1926256000.0,3398719000.0,49778000.0,-184000.0,295469000.0,19711000.0,570144000.0,1926256000.0,1472463000.0,65363000.0,919833000.0,552630000.0,-15585000.0,537045000.0,3398719000.0,79300000.0,79070000.0,79370000.0
International Flavors & Fragrances Inc,IFF,BZLRL03D3GPGMOGFO832,51253,2017.0,Q4,2017-10-01,2017-12-31,,10367000.0,-0.51,-0.51,0.69,-0.5,155347000.0,-40155000.0,-40155000.0,-40155000.0,,498627000.0,854625000.0,9093000.0,-64000.0,76820000.0,5528000.0,141469000.0,498627000.0,355998000.0,15779000.0,234120000.0,121878000.0,-6686000.0,115192000.0,854625000.0,79300000.0,79070000.0,79370000.0
International Flavors & Fragrances Inc,IFF,BZLRL03D3GPGMOGFO832,51253,2017.0,Q3,2017-07-01,2017-09-30,2018-11-05 17:10:37+00:00,8766000.0,1.39,1.39,0.69,1.39,31065000.0,110261000.0,110261000.0,110261000.0,,492542000.0,872940000.0,11547000.0,-31000.0,73762000.0,3249000.0,145652000.0,492542000.0,380398000.0,19221000.0,231398000.0,149000000.0,-7674000.0,141326000.0,872940000.0,79300000.0,79063000.0,79362000.0
International Flavors & Fragrances Inc,IFF,BZLRL03D3GPGMOGFO832,51253,2017.0,Q3YTD,2017-01-01,2017-09-30,,24326000.0,4.24,4.24,1.97,4.22,86033000.0,335820000.0,335820000.0,335820000.0,,1427629000.0,2544094000.0,40685000.0,-120000.0,218649000.0,14183000.0,428675000.0,1427629000.0,1116465000.0,49584000.0,685713000.0,430752000.0,-8899000.0,421853000.0,2544094000.0,79300000.0,79063000.0,79362000.0
International Flavors & Fragrances Inc,IFF,BZLRL03D3GPGMOGFO832,51253,2017.0,Q3TTM,2016-10-01,2017-09-30,,31430000.0,5.24,5.24,2.61,5.22,109496000.0,415738000.0,415738000.0,415738000.0,,1866743000.0,3306653000.0,62482000.0,-7959000.0,286460000.0,12483000.0,592820000.0,1866743000.0,1439910000.0,61924000.0,915234000.0,524676000.0,558000.0,525234000.0,3306653000.0,79300000.0,79063000.0,79362000.0
International Flavors & Fragrances Inc,IFF,BZLRL03D3GPGMOGFO832,51253,2017.0,Q2,2017-04-01,2017-06-30,2018-08-07 16:53:41+00:00,8494000.0,1.39,1.39,0.64,1.38,32245000.0,109795000.0,109795000.0,109795000.0,,469877000.0,842861000.0,7909000.0,-68000.0,72761000.0,791000.0,139319000.0,469877000.0,372984000.0,17556000.0,221297000.0,151687000.0,-9647000.0,142040000.0,842861000.0,79000000.0,79072000.0,79305000.0
International Flavors & Fragrances Inc,IFF,BZLRL03D3GPGMOGFO832,51253,2017.0,Q2YTD,2017-01-01,2017-06-30,,15560000.0,2.85,2.85,1.28,2.83,54968000.0,225559000.0,225559000.0,225559000.0,,935087000.0,1671154000.0,29138000.0,-89000.0,144887000.0,10934000.0,283023000.0,935087000.0,736067000.0,30363000.0,454315000.0,281752000.0,-1225000.0,280527000.0,1671154000.0,79000000.0,79072000.0,79305000.0
International Flavors & Fragrances Inc,IFF,BZLRL03D3GPGMOGFO832,51253,2017.0,Q2TTM,2016-07-01,2017-06-30,,28132000.0,4.98,4.98,2.56,4.95,102044000.0,395254000.0,395254000.0,395254000.0,,1804934000.0,3210714000.0,53010000.0,-8015000.0,277113000.0,9234000.0,599214000.0,1804934000.0,1405780000.0,55814000.0,905678000.0,500102000.0,-2804000.0,497298000.0,3210714000.0,79000000.0,79072000.0,79305000.0
International Flavors & Fragrances Inc,IFF,BZLRL03D3GPGMOGFO832,51253,2017.0,Q1,2017-01-01,2017-03-31,2018-05-07 17:03:46+00:00,7066000.0,1.46,1.46,0.64,1.45,22723000.0,115764000.0,115764000.0,115764000.0,,465210000.0,828293000.0,21229000.0,-21000.0,72126000.0,10143000.0,143704000.0,465210000.0,363083000.0,12807000.0,233018000.0,130065000.0,8422000.0,138487000.0,828293000.0,79300000.0,79098000.0,79409000.0
International Flavors & Fragrances Inc,IFF,BZLRL03D3GPGMOGFO832,51253,2017.0,Q1TTM,2016-04-01,2017-03-31,,24768000.0,5.05,5.05,2.48,5.03,105116000.0,402192000.0,402192000.0,402192000.0,,1762894000.0,3161331000.0,47539000.0,-8144000.0,267604000.0,8443000.0,592679000.0,1762894000.0,1398437000.0,53318000.0,885350000.0,513087000.0,-5779000.0,507308000.0,3161331000.0,79300000.0,79098000.0,79409000.0
International Flavors & Fragrances Inc,IFF,BZLRL03D3GPGMOGFO832,51253,2018.0,FY,2018-01-01,2018-12-31,2020-03-03 17:31:14+00:00,75879000.0,3.81,3.81,2.84,3.79,107976000.0,339781000.0,339781000.0,337302000.0,2479000.0,2294832000.0,3977539000.0,35243000.0,-1177000.0,311583000.0,5079000.0,707461000.0,2294832000.0,1682707000.0,171368000.0,1098825000.0,583882000.0,-136125000.0,447757000.0,3977539000.0,88500000.0,87551000.0,88121000.0
International Flavors & Fragrances Inc,IFF,BZLRL03D3GPGMOGFO832,51253,2018.0,Q4,2018-10-01,2018-12-31,,48107000.0,-0.25,-0.25,0.73,-0.26,50800000.0,15500000.0,15500000.0,13021000.0,2479000.0,741532000.0,1219047000.0,9854000.0,-742000.0,83038000.0,2249000.0,249614000.0,741532000.0,477515000.0,38803000.0,382266000.0,95249000.0,-28949000.0,66300000.0,1219047000.0,88500000.0,87551000.0,88121000.0
International Flavors & Fragrances Inc,IFF,BZLRL03D3GPGMOGFO832,51253,2018.0,Q3,2018-07-01,2018-09-30,2019-11-04 17:02:22+00:00,9003000.0,1.18,1.18,0.73,1.17,4986000.0,95716000.0,95716000.0,95716000.0,0.0,506882000.0,907548000.0,4158000.0,-1630000.0,75302000.0,927000.0,157796000.0,506882000.0,400666000.0,62724000.0,241398000.0,159268000.0,-58566000.0,100702000.0,907548000.0,81100000.0,81263000.0,81647000.0
International Flavors & Fragrances Inc,IFF,BZLRL03D3GPGMOGFO832,51253,2018.0,Q3YTD,2018-01-01,2018-09-30,,27772000.0,4.06,4.06,2.11,4.05,57176000.0,324281000.0,324281000.0,324281000.0,,1553300000.0,2758492000.0,25389000.0,-435000.0,228545000.0,2830000.0,457847000.0,1553300000.0,1205192000.0,132565000.0,716559000.0,488633000.0,-107176000.0,381457000.0,2758492000.0,81100000.0,81263000.0,81647000.0
International Flavors & Fragrances Inc,IFF,BZLRL03D3GPGMOGFO832,51253,2018.0,Q3TTM,2017-10-01,2018-09-30,,38139000.0,3.55,3.55,2.8,3.55,212523000.0,284126000.0,284126000.0,284126000.0,,2051927000.0,3613117000.0,34482000.0,-499000.0,305365000.0,8358000.0,599316000.0,2051927000.0,1561190000.0,148344000.0,950679000.0,610511000.0,-113862000.0,496649000.0,3613117000.0,81100000.0,81263000.0,81647000.0
International Flavors & Fragrances Inc,IFF,BZLRL03D3GPGMOGFO832,51253,2018.0,Q2,2018-04-01,2018-06-30,2019-08-05 16:55:55+00:00,9584000.0,1.25,1.25,0.69,1.25,22769000.0,99149000.0,99149000.0,99149000.0,0.0,521299000.0,920016000.0,20655000.0,1264000.0,74767000.0,1186000.0,157407000.0,521299000.0,398717000.0,53246000.0,244208000.0,154509000.0,-32591000.0,121918000.0,920016000.0,79300000.0,79065000.0,79303000.0
International Flavors & Fragrances Inc,IFF,BZLRL03D3GPGMOGFO832,51253,2018.0,Q2YTD,2018-01-01,2018-06-30,,18769000.0,2.88,2.88,1.38,2.88,52190000.0,228565000.0,228565000.0,228565000.0,,1046418000.0,1850944000.0,21231000.0,1195000.0,153243000.0,1903000.0,300051000.0,1046418000.0,804526000.0,69841000.0,475161000.0,329365000.0,-48610000.0,280755000.0,1850944000.0,79300000.0,79065000.0,79303000.0
International Flavors & Fragrances Inc,IFF,BZLRL03D3GPGMOGFO832,51253,2018.0,Q2TTM,2017-07-01,2018-06-30,,37902000.0,3.76,3.76,2.76,3.77,238602000.0,298671000.0,298671000.0,298671000.0,,2037587000.0,3578509000.0,41871000.0,1100000.0,303825000.0,10680000.0,587172000.0,2037587000.0,1540922000.0,104841000.0,940679000.0,600243000.0,-62970000.0,537273000.0,3578509000.0,79300000.0,79065000.0,79303000.0
International Flavors & Fragrances Inc,IFF,BZLRL03D3GPGMOGFO832,51253,2018.0,Q1,2018-01-01,2018-03-31,2019-05-06 17:12:10+00:00,9185000.0,1.63,1.63,0.69,1.63,29421000.0,129416000.0,129416000.0,129416000.0,0.0,525119000.0,930928000.0,576000.0,-69000.0,78476000.0,717000.0,142644000.0,525119000.0,405809000.0,16595000.0,230953000.0,174856000.0,-16019000.0,158837000.0,930928000.0,79400000.0,79018000.0,79393000.0
International Flavors & Fragrances Inc,IFF,BZLRL03D3GPGMOGFO832,51253,2018.0,Q1TTM,2017-04-01,2018-03-31,,36812000.0,3.9,3.9,2.71,3.9,248078000.0,309317000.0,309317000.0,309317000.0,,1986165000.0,3501354000.0,29125000.0,-232000.0,301819000.0,10285000.0,569084000.0,1986165000.0,1515189000.0,69151000.0,917768000.0,597421000.0,-40026000.0,557395000.0,3501354000.0,79400000.0,79018000.0,79393000.0
International Flavors & Fragrances Inc,IFF,BZLRL03D3GPGMOGFO832,51253,2019.0,Q4,2019-10-01,2019-12-31,,49133000.0,0.72,0.72,0.75,0.71,16151000.0,80378000.0,80378000.0,83543000.0,-3165000.0,781607000.0,1283769000.0,15289000.0,1231000.0,85639000.0,7350000.0,242010000.0,781607000.0,502162000.0,35559000.0,385363000.0,116799000.0,-20270000.0,96529000.0,1283769000.0,112600000.0,111966000.0,113307000.0
International Flavors & Fragrances Inc,IFF,BZLRL03D3GPGMOGFO832,51253,2019.0,FY,2019-01-01,2019-12-31,2020-03-03 17:31:14+00:00,193097000.0,4.05,4.05,2.96,4.0,97184000.0,460268000.0,460268000.0,455873000.0,4395000.0,3027336000.0,5140084000.0,30403000.0,2367000.0,346128000.0,29765000.0,876121000.0,3027336000.0,2112748000.0,138221000.0,1447478000.0,665270000.0,-107818000.0,557452000.0,5140084000.0,112600000.0,111966000.0,113307000.0
International Flavors & Fragrances Inc,IFF,BZLRL03D3GPGMOGFO832,51253,2019.0,Q3YTD,2019-01-01,2019-09-30,,143964000.0,3.33,3.33,2.21,3.29,81033000.0,379890000.0,379890000.0,372330000.0,7560000.0,2245729000.0,3856315000.0,15114000.0,1136000.0,260489000.0,22415000.0,634111000.0,2245729000.0,1610586000.0,102662000.0,1062115000.0,548471000.0,-87548000.0,460923000.0,3856315000.0,110500000.0,111998000.0,113493000.0
International Flavors & Fragrances Inc,IFF,BZLRL03D3GPGMOGFO832,51253,2019.0,Q3TTM,2018-10-01,2019-09-30,,192071000.0,3.08,3.08,2.94,3.03,131833000.0,395390000.0,395390000.0,385351000.0,10039000.0,2987261000.0,5075362000.0,24968000.0,394000.0,343527000.0,24664000.0,883725000.0,2987261000.0,2088101000.0,141465000.0,1444381000.0,643720000.0,-116497000.0,527223000.0,5075362000.0,110500000.0,111998000.0,113493000.0
International Flavors & Fragrances Inc,IFF,BZLRL03D3GPGMOGFO832,51253,2019.0,Q3,2019-07-01,2019-09-30,2019-11-04 17:02:22+00:00,48430000.0,1.15,1.15,0.75,1.13,27059000.0,129807000.0,129807000.0,127124000.0,2683000.0,734257000.0,1267345000.0,5699000.0,372000.0,85077000.0,3716000.0,210829000.0,734257000.0,533088000.0,33497000.0,348424000.0,184664000.0,-27798000.0,156866000.0,1267345000.0,110500000.0,111998000.0,113493000.0
International Flavors & Fragrances Inc,IFF,BZLRL03D3GPGMOGFO832,51253,2019.0,Q2YTD,2019-01-01,2019-06-30,,95534000.0,2.18,2.18,1.46,2.16,53974000.0,250083000.0,250083000.0,245206000.0,4877000.0,1511472000.0,2588970000.0,9415000.0,764000.0,175412000.0,18699000.0,423282000.0,1511472000.0,1077498000.0,69165000.0,713691000.0,363807000.0,-59750000.0,304057000.0,2588970000.0,112700000.0,111996000.0,112872000.0
International Flavors & Fragrances Inc,IFF,BZLRL03D3GPGMOGFO832,51253,2019.0,Q2TTM,2018-07-01,2019-06-30,,152644000.0,3.11,3.11,2.92,3.07,109760000.0,361299000.0,361299000.0,353943000.0,7356000.0,2759886000.0,4715565000.0,23427000.0,-1608000.0,333752000.0,21875000.0,830692000.0,2759886000.0,1955679000.0,170692000.0,1337355000.0,618324000.0,-147265000.0,471059000.0,4715565000.0,112700000.0,111996000.0,112872000.0
International Flavors & Fragrances Inc,IFF,BZLRL03D3GPGMOGFO832,51253,2019.0,Q2,2019-04-01,2019-06-30,2019-08-05 16:55:55+00:00,47909000.0,1.21,1.21,0.73,1.2,30612000.0,138869000.0,138869000.0,136377000.0,2492000.0,745329000.0,1291568000.0,2137000.0,952000.0,84816000.0,2525000.0,210100000.0,745329000.0,546239000.0,32593000.0,346302000.0,199937000.0,-30456000.0,169481000.0,1291568000.0,112700000.0,111996000.0,112872000.0
International Flavors & Fragrances Inc,IFF,BZLRL03D3GPGMOGFO832,51253,2019.0,Q1,2019-01-01,2019-03-31,2020-05-11 16:57:12+00:00,47625000.0,0.97,0.97,0.73,0.96,23362000.0,111214000.0,111214000.0,108829000.0,2385000.0,766143000.0,1297402000.0,7278000.0,-188000.0,90596000.0,16174000.0,213182000.0,766143000.0,531259000.0,36572000.0,367389000.0,163870000.0,-29294000.0,134576000.0,1297402000.0,112200000.0,111864000.0,113389000.0
International Flavors & Fragrances Inc,IFF,BZLRL03D3GPGMOGFO832,51253,2019.0,Q1TTM,2018-04-01,2019-03-31,,114319000.0,3.15,3.15,2.88,3.12,101917000.0,321579000.0,321579000.0,316715000.0,4864000.0,2535856000.0,4344013000.0,41945000.0,-1296000.0,323703000.0,20536000.0,777999000.0,2535856000.0,1808157000.0,191345000.0,1235261000.0,572896000.0,-149400000.0,423496000.0,4344013000.0,112200000.0,111864000.0,113389000.0
International Flavors & Fragrances Inc,IFF,BZLRL03D3GPGMOGFO832,51253,2020.0,Q1TTM,2019-04-01,2020-03-31,,193822000.0,4.24,4.24,2.98,4.19,100119000.0,476265000.0,476265000.0,471651000.0,4614000.0,3042643000.0,5189999000.0,12551000.0,3309000.0,341441000.0,18509000.0,892653000.0,3042643000.0,2147356000.0,133789000.0,1449734000.0,697622000.0,-121238000.0,576384000.0,5189999000.0,107400000.0,112082000.0,113594000.0
International Flavors & Fragrances Inc,IFF,BZLRL03D3GPGMOGFO832,51253,2020.0,Q1,2020-01-01,2020-03-31,2020-05-11 16:57:12+00:00,48350000.0,1.16,1.16,0.75,1.15,26297000.0,127211000.0,127211000.0,124607000.0,2604000.0,781450000.0,1347317000.0,-10574000.0,754000.0,85909000.0,4918000.0,229714000.0,781450000.0,565867000.0,32140000.0,369645000.0,196222000.0,-42714000.0,153508000.0,1347317000.0,107400000.0,112082000.0,113594000.0
