company_name,company_ticker,company_lei,company_cik,year,quarter,start_date,end_date,filing_date,basicdilutedeps,basiceps,dilutedeps,incometaxexpense,netincome,netincomecontinuing,netincometocommon,operatingcostofrevenue,operatingrevenue,otherincome,otherrevenue,sgaexpense,totalcostofrevenue,totalgrossprofit,totalinterestexpense,totalinterestincome,totaloperatingexpenses,totaloperatingincome,totalotherincome,totalpretaxincome,totalrevenue,weightedavebasicdilutedsharesos,weightedavebasicsharesos,weightedavedilutedsharesos
Carmax Inc,KMX,,1170010,2009.0,FY,2008-03-01,2009-02-28,2011-04-28 15:18:03+00:00,0.27,0.27,0.27,37585000.0,59213000.0,59213000.0,59213000.0,6005796000.0,6732383000.0,,256869000.0,882358000.0,6005796000.0,983456000.0,6086000.0,1786000.0,882358000.0,101098000.0,-4300000.0,96798000.0,6989252000.0,219300000.0,217537000.0,219537000.0
Carmax Inc,KMX,,1170010,2010.0,FY,2009-03-01,2010-02-28,2012-04-25 17:31:18+00:00,1.27,1.25,1.24,168608000.0,277844000.0,277844000.0,277844000.0,6371323000.0,7223627000.0,560000.0,421783000.0,792201000.0,6371323000.0,1274087000.0,35994000.0,,792201000.0,481886000.0,-35434000.0,446452000.0,7645410000.0,218800000.0,219527000.0,222234000.0
Carmax Inc,KMX,,1170010,2010.0,Q3,2009-09-01,2009-11-30,2011-01-07 15:33:27+00:00,0.34,0.34,0.33,41311000.0,74589000.0,74589000.0,74589000.0,1483114000.0,1672142000.0,,119641000.0,192140000.0,1483114000.0,308669000.0,674000.0,45000.0,192140000.0,116529000.0,-629000.0,115900000.0,1791783000.0,219400000.0,220204000.0,223879000.0
Carmax Inc,KMX,,1170010,2010.0,Q2,2009-06-01,2009-08-31,2010-10-08 17:55:42+00:00,0.47,0.47,0.46,64428000.0,102971000.0,102971000.0,102971000.0,1762122000.0,2006813000.0,,141988000.0,218122000.0,1762122000.0,386679000.0,1348000.0,190000.0,218122000.0,168557000.0,-1158000.0,167399000.0,2148801000.0,219100000.0,218747000.0,221334000.0
Carmax Inc,KMX,,1170010,2011.0,FY,2010-03-01,2011-02-28,2013-04-26 17:20:01+00:00,1.68,1.68,1.65,230711000.0,377495000.0,377495000.0,377495000.0,7674326000.0,8975554000.0,480000.0,219983000.0,878805000.0,7674326000.0,1521211000.0,34680000.0,,878805000.0,642406000.0,-34200000.0,608206000.0,9195537000.0,224700000.0,223449000.0,227601000.0
Carmax Inc,KMX,,1170010,2011.0,Q4,2010-12-01,2011-02-28,,0.38,0.38,0.37,49200000.0,86127000.0,86127000.0,86127000.0,1931981000.0,2449300000.0,282000.0,-142528000.0,207170000.0,1931981000.0,374791000.0,32394000.0,-182000.0,207170000.0,167621000.0,-32294000.0,135327000.0,2306772000.0,224700000.0,223449000.0,227601000.0
Carmax Inc,KMX,,1170010,2011.0,Q3YTD,2010-03-01,2010-11-30,,1.3,1.3,1.28,181511000.0,291368000.0,291368000.0,291368000.0,5742345000.0,6526254000.0,198000.0,362511000.0,671635000.0,5742345000.0,1146420000.0,2286000.0,182000.0,671635000.0,474785000.0,-1906000.0,472879000.0,6888765000.0,222600000.0,223953000.0,228471000.0
Carmax Inc,KMX,,1170010,2011.0,Q3,2010-09-01,2010-11-30,2012-01-09 16:30:46+00:00,0.37,0.37,0.36,50981000.0,82364000.0,82364000.0,82364000.0,1821219000.0,2056257000.0,198000.0,118617000.0,219707000.0,1821219000.0,353655000.0,801000.0,,219707000.0,133948000.0,-603000.0,133345000.0,2174874000.0,222600000.0,223953000.0,228471000.0
Carmax Inc,KMX,,1170010,2011.0,Q2YTD,2010-03-01,2010-08-31,,0.93,0.93,0.92,130530000.0,209004000.0,209004000.0,209004000.0,3921126000.0,4469997000.0,,243894000.0,451928000.0,3921126000.0,792765000.0,1485000.0,182000.0,451928000.0,340837000.0,-1303000.0,339534000.0,4713891000.0,224800000.0,222857000.0,226132000.0
Carmax Inc,KMX,,1170010,2011.0,Q2,2010-06-01,2010-08-31,2011-10-07 08:33:58+00:00,0.48,0.48,0.48,67290000.0,107885000.0,107885000.0,107885000.0,1992762000.0,2270544000.0,,123940000.0,225236000.0,1992762000.0,401722000.0,1413000.0,102000.0,225236000.0,176486000.0,-1311000.0,175175000.0,2394484000.0,224800000.0,222857000.0,226132000.0
Carmax Inc,KMX,,1170010,2011.0,Q1,2010-03-01,2010-05-31,2011-07-11 10:39:24+00:00,0.45,0.45,0.44,63240000.0,101119000.0,101119000.0,101119000.0,1928364000.0,2199453000.0,,119954000.0,226692000.0,1928364000.0,391043000.0,72000.0,80000.0,226692000.0,164351000.0,8000.0,164359000.0,2319407000.0,224700000.0,222221000.0,226179000.0
Carmax Inc,KMX,,1170010,2012.0,FY,2011-03-01,2012-02-29,2014-04-28 16:02:32+00:00,1.83,1.83,1.79,253115000.0,413795000.0,413795000.0,413795000.0,8624838000.0,10003599000.0,464000.0,262185000.0,940786000.0,8624838000.0,1640946000.0,33714000.0,,940786000.0,700160000.0,-33250000.0,666910000.0,10265784000.0,226100000.0,226282000.0,230721000.0
Carmax Inc,KMX,,1170010,2012.0,Q4,2011-12-01,2012-02-29,,0.41,0.42,0.41,57729000.0,95031000.0,95031000.0,95031000.0,2137677000.0,7392379000.0,-4847988000.0,-2124000.0,243479000.0,2137677000.0,5252578000.0,8351000.0,,243479000.0,5009099000.0,-4856339000.0,152760000.0,7390255000.0,226100000.0,226282000.0,230721000.0
Carmax Inc,KMX,,1170010,2012.0,Q3,2011-09-01,2011-11-30,2013-01-08 17:38:19+00:00,0.37,0.36,0.36,49516000.0,82110000.0,82110000.0,82110000.0,1957295000.0,,2260420000.0,62625000.0,225765000.0,1957295000.0,-1894670000.0,8359000.0,,225765000.0,-2120435000.0,2252061000.0,131626000.0,62625000.0,221900000.0,226446000.0,230632000.0
Carmax Inc,KMX,,1170010,2012.0,Q3YTD,2011-03-01,2011-11-30,,1.42,1.41,1.38,195386000.0,318764000.0,318764000.0,318764000.0,6487161000.0,2611220000.0,4848452000.0,264309000.0,697307000.0,6487161000.0,-3611632000.0,25363000.0,,697307000.0,-4308939000.0,4823089000.0,514150000.0,2875529000.0,221900000.0,226446000.0,230632000.0
Carmax Inc,KMX,,1170010,2012.0,Q3TTM,2010-12-01,2011-11-30,,1.8,1.79,1.75,244586000.0,404891000.0,404891000.0,404891000.0,8419142000.0,5060520000.0,4848734000.0,121781000.0,904477000.0,8419142000.0,-3236841000.0,57757000.0,-182000.0,904477000.0,-4141318000.0,4790795000.0,649477000.0,5182301000.0,221900000.0,226446000.0,230632000.0
Carmax Inc,KMX,,1170010,2012.0,Q2,2011-06-01,2011-08-31,2012-10-09 17:43:49+00:00,0.49,0.49,0.48,68706000.0,111154000.0,111154000.0,111154000.0,2233544000.0,,2587929000.0,63826000.0,229887000.0,2233544000.0,-2169718000.0,8464000.0,,229887000.0,-2399605000.0,2579465000.0,179860000.0,63826000.0,226800000.0,226300000.0,230681000.0
Carmax Inc,KMX,,1170010,2012.0,Q2YTD,2011-03-01,2011-08-31,,1.05,1.05,1.02,145870000.0,236654000.0,236654000.0,236654000.0,4529866000.0,2611220000.0,2588032000.0,201684000.0,471542000.0,4529866000.0,-1716962000.0,17004000.0,,471542000.0,-2188504000.0,2571028000.0,382524000.0,2812904000.0,226800000.0,226300000.0,230681000.0
Carmax Inc,KMX,,1170010,2012.0,Q2TTM,2010-09-01,2011-08-31,,1.8,1.8,1.75,246051000.0,405145000.0,405145000.0,405145000.0,8283066000.0,7116777000.0,2588512000.0,177773000.0,898419000.0,8283066000.0,-988516000.0,50199000.0,-182000.0,898419000.0,-1886935000.0,2538131000.0,651196000.0,7294550000.0,226800000.0,226300000.0,230681000.0
Carmax Inc,KMX,,1170010,2012.0,Q1TTM,2010-06-01,2011-05-31,,1.79,1.79,1.75,244635000.0,401876000.0,401876000.0,401876000.0,8042284000.0,9387321000.0,583000.0,237887000.0,893768000.0,8042284000.0,1582924000.0,43148000.0,-80000.0,893768000.0,689156000.0,-42645000.0,646511000.0,9625208000.0,224100000.0,225570000.0,230278000.0
Carmax Inc,KMX,,1170010,2012.0,Q1,2011-03-01,2011-05-31,2012-07-06 16:14:39+00:00,0.56,0.56,0.54,77164000.0,125500000.0,125500000.0,125500000.0,2296322000.0,2611220000.0,103000.0,137858000.0,241655000.0,2296322000.0,452756000.0,8540000.0,,241655000.0,211101000.0,-8437000.0,202664000.0,2749078000.0,224100000.0,225570000.0,230278000.0
Carmax Inc,KMX,,1170010,2013.0,Q4,2012-12-01,2013-02-28,,0.47,0.47,0.46,64930000.0,107221000.0,107221000.0,107221000.0,2458713000.0,5602368000.0,-2773990000.0,75958000.0,265475000.0,2458713000.0,3219613000.0,7997000.0,,265475000.0,2954138000.0,-2781987000.0,172151000.0,5678326000.0,228600000.0,228095000.0,231823000.0
Carmax Inc,KMX,,1170010,2013.0,FY,2012-03-01,2013-02-28,2015-04-24 15:47:05+00:00,1.9,1.9,1.87,267067000.0,434284000.0,434284000.0,434284000.0,9498456000.0,10962818000.0,1113000.0,299267000.0,1031034000.0,9498456000.0,1763629000.0,32357000.0,,1031034000.0,732595000.0,-31244000.0,701351000.0,11262085000.0,228600000.0,228095000.0,231823000.0
Carmax Inc,KMX,,1170010,2013.0,Q3YTD,2012-03-01,2012-11-30,,1.43,1.43,1.41,202137000.0,327063000.0,327063000.0,327063000.0,7039743000.0,5360450000.0,2775103000.0,223309000.0,765559000.0,7039743000.0,-1455984000.0,24360000.0,,765559000.0,-2221543000.0,2750743000.0,529200000.0,5583759000.0,230900000.0,228904000.0,232656000.0
Carmax Inc,KMX,,1170010,2013.0,Q3TTM,2011-12-01,2012-11-30,,1.84,1.85,1.82,259866000.0,422094000.0,422094000.0,422094000.0,9177420000.0,12752829000.0,-2072885000.0,221185000.0,1009038000.0,9177420000.0,3796594000.0,32711000.0,,1009038000.0,2787556000.0,-2105596000.0,681960000.0,12974014000.0,230900000.0,228904000.0,232656000.0
Carmax Inc,KMX,,1170010,2013.0,Q3,2012-09-01,2012-11-30,2014-01-08 14:19:04+00:00,0.41,0.41,0.41,57784000.0,94681000.0,94681000.0,94681000.0,2257227000.0,2602446000.0,139000.0,72454000.0,257282000.0,2257227000.0,417673000.0,8065000.0,,257282000.0,160391000.0,-7926000.0,152465000.0,2674900000.0,230900000.0,228904000.0,232656000.0
Carmax Inc,KMX,,1170010,2013.0,Q2YTD,2012-03-01,2012-08-31,,1.02,1.02,1.0,144353000.0,232382000.0,232382000.0,232382000.0,4782516000.0,2758004000.0,2774964000.0,150855000.0,508277000.0,4782516000.0,-1873657000.0,16295000.0,,508277000.0,-2381934000.0,2758669000.0,376735000.0,2908859000.0,227800000.0,228366000.0,231696000.0
Carmax Inc,KMX,,1170010,2013.0,Q2TTM,2011-09-01,2012-08-31,,1.8,1.8,1.77,251598000.0,409523000.0,409523000.0,409523000.0,8877488000.0,10150383000.0,187396000.0,211356000.0,977521000.0,8877488000.0,1484251000.0,33005000.0,,977521000.0,506730000.0,154391000.0,661121000.0,10361739000.0,227800000.0,228366000.0,231696000.0
Carmax Inc,KMX,,1170010,2013.0,Q2,2012-06-01,2012-08-31,2013-10-07 15:49:13+00:00,0.49,0.49,0.48,69466000.0,111636000.0,111636000.0,111636000.0,2390011000.0,2758004000.0,259000.0,75676000.0,254674000.0,2390011000.0,443669000.0,8152000.0,,254674000.0,188995000.0,-7893000.0,181102000.0,2833680000.0,227800000.0,228366000.0,231696000.0
Carmax Inc,KMX,,1170010,2013.0,Q1,2012-03-01,2012-05-31,2013-07-09 16:51:33+00:00,0.53,0.53,0.52,74887000.0,120746000.0,120746000.0,120746000.0,2392505000.0,,2774705000.0,75179000.0,253603000.0,2392505000.0,-2317326000.0,8143000.0,,253603000.0,-2570929000.0,2766562000.0,195633000.0,75179000.0,227800000.0,227773000.0,231802000.0
Carmax Inc,KMX,,1170010,2013.0,Q1TTM,2011-06-01,2012-05-31,,1.8,1.8,1.77,250838000.0,409041000.0,409041000.0,409041000.0,8721021000.0,7392379000.0,2775066000.0,199506000.0,952734000.0,8721021000.0,-1129136000.0,33317000.0,,952734000.0,-2081870000.0,2741749000.0,659879000.0,7591885000.0,227800000.0,227773000.0,231802000.0
Carmax Inc,KMX,,1170010,2014.0,FY,2013-03-01,2014-02-28,2016-04-22 12:02:48+00:00,2.2,2.2,2.16,304736000.0,492586000.0,492586000.0,492586000.0,10925598000.0,12574299000.0,-1497000.0,336200000.0,1155215000.0,10925598000.0,1984901000.0,30834000.0,,1155215000.0,829686000.0,-32331000.0,797322000.0,12910499000.0,223900000.0,223589000.0,227584000.0
Carmax Inc,KMX,,1170010,2014.0,Q4,2013-12-01,2014-02-28,,0.44,0.44,0.43,60499000.0,99209000.0,99209000.0,99209000.0,2692142000.0,3076283000.0,-254000.0,80854000.0,297454000.0,2692142000.0,464995000.0,7546000.0,,297454000.0,167541000.0,-7800000.0,159708000.0,3157137000.0,223900000.0,223589000.0,227584000.0
Carmax Inc,KMX,,1170010,2014.0,Q3YTD,2013-03-01,2013-11-30,,1.76,1.76,1.73,244237000.0,393377000.0,393377000.0,393377000.0,8233456000.0,9498016000.0,-1243000.0,255346000.0,857761000.0,8233456000.0,1519906000.0,23288000.0,,857761000.0,662145000.0,-24531000.0,637614000.0,9753362000.0,221800000.0,223259000.0,227417000.0
Carmax Inc,KMX,,1170010,2014.0,Q3TTM,2012-12-01,2013-11-30,,2.23,2.23,2.19,309167000.0,500598000.0,500598000.0,500598000.0,10692169000.0,15100384000.0,-2775233000.0,331304000.0,1123236000.0,10692169000.0,4739519000.0,31285000.0,,1123236000.0,3616283000.0,-2806518000.0,809765000.0,15431688000.0,221800000.0,223259000.0,227417000.0
Carmax Inc,KMX,,1170010,2014.0,Q3,2013-09-01,2013-11-30,2015-01-08 13:35:37+00:00,0.48,0.48,0.47,66748000.0,106452000.0,106452000.0,106452000.0,2559686000.0,2941407000.0,-411000.0,83905000.0,284366000.0,2559686000.0,465626000.0,7649000.0,,284366000.0,181260000.0,-8060000.0,173200000.0,3025312000.0,221800000.0,223259000.0,227417000.0
Carmax Inc,KMX,,1170010,2014.0,Q2YTD,2013-03-01,2013-08-31,,1.28,1.28,1.26,177489000.0,286925000.0,286925000.0,286925000.0,5673770000.0,6556609000.0,-832000.0,171441000.0,573395000.0,5673770000.0,1054280000.0,15639000.0,,573395000.0,480885000.0,-16471000.0,464414000.0,6728050000.0,222700000.0,223610000.0,227634000.0
Carmax Inc,KMX,,1170010,2014.0,Q2TTM,2012-09-01,2013-08-31,,2.16,2.16,2.13,300203000.0,488827000.0,488827000.0,488827000.0,10389710000.0,14761423000.0,-2774683000.0,319853000.0,1096152000.0,10389710000.0,4691566000.0,31701000.0,,1096152000.0,3595414000.0,-2806384000.0,789030000.0,15081276000.0,222700000.0,223610000.0,227634000.0
Carmax Inc,KMX,,1170010,2014.0,Q2,2013-06-01,2013-08-31,2014-10-08 13:41:59+00:00,0.63,0.63,0.62,86851000.0,140274000.0,140274000.0,140274000.0,2810809000.0,3245552000.0,-1073000.0,84422000.0,283206000.0,2810809000.0,519165000.0,7761000.0,,283206000.0,235959000.0,-8834000.0,227125000.0,3329974000.0,222700000.0,223610000.0,227634000.0
Carmax Inc,KMX,,1170010,2014.0,Q1TTM,2012-06-01,2013-05-31,,2.02,2.02,1.99,282818000.0,460189000.0,460189000.0,460189000.0,9968912000.0,14273875000.0,-2773351000.0,311107000.0,1067620000.0,9968912000.0,4616070000.0,32092000.0,,1067620000.0,3548450000.0,-2805443000.0,743007000.0,14584982000.0,225600000.0,224618000.0,228552000.0
Carmax Inc,KMX,,1170010,2014.0,Q1,2013-03-01,2013-05-31,2014-07-08 14:34:59+00:00,0.65,0.65,0.64,90638000.0,146651000.0,146651000.0,146651000.0,2862961000.0,3311057000.0,241000.0,87019000.0,290189000.0,2862961000.0,535115000.0,7878000.0,,290189000.0,244926000.0,-7637000.0,237289000.0,3398076000.0,225600000.0,224618000.0,228552000.0
Carmax Inc,KMX,,1170010,2015.0,FY,2014-03-01,2015-02-28,2017-04-21 12:08:41+00:00,2.77,2.77,2.73,371973000.0,597358000.0,597358000.0,597358000.0,12381189000.0,14268716000.0,-3292000.0,367300000.0,1257725000.0,12381189000.0,2254827000.0,24473000.0,,1257725000.0,997102000.0,-27765000.0,969331000.0,14636016000.0,215700000.0,215617000.0,218691000.0
Carmax Inc,KMX,,1170010,2015.0,Q4,2014-12-01,2015-02-28,,0.68,0.68,0.67,89694000.0,143138000.0,143138000.0,143138000.0,3038255000.0,3667389000.0,-1196000.0,-62908000.0,330009000.0,3038255000.0,566226000.0,2183000.0,,330009000.0,236217000.0,-3379000.0,232832000.0,3604481000.0,215700000.0,215617000.0,218691000.0
Carmax Inc,KMX,,1170010,2015.0,Q3,2014-09-01,2014-11-30,2016-01-07 15:06:28+00:00,0.61,0.61,0.6,80787000.0,130049000.0,130049000.0,130049000.0,2958614000.0,3330752000.0,-1536000.0,164204000.0,316632000.0,2958614000.0,536342000.0,7338000.0,,316632000.0,219710000.0,-8874000.0,210836000.0,3494956000.0,213200000.0,214228000.0,217025000.0
Carmax Inc,KMX,,1170010,2015.0,Q3YTD,2014-03-01,2014-11-30,,2.09,2.09,2.06,282279000.0,454220000.0,454220000.0,454220000.0,9342934000.0,10601327000.0,-2096000.0,430208000.0,927716000.0,9342934000.0,1688601000.0,22290000.0,,927716000.0,760885000.0,-24386000.0,736499000.0,11031535000.0,213200000.0,214228000.0,217025000.0
Carmax Inc,KMX,,1170010,2015.0,Q3TTM,2013-12-01,2014-11-30,,2.53,2.53,2.49,342778000.0,553429000.0,553429000.0,553429000.0,12035076000.0,13677610000.0,-2350000.0,511062000.0,1225170000.0,12035076000.0,2153596000.0,29836000.0,,1225170000.0,928426000.0,-32186000.0,896207000.0,14188672000.0,213200000.0,214228000.0,217025000.0
Carmax Inc,KMX,,1170010,2015.0,Q2,2014-06-01,2014-08-31,2015-10-08 15:41:20+00:00,0.71,0.71,0.7,96123000.0,154518000.0,154518000.0,154518000.0,3135855000.0,3520379000.0,-283000.0,171389000.0,297638000.0,3135855000.0,555913000.0,7351000.0,,297638000.0,258275000.0,-7634000.0,250641000.0,3691768000.0,217600000.0,218180000.0,221070000.0
Carmax Inc,KMX,,1170010,2015.0,Q2YTD,2014-03-01,2014-08-31,,1.48,1.48,1.46,201492000.0,324171000.0,324171000.0,324171000.0,6384320000.0,7270575000.0,-560000.0,266004000.0,611084000.0,6384320000.0,1152259000.0,14952000.0,,611084000.0,541175000.0,-15512000.0,525663000.0,7536579000.0,217600000.0,218180000.0,221070000.0
Carmax Inc,KMX,,1170010,2015.0,Q2TTM,2013-09-01,2014-08-31,,2.4,2.4,2.36,328739000.0,529832000.0,529832000.0,529832000.0,11636148000.0,13288265000.0,-1225000.0,430763000.0,1192904000.0,11636148000.0,2082880000.0,30147000.0,,1192904000.0,889976000.0,-31372000.0,858571000.0,13719028000.0,217600000.0,218180000.0,221070000.0
Carmax Inc,KMX,,1170010,2015.0,Q1TTM,2013-06-01,2014-05-31,,2.32,2.32,2.28,319467000.0,515588000.0,515588000.0,515588000.0,11311102000.0,13013438000.0,-2015000.0,343796000.0,1178472000.0,11311102000.0,2046132000.0,30557000.0,,1178472000.0,867660000.0,-32572000.0,835055000.0,13357234000.0,220300000.0,220268000.0,223632000.0
Carmax Inc,KMX,,1170010,2015.0,Q1,2014-03-01,2014-05-31,2015-07-08 14:26:28+00:00,0.77,0.77,0.76,105369000.0,169653000.0,169653000.0,169653000.0,3248465000.0,3750196000.0,-277000.0,94615000.0,313446000.0,3248465000.0,596346000.0,7601000.0,,313446000.0,282900000.0,-7878000.0,275022000.0,3844811000.0,220300000.0,220268000.0,223632000.0
Carmax Inc,KMX,,1170010,2016.0,FY,2015-03-01,2016-02-29,2018-04-24 12:09:40+00:00,3.07,3.07,3.03,386516000.0,623428000.0,623428000.0,623428000.0,13130915000.0,15149675000.0,-12559000.0,392000000.0,1351935000.0,13130915000.0,2410760000.0,36358000.0,,1351935000.0,1058825000.0,-48917000.0,1009944000.0,15541675000.0,203100000.0,203275000.0,205540000.0
Carmax Inc,KMX,,1170010,2016.0,Q4,2015-12-01,2016-02-29,,0.73,0.73,0.72,85159000.0,141027000.0,141027000.0,141027000.0,3216540000.0,4115639000.0,-9768000.0,-317537000.0,333860000.0,3216540000.0,581562000.0,11784000.0,,333860000.0,247702000.0,-21552000.0,226186000.0,3798102000.0,203100000.0,203275000.0,205540000.0
Carmax Inc,KMX,,1170010,2016.0,Q3,2015-09-01,2015-11-30,2017-01-06 10:11:21+00:00,0.64,0.64,0.63,79758000.0,128199000.0,128199000.0,128199000.0,3079738000.0,3422759000.0,-1157000.0,213626000.0,337512000.0,3079738000.0,556647000.0,10021000.0,,337512000.0,219135000.0,-11178000.0,207957000.0,3636385000.0,200300000.0,201291000.0,203383000.0
Carmax Inc,KMX,,1170010,2016.0,Q3YTD,2015-03-01,2015-11-30,,2.34,2.34,2.31,301357000.0,482401000.0,482401000.0,482401000.0,9914375000.0,11034036000.0,-2791000.0,709537000.0,1018075000.0,9914375000.0,1829198000.0,24574000.0,,1018075000.0,811123000.0,-27365000.0,783758000.0,11743573000.0,200300000.0,201291000.0,203383000.0
Carmax Inc,KMX,,1170010,2016.0,Q3TTM,2014-12-01,2015-11-30,,3.02,3.02,2.98,391051000.0,625539000.0,625539000.0,625539000.0,12952630000.0,14701425000.0,-3987000.0,646629000.0,1348084000.0,12952630000.0,2395424000.0,26757000.0,,1348084000.0,1047340000.0,-30744000.0,1016590000.0,15348054000.0,200300000.0,201291000.0,203383000.0
Carmax Inc,KMX,,1170010,2016.0,Q2,2015-06-01,2015-08-31,2016-10-06 12:29:08+00:00,0.83,0.83,0.82,107594000.0,172228000.0,172228000.0,172228000.0,3363543000.0,3741994000.0,-1593000.0,241198000.0,330784000.0,3363543000.0,619649000.0,7450000.0,,330784000.0,288865000.0,-9043000.0,279822000.0,3983192000.0,207500000.0,207249000.0,209648000.0
Carmax Inc,KMX,,1170010,2016.0,Q2YTD,2015-03-01,2015-08-31,,1.7,1.7,1.68,221599000.0,354202000.0,354202000.0,354202000.0,6834637000.0,7611277000.0,-1634000.0,495911000.0,680563000.0,6834637000.0,1272551000.0,14553000.0,,680563000.0,591988000.0,-16187000.0,575801000.0,8107188000.0,207500000.0,207249000.0,209648000.0
Carmax Inc,KMX,,1170010,2016.0,Q2TTM,2014-09-01,2015-08-31,,2.99,2.99,2.95,392080000.0,627389000.0,627389000.0,627389000.0,12831506000.0,14609418000.0,-4366000.0,597207000.0,1327204000.0,12831506000.0,2375119000.0,24074000.0,,1327204000.0,1047915000.0,-28440000.0,1019469000.0,15206625000.0,207500000.0,207249000.0,209648000.0
Carmax Inc,KMX,,1170010,2016.0,Q1,2015-03-01,2015-05-31,2016-07-07 13:59:24+00:00,0.87,0.87,0.86,114005000.0,181974000.0,181974000.0,181974000.0,3471094000.0,3869283000.0,-41000.0,254713000.0,349779000.0,3471094000.0,652902000.0,7103000.0,,349779000.0,303123000.0,-7144000.0,295979000.0,4123996000.0,209200000.0,208698000.0,211652000.0
Carmax Inc,KMX,,1170010,2016.0,Q1TTM,2014-06-01,2015-05-31,,2.87,2.87,2.83,380609000.0,609679000.0,609679000.0,609679000.0,12603818000.0,14387803000.0,-3056000.0,527398000.0,1294058000.0,12603818000.0,2311383000.0,23975000.0,,1294058000.0,1017325000.0,-27031000.0,990288000.0,14915201000.0,209200000.0,208698000.0,211652000.0
Carmax Inc,KMX,,1170010,2017.0,FY,2016-03-01,2017-02-28,2019-04-19 13:08:12+00:00,3.29,3.29,3.26,379435000.0,626970000.0,626970000.0,626970000.0,13691824000.0,15875118000.0,-953000.0,368984000.0,1488504000.0,13691824000.0,2552278000.0,56416000.0,,1488504000.0,1063774000.0,-57369000.0,1006405000.0,16244102000.0,190600000.0,190343000.0,192215000.0
Carmax Inc,KMX,,1170010,2017.0,Q4,2016-12-01,2017-02-28,,0.81,0.81,0.8,89712000.0,152603000.0,152603000.0,152603000.0,3487800000.0,4438189000.0,-977000.0,-305404000.0,385413000.0,3487800000.0,644985000.0,16353000.0,,385413000.0,259572000.0,-17330000.0,242315000.0,4132785000.0,190600000.0,190343000.0,192215000.0
Carmax Inc,KMX,,1170010,2017.0,Q3,2016-09-01,2016-11-30,2018-01-04 10:55:07+00:00,0.72,0.72,0.72,83016000.0,136645000.0,136645000.0,136645000.0,3198389000.0,3578998000.0,-1027000.0,211885000.0,356735000.0,3198389000.0,592494000.0,15071000.0,,356735000.0,235759000.0,-16098000.0,219661000.0,3790883000.0,189800000.0,189200000.0,190818000.0
Carmax Inc,KMX,,1170010,2017.0,Q3YTD,2016-03-01,2016-11-30,,2.48,2.48,2.46,289723000.0,474367000.0,474367000.0,474367000.0,10204024000.0,11436929000.0,24000.0,674388000.0,1103091000.0,10204024000.0,1907293000.0,40063000.0,,1103091000.0,804202000.0,-40039000.0,764090000.0,12111317000.0,189800000.0,189200000.0,190818000.0
Carmax Inc,KMX,,1170010,2017.0,Q3TTM,2015-12-01,2016-11-30,,3.21,3.21,3.18,374882000.0,615394000.0,615394000.0,615394000.0,13420564000.0,15552568000.0,-9744000.0,356851000.0,1436951000.0,13420564000.0,2488855000.0,51847000.0,,1436951000.0,1051904000.0,-61591000.0,990276000.0,15909419000.0,189800000.0,189200000.0,190818000.0
Carmax Inc,KMX,,1170010,2017.0,Q2,2016-06-01,2016-08-31,2017-10-05 11:57:41+00:00,0.85,0.85,0.84,99374000.0,162362000.0,162362000.0,162362000.0,3451886000.0,3861216000.0,435000.0,232032000.0,366126000.0,3451886000.0,641362000.0,13904000.0,,366126000.0,275236000.0,-13469000.0,261736000.0,4093248000.0,191000000.0,191539000.0,193623000.0
Carmax Inc,KMX,,1170010,2017.0,Q2YTD,2016-03-01,2016-08-31,,1.76,1.76,1.74,206707000.0,337722000.0,337722000.0,337722000.0,7005635000.0,7857931000.0,1051000.0,462503000.0,746356000.0,7005635000.0,1314799000.0,24992000.0,,746356000.0,568443000.0,-23941000.0,544429000.0,8320434000.0,191000000.0,191539000.0,193623000.0
Carmax Inc,KMX,,1170010,2017.0,Q2TTM,2015-09-01,2016-08-31,,3.13,3.13,3.09,371624000.0,606948000.0,606948000.0,606948000.0,13301913000.0,15396329000.0,-9874000.0,358592000.0,1417728000.0,13301913000.0,2453008000.0,46797000.0,,1417728000.0,1035280000.0,-56671000.0,978572000.0,15754921000.0,191000000.0,191539000.0,193623000.0
Carmax Inc,KMX,,1170010,2017.0,Q1,2016-03-01,2016-05-31,2017-07-07 10:53:57+00:00,0.91,0.91,0.9,107333000.0,175360000.0,175360000.0,175360000.0,3553749000.0,3996715000.0,616000.0,230471000.0,380230000.0,3553749000.0,673437000.0,11088000.0,,380230000.0,293207000.0,-10472000.0,282693000.0,4227186000.0,192700000.0,193531000.0,195253000.0
Carmax Inc,KMX,,1170010,2017.0,Q1TTM,2015-06-01,2016-05-31,,3.11,3.11,3.07,379844000.0,616814000.0,616814000.0,616814000.0,13213570000.0,15277107000.0,-11902000.0,367758000.0,1382386000.0,13213570000.0,2431295000.0,40343000.0,,1382386000.0,1048909000.0,-52245000.0,996658000.0,15644865000.0,192700000.0,193531000.0,195253000.0
Carmax Inc,KMX,,1170010,2018.0,FY,2017-03-01,2018-02-28,2020-04-21 12:00:14+00:00,3.64,3.64,3.6,399496000.0,664112000.0,664112000.0,664112000.0,14791350000.0,17120209000.0,1363000.0,421182000.0,1617051000.0,14791350000.0,2750041000.0,70745000.0,,1617051000.0,1132990000.0,-69382000.0,1063608000.0,17541391000.0,182400000.0,182660000.0,184470000.0
Carmax Inc,KMX,,1170010,2018.0,Q4,2017-12-01,2018-02-28,,0.69,0.69,0.68,87977000.0,122146000.0,122146000.0,122146000.0,3547490000.0,4084218000.0,802000.0,101073000.0,408814000.0,3547490000.0,637801000.0,19666000.0,,408814000.0,228987000.0,-18864000.0,210123000.0,4185291000.0,182400000.0,182660000.0,184470000.0
Carmax Inc,KMX,,1170010,2018.0,Q3,2017-09-01,2017-11-30,2019-01-08 11:53:02+00:00,0.82,0.82,0.81,76360000.0,148840000.0,148840000.0,148840000.0,3567829000.0,4107017000.0,279000.0,102810000.0,399672000.0,3567829000.0,641998000.0,17405000.0,,399672000.0,242326000.0,-17126000.0,225200000.0,4209827000.0,181500000.0,181888000.0,184033000.0
Carmax Inc,KMX,,1170010,2018.0,Q3YTD,2017-03-01,2017-11-30,,2.95,2.95,2.92,311519000.0,541966000.0,541966000.0,541966000.0,11243860000.0,13035991000.0,561000.0,320109000.0,1208237000.0,11243860000.0,2112240000.0,51079000.0,,1208237000.0,904003000.0,-50518000.0,853485000.0,13356100000.0,181500000.0,181888000.0,184033000.0
Carmax Inc,KMX,,1170010,2018.0,Q3TTM,2016-12-01,2017-11-30,,3.76,3.76,3.72,401231000.0,694569000.0,694569000.0,694569000.0,14731660000.0,17474180000.0,-416000.0,14705000.0,1593650000.0,14731660000.0,2757225000.0,67432000.0,,1593650000.0,1163575000.0,-67848000.0,1095800000.0,17488885000.0,181500000.0,181888000.0,184033000.0
Carmax Inc,KMX,,1170010,2018.0,Q2,2017-06-01,2017-08-31,2018-10-05 11:26:27+00:00,0.99,0.99,0.98,108808000.0,181424000.0,181424000.0,181424000.0,3782635000.0,4386640000.0,189000.0,107936000.0,405062000.0,3782635000.0,711941000.0,16836000.0,,405062000.0,306879000.0,-16647000.0,290232000.0,4494576000.0,183300000.0,182868000.0,184696000.0
Carmax Inc,KMX,,1170010,2018.0,Q2YTD,2017-03-01,2017-08-31,,2.13,2.13,2.11,235159000.0,393126000.0,393126000.0,393126000.0,7676031000.0,8928974000.0,282000.0,217299000.0,808565000.0,7676031000.0,1470242000.0,33674000.0,,808565000.0,661677000.0,-33392000.0,628285000.0,9146273000.0,183300000.0,182868000.0,184696000.0
Carmax Inc,KMX,,1170010,2018.0,Q2TTM,2016-09-01,2017-08-31,,3.66,3.66,3.63,407887000.0,682374000.0,682374000.0,682374000.0,14362220000.0,16946161000.0,-1722000.0,123780000.0,1550713000.0,14362220000.0,2707721000.0,65098000.0,,1550713000.0,1157008000.0,-66820000.0,1090261000.0,17069941000.0,183300000.0,182868000.0,184696000.0
Carmax Inc,KMX,,1170010,2018.0,Q1,2017-03-01,2017-05-31,2018-07-05 10:10:39+00:00,1.14,1.14,1.13,126351000.0,211702000.0,211702000.0,211702000.0,3893396000.0,4542334000.0,93000.0,109363000.0,403503000.0,3893396000.0,758301000.0,16838000.0,,403503000.0,354798000.0,-16745000.0,338053000.0,4651697000.0,185700000.0,185200000.0,186859000.0
Carmax Inc,KMX,,1170010,2018.0,Q1TTM,2016-06-01,2017-05-31,,3.52,3.52,3.49,398453000.0,663312000.0,663312000.0,663312000.0,14031471000.0,16420737000.0,-1476000.0,247876000.0,1511777000.0,14031471000.0,2637142000.0,62166000.0,,1511777000.0,1125365000.0,-63642000.0,1061765000.0,16668613000.0,185700000.0,185200000.0,186859000.0
Carmax Inc,KMX,,1170010,2019.0,FY,2018-03-01,2019-02-28,2020-04-21 12:00:14+00:00,4.83,4.83,4.79,270393000.0,842413000.0,842413000.0,842413000.0,15692509000.0,18173100000.0,-408000.0,438690000.0,1730275000.0,15692509000.0,2919281000.0,75792000.0,,1730275000.0,1189006000.0,-76200000.0,1112806000.0,18611790000.0,174400000.0,174463000.0,175884000.0
Carmax Inc,KMX,,1170010,2019.0,Q4,2018-12-01,2019-02-28,,1.15,1.15,1.13,63273000.0,192556000.0,192556000.0,192556000.0,-7410000.0,4318602000.0,-3833670000.0,213397000.0,428967000.0,-7410000.0,4539409000.0,20976000.0,,428967000.0,4110442000.0,-3854646000.0,255829000.0,4531999000.0,174400000.0,174463000.0,175884000.0
Carmax Inc,KMX,,1170010,2019.0,Q3YTD,2018-03-01,2018-11-30,,3.68,3.68,3.66,207120000.0,649857000.0,649857000.0,649857000.0,15699919000.0,13854498000.0,3833262000.0,225293000.0,1301308000.0,15699919000.0,-1620128000.0,54816000.0,,1301308000.0,-2921436000.0,3778446000.0,856977000.0,14079791000.0,174600000.0,173816000.0,175321000.0
Carmax Inc,KMX,,1170010,2019.0,Q3TTM,2017-12-01,2018-11-30,,4.37,4.37,4.34,295097000.0,772003000.0,772003000.0,772003000.0,19247409000.0,17938716000.0,3834064000.0,326366000.0,1710122000.0,19247409000.0,-982327000.0,74482000.0,,1710122000.0,-2692449000.0,3759582000.0,1067100000.0,18265082000.0,174600000.0,173816000.0,175321000.0
Carmax Inc,KMX,,1170010,2019.0,Q2,2018-06-01,2018-08-31,2019-10-04 11:19:55+00:00,1.25,1.25,1.24,68595000.0,220890000.0,220890000.0,220890000.0,4115399000.0,4766035000.0,686000.0,109700000.0,453554000.0,4115399000.0,760336000.0,17950000.0,,453554000.0,306782000.0,-17264000.0,289485000.0,4875735000.0,176700000.0,176284000.0,178200000.0
Carmax Inc,KMX,,1170010,2019.0,Q2YTD,2018-03-01,2018-08-31,,2.59,2.59,2.57,149623000.0,459546000.0,459546000.0,459546000.0,8246651000.0,9558627000.0,-277000.0,225293000.0,891788000.0,8246651000.0,1537269000.0,36002000.0,,891788000.0,645481000.0,-36279000.0,609169000.0,9783920000.0,176700000.0,176284000.0,178200000.0
Carmax Inc,KMX,,1170010,2019.0,Q2TTM,2017-09-01,2018-08-31,,4.1,4.1,4.06,313960000.0,730532000.0,730532000.0,730532000.0,15361970000.0,17749862000.0,804000.0,429176000.0,1700274000.0,15361970000.0,2817068000.0,73073000.0,,1700274000.0,1116794000.0,-72269000.0,1044492000.0,18179038000.0,176700000.0,176284000.0,178200000.0
Carmax Inc,KMX,,1170010,2019.0,Q1,2018-03-01,2018-05-31,2019-07-03 11:02:29+00:00,1.34,1.34,1.33,81028000.0,238656000.0,238656000.0,238656000.0,4131252000.0,4792592000.0,-963000.0,115593000.0,438234000.0,4131252000.0,776933000.0,18052000.0,,438234000.0,338699000.0,-19015000.0,319684000.0,4908185000.0,178100000.0,178139000.0,179421000.0
Carmax Inc,KMX,,1170010,2019.0,Q1TTM,2017-06-01,2018-05-31,,3.84,3.84,3.8,354173000.0,691066000.0,691066000.0,691066000.0,15029206000.0,17370467000.0,307000.0,427412000.0,1651782000.0,15029206000.0,2768673000.0,71959000.0,,1651782000.0,1116891000.0,-71652000.0,1045239000.0,17797879000.0,178100000.0,178139000.0,179421000.0
Carmax Inc,KMX,,1170010,2020.0,Q4,2019-12-01,2020-02-29,,1.33,1.33,1.3,61699000.0,214934000.0,214934000.0,214934000.0,-334302000.0,-403828000.0,741287000.0,111938000.0,484728000.0,-334302000.0,42412000.0,22307000.0,,484728000.0,-442316000.0,718980000.0,276633000.0,-291890000.0,164800000.0,164836000.0,166820000.0
Carmax Inc,KMX,,1170010,2020.0,FY,2019-03-01,2020-02-29,2020-04-21 12:00:14+00:00,5.39,5.39,5.33,272553000.0,888433000.0,888433000.0,888433000.0,17597647000.0,20319987000.0,5690000.0,456030000.0,1940067000.0,17597647000.0,3178370000.0,83007000.0,,1940067000.0,1238303000.0,-77317000.0,1160986000.0,20776017000.0,164800000.0,164836000.0,166820000.0
Carmax Inc,KMX,,1170010,2020.0,Q3YTD,2019-03-01,2019-11-30,,4.06,4.06,4.03,210854000.0,673499000.0,673499000.0,673499000.0,17931949000.0,20723815000.0,-735597000.0,344092000.0,1455339000.0,17931949000.0,3135958000.0,60700000.0,,1455339000.0,1680619000.0,-796297000.0,884353000.0,21067907000.0,164900000.0,164273000.0,166534000.0
Carmax Inc,KMX,,1170010,2020.0,Q3,2019-09-01,2019-11-30,2020-01-07 10:40:32+00:00,1.05,1.05,1.04,54403000.0,173156000.0,173156000.0,173156000.0,4176381000.0,4790028000.0,6570000.0,114033000.0,484848000.0,4176381000.0,727680000.0,21843000.0,,484848000.0,242832000.0,-15273000.0,227559000.0,4904061000.0,164900000.0,164273000.0,166534000.0
Carmax Inc,KMX,,1170010,2020.0,Q2YTD,2019-03-01,2019-08-31,,3.01,3.01,2.99,156451000.0,500343000.0,500343000.0,500343000.0,13755568000.0,15933787000.0,-742167000.0,230059000.0,970491000.0,13755568000.0,2408278000.0,38857000.0,,970491000.0,1437787000.0,-781024000.0,656794000.0,16163846000.0,165700000.0,165354000.0,167272000.0
Carmax Inc,KMX,,1170010,2020.0,Q2TTM,2018-09-01,2019-08-31,,5.25,5.25,5.21,277221000.0,883210000.0,883210000.0,883210000.0,21201426000.0,24548260000.0,-742298000.0,443456000.0,1808978000.0,21201426000.0,3790290000.0,78647000.0,,1808978000.0,1981312000.0,-820945000.0,1160431000.0,24991716000.0,165700000.0,165354000.0,167272000.0
Carmax Inc,KMX,,1170010,2020.0,Q2,2019-06-01,2019-08-31,2019-10-04 11:19:55+00:00,1.41,1.41,1.4,71938000.0,233599000.0,233599000.0,233599000.0,4507698000.0,5201151000.0,-143000.0,114100000.0,480831000.0,4507698000.0,807553000.0,21073000.0,,480831000.0,326722000.0,-21216000.0,305537000.0,5315251000.0,165700000.0,165354000.0,167272000.0
Carmax Inc,KMX,,1170010,2020.0,Q1,2019-03-01,2019-05-31,2020-07-01 09:17:50+00:00,1.6,1.6,1.59,84513000.0,266744000.0,266744000.0,266744000.0,9247870000.0,10732636000.0,-742024000.0,115959000.0,489660000.0,9247870000.0,1600725000.0,17784000.0,,489660000.0,1111065000.0,-759808000.0,351257000.0,10848595000.0,166700000.0,166324000.0,167643000.0
Carmax Inc,KMX,,1170010,2020.0,Q1TTM,2018-06-01,2019-05-31,,5.09,5.09,5.05,273878000.0,870501000.0,870501000.0,870501000.0,20809127000.0,24113144000.0,-741469000.0,439056000.0,1781701000.0,20809127000.0,3743073000.0,75524000.0,,1781701000.0,1961372000.0,-816993000.0,1144379000.0,24552200000.0,166700000.0,166324000.0,167643000.0
