company_name,company_ticker,company_lei,company_cik,year,quarter,start_date,end_date,filing_date,basicdilutedeps,basiceps,cashdividendspershare,dilutedeps,incometaxexpense,netincome,netincomecontinuing,netincometocommon,netincometononcontrollinginterest,operatingcostofrevenue,operatingrevenue,otherincome,otherspecialcharges,restructuringcharge,sgaexpense,totalcostofrevenue,totalgrossprofit,totalinterestexpense,totaloperatingexpenses,totaloperatingincome,totalotherincome,totalpretaxincome,totalrevenue,weightedavebasicdilutedsharesos,weightedavebasicsharesos,weightedavedilutedsharesos
Amphenol Corp,APH,549300D3L3G0R4U4VT04,820313,2007.0,FY,2007-01-01,2007-12-31,2010-02-23 14:23:08+00:00,1.98,1.98,0.06,1.94,147790000.0,363712000.0,363712000.0,353194000.0,10518000.0,1920900000.0,2851041000.0,-4480000.0,,,377283000.0,1920900000.0,930141000.0,36876000.0,377283000.0,552858000.0,-41356000.0,511502000.0,2851041000.0,178400000.0,178453249.0,182503969.0
Amphenol Corp,APH,549300D3L3G0R4U4VT04,820313,2008.0,FY,2008-01-01,2008-12-31,2011-02-28 15:14:35+00:00,2.39,2.39,0.06,2.34,163003000.0,429577000.0,429577000.0,419151000.0,10426000.0,2187318000.0,3236471000.0,-32000.0,,,416914000.0,2187318000.0,1049153000.0,39627000.0,416914000.0,632239000.0,-39659000.0,592580000.0,3236471000.0,175400000.0,175663797.0,178813013.0
Amphenol Corp,APH,549300D3L3G0R4U4VT04,820313,2008.0,Q3,2008-07-01,2008-09-30,2009-10-26 14:07:11+00:00,0.64,0.64,0.015,0.63,45245000.0,116482000.0,116482000.0,112955000.0,3527000.0,582407000.0,863658000.0,179000.0,,,109931000.0,582407000.0,281251000.0,9772000.0,109931000.0,171320000.0,-9593000.0,161727000.0,863658000.0,176500000.0,176716395.0,180134110.0
Amphenol Corp,APH,549300D3L3G0R4U4VT04,820313,2008.0,Q2,2008-04-01,2008-06-30,2009-08-06 10:03:21+00:00,0.63,0.63,0.015,0.61,46022000.0,112420000.0,112420000.0,109995000.0,2425000.0,570227000.0,846817000.0,134000.0,,,108367000.0,570227000.0,276590000.0,9915000.0,108367000.0,168223000.0,-9781000.0,158442000.0,846817000.0,174600000.0,175487646.0,179395729.0
Amphenol Corp,APH,549300D3L3G0R4U4VT04,820313,2009.0,Q4,2009-10-01,2009-12-31,,0.94,0.51,0.02,0.5,34129000.0,89977000.0,89977000.0,87639000.0,2338000.0,516664000.0,758296000.0,-283000.0,,,103172000.0,516664000.0,241632000.0,14071000.0,103172000.0,138460000.0,-14354000.0,124106000.0,758296000.0,171800000.0,171607643.0,173941752.0
Amphenol Corp,APH,549300D3L3G0R4U4VT04,820313,2009.0,FY,2009-01-01,2009-12-31,2012-02-24 14:13:06+00:00,1.85,1.85,0.06,1.83,119311000.0,327216000.0,327216000.0,317834000.0,9382000.0,1933511000.0,2820065000.0,-1225000.0,,,397641000.0,1933511000.0,886554000.0,41161000.0,397641000.0,488913000.0,-42386000.0,446527000.0,2820065000.0,171800000.0,171607643.0,173941752.0
Amphenol Corp,APH,549300D3L3G0R4U4VT04,820313,2009.0,Q3YTD,2009-01-01,2009-09-30,,1.34,1.34,0.08,1.34,85182000.0,237239000.0,237239000.0,230195000.0,7044000.0,1416847000.0,2061769000.0,-942000.0,,,294469000.0,1416847000.0,644922000.0,27090000.0,294469000.0,350453000.0,-28032000.0,322421000.0,2061769000.0,172200000.0,171428237.0,173928589.0
Amphenol Corp,APH,549300D3L3G0R4U4VT04,820313,2009.0,Q3,2009-07-01,2009-09-30,2010-11-05 09:02:16+00:00,0.47,0.47,0.015,0.47,31620000.0,83364000.0,83364000.0,80915000.0,2449000.0,492180000.0,716573000.0,-345000.0,,,100103000.0,492180000.0,224393000.0,8961000.0,100103000.0,124290000.0,-9306000.0,114984000.0,716573000.0,172200000.0,171428237.0,173928589.0
Amphenol Corp,APH,549300D3L3G0R4U4VT04,820313,2009.0,Q2YTD,2009-01-01,2009-06-30,,0.87,0.87,0.04,0.87,53562000.0,153875000.0,153875000.0,149280000.0,4595000.0,924667000.0,1345196000.0,-597000.0,,,194366000.0,924667000.0,420529000.0,18129000.0,194366000.0,226163000.0,-18726000.0,207437000.0,1345196000.0,170200000.0,171317112.0,173649705.0
Amphenol Corp,APH,549300D3L3G0R4U4VT04,820313,2009.0,Q2,2009-04-01,2009-06-30,2010-08-06 10:27:27+00:00,0.44,0.44,0.015,0.43,29140000.0,76825000.0,76825000.0,74870000.0,1955000.0,471034000.0,685184000.0,-382000.0,,,98672000.0,471034000.0,214150000.0,9131000.0,98672000.0,115478000.0,-9513000.0,105965000.0,685184000.0,170200000.0,171317112.0,173649705.0
Amphenol Corp,APH,549300D3L3G0R4U4VT04,820313,2009.0,Q1,2009-01-01,2009-03-31,2010-05-06 15:18:34+00:00,,0.43,0.015,0.43,24422000.0,77050000.0,77050000.0,74410000.0,2640000.0,453633000.0,660012000.0,-215000.0,,,95694000.0,453633000.0,206379000.0,8998000.0,95694000.0,110685000.0,-9213000.0,101472000.0,660012000.0,,171185198.0,173098475.0
Amphenol Corp,APH,549300D3L3G0R4U4VT04,820313,2010.0,Q4,2010-10-01,2010-12-31,,0.75,0.75,0.02,0.74,49493000.0,132467000.0,132467000.0,131113000.0,1354000.0,639866000.0,949886000.0,1598000.0,,,119466000.0,639866000.0,310020000.0,10192000.0,119466000.0,190554000.0,-8594000.0,181960000.0,949886000.0,173600000.0,173785650.0,176325993.0
Amphenol Corp,APH,549300D3L3G0R4U4VT04,820313,2010.0,FY,2010-01-01,2010-12-31,2013-02-22 14:14:39+00:00,2.86,2.86,0.06,2.82,161275000.0,502413000.0,502413000.0,496405000.0,6008000.0,2395873000.0,3554101000.0,4072000.0,,,457871000.0,2395873000.0,1158228000.0,40741000.0,457871000.0,700357000.0,-36669000.0,663688000.0,3554101000.0,173600000.0,173785650.0,176325993.0
Amphenol Corp,APH,549300D3L3G0R4U4VT04,820313,2010.0,Q3YTD,2010-01-01,2010-09-30,,2.11,2.11,0.05,2.08,111782000.0,369946000.0,369946000.0,365292000.0,4654000.0,1756007000.0,2604215000.0,2474000.0,,,338405000.0,1756007000.0,848208000.0,30549000.0,338405000.0,509803000.0,-28075000.0,481728000.0,2604215000.0,173800000.0,173813753.0,176224749.0
Amphenol Corp,APH,549300D3L3G0R4U4VT04,820313,2010.0,Q3TTM,2009-10-01,2010-09-30,,3.05,2.62,0.06,2.58,145911000.0,459923000.0,459923000.0,452931000.0,6992000.0,2272671000.0,3362511000.0,2191000.0,,,441577000.0,2272671000.0,1089840000.0,44620000.0,441577000.0,648263000.0,-42429000.0,605834000.0,3362511000.0,173800000.0,173813753.0,176224749.0
Amphenol Corp,APH,549300D3L3G0R4U4VT04,820313,2010.0,Q3,2010-07-01,2010-09-30,2011-11-04 13:43:55+00:00,0.79,0.79,0.015,0.78,41018000.0,138799000.0,138799000.0,137268000.0,1531000.0,638746000.0,948463000.0,1251000.0,,,120583000.0,638746000.0,309717000.0,10568000.0,120583000.0,189134000.0,-9317000.0,179817000.0,948463000.0,173800000.0,173813753.0,176224749.0
Amphenol Corp,APH,549300D3L3G0R4U4VT04,820313,2010.0,Q2YTD,2010-01-01,2010-06-30,,1.32,1.32,0.03,1.3,70764000.0,231147000.0,231147000.0,228024000.0,3123000.0,1117261000.0,1655752000.0,1223000.0,,,217822000.0,1117261000.0,538491000.0,19981000.0,217822000.0,320669000.0,-18758000.0,301911000.0,1655752000.0,172900000.0,173519882.0,175885465.0
Amphenol Corp,APH,549300D3L3G0R4U4VT04,820313,2010.0,Q2TTM,2009-07-01,2010-06-30,,2.73,2.3,0.06,2.27,136513000.0,404488000.0,404488000.0,396578000.0,7910000.0,2126105000.0,3130621000.0,595000.0,,,421097000.0,2126105000.0,1004516000.0,43013000.0,421097000.0,583419000.0,-42418000.0,541001000.0,3130621000.0,172900000.0,173519882.0,175885465.0
Amphenol Corp,APH,549300D3L3G0R4U4VT04,820313,2010.0,Q2,2010-04-01,2010-06-30,2011-08-05 16:12:45+00:00,0.75,0.75,0.015,0.74,35412000.0,131009000.0,131009000.0,129671000.0,1338000.0,595499000.0,884798000.0,764000.0,,,113674000.0,595499000.0,289299000.0,9968000.0,113674000.0,175625000.0,-9204000.0,166421000.0,884798000.0,172900000.0,173519882.0,175885465.0
Amphenol Corp,APH,549300D3L3G0R4U4VT04,820313,2010.0,Q1TTM,2009-04-01,2010-03-31,,1.97,1.97,0.19,1.97,130241000.0,350304000.0,350304000.0,341777000.0,8527000.0,2001640000.0,2931007000.0,-551000.0,,,406095000.0,2001640000.0,929367000.0,42176000.0,406095000.0,523272000.0,-42727000.0,480545000.0,2931007000.0,172500000.0,173266113.0,175575002.0
Amphenol Corp,APH,549300D3L3G0R4U4VT04,820313,2010.0,Q1,2010-01-01,2010-03-31,2011-05-09 11:44:54+00:00,0.57,0.57,0.015,0.56,35352000.0,100138000.0,100138000.0,98353000.0,1785000.0,521762000.0,770954000.0,459000.0,,,104148000.0,521762000.0,249192000.0,10013000.0,104148000.0,145044000.0,-9554000.0,135490000.0,770954000.0,172500000.0,173266113.0,175575002.0
Amphenol Corp,APH,549300D3L3G0R4U4VT04,820313,2011.0,Q4,2011-10-01,2011-12-31,,0.67,0.67,0.02,0.67,40525000.0,115005000.0,115005000.0,113859000.0,1146000.0,653872000.0,948709000.0,2014000.0,8648000.0,2000000.0,119529000.0,653872000.0,294837000.0,11144000.0,130177000.0,164660000.0,-9130000.0,155530000.0,948709000.0,169600000.0,169640115.0,171825588.0
Amphenol Corp,APH,549300D3L3G0R4U4VT04,820313,2011.0,FY,2011-01-01,2011-12-31,2014-02-21 14:10:50+00:00,3.09,3.09,0.06,3.05,187910000.0,528842000.0,528842000.0,524191000.0,4651000.0,2696126000.0,3939786000.0,8103000.0,3666000.0,2000000.0,486316000.0,2696126000.0,1243660000.0,43029000.0,491982000.0,751678000.0,-34926000.0,716752000.0,3939786000.0,169600000.0,169640115.0,171825588.0
Amphenol Corp,APH,549300D3L3G0R4U4VT04,820313,2011.0,Q3YTD,2011-01-01,2011-09-30,,2.39,2.39,0.05,2.36,147385000.0,413837000.0,413837000.0,410332000.0,3505000.0,2042254000.0,2991077000.0,6089000.0,-4982000.0,,366787000.0,2042254000.0,948823000.0,31885000.0,361805000.0,587018000.0,-25796000.0,561222000.0,2991077000.0,168300000.0,167951866.0,169835067.0
Amphenol Corp,APH,549300D3L3G0R4U4VT04,820313,2011.0,Q3TTM,2010-10-01,2011-09-30,,3.14,3.14,0.06,3.1,196878000.0,546304000.0,546304000.0,541445000.0,4859000.0,2682120000.0,3940963000.0,7687000.0,-4982000.0,,486253000.0,2682120000.0,1258843000.0,42077000.0,481271000.0,777572000.0,-34390000.0,743182000.0,3940963000.0,168300000.0,167951866.0,169835067.0
Amphenol Corp,APH,549300D3L3G0R4U4VT04,820313,2011.0,Q3,2011-07-01,2011-09-30,2012-11-02 12:28:17+00:00,0.8,0.8,0.015,0.79,41758000.0,136058000.0,136058000.0,134623000.0,1435000.0,709277000.0,1032754000.0,2255000.0,12831000.0,,124587000.0,709277000.0,323477000.0,10498000.0,137418000.0,186059000.0,-8243000.0,177816000.0,1032754000.0,168300000.0,167951866.0,169835067.0
Amphenol Corp,APH,549300D3L3G0R4U4VT04,820313,2011.0,Q2YTD,2011-01-01,2011-06-30,,1.59,1.59,0.03,1.57,105627000.0,277779000.0,277779000.0,275709000.0,2070000.0,1332977000.0,1958323000.0,3834000.0,-17813000.0,,242200000.0,1332977000.0,625346000.0,21387000.0,224387000.0,400959000.0,-17553000.0,383406000.0,1958323000.0,171800000.0,171194474.0,173592458.0
Amphenol Corp,APH,549300D3L3G0R4U4VT04,820313,2011.0,Q2TTM,2010-07-01,2011-06-30,,3.13,3.13,0.06,3.09,196138000.0,549045000.0,549045000.0,544090000.0,4955000.0,2611589000.0,3856672000.0,6683000.0,-17813000.0,,482249000.0,2611589000.0,1245083000.0,42147000.0,464436000.0,780647000.0,-35464000.0,745183000.0,3856672000.0,171800000.0,171194474.0,173592458.0
Amphenol Corp,APH,549300D3L3G0R4U4VT04,820313,2011.0,Q2,2011-04-01,2011-06-30,2012-08-03 11:30:52+00:00,0.86,0.86,0.015,0.85,56739000.0,148894000.0,148894000.0,147751000.0,1143000.0,696516000.0,1017738000.0,2130000.0,-17813000.0,,124161000.0,696516000.0,321222000.0,11371000.0,106348000.0,214874000.0,-9241000.0,205633000.0,1017738000.0,171800000.0,171194474.0,173592458.0
Amphenol Corp,APH,549300D3L3G0R4U4VT04,820313,2011.0,Q1TTM,2010-04-01,2011-03-31,,3.02,3.02,0.06,2.98,174811000.0,531160000.0,531160000.0,526010000.0,5150000.0,2510572000.0,3723732000.0,5317000.0,,,471762000.0,2510572000.0,1213160000.0,40744000.0,471762000.0,741398000.0,-35427000.0,705971000.0,3723732000.0,175300000.0,175168297.0,177850932.0
Amphenol Corp,APH,549300D3L3G0R4U4VT04,820313,2011.0,Q1,2011-01-01,2011-03-31,2012-05-04 11:16:33+00:00,0.73,0.73,0.015,0.72,48888000.0,128885000.0,128885000.0,127958000.0,927000.0,636461000.0,940585000.0,1704000.0,,,118039000.0,636461000.0,304124000.0,10016000.0,118039000.0,186085000.0,-8312000.0,177773000.0,940585000.0,175300000.0,175168297.0,177850932.0
Amphenol Corp,APH,549300D3L3G0R4U4VT04,820313,2012.0,Q4,2012-10-01,2012-12-31,,0.43,0.43,0.11,0.43,66673000.0,141559000.0,141559000.0,140345000.0,1214000.0,790574000.0,1146013000.0,2643000.0,,2000000.0,132264000.0,790574000.0,355439000.0,15586000.0,134264000.0,221175000.0,-12943000.0,208232000.0,1146013000.0,322800000.0,323044160.0,327894222.0
Amphenol Corp,APH,549300D3L3G0R4U4VT04,820313,2012.0,FY,2012-01-01,2012-12-31,2015-02-20 14:49:55+00:00,1.72,1.72,0.21,1.69,219300000.0,559500000.0,559500000.0,555300000.0,4200000.0,2948900000.0,4292100000.0,10100000.0,,2000000.0,512900000.0,2948900000.0,1343200000.0,59600000.0,514900000.0,828300000.0,-49500000.0,778800000.0,4292100000.0,322800000.0,323044160.0,327894222.0
Amphenol Corp,APH,549300D3L3G0R4U4VT04,820313,2012.0,Q3YTD,2012-01-01,2012-09-30,,2.57,2.57,0.25,2.57,152627000.0,417941000.0,417941000.0,414955000.0,2986000.0,2158326000.0,3146087000.0,7457000.0,,,380636000.0,2158326000.0,987761000.0,44014000.0,380636000.0,607125000.0,-36557000.0,570568000.0,3146087000.0,162000000.0,161349493.0,163780171.0
Amphenol Corp,APH,549300D3L3G0R4U4VT04,820313,2012.0,Q3TTM,2011-10-01,2012-09-30,,3.28,3.28,0.28,3.28,193152000.0,532946000.0,532946000.0,528814000.0,4132000.0,2812198000.0,4094796000.0,9471000.0,8648000.0,2000000.0,500165000.0,2812198000.0,1282598000.0,55158000.0,510813000.0,771785000.0,-45687000.0,726098000.0,4094796000.0,162000000.0,161349493.0,163780171.0
Amphenol Corp,APH,549300D3L3G0R4U4VT04,820313,2012.0,Q3,2012-07-01,2012-09-30,2013-11-01 10:39:49+00:00,0.91,0.91,0.105,0.9,54340000.0,148800000.0,148800000.0,147450000.0,1350000.0,759047000.0,1103376000.0,2636000.0,,,128659000.0,759047000.0,344329000.0,15166000.0,128659000.0,215670000.0,-12530000.0,203140000.0,1103376000.0,162000000.0,161349493.0,163780171.0
Amphenol Corp,APH,549300D3L3G0R4U4VT04,820313,2012.0,Q2YTD,2012-01-01,2012-06-30,,1.66,1.66,0.13,1.66,98287000.0,269141000.0,269141000.0,267505000.0,1636000.0,1399279000.0,2042711000.0,4821000.0,,,251977000.0,1399279000.0,643432000.0,28848000.0,251977000.0,391455000.0,-24027000.0,367428000.0,2042711000.0,162000000.0,161511550.0,163871565.0
Amphenol Corp,APH,549300D3L3G0R4U4VT04,820313,2012.0,Q2TTM,2011-07-01,2012-06-30,,3.19,3.19,0.18,3.19,180570000.0,520204000.0,520204000.0,515987000.0,4217000.0,2762428000.0,4024174000.0,9090000.0,21479000.0,2000000.0,496093000.0,2762428000.0,1261746000.0,50490000.0,519572000.0,742174000.0,-41400000.0,700774000.0,4024174000.0,162000000.0,161511550.0,163871565.0
Amphenol Corp,APH,549300D3L3G0R4U4VT04,820313,2012.0,Q2,2012-04-01,2012-06-30,2013-08-02 10:55:07+00:00,0.87,0.87,0.105,0.86,51818000.0,141893000.0,141893000.0,140942000.0,951000.0,726946000.0,1061107000.0,2634000.0,,,127985000.0,726946000.0,334161000.0,15099000.0,127985000.0,206176000.0,-12465000.0,193711000.0,1061107000.0,162000000.0,161511550.0,163871565.0
Amphenol Corp,APH,549300D3L3G0R4U4VT04,820313,2012.0,Q1TTM,2011-04-01,2012-03-31,,3.21,3.21,0.24,3.21,185491000.0,527205000.0,527205000.0,522796000.0,4409000.0,2731998000.0,3980805000.0,8586000.0,3666000.0,2000000.0,492269000.0,2731998000.0,1248807000.0,46762000.0,497935000.0,750872000.0,-38176000.0,712696000.0,3980805000.0,162300000.0,162861863.0,165355138.0
Amphenol Corp,APH,549300D3L3G0R4U4VT04,820313,2012.0,Q1,2012-01-01,2012-03-31,2013-05-03 14:22:29+00:00,0.78,0.78,0.105,0.77,46469000.0,127248000.0,127248000.0,126563000.0,685000.0,672333000.0,981604000.0,2187000.0,,,123992000.0,672333000.0,309271000.0,13749000.0,123992000.0,185279000.0,-11562000.0,173717000.0,981604000.0,162300000.0,162861863.0,165355138.0
Amphenol Corp,APH,549300D3L3G0R4U4VT04,820313,2013.0,FY,2013-01-01,2013-12-31,2016-02-19 16:13:34+00:00,2.0,2.0,0.305,1.96,207900000.0,638700000.0,638700000.0,635700000.0,3000000.0,3163900000.0,4614700000.0,13400000.0,,6000000.0,548000000.0,3163900000.0,1450800000.0,63600000.0,554000000.0,896800000.0,-50200000.0,846600000.0,4614700000.0,317900000.0,318200000.0,324500000.0
Amphenol Corp,APH,549300D3L3G0R4U4VT04,820313,2013.0,Q4,2013-10-01,2013-12-31,,0.53,0.53,0.2,0.53,60000000.0,168830000.0,168830000.0,167907000.0,923000.0,856494000.0,1245766000.0,3957000.0,,3463000.0,144462000.0,856494000.0,389272000.0,16474000.0,147925000.0,241347000.0,-12517000.0,228830000.0,1245766000.0,317900000.0,318200000.0,324500000.0
Amphenol Corp,APH,549300D3L3G0R4U4VT04,820313,2013.0,Q3YTD,2013-01-01,2013-09-30,,1.47,1.47,0.12,1.47,147900000.0,469870000.0,469870000.0,467793000.0,2077000.0,2307406000.0,3368934000.0,9443000.0,,2537000.0,403538000.0,2307406000.0,1061528000.0,47126000.0,406075000.0,655453000.0,-37683000.0,617770000.0,3368934000.0,315300000.0,317331040.0,323585572.0
Amphenol Corp,APH,549300D3L3G0R4U4VT04,820313,2013.0,Q3TTM,2012-10-01,2013-09-30,,1.92,1.92,0.23,1.92,214573000.0,611429000.0,611429000.0,608138000.0,3291000.0,3097980000.0,4514947000.0,12086000.0,,4537000.0,535802000.0,3097980000.0,1416967000.0,62712000.0,540339000.0,876628000.0,-50626000.0,826002000.0,4514947000.0,315300000.0,317331040.0,323585572.0
Amphenol Corp,APH,549300D3L3G0R4U4VT04,820313,2013.0,Q3,2013-07-01,2013-09-30,2014-11-05 08:56:25+00:00,0.51,0.51,0.1,0.5,50671000.0,161389000.0,161389000.0,160798000.0,591000.0,789214000.0,1153062000.0,3625000.0,,2537000.0,136828000.0,789214000.0,363848000.0,16048000.0,139365000.0,224483000.0,-12423000.0,212060000.0,1153062000.0,315300000.0,317331040.0,323585572.0
Amphenol Corp,APH,549300D3L3G0R4U4VT04,820313,2013.0,Q2YTD,2013-01-01,2013-06-30,,1.92,1.92,0.12,1.92,97229000.0,308481000.0,308481000.0,306995000.0,1486000.0,1518192000.0,2215872000.0,5818000.0,,,266710000.0,1518192000.0,697680000.0,31078000.0,266710000.0,430970000.0,-25260000.0,405710000.0,2215872000.0,160400000.0,159705021.0,162935428.0
Amphenol Corp,APH,549300D3L3G0R4U4VT04,820313,2013.0,Q2TTM,2012-07-01,2013-06-30,,3.72,3.72,0.45,3.72,218242000.0,598840000.0,598840000.0,594790000.0,4050000.0,3067813000.0,4465261000.0,11097000.0,,2000000.0,527633000.0,3067813000.0,1397448000.0,61830000.0,529633000.0,867815000.0,-50733000.0,817082000.0,4465261000.0,160400000.0,159705021.0,162935428.0
Amphenol Corp,APH,549300D3L3G0R4U4VT04,820313,2013.0,Q2,2013-04-01,2013-06-30,2014-08-06 10:33:17+00:00,0.96,0.96,0.105,0.95,56557000.0,154868000.0,154868000.0,153988000.0,880000.0,776279000.0,1136067000.0,3033000.0,,,135775000.0,776279000.0,359788000.0,15621000.0,135775000.0,224013000.0,-12588000.0,211425000.0,1136067000.0,160400000.0,159705021.0,162935428.0
Amphenol Corp,APH,549300D3L3G0R4U4VT04,820313,2013.0,Q1TTM,2012-04-01,2013-03-31,,3.64,3.64,0.46,3.64,213503000.0,585865000.0,585865000.0,581744000.0,4121000.0,3018480000.0,4390301000.0,10698000.0,,2000000.0,519843000.0,3018480000.0,1371821000.0,61308000.0,521843000.0,849978000.0,-50610000.0,799368000.0,4390301000.0,159400000.0,159738168.0,162713002.0
Amphenol Corp,APH,549300D3L3G0R4U4VT04,820313,2013.0,Q1,2013-01-01,2013-03-31,2014-05-07 09:10:16+00:00,0.96,0.96,0.105,0.94,40672000.0,153613000.0,153613000.0,153007000.0,606000.0,741913000.0,1079805000.0,2785000.0,,,130935000.0,741913000.0,337892000.0,15457000.0,130935000.0,206957000.0,-12672000.0,194285000.0,1079805000.0,159400000.0,159738168.0,162713002.0
Amphenol Corp,APH,549300D3L3G0R4U4VT04,820313,2014.0,FY,2014-01-01,2014-12-31,2017-02-17 14:28:24+00:00,2.26,2.26,0.45,2.21,257300000.0,715200000.0,715200000.0,709100000.0,6100000.0,3651700000.0,5345500000.0,18300000.0,,14100000.0,645100000.0,3651700000.0,1693800000.0,80400000.0,659200000.0,1034600000.0,-62100000.0,972500000.0,5345500000.0,313800000.0,313100000.0,320400000.0
Amphenol Corp,APH,549300D3L3G0R4U4VT04,820313,2014.0,Q4,2014-10-01,2014-12-31,,0.62,0.62,,0.62,69100000.0,194800000.0,194800000.0,193500000.0,1300000.0,970000000.0,1426500000.0,5100000.0,,9600000.0,168000000.0,970000000.0,456500000.0,20100000.0,177600000.0,278900000.0,-15000000.0,263900000.0,1426500000.0,313800000.0,313100000.0,320400000.0
Amphenol Corp,APH,549300D3L3G0R4U4VT04,820313,2014.0,Q3,2014-07-01,2014-09-30,2015-11-05 11:58:33+00:00,0.58,0.58,0.125,0.57,67300000.0,184200000.0,184200000.0,182200000.0,2000000.0,927100000.0,1358700000.0,4800000.0,,2500000.0,161300000.0,927100000.0,431600000.0,21100000.0,163800000.0,267800000.0,-16300000.0,251500000.0,1358700000.0,314100000.0,313284242.0,320636405.0
Amphenol Corp,APH,549300D3L3G0R4U4VT04,820313,2014.0,Q3YTD,2014-01-01,2014-09-30,,1.65,1.65,0.34,1.65,188200000.0,520400000.0,520400000.0,515600000.0,4800000.0,2681700000.0,3919000000.0,13200000.0,,4500000.0,477100000.0,2681700000.0,1237300000.0,60300000.0,481600000.0,755700000.0,-47100000.0,708600000.0,3919000000.0,314100000.0,313284242.0,320636405.0
Amphenol Corp,APH,549300D3L3G0R4U4VT04,820313,2014.0,Q3TTM,2013-10-01,2014-09-30,,2.18,2.18,0.54,2.18,248200000.0,689230000.0,689230000.0,683507000.0,5723000.0,3538194000.0,5164766000.0,17157000.0,,7963000.0,621562000.0,3538194000.0,1626572000.0,76774000.0,629525000.0,997047000.0,-59617000.0,937430000.0,5164766000.0,314100000.0,313284242.0,320636405.0
Amphenol Corp,APH,549300D3L3G0R4U4VT04,820313,2014.0,Q2YTD,2014-01-01,2014-06-30,,1.06,1.06,0.11,1.06,120900000.0,336200000.0,336200000.0,333400000.0,2800000.0,1754600000.0,2560300000.0,8400000.0,,2000000.0,315800000.0,1754600000.0,805700000.0,39200000.0,317800000.0,487900000.0,-30800000.0,457100000.0,2560300000.0,312300000.0,314229370.0,321582270.0
Amphenol Corp,APH,549300D3L3G0R4U4VT04,820313,2014.0,Q2TTM,2013-07-01,2014-06-30,,2.11,2.11,0.37,2.11,231571000.0,666419000.0,666419000.0,662105000.0,4314000.0,3400308000.0,4959128000.0,15982000.0,,8000000.0,597090000.0,3400308000.0,1558820000.0,71722000.0,605090000.0,953730000.0,-55740000.0,897990000.0,4959128000.0,312300000.0,314229370.0,321582270.0
Amphenol Corp,APH,549300D3L3G0R4U4VT04,820313,2014.0,Q2,2014-04-01,2014-06-30,2015-08-07 10:07:47+00:00,0.56,0.56,0.1,0.54,63600000.0,176400000.0,176400000.0,174900000.0,1500000.0,897400000.0,1314200000.0,4300000.0,,,161000000.0,897400000.0,416800000.0,20100000.0,161000000.0,255800000.0,-15800000.0,240000000.0,1314200000.0,312300000.0,314229370.0,321582270.0
Amphenol Corp,APH,549300D3L3G0R4U4VT04,820313,2014.0,Q1TTM,2013-04-01,2014-03-31,,2.04,2.04,0.32,2.04,224528000.0,644887000.0,644887000.0,641193000.0,3694000.0,3279187000.0,4780995000.0,14715000.0,,8000000.0,571865000.0,3279187000.0,1501808000.0,67243000.0,579865000.0,921943000.0,-52528000.0,869415000.0,4780995000.0,317000000.0,315056964.0,322354312.0
Amphenol Corp,APH,549300D3L3G0R4U4VT04,820313,2014.0,Q1,2014-01-01,2014-03-31,2015-05-08 13:21:17+00:00,0.5,0.5,0.1,0.49,57300000.0,159800000.0,159800000.0,158500000.0,1300000.0,857200000.0,1246100000.0,4100000.0,,2000000.0,154800000.0,857200000.0,388900000.0,19100000.0,156800000.0,232100000.0,-15000000.0,217100000.0,1246100000.0,317000000.0,315056964.0,322354312.0
Amphenol Corp,APH,549300D3L3G0R4U4VT04,820313,2015.0,FY,2015-01-01,2015-12-31,2018-02-21 17:28:05+00:00,2.47,2.47,0.53,2.41,280500000.0,772300000.0,772300000.0,763500000.0,8800000.0,3789200000.0,5568700000.0,16400000.0,,5700000.0,669100000.0,3789200000.0,1779500000.0,68300000.0,674800000.0,1104700000.0,-51900000.0,1052800000.0,5568700000.0,309100000.0,309100000.0,316500000.0
Amphenol Corp,APH,549300D3L3G0R4U4VT04,820313,2015.0,Q4,2015-10-01,2015-12-31,,0.65,0.65,0.14,0.65,73100000.0,202600000.0,202600000.0,200200000.0,2400000.0,972100000.0,1430500000.0,3900000.0,,,169400000.0,972100000.0,458400000.0,17200000.0,169400000.0,289000000.0,-13300000.0,275700000.0,1430500000.0,309100000.0,309100000.0,316500000.0
Amphenol Corp,APH,549300D3L3G0R4U4VT04,820313,2015.0,Q3,2015-07-01,2015-09-30,2016-11-03 11:34:38+00:00,0.66,0.66,0.14,0.65,74700000.0,207300000.0,207300000.0,204500000.0,2800000.0,995600000.0,1459600000.0,4200000.0,,,169200000.0,995600000.0,464000000.0,17000000.0,169200000.0,294800000.0,-12800000.0,282000000.0,1459600000.0,309800000.0,308900000.0,315900000.0
Amphenol Corp,APH,549300D3L3G0R4U4VT04,820313,2015.0,Q3YTD,2015-01-01,2015-09-30,,1.82,1.82,0.4,1.82,207400000.0,569700000.0,569700000.0,563300000.0,6400000.0,2817100000.0,4138200000.0,12500000.0,,5700000.0,499700000.0,2817100000.0,1321100000.0,51100000.0,505400000.0,815700000.0,-38600000.0,777100000.0,4138200000.0,309800000.0,308900000.0,315900000.0
Amphenol Corp,APH,549300D3L3G0R4U4VT04,820313,2015.0,Q3TTM,2014-10-01,2015-09-30,,2.45,2.45,0.4,2.45,276500000.0,764500000.0,764500000.0,756800000.0,7700000.0,3787100000.0,5564700000.0,17600000.0,,15300000.0,667700000.0,3787100000.0,1777600000.0,71200000.0,683000000.0,1094600000.0,-53600000.0,1041000000.0,5564700000.0,309800000.0,308900000.0,315900000.0
Amphenol Corp,APH,549300D3L3G0R4U4VT04,820313,2015.0,Q2,2015-04-01,2015-06-30,2016-08-04 11:34:26+00:00,0.58,0.58,0.125,0.56,67200000.0,180600000.0,180600000.0,179000000.0,1600000.0,919000000.0,1351500000.0,4200000.0,,5700000.0,166100000.0,919000000.0,432500000.0,17100000.0,171800000.0,260700000.0,-12900000.0,247800000.0,1351500000.0,308600000.0,308900000.0,316900000.0
Amphenol Corp,APH,549300D3L3G0R4U4VT04,820313,2015.0,Q2YTD,2015-01-01,2015-06-30,,1.16,1.16,0.27,1.16,132700000.0,362400000.0,362400000.0,358800000.0,3600000.0,1821500000.0,2678600000.0,8300000.0,,5700000.0,330500000.0,1821500000.0,857100000.0,34100000.0,336200000.0,520900000.0,-25800000.0,495100000.0,2678600000.0,308600000.0,308900000.0,316900000.0
Amphenol Corp,APH,549300D3L3G0R4U4VT04,820313,2015.0,Q2TTM,2014-07-01,2015-06-30,,2.38,2.38,0.5,2.38,269100000.0,741400000.0,741400000.0,734500000.0,6900000.0,3718600000.0,5463800000.0,18200000.0,,17800000.0,659800000.0,3718600000.0,1745200000.0,75300000.0,677600000.0,1067600000.0,-57100000.0,1010500000.0,5463800000.0,308600000.0,308900000.0,316900000.0
Amphenol Corp,APH,549300D3L3G0R4U4VT04,820313,2015.0,Q1,2015-01-01,2015-03-31,2016-05-05 16:36:06+00:00,0.58,0.58,0.125,0.57,65500000.0,181800000.0,181800000.0,179800000.0,2000000.0,902500000.0,1327100000.0,4100000.0,,,164400000.0,902500000.0,424600000.0,17000000.0,164400000.0,260200000.0,-12900000.0,247300000.0,1327100000.0,310000000.0,310000000.0,318000000.0
Amphenol Corp,APH,549300D3L3G0R4U4VT04,820313,2015.0,Q1TTM,2014-04-01,2015-03-31,,2.36,2.36,0.6,2.36,265500000.0,737200000.0,737200000.0,730400000.0,6800000.0,3697000000.0,5426500000.0,18300000.0,,12100000.0,654700000.0,3697000000.0,1729500000.0,78300000.0,666800000.0,1062700000.0,-60000000.0,1002700000.0,5426500000.0,310000000.0,310000000.0,318000000.0
Amphenol Corp,APH,549300D3L3G0R4U4VT04,820313,2016.0,FY,2016-01-01,2016-12-31,2019-02-13 16:59:26+00:00,2.67,2.67,0.58,2.61,308500000.0,832600000.0,832600000.0,822900000.0,9700000.0,4246400000.0,6286400000.0,8500000.0,,36600000.0,798200000.0,4246400000.0,2040000000.0,72600000.0,834800000.0,1205200000.0,-64100000.0,1141100000.0,6286400000.0,308200000.0,308300000.0,315200000.0
Amphenol Corp,APH,549300D3L3G0R4U4VT04,820313,2016.0,Q4,2016-10-01,2016-12-31,,0.76,0.76,0.14,0.76,85900000.0,238400000.0,238400000.0,235500000.0,2900000.0,1104900000.0,1651100000.0,3500000.0,,,207000000.0,1104900000.0,546200000.0,18400000.0,207000000.0,339200000.0,-14900000.0,324300000.0,1651100000.0,308200000.0,308300000.0,315200000.0
Amphenol Corp,APH,549300D3L3G0R4U4VT04,820313,2016.0,Q3,2016-07-01,2016-09-30,2017-11-02 13:43:18+00:00,0.73,0.73,0.14,0.71,83400000.0,227100000.0,227100000.0,224300000.0,2800000.0,1098600000.0,1635900000.0,2300000.0,,6300000.0,204700000.0,1098600000.0,537300000.0,18100000.0,211000000.0,326300000.0,-15800000.0,310500000.0,1635900000.0,307300000.0,308900000.0,315700000.0
Amphenol Corp,APH,549300D3L3G0R4U4VT04,820313,2016.0,Q3YTD,2016-01-01,2016-09-30,,1.9,1.9,0.44,1.9,222600000.0,594200000.0,594200000.0,587400000.0,6800000.0,3141500000.0,4635300000.0,5000000.0,,36600000.0,591200000.0,3141500000.0,1493800000.0,54200000.0,627800000.0,866000000.0,-49200000.0,816800000.0,4635300000.0,307300000.0,308900000.0,315700000.0
Amphenol Corp,APH,549300D3L3G0R4U4VT04,820313,2016.0,Q3TTM,2015-10-01,2016-09-30,,2.55,2.55,0.58,2.55,295700000.0,796800000.0,796800000.0,787600000.0,9200000.0,4113600000.0,6065800000.0,8900000.0,,36600000.0,760600000.0,4113600000.0,1952200000.0,71400000.0,797200000.0,1155000000.0,-62500000.0,1092500000.0,6065800000.0,307300000.0,308900000.0,315700000.0
Amphenol Corp,APH,549300D3L3G0R4U4VT04,820313,2016.0,Q2,2016-04-01,2016-06-30,2017-08-03 17:00:09+00:00,0.67,0.67,0.14,0.65,75300000.0,208700000.0,208700000.0,206500000.0,2200000.0,1050900000.0,1548200000.0,1700000.0,,,197000000.0,1050900000.0,497300000.0,18000000.0,197000000.0,300300000.0,-16300000.0,284000000.0,1548200000.0,308200000.0,308200000.0,315400000.0
Amphenol Corp,APH,549300D3L3G0R4U4VT04,820313,2016.0,Q2YTD,2016-01-01,2016-06-30,,1.18,1.18,0.29,1.18,139200000.0,367100000.0,367100000.0,363100000.0,4000000.0,2042900000.0,2999400000.0,2700000.0,,30300000.0,386500000.0,2042900000.0,956500000.0,36100000.0,416800000.0,539700000.0,-33400000.0,506300000.0,2999400000.0,308200000.0,308200000.0,315400000.0
Amphenol Corp,APH,549300D3L3G0R4U4VT04,820313,2016.0,Q2TTM,2015-07-01,2016-06-30,,2.49,2.49,0.56,2.49,287000000.0,777000000.0,777000000.0,767800000.0,9200000.0,4010600000.0,5889500000.0,10800000.0,,30300000.0,725100000.0,4010600000.0,1878900000.0,70300000.0,755400000.0,1123500000.0,-59500000.0,1064000000.0,5889500000.0,308200000.0,308200000.0,315400000.0
Amphenol Corp,APH,549300D3L3G0R4U4VT04,820313,2016.0,Q1,2016-01-01,2016-03-31,2017-05-04 16:50:32+00:00,0.51,0.51,0.14,0.5,63900000.0,158400000.0,158400000.0,156600000.0,1800000.0,992000000.0,1451200000.0,1000000.0,,30300000.0,189500000.0,992000000.0,459200000.0,18100000.0,219800000.0,239400000.0,-17100000.0,222300000.0,1451200000.0,307100000.0,307600000.0,314200000.0
Amphenol Corp,APH,549300D3L3G0R4U4VT04,820313,2016.0,Q1TTM,2015-04-01,2016-03-31,,2.41,2.41,0.43,2.41,278900000.0,748900000.0,748900000.0,740300000.0,8600000.0,3878700000.0,5692800000.0,13300000.0,,36000000.0,694200000.0,3878700000.0,1814100000.0,69400000.0,730200000.0,1083900000.0,-56100000.0,1027800000.0,5692800000.0,307100000.0,307600000.0,314200000.0
Amphenol Corp,APH,549300D3L3G0R4U4VT04,820313,2017.0,FY,2017-01-01,2017-12-31,2020-02-12 16:51:12+00:00,2.13,2.13,0.7,2.06,691700000.0,660700000.0,660700000.0,650500000.0,10200000.0,4701400000.0,7011300000.0,17100000.0,,4000000.0,878300000.0,4701400000.0,2309900000.0,92300000.0,882300000.0,1427600000.0,-75200000.0,1352400000.0,7011300000.0,305400000.0,305700000.0,316500000.0
Amphenol Corp,APH,549300D3L3G0R4U4VT04,820313,2017.0,Q4,2017-10-01,2017-12-31,,-0.33,-0.33,0.19,-0.33,478900000.0,-100500000.0,-100500000.0,-103400000.0,2900000.0,1308600000.0,1943900000.0,4000000.0,,,235900000.0,1308600000.0,635300000.0,25000000.0,235900000.0,399400000.0,-21000000.0,378400000.0,1943900000.0,305400000.0,305700000.0,316500000.0
Amphenol Corp,APH,549300D3L3G0R4U4VT04,820313,2017.0,Q3,2017-07-01,2017-09-30,2018-10-26 14:13:53+00:00,0.91,0.91,0.19,0.88,78100000.0,280300000.0,280300000.0,277500000.0,2800000.0,1234700000.0,1840800000.0,5100000.0,,,228200000.0,1234700000.0,606100000.0,24600000.0,228200000.0,377900000.0,-19500000.0,358400000.0,1840800000.0,304900000.0,305000000.0,315700000.0
Amphenol Corp,APH,549300D3L3G0R4U4VT04,820313,2017.0,Q3YTD,2017-01-01,2017-09-30,,2.46,2.46,0.51,2.39,212800000.0,761200000.0,761200000.0,753900000.0,7300000.0,3392800000.0,5067400000.0,13100000.0,,4000000.0,642400000.0,3392800000.0,1674600000.0,67300000.0,646400000.0,1028200000.0,-54200000.0,974000000.0,5067400000.0,304900000.0,305000000.0,315700000.0
Amphenol Corp,APH,549300D3L3G0R4U4VT04,820313,2017.0,Q3TTM,2016-10-01,2017-09-30,,3.24,3.24,0.7,3.24,298700000.0,999600000.0,999600000.0,989400000.0,10200000.0,4497700000.0,6718500000.0,16600000.0,,4000000.0,849400000.0,4497700000.0,2220800000.0,85700000.0,853400000.0,1367400000.0,-69100000.0,1298300000.0,6718500000.0,304900000.0,305000000.0,315700000.0
Amphenol Corp,APH,549300D3L3G0R4U4VT04,820313,2017.0,Q2,2017-04-01,2017-06-30,2018-07-31 11:53:16+00:00,0.82,0.82,0.16,0.8,63600000.0,253600000.0,253600000.0,251500000.0,2100000.0,1113900000.0,1666500000.0,4400000.0,,4000000.0,212400000.0,1113900000.0,552600000.0,23400000.0,216400000.0,336200000.0,-19000000.0,317200000.0,1666500000.0,306700000.0,305800000.0,316100000.0
Amphenol Corp,APH,549300D3L3G0R4U4VT04,820313,2017.0,Q2YTD,2017-01-01,2017-06-30,,1.55,1.55,0.32,1.51,134700000.0,480900000.0,480900000.0,476400000.0,4500000.0,2158100000.0,3226600000.0,8000000.0,,4000000.0,414200000.0,2158100000.0,1068500000.0,42700000.0,418200000.0,650300000.0,-34700000.0,615600000.0,3226600000.0,306700000.0,305800000.0,316100000.0
Amphenol Corp,APH,549300D3L3G0R4U4VT04,820313,2017.0,Q2TTM,2016-07-01,2017-06-30,,3.06,3.06,0.68,3.06,304000000.0,946400000.0,946400000.0,936200000.0,10200000.0,4361600000.0,6513600000.0,13800000.0,,10300000.0,825900000.0,4361600000.0,2152000000.0,79200000.0,836200000.0,1315800000.0,-65400000.0,1250400000.0,6513600000.0,306700000.0,305800000.0,316100000.0
Amphenol Corp,APH,549300D3L3G0R4U4VT04,820313,2017.0,Q1,2017-01-01,2017-03-31,2018-05-03 16:19:55+00:00,0.73,0.73,0.16,0.71,71100000.0,227300000.0,227300000.0,224900000.0,2400000.0,1044200000.0,1560100000.0,3600000.0,,,201800000.0,1044200000.0,515900000.0,19300000.0,201800000.0,314100000.0,-15700000.0,298400000.0,1560100000.0,308100000.0,306600000.0,316400000.0
Amphenol Corp,APH,549300D3L3G0R4U4VT04,820313,2017.0,Q1TTM,2016-04-01,2017-03-31,,2.91,2.91,0.61,2.91,315700000.0,901500000.0,901500000.0,891200000.0,10300000.0,4298600000.0,6395300000.0,11100000.0,,6300000.0,810500000.0,4298600000.0,2096700000.0,73800000.0,816800000.0,1279900000.0,-62700000.0,1217200000.0,6395300000.0,308100000.0,306600000.0,316400000.0
Amphenol Corp,APH,549300D3L3G0R4U4VT04,820313,2018.0,FY,2018-01-01,2018-12-31,2020-02-12 16:51:12+00:00,4.0,4.0,0.88,3.85,371500000.0,1216900000.0,1216900000.0,1205000000.0,11900000.0,5547100000.0,8202000000.0,3200000.0,,8500000.0,959500000.0,5547100000.0,2654900000.0,101700000.0,968000000.0,1686900000.0,-98500000.0,1588400000.0,8202000000.0,301300000.0,301200000.0,312600000.0
Amphenol Corp,APH,549300D3L3G0R4U4VT04,820313,2018.0,Q4,2018-10-01,2018-12-31,,1.13,1.13,0.23,1.09,90600000.0,341200000.0,341200000.0,338000000.0,3200000.0,1509700000.0,2224700000.0,600000.0,,8500000.0,248900000.0,1509700000.0,715000000.0,26400000.0,257400000.0,457600000.0,-25800000.0,431800000.0,2224700000.0,301300000.0,301200000.0,312600000.0
Amphenol Corp,APH,549300D3L3G0R4U4VT04,820313,2018.0,Q3,2018-07-01,2018-09-30,2019-10-25 16:40:16+00:00,1.05,1.05,0.23,1.01,100000000.0,319600000.0,319600000.0,316600000.0,3000000.0,1440800000.0,2129000000.0,200000.0,,0.0,244000000.0,1440800000.0,688200000.0,24800000.0,244000000.0,444200000.0,-24600000.0,419600000.0,2129000000.0,301500000.0,300500000.0,312400000.0
Amphenol Corp,APH,549300D3L3G0R4U4VT04,820313,2018.0,Q3YTD,2018-01-01,2018-09-30,,2.87,2.87,0.65,2.76,280900000.0,875700000.0,875700000.0,867000000.0,8700000.0,4037400000.0,5977300000.0,2600000.0,,,710600000.0,4037400000.0,1939900000.0,75300000.0,710600000.0,1229300000.0,-72700000.0,1156600000.0,5977300000.0,301500000.0,300500000.0,312400000.0
Amphenol Corp,APH,549300D3L3G0R4U4VT04,820313,2018.0,Q3TTM,2017-10-01,2018-09-30,,2.54,2.54,0.84,2.43,759800000.0,775200000.0,775200000.0,763600000.0,11600000.0,5346000000.0,7921200000.0,6600000.0,,,946500000.0,5346000000.0,2575200000.0,100300000.0,946500000.0,1628700000.0,-93700000.0,1535000000.0,7921200000.0,301500000.0,300500000.0,312400000.0
Amphenol Corp,APH,549300D3L3G0R4U4VT04,820313,2018.0,Q2,2018-04-01,2018-06-30,2019-07-26 16:16:22+00:00,0.95,0.95,0.23,0.91,94500000.0,287800000.0,287800000.0,284800000.0,3000000.0,1336600000.0,1981400000.0,100000.0,,0.0,236600000.0,1336600000.0,644800000.0,26000000.0,236600000.0,408200000.0,-25900000.0,382300000.0,1981400000.0,299800000.0,300800000.0,312300000.0
Amphenol Corp,APH,549300D3L3G0R4U4VT04,820313,2018.0,Q2YTD,2018-01-01,2018-06-30,,1.82,1.82,0.42,1.75,180900000.0,556100000.0,556100000.0,550400000.0,5700000.0,2596600000.0,3848300000.0,2400000.0,,,466600000.0,2596600000.0,1251700000.0,50500000.0,466600000.0,785100000.0,-48100000.0,737000000.0,3848300000.0,299800000.0,300800000.0,312300000.0
Amphenol Corp,APH,549300D3L3G0R4U4VT04,820313,2018.0,Q2TTM,2017-07-01,2018-06-30,,2.4,2.4,0.8,2.3,737900000.0,735900000.0,735900000.0,724500000.0,11400000.0,5139900000.0,7633000000.0,11500000.0,,,930700000.0,5139900000.0,2493100000.0,100100000.0,930700000.0,1562400000.0,-88600000.0,1473800000.0,7633000000.0,299800000.0,300800000.0,312300000.0
Amphenol Corp,APH,549300D3L3G0R4U4VT04,820313,2018.0,Q1,2018-01-01,2018-03-31,2019-04-26 17:13:21+00:00,0.87,0.87,0.19,0.84,86400000.0,268300000.0,268300000.0,265600000.0,2700000.0,1260000000.0,1866900000.0,2300000.0,,,230000000.0,1260000000.0,606900000.0,24500000.0,230000000.0,376900000.0,-22200000.0,354700000.0,1866900000.0,305300000.0,303700000.0,316000000.0
Amphenol Corp,APH,549300D3L3G0R4U4VT04,820313,2018.0,Q1TTM,2017-04-01,2018-03-31,,2.27,2.27,0.73,2.19,707000000.0,701700000.0,701700000.0,691200000.0,10500000.0,4917200000.0,7318100000.0,15800000.0,,4000000.0,906500000.0,4917200000.0,2400900000.0,97500000.0,910500000.0,1490400000.0,-81700000.0,1408700000.0,7318100000.0,305300000.0,303700000.0,316000000.0
Amphenol Corp,APH,549300D3L3G0R4U4VT04,820313,2019.0,Q4,2019-10-01,2019-12-31,,1.06,1.06,0.25,1.03,81800000.0,320900000.0,320900000.0,318800000.0,2100000.0,1472300000.0,2151000000.0,1000000.0,,,248800000.0,1472300000.0,678700000.0,28200000.0,248800000.0,429900000.0,-27200000.0,402700000.0,2151000000.0,297700000.0,297500000.0,307900000.0
Amphenol Corp,APH,549300D3L3G0R4U4VT04,820313,2019.0,FY,2019-01-01,2019-12-31,2020-02-12 16:51:12+00:00,3.88,3.88,0.96,3.75,331900000.0,1164000000.0,1164000000.0,1155000000.0,9000000.0,5609400000.0,8225400000.0,8600000.0,,25400000.0,971400000.0,5609400000.0,2616000000.0,131900000.0,996800000.0,1619200000.0,-123300000.0,1495900000.0,8225400000.0,297700000.0,297500000.0,307900000.0
Amphenol Corp,APH,549300D3L3G0R4U4VT04,820313,2019.0,Q3YTD,2019-01-01,2019-09-30,,2.82,2.82,0.71,2.72,250100000.0,843100000.0,843100000.0,836200000.0,6900000.0,4137100000.0,6074400000.0,7600000.0,,25400000.0,722600000.0,4137100000.0,1937300000.0,103700000.0,748000000.0,1189300000.0,-96100000.0,1093200000.0,6074400000.0,295100000.0,296600000.0,306200000.0
Amphenol Corp,APH,549300D3L3G0R4U4VT04,820313,2019.0,Q3TTM,2018-10-01,2019-09-30,,3.95,3.95,0.94,3.81,340700000.0,1184300000.0,1184300000.0,1174200000.0,10100000.0,5646800000.0,8299100000.0,8200000.0,,33900000.0,971500000.0,5646800000.0,2652300000.0,130100000.0,1005400000.0,1646900000.0,-121900000.0,1525000000.0,8299100000.0,295100000.0,296600000.0,306200000.0
Amphenol Corp,APH,549300D3L3G0R4U4VT04,820313,2019.0,Q3,2019-07-01,2019-09-30,2019-10-25 16:40:16+00:00,0.95,0.95,0.25,0.92,91800000.0,282300000.0,282300000.0,280300000.0,2000000.0,1438700000.0,2100600000.0,4500000.0,,0.0,248300000.0,1438700000.0,661900000.0,44000000.0,248300000.0,413600000.0,-39500000.0,374100000.0,2100600000.0,295100000.0,296600000.0,306200000.0
Amphenol Corp,APH,549300D3L3G0R4U4VT04,820313,2019.0,Q2YTD,2019-01-01,2019-06-30,,1.87,1.87,0.46,1.8,158300000.0,560800000.0,560800000.0,555900000.0,4900000.0,2698400000.0,3973800000.0,3100000.0,,25400000.0,474300000.0,2698400000.0,1275400000.0,59700000.0,499700000.0,775700000.0,-56600000.0,719100000.0,3973800000.0,297300000.0,298000000.0,308700000.0
Amphenol Corp,APH,549300D3L3G0R4U4VT04,820313,2019.0,Q2TTM,2018-07-01,2019-06-30,,4.05,4.05,0.92,3.9,348900000.0,1221600000.0,1221600000.0,1210500000.0,11100000.0,5648900000.0,8327500000.0,3900000.0,,33900000.0,967200000.0,5648900000.0,2678600000.0,110900000.0,1001100000.0,1677500000.0,-107000000.0,1570500000.0,8327500000.0,297300000.0,298000000.0,308700000.0
Amphenol Corp,APH,549300D3L3G0R4U4VT04,820313,2019.0,Q2,2019-04-01,2019-06-30,2019-07-26 16:16:22+00:00,0.97,0.97,0.23,0.93,78700000.0,290900000.0,290900000.0,288400000.0,2500000.0,1367700000.0,2015300000.0,100000.0,,8900000.0,239200000.0,1367700000.0,647600000.0,30000000.0,248100000.0,399500000.0,-29900000.0,369600000.0,2015300000.0,297300000.0,298000000.0,308700000.0
Amphenol Corp,APH,549300D3L3G0R4U4VT04,820313,2019.0,Q1,2019-01-01,2019-03-31,2020-04-24 16:55:41+00:00,0.9,0.9,0.23,0.87,79600000.0,269900000.0,269900000.0,267500000.0,2400000.0,1330700000.0,1958500000.0,3000000.0,,16500000.0,235100000.0,1330700000.0,627800000.0,29700000.0,251600000.0,376200000.0,-26700000.0,349500000.0,1958500000.0,297200000.0,298100000.0,308600000.0
Amphenol Corp,APH,549300D3L3G0R4U4VT04,820313,2019.0,Q1TTM,2018-04-01,2019-03-31,,4.03,4.03,0.92,3.88,364700000.0,1218500000.0,1218500000.0,1206900000.0,11600000.0,5617800000.0,8293600000.0,3900000.0,,25000000.0,964600000.0,5617800000.0,2675800000.0,106900000.0,989600000.0,1686200000.0,-103000000.0,1583200000.0,8293600000.0,297200000.0,298100000.0,308600000.0
Amphenol Corp,APH,549300D3L3G0R4U4VT04,820313,2020.0,Q1TTM,2019-04-01,2020-03-31,,3.79,3.79,0.98,3.67,298300000.0,1137300000.0,1137300000.0,1129600000.0,7700000.0,5580900000.0,8128900000.0,6700000.0,,8900000.0,979200000.0,5580900000.0,2548000000.0,131000000.0,988100000.0,1559900000.0,-124300000.0,1435600000.0,8128900000.0,298900000.0,297400000.0,306500000.0
Amphenol Corp,APH,549300D3L3G0R4U4VT04,820313,2020.0,Q1,2020-01-01,2020-03-31,2020-04-24 16:55:41+00:00,0.81,0.81,0.25,0.79,46000000.0,243200000.0,243200000.0,242100000.0,1100000.0,1302200000.0,1862000000.0,1100000.0,,0.0,242900000.0,1302200000.0,559800000.0,28800000.0,242900000.0,316900000.0,-27700000.0,289200000.0,1862000000.0,298900000.0,297400000.0,306500000.0
