company_name,company_ticker,company_lei,company_cik,year,quarter,start_date,end_date,filing_date,basicdilutedeps,basiceps,cashdividendspershare,dilutedeps,impairmentexpense,incometaxexpense,netincome,netincomecontinuing,netincomediscontinued,netincometocommon,netincometononcontrollinginterest,operatingcostofrevenue,operatingrevenue,otherincome,sgaexpense,totalcostofrevenue,totalgrossprofit,totalinterestexpense,totalinterestincome,totaloperatingexpenses,totaloperatingincome,totalotherincome,totalpretaxincome,totalrevenue,weightedavebasicdilutedsharesos,weightedavebasicsharesos,weightedavedilutedsharesos
Tyson Foods Inc,TSN,,100493,2008.0,FY,2007-09-30,2008-09-27,2010-11-22 07:59:49+00:00,0.22,0.22,0.14400000000000002,0.24,0.0,68000000.0,86000000.0,86000000.0,0.0,86000000.0,0.0,25616000000.0,26862000000.0,29000000.0,915000000.0,25616000000.0,1246000000.0,215000000.0,9000000.0,915000000.0,331000000.0,-177000000.0,154000000.0,26862000000.0,390900000.0,390900000.0,356000000.0
Tyson Foods Inc,TSN,,100493,2009.0,FY,2008-09-28,2009-10-03,2011-11-21 07:47:25+00:00,-1.32,-1.32,0.14400000000000002,-1.47,560000000.0,7000000.0,-551000000.0,-550000000.0,-1000000.0,-547000000.0,-4000000.0,25501000000.0,26704000000.0,-18000000.0,858000000.0,25501000000.0,1203000000.0,327000000.0,17000000.0,1418000000.0,-215000000.0,-328000000.0,-543000000.0,26704000000.0,414400000.0,414400000.0,372000000.0
Tyson Foods Inc,TSN,,100493,2009.0,Q3,2009-03-29,2009-06-27,2010-08-09 08:01:49+00:00,0.32,0.32,0.036000000000000004,0.35,,69000000.0,130000000.0,123000000.0,7000000.0,131000000.0,-1000000.0,6192000000.0,6662000000.0,3000000.0,194000000.0,6192000000.0,470000000.0,92000000.0,5000000.0,194000000.0,276000000.0,-84000000.0,192000000.0,6662000000.0,409400000.0,409400000.0,378000000.0
Tyson Foods Inc,TSN,,100493,2010.0,FY,2009-10-04,2010-10-02,2012-11-19 07:38:14+00:00,2.13,2.13,0.14400000000000002,2.06,29000000.0,438000000.0,765000000.0,765000000.0,,780000000.0,-15000000.0,25916000000.0,28430000000.0,-20000000.0,929000000.0,25916000000.0,2514000000.0,347000000.0,14000000.0,958000000.0,1556000000.0,-353000000.0,1203000000.0,28430000000.0,366200000.0,366200000.0,379000000.0
Tyson Foods Inc,TSN,,100493,2010.0,Q4,2010-07-04,2010-10-02,,0.74,0.74,0.04,0.57,29000000.0,115000000.0,208000000.0,208000000.0,,213000000.0,-5000000.0,6772000000.0,7441000000.0,-6000000.0,249000000.0,6772000000.0,669000000.0,65000000.0,3000000.0,278000000.0,391000000.0,-68000000.0,323000000.0,7441000000.0,366200000.0,366200000.0,379000000.0
Tyson Foods Inc,TSN,,100493,2010.0,Q3,2010-04-04,2010-07-03,2011-08-08 07:43:04+00:00,0.61,0.61,0.036000000000000004,0.65,,153000000.0,242000000.0,242000000.0,,248000000.0,-6000000.0,6686000000.0,7438000000.0,-14000000.0,245000000.0,6686000000.0,752000000.0,102000000.0,4000000.0,245000000.0,507000000.0,-112000000.0,395000000.0,7438000000.0,406600000.0,406600000.0,382000000.0
Tyson Foods Inc,TSN,,100493,2010.0,Q3YTD,2009-10-04,2010-07-03,,1.39,1.39,0.11,1.49,,323000000.0,557000000.0,557000000.0,,567000000.0,-10000000.0,19144000000.0,20989000000.0,-14000000.0,680000000.0,19144000000.0,1845000000.0,282000000.0,11000000.0,680000000.0,1165000000.0,-285000000.0,880000000.0,20989000000.0,406600000.0,406600000.0,382000000.0
Tyson Foods Inc,TSN,,100493,2010.0,Q2YTD,2009-10-04,2010-04-03,,0.78,0.78,0.07,0.84,,170000000.0,315000000.0,315000000.0,,319000000.0,-4000000.0,12458000000.0,13551000000.0,,435000000.0,12458000000.0,1093000000.0,180000000.0,7000000.0,435000000.0,658000000.0,-173000000.0,485000000.0,13551000000.0,407700000.0,407700000.0,378000000.0
Tyson Foods Inc,TSN,,100493,2010.0,Q2,2010-01-03,2010-04-03,2011-05-09 07:46:22+00:00,0.39,0.39,0.036000000000000004,0.42,,93000000.0,156000000.0,156000000.0,,159000000.0,-3000000.0,6352000000.0,6916000000.0,1000000.0,220000000.0,6352000000.0,564000000.0,100000000.0,4000000.0,220000000.0,344000000.0,-95000000.0,249000000.0,6916000000.0,407700000.0,407700000.0,378000000.0
Tyson Foods Inc,TSN,,100493,2010.0,Q1,2009-10-04,2010-01-02,2011-02-04 11:26:12+00:00,0.39,0.39,0.036000000000000004,0.42,,77000000.0,159000000.0,159000000.0,,160000000.0,-1000000.0,6106000000.0,6635000000.0,-1000000.0,215000000.0,6106000000.0,529000000.0,80000000.0,3000000.0,215000000.0,314000000.0,-78000000.0,236000000.0,6635000000.0,410300000.0,410300000.0,377000000.0
Tyson Foods Inc,TSN,,100493,2011.0,Q4,2011-07-03,2011-10-01,,0.44,0.44,0.05,0.26,,29000000.0,95000000.0,100000000.0,-5000000.0,97000000.0,-2000000.0,7783000000.0,8170000000.0,5000000.0,211000000.0,7783000000.0,387000000.0,55000000.0,3000000.0,211000000.0,176000000.0,-47000000.0,129000000.0,8170000000.0,367600000.0,367600000.0,380000000.0
Tyson Foods Inc,TSN,,100493,2011.0,FY,2010-10-03,2011-10-01,2013-11-18 08:05:19+00:00,2.04,2.04,0.16,1.97,,340000000.0,733000000.0,738000000.0,-5000000.0,750000000.0,-17000000.0,29837000000.0,32032000000.0,20000000.0,906000000.0,29837000000.0,2195000000.0,242000000.0,11000000.0,906000000.0,1289000000.0,-211000000.0,1078000000.0,32032000000.0,367600000.0,367600000.0,380000000.0
Tyson Foods Inc,TSN,,100493,2011.0,Q3YTD,2010-10-03,2011-07-02,,1.6,1.6,0.11,1.71,,311000000.0,638000000.0,638000000.0,,653000000.0,-15000000.0,22054000000.0,23862000000.0,15000000.0,695000000.0,22054000000.0,1808000000.0,187000000.0,8000000.0,695000000.0,1113000000.0,-164000000.0,949000000.0,23862000000.0,408300000.0,408300000.0,383000000.0
Tyson Foods Inc,TSN,,100493,2011.0,Q3TTM,2010-07-04,2011-07-02,,2.34,2.34,0.14,2.28,29000000.0,426000000.0,846000000.0,846000000.0,,866000000.0,-20000000.0,28826000000.0,31303000000.0,9000000.0,944000000.0,28826000000.0,2477000000.0,252000000.0,11000000.0,973000000.0,1504000000.0,-232000000.0,1272000000.0,31303000000.0,408300000.0,408300000.0,383000000.0
Tyson Foods Inc,TSN,,100493,2011.0,Q3,2011-04-03,2011-07-02,2012-08-06 07:43:21+00:00,0.48,0.48,0.036000000000000004,0.51,,75000000.0,188000000.0,188000000.0,,196000000.0,-8000000.0,7716000000.0,8247000000.0,7000000.0,219000000.0,7716000000.0,531000000.0,58000000.0,2000000.0,219000000.0,312000000.0,-49000000.0,263000000.0,8247000000.0,408300000.0,408300000.0,383000000.0
Tyson Foods Inc,TSN,,100493,2011.0,Q2YTD,2010-10-03,2011-04-02,,1.12,1.12,0.07,1.2,,236000000.0,450000000.0,450000000.0,,457000000.0,-7000000.0,14338000000.0,15615000000.0,8000000.0,476000000.0,14338000000.0,1277000000.0,129000000.0,6000000.0,476000000.0,801000000.0,-115000000.0,686000000.0,15615000000.0,407700000.0,407700000.0,383000000.0
Tyson Foods Inc,TSN,,100493,2011.0,Q2TTM,2010-04-04,2011-04-02,,2.47,2.47,0.14,2.42,29000000.0,504000000.0,900000000.0,900000000.0,,918000000.0,-18000000.0,27796000000.0,30494000000.0,-12000000.0,970000000.0,27796000000.0,2698000000.0,296000000.0,13000000.0,999000000.0,1699000000.0,-295000000.0,1404000000.0,30494000000.0,407700000.0,407700000.0,383000000.0
Tyson Foods Inc,TSN,,100493,2011.0,Q2,2011-01-02,2011-04-02,2012-05-07 07:49:31+00:00,0.39,0.39,0.036000000000000004,0.42,,85000000.0,156000000.0,156000000.0,,159000000.0,-3000000.0,7467000000.0,8000000000.0,-2000000.0,230000000.0,7467000000.0,533000000.0,63000000.0,3000000.0,230000000.0,303000000.0,-62000000.0,241000000.0,8000000000.0,407700000.0,407700000.0,383000000.0
Tyson Foods Inc,TSN,,100493,2011.0,Q1TTM,2010-01-03,2011-01-01,,2.47,2.47,0.14,2.42,29000000.0,512000000.0,900000000.0,900000000.0,,918000000.0,-18000000.0,26681000000.0,29410000000.0,-9000000.0,960000000.0,26681000000.0,2729000000.0,333000000.0,14000000.0,989000000.0,1740000000.0,-328000000.0,1412000000.0,29410000000.0,408200000.0,408200000.0,379000000.0
Tyson Foods Inc,TSN,,100493,2011.0,Q1,2010-10-03,2011-01-01,2012-02-03 07:43:16+00:00,0.73,0.73,0.036000000000000004,0.78,,151000000.0,294000000.0,294000000.0,,298000000.0,-4000000.0,6871000000.0,7615000000.0,10000000.0,246000000.0,6871000000.0,744000000.0,66000000.0,3000000.0,246000000.0,498000000.0,-53000000.0,445000000.0,7615000000.0,408200000.0,408200000.0,379000000.0
Tyson Foods Inc,TSN,,100493,2012.0,Q4,2012-07-01,2012-09-29,,0.41,0.41,0.04,0.51,,120000000.0,181000000.0,213000000.0,-32000000.0,185000000.0,-4000000.0,7601000000.0,8197000000.0,6000000.0,232000000.0,7601000000.0,596000000.0,40000000.0,3000000.0,232000000.0,364000000.0,-31000000.0,333000000.0,8197000000.0,393900000.0,393900000.0,370000000.0
Tyson Foods Inc,TSN,,100493,2012.0,FY,2011-10-02,2012-09-29,2014-11-17 07:40:03+00:00,1.48,1.48,0.14400000000000002,1.58,,351000000.0,576000000.0,614000000.0,-38000000.0,583000000.0,-7000000.0,30865000000.0,33055000000.0,23000000.0,904000000.0,30865000000.0,2190000000.0,356000000.0,12000000.0,904000000.0,1286000000.0,-321000000.0,965000000.0,33055000000.0,393900000.0,393900000.0,370000000.0
Tyson Foods Inc,TSN,,100493,2012.0,Q3YTD,2011-10-02,2012-06-30,,1.07,1.07,0.11,1.07,,231000000.0,395000000.0,401000000.0,-6000000.0,398000000.0,-3000000.0,23264000000.0,24858000000.0,17000000.0,672000000.0,23264000000.0,1594000000.0,316000000.0,9000000.0,672000000.0,922000000.0,-290000000.0,632000000.0,24858000000.0,361900000.0,361900000.0,369000000.0
Tyson Foods Inc,TSN,,100493,2012.0,Q3TTM,2011-07-03,2012-06-30,,1.51,1.51,0.16,1.33,,260000000.0,490000000.0,501000000.0,-11000000.0,495000000.0,-5000000.0,31047000000.0,33028000000.0,22000000.0,883000000.0,31047000000.0,1981000000.0,371000000.0,12000000.0,883000000.0,1098000000.0,-337000000.0,761000000.0,33028000000.0,361900000.0,361900000.0,369000000.0
Tyson Foods Inc,TSN,,100493,2012.0,Q3,2012-04-01,2012-06-30,2013-08-05 07:49:32+00:00,0.21,0.21,0.036000000000000004,0.21,,53000000.0,73000000.0,79000000.0,-6000000.0,76000000.0,-3000000.0,7695000000.0,8261000000.0,3000000.0,224000000.0,7695000000.0,566000000.0,215000000.0,2000000.0,224000000.0,342000000.0,-210000000.0,132000000.0,8261000000.0,361900000.0,361900000.0,369000000.0
Tyson Foods Inc,TSN,,100493,2012.0,Q2YTD,2011-10-02,2012-03-31,,0.86,0.86,0.07,0.86,,178000000.0,322000000.0,322000000.0,,322000000.0,,15569000000.0,16597000000.0,14000000.0,448000000.0,15569000000.0,1028000000.0,101000000.0,7000000.0,448000000.0,580000000.0,-80000000.0,500000000.0,16597000000.0,353200000.0,353200000.0,373000000.0
Tyson Foods Inc,TSN,,100493,2012.0,Q2TTM,2011-04-03,2012-03-31,,1.78,1.78,0.16,1.63,,282000000.0,605000000.0,610000000.0,-5000000.0,615000000.0,-10000000.0,31068000000.0,33014000000.0,26000000.0,878000000.0,31068000000.0,1946000000.0,214000000.0,12000000.0,878000000.0,1068000000.0,-176000000.0,892000000.0,33014000000.0,353200000.0,353200000.0,373000000.0
Tyson Foods Inc,TSN,,100493,2012.0,Q2,2012-01-01,2012-03-31,2013-05-06 07:46:23+00:00,0.47,0.47,0.036000000000000004,0.44,,91000000.0,166000000.0,166000000.0,,166000000.0,0.0,7733000000.0,8268000000.0,2000000.0,233000000.0,7733000000.0,535000000.0,52000000.0,5000000.0,233000000.0,302000000.0,-45000000.0,257000000.0,8268000000.0,353200000.0,353200000.0,373000000.0
Tyson Foods Inc,TSN,,100493,2012.0,Q1TTM,2011-01-02,2011-12-31,,1.7,1.7,0.16,1.61,,276000000.0,595000000.0,600000000.0,-5000000.0,608000000.0,-13000000.0,30802000000.0,32746000000.0,22000000.0,875000000.0,30802000000.0,1944000000.0,225000000.0,10000000.0,875000000.0,1069000000.0,-193000000.0,876000000.0,32746000000.0,400000000.0,400000000.0,376000000.0
Tyson Foods Inc,TSN,,100493,2012.0,Q1,2011-10-02,2011-12-31,2013-02-01 07:38:38+00:00,0.39,0.39,0.036000000000000004,0.42,,87000000.0,156000000.0,156000000.0,,156000000.0,0.0,7836000000.0,8329000000.0,12000000.0,215000000.0,7836000000.0,493000000.0,49000000.0,2000000.0,215000000.0,278000000.0,-35000000.0,243000000.0,8329000000.0,400000000.0,400000000.0,376000000.0
Tyson Foods Inc,TSN,,100493,2013.0,FY,2012-09-30,2013-09-28,2015-11-23 07:40:41+00:00,2.04,2.04,0.27,2.12,,409000000.0,778000000.0,848000000.0,-70000000.0,778000000.0,0.0,32016000000.0,34374000000.0,20000000.0,983000000.0,32016000000.0,2358000000.0,145000000.0,7000000.0,983000000.0,1375000000.0,-118000000.0,1257000000.0,34374000000.0,381400000.0,381400000.0,367000000.0
Tyson Foods Inc,TSN,,100493,2013.0,Q4,2013-06-30,2013-09-28,,0.63,0.63,0.03,0.7,,124000000.0,259000000.0,259000000.0,,261000000.0,-2000000.0,8225000000.0,8894000000.0,1000000.0,253000000.0,8225000000.0,669000000.0,36000000.0,2000000.0,253000000.0,416000000.0,-33000000.0,383000000.0,8894000000.0,381400000.0,381400000.0,367000000.0
Tyson Foods Inc,TSN,,100493,2013.0,Q3YTD,2012-09-30,2013-06-29,,1.41,1.41,0.24,1.42,,285000000.0,519000000.0,589000000.0,-70000000.0,517000000.0,2000000.0,23791000000.0,25480000000.0,19000000.0,730000000.0,23791000000.0,1689000000.0,109000000.0,5000000.0,730000000.0,959000000.0,-85000000.0,874000000.0,25480000000.0,389100000.0,389100000.0,369000000.0
Tyson Foods Inc,TSN,,100493,2013.0,Q3TTM,2012-07-01,2013-06-29,,1.82,1.82,0.28,1.93,,405000000.0,700000000.0,802000000.0,-102000000.0,702000000.0,-2000000.0,31392000000.0,33677000000.0,25000000.0,962000000.0,31392000000.0,2285000000.0,149000000.0,8000000.0,962000000.0,1323000000.0,-116000000.0,1207000000.0,33677000000.0,389100000.0,389100000.0,369000000.0
Tyson Foods Inc,TSN,,100493,2013.0,Q3,2013-03-31,2013-06-29,2014-08-07 07:58:16+00:00,0.64,0.64,0.05,0.68,,136000000.0,245000000.0,249000000.0,-4000000.0,249000000.0,-4000000.0,8049000000.0,8731000000.0,0.0,263000000.0,8049000000.0,682000000.0,36000000.0,2000000.0,263000000.0,419000000.0,-34000000.0,385000000.0,8731000000.0,389100000.0,389100000.0,369000000.0
Tyson Foods Inc,TSN,,100493,2013.0,Q2YTD,2012-09-30,2013-03-30,,0.77,0.77,0.19,0.74,,149000000.0,274000000.0,340000000.0,-66000000.0,268000000.0,6000000.0,15742000000.0,16749000000.0,19000000.0,467000000.0,15742000000.0,1007000000.0,73000000.0,3000000.0,467000000.0,540000000.0,-51000000.0,489000000.0,16749000000.0,351900000.0,351900000.0,366000000.0
Tyson Foods Inc,TSN,,100493,2013.0,Q2TTM,2012-04-01,2013-03-30,,1.39,1.39,0.26,1.46,,322000000.0,528000000.0,632000000.0,-104000000.0,529000000.0,-1000000.0,31038000000.0,33207000000.0,28000000.0,923000000.0,31038000000.0,2169000000.0,328000000.0,8000000.0,923000000.0,1246000000.0,-292000000.0,954000000.0,33207000000.0,351900000.0,351900000.0,366000000.0
Tyson Foods Inc,TSN,,100493,2013.0,Q2,2012-12-30,2013-03-30,2014-05-05 07:39:19+00:00,0.27,0.27,0.045,0.26,,53000000.0,106000000.0,168000000.0,-62000000.0,95000000.0,11000000.0,7915000000.0,8383000000.0,19000000.0,232000000.0,7915000000.0,468000000.0,36000000.0,2000000.0,232000000.0,236000000.0,-15000000.0,221000000.0,8383000000.0,351900000.0,351900000.0,366000000.0
Tyson Foods Inc,TSN,,100493,2013.0,Q1TTM,2012-01-01,2012-12-29,,1.59,1.59,0.25,1.64,,360000000.0,588000000.0,630000000.0,-42000000.0,600000000.0,-12000000.0,30856000000.0,33092000000.0,11000000.0,924000000.0,30856000000.0,2236000000.0,344000000.0,11000000.0,924000000.0,1312000000.0,-322000000.0,990000000.0,33092000000.0,346000000.0,346000000.0,362000000.0
Tyson Foods Inc,TSN,,100493,2013.0,Q1,2012-09-30,2012-12-29,2014-01-31 07:39:21+00:00,0.5,0.5,0.14400000000000002,0.48,,96000000.0,168000000.0,172000000.0,-4000000.0,173000000.0,-5000000.0,7827000000.0,8366000000.0,0.0,235000000.0,7827000000.0,539000000.0,37000000.0,1000000.0,235000000.0,304000000.0,-36000000.0,268000000.0,8366000000.0,346000000.0,346000000.0,362000000.0
Tyson Foods Inc,TSN,,100493,2014.0,FY,2013-09-29,2014-09-27,2016-11-21 07:37:25+00:00,2.26,2.26,0.27,2.37,,396000000.0,856000000.0,856000000.0,,864000000.0,-8000000.0,34895000000.0,37580000000.0,-53000000.0,1255000000.0,34895000000.0,2685000000.0,132000000.0,7000000.0,1255000000.0,1430000000.0,-178000000.0,1252000000.0,37580000000.0,382300000.0,382300000.0,364000000.0
Tyson Foods Inc,TSN,,100493,2014.0,Q4,2014-06-29,2014-09-27,,0.32,0.32,0.04,0.32,,82000000.0,136000000.0,136000000.0,,137000000.0,-1000000.0,9393000000.0,10105000000.0,-35000000.0,406000000.0,9393000000.0,712000000.0,54000000.0,1000000.0,406000000.0,306000000.0,-88000000.0,218000000.0,10105000000.0,382300000.0,382300000.0,364000000.0
Tyson Foods Inc,TSN,,100493,2014.0,Q3YTD,2013-09-29,2014-06-28,,1.94,1.94,0.23,2.05,,314000000.0,720000000.0,720000000.0,,727000000.0,-7000000.0,25502000000.0,27475000000.0,-18000000.0,849000000.0,25502000000.0,1973000000.0,78000000.0,6000000.0,849000000.0,1124000000.0,-90000000.0,1034000000.0,27475000000.0,382400000.0,382400000.0,356000000.0
Tyson Foods Inc,TSN,,100493,2014.0,Q3TTM,2013-06-30,2014-06-28,,2.57,2.57,0.26,2.75,,438000000.0,979000000.0,979000000.0,,988000000.0,-9000000.0,33727000000.0,36369000000.0,-17000000.0,1102000000.0,33727000000.0,2642000000.0,114000000.0,8000000.0,1102000000.0,1540000000.0,-123000000.0,1417000000.0,36369000000.0,382400000.0,382400000.0,356000000.0
Tyson Foods Inc,TSN,,100493,2014.0,Q3,2014-03-30,2014-06-28,2015-08-03 07:40:13+00:00,0.68,0.68,0.068,0.73,,52000000.0,258000000.0,258000000.0,,260000000.0,-2000000.0,9045000000.0,9682000000.0,-17000000.0,286000000.0,9045000000.0,637000000.0,25000000.0,1000000.0,286000000.0,351000000.0,-41000000.0,310000000.0,9682000000.0,382400000.0,382400000.0,356000000.0
Tyson Foods Inc,TSN,,100493,2014.0,Q2,2013-12-29,2014-03-29,2015-05-04 07:39:15+00:00,0.58,0.58,0.068,0.6,,131000000.0,210000000.0,210000000.0,,213000000.0,-3000000.0,8381000000.0,9032000000.0,2000000.0,290000000.0,8381000000.0,651000000.0,25000000.0,3000000.0,290000000.0,361000000.0,-20000000.0,341000000.0,9032000000.0,367200000.0,367200000.0,356000000.0
Tyson Foods Inc,TSN,,100493,2014.0,Q2YTD,2013-09-29,2014-03-29,,1.26,1.26,0.16,1.32,,262000000.0,462000000.0,462000000.0,,467000000.0,-5000000.0,16457000000.0,17793000000.0,-1000000.0,563000000.0,16457000000.0,1336000000.0,53000000.0,5000000.0,563000000.0,773000000.0,-49000000.0,724000000.0,17793000000.0,367200000.0,367200000.0,356000000.0
Tyson Foods Inc,TSN,,100493,2014.0,Q2TTM,2013-03-31,2014-03-29,,2.53,2.53,0.24,2.7,,522000000.0,966000000.0,970000000.0,-4000000.0,977000000.0,-11000000.0,32731000000.0,35418000000.0,,1079000000.0,32731000000.0,2687000000.0,125000000.0,9000000.0,1079000000.0,1608000000.0,-116000000.0,1492000000.0,35418000000.0,367200000.0,367200000.0,356000000.0
Tyson Foods Inc,TSN,,100493,2014.0,Q1,2013-09-29,2013-12-28,2015-01-30 07:36:59+00:00,0.68,0.68,0.09,0.72,,131000000.0,252000000.0,252000000.0,,254000000.0,-2000000.0,8076000000.0,8761000000.0,-3000000.0,273000000.0,8076000000.0,685000000.0,28000000.0,2000000.0,273000000.0,412000000.0,-29000000.0,383000000.0,8761000000.0,373500000.0,373500000.0,354000000.0
Tyson Foods Inc,TSN,,100493,2014.0,Q1TTM,2012-12-30,2013-12-28,,2.22,2.22,0.22,2.36,,444000000.0,862000000.0,928000000.0,-66000000.0,859000000.0,3000000.0,32265000000.0,34769000000.0,17000000.0,1021000000.0,32265000000.0,2504000000.0,136000000.0,8000000.0,1021000000.0,1483000000.0,-111000000.0,1372000000.0,34769000000.0,373500000.0,373500000.0,354000000.0
Tyson Foods Inc,TSN,,100493,2015.0,FY,2014-09-28,2015-10-03,2017-11-13 07:41:02+00:00,2.79,2.79,0.36,2.95,,697000000.0,1224000000.0,1224000000.0,,1220000000.0,4000000.0,37456000000.0,41373000000.0,36000000.0,1748000000.0,37456000000.0,3917000000.0,293000000.0,9000000.0,1748000000.0,2169000000.0,-248000000.0,1921000000.0,41373000000.0,437300000.0,437300000.0,413000000.0
Tyson Foods Inc,TSN,,100493,2015.0,Q4,2015-06-28,2015-10-03,,0.59,0.59,0.07,0.63,,226000000.0,259000000.0,259000000.0,,258000000.0,1000000.0,9520000000.0,10506000000.0,4000000.0,436000000.0,9520000000.0,986000000.0,72000000.0,3000000.0,436000000.0,550000000.0,-65000000.0,485000000.0,10506000000.0,437300000.0,437300000.0,413000000.0
Tyson Foods Inc,TSN,,100493,2015.0,Q3,2015-03-29,2015-06-27,2016-08-08 07:37:53+00:00,0.78,0.78,0.09,0.83,,174000000.0,344000000.0,344000000.0,,343000000.0,1000000.0,9085000000.0,10071000000.0,25000000.0,423000000.0,9085000000.0,986000000.0,73000000.0,3000000.0,423000000.0,563000000.0,-45000000.0,518000000.0,10071000000.0,439700000.0,439700000.0,414000000.0
Tyson Foods Inc,TSN,,100493,2015.0,Q3YTD,2014-09-28,2015-06-27,,2.2,2.2,0.29,2.32,,471000000.0,965000000.0,965000000.0,,962000000.0,3000000.0,27936000000.0,30867000000.0,32000000.0,1312000000.0,27936000000.0,2931000000.0,221000000.0,6000000.0,1312000000.0,1619000000.0,-183000000.0,1436000000.0,30867000000.0,439700000.0,439700000.0,414000000.0
Tyson Foods Inc,TSN,,100493,2015.0,Q3TTM,2014-06-29,2015-06-27,,2.52,2.52,0.34,2.64,,553000000.0,1101000000.0,1101000000.0,,1099000000.0,2000000.0,37329000000.0,40972000000.0,-3000000.0,1718000000.0,37329000000.0,3643000000.0,275000000.0,7000000.0,1718000000.0,1925000000.0,-271000000.0,1654000000.0,40972000000.0,439700000.0,439700000.0,414000000.0
Tyson Foods Inc,TSN,,100493,2015.0,Q2,2014-12-28,2015-03-28,2016-05-09 07:36:12+00:00,0.71,0.71,0.09,0.75,,172000000.0,311000000.0,311000000.0,,310000000.0,1000000.0,8990000000.0,9979000000.0,6000000.0,442000000.0,8990000000.0,989000000.0,71000000.0,1000000.0,442000000.0,547000000.0,-64000000.0,483000000.0,9979000000.0,436600000.0,436600000.0,415000000.0
Tyson Foods Inc,TSN,,100493,2015.0,Q2YTD,2014-09-28,2015-03-28,,1.42,1.42,0.2,1.49,,297000000.0,621000000.0,621000000.0,,619000000.0,2000000.0,18851000000.0,20796000000.0,7000000.0,889000000.0,18851000000.0,1945000000.0,148000000.0,3000000.0,889000000.0,1056000000.0,-138000000.0,918000000.0,20796000000.0,436600000.0,436600000.0,415000000.0
Tyson Foods Inc,TSN,,100493,2015.0,Q2TTM,2014-03-30,2015-03-28,,2.42,2.42,0.32,2.54,,431000000.0,1015000000.0,1015000000.0,,1016000000.0,-1000000.0,37289000000.0,40583000000.0,-45000000.0,1581000000.0,37289000000.0,3294000000.0,227000000.0,5000000.0,1581000000.0,1713000000.0,-267000000.0,1446000000.0,40583000000.0,436600000.0,436600000.0,415000000.0
Tyson Foods Inc,TSN,,100493,2015.0,Q1,2014-09-28,2014-12-27,2016-02-05 07:39:45+00:00,0.71,0.71,0.113,0.74,,125000000.0,310000000.0,310000000.0,,309000000.0,1000000.0,9861000000.0,10817000000.0,1000000.0,447000000.0,9861000000.0,956000000.0,77000000.0,2000000.0,447000000.0,509000000.0,-74000000.0,435000000.0,10817000000.0,435200000.0,435200000.0,416000000.0
Tyson Foods Inc,TSN,,100493,2015.0,Q1TTM,2013-12-29,2014-12-27,,2.29,2.29,0.29,2.39,,390000000.0,914000000.0,914000000.0,,919000000.0,-5000000.0,36680000000.0,39636000000.0,-49000000.0,1429000000.0,36680000000.0,2956000000.0,181000000.0,7000000.0,1429000000.0,1527000000.0,-223000000.0,1304000000.0,39636000000.0,435200000.0,435200000.0,416000000.0
Tyson Foods Inc,TSN,,100493,2016.0,FY,2015-10-04,2016-10-01,2018-11-13 07:40:04+00:00,4.24,4.24,0.54,4.53,,826000000.0,1772000000.0,1772000000.0,,1768000000.0,4000000.0,32184000000.0,36881000000.0,8000000.0,1864000000.0,32184000000.0,4697000000.0,249000000.0,6000000.0,1864000000.0,2833000000.0,-235000000.0,2598000000.0,36881000000.0,417000000.0,417000000.0,390000000.0
Tyson Foods Inc,TSN,,100493,2016.0,Q4,2016-07-03,2016-10-01,,0.96,0.96,0.09,1.03,,139000000.0,392000000.0,392000000.0,,391000000.0,1000000.0,8067000000.0,9156000000.0,2000000.0,503000000.0,8067000000.0,1089000000.0,58000000.0,1000000.0,503000000.0,586000000.0,-55000000.0,531000000.0,9156000000.0,417000000.0,417000000.0,390000000.0
Tyson Foods Inc,TSN,,100493,2016.0,Q3,2016-04-03,2016-07-02,2017-08-07 07:39:21+00:00,1.17,1.17,0.135,1.25,,226000000.0,485000000.0,485000000.0,,484000000.0,1000000.0,8179000000.0,9403000000.0,2000000.0,457000000.0,8179000000.0,1224000000.0,60000000.0,2000000.0,457000000.0,767000000.0,-56000000.0,711000000.0,9403000000.0,413700000.0,413700000.0,388000000.0
Tyson Foods Inc,TSN,,100493,2016.0,Q3YTD,2015-10-04,2016-07-02,,3.28,3.28,0.45,3.5,,687000000.0,1380000000.0,1380000000.0,,1377000000.0,3000000.0,24117000000.0,27725000000.0,6000000.0,1361000000.0,24117000000.0,3608000000.0,191000000.0,5000000.0,1361000000.0,2247000000.0,-180000000.0,2067000000.0,27725000000.0,413700000.0,413700000.0,388000000.0
Tyson Foods Inc,TSN,,100493,2016.0,Q3TTM,2015-06-28,2016-07-02,,3.87,3.87,0.52,4.13,,913000000.0,1639000000.0,1639000000.0,,1635000000.0,4000000.0,33637000000.0,38231000000.0,10000000.0,1797000000.0,33637000000.0,4594000000.0,263000000.0,8000000.0,1797000000.0,2797000000.0,-245000000.0,2552000000.0,38231000000.0,413700000.0,413700000.0,388000000.0
Tyson Foods Inc,TSN,,100493,2016.0,Q2,2016-01-03,2016-04-02,2017-05-08 07:38:19+00:00,1.02,1.02,0.135,1.1,,210000000.0,434000000.0,434000000.0,,432000000.0,2000000.0,7987000000.0,9170000000.0,3000000.0,479000000.0,7987000000.0,1183000000.0,64000000.0,1000000.0,479000000.0,704000000.0,-60000000.0,644000000.0,9170000000.0,423500000.0,423500000.0,393000000.0
Tyson Foods Inc,TSN,,100493,2016.0,Q2YTD,2015-10-04,2016-04-02,,2.11,2.11,0.32,2.25,,461000000.0,895000000.0,895000000.0,,893000000.0,2000000.0,15938000000.0,18322000000.0,4000000.0,904000000.0,15938000000.0,2384000000.0,131000000.0,3000000.0,904000000.0,1480000000.0,-124000000.0,1356000000.0,18322000000.0,423500000.0,423500000.0,393000000.0
Tyson Foods Inc,TSN,,100493,2016.0,Q2TTM,2015-03-29,2016-04-02,,3.48,3.48,0.47,3.71,,861000000.0,1498000000.0,1498000000.0,,1494000000.0,4000000.0,34543000000.0,38899000000.0,33000000.0,1763000000.0,34543000000.0,4356000000.0,276000000.0,9000000.0,1763000000.0,2593000000.0,-234000000.0,2359000000.0,38899000000.0,423500000.0,423500000.0,393000000.0
Tyson Foods Inc,TSN,,100493,2016.0,Q1,2015-10-04,2016-01-02,2017-02-06 07:36:48+00:00,1.09,1.09,0.18,1.15,,251000000.0,461000000.0,461000000.0,,461000000.0,0.0,7951000000.0,9152000000.0,1000000.0,425000000.0,7951000000.0,1201000000.0,67000000.0,2000000.0,425000000.0,776000000.0,-64000000.0,712000000.0,9152000000.0,422900000.0,422900000.0,400000000.0
Tyson Foods Inc,TSN,,100493,2016.0,Q1TTM,2014-12-28,2016-01-02,,3.17,3.17,0.43,3.36,,823000000.0,1375000000.0,1375000000.0,,1372000000.0,3000000.0,35546000000.0,39708000000.0,36000000.0,1726000000.0,35546000000.0,4162000000.0,283000000.0,9000000.0,1726000000.0,2436000000.0,-238000000.0,2198000000.0,39708000000.0,422900000.0,422900000.0,400000000.0
Tyson Foods Inc,TSN,,100493,2017.0,FY,2016-10-02,2017-09-30,2019-11-12 07:41:48+00:00,4.45,4.45,0.81,4.79,,850000000.0,1778000000.0,1778000000.0,,1774000000.0,4000000.0,33198000000.0,38260000000.0,-21000000.0,2141000000.0,33198000000.0,5062000000.0,279000000.0,7000000.0,2141000000.0,2921000000.0,-293000000.0,2628000000.0,38260000000.0,398700000.0,398700000.0,370000000.0
Tyson Foods Inc,TSN,,100493,2017.0,Q4,2017-07-02,2017-09-30,,0.98,0.98,0.13,1.07,,185000000.0,395000000.0,395000000.0,,394000000.0,1000000.0,8815000000.0,10145000000.0,1000000.0,659000000.0,8815000000.0,1330000000.0,94000000.0,2000000.0,659000000.0,671000000.0,-91000000.0,580000000.0,10145000000.0,398700000.0,398700000.0,370000000.0
Tyson Foods Inc,TSN,,100493,2017.0,Q3,2017-04-02,2017-07-01,2018-08-06 07:39:20+00:00,1.12,1.12,0.203,1.21,,169000000.0,448000000.0,448000000.0,,447000000.0,1000000.0,8648000000.0,9850000000.0,-11000000.0,505000000.0,8648000000.0,1202000000.0,71000000.0,2000000.0,505000000.0,697000000.0,-80000000.0,617000000.0,9850000000.0,399100000.0,399100000.0,370000000.0
Tyson Foods Inc,TSN,,100493,2017.0,Q3YTD,2016-10-02,2017-07-01,,3.47,3.47,0.68,3.72,,665000000.0,1383000000.0,1383000000.0,,1380000000.0,3000000.0,24383000000.0,28115000000.0,-22000000.0,1482000000.0,24383000000.0,3732000000.0,185000000.0,5000000.0,1482000000.0,2250000000.0,-202000000.0,2048000000.0,28115000000.0,399100000.0,399100000.0,370000000.0
Tyson Foods Inc,TSN,,100493,2017.0,Q3TTM,2016-07-03,2017-07-01,,4.43,4.43,0.77,4.75,,804000000.0,1775000000.0,1775000000.0,,1771000000.0,4000000.0,32450000000.0,37271000000.0,-20000000.0,1985000000.0,32450000000.0,4821000000.0,243000000.0,6000000.0,1985000000.0,2836000000.0,-257000000.0,2579000000.0,37271000000.0,399100000.0,399100000.0,370000000.0
Tyson Foods Inc,TSN,,100493,2017.0,Q2,2017-01-01,2017-04-01,2018-05-07 07:37:45+00:00,0.86,0.86,0.203,0.92,,178000000.0,341000000.0,341000000.0,,340000000.0,1000000.0,8036000000.0,9083000000.0,3000000.0,476000000.0,8036000000.0,1047000000.0,56000000.0,1000000.0,476000000.0,571000000.0,-52000000.0,519000000.0,9083000000.0,395300000.0,395300000.0,370000000.0
Tyson Foods Inc,TSN,,100493,2017.0,Q2YTD,2016-10-02,2017-04-01,,2.35,2.35,0.47,2.51,,496000000.0,935000000.0,935000000.0,,933000000.0,2000000.0,15735000000.0,18265000000.0,-11000000.0,977000000.0,15735000000.0,2530000000.0,114000000.0,3000000.0,977000000.0,1553000000.0,-122000000.0,1431000000.0,18265000000.0,395300000.0,395300000.0,370000000.0
Tyson Foods Inc,TSN,,100493,2017.0,Q2TTM,2016-04-03,2017-04-01,,4.48,4.48,0.7,4.79,,861000000.0,1812000000.0,1812000000.0,,1808000000.0,4000000.0,31981000000.0,36824000000.0,-7000000.0,1937000000.0,31981000000.0,4843000000.0,232000000.0,6000000.0,1937000000.0,2906000000.0,-233000000.0,2673000000.0,36824000000.0,395300000.0,395300000.0,370000000.0
Tyson Foods Inc,TSN,,100493,2017.0,Q1,2016-10-02,2016-12-31,2018-02-08 07:43:48+00:00,1.49,1.49,0.27,1.59,,318000000.0,594000000.0,594000000.0,,593000000.0,1000000.0,7699000000.0,9182000000.0,-14000000.0,501000000.0,7699000000.0,1483000000.0,58000000.0,2000000.0,501000000.0,982000000.0,-70000000.0,912000000.0,9182000000.0,398000000.0,398000000.0,373000000.0
Tyson Foods Inc,TSN,,100493,2017.0,Q1TTM,2016-01-03,2016-12-31,,4.64,4.64,0.63,4.97,,893000000.0,1905000000.0,1905000000.0,,1900000000.0,5000000.0,31932000000.0,36911000000.0,-7000000.0,1940000000.0,31932000000.0,4979000000.0,240000000.0,6000000.0,1940000000.0,3039000000.0,-241000000.0,2798000000.0,36911000000.0,398000000.0,398000000.0,373000000.0
Tyson Foods Inc,TSN,,100493,2018.0,FY,2017-10-01,2018-09-29,2019-11-12 07:41:48+00:00,7.59,7.59,1.08,8.19,,-282000000.0,3027000000.0,3027000000.0,,3024000000.0,3000000.0,34956000000.0,40052000000.0,56000000.0,2064000000.0,34956000000.0,5096000000.0,350000000.0,7000000.0,2064000000.0,3032000000.0,-287000000.0,2745000000.0,40052000000.0,398400000.0,398400000.0,369000000.0
Tyson Foods Inc,TSN,,100493,2018.0,Q4,2018-07-01,2018-09-29,,1.35,1.35,0.2,1.47,,220000000.0,537000000.0,537000000.0,,537000000.0,,8660000000.0,9999000000.0,24000000.0,520000000.0,8660000000.0,1339000000.0,87000000.0,1000000.0,520000000.0,819000000.0,-62000000.0,757000000.0,9999000000.0,398400000.0,398400000.0,369000000.0
Tyson Foods Inc,TSN,,100493,2018.0,Q3,2018-04-01,2018-06-30,2019-08-05 07:39:13+00:00,1.37,1.37,0.27,1.47,,181000000.0,542000000.0,542000000.0,,541000000.0,1000000.0,8752000000.0,10051000000.0,13000000.0,502000000.0,8752000000.0,1299000000.0,89000000.0,2000000.0,502000000.0,797000000.0,-74000000.0,723000000.0,10051000000.0,394900000.0,394900000.0,369000000.0
Tyson Foods Inc,TSN,,100493,2018.0,Q3YTD,2017-10-01,2018-06-30,,6.24,6.24,0.88,6.72,,-502000000.0,2490000000.0,2490000000.0,,2487000000.0,3000000.0,26296000000.0,30053000000.0,32000000.0,1544000000.0,26296000000.0,3757000000.0,263000000.0,6000000.0,1544000000.0,2213000000.0,-225000000.0,1988000000.0,30053000000.0,394900000.0,394900000.0,369000000.0
Tyson Foods Inc,TSN,,100493,2018.0,Q3TTM,2017-07-02,2018-06-30,,7.22,7.22,1.01,7.79,,-317000000.0,2885000000.0,2885000000.0,,2881000000.0,4000000.0,35111000000.0,40198000000.0,33000000.0,2203000000.0,35111000000.0,5087000000.0,357000000.0,8000000.0,2203000000.0,2884000000.0,-316000000.0,2568000000.0,40198000000.0,394900000.0,394900000.0,369000000.0
Tyson Foods Inc,TSN,,100493,2018.0,Q2,2017-12-31,2018-03-31,2019-05-06 07:39:27+00:00,0.78,0.78,0.27,0.85,,107000000.0,316000000.0,316000000.0,,315000000.0,1000000.0,8758000000.0,9773000000.0,13000000.0,521000000.0,8758000000.0,1015000000.0,86000000.0,2000000.0,521000000.0,494000000.0,-71000000.0,423000000.0,9773000000.0,403800000.0,403800000.0,370000000.0
Tyson Foods Inc,TSN,,100493,2018.0,Q2YTD,2017-10-01,2018-03-31,,4.87,4.87,0.61,5.25,,-683000000.0,1948000000.0,1948000000.0,,1946000000.0,2000000.0,17544000000.0,20002000000.0,19000000.0,1042000000.0,17544000000.0,2458000000.0,174000000.0,4000000.0,1042000000.0,1416000000.0,-151000000.0,1265000000.0,20002000000.0,403800000.0,403800000.0,370000000.0
Tyson Foods Inc,TSN,,100493,2018.0,Q2TTM,2017-04-02,2018-03-31,,6.97,6.97,0.95,7.53,,-329000000.0,2791000000.0,2791000000.0,,2787000000.0,4000000.0,35007000000.0,39997000000.0,9000000.0,2206000000.0,35007000000.0,4990000000.0,339000000.0,8000000.0,2206000000.0,2784000000.0,-322000000.0,2462000000.0,39997000000.0,403800000.0,403800000.0,370000000.0
Tyson Foods Inc,TSN,,100493,2018.0,Q1,2017-10-01,2017-12-30,2019-02-07 08:21:09+00:00,4.09,4.09,0.33799999999999997,4.4,,-790000000.0,1632000000.0,1632000000.0,,1631000000.0,1000000.0,8786000000.0,10229000000.0,6000000.0,521000000.0,8786000000.0,1443000000.0,88000000.0,2000000.0,521000000.0,922000000.0,-80000000.0,842000000.0,10229000000.0,398800000.0,398800000.0,371000000.0
Tyson Foods Inc,TSN,,100493,2018.0,Q1TTM,2017-01-01,2017-12-30,,7.05,7.05,0.88,7.6,,-258000000.0,2816000000.0,2816000000.0,,2812000000.0,4000000.0,34285000000.0,39307000000.0,-1000000.0,2161000000.0,34285000000.0,5022000000.0,309000000.0,7000000.0,2161000000.0,2861000000.0,-303000000.0,2558000000.0,39307000000.0,398800000.0,398800000.0,371000000.0
Tyson Foods Inc,TSN,,100493,2019.0,Q4,2019-06-30,2019-09-28,,0.93,-1.81,0.27,1.01,,94000000.0,372000000.0,372000000.0,,369000000.0,3000000.0,9745000000.0,10884000000.0,-17000000.0,535000000.0,9745000000.0,1139000000.0,123000000.0,2000000.0,535000000.0,604000000.0,-138000000.0,466000000.0,10884000000.0,396500000.0,396500000.0,366000000.0
Tyson Foods Inc,TSN,,100493,2019.0,FY,2018-09-30,2019-09-28,2019-11-12 07:41:48+00:00,5.1,5.1,1.35,5.52,,396000000.0,2035000000.0,2035000000.0,,2022000000.0,13000000.0,37383000000.0,42405000000.0,55000000.0,2195000000.0,37383000000.0,5022000000.0,462000000.0,11000000.0,2195000000.0,2827000000.0,-396000000.0,2431000000.0,42405000000.0,396500000.0,396500000.0,366000000.0
Tyson Foods Inc,TSN,,100493,2019.0,Q3YTD,2018-09-30,2019-06-29,,4.17,6.91,1.08,4.51,,302000000.0,1663000000.0,1663000000.0,,1653000000.0,10000000.0,27638000000.0,31521000000.0,72000000.0,1660000000.0,27638000000.0,3883000000.0,339000000.0,9000000.0,1660000000.0,2223000000.0,-258000000.0,1965000000.0,31521000000.0,395300000.0,395300000.0,367000000.0
Tyson Foods Inc,TSN,,100493,2019.0,Q3TTM,2018-07-01,2019-06-29,,5.52,8.26,1.28,5.98,,522000000.0,2200000000.0,2200000000.0,,2190000000.0,10000000.0,36298000000.0,41520000000.0,96000000.0,2180000000.0,36298000000.0,5222000000.0,426000000.0,10000000.0,2180000000.0,3042000000.0,-320000000.0,2722000000.0,41520000000.0,395300000.0,395300000.0,367000000.0
Tyson Foods Inc,TSN,,100493,2019.0,Q3,2019-03-31,2019-06-29,2019-08-05 07:39:13+00:00,1.71,1.71,0.33799999999999997,1.84,,43000000.0,681000000.0,681000000.0,,676000000.0,5000000.0,9549000000.0,10885000000.0,62000000.0,555000000.0,9549000000.0,1336000000.0,121000000.0,2000000.0,555000000.0,781000000.0,-57000000.0,724000000.0,10885000000.0,395300000.0,395300000.0,367000000.0
Tyson Foods Inc,TSN,,100493,2019.0,Q2,2018-12-30,2019-03-30,2020-05-04 07:46:34+00:00,1.07,2.27,0.33799999999999997,1.17,,98000000.0,430000000.0,430000000.0,,426000000.0,4000000.0,9251000000.0,10443000000.0,7000000.0,557000000.0,9251000000.0,1192000000.0,119000000.0,5000000.0,557000000.0,635000000.0,-107000000.0,528000000.0,10443000000.0,398100000.0,364000000.0,366000000.0
Tyson Foods Inc,TSN,,100493,2019.0,Q2YTD,2018-09-30,2019-03-30,,2.46,5.2,0.74,2.67,,259000000.0,982000000.0,982000000.0,,977000000.0,5000000.0,18089000000.0,20636000000.0,10000000.0,1105000000.0,18089000000.0,2547000000.0,218000000.0,7000000.0,1105000000.0,1442000000.0,-201000000.0,1241000000.0,20636000000.0,398100000.0,364000000.0,366000000.0
Tyson Foods Inc,TSN,,100493,2019.0,Q2TTM,2018-04-01,2019-03-30,,5.18,7.92,1.22,5.61,,660000000.0,2061000000.0,2061000000.0,,2055000000.0,6000000.0,35501000000.0,40686000000.0,47000000.0,2127000000.0,35501000000.0,5185000000.0,394000000.0,10000000.0,2127000000.0,3058000000.0,-337000000.0,2721000000.0,40686000000.0,398100000.0,364000000.0,366000000.0
Tyson Foods Inc,TSN,,100493,2019.0,Q1,2018-09-30,2018-12-29,2020-02-06 07:56:16+00:00,1.39,2.93,0.405,1.5,,161000000.0,552000000.0,552000000.0,,551000000.0,1000000.0,8838000000.0,10193000000.0,3000000.0,548000000.0,8838000000.0,1355000000.0,99000000.0,2000000.0,548000000.0,807000000.0,-94000000.0,713000000.0,10193000000.0,396400000.0,364000000.0,366000000.0
Tyson Foods Inc,TSN,,100493,2019.0,Q1TTM,2017-12-31,2018-12-29,,4.89,6.43,1.15,5.29,,669000000.0,1947000000.0,1947000000.0,,1944000000.0,3000000.0,35008000000.0,40016000000.0,53000000.0,2091000000.0,35008000000.0,5008000000.0,361000000.0,7000000.0,2091000000.0,2917000000.0,-301000000.0,2616000000.0,40016000000.0,396400000.0,364000000.0,366000000.0
Tyson Foods Inc,TSN,,100493,2020.0,Q2YTD,2019-09-29,2020-03-28,,2.32,4.91,0.8,2.52,,288000000.0,928000000.0,928000000.0,,921000000.0,7000000.0,19242000000.0,21703000000.0,122000000.0,1134000000.0,19242000000.0,2461000000.0,239000000.0,6000000.0,1134000000.0,1327000000.0,-111000000.0,1216000000.0,21703000000.0,395700000.0,363000000.0,365000000.0
Tyson Foods Inc,TSN,,100493,2020.0,Q2TTM,2019-03-31,2020-03-28,,4.96,4.81,1.4,5.37,,425000000.0,1981000000.0,1981000000.0,,1966000000.0,15000000.0,38536000000.0,43472000000.0,167000000.0,2224000000.0,38536000000.0,4936000000.0,483000000.0,10000000.0,2224000000.0,2712000000.0,-306000000.0,2406000000.0,43472000000.0,395700000.0,363000000.0,365000000.0
Tyson Foods Inc,TSN,,100493,2020.0,Q2,2019-12-29,2020-03-28,2020-05-04 07:46:34+00:00,0.92,1.95,0.37799999999999995,1.0,,124000000.0,367000000.0,367000000.0,,364000000.0,3000000.0,9867000000.0,10888000000.0,106000000.0,520000000.0,9867000000.0,1021000000.0,119000000.0,3000000.0,520000000.0,501000000.0,-10000000.0,491000000.0,10888000000.0,395700000.0,363000000.0,365000000.0
Tyson Foods Inc,TSN,,100493,2020.0,Q1TTM,2018-12-30,2019-12-28,,5.11,5.13,1.36,5.54,,399000000.0,2044000000.0,2044000000.0,,2028000000.0,16000000.0,37920000000.0,43027000000.0,68000000.0,2261000000.0,37920000000.0,5107000000.0,483000000.0,12000000.0,2261000000.0,2846000000.0,-403000000.0,2443000000.0,43027000000.0,397900000.0,363000000.0,367000000.0
Tyson Foods Inc,TSN,,100493,2020.0,Q1,2019-09-29,2019-12-28,2020-02-06 07:56:16+00:00,1.4,2.96,0.419,1.52,,164000000.0,561000000.0,561000000.0,,557000000.0,4000000.0,9375000000.0,10815000000.0,16000000.0,614000000.0,9375000000.0,1440000000.0,120000000.0,3000000.0,614000000.0,826000000.0,-101000000.0,725000000.0,10815000000.0,397900000.0,363000000.0,367000000.0
