company_name,company_ticker,company_lei,company_cik,year,quarter,start_date,end_date,filing_date,amortizationexpense,basicdilutedeps,basiceps,dilutedeps,incometaxexpense,netincome,netincomecontinuing,netincometocommon,operatingcostofrevenue,operatingrevenue,otherincome,rdexpense,restructuringcharge,sgaexpense,totalcostofrevenue,totalgrossprofit,totalinterestexpense,totalinterestincome,totaloperatingexpenses,totaloperatingincome,totalotherincome,totalpretaxincome,totalrevenue,weightedavebasicdilutedsharesos,weightedavebasicsharesos,weightedavedilutedsharesos
ANSYS Inc,ANSS,549300VJV8H15Z5FJ571,1013462,2008.0,FY,2008-01-01,2008-12-31,2011-02-25 10:00:45+00:00,10713000.0,1.35,1.35,1.29,55020000.0,111671000.0,111671000.0,111671000.0,91414000.0,478339000.0,727000.0,71594000.0,0.0,134887000.0,91414000.0,386925000.0,9342000.0,5575000.0,217194000.0,169731000.0,-3040000.0,166691000.0,478339000.0,82700000.0,82975000.0,86768000.0
ANSYS Inc,ANSS,549300VJV8H15Z5FJ571,1013462,2009.0,FY,2009-01-01,2009-12-31,2012-02-23 11:30:54+00:00,16326000.0,1.32,1.32,1.27,57138000.0,116391000.0,116391000.0,116391000.0,97236000.0,516885000.0,-1287000.0,79856000.0,2726000.0,137264000.0,97236000.0,419649000.0,10401000.0,1740000.0,236172000.0,183477000.0,-9948000.0,173529000.0,516885000.0,88200000.0,88486000.0,91785000.0
ANSYS Inc,ANSS,549300VJV8H15Z5FJ571,1013462,2009.0,Q3,2009-07-01,2009-09-30,2010-11-04 13:12:40+00:00,4115000.0,0.35,0.35,0.33,15269000.0,30529000.0,30529000.0,30529000.0,23889000.0,128187000.0,54000.0,19462000.0,1370000.0,31719000.0,23889000.0,104298000.0,2313000.0,425000.0,56666000.0,47632000.0,-1834000.0,45798000.0,128187000.0,87200000.0,88284000.0,91640000.0
ANSYS Inc,ANSS,549300VJV8H15Z5FJ571,1013462,2009.0,Q2,2009-04-01,2009-06-30,2010-08-05 13:38:43+00:00,4021000.0,0.31,0.31,0.3,10125000.0,27137000.0,27137000.0,27137000.0,24058000.0,122026000.0,-817000.0,19909000.0,808000.0,32570000.0,24058000.0,97968000.0,2941000.0,360000.0,57308000.0,40660000.0,-3398000.0,37262000.0,122026000.0,87500000.0,87726000.0,91048000.0
ANSYS Inc,ANSS,549300VJV8H15Z5FJ571,1013462,2010.0,Q4,2010-10-01,2010-12-31,,4129000.0,0.54,0.54,0.52,16728000.0,49140000.0,49140000.0,49140000.0,26807000.0,166573000.0,645000.0,23317000.0,,46935000.0,26807000.0,139766000.0,792000.0,630000.0,74381000.0,65385000.0,483000.0,65868000.0,166573000.0,90600000.0,90684000.0,93209000.0
ANSYS Inc,ANSS,549300VJV8H15Z5FJ571,1013462,2010.0,FY,2010-01-01,2010-12-31,2013-02-28 12:13:55+00:00,16003000.0,1.69,1.69,1.64,63262000.0,153132000.0,153132000.0,153132000.0,100879000.0,580236000.0,-297000.0,88990000.0,,155096000.0,100879000.0,479357000.0,4488000.0,1911000.0,260089000.0,219268000.0,-2874000.0,216394000.0,580236000.0,90600000.0,90684000.0,93209000.0
ANSYS Inc,ANSS,549300VJV8H15Z5FJ571,1013462,2010.0,Q3YTD,2010-01-01,2010-09-30,,11874000.0,1.15,1.15,1.12,46534000.0,103992000.0,103992000.0,103992000.0,74072000.0,413663000.0,-942000.0,65673000.0,,108161000.0,74072000.0,339591000.0,3696000.0,1281000.0,185708000.0,153883000.0,-3357000.0,150526000.0,413663000.0,90300000.0,90880000.0,93212000.0
ANSYS Inc,ANSS,549300VJV8H15Z5FJ571,1013462,2010.0,Q3,2010-07-01,2010-09-30,2011-11-03 12:03:00+00:00,4037000.0,0.4,0.4,0.39,14762000.0,36130000.0,36130000.0,36130000.0,25279000.0,139843000.0,-574000.0,21696000.0,,36954000.0,25279000.0,114564000.0,902000.0,491000.0,62687000.0,51877000.0,-985000.0,50892000.0,139843000.0,90300000.0,90880000.0,93212000.0
ANSYS Inc,ANSS,549300VJV8H15Z5FJ571,1013462,2010.0,Q2YTD,2010-01-01,2010-06-30,,7837000.0,0.75,0.75,0.73,31772000.0,67862000.0,67862000.0,67862000.0,48793000.0,273820000.0,-368000.0,43977000.0,,71207000.0,48793000.0,225027000.0,2794000.0,790000.0,123021000.0,102006000.0,-2372000.0,99634000.0,273820000.0,91000000.0,90614000.0,93146000.0
ANSYS Inc,ANSS,549300VJV8H15Z5FJ571,1013462,2010.0,Q2,2010-04-01,2010-06-30,2011-08-04 12:41:54+00:00,3875000.0,0.39,0.39,0.38,16206000.0,35493000.0,35493000.0,35493000.0,24140000.0,137767000.0,139000.0,21390000.0,,35979000.0,24140000.0,113627000.0,1245000.0,422000.0,61244000.0,52383000.0,-684000.0,51699000.0,137767000.0,91000000.0,90614000.0,93146000.0
ANSYS Inc,ANSS,549300VJV8H15Z5FJ571,1013462,2010.0,Q1,2010-01-01,2010-03-31,2011-05-05 11:24:41+00:00,3962000.0,0.36,0.36,0.35,15566000.0,32369000.0,32369000.0,32369000.0,24653000.0,136053000.0,-507000.0,22587000.0,,35228000.0,24653000.0,111400000.0,1549000.0,368000.0,61777000.0,49623000.0,-1688000.0,47935000.0,136053000.0,89900000.0,89964000.0,92774000.0
ANSYS Inc,ANSS,549300VJV8H15Z5FJ571,1013462,2011.0,Q4,2011-10-01,2011-12-31,,5402000.0,0.52,0.52,0.5,25663000.0,47457000.0,47457000.0,47457000.0,33342000.0,198209000.0,175000.0,29751000.0,,56571000.0,33342000.0,164867000.0,1002000.0,804000.0,91724000.0,73143000.0,-23000.0,73120000.0,198209000.0,92200000.0,92120000.0,94381000.0
ANSYS Inc,ANSS,549300VJV8H15Z5FJ571,1013462,2011.0,FY,2011-01-01,2011-12-31,2014-02-27 11:40:46+00:00,17989000.0,1.96,1.96,1.91,84183000.0,180675000.0,180675000.0,180675000.0,119014000.0,691449000.0,-369000.0,108530000.0,,180357000.0,119014000.0,572435000.0,3332000.0,3000000.0,306876000.0,265559000.0,-701000.0,264858000.0,691449000.0,92200000.0,92120000.0,94381000.0
ANSYS Inc,ANSS,549300VJV8H15Z5FJ571,1013462,2011.0,Q3TTM,2010-10-01,2011-09-30,,16716000.0,1.98,1.98,1.93,75248000.0,182358000.0,182358000.0,182358000.0,112479000.0,659813000.0,101000.0,102096000.0,,170721000.0,112479000.0,547334000.0,3122000.0,2826000.0,289533000.0,257801000.0,-195000.0,257606000.0,659813000.0,93000000.0,92277000.0,94445000.0
ANSYS Inc,ANSS,549300VJV8H15Z5FJ571,1013462,2011.0,Q3YTD,2011-01-01,2011-09-30,,12587000.0,1.44,1.44,1.41,58520000.0,133218000.0,133218000.0,133218000.0,85672000.0,493240000.0,-544000.0,78779000.0,,123786000.0,85672000.0,407568000.0,2330000.0,2196000.0,215152000.0,192416000.0,-678000.0,191738000.0,493240000.0,93000000.0,92277000.0,94445000.0
ANSYS Inc,ANSS,549300VJV8H15Z5FJ571,1013462,2011.0,Q3,2011-07-01,2011-09-30,2012-11-01 11:27:46+00:00,4500000.0,0.49,0.49,0.48,19897000.0,45546000.0,45546000.0,45546000.0,31027000.0,172935000.0,78000.0,28899000.0,,43180000.0,31027000.0,141908000.0,753000.0,789000.0,76579000.0,65329000.0,114000.0,65443000.0,172935000.0,93000000.0,92277000.0,94445000.0
ANSYS Inc,ANSS,549300VJV8H15Z5FJ571,1013462,2011.0,Q2TTM,2010-07-01,2011-06-30,,16253000.0,1.89,1.89,1.84,70113000.0,172942000.0,172942000.0,172942000.0,106731000.0,626721000.0,-551000.0,94893000.0,,164495000.0,106731000.0,519990000.0,3271000.0,2528000.0,275641000.0,244349000.0,-1294000.0,243055000.0,626721000.0,92700000.0,91940000.0,94188000.0
ANSYS Inc,ANSS,549300VJV8H15Z5FJ571,1013462,2011.0,Q2YTD,2011-01-01,2011-06-30,,8087000.0,0.95,0.95,0.93,38623000.0,87672000.0,87672000.0,87672000.0,54645000.0,320305000.0,-622000.0,49880000.0,,80606000.0,54645000.0,265660000.0,1577000.0,1407000.0,138573000.0,127087000.0,-792000.0,126295000.0,320305000.0,92700000.0,91940000.0,94188000.0
ANSYS Inc,ANSS,549300VJV8H15Z5FJ571,1013462,2011.0,Q2,2011-04-01,2011-06-30,2012-08-02 11:31:01+00:00,4070000.0,0.49,0.49,0.48,19212000.0,45431000.0,45431000.0,45431000.0,28063000.0,162258000.0,-108000.0,25182000.0,,40130000.0,28063000.0,134195000.0,774000.0,712000.0,69382000.0,64813000.0,-170000.0,64643000.0,162258000.0,92700000.0,91940000.0,94188000.0
ANSYS Inc,ANSS,549300VJV8H15Z5FJ571,1013462,2011.0,Q1TTM,2010-04-01,2011-03-31,,16058000.0,1.79,1.79,1.74,67107000.0,163004000.0,163004000.0,163004000.0,102808000.0,602230000.0,-304000.0,91101000.0,,160344000.0,102808000.0,499422000.0,3742000.0,2238000.0,267503000.0,231919000.0,-1808000.0,230111000.0,602230000.0,91800000.0,91767000.0,94171000.0
ANSYS Inc,ANSS,549300VJV8H15Z5FJ571,1013462,2011.0,Q1,2011-01-01,2011-03-31,2012-05-03 11:21:55+00:00,4017000.0,0.46,0.46,0.45,19411000.0,42241000.0,42241000.0,42241000.0,26582000.0,158047000.0,-514000.0,24698000.0,,40476000.0,26582000.0,131465000.0,803000.0,695000.0,69191000.0,62274000.0,-622000.0,61652000.0,158047000.0,91800000.0,91767000.0,94171000.0
ANSYS Inc,ANSS,549300VJV8H15Z5FJ571,1013462,2012.0,Q4,2012-10-01,2012-12-31,,6468000.0,0.61,0.61,0.59,25491000.0,56063000.0,56063000.0,56063000.0,36681000.0,220748000.0,-395000.0,34206000.0,,61754000.0,36681000.0,184067000.0,488000.0,798000.0,102428000.0,81639000.0,-85000.0,81554000.0,220748000.0,92500000.0,92622000.0,94954000.0
ANSYS Inc,ANSS,549300VJV8H15Z5FJ571,1013462,2012.0,FY,2012-01-01,2012-12-31,2015-02-26 11:32:17+00:00,26443000.0,2.2,2.2,2.14,90064000.0,203483000.0,203483000.0,203483000.0,139516000.0,798018000.0,-1405000.0,132628000.0,,205178000.0,139516000.0,658502000.0,2661000.0,3360000.0,364249000.0,294253000.0,-706000.0,293547000.0,798018000.0,92500000.0,92622000.0,94954000.0
ANSYS Inc,ANSS,549300VJV8H15Z5FJ571,1013462,2012.0,Q3TTM,2011-10-01,2012-09-30,,25377000.0,2.11,2.11,2.05,90236000.0,194877000.0,194877000.0,194877000.0,136177000.0,775479000.0,-835000.0,128173000.0,,199995000.0,136177000.0,639302000.0,3175000.0,3366000.0,353545000.0,285757000.0,-644000.0,285113000.0,775479000.0,92200000.0,92448000.0,94755000.0
ANSYS Inc,ANSS,549300VJV8H15Z5FJ571,1013462,2012.0,Q3YTD,2012-01-01,2012-09-30,,19975000.0,1.59,1.59,1.55,64573000.0,147420000.0,147420000.0,147420000.0,102835000.0,577270000.0,-1010000.0,98422000.0,,143424000.0,102835000.0,474435000.0,2173000.0,2562000.0,261821000.0,212614000.0,-621000.0,211993000.0,577270000.0,92200000.0,92448000.0,94755000.0
ANSYS Inc,ANSS,549300VJV8H15Z5FJ571,1013462,2012.0,Q3,2012-07-01,2012-09-30,2013-11-07 11:22:03+00:00,6800000.0,0.56,0.56,0.54,21820000.0,51619000.0,51619000.0,51619000.0,33756000.0,196909000.0,-355000.0,33506000.0,,49195000.0,33756000.0,163153000.0,632000.0,774000.0,89501000.0,73652000.0,-213000.0,73439000.0,196909000.0,92200000.0,92448000.0,94755000.0
ANSYS Inc,ANSS,549300VJV8H15Z5FJ571,1013462,2012.0,Q2TTM,2011-07-01,2012-06-30,,23077000.0,2.04,2.04,1.99,88313000.0,188804000.0,188804000.0,188804000.0,133448000.0,751505000.0,-402000.0,123566000.0,,193980000.0,133448000.0,618057000.0,3296000.0,3381000.0,340623000.0,277434000.0,-317000.0,277117000.0,751505000.0,93100000.0,92626000.0,94928000.0
ANSYS Inc,ANSS,549300VJV8H15Z5FJ571,1013462,2012.0,Q2YTD,2012-01-01,2012-06-30,,13175000.0,1.03,1.03,1.01,42753000.0,95801000.0,95801000.0,95801000.0,69079000.0,380361000.0,-655000.0,64916000.0,,94229000.0,69079000.0,311282000.0,1541000.0,1788000.0,172320000.0,138962000.0,-408000.0,138554000.0,380361000.0,93100000.0,92626000.0,94928000.0
ANSYS Inc,ANSS,549300VJV8H15Z5FJ571,1013462,2012.0,Q2,2012-04-01,2012-06-30,2013-08-01 11:18:23+00:00,6750000.0,0.54,0.54,0.53,20997000.0,50262000.0,50262000.0,50262000.0,34737000.0,195016000.0,-39000.0,33415000.0,,48980000.0,34737000.0,160279000.0,723000.0,887000.0,89145000.0,71134000.0,125000.0,71259000.0,195016000.0,93100000.0,92626000.0,94928000.0
ANSYS Inc,ANSS,549300VJV8H15Z5FJ571,1013462,2012.0,Q1TTM,2011-04-01,2012-03-31,,20397000.0,1.99,1.99,1.94,86528000.0,183973000.0,183973000.0,183973000.0,126774000.0,718747000.0,-471000.0,115333000.0,,185130000.0,126774000.0,591973000.0,3347000.0,3206000.0,320860000.0,271113000.0,-612000.0,270501000.0,718747000.0,92900000.0,92817000.0,95190000.0
ANSYS Inc,ANSS,549300VJV8H15Z5FJ571,1013462,2012.0,Q1,2012-01-01,2012-03-31,2013-05-02 11:17:50+00:00,6425000.0,0.49,0.49,0.48,21756000.0,45539000.0,45539000.0,45539000.0,34342000.0,185345000.0,-616000.0,31501000.0,,45249000.0,34342000.0,151003000.0,818000.0,901000.0,83175000.0,67828000.0,-533000.0,67295000.0,185345000.0,92900000.0,92817000.0,95190000.0
ANSYS Inc,ANSS,549300VJV8H15Z5FJ571,1013462,2013.0,FY,2013-01-01,2013-12-31,2016-02-25 11:43:43+00:00,22359000.0,2.65,2.65,2.58,77162000.0,245327000.0,245327000.0,245327000.0,146692000.0,861260000.0,-1046000.0,151439000.0,,218907000.0,146692000.0,714568000.0,1169000.0,2841000.0,392705000.0,321863000.0,626000.0,322489000.0,861260000.0,92600000.0,92691000.0,95139000.0
ANSYS Inc,ANSS,549300VJV8H15Z5FJ571,1013462,2013.0,Q4,2013-10-01,2013-12-31,,4992000.0,0.83,0.83,0.79,16636000.0,75929000.0,75929000.0,75929000.0,38609000.0,236020000.0,-195000.0,37880000.0,,62287000.0,38609000.0,197411000.0,202000.0,710000.0,105159000.0,92252000.0,313000.0,92565000.0,236020000.0,92600000.0,92691000.0,95139000.0
ANSYS Inc,ANSS,549300VJV8H15Z5FJ571,1013462,2013.0,Q3TTM,2012-10-01,2013-09-30,,23835000.0,2.43,2.43,2.38,86017000.0,225461000.0,225461000.0,225461000.0,144764000.0,845988000.0,-1246000.0,147765000.0,,218374000.0,144764000.0,701224000.0,1455000.0,2929000.0,389974000.0,311250000.0,228000.0,311478000.0,845988000.0,93200000.0,92541000.0,95265000.0
ANSYS Inc,ANSS,549300VJV8H15Z5FJ571,1013462,2013.0,Q3YTD,2013-01-01,2013-09-30,,17367000.0,1.82,1.82,1.79,60526000.0,169398000.0,169398000.0,169398000.0,108083000.0,625240000.0,-851000.0,113559000.0,,156620000.0,108083000.0,517157000.0,967000.0,2131000.0,287546000.0,229611000.0,313000.0,229924000.0,625240000.0,93200000.0,92541000.0,95265000.0
ANSYS Inc,ANSS,549300VJV8H15Z5FJ571,1013462,2013.0,Q3,2013-07-01,2013-09-30,2014-11-05 11:29:41+00:00,5625000.0,0.67,0.67,0.66,19280000.0,62430000.0,62430000.0,62430000.0,35169000.0,212658000.0,-357000.0,38882000.0,,51345000.0,35169000.0,177489000.0,226000.0,656000.0,95852000.0,81637000.0,73000.0,81710000.0,212658000.0,93200000.0,92541000.0,95265000.0
ANSYS Inc,ANSS,549300VJV8H15Z5FJ571,1013462,2013.0,Q2TTM,2012-07-01,2013-06-30,,25010000.0,2.32,2.32,2.26,88557000.0,214650000.0,214650000.0,214650000.0,143351000.0,830239000.0,-1244000.0,142389000.0,,216224000.0,143351000.0,686888000.0,1861000.0,3047000.0,383623000.0,303265000.0,-58000.0,303207000.0,830239000.0,93200000.0,92860000.0,95040000.0
ANSYS Inc,ANSS,549300VJV8H15Z5FJ571,1013462,2013.0,Q2YTD,2013-01-01,2013-06-30,,11742000.0,1.15,1.15,1.13,41246000.0,106968000.0,106968000.0,106968000.0,72914000.0,412582000.0,-494000.0,74677000.0,,105275000.0,72914000.0,339668000.0,741000.0,1475000.0,191694000.0,147974000.0,240000.0,148214000.0,412582000.0,93200000.0,92860000.0,95040000.0
ANSYS Inc,ANSS,549300VJV8H15Z5FJ571,1013462,2013.0,Q2,2013-04-01,2013-06-30,2014-08-05 11:24:13+00:00,5813000.0,0.6,0.6,0.59,22680000.0,55945000.0,55945000.0,55945000.0,36680000.0,214850000.0,-173000.0,38670000.0,,55262000.0,36680000.0,178170000.0,370000.0,743000.0,99745000.0,78425000.0,200000.0,78625000.0,214850000.0,93200000.0,92860000.0,95040000.0
ANSYS Inc,ANSS,549300VJV8H15Z5FJ571,1013462,2013.0,Q1TTM,2012-04-01,2013-03-31,,25947000.0,2.26,2.26,2.2,86874000.0,208967000.0,208967000.0,208967000.0,141408000.0,810405000.0,-1110000.0,137134000.0,,209942000.0,141408000.0,668997000.0,2214000.0,3191000.0,373023000.0,295974000.0,-133000.0,295841000.0,810405000.0,92800000.0,92908000.0,95166000.0
ANSYS Inc,ANSS,549300VJV8H15Z5FJ571,1013462,2013.0,Q1,2013-01-01,2013-03-31,2014-05-01 11:07:19+00:00,5929000.0,0.55,0.55,0.54,18566000.0,51023000.0,51023000.0,51023000.0,36234000.0,197732000.0,-321000.0,36007000.0,,50013000.0,36234000.0,161498000.0,371000.0,732000.0,91949000.0,69549000.0,40000.0,69589000.0,197732000.0,92800000.0,92908000.0,95166000.0
ANSYS Inc,ANSS,549300VJV8H15Z5FJ571,1013462,2014.0,FY,2014-01-01,2014-12-31,2017-02-23 10:54:13+00:00,23388000.0,2.77,2.77,2.7,93449000.0,254690000.0,254690000.0,254690000.0,153386000.0,936021000.0,-1534000.0,165421000.0,,246376000.0,153386000.0,782635000.0,779000.0,3002000.0,435185000.0,347450000.0,689000.0,348139000.0,936021000.0,91900000.0,92067000.0,94194000.0
ANSYS Inc,ANSS,549300VJV8H15Z5FJ571,1013462,2014.0,Q4,2014-10-01,2014-12-31,,6014000.0,0.77,0.77,0.73,24248000.0,69633000.0,69633000.0,69633000.0,39769000.0,254375000.0,-762000.0,42170000.0,,72374000.0,39769000.0,214606000.0,201000.0,796000.0,120558000.0,94048000.0,-167000.0,93881000.0,254375000.0,91900000.0,92067000.0,94194000.0
ANSYS Inc,ANSS,549300VJV8H15Z5FJ571,1013462,2014.0,Q3TTM,2013-10-01,2014-09-30,,22366000.0,2.83,2.83,2.76,85837000.0,260986000.0,260986000.0,260986000.0,152226000.0,917666000.0,-967000.0,161131000.0,,236289000.0,152226000.0,765440000.0,780000.0,2916000.0,419786000.0,345654000.0,1169000.0,346823000.0,917666000.0,92200000.0,91875000.0,93905000.0
ANSYS Inc,ANSS,549300VJV8H15Z5FJ571,1013462,2014.0,Q3,2014-07-01,2014-09-30,2015-11-05 11:25:41+00:00,6793000.0,0.71,0.71,0.7,25440000.0,65479000.0,65479000.0,65479000.0,37194000.0,234000000.0,-395000.0,41033000.0,,58172000.0,37194000.0,196806000.0,149000.0,655000.0,105998000.0,90808000.0,111000.0,90919000.0,234000000.0,92200000.0,91875000.0,93905000.0
ANSYS Inc,ANSS,549300VJV8H15Z5FJ571,1013462,2014.0,Q3YTD,2014-01-01,2014-09-30,,17374000.0,2.0,2.0,1.97,69201000.0,185057000.0,185057000.0,185057000.0,113617000.0,681646000.0,-772000.0,123251000.0,,174002000.0,113617000.0,568029000.0,578000.0,2206000.0,314627000.0,253402000.0,856000.0,254258000.0,681646000.0,92200000.0,91875000.0,93905000.0
ANSYS Inc,ANSS,549300VJV8H15Z5FJ571,1013462,2014.0,Q2TTM,2013-07-01,2014-06-30,,21198000.0,2.79,2.79,2.72,79677000.0,257937000.0,257937000.0,257937000.0,150201000.0,896324000.0,-929000.0,158980000.0,,229462000.0,150201000.0,746123000.0,857000.0,2917000.0,409640000.0,336483000.0,1131000.0,337614000.0,896324000.0,92700000.0,92314000.0,94338000.0
ANSYS Inc,ANSS,549300VJV8H15Z5FJ571,1013462,2014.0,Q2,2014-04-01,2014-06-30,2015-08-05 11:20:29+00:00,5787000.0,0.68,0.68,0.67,20846000.0,63036000.0,63036000.0,63036000.0,38678000.0,232375000.0,-179000.0,42098000.0,,62280000.0,38678000.0,193697000.0,181000.0,710000.0,110165000.0,83532000.0,350000.0,83882000.0,232375000.0,92700000.0,92314000.0,94338000.0
ANSYS Inc,ANSS,549300VJV8H15Z5FJ571,1013462,2014.0,Q2YTD,2014-01-01,2014-06-30,,10581000.0,1.29,1.29,1.27,43761000.0,119578000.0,119578000.0,119578000.0,76423000.0,447646000.0,-377000.0,82218000.0,,115830000.0,76423000.0,371223000.0,429000.0,1551000.0,208629000.0,162594000.0,745000.0,163339000.0,447646000.0,92700000.0,92314000.0,94338000.0
ANSYS Inc,ANSS,549300VJV8H15Z5FJ571,1013462,2014.0,Q1TTM,2013-04-01,2014-03-31,,21224000.0,2.71,2.71,2.64,81511000.0,250846000.0,250846000.0,250846000.0,148203000.0,878799000.0,-923000.0,155552000.0,,222444000.0,148203000.0,730596000.0,1046000.0,2950000.0,399220000.0,331376000.0,981000.0,332357000.0,878799000.0,92700000.0,92483000.0,94949000.0
ANSYS Inc,ANSS,549300VJV8H15Z5FJ571,1013462,2014.0,Q1,2014-01-01,2014-03-31,2015-05-06 11:28:08+00:00,4794000.0,0.61,0.61,0.6,22915000.0,56542000.0,56542000.0,56542000.0,37745000.0,215271000.0,-198000.0,40120000.0,,53550000.0,37745000.0,177526000.0,248000.0,841000.0,98464000.0,79062000.0,395000.0,79457000.0,215271000.0,92700000.0,92483000.0,94949000.0
ANSYS Inc,ANSS,549300VJV8H15Z5FJ571,1013462,2015.0,FY,2015-01-01,2015-12-31,2018-02-22 11:13:42+00:00,19394000.0,2.82,2.82,2.76,104244000.0,252521000.0,252521000.0,252521000.0,147246000.0,942753000.0,257000.0,168831000.0,,253603000.0,147246000.0,795507000.0,,2829000.0,441828000.0,353679000.0,3086000.0,356765000.0,942753000.0,89500000.0,89561000.0,91502000.0
ANSYS Inc,ANSS,549300VJV8H15Z5FJ571,1013462,2015.0,Q4,2015-10-01,2015-12-31,,4357000.0,0.77,0.77,0.75,29779000.0,68021000.0,68021000.0,68021000.0,36992000.0,251647000.0,-218000.0,41392000.0,,71963000.0,36992000.0,214655000.0,-371000.0,704000.0,117712000.0,96943000.0,857000.0,97800000.0,251647000.0,89500000.0,89561000.0,91502000.0
ANSYS Inc,ANSS,549300VJV8H15Z5FJ571,1013462,2015.0,Q3,2015-07-01,2015-09-30,2016-11-03 11:37:03+00:00,4925000.0,0.74,0.74,0.72,24346000.0,66033000.0,66033000.0,66033000.0,36581000.0,237840000.0,-383000.0,44784000.0,,61367000.0,36581000.0,201259000.0,95000.0,674000.0,111076000.0,90183000.0,196000.0,90379000.0,237840000.0,89200000.0,89694000.0,91593000.0
ANSYS Inc,ANSS,549300VJV8H15Z5FJ571,1013462,2015.0,Q3YTD,2015-01-01,2015-09-30,,15037000.0,2.05,2.05,2.01,74465000.0,184500000.0,184500000.0,184500000.0,110254000.0,691106000.0,475000.0,127439000.0,,181640000.0,110254000.0,580852000.0,371000.0,2125000.0,324116000.0,256736000.0,2229000.0,258965000.0,691106000.0,89200000.0,89694000.0,91593000.0
ANSYS Inc,ANSS,549300VJV8H15Z5FJ571,1013462,2015.0,Q3TTM,2014-10-01,2015-09-30,,21051000.0,2.82,2.82,2.74,98713000.0,254133000.0,254133000.0,254133000.0,150023000.0,945481000.0,-287000.0,169609000.0,,254014000.0,150023000.0,795458000.0,572000.0,2921000.0,444674000.0,350784000.0,2062000.0,352846000.0,945481000.0,89200000.0,89694000.0,91593000.0
ANSYS Inc,ANSS,549300VJV8H15Z5FJ571,1013462,2015.0,Q2,2015-04-01,2015-06-30,2016-08-04 11:30:18+00:00,5035000.0,0.69,0.69,0.68,24924000.0,62335000.0,62335000.0,62335000.0,37785000.0,235485000.0,91000.0,42646000.0,,63524000.0,37785000.0,197700000.0,122000.0,795000.0,111205000.0,86495000.0,764000.0,87259000.0,235485000.0,90300000.0,89866000.0,91726000.0
ANSYS Inc,ANSS,549300VJV8H15Z5FJ571,1013462,2015.0,Q2YTD,2015-01-01,2015-06-30,,10112000.0,1.31,1.31,1.29,50119000.0,118467000.0,118467000.0,118467000.0,73673000.0,453266000.0,858000.0,82655000.0,,120273000.0,73673000.0,379593000.0,276000.0,1451000.0,213040000.0,166553000.0,2033000.0,168586000.0,453266000.0,90300000.0,89866000.0,91726000.0
ANSYS Inc,ANSS,549300VJV8H15Z5FJ571,1013462,2015.0,Q2TTM,2014-07-01,2015-06-30,,22919000.0,2.79,2.79,2.72,99807000.0,253579000.0,253579000.0,253579000.0,150636000.0,941641000.0,-299000.0,165858000.0,,250819000.0,150636000.0,791005000.0,626000.0,2902000.0,439596000.0,351409000.0,1977000.0,353386000.0,941641000.0,90300000.0,89866000.0,91726000.0
ANSYS Inc,ANSS,549300VJV8H15Z5FJ571,1013462,2015.0,Q1,2015-01-01,2015-03-31,2016-05-05 11:31:18+00:00,5077000.0,0.62,0.62,0.61,25195000.0,56132000.0,56132000.0,56132000.0,35888000.0,217781000.0,767000.0,40009000.0,,56749000.0,35888000.0,181893000.0,154000.0,656000.0,101835000.0,80058000.0,1269000.0,81327000.0,217781000.0,90500000.0,90059000.0,92140000.0
ANSYS Inc,ANSS,549300VJV8H15Z5FJ571,1013462,2015.0,Q1TTM,2014-04-01,2015-03-31,,23671000.0,2.78,2.78,2.71,95729000.0,254280000.0,254280000.0,254280000.0,151529000.0,938531000.0,-569000.0,165310000.0,,249575000.0,151529000.0,787002000.0,685000.0,2817000.0,438556000.0,348446000.0,1563000.0,350009000.0,938531000.0,90500000.0,90059000.0,92140000.0
ANSYS Inc,ANSS,549300VJV8H15Z5FJ571,1013462,2016.0,FY,2016-01-01,2016-12-31,2018-02-22 11:13:42+00:00,12755000.0,3.05,3.05,2.99,114679000.0,265636000.0,265636000.0,265636000.0,146860000.0,988465000.0,-136000.0,183093000.0,,269515000.0,146860000.0,841605000.0,,4209000.0,465363000.0,376242000.0,4073000.0,380315000.0,988465000.0,87100000.0,87227000.0,88969000.0
ANSYS Inc,ANSS,549300VJV8H15Z5FJ571,1013462,2016.0,Q4,2016-10-01,2016-12-31,,3174000.0,0.82,0.82,0.8,28083000.0,69983000.0,69983000.0,69983000.0,38978000.0,270628000.0,1000.0,45560000.0,,85950000.0,38978000.0,231650000.0,,1099000.0,134684000.0,96966000.0,1100000.0,98066000.0,270628000.0,87100000.0,87227000.0,88969000.0
ANSYS Inc,ANSS,549300VJV8H15Z5FJ571,1013462,2016.0,Q3,2016-07-01,2016-09-30,2017-11-02 10:36:48+00:00,3222000.0,0.8,0.8,0.78,31436000.0,69557000.0,69557000.0,69557000.0,35586000.0,245862000.0,-189000.0,45418000.0,,61537000.0,35586000.0,210276000.0,,1083000.0,110177000.0,100099000.0,894000.0,100993000.0,245862000.0,86900000.0,86959000.0,88676000.0
ANSYS Inc,ANSS,549300VJV8H15Z5FJ571,1013462,2016.0,Q3YTD,2016-01-01,2016-09-30,,9581000.0,2.23,2.23,2.19,86596000.0,195653000.0,195653000.0,195653000.0,107882000.0,717837000.0,-137000.0,137533000.0,,183565000.0,107882000.0,609955000.0,,3110000.0,330679000.0,279276000.0,2973000.0,282249000.0,717837000.0,86900000.0,86959000.0,88676000.0
ANSYS Inc,ANSS,549300VJV8H15Z5FJ571,1013462,2016.0,Q3TTM,2015-10-01,2016-09-30,,13938000.0,3.0,3.0,2.94,116375000.0,263674000.0,263674000.0,263674000.0,144874000.0,969484000.0,-355000.0,178925000.0,,255528000.0,144874000.0,824610000.0,-371000.0,3814000.0,448391000.0,376219000.0,3830000.0,380049000.0,969484000.0,86900000.0,86959000.0,88676000.0
ANSYS Inc,ANSS,549300VJV8H15Z5FJ571,1013462,2016.0,Q2,2016-04-01,2016-06-30,2017-08-03 09:52:00+00:00,3201000.0,0.79,0.79,0.78,25850000.0,69628000.0,69628000.0,69628000.0,37011000.0,246069000.0,246000.0,47443000.0,,64259000.0,37011000.0,209058000.0,,1077000.0,114903000.0,94155000.0,1323000.0,95478000.0,246069000.0,88100000.0,87638000.0,89305000.0
ANSYS Inc,ANSS,549300VJV8H15Z5FJ571,1013462,2016.0,Q2YTD,2016-01-01,2016-06-30,,6359000.0,1.43,1.43,1.41,55160000.0,126096000.0,126096000.0,126096000.0,72296000.0,471975000.0,52000.0,92115000.0,,122028000.0,72296000.0,399679000.0,,2027000.0,220502000.0,179177000.0,2079000.0,181256000.0,471975000.0,88100000.0,87638000.0,89305000.0
ANSYS Inc,ANSS,549300VJV8H15Z5FJ571,1013462,2016.0,Q2TTM,2015-07-01,2016-06-30,,15641000.0,2.94,2.94,2.88,109285000.0,260150000.0,260150000.0,260150000.0,145869000.0,961462000.0,-549000.0,178291000.0,,255358000.0,145869000.0,815593000.0,-276000.0,3405000.0,449290000.0,366303000.0,3132000.0,369435000.0,961462000.0,88100000.0,87638000.0,89305000.0
ANSYS Inc,ANSS,549300VJV8H15Z5FJ571,1013462,2016.0,Q1,2016-01-01,2016-03-31,2017-05-04 10:16:06+00:00,3158000.0,0.64,0.64,0.63,29310000.0,56468000.0,56468000.0,56468000.0,35285000.0,225906000.0,-194000.0,44672000.0,,57769000.0,35285000.0,190621000.0,,950000.0,105599000.0,85022000.0,756000.0,85778000.0,225906000.0,88200000.0,88114000.0,90084000.0
ANSYS Inc,ANSS,549300VJV8H15Z5FJ571,1013462,2016.0,Q1TTM,2015-04-01,2016-03-31,,17475000.0,2.84,2.84,2.78,108359000.0,252857000.0,252857000.0,252857000.0,146643000.0,950878000.0,-704000.0,173494000.0,,254623000.0,146643000.0,804235000.0,-154000.0,3123000.0,445592000.0,358643000.0,2573000.0,361216000.0,950878000.0,88200000.0,88114000.0,90084000.0
ANSYS Inc,ANSS,549300VJV8H15Z5FJ571,1013462,2017.0,FY,2017-01-01,2017-12-31,2020-02-27 10:57:42+00:00,12972000.0,3.05,3.05,2.98,136443000.0,259251000.0,259251000.0,259251000.0,150164000.0,1095250000.0,-1910000.0,202746000.0,,338640000.0,150164000.0,945086000.0,86000.0,6962000.0,554358000.0,390728000.0,4966000.0,395694000.0,1095250000.0,85000000.0,84988000.0,86854000.0
ANSYS Inc,ANSS,549300VJV8H15Z5FJ571,1013462,2017.0,Q4,2017-10-01,2017-12-31,,3466000.0,0.62,0.62,0.6,49745000.0,52585000.0,52585000.0,52585000.0,40812000.0,302336000.0,-398000.0,49222000.0,,108157000.0,40812000.0,261524000.0,86000.0,2135000.0,160845000.0,100679000.0,1651000.0,102330000.0,302336000.0,85000000.0,84988000.0,86854000.0
ANSYS Inc,ANSS,549300VJV8H15Z5FJ571,1013462,2017.0,Q3,2017-07-01,2017-09-30,2018-11-08 10:12:25+00:00,3260000.0,0.87,0.87,0.85,34295000.0,73630000.0,73630000.0,73630000.0,35983000.0,275585000.0,-168000.0,50144000.0,,80015000.0,35983000.0,239602000.0,,1910000.0,133419000.0,106183000.0,1742000.0,107925000.0,275585000.0,84600000.0,84774000.0,86588000.0
ANSYS Inc,ANSS,549300VJV8H15Z5FJ571,1013462,2017.0,Q3YTD,2017-01-01,2017-09-30,,9506000.0,2.43,2.43,2.38,86698000.0,206666000.0,206666000.0,206666000.0,109352000.0,792914000.0,-1512000.0,153524000.0,,230483000.0,109352000.0,683562000.0,,4827000.0,393513000.0,290049000.0,3315000.0,293364000.0,792914000.0,84600000.0,84774000.0,86588000.0
ANSYS Inc,ANSS,549300VJV8H15Z5FJ571,1013462,2017.0,Q3TTM,2016-10-01,2017-09-30,,12680000.0,3.25,3.25,3.18,114781000.0,276649000.0,276649000.0,276649000.0,148330000.0,1063542000.0,-1511000.0,199084000.0,,316433000.0,148330000.0,915212000.0,,5926000.0,528197000.0,387015000.0,4415000.0,391430000.0,1063542000.0,84600000.0,84774000.0,86588000.0
ANSYS Inc,ANSS,549300VJV8H15Z5FJ571,1013462,2017.0,Q2,2017-04-01,2017-06-30,2018-08-07 10:20:40+00:00,3139000.0,0.82,0.82,0.8,30142000.0,69730000.0,69730000.0,69730000.0,36338000.0,263924000.0,-190000.0,49002000.0,,77051000.0,36338000.0,227586000.0,,1668000.0,129192000.0,98394000.0,1478000.0,99872000.0,263924000.0,85000000.0,85167000.0,86895000.0
ANSYS Inc,ANSS,549300VJV8H15Z5FJ571,1013462,2017.0,Q2YTD,2017-01-01,2017-06-30,,6246000.0,1.56,1.56,1.53,52403000.0,133036000.0,133036000.0,133036000.0,73369000.0,517329000.0,-1344000.0,103380000.0,,150468000.0,73369000.0,443960000.0,,2917000.0,260094000.0,183866000.0,1573000.0,185439000.0,517329000.0,85000000.0,85167000.0,86895000.0
ANSYS Inc,ANSS,549300VJV8H15Z5FJ571,1013462,2017.0,Q2TTM,2016-07-01,2017-06-30,,12642000.0,3.18,3.18,3.11,111922000.0,272576000.0,272576000.0,272576000.0,147933000.0,1033819000.0,-1532000.0,194358000.0,,297955000.0,147933000.0,885886000.0,,5099000.0,504955000.0,380931000.0,3567000.0,384498000.0,1033819000.0,85000000.0,85167000.0,86895000.0
ANSYS Inc,ANSS,549300VJV8H15Z5FJ571,1013462,2017.0,Q1,2017-01-01,2017-03-31,2018-05-03 10:20:04+00:00,3107000.0,0.74,0.74,0.73,22261000.0,63306000.0,63306000.0,63306000.0,37031000.0,253405000.0,-1154000.0,54378000.0,,73417000.0,37031000.0,216374000.0,,1249000.0,130902000.0,85472000.0,95000.0,85567000.0,253405000.0,85500000.0,85456000.0,87224000.0
ANSYS Inc,ANSS,549300VJV8H15Z5FJ571,1013462,2017.0,Q1TTM,2016-04-01,2017-03-31,,12704000.0,3.15,3.15,3.09,107630000.0,272474000.0,272474000.0,272474000.0,148606000.0,1015964000.0,-1096000.0,192799000.0,,285163000.0,148606000.0,867358000.0,,4508000.0,490666000.0,376692000.0,3412000.0,380104000.0,1015964000.0,85500000.0,85456000.0,87224000.0
ANSYS Inc,ANSS,549300VJV8H15Z5FJ571,1013462,2018.0,FY,2018-01-01,2018-12-31,2020-02-27 10:57:42+00:00,13795000.0,4.99,4.99,4.88,67710000.0,419375000.0,419375000.0,419375000.0,155885000.0,1293636000.0,-849000.0,233802000.0,,413580000.0,155885000.0,1137751000.0,59000.0,11419000.0,661177000.0,476574000.0,10511000.0,487085000.0,1293636000.0,84000000.0,83973000.0,85913000.0
ANSYS Inc,ANSS,549300VJV8H15Z5FJ571,1013462,2018.0,Q4,2018-10-01,2018-12-31,,3374000.0,1.83,1.83,1.78,31899000.0,153163000.0,153163000.0,153163000.0,40089000.0,415432000.0,1440000.0,58896000.0,,133137000.0,40089000.0,375343000.0,59000.0,3745000.0,195407000.0,179936000.0,5126000.0,185062000.0,415432000.0,84000000.0,83973000.0,85913000.0
ANSYS Inc,ANSS,549300VJV8H15Z5FJ571,1013462,2018.0,Q3,2018-07-01,2018-09-30,2019-11-07 10:35:05+00:00,3491000.0,1.06,1.06,1.04,5927000.0,89336000.0,89336000.0,89336000.0,36308000.0,289418000.0,-974000.0,59019000.0,,97576000.0,36308000.0,253110000.0,,3213000.0,160086000.0,93024000.0,2239000.0,95263000.0,289418000.0,84300000.0,84158000.0,86043000.0
ANSYS Inc,ANSS,549300VJV8H15Z5FJ571,1013462,2018.0,Q3YTD,2018-01-01,2018-09-30,,10421000.0,3.16,3.16,3.1,35811000.0,266212000.0,266212000.0,266212000.0,115796000.0,878204000.0,-2289000.0,174906000.0,,280443000.0,115796000.0,762408000.0,,7674000.0,465770000.0,296638000.0,5385000.0,302023000.0,878204000.0,84300000.0,84158000.0,86043000.0
ANSYS Inc,ANSS,549300VJV8H15Z5FJ571,1013462,2018.0,Q3TTM,2017-10-01,2018-09-30,,13887000.0,3.78,3.78,3.7,85556000.0,318797000.0,318797000.0,318797000.0,156608000.0,1180540000.0,-2687000.0,224128000.0,,388600000.0,156608000.0,1023932000.0,86000.0,9809000.0,626615000.0,397317000.0,7036000.0,404353000.0,1180540000.0,84300000.0,84158000.0,86043000.0
ANSYS Inc,ANSS,549300VJV8H15Z5FJ571,1013462,2018.0,Q2,2018-04-01,2018-06-30,2019-08-06 10:13:01+00:00,3495000.0,1.1,1.1,1.08,17126000.0,92596000.0,92596000.0,92596000.0,40450000.0,305913000.0,-1007000.0,58357000.0,,95058000.0,40450000.0,265463000.0,,2176000.0,156910000.0,108553000.0,1169000.0,109722000.0,305913000.0,84200000.0,84105000.0,85986000.0
ANSYS Inc,ANSS,549300VJV8H15Z5FJ571,1013462,2018.0,Q2YTD,2018-01-01,2018-06-30,,6930000.0,2.1,2.1,2.06,29884000.0,176876000.0,176876000.0,176876000.0,79488000.0,588786000.0,-1315000.0,115887000.0,,182867000.0,79488000.0,509298000.0,,4461000.0,305684000.0,203614000.0,3146000.0,206760000.0,588786000.0,84200000.0,84105000.0,85986000.0
ANSYS Inc,ANSS,549300VJV8H15Z5FJ571,1013462,2018.0,Q2TTM,2017-07-01,2018-06-30,,13656000.0,3.59,3.59,3.51,113924000.0,303091000.0,303091000.0,303091000.0,156283000.0,1166707000.0,-1881000.0,215253000.0,,371039000.0,156283000.0,1010424000.0,86000.0,8506000.0,599948000.0,410476000.0,6539000.0,417015000.0,1166707000.0,84200000.0,84105000.0,85986000.0
ANSYS Inc,ANSS,549300VJV8H15Z5FJ571,1013462,2018.0,Q1,2018-01-01,2018-03-31,2019-05-02 10:00:34+00:00,3435000.0,1.0,1.0,0.98,12758000.0,84280000.0,84280000.0,84280000.0,39038000.0,282873000.0,-308000.0,57530000.0,,87809000.0,39038000.0,243835000.0,,2285000.0,148774000.0,95061000.0,1977000.0,97038000.0,282873000.0,84300000.0,83931000.0,86152000.0
ANSYS Inc,ANSS,549300VJV8H15Z5FJ571,1013462,2018.0,Q1TTM,2017-04-01,2018-03-31,,13300000.0,3.31,3.31,3.23,126940000.0,280225000.0,280225000.0,280225000.0,152171000.0,1124718000.0,-1064000.0,205898000.0,,353032000.0,152171000.0,972547000.0,86000.0,7998000.0,572230000.0,400317000.0,6848000.0,407165000.0,1124718000.0,84300000.0,83931000.0,86152000.0
ANSYS Inc,ANSS,549300VJV8H15Z5FJ571,1013462,2019.0,Q4,2019-10-01,2019-12-31,,3827000.0,1.96,1.96,1.92,19295000.0,165852000.0,165852000.0,165852000.0,49596000.0,486228000.0,-385000.0,79152000.0,,167937000.0,49596000.0,436632000.0,3370000.0,3186000.0,250916000.0,185716000.0,-569000.0,185147000.0,486228000.0,84200000.0,84259000.0,85925000.0
ANSYS Inc,ANSS,549300VJV8H15Z5FJ571,1013462,2019.0,FY,2019-01-01,2019-12-31,2020-02-27 10:57:42+00:00,15169000.0,5.36,5.36,5.25,71288000.0,451295000.0,451295000.0,451295000.0,166273000.0,1515892000.0,-1792000.0,298210000.0,,521200000.0,166273000.0,1349619000.0,3461000.0,12796000.0,834579000.0,515040000.0,7543000.0,522583000.0,1515892000.0,84200000.0,84259000.0,85925000.0
ANSYS Inc,ANSS,549300VJV8H15Z5FJ571,1013462,2019.0,Q3YTD,2019-01-01,2019-09-30,,11342000.0,3.4,3.4,3.33,51993000.0,285443000.0,285443000.0,285443000.0,116677000.0,1029664000.0,-1407000.0,219058000.0,,353263000.0,116677000.0,912987000.0,91000.0,9610000.0,583663000.0,329324000.0,8112000.0,337436000.0,1029664000.0,84400000.0,84109000.0,85733000.0
ANSYS Inc,ANSS,549300VJV8H15Z5FJ571,1013462,2019.0,Q3TTM,2018-10-01,2019-09-30,,14716000.0,5.23,5.23,5.11,83892000.0,438606000.0,438606000.0,438606000.0,156766000.0,1445096000.0,33000.0,277954000.0,,486400000.0,156766000.0,1288330000.0,150000.0,13355000.0,779070000.0,509260000.0,13238000.0,522498000.0,1445096000.0,84400000.0,84109000.0,85733000.0
ANSYS Inc,ANSS,549300VJV8H15Z5FJ571,1013462,2019.0,Q3,2019-07-01,2019-09-30,2019-11-07 10:35:05+00:00,3787000.0,1.06,1.06,1.04,19366000.0,89463000.0,89463000.0,89463000.0,41365000.0,343899000.0,594000.0,73018000.0,,120682000.0,41365000.0,302534000.0,,3188000.0,197487000.0,105047000.0,3782000.0,108829000.0,343899000.0,84400000.0,84109000.0,85733000.0
ANSYS Inc,ANSS,549300VJV8H15Z5FJ571,1013462,2019.0,Q2YTD,2019-01-01,2019-06-30,,7555000.0,2.34,2.34,2.29,32627000.0,195980000.0,195980000.0,195980000.0,75312000.0,685765000.0,-2001000.0,146040000.0,,232581000.0,75312000.0,610453000.0,91000.0,6422000.0,386176000.0,224277000.0,4330000.0,228607000.0,685765000.0,83800000.0,83978000.0,85483000.0
ANSYS Inc,ANSS,549300VJV8H15Z5FJ571,1013462,2019.0,Q2TTM,2018-07-01,2019-06-30,,14420000.0,5.23,5.23,5.11,70453000.0,438479000.0,438479000.0,438479000.0,151709000.0,1390615000.0,-1535000.0,263955000.0,,463294000.0,151709000.0,1238906000.0,150000.0,13380000.0,741669000.0,497237000.0,11695000.0,508932000.0,1390615000.0,83800000.0,83978000.0,85483000.0
ANSYS Inc,ANSS,549300VJV8H15Z5FJ571,1013462,2019.0,Q2,2019-04-01,2019-06-30,2019-08-06 10:13:01+00:00,3796000.0,1.31,1.31,1.28,20191000.0,109750000.0,109750000.0,109750000.0,40497000.0,368635000.0,-1667000.0,75302000.0,,120412000.0,40497000.0,328138000.0,,2980000.0,199510000.0,128628000.0,1313000.0,129941000.0,368635000.0,83800000.0,83978000.0,85483000.0
ANSYS Inc,ANSS,549300VJV8H15Z5FJ571,1013462,2019.0,Q1,2019-01-01,2019-03-31,2020-05-06 16:54:48+00:00,3759000.0,1.03,1.03,1.01,12436000.0,86230000.0,86230000.0,86230000.0,34815000.0,317130000.0,-334000.0,70738000.0,,112169000.0,34815000.0,282315000.0,91000.0,3442000.0,186666000.0,95649000.0,3017000.0,98666000.0,317130000.0,83700000.0,83764000.0,85493000.0
ANSYS Inc,ANSS,549300VJV8H15Z5FJ571,1013462,2019.0,Q1TTM,2018-04-01,2019-03-31,,14119000.0,5.02,5.02,4.91,67388000.0,421325000.0,421325000.0,421325000.0,151662000.0,1327893000.0,-875000.0,247010000.0,,437940000.0,151662000.0,1176231000.0,150000.0,12576000.0,699069000.0,477162000.0,11551000.0,488713000.0,1327893000.0,83700000.0,83764000.0,85493000.0
ANSYS Inc,ANSS,549300VJV8H15Z5FJ571,1013462,2020.0,Q1TTM,2019-04-01,2020-03-31,,15572000.0,4.87,4.87,4.77,46112000.0,411129000.0,411129000.0,411129000.0,181574000.0,1503747000.0,-1331000.0,313584000.0,,539553000.0,181574000.0,1322173000.0,7021000.0,12129000.0,868709000.0,453464000.0,3777000.0,457241000.0,1503747000.0,85300000.0,85798000.0,87369000.0
ANSYS Inc,ANSS,549300VJV8H15Z5FJ571,1013462,2020.0,Q1,2020-01-01,2020-03-31,2020-05-06 16:54:48+00:00,4162000.0,0.54,0.54,0.53,-12740000.0,46064000.0,46064000.0,46064000.0,50116000.0,304985000.0,127000.0,86112000.0,,130522000.0,50116000.0,254869000.0,3651000.0,2775000.0,220796000.0,34073000.0,-749000.0,33324000.0,304985000.0,85300000.0,85798000.0,87369000.0
