company_name,company_ticker,company_lei,company_cik,year,quarter,start_date,end_date,filing_date,amortizationexpense,basicdilutedeps,basiceps,dilutedeps,impairmentexpense,incometaxexpense,marketingexpense,netincome,netincomecontinuing,netincometocommon,operatingcostofrevenue,operatingrevenue,otherincome,otherspecialcharges,rdexpense,restructuringcharge,sgaexpense,totalcostofrevenue,totalgrossprofit,totalinterestexpense,totaloperatingexpenses,totaloperatingincome,totalotherincome,totalpretaxincome,totalrevenue,weightedavebasicdilutedsharesos,weightedavebasicsharesos,weightedavedilutedsharesos
Cadence Design Systems Inc,CDNS,GCT7RXJOGLXPV0NXZY22,813672,2008.0,FY,2007-12-30,2009-01-03,2011-02-24 17:17:17+00:00,22732000.0,-7.3,-7.3,-7.3,1364269000.0,239202000.0,358409000.0,-1856715000.0,-1856715000.0,-1856715000.0,209480000.0,1038614000.0,-16843000.0,,458513000.0,46447000.0,152032000.0,209480000.0,829134000.0,27402000.0,2402402000.0,-1573268000.0,-44245000.0,-1617513000.0,1038614000.0,254300000.0,254323000.0,254323000.0
Cadence Design Systems Inc,CDNS,GCT7RXJOGLXPV0NXZY22,813672,2009.0,FY,2009-01-04,2010-01-02,2012-02-23 21:44:40+00:00,11420000.0,-0.58,-0.58,-0.58,,-3634000.0,286833000.0,-149871000.0,-149871000.0,-149871000.0,169243000.0,852632000.0,-1042000.0,,354703000.0,31376000.0,122648000.0,169243000.0,683389000.0,28872000.0,806980000.0,-123591000.0,-29914000.0,-153505000.0,852632000.0,258400000.0,257782000.0,257782000.0
Cadence Design Systems Inc,CDNS,GCT7RXJOGLXPV0NXZY22,813672,2009.0,Q3,2009-07-05,2009-10-03,2010-10-29 15:37:21+00:00,2726000.0,-0.05,-0.05,-0.05,,-455000.0,68282000.0,-14047000.0,-14047000.0,-14047000.0,38649000.0,216122000.0,2917000.0,,88049000.0,-175000.0,28732000.0,38649000.0,177473000.0,7278000.0,187614000.0,-10141000.0,-4361000.0,-14502000.0,216122000.0,280900000.0,259193000.0,259193000.0
Cadence Design Systems Inc,CDNS,GCT7RXJOGLXPV0NXZY22,813672,2009.0,Q2,2009-04-05,2009-07-04,2010-08-04 16:12:21+00:00,2828000.0,-0.29,-0.29,-0.29,,10780000.0,71431000.0,-74357000.0,-74357000.0,-74357000.0,46027000.0,209929000.0,-2533000.0,,90653000.0,18528000.0,34240000.0,46027000.0,163902000.0,7266000.0,217680000.0,-53778000.0,-9799000.0,-63577000.0,209929000.0,256400000.0,256883000.0,256883000.0
Cadence Design Systems Inc,CDNS,GCT7RXJOGLXPV0NXZY22,813672,2010.0,Q4,2010-10-03,2011-01-01,,4459000.0,-0.15,-0.15,-0.14,,3365000.0,83218000.0,-37037000.0,-37037000.0,-37037000.0,38849000.0,249018000.0,2574000.0,15800000.0,97828000.0,13225000.0,21421000.0,38849000.0,210169000.0,10464000.0,235951000.0,-25782000.0,-7890000.0,-33672000.0,249018000.0,258200000.0,260787000.0,265871000.0
Cadence Design Systems Inc,CDNS,GCT7RXJOGLXPV0NXZY22,813672,2010.0,FY,2010-01-03,2011-01-01,2013-02-21 17:09:49+00:00,14160000.0,0.49,0.49,0.48,,-189306000.0,305558000.0,126538000.0,126538000.0,126538000.0,156443000.0,935954000.0,2541000.0,15800000.0,376413000.0,10152000.0,86394000.0,156443000.0,779511000.0,36343000.0,808477000.0,-28966000.0,-33802000.0,-62768000.0,935954000.0,258200000.0,260787000.0,265871000.0
Cadence Design Systems Inc,CDNS,GCT7RXJOGLXPV0NXZY22,813672,2010.0,Q3YTD,2010-01-03,2010-10-02,,9701000.0,0.64,0.64,0.62,,-192671000.0,222340000.0,163575000.0,163575000.0,163575000.0,117594000.0,686936000.0,-33000.0,,278585000.0,-3073000.0,64973000.0,117594000.0,569342000.0,25879000.0,572526000.0,-3184000.0,-25912000.0,-29096000.0,686936000.0,258700000.0,258606000.0,263302000.0
Cadence Design Systems Inc,CDNS,GCT7RXJOGLXPV0NXZY22,813672,2010.0,Q3,2010-07-04,2010-10-02,2011-10-28 16:17:14+00:00,4459000.0,0.49,0.49,0.48,,-143219000.0,76065000.0,126753000.0,126753000.0,126753000.0,39819000.0,237934000.0,-2907000.0,,97275000.0,-1682000.0,25081000.0,39819000.0,198115000.0,10476000.0,201198000.0,-3083000.0,-13383000.0,-16466000.0,237934000.0,258700000.0,258606000.0,263302000.0
Cadence Design Systems Inc,CDNS,GCT7RXJOGLXPV0NXZY22,813672,2010.0,Q2YTD,2010-01-03,2010-07-03,,5242000.0,0.15,0.15,0.14,,-49452000.0,146275000.0,36822000.0,36822000.0,36822000.0,77775000.0,449002000.0,2874000.0,,181310000.0,-1391000.0,39892000.0,77775000.0,371227000.0,15403000.0,371328000.0,-101000.0,-12529000.0,-12630000.0,449002000.0,255800000.0,262163000.0,266423000.0
Cadence Design Systems Inc,CDNS,GCT7RXJOGLXPV0NXZY22,813672,2010.0,Q2,2010-04-04,2010-07-03,2011-07-29 15:24:07+00:00,2551000.0,0.19,0.19,0.18,,-54460000.0,71513000.0,48607000.0,48607000.0,48607000.0,39160000.0,227064000.0,-3100000.0,,91880000.0,-317000.0,17058000.0,39160000.0,187904000.0,7972000.0,182685000.0,5219000.0,-11072000.0,-5853000.0,227064000.0,255800000.0,262163000.0,266423000.0
Cadence Design Systems Inc,CDNS,GCT7RXJOGLXPV0NXZY22,813672,2010.0,Q1,2010-01-03,2010-04-03,2011-04-29 14:36:23+00:00,2691000.0,-0.04,-0.04,-0.04,,5008000.0,74762000.0,-11785000.0,-11785000.0,-11785000.0,38615000.0,221938000.0,5974000.0,,89430000.0,-1074000.0,22834000.0,38615000.0,183323000.0,7431000.0,188643000.0,-5320000.0,-1457000.0,-6777000.0,221938000.0,294600000.0,262597000.0,262597000.0
Cadence Design Systems Inc,CDNS,GCT7RXJOGLXPV0NXZY22,813672,2011.0,FY,2011-01-02,2011-12-31,2014-02-20 12:31:49+00:00,16536000.0,0.27,0.27,0.27,,23197000.0,323798000.0,72229000.0,72229000.0,72229000.0,195156000.0,1149835000.0,18074000.0,,400745000.0,360000.0,92863000.0,195156000.0,954679000.0,43025000.0,834302000.0,120377000.0,-24951000.0,95426000.0,1149835000.0,267500000.0,263892000.0,270816000.0
Cadence Design Systems Inc,CDNS,GCT7RXJOGLXPV0NXZY22,813672,2011.0,Q4,2011-10-02,2011-12-31,,3786000.0,0.04,0.04,0.05,,22333000.0,88506000.0,10892000.0,10892000.0,10892000.0,48765000.0,308006000.0,-2033000.0,,97024000.0,83000.0,24143000.0,48765000.0,259241000.0,10441000.0,213542000.0,45699000.0,-12474000.0,33225000.0,308006000.0,267500000.0,263892000.0,270816000.0
Cadence Design Systems Inc,CDNS,GCT7RXJOGLXPV0NXZY22,813672,2011.0,Q3TTM,2010-10-03,2011-10-01,,17209000.0,0.08,0.08,0.08,,4229000.0,318510000.0,24300000.0,24300000.0,24300000.0,185240000.0,1090847000.0,22681000.0,15800000.0,401549000.0,13502000.0,90141000.0,185240000.0,905607000.0,43048000.0,856711000.0,48896000.0,-20367000.0,28529000.0,1090847000.0,255500000.0,264723000.0,270741000.0
Cadence Design Systems Inc,CDNS,GCT7RXJOGLXPV0NXZY22,813672,2011.0,Q3YTD,2011-01-02,2011-10-01,,12750000.0,0.23,0.23,0.22,,864000.0,235292000.0,61337000.0,61337000.0,61337000.0,146391000.0,841829000.0,20107000.0,,303721000.0,277000.0,68720000.0,146391000.0,695438000.0,32584000.0,620760000.0,74678000.0,-12477000.0,62201000.0,841829000.0,255500000.0,264723000.0,270741000.0
Cadence Design Systems Inc,CDNS,GCT7RXJOGLXPV0NXZY22,813672,2011.0,Q3,2011-07-03,2011-10-01,2012-10-25 17:03:10+00:00,3786000.0,0.11,0.11,0.1,,485000.0,79914000.0,28106000.0,28106000.0,28106000.0,49818000.0,292457000.0,7244000.0,,103154000.0,-433000.0,24041000.0,49818000.0,242639000.0,10830000.0,210462000.0,32177000.0,-3586000.0,28591000.0,292457000.0,255500000.0,264723000.0,270741000.0
Cadence Design Systems Inc,CDNS,GCT7RXJOGLXPV0NXZY22,813672,2011.0,Q2TTM,2010-07-04,2011-07-02,,17882000.0,0.46,0.46,0.46,,-139475000.0,314661000.0,122947000.0,122947000.0,122947000.0,175241000.0,1036324000.0,12530000.0,15800000.0,395670000.0,12253000.0,91181000.0,175241000.0,861083000.0,42694000.0,847447000.0,13636000.0,-30164000.0,-16528000.0,1036324000.0,269100000.0,263191000.0,270885000.0
Cadence Design Systems Inc,CDNS,GCT7RXJOGLXPV0NXZY22,813672,2011.0,Q2YTD,2011-01-02,2011-07-02,,8964000.0,0.12,0.12,0.12,,379000.0,155378000.0,33231000.0,33231000.0,33231000.0,96573000.0,549372000.0,12863000.0,,200567000.0,710000.0,44679000.0,96573000.0,452799000.0,21754000.0,410298000.0,42501000.0,-8891000.0,33610000.0,549372000.0,269100000.0,263191000.0,270885000.0
Cadence Design Systems Inc,CDNS,GCT7RXJOGLXPV0NXZY22,813672,2011.0,Q2,2011-04-03,2011-07-02,2012-07-26 16:16:27+00:00,4505000.0,0.1,0.1,0.1,,-4325000.0,77006000.0,26908000.0,26908000.0,26908000.0,51406000.0,283270000.0,8394000.0,,99268000.0,751000.0,25377000.0,51406000.0,231864000.0,10768000.0,206907000.0,24957000.0,-2374000.0,22583000.0,283270000.0,269100000.0,263191000.0,270885000.0
Cadence Design Systems Inc,CDNS,GCT7RXJOGLXPV0NXZY22,813672,2011.0,Q1TTM,2010-04-04,2011-04-02,,15928000.0,0.55,0.55,0.54,,-189610000.0,309168000.0,144646000.0,144646000.0,144646000.0,162995000.0,980118000.0,1036000.0,15800000.0,388282000.0,11185000.0,82862000.0,162995000.0,817123000.0,39898000.0,823225000.0,-6102000.0,-38862000.0,-44964000.0,980118000.0,316200000.0,261533000.0,268578000.0
Cadence Design Systems Inc,CDNS,GCT7RXJOGLXPV0NXZY22,813672,2011.0,Q1,2011-01-02,2011-04-02,2012-04-27 16:29:30+00:00,4459000.0,0.02,0.02,0.02,,4704000.0,78372000.0,6323000.0,6323000.0,6323000.0,45167000.0,266102000.0,4469000.0,,101299000.0,-41000.0,19302000.0,45167000.0,220935000.0,10986000.0,203391000.0,17544000.0,-6517000.0,11027000.0,266102000.0,316200000.0,261533000.0,268578000.0
Cadence Design Systems Inc,CDNS,GCT7RXJOGLXPV0NXZY22,813672,2012.0,FY,2012-01-01,2012-12-29,2015-02-19 20:16:14+00:00,15077000.0,1.63,1.63,1.57,,-251677000.0,342278000.0,439948000.0,439948000.0,439948000.0,191123000.0,1326424000.0,11341000.0,,454085000.0,113000.0,112076000.0,191123000.0,1135301000.0,34742000.0,923629000.0,211672000.0,-23401000.0,188271000.0,1326424000.0,269900000.0,270479000.0,280667000.0
Cadence Design Systems Inc,CDNS,GCT7RXJOGLXPV0NXZY22,813672,2012.0,Q4,2012-09-30,2012-12-29,,3772000.0,1.16,1.16,1.12,,-261146000.0,95604000.0,313874000.0,313874000.0,313874000.0,43790000.0,345585000.0,5369000.0,,118382000.0,64000.0,27712000.0,43790000.0,301795000.0,8902000.0,245534000.0,56261000.0,-3533000.0,52728000.0,345585000.0,269900000.0,270479000.0,280667000.0
Cadence Design Systems Inc,CDNS,GCT7RXJOGLXPV0NXZY22,813672,2012.0,Q3TTM,2011-10-02,2012-09-29,,15091000.0,0.51,0.51,0.5,,31802000.0,335180000.0,136966000.0,136966000.0,136966000.0,196098000.0,1288845000.0,3939000.0,,432727000.0,132000.0,108507000.0,196098000.0,1092747000.0,36281000.0,891637000.0,201110000.0,-32342000.0,168768000.0,1288845000.0,266300000.0,271350000.0,283328000.0
Cadence Design Systems Inc,CDNS,GCT7RXJOGLXPV0NXZY22,813672,2012.0,Q3YTD,2012-01-01,2012-09-29,,11305000.0,0.47,0.47,0.45,,9469000.0,246674000.0,126074000.0,126074000.0,126074000.0,147333000.0,980839000.0,5972000.0,,335703000.0,49000.0,84364000.0,147333000.0,833506000.0,25840000.0,678095000.0,155411000.0,-19868000.0,135543000.0,980839000.0,266300000.0,271350000.0,283328000.0
Cadence Design Systems Inc,CDNS,GCT7RXJOGLXPV0NXZY22,813672,2012.0,Q3,2012-07-01,2012-09-29,2013-10-24 13:38:53+00:00,3876000.0,0.22,0.22,0.21,,-8011000.0,82461000.0,58584000.0,58584000.0,58584000.0,51270000.0,338533000.0,-131000.0,,115078000.0,57000.0,26350000.0,51270000.0,287263000.0,8737000.0,227822000.0,59441000.0,-8868000.0,50573000.0,338533000.0,266300000.0,271350000.0,283328000.0
Cadence Design Systems Inc,CDNS,GCT7RXJOGLXPV0NXZY22,813672,2012.0,Q2TTM,2011-07-03,2012-06-30,,15001000.0,0.4,0.4,0.39,,40298000.0,332633000.0,106488000.0,106488000.0,106488000.0,194646000.0,1242769000.0,11314000.0,,420803000.0,-358000.0,106198000.0,194646000.0,1048123000.0,38374000.0,874277000.0,173846000.0,-27060000.0,146786000.0,1242769000.0,279900000.0,269739000.0,275318000.0
Cadence Design Systems Inc,CDNS,GCT7RXJOGLXPV0NXZY22,813672,2012.0,Q2YTD,2012-01-01,2012-06-30,,7429000.0,0.25,0.25,0.24,,17480000.0,164213000.0,67490000.0,67490000.0,67490000.0,96063000.0,642306000.0,6103000.0,,220625000.0,-8000.0,58014000.0,96063000.0,546243000.0,17103000.0,450273000.0,95970000.0,-11000000.0,84970000.0,642306000.0,279900000.0,269739000.0,275318000.0
Cadence Design Systems Inc,CDNS,GCT7RXJOGLXPV0NXZY22,813672,2012.0,Q2,2012-04-01,2012-06-30,2013-07-25 14:46:30+00:00,3643000.0,0.13,0.13,0.13,,9337000.0,80418000.0,36386000.0,36386000.0,36386000.0,49477000.0,326476000.0,3669000.0,,112031000.0,43000.0,30244000.0,49477000.0,276999000.0,8566000.0,226379000.0,50620000.0,-4897000.0,45723000.0,326476000.0,279900000.0,269739000.0,275318000.0
Cadence Design Systems Inc,CDNS,GCT7RXJOGLXPV0NXZY22,813672,2012.0,Q1TTM,2011-04-03,2012-03-31,,15863000.0,0.37,0.37,0.36,,26636000.0,329221000.0,97010000.0,97010000.0,97010000.0,196575000.0,1199563000.0,16039000.0,,408040000.0,350000.0,101331000.0,196575000.0,1002988000.0,40576000.0,854805000.0,148183000.0,-24537000.0,123646000.0,1199563000.0,259200000.0,267940000.0,277733000.0
Cadence Design Systems Inc,CDNS,GCT7RXJOGLXPV0NXZY22,813672,2012.0,Q1,2012-01-01,2012-03-31,2013-04-25 15:20:05+00:00,3786000.0,0.12,0.12,0.11,,8143000.0,83795000.0,31104000.0,31104000.0,31104000.0,46586000.0,315830000.0,2434000.0,,108594000.0,-51000.0,27770000.0,46586000.0,269244000.0,8537000.0,223894000.0,45350000.0,-6103000.0,39247000.0,315830000.0,259200000.0,267940000.0,277733000.0
Cadence Design Systems Inc,CDNS,GCT7RXJOGLXPV0NXZY22,813672,2013.0,FY,2012-12-30,2013-12-28,2016-02-18 17:27:00+00:00,19416000.0,0.59,0.59,0.56,,-5247000.0,378157000.0,164243000.0,164243000.0,164243000.0,200201000.0,1460116000.0,7570000.0,,534022000.0,17999000.0,121314000.0,200201000.0,1259915000.0,37581000.0,1070908000.0,189007000.0,-30011000.0,158996000.0,1460116000.0,278400000.0,277796000.0,294564000.0
Cadence Design Systems Inc,CDNS,GCT7RXJOGLXPV0NXZY22,813672,2013.0,Q4,2013-09-29,2013-12-28,,5157000.0,0.13,0.13,0.13,,-8272000.0,94384000.0,37705000.0,37705000.0,37705000.0,59031000.0,376722000.0,842000.0,,135465000.0,15405000.0,29481000.0,59031000.0,317691000.0,9208000.0,279892000.0,37799000.0,-8366000.0,29433000.0,376722000.0,278400000.0,277796000.0,294564000.0
Cadence Design Systems Inc,CDNS,GCT7RXJOGLXPV0NXZY22,813672,2013.0,Q3TTM,2012-09-30,2013-09-28,,18031000.0,1.62,1.62,1.55,,-258121000.0,379377000.0,440412000.0,440412000.0,440412000.0,184960000.0,1428979000.0,12097000.0,,516939000.0,2658000.0,119545000.0,184960000.0,1244019000.0,37275000.0,1036550000.0,207469000.0,-25178000.0,182291000.0,1428979000.0,275000000.0,278977000.0,296958000.0
Cadence Design Systems Inc,CDNS,GCT7RXJOGLXPV0NXZY22,813672,2013.0,Q3YTD,2012-12-30,2013-09-28,,14259000.0,0.46,0.46,0.43,,3025000.0,283773000.0,126538000.0,126538000.0,126538000.0,141170000.0,1083394000.0,6728000.0,,398557000.0,2594000.0,91833000.0,141170000.0,942224000.0,28373000.0,791016000.0,151208000.0,-21645000.0,129563000.0,1083394000.0,275000000.0,278977000.0,296958000.0
Cadence Design Systems Inc,CDNS,GCT7RXJOGLXPV0NXZY22,813672,2013.0,Q3,2013-06-30,2013-09-28,2014-10-20 16:14:31+00:00,5141000.0,0.14,0.14,0.13,,2382000.0,98094000.0,38500000.0,38500000.0,38500000.0,49736000.0,366647000.0,2535000.0,,138078000.0,86000.0,27582000.0,49736000.0,316911000.0,9583000.0,268981000.0,47930000.0,-7048000.0,40882000.0,366647000.0,275000000.0,278977000.0,296958000.0
Cadence Design Systems Inc,CDNS,GCT7RXJOGLXPV0NXZY22,813672,2013.0,Q2TTM,2012-07-01,2013-06-29,,16766000.0,1.7,1.7,1.63,,-268514000.0,363744000.0,460496000.0,460496000.0,460496000.0,186494000.0,1400865000.0,9431000.0,,493939000.0,2629000.0,118313000.0,186494000.0,1214371000.0,36429000.0,995391000.0,218980000.0,-26998000.0,191982000.0,1400865000.0,314300000.0,277146000.0,294443000.0
Cadence Design Systems Inc,CDNS,GCT7RXJOGLXPV0NXZY22,813672,2013.0,Q2YTD,2012-12-30,2013-06-29,,9118000.0,0.32,0.32,0.3,,643000.0,185679000.0,88038000.0,88038000.0,88038000.0,91434000.0,716747000.0,4193000.0,,260479000.0,2508000.0,64251000.0,91434000.0,625313000.0,18790000.0,522035000.0,103278000.0,-14597000.0,88681000.0,716747000.0,314300000.0,277146000.0,294443000.0
Cadence Design Systems Inc,CDNS,GCT7RXJOGLXPV0NXZY22,813672,2013.0,Q2,2013-03-31,2013-06-29,2014-07-21 16:16:45+00:00,5327000.0,0.03,0.03,0.03,,28203000.0,95277000.0,9429000.0,9429000.0,9429000.0,43243000.0,362481000.0,2018000.0,,136395000.0,2656000.0,34441000.0,43243000.0,319238000.0,9528000.0,274096000.0,45142000.0,-7510000.0,37632000.0,362481000.0,314300000.0,277146000.0,294443000.0
Cadence Design Systems Inc,CDNS,GCT7RXJOGLXPV0NXZY22,813672,2013.0,Q1TTM,2012-04-01,2013-03-30,,15082000.0,1.8,1.8,1.73,,-287380000.0,348885000.0,487453000.0,487453000.0,487453000.0,192728000.0,1364860000.0,11082000.0,,469575000.0,16000.0,114116000.0,192728000.0,1172132000.0,35467000.0,947674000.0,224458000.0,-24385000.0,200073000.0,1364860000.0,271100000.0,274936000.0,292151000.0
Cadence Design Systems Inc,CDNS,GCT7RXJOGLXPV0NXZY22,813672,2013.0,Q1,2012-12-30,2013-03-30,2014-04-21 16:17:46+00:00,3791000.0,0.29,0.29,0.27,,-27560000.0,90402000.0,78609000.0,78609000.0,78609000.0,48191000.0,354266000.0,2175000.0,,124084000.0,-148000.0,29810000.0,48191000.0,306075000.0,9262000.0,247939000.0,58136000.0,-7087000.0,51049000.0,354266000.0,271100000.0,274936000.0,292151000.0
Cadence Design Systems Inc,CDNS,GCT7RXJOGLXPV0NXZY22,813672,2014.0,FY,2013-12-29,2015-01-03,2017-02-10 16:54:01+00:00,24017000.0,0.56,0.56,0.52,,22104000.0,399688000.0,158898000.0,158898000.0,158898000.0,223706000.0,1580932000.0,8479000.0,,603006000.0,10252000.0,113619000.0,223706000.0,1357226000.0,34121000.0,1150582000.0,206644000.0,-25642000.0,181002000.0,1580932000.0,283700000.0,283349000.0,306775000.0
Cadence Design Systems Inc,CDNS,GCT7RXJOGLXPV0NXZY22,813672,2014.0,Q4,2014-09-28,2015-01-03,,6912000.0,0.23,0.23,0.21,,1674000.0,102367000.0,65030000.0,65030000.0,65030000.0,58115000.0,423098000.0,3879000.0,,155124000.0,-1145000.0,26939000.0,58115000.0,364983000.0,11961000.0,290197000.0,74786000.0,-8082000.0,66704000.0,423098000.0,283700000.0,283349000.0,306775000.0
Cadence Design Systems Inc,CDNS,GCT7RXJOGLXPV0NXZY22,813672,2014.0,Q3TTM,2013-09-29,2014-09-27,,22262000.0,0.46,0.46,0.44,,12158000.0,391705000.0,131573000.0,131573000.0,131573000.0,224622000.0,1534556000.0,5442000.0,,583347000.0,26802000.0,116161000.0,224622000.0,1309934000.0,31368000.0,1140277000.0,169657000.0,-25926000.0,143731000.0,1534556000.0,288700000.0,284462000.0,309995000.0
Cadence Design Systems Inc,CDNS,GCT7RXJOGLXPV0NXZY22,813672,2014.0,Q3,2014-06-29,2014-09-27,2015-10-26 17:43:10+00:00,6316000.0,0.13,0.13,0.12,,8574000.0,100387000.0,37535000.0,37535000.0,37535000.0,54079000.0,400496000.0,-417000.0,,148744000.0,11027000.0,25894000.0,54079000.0,346417000.0,7523000.0,292368000.0,54049000.0,-7940000.0,46109000.0,400496000.0,288700000.0,284462000.0,309995000.0
Cadence Design Systems Inc,CDNS,GCT7RXJOGLXPV0NXZY22,813672,2014.0,Q3YTD,2013-12-29,2014-09-27,,17105000.0,0.33,0.33,0.31,,20430000.0,297321000.0,93868000.0,93868000.0,93868000.0,165591000.0,1157834000.0,4600000.0,,447882000.0,11397000.0,86680000.0,165591000.0,992243000.0,22160000.0,860385000.0,131858000.0,-17560000.0,114298000.0,1157834000.0,288700000.0,284462000.0,309995000.0
Cadence Design Systems Inc,CDNS,GCT7RXJOGLXPV0NXZY22,813672,2014.0,Q2TTM,2013-06-30,2014-06-28,,21087000.0,0.47,0.47,0.45,,5966000.0,389412000.0,132538000.0,132538000.0,132538000.0,220279000.0,1500707000.0,8394000.0,,572681000.0,15861000.0,117849000.0,220279000.0,1280428000.0,33428000.0,1116890000.0,163538000.0,-25034000.0,138504000.0,1500707000.0,290800000.0,283344000.0,305755000.0
Cadence Design Systems Inc,CDNS,GCT7RXJOGLXPV0NXZY22,813672,2014.0,Q2,2014-03-30,2014-06-28,2015-07-27 16:13:56+00:00,5579000.0,0.08,0.08,0.08,,6500000.0,98611000.0,23263000.0,23263000.0,23263000.0,54413000.0,378788000.0,1635000.0,,152672000.0,-26000.0,32042000.0,54413000.0,324375000.0,7369000.0,288878000.0,35497000.0,-5734000.0,29763000.0,378788000.0,290800000.0,283344000.0,305755000.0
Cadence Design Systems Inc,CDNS,GCT7RXJOGLXPV0NXZY22,813672,2014.0,Q2YTD,2013-12-29,2014-06-28,,10789000.0,0.2,0.2,0.19,,11856000.0,196934000.0,56333000.0,56333000.0,56333000.0,111512000.0,757338000.0,5017000.0,,299138000.0,370000.0,60786000.0,111512000.0,645826000.0,14637000.0,568017000.0,77809000.0,-9620000.0,68189000.0,757338000.0,290800000.0,283344000.0,305755000.0
Cadence Design Systems Inc,CDNS,GCT7RXJOGLXPV0NXZY22,813672,2014.0,Q1TTM,2013-03-31,2014-03-29,,20835000.0,0.42,0.42,0.4,,27669000.0,386078000.0,118704000.0,118704000.0,118704000.0,209109000.0,1484400000.0,8777000.0,,556404000.0,18543000.0,120248000.0,209109000.0,1275291000.0,35587000.0,1102108000.0,173183000.0,-26810000.0,146373000.0,1484400000.0,275600000.0,281615000.0,301034000.0
Cadence Design Systems Inc,CDNS,GCT7RXJOGLXPV0NXZY22,813672,2014.0,Q1,2013-12-29,2014-03-29,2015-04-27 16:12:51+00:00,5210000.0,0.12,0.12,0.11,,5356000.0,98323000.0,33070000.0,33070000.0,33070000.0,57099000.0,378550000.0,3382000.0,,146466000.0,396000.0,28744000.0,57099000.0,321451000.0,7268000.0,279139000.0,42312000.0,-3886000.0,38426000.0,378550000.0,275600000.0,281615000.0,301034000.0
Cadence Design Systems Inc,CDNS,GCT7RXJOGLXPV0NXZY22,813672,2015.0,FY,2015-01-04,2016-01-02,2018-02-20 17:29:46+00:00,23716000.0,0.88,0.88,0.81,,15179000.0,402432000.0,252417000.0,252417000.0,252417000.0,238453000.0,1702091000.0,10477000.0,,637567000.0,4511000.0,109982000.0,238453000.0,1463638000.0,28311000.0,1178208000.0,285430000.0,-17834000.0,267596000.0,1702091000.0,286800000.0,288018000.0,312302000.0
Cadence Design Systems Inc,CDNS,GCT7RXJOGLXPV0NXZY22,813672,2015.0,Q4,2015-10-04,2016-01-02,,5679000.0,0.28,0.28,0.25,,-224000.0,103552000.0,80374000.0,80374000.0,80374000.0,60902000.0,441079000.0,2510000.0,,161970000.0,347000.0,26789000.0,60902000.0,380177000.0,4200000.0,298337000.0,81840000.0,-1690000.0,80150000.0,441079000.0,286800000.0,288018000.0,312302000.0
Cadence Design Systems Inc,CDNS,GCT7RXJOGLXPV0NXZY22,813672,2015.0,Q3,2015-07-05,2015-10-03,2016-10-24 16:38:30+00:00,5687000.0,0.27,0.27,0.25,,-2061000.0,101950000.0,77624000.0,77624000.0,77624000.0,65211000.0,433763000.0,1839000.0,,154627000.0,303000.0,28084000.0,65211000.0,368552000.0,4177000.0,290651000.0,77901000.0,-2338000.0,75563000.0,433763000.0,287500000.0,284818000.0,313186000.0
Cadence Design Systems Inc,CDNS,GCT7RXJOGLXPV0NXZY22,813672,2015.0,Q3YTD,2015-01-04,2015-10-03,,18037000.0,0.6,0.6,0.56,,15403000.0,298880000.0,172043000.0,172043000.0,172043000.0,177551000.0,1261012000.0,7967000.0,,475597000.0,4164000.0,83193000.0,177551000.0,1083461000.0,24111000.0,879871000.0,203590000.0,-16144000.0,187446000.0,1261012000.0,287500000.0,284818000.0,313186000.0
Cadence Design Systems Inc,CDNS,GCT7RXJOGLXPV0NXZY22,813672,2015.0,Q3TTM,2014-09-28,2015-10-03,,24949000.0,0.83,0.83,0.77,,17077000.0,401247000.0,237073000.0,237073000.0,237073000.0,235666000.0,1684110000.0,11846000.0,,630721000.0,3019000.0,110132000.0,235666000.0,1448444000.0,36072000.0,1170068000.0,278376000.0,-24226000.0,254150000.0,1684110000.0,287500000.0,284818000.0,313186000.0
Cadence Design Systems Inc,CDNS,GCT7RXJOGLXPV0NXZY22,813672,2015.0,Q2,2015-04-05,2015-07-04,2016-07-25 16:16:01+00:00,6119000.0,0.2,0.2,0.19,,11411000.0,96662000.0,58160000.0,58160000.0,58160000.0,51755000.0,415883000.0,1347000.0,,157974000.0,-498000.0,27467000.0,51755000.0,364128000.0,8180000.0,287724000.0,76404000.0,-6833000.0,69571000.0,415883000.0,290800000.0,285297000.0,313665000.0
Cadence Design Systems Inc,CDNS,GCT7RXJOGLXPV0NXZY22,813672,2015.0,Q2YTD,2015-01-04,2015-07-04,,12350000.0,0.33,0.33,0.31,,17464000.0,196930000.0,94419000.0,94419000.0,94419000.0,112340000.0,827249000.0,6128000.0,,320970000.0,3861000.0,55109000.0,112340000.0,714909000.0,19934000.0,589220000.0,125689000.0,-13806000.0,111883000.0,827249000.0,290800000.0,285297000.0,313665000.0
Cadence Design Systems Inc,CDNS,GCT7RXJOGLXPV0NXZY22,813672,2015.0,Q2TTM,2014-06-29,2015-07-04,,25578000.0,0.69,0.69,0.64,,27712000.0,399684000.0,196984000.0,196984000.0,196984000.0,224534000.0,1650843000.0,9590000.0,,624838000.0,13743000.0,107942000.0,224534000.0,1426309000.0,39418000.0,1171785000.0,254524000.0,-29828000.0,224696000.0,1650843000.0,290800000.0,285297000.0,313665000.0
Cadence Design Systems Inc,CDNS,GCT7RXJOGLXPV0NXZY22,813672,2015.0,Q1,2015-01-04,2015-04-04,2016-04-25 16:18:48+00:00,6231000.0,0.13,0.13,0.12,,6053000.0,100268000.0,36259000.0,36259000.0,36259000.0,60585000.0,411366000.0,4781000.0,,162996000.0,4359000.0,27642000.0,60585000.0,350781000.0,11754000.0,301496000.0,49285000.0,-6973000.0,42312000.0,411366000.0,278900000.0,284523000.0,311847000.0
Cadence Design Systems Inc,CDNS,GCT7RXJOGLXPV0NXZY22,813672,2015.0,Q1TTM,2014-03-30,2015-04-04,,25038000.0,0.57,0.57,0.53,,22801000.0,401633000.0,162087000.0,162087000.0,162087000.0,227192000.0,1613748000.0,9878000.0,,619536000.0,14215000.0,112517000.0,227192000.0,1386556000.0,38607000.0,1172939000.0,213617000.0,-28729000.0,184888000.0,1613748000.0,278900000.0,284523000.0,311847000.0
Cadence Design Systems Inc,CDNS,GCT7RXJOGLXPV0NXZY22,813672,2016.0,FY,2016-01-03,2016-12-31,2019-02-27 15:44:54+00:00,18095000.0,0.71,0.71,0.7,,34067000.0,395194000.0,203086000.0,203086000.0,203086000.0,256492000.0,1816083000.0,15922000.0,,735340000.0,40955000.0,125106000.0,256492000.0,1559591000.0,23670000.0,1314690000.0,244901000.0,-7748000.0,237153000.0,1816083000.0,286000000.0,284502000.0,291256000.0
Cadence Design Systems Inc,CDNS,GCT7RXJOGLXPV0NXZY22,813672,2016.0,Q4,2016-10-02,2016-12-31,,3889000.0,0.14,0.14,0.13,,13757000.0,98091000.0,38477000.0,38477000.0,38477000.0,76048000.0,468980000.0,5481000.0,,181516000.0,26342000.0,29977000.0,76048000.0,392932000.0,6364000.0,339815000.0,53117000.0,-883000.0,52234000.0,468980000.0,286000000.0,284502000.0,291256000.0
Cadence Design Systems Inc,CDNS,GCT7RXJOGLXPV0NXZY22,813672,2016.0,Q3,2016-07-03,2016-10-01,2017-10-26 16:42:10+00:00,3889000.0,0.23,0.23,0.23,,-1087000.0,96793000.0,64712000.0,64712000.0,64712000.0,56607000.0,446220000.0,2836000.0,,191547000.0,101000.0,30441000.0,56607000.0,389613000.0,6053000.0,322771000.0,66842000.0,-3217000.0,63625000.0,446220000.0,281400000.0,280622000.0,287473000.0
Cadence Design Systems Inc,CDNS,GCT7RXJOGLXPV0NXZY22,813672,2016.0,Q3YTD,2016-01-03,2016-10-01,,14206000.0,0.57,0.57,0.57,,20310000.0,297103000.0,164609000.0,164609000.0,164609000.0,180444000.0,1347103000.0,10441000.0,,553824000.0,14613000.0,95129000.0,180444000.0,1166659000.0,17306000.0,974875000.0,191784000.0,-6865000.0,184919000.0,1347103000.0,281400000.0,280622000.0,287473000.0
Cadence Design Systems Inc,CDNS,GCT7RXJOGLXPV0NXZY22,813672,2016.0,Q3TTM,2015-10-04,2016-10-01,,19885000.0,0.85,0.85,0.82,,20086000.0,400655000.0,244983000.0,244983000.0,244983000.0,241346000.0,1788182000.0,12951000.0,,715794000.0,14960000.0,121918000.0,241346000.0,1546836000.0,21506000.0,1273212000.0,273624000.0,-8555000.0,265069000.0,1788182000.0,281400000.0,280622000.0,287473000.0
Cadence Design Systems Inc,CDNS,GCT7RXJOGLXPV0NXZY22,813672,2016.0,Q2,2016-04-03,2016-07-02,2017-07-24 16:13:02+00:00,4537000.0,0.17,0.17,0.17,,14517000.0,101110000.0,49335000.0,49335000.0,49335000.0,61783000.0,453021000.0,2842000.0,,182371000.0,-74000.0,36388000.0,61783000.0,391238000.0,5896000.0,324332000.0,66906000.0,-3054000.0,63852000.0,453021000.0,290200000.0,288191000.0,295201000.0
Cadence Design Systems Inc,CDNS,GCT7RXJOGLXPV0NXZY22,813672,2016.0,Q2YTD,2016-01-03,2016-07-02,,10317000.0,0.34,0.34,0.34,,21397000.0,200310000.0,99897000.0,99897000.0,99897000.0,123837000.0,900883000.0,7605000.0,,362277000.0,14512000.0,64688000.0,123837000.0,777046000.0,11253000.0,652104000.0,124942000.0,-3648000.0,121294000.0,900883000.0,290200000.0,288191000.0,295201000.0
Cadence Design Systems Inc,CDNS,GCT7RXJOGLXPV0NXZY22,813672,2016.0,Q2TTM,2015-07-05,2016-07-02,,21683000.0,0.89,0.89,0.84,,19112000.0,405812000.0,257895000.0,257895000.0,257895000.0,249950000.0,1775725000.0,11954000.0,,678874000.0,15162000.0,119561000.0,249950000.0,1525775000.0,19630000.0,1241092000.0,284683000.0,-7676000.0,277007000.0,1775725000.0,290200000.0,288191000.0,295201000.0
Cadence Design Systems Inc,CDNS,GCT7RXJOGLXPV0NXZY22,813672,2016.0,Q1,2016-01-03,2016-04-02,2017-04-24 21:45:38+00:00,5780000.0,0.17,0.17,0.17,,6880000.0,99200000.0,50562000.0,50562000.0,50562000.0,62054000.0,447862000.0,4763000.0,,179906000.0,14586000.0,28300000.0,62054000.0,385808000.0,5357000.0,327772000.0,58036000.0,-594000.0,57442000.0,447862000.0,297400000.0,296615000.0,303434000.0
Cadence Design Systems Inc,CDNS,GCT7RXJOGLXPV0NXZY22,813672,2016.0,Q1TTM,2015-04-05,2016-04-02,,23265000.0,0.92,0.92,0.86,,16006000.0,401364000.0,266720000.0,266720000.0,266720000.0,239922000.0,1738587000.0,10459000.0,,654477000.0,14738000.0,110640000.0,239922000.0,1498665000.0,21914000.0,1204484000.0,294181000.0,-11455000.0,282726000.0,1738587000.0,297400000.0,296615000.0,303434000.0
Cadence Design Systems Inc,CDNS,GCT7RXJOGLXPV0NXZY22,813672,2017.0,FY,2017-01-01,2017-12-30,2020-02-24 17:22:00+00:00,14716000.0,0.75,0.75,0.73,,110945000.0,419161000.0,204101000.0,204101000.0,204101000.0,237390000.0,1943032000.0,16755000.0,,804223000.0,9406000.0,134181000.0,237390000.0,1705642000.0,25664000.0,1381687000.0,323955000.0,-8909000.0,315046000.0,1943032000.0,272100000.0,272097000.0,280221000.0
Cadence Design Systems Inc,CDNS,GCT7RXJOGLXPV0NXZY22,813672,2017.0,Q4,2017-10-01,2017-12-30,,3571000.0,-0.05,-0.05,-0.06,,91393000.0,107654000.0,-14442000.0,-14442000.0,-14442000.0,60284000.0,501722000.0,2385000.0,,203468000.0,12178000.0,33289000.0,60284000.0,441438000.0,6712000.0,360160000.0,81278000.0,-4327000.0,76951000.0,501722000.0,272100000.0,272097000.0,280221000.0
Cadence Design Systems Inc,CDNS,GCT7RXJOGLXPV0NXZY22,813672,2017.0,Q3,2017-07-02,2017-09-30,2018-10-22 16:17:32+00:00,3453000.0,0.3,0.3,0.29,,5390000.0,104263000.0,81157000.0,81157000.0,81157000.0,54482000.0,485398000.0,12387000.0,,206568000.0,-55000.0,36302000.0,54482000.0,430916000.0,6225000.0,350531000.0,80385000.0,6162000.0,86547000.0,485398000.0,270500000.0,273156000.0,281400000.0
Cadence Design Systems Inc,CDNS,GCT7RXJOGLXPV0NXZY22,813672,2017.0,Q3YTD,2017-01-01,2017-09-30,,11145000.0,0.8,0.8,0.79,,19552000.0,311507000.0,218543000.0,218543000.0,218543000.0,177106000.0,1441310000.0,14370000.0,,600755000.0,-2772000.0,100892000.0,177106000.0,1264204000.0,18952000.0,1021527000.0,242677000.0,-4582000.0,238095000.0,1441310000.0,270500000.0,273156000.0,281400000.0
Cadence Design Systems Inc,CDNS,GCT7RXJOGLXPV0NXZY22,813672,2017.0,Q3TTM,2016-10-02,2017-09-30,,15034000.0,0.94,0.94,0.92,,33309000.0,409598000.0,257020000.0,257020000.0,257020000.0,253154000.0,1910290000.0,19851000.0,,782271000.0,23570000.0,130869000.0,253154000.0,1657136000.0,25316000.0,1361342000.0,295794000.0,-5465000.0,290329000.0,1910290000.0,270500000.0,273156000.0,281400000.0
Cadence Design Systems Inc,CDNS,GCT7RXJOGLXPV0NXZY22,813672,2017.0,Q2,2017-04-02,2017-07-01,2018-07-23 16:15:50+00:00,3836000.0,0.25,0.25,0.25,,8239000.0,103897000.0,69127000.0,69127000.0,69127000.0,60832000.0,479001000.0,924000.0,,195901000.0,-929000.0,32774000.0,60832000.0,418169000.0,6248000.0,335479000.0,82690000.0,-5324000.0,77366000.0,479001000.0,276500000.0,271887000.0,279526000.0
Cadence Design Systems Inc,CDNS,GCT7RXJOGLXPV0NXZY22,813672,2017.0,Q2YTD,2017-01-01,2017-07-01,,7692000.0,0.5,0.5,0.5,,14162000.0,207244000.0,137386000.0,137386000.0,137386000.0,122624000.0,955912000.0,1983000.0,,394187000.0,-2717000.0,64590000.0,122624000.0,833288000.0,12727000.0,670996000.0,162292000.0,-10744000.0,151548000.0,955912000.0,276500000.0,271887000.0,279526000.0
Cadence Design Systems Inc,CDNS,GCT7RXJOGLXPV0NXZY22,813672,2017.0,Q2TTM,2016-07-03,2017-07-01,,15470000.0,0.87,0.87,0.86,,26832000.0,402128000.0,240575000.0,240575000.0,240575000.0,255279000.0,1871112000.0,10300000.0,,767250000.0,23726000.0,125008000.0,255279000.0,1615833000.0,25144000.0,1333582000.0,282251000.0,-14844000.0,267407000.0,1871112000.0,276500000.0,271887000.0,279526000.0
Cadence Design Systems Inc,CDNS,GCT7RXJOGLXPV0NXZY22,813672,2017.0,Q1,2017-01-01,2017-04-01,2018-04-25 17:26:36+00:00,3856000.0,0.25,0.25,0.25,,5923000.0,103347000.0,68259000.0,68259000.0,68259000.0,61792000.0,476911000.0,1059000.0,,198286000.0,-1788000.0,31816000.0,61792000.0,415119000.0,6479000.0,335517000.0,79602000.0,-5420000.0,74182000.0,476911000.0,273000000.0,270173000.0,277736000.0
Cadence Design Systems Inc,CDNS,GCT7RXJOGLXPV0NXZY22,813672,2017.0,Q1TTM,2016-04-03,2017-04-01,,16171000.0,0.79,0.79,0.78,,33110000.0,399341000.0,220783000.0,220783000.0,220783000.0,256230000.0,1845132000.0,12218000.0,,753720000.0,24581000.0,128622000.0,256230000.0,1588902000.0,24792000.0,1322435000.0,266467000.0,-12574000.0,253893000.0,1845132000.0,273000000.0,270173000.0,277736000.0
Cadence Design Systems Inc,CDNS,GCT7RXJOGLXPV0NXZY22,813672,2018.0,FY,2017-12-31,2018-12-29,2020-02-24 17:22:00+00:00,14086000.0,1.26,1.26,1.23,,30613000.0,439669000.0,345777000.0,345777000.0,345777000.0,258747000.0,2138022000.0,3320000.0,,884816000.0,11089000.0,133406000.0,258747000.0,1879275000.0,23139000.0,1483066000.0,396209000.0,-19819000.0,376390000.0,2138022000.0,274400000.0,273729000.0,281144000.0
Cadence Design Systems Inc,CDNS,GCT7RXJOGLXPV0NXZY22,813672,2018.0,Q4,2018-09-30,2018-12-29,,3468000.0,0.36,0.36,0.35,,10212000.0,112613000.0,98425000.0,98425000.0,98425000.0,76124000.0,569850000.0,-735000.0,,218271000.0,13699000.0,31985000.0,76124000.0,493726000.0,4318000.0,380036000.0,113690000.0,-5053000.0,108637000.0,569850000.0,274400000.0,273729000.0,281144000.0
Cadence Design Systems Inc,CDNS,GCT7RXJOGLXPV0NXZY22,813672,2018.0,Q3,2018-07-01,2018-09-29,2019-10-21 16:15:15+00:00,3470000.0,0.36,0.36,0.35,,241000.0,108608000.0,99318000.0,99318000.0,99318000.0,60454000.0,532468000.0,1106000.0,,223231000.0,-172000.0,33247000.0,60454000.0,472014000.0,5177000.0,368384000.0,103630000.0,-4071000.0,99559000.0,532468000.0,275900000.0,273716000.0,281646000.0
Cadence Design Systems Inc,CDNS,GCT7RXJOGLXPV0NXZY22,813672,2018.0,Q3YTD,2017-12-31,2018-09-29,,10618000.0,0.9,0.9,0.88,,20401000.0,327056000.0,247352000.0,247352000.0,247352000.0,182623000.0,1568172000.0,4055000.0,,666545000.0,-2610000.0,101421000.0,182623000.0,1385549000.0,18821000.0,1103030000.0,282519000.0,-14766000.0,267753000.0,1568172000.0,275900000.0,273716000.0,281646000.0
Cadence Design Systems Inc,CDNS,GCT7RXJOGLXPV0NXZY22,813672,2018.0,Q3TTM,2017-10-01,2018-09-29,,14189000.0,0.85,0.85,0.82,,111794000.0,434710000.0,232910000.0,232910000.0,232910000.0,242907000.0,2069894000.0,6440000.0,,870013000.0,9568000.0,134710000.0,242907000.0,1826987000.0,25533000.0,1463190000.0,363797000.0,-19093000.0,344704000.0,2069894000.0,275900000.0,273716000.0,281646000.0
Cadence Design Systems Inc,CDNS,GCT7RXJOGLXPV0NXZY22,813672,2018.0,Q2,2018-04-01,2018-06-30,2019-07-22 17:21:33+00:00,3518000.0,0.27,0.27,0.27,,14876000.0,109300000.0,75149000.0,75149000.0,75149000.0,58960000.0,518391000.0,3638000.0,,219129000.0,-447000.0,34875000.0,58960000.0,459431000.0,6669000.0,366375000.0,93056000.0,-3031000.0,90025000.0,518391000.0,278300000.0,273564000.0,280774000.0
Cadence Design Systems Inc,CDNS,GCT7RXJOGLXPV0NXZY22,813672,2018.0,Q2YTD,2017-12-31,2018-06-30,,7148000.0,0.54,0.54,0.53,,20160000.0,218448000.0,148034000.0,148034000.0,148034000.0,122169000.0,1035704000.0,2949000.0,,443314000.0,-2438000.0,68174000.0,122169000.0,913535000.0,13644000.0,734646000.0,178889000.0,-10695000.0,168194000.0,1035704000.0,278300000.0,273564000.0,280774000.0
Cadence Design Systems Inc,CDNS,GCT7RXJOGLXPV0NXZY22,813672,2018.0,Q2TTM,2017-07-02,2018-06-30,,14172000.0,0.79,0.79,0.76,,116943000.0,430365000.0,214749000.0,214749000.0,214749000.0,236935000.0,2022824000.0,17721000.0,,853350000.0,9685000.0,137765000.0,236935000.0,1785889000.0,26581000.0,1445337000.0,340552000.0,-8860000.0,331692000.0,2022824000.0,278300000.0,273564000.0,280774000.0
Cadence Design Systems Inc,CDNS,GCT7RXJOGLXPV0NXZY22,813672,2018.0,Q1,2017-12-31,2018-03-31,2019-04-22 16:28:39+00:00,3630000.0,0.27,0.27,0.26,,5284000.0,109148000.0,72885000.0,72885000.0,72885000.0,63209000.0,517313000.0,-689000.0,,224185000.0,-1991000.0,33299000.0,63209000.0,454104000.0,6975000.0,368271000.0,85833000.0,-7664000.0,78169000.0,517313000.0,269900000.0,273773000.0,281651000.0
Cadence Design Systems Inc,CDNS,GCT7RXJOGLXPV0NXZY22,813672,2018.0,Q1TTM,2017-04-02,2018-03-31,,14490000.0,0.77,0.77,0.74,,110306000.0,424962000.0,208727000.0,208727000.0,208727000.0,238807000.0,1983434000.0,15007000.0,,830122000.0,9203000.0,135664000.0,238807000.0,1744627000.0,26160000.0,1414441000.0,330186000.0,-11153000.0,319033000.0,1983434000.0,269900000.0,273773000.0,281651000.0
Cadence Design Systems Inc,CDNS,GCT7RXJOGLXPV0NXZY22,813672,2019.0,Q4,2019-09-29,2019-12-28,,2787000.0,2.81,2.42,2.36,,-554250000.0,127267000.0,659675000.0,659675000.0,659675000.0,73328000.0,599555000.0,748000.0,,235372000.0,9809000.0,42093000.0,73328000.0,526227000.0,4222000.0,417328000.0,108899000.0,-3474000.0,105425000.0,599555000.0,273200000.0,273239000.0,280515000.0
Cadence Design Systems Inc,CDNS,GCT7RXJOGLXPV0NXZY22,813672,2019.0,FY,2018-12-30,2019-12-28,2020-02-24 17:22:00+00:00,12128000.0,3.62,3.62,3.53,,-510011000.0,481673000.0,988979000.0,988979000.0,988979000.0,266357000.0,2336319000.0,6001000.0,,935938000.0,8621000.0,139806000.0,266357000.0,2069962000.0,18829000.0,1578166000.0,491796000.0,-12828000.0,478968000.0,2336319000.0,273200000.0,273239000.0,280515000.0
Cadence Design Systems Inc,CDNS,GCT7RXJOGLXPV0NXZY22,813672,2019.0,Q3YTD,2018-12-30,2019-09-28,,9341000.0,0.81,1.2,1.17,,44239000.0,354406000.0,329304000.0,329304000.0,329304000.0,193029000.0,1736764000.0,5253000.0,,700566000.0,-1188000.0,97713000.0,193029000.0,1543735000.0,14607000.0,1160838000.0,382897000.0,-9354000.0,373543000.0,1736764000.0,274400000.0,273329000.0,280666000.0
Cadence Design Systems Inc,CDNS,GCT7RXJOGLXPV0NXZY22,813672,2019.0,Q3TTM,2018-09-30,2019-09-28,,12809000.0,1.17,1.56,1.52,,54451000.0,467019000.0,427729000.0,427729000.0,427729000.0,269153000.0,2306614000.0,4518000.0,,918837000.0,12511000.0,129698000.0,269153000.0,2037461000.0,18925000.0,1540874000.0,496587000.0,-14407000.0,482180000.0,2306614000.0,274400000.0,273329000.0,280666000.0
Cadence Design Systems Inc,CDNS,GCT7RXJOGLXPV0NXZY22,813672,2019.0,Q3,2019-06-30,2019-09-28,2019-10-21 16:15:15+00:00,2874000.0,0.37,0.37,0.36,,15194000.0,121368000.0,101514000.0,101514000.0,101514000.0,60975000.0,579603000.0,122000.0,,240542000.0,-186000.0,33204000.0,60975000.0,518628000.0,4240000.0,397802000.0,120826000.0,-4118000.0,116708000.0,579603000.0,274400000.0,273329000.0,280666000.0
Cadence Design Systems Inc,CDNS,GCT7RXJOGLXPV0NXZY22,813672,2019.0,Q2,2019-03-31,2019-06-29,2020-07-20 16:13:01+00:00,3159000.0,,0.39,0.38,,21354000.0,116208000.0,107235000.0,107235000.0,107235000.0,61469000.0,580419000.0,-110000.0,,231814000.0,-313000.0,34407000.0,61469000.0,518950000.0,4976000.0,385275000.0,133675000.0,-5086000.0,128589000.0,580419000.0,,273159000.0,281054000.0
Cadence Design Systems Inc,CDNS,GCT7RXJOGLXPV0NXZY22,813672,2019.0,Q2YTD,2018-12-30,2019-06-29,,6467000.0,0.44,0.83,0.81,,29045000.0,233038000.0,227790000.0,227790000.0,227790000.0,132054000.0,1157161000.0,5131000.0,,460024000.0,-1002000.0,64509000.0,132054000.0,1025107000.0,10367000.0,763036000.0,262071000.0,-5236000.0,256835000.0,1157161000.0,,273159000.0,281054000.0
Cadence Design Systems Inc,CDNS,GCT7RXJOGLXPV0NXZY22,813672,2019.0,Q2TTM,2018-07-01,2019-06-29,,13405000.0,1.16,1.55,1.51,,39498000.0,454259000.0,425533000.0,425533000.0,425533000.0,268632000.0,2259479000.0,5502000.0,,901526000.0,12525000.0,129741000.0,268632000.0,1990847000.0,19862000.0,1511456000.0,479391000.0,-14360000.0,465031000.0,2259479000.0,,273159000.0,281054000.0
Cadence Design Systems Inc,CDNS,GCT7RXJOGLXPV0NXZY22,813672,2019.0,Q1,2018-12-30,2019-03-30,2020-04-20 16:14:54+00:00,3308000.0,0.44,0.44,0.43,,7691000.0,116830000.0,120555000.0,120555000.0,120555000.0,70585000.0,576742000.0,5241000.0,,228210000.0,-689000.0,30102000.0,70585000.0,506157000.0,5391000.0,377761000.0,128396000.0,-150000.0,128246000.0,576742000.0,274000000.0,273066000.0,280615000.0
Cadence Design Systems Inc,CDNS,GCT7RXJOGLXPV0NXZY22,813672,2019.0,Q1TTM,2018-04-01,2019-03-30,,13764000.0,1.43,1.43,1.4,,33020000.0,447351000.0,393447000.0,393447000.0,393447000.0,266123000.0,2197451000.0,9250000.0,,888841000.0,12391000.0,130209000.0,266123000.0,1931328000.0,21555000.0,1492556000.0,438772000.0,-12305000.0,426467000.0,2197451000.0,274000000.0,273066000.0,280615000.0
Cadence Design Systems Inc,CDNS,GCT7RXJOGLXPV0NXZY22,813672,2020.0,Q2YTD,2019-12-29,2020-06-27,,8796000.0,0.45,0.93,0.91,,25570000.0,246220000.0,255276000.0,255276000.0,255276000.0,149678000.0,1256375000.0,96000.0,,492489000.0,-1342000.0,69233000.0,149678000.0,1106697000.0,10551000.0,815396000.0,291301000.0,-10455000.0,280846000.0,1256375000.0,,273432000.0,279080000.0
Cadence Design Systems Inc,CDNS,GCT7RXJOGLXPV0NXZY22,813672,2020.0,Q2TTM,2019-06-30,2020-06-27,,14457000.0,3.63,3.72,3.63,,-513486000.0,494855000.0,1016465000.0,1016465000.0,1016465000.0,283981000.0,2435533000.0,966000.0,,968403000.0,8281000.0,144530000.0,283981000.0,2151552000.0,19013000.0,1630526000.0,521026000.0,-18047000.0,502979000.0,2435533000.0,,273432000.0,279080000.0
Cadence Design Systems Inc,CDNS,GCT7RXJOGLXPV0NXZY22,813672,2020.0,Q2,2020-03-29,2020-06-27,2020-07-20 16:13:01+00:00,4590000.0,,0.48,0.47,,19378000.0,120476000.0,131288000.0,131288000.0,131288000.0,75215000.0,638418000.0,4630000.0,,250821000.0,-275000.0,35641000.0,75215000.0,563203000.0,5914000.0,411253000.0,151950000.0,-1284000.0,150666000.0,638418000.0,,273432000.0,279080000.0
Cadence Design Systems Inc,CDNS,GCT7RXJOGLXPV0NXZY22,813672,2020.0,Q1TTM,2019-03-31,2020-03-28,,13026000.0,3.63,3.63,3.54,,-511510000.0,490587000.0,992412000.0,992412000.0,992412000.0,270235000.0,2377534000.0,-3774000.0,,949396000.0,8243000.0,143296000.0,270235000.0,2107299000.0,18075000.0,1604548000.0,502751000.0,-21849000.0,480902000.0,2377534000.0,275500000.0,273476000.0,279265000.0
Cadence Design Systems Inc,CDNS,GCT7RXJOGLXPV0NXZY22,813672,2020.0,Q1,2019-12-29,2020-03-28,2020-04-20 16:14:54+00:00,4206000.0,0.45,0.45,0.44,,6192000.0,125744000.0,123988000.0,123988000.0,123988000.0,74463000.0,617957000.0,-4534000.0,,241668000.0,-1067000.0,33592000.0,74463000.0,543494000.0,4637000.0,404143000.0,139351000.0,-9171000.0,130180000.0,617957000.0,275500000.0,273476000.0,279265000.0
