company_name,company_ticker,company_lei,company_cik,year,quarter,start_date,end_date,filing_date,amortizationexpense,basicdilutedeps,basiceps,dilutedeps,incometaxexpense,netincome,netincomecontinuing,netincometocommon,netincometononcontrollinginterest,operatingcostofrevenue,operatingrevenue,otherincome,otherrevenue,rdexpense,restructuringcharge,sgaexpense,totalcostofrevenue,totalgrossprofit,totalinterestexpense,totalinterestincome,totaloperatingexpenses,totaloperatingincome,totalotherincome,totalpretaxincome,totalrevenue,weightedavebasicdilutedsharesos,weightedavebasicsharesos,weightedavedilutedsharesos
Celgene Corp,CELG,4SIHMF0MOSTTL8CD0X64,816284,2007.0,FY,2007-01-01,2007-12-31,2010-02-18 15:30:35+00:00,9070000.0,0.59,0.59,0.54,290536000.0,226433000.0,226433000.0,226433000.0,,130211000.0,1385711000.0,-2350000.0,20109000.0,400456000.0,,440962000.0,130211000.0,1275609000.0,11127000.0,105325000.0,850488000.0,425121000.0,91848000.0,516969000.0,1405820000.0,383800000.0,383225000.0,431858000.0
Celgene Corp,CELG,4SIHMF0MOSTTL8CD0X64,816284,2008.0,FY,2008-01-01,2008-12-31,2011-03-01 16:07:41+00:00,103967000.0,-3.46,-3.46,-3.46,164828000.0,-1533653000.0,-1533653000.0,-1533653000.0,,258267000.0,2239836000.0,24722000.0,14945000.0,2671218000.0,,685547000.0,258267000.0,1996514000.0,4437000.0,75108000.0,3460732000.0,-1464218000.0,95393000.0,-1368825000.0,2254781000.0,443300000.0,442620000.0,442620000.0
Celgene Corp,CELG,4SIHMF0MOSTTL8CD0X64,816284,2008.0,Q3,2008-07-01,2008-09-30,2009-10-30 16:08:08+00:00,32833000.0,0.3,0.3,0.29,42058000.0,136814000.0,136814000.0,136814000.0,,70534000.0,590063000.0,2464000.0,2402000.0,160911000.0,,168607000.0,70534000.0,521931000.0,512000.0,17340000.0,362351000.0,159580000.0,19292000.0,178872000.0,592465000.0,456000000.0,456509000.0,468891000.0
Celgene Corp,CELG,4SIHMF0MOSTTL8CD0X64,816284,2008.0,Q2,2008-04-01,2008-06-30,2009-07-31 16:22:47+00:00,35167000.0,0.27,0.27,0.26,39033000.0,119883000.0,119883000.0,119883000.0,,75194000.0,568675000.0,1697000.0,2789000.0,144861000.0,,176287000.0,75194000.0,496270000.0,1246000.0,18510000.0,356315000.0,139955000.0,18961000.0,158916000.0,571464000.0,444000000.0,442640000.0,466687000.0
Celgene Corp,CELG,4SIHMF0MOSTTL8CD0X64,816284,2009.0,Q4,2009-10-01,2009-12-31,,16000000.0,0.91,0.56,0.54,50354000.0,254214000.0,254214000.0,254214000.0,,49030000.0,754273000.0,7740000.0,6764000.0,201738000.0,,211564000.0,49030000.0,712007000.0,1563000.0,14946000.0,429302000.0,282705000.0,21123000.0,304568000.0,761037000.0,459600000.0,459304000.0,467354000.0
Celgene Corp,CELG,4SIHMF0MOSTTL8CD0X64,816284,2009.0,FY,2009-01-01,2009-12-31,2012-02-22 16:14:57+00:00,83403000.0,1.69,1.69,1.66,198956000.0,776747000.0,776747000.0,776747000.0,,216289000.0,2676150000.0,60461000.0,13743000.0,794848000.0,,753827000.0,216289000.0,2473604000.0,1966000.0,75682000.0,1632078000.0,841526000.0,134177000.0,975703000.0,2689893000.0,459600000.0,459304000.0,467354000.0
Celgene Corp,CELG,4SIHMF0MOSTTL8CD0X64,816284,2009.0,Q3YTD,2009-01-01,2009-09-30,,67403000.0,0.78,1.13,1.12,148602000.0,522533000.0,522533000.0,522533000.0,,167259000.0,1921877000.0,52721000.0,6979000.0,593110000.0,,542263000.0,167259000.0,1761597000.0,403000.0,60736000.0,1202776000.0,558821000.0,113054000.0,671135000.0,1928856000.0,461300000.0,458834000.0,467057000.0
Celgene Corp,CELG,4SIHMF0MOSTTL8CD0X64,816284,2009.0,Q3,2009-07-01,2009-09-30,2010-11-01 19:39:31+00:00,21111000.0,0.47,0.47,0.46,53887000.0,216815000.0,216815000.0,216815000.0,,52058000.0,692756000.0,14935000.0,2381000.0,193362000.0,,192512000.0,52058000.0,643079000.0,466000.0,20139000.0,406985000.0,236094000.0,34608000.0,270702000.0,695137000.0,461300000.0,458834000.0,467057000.0
Celgene Corp,CELG,4SIHMF0MOSTTL8CD0X64,816284,2009.0,Q2YTD,2009-01-01,2009-06-30,,46292000.0,0.31,0.66,0.66,94715000.0,305718000.0,305718000.0,305718000.0,,115201000.0,1229121000.0,37786000.0,4598000.0,399748000.0,,349751000.0,115201000.0,1118518000.0,-63000.0,40597000.0,795791000.0,322727000.0,78446000.0,400433000.0,1233719000.0,460800000.0,459586000.0,467082000.0
Celgene Corp,CELG,4SIHMF0MOSTTL8CD0X64,816284,2009.0,Q2,2009-04-01,2009-06-30,2010-08-03 21:35:53+00:00,22667000.0,0.31,0.31,0.31,46329000.0,142835000.0,142835000.0,142835000.0,,50902000.0,626312000.0,5176000.0,2354000.0,218500000.0,,176311000.0,50902000.0,577764000.0,-527000.0,23915000.0,417478000.0,160286000.0,29618000.0,189164000.0,628666000.0,460800000.0,459586000.0,467082000.0
Celgene Corp,CELG,4SIHMF0MOSTTL8CD0X64,816284,2009.0,Q1,2009-01-01,2009-03-31,2010-05-03 16:49:30+00:00,23625000.0,,0.35,0.35,48386000.0,162883000.0,162883000.0,162883000.0,,64299000.0,602809000.0,32610000.0,2244000.0,181248000.0,,173440000.0,64299000.0,540754000.0,464000.0,16682000.0,378313000.0,162441000.0,48828000.0,211269000.0,605053000.0,,459583000.0,468105000.0
Celgene Corp,CELG,4SIHMF0MOSTTL8CD0X64,816284,2010.0,Q4,2010-10-01,2010-12-31,,68030000.0,0.44,0.44,0.45,12563000.0,209247000.0,209247000.0,209567000.0,-320000.0,113071000.0,1068313000.0,-16278000.0,3375000.0,327530000.0,27036000.0,295113000.0,113071000.0,958617000.0,11313000.0,8493000.0,717709000.0,240908000.0,-19098000.0,221810000.0,1071688000.0,463400000.0,462298000.0,469517000.0
Celgene Corp,CELG,4SIHMF0MOSTTL8CD0X64,816284,2010.0,FY,2010-01-01,2010-12-31,2013-02-15 16:09:13+00:00,203231000.0,1.9,1.9,1.88,132418000.0,880192000.0,880192000.0,880512000.0,-320000.0,306521000.0,3615205000.0,-9148000.0,10540000.0,1128495000.0,47229000.0,950634000.0,306521000.0,3319224000.0,12634000.0,44757000.0,2329589000.0,989635000.0,22975000.0,1012610000.0,3625745000.0,463400000.0,462298000.0,469517000.0
Celgene Corp,CELG,4SIHMF0MOSTTL8CD0X64,816284,2010.0,Q3YTD,2010-01-01,2010-09-30,,135201000.0,1.46,1.46,1.43,119855000.0,670945000.0,670945000.0,670945000.0,,193450000.0,2546892000.0,7130000.0,7165000.0,800965000.0,20193000.0,655521000.0,193450000.0,2360607000.0,1321000.0,36264000.0,1611880000.0,748727000.0,42073000.0,790800000.0,2554057000.0,460900000.0,459653000.0,466332000.0
Celgene Corp,CELG,4SIHMF0MOSTTL8CD0X64,816284,2010.0,Q3TTM,2009-10-01,2010-09-30,,151201000.0,2.37,2.02,1.97,170209000.0,925159000.0,925159000.0,925159000.0,,242480000.0,3301165000.0,14870000.0,13929000.0,1002703000.0,20193000.0,867085000.0,242480000.0,3072614000.0,2884000.0,51210000.0,2041182000.0,1031432000.0,63196000.0,1095368000.0,3315094000.0,460900000.0,459653000.0,466332000.0
Celgene Corp,CELG,4SIHMF0MOSTTL8CD0X64,816284,2010.0,Q3,2010-07-01,2010-09-30,2011-11-02 16:06:33+00:00,46540000.0,0.61,0.61,0.6,49011000.0,281151000.0,281151000.0,281151000.0,,63542000.0,907870000.0,8453000.0,2241000.0,253547000.0,7495000.0,228281000.0,63542000.0,846569000.0,414000.0,11417000.0,535863000.0,310706000.0,19456000.0,330162000.0,910111000.0,460900000.0,459653000.0,466332000.0
Celgene Corp,CELG,4SIHMF0MOSTTL8CD0X64,816284,2010.0,Q2YTD,2010-01-01,2010-06-30,,88661000.0,0.85,0.85,0.83,70844000.0,389794000.0,389794000.0,389794000.0,,129908000.0,1639022000.0,-1323000.0,4924000.0,547418000.0,12698000.0,427240000.0,129908000.0,1514038000.0,907000.0,24847000.0,1076017000.0,438021000.0,22617000.0,460638000.0,1643946000.0,456900000.0,460309000.0,467425000.0
Celgene Corp,CELG,4SIHMF0MOSTTL8CD0X64,816284,2010.0,Q2TTM,2009-07-01,2010-06-30,,125772000.0,2.23,1.88,1.83,175085000.0,860823000.0,860823000.0,860823000.0,,230996000.0,3086051000.0,21352000.0,14069000.0,942518000.0,12698000.0,831316000.0,230996000.0,2869124000.0,2936000.0,59932000.0,1912304000.0,956820000.0,78348000.0,1035908000.0,3100120000.0,456900000.0,460309000.0,467425000.0
Celgene Corp,CELG,4SIHMF0MOSTTL8CD0X64,816284,2010.0,Q2,2010-04-01,2010-06-30,2011-08-03 16:06:55+00:00,47068000.0,0.34,0.34,0.33,16927000.0,155352000.0,155352000.0,155352000.0,,67993000.0,850148000.0,-5089000.0,2544000.0,342761000.0,7836000.0,219262000.0,67993000.0,784699000.0,426000.0,10022000.0,616927000.0,167772000.0,4507000.0,172279000.0,852692000.0,456900000.0,460309000.0,467425000.0
Celgene Corp,CELG,4SIHMF0MOSTTL8CD0X64,816284,2010.0,Q1TTM,2009-04-01,2010-03-31,,101371000.0,2.2,1.85,1.81,204487000.0,848306000.0,848306000.0,848306000.0,,213905000.0,2862215000.0,31617000.0,13879000.0,818257000.0,4862000.0,788365000.0,213905000.0,2662189000.0,1983000.0,73825000.0,1712855000.0,949334000.0,103459000.0,1052793000.0,2876094000.0,459700000.0,459914000.0,467655000.0
Celgene Corp,CELG,4SIHMF0MOSTTL8CD0X64,816284,2010.0,Q1,2010-01-01,2010-03-31,2011-05-04 21:20:48+00:00,41593000.0,0.51,0.51,0.5,53917000.0,234442000.0,234442000.0,234442000.0,,61915000.0,788874000.0,3766000.0,2380000.0,204657000.0,4862000.0,207978000.0,61915000.0,729339000.0,481000.0,14825000.0,459090000.0,270249000.0,18110000.0,288359000.0,791254000.0,459700000.0,459914000.0,467655000.0
Celgene Corp,CELG,4SIHMF0MOSTTL8CD0X64,816284,2011.0,Q4,2011-10-01,2011-12-31,,75019000.0,0.9,0.9,0.9,-8482000.0,410122000.0,410122000.0,410128000.0,-6000.0,77544000.0,1280895000.0,694000.0,3032000.0,436463000.0,-24870000.0,315093000.0,77544000.0,1206383000.0,11240000.0,7508000.0,801705000.0,404678000.0,-3038000.0,401640000.0,1283927000.0,456100000.0,455300000.0,462700000.0
Celgene Corp,CELG,4SIHMF0MOSTTL8CD0X64,816284,2011.0,FY,2011-01-01,2011-12-31,2014-02-13 16:02:05+00:00,289200000.0,2.89,2.89,2.85,102100000.0,1317400000.0,1317400000.0,1318100000.0,-700000.0,425900000.0,4822600000.0,-6400000.0,19500000.0,1600300000.0,-142300000.0,1226300000.0,425900000.0,4416200000.0,42700000.0,25900000.0,2973500000.0,1442700000.0,-23200000.0,1419500000.0,4842100000.0,456100000.0,455300000.0,462700000.0
Celgene Corp,CELG,4SIHMF0MOSTTL8CD0X64,816284,2011.0,Q3YTD,2011-01-01,2011-09-30,,214181000.0,2.01,2.01,2.01,110582000.0,907278000.0,907278000.0,907972000.0,-694000.0,348356000.0,3541705000.0,-7094000.0,16468000.0,1163837000.0,-117430000.0,911207000.0,348356000.0,3209817000.0,31460000.0,18392000.0,2171795000.0,1038022000.0,-20162000.0,1017860000.0,3558173000.0,449400000.0,452019000.0,459530000.0
Celgene Corp,CELG,4SIHMF0MOSTTL8CD0X64,816284,2011.0,Q3TTM,2010-10-01,2011-09-30,,282211000.0,2.47,2.47,2.47,123145000.0,1116525000.0,1116525000.0,1117539000.0,-1014000.0,461427000.0,4610018000.0,-23372000.0,19843000.0,1491367000.0,-90394000.0,1206320000.0,461427000.0,4168434000.0,42773000.0,26885000.0,2889504000.0,1278930000.0,-39260000.0,1239670000.0,4629861000.0,449400000.0,452019000.0,459530000.0
Celgene Corp,CELG,4SIHMF0MOSTTL8CD0X64,816284,2011.0,Q3,2011-07-01,2011-09-30,2012-10-29 13:42:50+00:00,75044000.0,0.83,0.83,0.81,39657000.0,372984000.0,372984000.0,372984000.0,,94645000.0,1245971000.0,-16663000.0,3766000.0,356839000.0,-11209000.0,303303000.0,94645000.0,1155092000.0,10292000.0,8481000.0,723977000.0,431115000.0,-18474000.0,412641000.0,1249737000.0,449400000.0,452019000.0,459530000.0
Celgene Corp,CELG,4SIHMF0MOSTTL8CD0X64,816284,2011.0,Q2YTD,2011-01-01,2011-06-30,,139137000.0,1.16,1.16,1.16,70925000.0,534294000.0,534294000.0,534988000.0,-694000.0,253711000.0,2295734000.0,9569000.0,12702000.0,806998000.0,-106221000.0,607904000.0,253711000.0,2054725000.0,21168000.0,9911000.0,1447818000.0,606907000.0,-1688000.0,605219000.0,2308436000.0,465700000.0,462625000.0,469962000.0
Celgene Corp,CELG,4SIHMF0MOSTTL8CD0X64,816284,2011.0,Q2TTM,2010-07-01,2011-06-30,,253707000.0,2.22,2.22,2.22,132499000.0,1024692000.0,1024692000.0,1025706000.0,-1014000.0,430324000.0,4271917000.0,1744000.0,18318000.0,1388075000.0,-71690000.0,1131298000.0,430324000.0,3859911000.0,32895000.0,29821000.0,2701390000.0,1158521000.0,-1330000.0,1157191000.0,4290235000.0,465700000.0,462625000.0,469962000.0
Celgene Corp,CELG,4SIHMF0MOSTTL8CD0X64,816284,2011.0,Q2,2011-04-01,2011-06-30,2012-08-01 16:06:01+00:00,70087000.0,0.6,0.6,0.59,39203000.0,279208000.0,279208000.0,279398000.0,-190000.0,126443000.0,1179756000.0,2945000.0,3399000.0,371520000.0,-9477000.0,305643000.0,126443000.0,1056712000.0,9418000.0,5945000.0,737773000.0,318939000.0,-528000.0,318411000.0,1183155000.0,465700000.0,462625000.0,469962000.0
Celgene Corp,CELG,4SIHMF0MOSTTL8CD0X64,816284,2011.0,Q1TTM,2010-04-01,2011-03-31,,230688000.0,1.94,1.94,1.92,110223000.0,900836000.0,900836000.0,901660000.0,-824000.0,371874000.0,3942309000.0,-6290000.0,17463000.0,1359316000.0,-54377000.0,1044917000.0,371874000.0,3587898000.0,23903000.0,33898000.0,2580544000.0,1007354000.0,3705000.0,1011059000.0,3959772000.0,464700000.0,465993000.0,472235000.0
Celgene Corp,CELG,4SIHMF0MOSTTL8CD0X64,816284,2011.0,Q1,2011-01-01,2011-03-31,2012-05-02 16:07:50+00:00,69050000.0,0.55,0.55,0.54,31722000.0,255086000.0,255086000.0,255590000.0,-504000.0,127268000.0,1115978000.0,6624000.0,9303000.0,435478000.0,-96744000.0,302261000.0,127268000.0,998013000.0,11750000.0,3966000.0,710045000.0,287968000.0,-1160000.0,286808000.0,1125281000.0,464700000.0,465993000.0,472235000.0
Celgene Corp,CELG,4SIHMF0MOSTTL8CD0X64,816284,2012.0,FY,2012-01-01,2012-12-31,2015-02-20 16:11:58+00:00,194500000.0,1.69,1.69,1.65,225300000.0,1456200000.0,1456200000.0,1456200000.0,,299100000.0,5385600000.0,-17000000.0,121100000.0,1724200000.0,169000000.0,1373500000.0,299100000.0,5207600000.0,63200000.0,15300000.0,3461200000.0,1746400000.0,-64900000.0,1681500000.0,5506700000.0,861700000.0,861900000.0,881600000.0
Celgene Corp,CELG,4SIHMF0MOSTTL8CD0X64,816284,2012.0,Q4,2012-10-01,2012-12-31,,62400000.0,0.31,0.31,0.31,27200000.0,263100000.0,263100000.0,263100000.0,,80100000.0,1334500000.0,-14100000.0,112900000.0,473500000.0,140100000.0,370100000.0,80100000.0,1367300000.0,22500000.0,5700000.0,1046100000.0,321200000.0,-30900000.0,290300000.0,1447400000.0,861700000.0,861900000.0,881600000.0
Celgene Corp,CELG,4SIHMF0MOSTTL8CD0X64,816284,2012.0,Q3YTD,2012-01-01,2012-09-30,,132100000.0,2.79,2.79,2.79,198100000.0,1193100000.0,1193100000.0,1193100000.0,,219000000.0,4051100000.0,-2900000.0,8200000.0,1250700000.0,28900000.0,1003400000.0,219000000.0,3840300000.0,40700000.0,9600000.0,2415100000.0,1425200000.0,-34000000.0,1391200000.0,4059300000.0,428500000.0,427200000.0,436300000.0
Celgene Corp,CELG,4SIHMF0MOSTTL8CD0X64,816284,2012.0,Q3TTM,2011-10-01,2012-09-30,,207119000.0,3.75,3.75,3.75,189618000.0,1603222000.0,1603222000.0,1603228000.0,-6000.0,296544000.0,5331995000.0,-2206000.0,11232000.0,1687163000.0,4030000.0,1318493000.0,296544000.0,5046683000.0,51940000.0,17108000.0,3216805000.0,1829878000.0,-37038000.0,1792840000.0,5343227000.0,428500000.0,427200000.0,436300000.0
Celgene Corp,CELG,4SIHMF0MOSTTL8CD0X64,816284,2012.0,Q3,2012-07-01,2012-09-30,2013-10-29 17:30:53+00:00,46200000.0,0.99,0.99,0.97,52300000.0,424200000.0,424200000.0,424200000.0,,74600000.0,1416900000.0,-10000000.0,2300000.0,441500000.0,700000.0,354600000.0,74600000.0,1344600000.0,17900000.0,2800000.0,843000000.0,501600000.0,-25100000.0,476500000.0,1419200000.0,428500000.0,427200000.0,436300000.0
Celgene Corp,CELG,4SIHMF0MOSTTL8CD0X64,816284,2012.0,Q2YTD,2012-01-01,2012-06-30,,85900000.0,1.76,1.76,1.76,145800000.0,768900000.0,768900000.0,768900000.0,,144400000.0,2634200000.0,7100000.0,5900000.0,809200000.0,28200000.0,648800000.0,144400000.0,2495700000.0,22800000.0,6800000.0,1572100000.0,923600000.0,-8900000.0,914700000.0,2640100000.0,437400000.0,436700000.0,445400000.0
Celgene Corp,CELG,4SIHMF0MOSTTL8CD0X64,816284,2012.0,Q2TTM,2011-07-01,2012-06-30,,235963000.0,3.55,3.55,3.55,176975000.0,1552006000.0,1552006000.0,1552012000.0,-6000.0,316589000.0,5161066000.0,-8869000.0,12698000.0,1602502000.0,-7879000.0,1267196000.0,316589000.0,4857175000.0,44332000.0,22789000.0,3097782000.0,1759393000.0,-30412000.0,1728981000.0,5173764000.0,437400000.0,436700000.0,445400000.0
Celgene Corp,CELG,4SIHMF0MOSTTL8CD0X64,816284,2012.0,Q2,2012-04-01,2012-06-30,2013-07-30 16:12:14+00:00,44100000.0,0.84,0.84,0.82,73300000.0,367400000.0,367400000.0,367400000.0,,71900000.0,1363500000.0,7700000.0,3300000.0,447200000.0,39300000.0,323000000.0,71900000.0,1294900000.0,11400000.0,3100000.0,853600000.0,441300000.0,-600000.0,440700000.0,1366800000.0,437400000.0,436700000.0,445400000.0
Celgene Corp,CELG,4SIHMF0MOSTTL8CD0X64,816284,2012.0,Q1TTM,2011-04-01,2012-03-31,,261950000.0,3.34,3.34,3.34,142878000.0,1463814000.0,1463814000.0,1464010000.0,-196000.0,371132000.0,4977322000.0,-13624000.0,12797000.0,1526822000.0,-56656000.0,1249839000.0,371132000.0,4618987000.0,42350000.0,25634000.0,2981955000.0,1637032000.0,-30340000.0,1606692000.0,4990119000.0,436400000.0,438300000.0,448600000.0
Celgene Corp,CELG,4SIHMF0MOSTTL8CD0X64,816284,2012.0,Q1,2012-01-01,2012-03-31,2013-04-30 16:11:45+00:00,41800000.0,0.92,0.92,0.9,72500000.0,401500000.0,401500000.0,401500000.0,,72500000.0,1270700000.0,-600000.0,2600000.0,362000000.0,-11100000.0,325800000.0,72500000.0,1200800000.0,11400000.0,3700000.0,718500000.0,482300000.0,-8300000.0,474000000.0,1273300000.0,436400000.0,438300000.0,448600000.0
Celgene Corp,CELG,4SIHMF0MOSTTL8CD0X64,816284,2013.0,FY,2013-01-01,2013-12-31,2016-02-11 16:29:43+00:00,262800000.0,1.75,1.75,1.68,215500000.0,1449900000.0,1449900000.0,1449900000.0,,340400000.0,6362300000.0,-73900000.0,131600000.0,2226200000.0,171100000.0,1684500000.0,340400000.0,6153500000.0,91600000.0,22000000.0,4344600000.0,1808900000.0,-143500000.0,1665400000.0,6493900000.0,828500000.0,827700000.0,860600000.0
Celgene Corp,CELG,4SIHMF0MOSTTL8CD0X64,816284,2013.0,Q4,2013-10-01,2013-12-31,,65700000.0,0.26,0.26,0.26,2800000.0,214400000.0,214400000.0,214400000.0,,92800000.0,1636700000.0,-85900000.0,119200000.0,731200000.0,91700000.0,448700000.0,92800000.0,1663100000.0,30100000.0,7400000.0,1337300000.0,325800000.0,-108600000.0,217200000.0,1755900000.0,828500000.0,827700000.0,860600000.0
Celgene Corp,CELG,4SIHMF0MOSTTL8CD0X64,816284,2013.0,Q3YTD,2013-01-01,2013-09-30,,197100000.0,1.5,1.5,1.5,212700000.0,1235500000.0,1235500000.0,1235500000.0,,247600000.0,4725600000.0,12000000.0,12400000.0,1495000000.0,79400000.0,1235800000.0,247600000.0,4490400000.0,61500000.0,14600000.0,3007300000.0,1483100000.0,-34900000.0,1448200000.0,4738000000.0,827800000.0,824500000.0,857700000.0
Celgene Corp,CELG,4SIHMF0MOSTTL8CD0X64,816284,2013.0,Q3TTM,2012-10-01,2013-09-30,,259500000.0,1.82,1.82,1.82,239900000.0,1498600000.0,1498600000.0,1498600000.0,,327700000.0,6060100000.0,-2100000.0,125300000.0,1968500000.0,219500000.0,1605900000.0,327700000.0,5857700000.0,84000000.0,20300000.0,4053400000.0,1804300000.0,-65800000.0,1738500000.0,6185400000.0,827800000.0,824500000.0,857700000.0
Celgene Corp,CELG,4SIHMF0MOSTTL8CD0X64,816284,2013.0,Q3,2013-07-01,2013-09-30,2014-10-28 16:05:13+00:00,65700000.0,0.45,0.45,0.43,69500000.0,372500000.0,372500000.0,372500000.0,,86200000.0,1672200000.0,5100000.0,2200000.0,584500000.0,33700000.0,448700000.0,86200000.0,1588200000.0,24000000.0,5300000.0,1132600000.0,455600000.0,-13600000.0,442000000.0,1674400000.0,827800000.0,824500000.0,857700000.0
Celgene Corp,CELG,4SIHMF0MOSTTL8CD0X64,816284,2013.0,Q2YTD,2013-01-01,2013-06-30,,131400000.0,1.04,1.04,1.04,143200000.0,863000000.0,863000000.0,863000000.0,,161400000.0,3053400000.0,6900000.0,10200000.0,910500000.0,45700000.0,787100000.0,161400000.0,2902200000.0,37500000.0,9300000.0,1874700000.0,1027500000.0,-21300000.0,1006200000.0,3063600000.0,838800000.0,828200000.0,858500000.0
Celgene Corp,CELG,4SIHMF0MOSTTL8CD0X64,816284,2013.0,Q2TTM,2012-07-01,2013-06-30,,240000000.0,1.87,1.87,1.87,222700000.0,1550300000.0,1550300000.0,1550300000.0,,316100000.0,5804800000.0,-17200000.0,125400000.0,1825500000.0,186500000.0,1511800000.0,316100000.0,5614100000.0,77900000.0,17800000.0,3763800000.0,1850300000.0,-77300000.0,1773000000.0,5930200000.0,838800000.0,828200000.0,858500000.0
Celgene Corp,CELG,4SIHMF0MOSTTL8CD0X64,816284,2013.0,Q2,2013-04-01,2013-06-30,2014-07-29 16:18:27+00:00,65700000.0,0.57,0.57,0.56,79700000.0,478100000.0,478100000.0,478100000.0,,80900000.0,1595900000.0,9200000.0,3100000.0,458100000.0,12500000.0,418100000.0,80900000.0,1518100000.0,19600000.0,4500000.0,954400000.0,563700000.0,-5900000.0,557800000.0,1599000000.0,838800000.0,828200000.0,858500000.0
Celgene Corp,CELG,4SIHMF0MOSTTL8CD0X64,816284,2013.0,Q1TTM,2012-04-01,2013-03-31,,218400000.0,3.44,3.44,3.44,216300000.0,1439600000.0,1439600000.0,1439600000.0,,307100000.0,5572400000.0,-18700000.0,125600000.0,1814600000.0,213300000.0,1416700000.0,307100000.0,5390900000.0,69700000.0,16400000.0,3663000000.0,1727900000.0,-72000000.0,1655900000.0,5698000000.0,418400000.0,417900000.0,432200000.0
Celgene Corp,CELG,4SIHMF0MOSTTL8CD0X64,816284,2013.0,Q1,2013-01-01,2013-03-31,2014-04-29 16:04:56+00:00,65700000.0,0.92,0.92,0.89,63500000.0,384900000.0,384900000.0,384900000.0,,80500000.0,1457500000.0,-2300000.0,7100000.0,452400000.0,33200000.0,369000000.0,80500000.0,1384100000.0,17900000.0,4800000.0,920300000.0,463800000.0,-15400000.0,448400000.0,1464600000.0,418400000.0,417900000.0,432200000.0
Celgene Corp,CELG,4SIHMF0MOSTTL8CD0X64,816284,2014.0,FY,2014-01-01,2014-12-31,2017-02-09 17:56:45+00:00,258300000.0,2.49,2.49,2.39,327500000.0,1999900000.0,1999900000.0,1999900000.0,,385900000.0,7563800000.0,-43700000.0,106600000.0,2430600000.0,48700000.0,2027900000.0,385900000.0,7284500000.0,176100000.0,28200000.0,4765500000.0,2519000000.0,-191600000.0,2327400000.0,7670400000.0,803200000.0,802700000.0,836000000.0
Celgene Corp,CELG,4SIHMF0MOSTTL8CD0X64,816284,2014.0,Q4,2014-10-01,2014-12-31,,63600000.0,0.76,0.76,0.76,96900000.0,613900000.0,613900000.0,613900000.0,,103200000.0,2054900000.0,3200000.0,30600000.0,584900000.0,37700000.0,544400000.0,103200000.0,1982300000.0,51700000.0,7600000.0,1230600000.0,751700000.0,-40900000.0,710800000.0,2085500000.0,803200000.0,802700000.0,836000000.0
Celgene Corp,CELG,4SIHMF0MOSTTL8CD0X64,816284,2014.0,Q3,2014-07-01,2014-09-30,2015-11-05 16:12:35+00:00,63700000.0,0.64,0.64,0.61,69000000.0,508500000.0,508500000.0,508500000.0,,97700000.0,1956800000.0,-22500000.0,25400000.0,675100000.0,1500000.0,497600000.0,97700000.0,1884500000.0,53500000.0,6900000.0,1237900000.0,646600000.0,-69100000.0,577500000.0,1982200000.0,794500000.0,799600000.0,832800000.0
Celgene Corp,CELG,4SIHMF0MOSTTL8CD0X64,816284,2014.0,Q3YTD,2014-01-01,2014-09-30,,194700000.0,1.73,1.73,1.73,230600000.0,1386000000.0,1386000000.0,1386000000.0,,282700000.0,5508900000.0,-46900000.0,76000000.0,1845700000.0,11000000.0,1483500000.0,282700000.0,5302200000.0,124400000.0,20600000.0,3534900000.0,1767300000.0,-150700000.0,1616600000.0,5584900000.0,794500000.0,799600000.0,832800000.0
Celgene Corp,CELG,4SIHMF0MOSTTL8CD0X64,816284,2014.0,Q3TTM,2013-10-01,2014-09-30,,260400000.0,2.0,2.0,2.0,233400000.0,1600400000.0,1600400000.0,1600400000.0,,375500000.0,7145600000.0,-132800000.0,195200000.0,2576900000.0,102700000.0,1932200000.0,375500000.0,6965300000.0,154500000.0,28000000.0,4872200000.0,2093100000.0,-259300000.0,1833800000.0,7340800000.0,794500000.0,799600000.0,832800000.0
Celgene Corp,CELG,4SIHMF0MOSTTL8CD0X64,816284,2014.0,Q2,2014-04-01,2014-06-30,2015-07-28 16:06:22+00:00,65300000.0,0.75,0.75,0.72,109000000.0,597800000.0,597800000.0,597800000.0,,98900000.0,1844600000.0,-17800000.0,28100000.0,456900000.0,900000.0,491800000.0,98900000.0,1773800000.0,41600000.0,7300000.0,1014900000.0,758900000.0,-52100000.0,706800000.0,1872700000.0,797100000.0,799600000.0,831000000.0
Celgene Corp,CELG,4SIHMF0MOSTTL8CD0X64,816284,2014.0,Q2YTD,2014-01-01,2014-06-30,,131000000.0,1.1,1.1,1.1,161600000.0,877500000.0,877500000.0,877500000.0,,185000000.0,3552100000.0,-24400000.0,50600000.0,1170600000.0,9500000.0,985900000.0,185000000.0,3417700000.0,70900000.0,13700000.0,2297000000.0,1120700000.0,-81600000.0,1039100000.0,3602700000.0,797100000.0,799600000.0,831000000.0
Celgene Corp,CELG,4SIHMF0MOSTTL8CD0X64,816284,2014.0,Q2TTM,2013-07-01,2014-06-30,,262400000.0,1.83,1.83,1.83,233900000.0,1464400000.0,1464400000.0,1464400000.0,,364000000.0,6861000000.0,-105200000.0,172000000.0,2486300000.0,134900000.0,1883300000.0,364000000.0,6669000000.0,125000000.0,26400000.0,4766900000.0,1902100000.0,-203800000.0,1698300000.0,7033000000.0,797100000.0,799600000.0,831000000.0
Celgene Corp,CELG,4SIHMF0MOSTTL8CD0X64,816284,2014.0,Q1,2014-01-01,2014-03-31,2015-04-30 16:09:43+00:00,65700000.0,0.34,0.34,0.33,52600000.0,279700000.0,279700000.0,279700000.0,,86100000.0,1707500000.0,-6600000.0,22500000.0,713700000.0,8600000.0,494100000.0,86100000.0,1643900000.0,29300000.0,6400000.0,1282100000.0,361800000.0,-29500000.0,332300000.0,1730000000.0,822600000.0,811500000.0,845100000.0
Celgene Corp,CELG,4SIHMF0MOSTTL8CD0X64,816284,2014.0,Q1TTM,2013-04-01,2014-03-31,,262800000.0,1.66,1.66,1.66,204600000.0,1344700000.0,1344700000.0,1344700000.0,,346000000.0,6612300000.0,-78200000.0,147000000.0,2487500000.0,146500000.0,1809600000.0,346000000.0,6413300000.0,103000000.0,23600000.0,4706400000.0,1706900000.0,-157600000.0,1549300000.0,6759300000.0,822600000.0,811500000.0,845100000.0
Celgene Corp,CELG,4SIHMF0MOSTTL8CD0X64,816284,2015.0,FY,2015-01-01,2015-12-31,2018-02-06 18:42:56+00:00,279000000.0,2.02,2.02,1.94,421000000.0,1602000000.0,1602000000.0,1602000000.0,,420000000.0,9161000000.0,48000000.0,95000000.0,3697000000.0,300000000.0,2305000000.0,420000000.0,8836000000.0,311000000.0,31000000.0,6581000000.0,2255000000.0,-232000000.0,2023000000.0,9256000000.0,793100000.0,792200000.0,825000000.0
Celgene Corp,CELG,4SIHMF0MOSTTL8CD0X64,816284,2015.0,Q4,2015-10-01,2015-12-31,,88100000.0,0.71,0.71,0.71,184000000.0,561000000.0,561000000.0,561000000.0,,105300000.0,2539100000.0,-35200000.0,24200000.0,776500000.0,84100000.0,608700000.0,105300000.0,2458000000.0,125000000.0,4600000.0,1557400000.0,900600000.0,-155600000.0,745000000.0,2563300000.0,793100000.0,792200000.0,825000000.0
Celgene Corp,CELG,4SIHMF0MOSTTL8CD0X64,816284,2015.0,Q3,2015-07-01,2015-09-30,2016-10-27 16:03:38+00:00,63600000.0,-0.04,-0.04,-0.04,14200000.0,-34100000.0,-34100000.0,-34100000.0,,109900000.0,2312600000.0,-19600000.0,21500000.0,1304500000.0,226200000.0,550300000.0,109900000.0,2224200000.0,88500000.0,8600000.0,2144600000.0,79600000.0,-99500000.0,-19900000.0,2334100000.0,852500000.0,791100000.0,791100000.0
Celgene Corp,CELG,4SIHMF0MOSTTL8CD0X64,816284,2015.0,Q3YTD,2015-01-01,2015-09-30,,190900000.0,1.32,1.32,1.32,237000000.0,1041000000.0,1041000000.0,1041000000.0,,314700000.0,6621900000.0,83200000.0,70800000.0,2920500000.0,215900000.0,1696300000.0,314700000.0,6378000000.0,186000000.0,26400000.0,5023600000.0,1354400000.0,-76400000.0,1278000000.0,6692700000.0,852500000.0,791100000.0,791100000.0
Celgene Corp,CELG,4SIHMF0MOSTTL8CD0X64,816284,2015.0,Q3TTM,2014-10-01,2015-09-30,,254500000.0,2.09,2.09,2.09,333900000.0,1654900000.0,1654900000.0,1654900000.0,,417900000.0,8676800000.0,86400000.0,101400000.0,3505400000.0,253600000.0,2240700000.0,417900000.0,8360300000.0,237700000.0,34000000.0,6254200000.0,2106100000.0,-117300000.0,1988800000.0,8778200000.0,852500000.0,791100000.0,791100000.0
Celgene Corp,CELG,4SIHMF0MOSTTL8CD0X64,816284,2015.0,Q2,2015-04-01,2015-06-30,2016-07-28 16:03:35+00:00,63700000.0,0.45,0.45,0.43,114600000.0,356200000.0,356200000.0,356200000.0,,100800000.0,2254100000.0,94500000.0,23700000.0,1110000000.0,-29300000.0,616800000.0,100800000.0,2177000000.0,48300000.0,8800000.0,1761200000.0,415800000.0,55000000.0,470800000.0,2277800000.0,791600000.0,793000000.0,825300000.0
Celgene Corp,CELG,4SIHMF0MOSTTL8CD0X64,816284,2015.0,Q2YTD,2015-01-01,2015-06-30,,127300000.0,1.36,1.36,1.36,222800000.0,1075100000.0,1075100000.0,1075100000.0,,204800000.0,4309300000.0,102800000.0,49300000.0,1616000000.0,-10300000.0,1146000000.0,204800000.0,4153800000.0,97500000.0,17800000.0,2879000000.0,1274800000.0,23100000.0,1297900000.0,4358600000.0,791600000.0,793000000.0,825300000.0
Celgene Corp,CELG,4SIHMF0MOSTTL8CD0X64,816284,2015.0,Q2TTM,2014-07-01,2015-06-30,,254600000.0,2.77,2.77,2.77,388700000.0,2197500000.0,2197500000.0,2197500000.0,,405700000.0,8321000000.0,83500000.0,105300000.0,2876000000.0,28900000.0,2188000000.0,405700000.0,8020600000.0,202700000.0,32300000.0,5347500000.0,2673100000.0,-86900000.0,2586200000.0,8426300000.0,791600000.0,793000000.0,825300000.0
Celgene Corp,CELG,4SIHMF0MOSTTL8CD0X64,816284,2015.0,Q1,2015-01-01,2015-03-31,2016-05-03 16:03:53+00:00,63600000.0,0.9,0.9,0.86,108200000.0,718900000.0,718900000.0,718900000.0,,104000000.0,2055200000.0,8300000.0,25600000.0,506000000.0,19000000.0,529200000.0,104000000.0,1976800000.0,49200000.0,9000000.0,1117800000.0,859000000.0,-31900000.0,827100000.0,2080800000.0,798800000.0,798900000.0,834100000.0
Celgene Corp,CELG,4SIHMF0MOSTTL8CD0X64,816284,2015.0,Q1TTM,2014-04-01,2015-03-31,,256200000.0,3.05,3.05,3.05,383100000.0,2439100000.0,2439100000.0,2439100000.0,,403800000.0,7911500000.0,-28800000.0,109700000.0,2222900000.0,59100000.0,2063000000.0,403800000.0,7617400000.0,196000000.0,30800000.0,4601200000.0,3016200000.0,-194000000.0,2822200000.0,8021200000.0,798800000.0,798900000.0,834100000.0
Celgene Corp,CELG,4SIHMF0MOSTTL8CD0X64,816284,2016.0,FY,2016-01-01,2016-12-31,2019-02-25 17:51:55+00:00,459000000.0,2.57,2.57,2.49,373000000.0,1999000000.0,1999000000.0,1999000000.0,,438000000.0,11229000000.0,-324000000.0,,4470000000.0,38000000.0,2658000000.0,438000000.0,10791000000.0,500000000.0,30000000.0,7625000000.0,3166000000.0,-794000000.0,2372000000.0,11229000000.0,777800000.0,777200000.0,803300000.0
Celgene Corp,CELG,4SIHMF0MOSTTL8CD0X64,816284,2016.0,Q4,2016-10-01,2016-12-31,,105000000.0,0.55,0.55,0.54,70000000.0,429000000.0,429000000.0,429000000.0,,113000000.0,3021000000.0,-312000000.0,-41000000.0,1135000000.0,13000000.0,685000000.0,113000000.0,2867000000.0,127000000.0,9000000.0,1938000000.0,929000000.0,-430000000.0,499000000.0,2980000000.0,777800000.0,777200000.0,803300000.0
Celgene Corp,CELG,4SIHMF0MOSTTL8CD0X64,816284,2016.0,Q3,2016-07-01,2016-09-30,2017-10-26 16:11:05+00:00,87000000.0,0.22,0.22,0.21,85000000.0,171000000.0,171000000.0,171000000.0,,108000000.0,2969000000.0,-35000000.0,14000000.0,1653000000.0,25000000.0,698000000.0,108000000.0,2875000000.0,128000000.0,7000000.0,2463000000.0,412000000.0,-156000000.0,256000000.0,2983000000.0,777300000.0,775800000.0,801500000.0
Celgene Corp,CELG,4SIHMF0MOSTTL8CD0X64,816284,2016.0,Q3YTD,2016-01-01,2016-09-30,,354000000.0,2.02,2.02,2.02,303000000.0,1570000000.0,1570000000.0,1570000000.0,,325000000.0,8208000000.0,-12000000.0,41000000.0,3335000000.0,25000000.0,1973000000.0,325000000.0,7924000000.0,373000000.0,21000000.0,5687000000.0,2237000000.0,-364000000.0,1873000000.0,8249000000.0,777300000.0,775800000.0,801500000.0
Celgene Corp,CELG,4SIHMF0MOSTTL8CD0X64,816284,2016.0,Q3TTM,2015-10-01,2016-09-30,,442100000.0,2.75,2.75,2.75,487000000.0,2131000000.0,2131000000.0,2131000000.0,,430300000.0,10747100000.0,-47200000.0,65200000.0,4111500000.0,109100000.0,2581700000.0,430300000.0,10382000000.0,498000000.0,25600000.0,7244400000.0,3137600000.0,-519600000.0,2618000000.0,10812300000.0,777300000.0,775800000.0,801500000.0
Celgene Corp,CELG,4SIHMF0MOSTTL8CD0X64,816284,2016.0,Q2,2016-04-01,2016-06-30,2017-07-27 16:06:27+00:00,175000000.0,0.77,0.77,0.75,97000000.0,598000000.0,598000000.0,598000000.0,,111000000.0,2744000000.0,-12000000.0,10000000.0,949000000.0,-36000000.0,732000000.0,111000000.0,2643000000.0,123000000.0,7000000.0,1820000000.0,823000000.0,-128000000.0,695000000.0,2754000000.0,776600000.0,775600000.0,801500000.0
Celgene Corp,CELG,4SIHMF0MOSTTL8CD0X64,816284,2016.0,Q2YTD,2016-01-01,2016-06-30,,267000000.0,1.8,1.8,1.8,218000000.0,1399000000.0,1399000000.0,1399000000.0,,217000000.0,5239000000.0,23000000.0,27000000.0,1682000000.0,,1275000000.0,217000000.0,5049000000.0,245000000.0,14000000.0,3224000000.0,1825000000.0,-208000000.0,1617000000.0,5266000000.0,776600000.0,775600000.0,801500000.0
Celgene Corp,CELG,4SIHMF0MOSTTL8CD0X64,816284,2016.0,Q2TTM,2015-07-01,2016-06-30,,418700000.0,2.48,2.48,2.48,416200000.0,1925900000.0,1925900000.0,1925900000.0,,432200000.0,10090700000.0,-31800000.0,72700000.0,3763000000.0,310300000.0,2434000000.0,432200000.0,9731200000.0,458500000.0,27200000.0,6926000000.0,2805200000.0,-463100000.0,2342100000.0,10163400000.0,776600000.0,775600000.0,801500000.0
Celgene Corp,CELG,4SIHMF0MOSTTL8CD0X64,816284,2016.0,Q1,2016-01-01,2016-03-31,2017-04-27 16:04:12+00:00,92000000.0,1.03,1.03,0.99,121000000.0,801000000.0,801000000.0,801000000.0,,106000000.0,2495000000.0,35000000.0,17000000.0,733000000.0,36000000.0,543000000.0,106000000.0,2406000000.0,122000000.0,7000000.0,1404000000.0,1002000000.0,-80000000.0,922000000.0,2512000000.0,777700000.0,780600000.0,807700000.0
Celgene Corp,CELG,4SIHMF0MOSTTL8CD0X64,816284,2016.0,Q1TTM,2015-04-01,2016-03-31,,307400000.0,2.16,2.16,2.16,433800000.0,1684100000.0,1684100000.0,1684100000.0,,422000000.0,9600800000.0,74700000.0,86400000.0,3924000000.0,317000000.0,2318800000.0,422000000.0,9265200000.0,383800000.0,29000000.0,6867200000.0,2398000000.0,-280100000.0,2117900000.0,9687200000.0,777700000.0,780600000.0,807700000.0
Celgene Corp,CELG,4SIHMF0MOSTTL8CD0X64,816284,2017.0,FY,2017-01-01,2017-12-31,2019-02-25 17:51:55+00:00,329000000.0,3.77,3.77,3.64,1374000000.0,2940000000.0,2940000000.0,2940000000.0,,461000000.0,13003000000.0,24000000.0,,5915000000.0,-1350000000.0,2941000000.0,461000000.0,12542000000.0,522000000.0,105000000.0,7835000000.0,4707000000.0,-393000000.0,4314000000.0,13003000000.0,779800000.0,779200000.0,808700000.0
Celgene Corp,CELG,4SIHMF0MOSTTL8CD0X64,816284,2017.0,Q4,2017-10-01,2017-12-31,,79000000.0,-0.1,-0.1,-0.08,1212000000.0,-81000000.0,-81000000.0,-81000000.0,,119000000.0,3509000000.0,42000000.0,-26000000.0,2738000000.0,-1425000000.0,774000000.0,119000000.0,3364000000.0,142000000.0,33000000.0,2166000000.0,1198000000.0,-67000000.0,1131000000.0,3483000000.0,779800000.0,779200000.0,808700000.0
Celgene Corp,CELG,4SIHMF0MOSTTL8CD0X64,816284,2017.0,Q3,2017-07-01,2017-09-30,2018-10-25 17:10:51+00:00,80000000.0,1.26,1.26,1.21,3000000.0,988000000.0,988000000.0,988000000.0,,118000000.0,3283000000.0,0.0,4000000.0,1347000000.0,49000000.0,608000000.0,118000000.0,3169000000.0,127000000.0,33000000.0,2084000000.0,1085000000.0,-94000000.0,991000000.0,3287000000.0,784100000.0,784100000.0,815200000.0
Celgene Corp,CELG,4SIHMF0MOSTTL8CD0X64,816284,2017.0,Q3YTD,2017-01-01,2017-09-30,,250000000.0,3.87,3.87,3.72,162000000.0,3021000000.0,3021000000.0,3021000000.0,,342000000.0,9494000000.0,-18000000.0,26000000.0,3177000000.0,75000000.0,2167000000.0,342000000.0,9178000000.0,380000000.0,72000000.0,5669000000.0,3509000000.0,-326000000.0,3183000000.0,9520000000.0,784100000.0,784100000.0,815200000.0
Celgene Corp,CELG,4SIHMF0MOSTTL8CD0X64,816284,2017.0,Q3TTM,2016-10-01,2017-09-30,,355000000.0,4.42,4.42,4.26,232000000.0,3450000000.0,3450000000.0,3450000000.0,,455000000.0,12515000000.0,-330000000.0,-15000000.0,4312000000.0,88000000.0,2852000000.0,455000000.0,12045000000.0,507000000.0,81000000.0,7607000000.0,4438000000.0,-756000000.0,3682000000.0,12500000000.0,784100000.0,784100000.0,815200000.0
Celgene Corp,CELG,4SIHMF0MOSTTL8CD0X64,816284,2017.0,Q2,2017-04-01,2017-06-30,2018-07-26 16:57:06+00:00,88000000.0,1.41,1.41,1.36,77000000.0,1101000000.0,1101000000.0,1101000000.0,,111000000.0,3259000000.0,-31000000.0,12000000.0,835000000.0,-13000000.0,939000000.0,111000000.0,3160000000.0,126000000.0,24000000.0,1849000000.0,1311000000.0,-133000000.0,1178000000.0,3271000000.0,780900000.0,780400000.0,811700000.0
Celgene Corp,CELG,4SIHMF0MOSTTL8CD0X64,816284,2017.0,Q2YTD,2017-01-01,2017-06-30,,170000000.0,2.61,2.61,2.51,159000000.0,2033000000.0,2033000000.0,2033000000.0,,224000000.0,6211000000.0,-18000000.0,22000000.0,1830000000.0,26000000.0,1559000000.0,224000000.0,6009000000.0,253000000.0,39000000.0,3585000000.0,2424000000.0,-232000000.0,2192000000.0,6233000000.0,780900000.0,780400000.0,811700000.0
Celgene Corp,CELG,4SIHMF0MOSTTL8CD0X64,816284,2017.0,Q2TTM,2016-07-01,2017-06-30,,362000000.0,3.38,3.38,3.26,314000000.0,2633000000.0,2633000000.0,2633000000.0,,445000000.0,12201000000.0,-365000000.0,-5000000.0,4618000000.0,64000000.0,2942000000.0,445000000.0,11751000000.0,508000000.0,55000000.0,7986000000.0,3765000000.0,-818000000.0,2947000000.0,12196000000.0,780900000.0,780400000.0,811700000.0
Celgene Corp,CELG,4SIHMF0MOSTTL8CD0X64,816284,2017.0,Q1,2017-01-01,2017-03-31,2018-05-04 16:26:06+00:00,82000000.0,1.2,1.2,1.15,82000000.0,932000000.0,932000000.0,932000000.0,,113000000.0,2952000000.0,13000000.0,10000000.0,995000000.0,39000000.0,620000000.0,113000000.0,2849000000.0,127000000.0,15000000.0,1736000000.0,1113000000.0,-99000000.0,1014000000.0,2962000000.0,776700000.0,779000000.0,811200000.0
Celgene Corp,CELG,4SIHMF0MOSTTL8CD0X64,816284,2017.0,Q1TTM,2016-04-01,2017-03-31,,449000000.0,2.73,2.73,2.73,334000000.0,2130000000.0,2130000000.0,2130000000.0,,445000000.0,11686000000.0,-346000000.0,-7000000.0,4732000000.0,41000000.0,2735000000.0,445000000.0,11234000000.0,505000000.0,38000000.0,7957000000.0,3277000000.0,-813000000.0,2464000000.0,11679000000.0,776700000.0,779000000.0,811200000.0
Celgene Corp,CELG,4SIHMF0MOSTTL8CD0X64,816284,2018.0,Q4,2018-10-01,2018-12-31,,127000000.0,1.52,1.52,1.48,44000000.0,1073000000.0,1073000000.0,1073000000.0,,169000000.0,4052000000.0,-515000000.0,-15000000.0,1138000000.0,-54000000.0,850000000.0,169000000.0,3868000000.0,190000000.0,15000000.0,2061000000.0,1807000000.0,-690000000.0,1117000000.0,4037000000.0,716100000.0,716300000.0,733800000.0
Celgene Corp,CELG,4SIHMF0MOSTTL8CD0X64,816284,2018.0,FY,2018-01-01,2018-12-31,2019-02-25 17:51:55+00:00,468000000.0,5.65,5.65,5.51,786000000.0,4046000000.0,4046000000.0,4046000000.0,,587000000.0,15281000000.0,337000000.0,,5673000000.0,112000000.0,3250000000.0,587000000.0,14694000000.0,741000000.0,45000000.0,9503000000.0,5191000000.0,-359000000.0,4832000000.0,15281000000.0,716100000.0,716300000.0,733800000.0
Celgene Corp,CELG,4SIHMF0MOSTTL8CD0X64,816284,2018.0,Q3,2018-07-01,2018-09-30,2019-10-31 16:03:53+00:00,127000000.0,1.54,1.54,1.5,296000000.0,1082000000.0,1082000000.0,1082000000.0,,157000000.0,3890000000.0,-117000000.0,2000000.0,1081000000.0,101000000.0,746000000.0,157000000.0,3735000000.0,193000000.0,8000000.0,2055000000.0,1680000000.0,-302000000.0,1378000000.0,3892000000.0,702600000.0,702000000.0,719700000.0
Celgene Corp,CELG,4SIHMF0MOSTTL8CD0X64,816284,2018.0,Q3YTD,2018-01-01,2018-09-30,,341000000.0,4.13,4.13,4.03,742000000.0,2973000000.0,2973000000.0,2973000000.0,,418000000.0,11229000000.0,852000000.0,15000000.0,4535000000.0,166000000.0,2400000000.0,418000000.0,10826000000.0,551000000.0,30000000.0,7442000000.0,3384000000.0,331000000.0,3715000000.0,11244000000.0,702600000.0,702000000.0,719700000.0
Celgene Corp,CELG,4SIHMF0MOSTTL8CD0X64,816284,2018.0,Q3TTM,2017-10-01,2018-09-30,,420000000.0,4.03,4.03,3.95,1954000000.0,2892000000.0,2892000000.0,2892000000.0,,537000000.0,14738000000.0,894000000.0,-11000000.0,7273000000.0,-1259000000.0,3174000000.0,537000000.0,14190000000.0,693000000.0,63000000.0,9608000000.0,4582000000.0,264000000.0,4846000000.0,14727000000.0,702600000.0,702000000.0,719700000.0
Celgene Corp,CELG,4SIHMF0MOSTTL8CD0X64,816284,2018.0,Q2,2018-04-01,2018-06-30,2019-07-30 16:10:27+00:00,127000000.0,1.46,1.46,1.43,262000000.0,1045000000.0,1045000000.0,1045000000.0,,126000000.0,3808000000.0,4000000.0,6000000.0,1251000000.0,34000000.0,790000000.0,126000000.0,3688000000.0,192000000.0,9000000.0,2202000000.0,1486000000.0,-179000000.0,1307000000.0,3814000000.0,715800000.0,716100000.0,732600000.0
Celgene Corp,CELG,4SIHMF0MOSTTL8CD0X64,816284,2018.0,Q2YTD,2018-01-01,2018-06-30,,214000000.0,2.59,2.59,2.53,446000000.0,1891000000.0,1891000000.0,1891000000.0,,261000000.0,7339000000.0,969000000.0,13000000.0,3454000000.0,65000000.0,1654000000.0,261000000.0,7091000000.0,358000000.0,22000000.0,5387000000.0,1704000000.0,633000000.0,2337000000.0,7352000000.0,715800000.0,716100000.0,732600000.0
Celgene Corp,CELG,4SIHMF0MOSTTL8CD0X64,816284,2018.0,Q2TTM,2017-07-01,2018-06-30,,373000000.0,3.75,3.75,3.66,1661000000.0,2798000000.0,2798000000.0,2798000000.0,,498000000.0,14131000000.0,1011000000.0,-9000000.0,7539000000.0,-1311000000.0,3036000000.0,498000000.0,13624000000.0,627000000.0,88000000.0,9637000000.0,3987000000.0,472000000.0,4459000000.0,14122000000.0,715800000.0,716100000.0,732600000.0
Celgene Corp,CELG,4SIHMF0MOSTTL8CD0X64,816284,2018.0,Q1,2018-01-01,2018-03-31,2019-04-25 17:09:43+00:00,87000000.0,1.13,1.13,1.1,184000000.0,846000000.0,846000000.0,846000000.0,,135000000.0,3531000000.0,965000000.0,7000000.0,2203000000.0,31000000.0,864000000.0,135000000.0,3403000000.0,166000000.0,13000000.0,3185000000.0,218000000.0,812000000.0,1030000000.0,3538000000.0,748700000.0,748300000.0,768300000.0
Celgene Corp,CELG,4SIHMF0MOSTTL8CD0X64,816284,2018.0,Q1TTM,2017-04-01,2018-03-31,,334000000.0,3.7,3.7,3.59,1476000000.0,2854000000.0,2854000000.0,2854000000.0,,483000000.0,13582000000.0,976000000.0,-3000000.0,7123000000.0,-1358000000.0,3185000000.0,483000000.0,13096000000.0,561000000.0,103000000.0,9284000000.0,3812000000.0,518000000.0,4330000000.0,13579000000.0,748700000.0,748300000.0,768300000.0
Celgene Corp,CELG,4SIHMF0MOSTTL8CD0X64,816284,2019.0,Q3YTD,2019-01-01,2019-09-30,,327000000.0,6.8,6.8,6.62,745000000.0,4807000000.0,4807000000.0,4807000000.0,,458000000.0,12941000000.0,-76000000.0,4000000.0,3483000000.0,245000000.0,2347000000.0,458000000.0,12487000000.0,574000000.0,117000000.0,6402000000.0,6085000000.0,-533000000.0,5552000000.0,12945000000.0,710500000.0,709400000.0,729500000.0
Celgene Corp,CELG,4SIHMF0MOSTTL8CD0X64,816284,2019.0,Q3TTM,2018-10-01,2019-09-30,,454000000.0,8.32,8.32,8.1,789000000.0,5880000000.0,5880000000.0,5880000000.0,,627000000.0,16993000000.0,-591000000.0,-11000000.0,4621000000.0,191000000.0,3197000000.0,627000000.0,16355000000.0,764000000.0,132000000.0,8463000000.0,7892000000.0,-1223000000.0,6669000000.0,16982000000.0,710500000.0,709400000.0,729500000.0
Celgene Corp,CELG,4SIHMF0MOSTTL8CD0X64,816284,2019.0,Q3,2019-07-01,2019-09-30,2019-10-31 16:03:53+00:00,109000000.0,2.38,2.38,2.32,226000000.0,1691000000.0,1691000000.0,1691000000.0,,167000000.0,4518000000.0,-202000000.0,2000000.0,1167000000.0,32000000.0,781000000.0,167000000.0,4353000000.0,190000000.0,45000000.0,2089000000.0,2264000000.0,-347000000.0,1917000000.0,4520000000.0,710500000.0,709400000.0,729500000.0
Celgene Corp,CELG,4SIHMF0MOSTTL8CD0X64,816284,2019.0,Q2YTD,2019-01-01,2019-06-30,,218000000.0,4.42,4.42,4.3,519000000.0,3116000000.0,3116000000.0,3116000000.0,,291000000.0,8423000000.0,126000000.0,2000000.0,2316000000.0,213000000.0,1566000000.0,291000000.0,8134000000.0,384000000.0,72000000.0,4313000000.0,3821000000.0,-186000000.0,3635000000.0,8425000000.0,707700000.0,706700000.0,726700000.0
Celgene Corp,CELG,4SIHMF0MOSTTL8CD0X64,816284,2019.0,Q2TTM,2018-07-01,2019-06-30,,472000000.0,7.48,7.48,7.28,859000000.0,5271000000.0,5271000000.0,5271000000.0,,617000000.0,16365000000.0,-506000000.0,-11000000.0,4535000000.0,260000000.0,3162000000.0,617000000.0,15737000000.0,767000000.0,95000000.0,8429000000.0,7308000000.0,-1178000000.0,6130000000.0,16354000000.0,707700000.0,706700000.0,726700000.0
Celgene Corp,CELG,4SIHMF0MOSTTL8CD0X64,816284,2019.0,Q2,2019-04-01,2019-06-30,2019-07-30 16:10:27+00:00,109000000.0,2.22,2.22,2.16,250000000.0,1571000000.0,1571000000.0,1571000000.0,,151000000.0,4399000000.0,-136000000.0,1000000.0,1100000000.0,136000000.0,793000000.0,151000000.0,4249000000.0,192000000.0,38000000.0,2138000000.0,2111000000.0,-290000000.0,1821000000.0,4400000000.0,707700000.0,706700000.0,726700000.0
Celgene Corp,CELG,4SIHMF0MOSTTL8CD0X64,816284,2019.0,Q1TTM,2018-04-01,2019-03-31,,490000000.0,6.72,6.72,6.55,871000000.0,4745000000.0,4745000000.0,4745000000.0,,592000000.0,15774000000.0,-366000000.0,-6000000.0,4686000000.0,158000000.0,3159000000.0,592000000.0,15176000000.0,767000000.0,66000000.0,8493000000.0,6683000000.0,-1067000000.0,5616000000.0,15768000000.0,702300000.0,702400000.0,720500000.0
Celgene Corp,CELG,4SIHMF0MOSTTL8CD0X64,816284,2019.0,Q1,2019-01-01,2019-03-31,2019-04-25 17:09:43+00:00,109000000.0,2.2,2.2,2.14,269000000.0,1545000000.0,1545000000.0,1545000000.0,,140000000.0,4024000000.0,262000000.0,1000000.0,1216000000.0,77000000.0,773000000.0,140000000.0,3885000000.0,192000000.0,34000000.0,2175000000.0,1710000000.0,104000000.0,1814000000.0,4025000000.0,702300000.0,702400000.0,720500000.0
