company_name,company_ticker,company_lei,company_cik,year,quarter,start_date,end_date,filing_date,basicdilutedeps,basiceps,cashdividendspershare,depreciationexpense,dilutedeps,impairmentexpense,incometaxexpense,netincome,netincomecontinuing,netincomediscontinued,netincometocommon,netincometononcontrollinginterest,operatingcostofrevenue,operatingrevenue,otheradjustmentstoconsolidatednetincome,otherincome,otheroperatingexpenses,otherspecialcharges,sgaexpense,totalcostofrevenue,totalgrossprofit,totalinterestexpense,totalinterestincome,totaloperatingexpenses,totaloperatingincome,totalotherincome,totalpretaxincome,totalrevenue,weightedavebasicdilutedsharesos,weightedavebasicsharesos,weightedavedilutedsharesos
DTE Energy Co,DTE,549300IX8SD6XXD71I78,936340,2007.0,FY,2007-01-01,2007-12-31,2010-02-23 17:23:23+00:00,5.7,5.7,2.12,932000000.0,5.69,,364000000.0,787000000.0,791000000.0,-4000000.0,971000000.0,-184000000.0,6444000000.0,8475000000.0,,58000000.0,357000000.0,-900000000.0,37000000.0,6444000000.0,2031000000.0,533000000.0,25000000.0,426000000.0,1605000000.0,-450000000.0,1155000000.0,8475000000.0,170400000.0,170000000.0,171000000.0
DTE Energy Co,DTE,549300IX8SD6XXD71I78,936340,2008.0,FY,2008-01-01,2008-12-31,2010-02-23 17:23:23+00:00,3.34,3.34,2.12,901000000.0,3.34,,288000000.0,553000000.0,531000000.0,22000000.0,546000000.0,7000000.0,7000000000.0,9329000000.0,,40000000.0,304000000.0,-128000000.0,-11000000.0,7000000000.0,2329000000.0,503000000.0,19000000.0,1066000000.0,1263000000.0,-444000000.0,819000000.0,9329000000.0,163500000.0,163000000.0,163000000.0
DTE Energy Co,DTE,549300IX8SD6XXD71I78,936340,2008.0,Q3,2008-07-01,2008-09-30,2009-10-30 16:33:10+00:00,1.08,1.08,0.53,235000000.0,1.08,,97000000.0,178000000.0,170000000.0,8000000.0,177000000.0,1000000.0,1662000000.0,2338000000.0,,12000000.0,71000000.0,0.0,-5000000.0,1662000000.0,676000000.0,125000000.0,5000000.0,301000000.0,375000000.0,-108000000.0,267000000.0,2338000000.0,163900000.0,163000000.0,163000000.0
DTE Energy Co,DTE,549300IX8SD6XXD71I78,936340,2008.0,Q2,2008-04-01,2008-06-30,2009-08-28 12:45:18+00:00,0.17,0.17,0.53,216000000.0,0.17,,18000000.0,32000000.0,30000000.0,2000000.0,28000000.0,4000000.0,1032000000.0,2251000000.0,,9000000.0,78000000.0,14000000.0,754000000.0,1032000000.0,1219000000.0,122000000.0,4000000.0,1062000000.0,157000000.0,-109000000.0,48000000.0,2251000000.0,164700000.0,163000000.0,163000000.0
DTE Energy Co,DTE,549300IX8SD6XXD71I78,936340,2009.0,FY,2009-01-01,2009-12-31,2011-02-18 17:12:00+00:00,3.24,3.24,2.12,1020000000.0,3.24,,247000000.0,535000000.0,535000000.0,,532000000.0,3000000.0,5490000000.0,8014000000.0,,59000000.0,275000000.0,,-20000000.0,5490000000.0,2524000000.0,545000000.0,19000000.0,1275000000.0,1249000000.0,-467000000.0,782000000.0,8014000000.0,164200000.0,164000000.0,164000000.0
DTE Energy Co,DTE,549300IX8SD6XXD71I78,936340,2009.0,Q4,2009-10-01,2009-12-31,,1.81,1.81,0.53,282000000.0,1.81,,54000000.0,121000000.0,121000000.0,,120000000.0,1000000.0,1478000000.0,2121000000.0,,2000000.0,71000000.0,,-17000000.0,1478000000.0,643000000.0,136000000.0,2000000.0,336000000.0,307000000.0,-132000000.0,175000000.0,2121000000.0,164200000.0,164000000.0,164000000.0
DTE Energy Co,DTE,549300IX8SD6XXD71I78,936340,2009.0,Q3,2009-07-01,2009-09-30,2010-10-29 15:57:25+00:00,0.92,0.92,0.53,266000000.0,0.92,,69000000.0,151000000.0,151000000.0,,151000000.0,,1289000000.0,1950000000.0,,20000000.0,63000000.0,,,1289000000.0,661000000.0,143000000.0,11000000.0,329000000.0,332000000.0,-112000000.0,220000000.0,1950000000.0,164100000.0,165000000.0,165000000.0
DTE Energy Co,DTE,549300IX8SD6XXD71I78,936340,2009.0,Q3YTD,2009-01-01,2009-09-30,,1.43,1.43,1.59,738000000.0,1.43,,193000000.0,414000000.0,414000000.0,,412000000.0,2000000.0,4012000000.0,5893000000.0,,57000000.0,204000000.0,,-3000000.0,4012000000.0,1881000000.0,409000000.0,17000000.0,939000000.0,942000000.0,-335000000.0,607000000.0,5893000000.0,164100000.0,165000000.0,165000000.0
DTE Energy Co,DTE,549300IX8SD6XXD71I78,936340,2009.0,Q2,2009-04-01,2009-06-30,2010-08-27 11:25:05+00:00,0.51,0.51,0.53,240000000.0,0.51,,27000000.0,84000000.0,84000000.0,,83000000.0,1000000.0,1172000000.0,1688000000.0,,27000000.0,61000000.0,,,1172000000.0,516000000.0,134000000.0,3000000.0,301000000.0,215000000.0,-104000000.0,111000000.0,1688000000.0,162700000.0,164000000.0,164000000.0
DTE Energy Co,DTE,549300IX8SD6XXD71I78,936340,2009.0,Q2YTD,2009-01-01,2009-06-30,,0.51,0.51,1.06,472000000.0,0.51,,124000000.0,263000000.0,263000000.0,,261000000.0,2000000.0,2723000000.0,3943000000.0,,37000000.0,141000000.0,,-3000000.0,2723000000.0,1220000000.0,266000000.0,6000000.0,610000000.0,610000000.0,-223000000.0,387000000.0,3943000000.0,162700000.0,164000000.0,164000000.0
DTE Energy Co,DTE,549300IX8SD6XXD71I78,936340,2009.0,Q1,2009-01-01,2009-03-31,2010-04-29 12:11:37+00:00,,,0.53,232000000.0,,,97000000.0,179000000.0,179000000.0,,178000000.0,1000000.0,1551000000.0,2255000000.0,,10000000.0,80000000.0,,-3000000.0,1551000000.0,704000000.0,132000000.0,3000000.0,309000000.0,395000000.0,-119000000.0,276000000.0,2255000000.0,,163000000.0,163000000.0
DTE Energy Co,DTE,549300IX8SD6XXD71I78,936340,2010.0,Q4,2010-10-01,2010-12-31,,2.27,2.27,0.56,237000000.0,2.27,,63000000.0,156000000.0,164000000.0,-8000000.0,152000000.0,4000000.0,1493000000.0,2141000000.0,,-7000000.0,75000000.0,,-20000000.0,1493000000.0,648000000.0,125000000.0,3000000.0,292000000.0,356000000.0,-129000000.0,227000000.0,2141000000.0,168000000.0,168000000.0,169000000.0
DTE Energy Co,DTE,549300IX8SD6XXD71I78,936340,2010.0,FY,2010-01-01,2010-12-31,2013-02-20 17:30:10+00:00,3.75,3.75,2.18,1012000000.0,3.74,,315000000.0,639000000.0,647000000.0,-8000000.0,630000000.0,9000000.0,5757000000.0,8525000000.0,,23000000.0,306000000.0,,-20000000.0,5757000000.0,2768000000.0,543000000.0,12000000.0,1298000000.0,1470000000.0,-508000000.0,962000000.0,8525000000.0,168000000.0,168000000.0,169000000.0
DTE Energy Co,DTE,549300IX8SD6XXD71I78,936340,2010.0,Q3,2010-07-01,2010-09-30,2010-10-29 15:57:25+00:00,0.97,0.97,0.56,271000000.0,0.96,,92000000.0,166000000.0,166000000.0,,163000000.0,3000000.0,1412000000.0,2139000000.0,,11000000.0,69000000.0,,1000000.0,1412000000.0,727000000.0,142000000.0,3000000.0,341000000.0,386000000.0,-128000000.0,258000000.0,2139000000.0,168000000.0,169000000.0,170000000.0
DTE Energy Co,DTE,549300IX8SD6XXD71I78,936340,2010.0,Q3YTD,2010-01-01,2010-09-30,,1.48,1.48,1.62,775000000.0,1.47,,252000000.0,483000000.0,483000000.0,,478000000.0,5000000.0,4264000000.0,6384000000.0,,30000000.0,231000000.0,,,4264000000.0,2120000000.0,418000000.0,9000000.0,1006000000.0,1114000000.0,-379000000.0,735000000.0,6384000000.0,168000000.0,169000000.0,170000000.0
DTE Energy Co,DTE,549300IX8SD6XXD71I78,936340,2010.0,Q3TTM,2009-10-01,2010-09-30,,3.29,3.29,2.15,1057000000.0,3.28,,306000000.0,604000000.0,604000000.0,,598000000.0,6000000.0,5742000000.0,8505000000.0,,32000000.0,302000000.0,,-17000000.0,5742000000.0,2763000000.0,554000000.0,11000000.0,1342000000.0,1421000000.0,-511000000.0,910000000.0,8505000000.0,168000000.0,169000000.0,170000000.0
DTE Energy Co,DTE,549300IX8SD6XXD71I78,936340,2010.0,Q2,2010-04-01,2010-06-30,2010-08-27 11:25:05+00:00,0.51,0.51,0.53,253000000.0,0.51,,44000000.0,87000000.0,87000000.0,,86000000.0,1000000.0,1205000000.0,1792000000.0,,8000000.0,80000000.0,,-2000000.0,1205000000.0,587000000.0,136000000.0,3000000.0,331000000.0,256000000.0,-125000000.0,131000000.0,1792000000.0,168600000.0,169000000.0,169000000.0
DTE Energy Co,DTE,549300IX8SD6XXD71I78,936340,2010.0,Q2YTD,2010-01-01,2010-06-30,,0.51,0.51,1.06,504000000.0,0.51,,160000000.0,317000000.0,317000000.0,,315000000.0,2000000.0,2852000000.0,4245000000.0,,19000000.0,162000000.0,,-1000000.0,2852000000.0,1393000000.0,276000000.0,6000000.0,665000000.0,728000000.0,-251000000.0,477000000.0,4245000000.0,168600000.0,169000000.0,169000000.0
DTE Energy Co,DTE,549300IX8SD6XXD71I78,936340,2010.0,Q2TTM,2009-07-01,2010-06-30,,3.24,3.24,2.12,1052000000.0,3.24,,283000000.0,589000000.0,589000000.0,,586000000.0,3000000.0,5619000000.0,8316000000.0,,41000000.0,296000000.0,,-18000000.0,5619000000.0,2697000000.0,555000000.0,19000000.0,1330000000.0,1367000000.0,-495000000.0,872000000.0,8316000000.0,168600000.0,169000000.0,169000000.0
DTE Energy Co,DTE,549300IX8SD6XXD71I78,936340,2010.0,Q1,2010-01-01,2010-03-31,2010-04-29 12:11:37+00:00,,,0.53,251000000.0,,,116000000.0,230000000.0,230000000.0,,229000000.0,1000000.0,1647000000.0,2453000000.0,,11000000.0,82000000.0,,1000000.0,1647000000.0,806000000.0,140000000.0,3000000.0,334000000.0,472000000.0,-126000000.0,346000000.0,2453000000.0,,166000000.0,166000000.0
DTE Energy Co,DTE,549300IX8SD6XXD71I78,936340,2010.0,Q1TTM,2009-04-01,2010-03-31,,3.24,3.24,2.12,1039000000.0,3.24,,266000000.0,586000000.0,586000000.0,,583000000.0,3000000.0,5586000000.0,8212000000.0,,60000000.0,277000000.0,,-16000000.0,5586000000.0,2626000000.0,553000000.0,19000000.0,1300000000.0,1326000000.0,-474000000.0,852000000.0,8212000000.0,,166000000.0,166000000.0
DTE Energy Co,DTE,549300IX8SD6XXD71I78,936340,2011.0,Q4,2011-10-01,2011-12-31,,0.88,0.88,0.58,225000000.0,0.88,,88000000.0,157000000.0,160000000.0,-3000000.0,150000000.0,7000000.0,1493000000.0,2134000000.0,,20000000.0,71000000.0,,1000000.0,1493000000.0,641000000.0,118000000.0,2000000.0,297000000.0,344000000.0,-96000000.0,248000000.0,2134000000.0,169700000.0,169000000.0,170000000.0
DTE Energy Co,DTE,549300IX8SD6XXD71I78,936340,2011.0,FY,2011-01-01,2011-12-31,2014-02-14 15:54:03+00:00,4.19,4.19,2.32,977000000.0,4.18,,268000000.0,720000000.0,723000000.0,-3000000.0,711000000.0,9000000.0,6149000000.0,8858000000.0,,48000000.0,310000000.0,,1000000.0,6149000000.0,2709000000.0,488000000.0,10000000.0,1288000000.0,1421000000.0,-430000000.0,991000000.0,8858000000.0,169700000.0,169000000.0,170000000.0
DTE Energy Co,DTE,549300IX8SD6XXD71I78,936340,2011.0,Q3,2011-07-01,2011-09-30,2011-11-04 15:30:26+00:00,1.08,1.08,0.59,259000000.0,1.07,,101000000.0,185000000.0,185000000.0,,183000000.0,2000000.0,1536000000.0,2265000000.0,,4000000.0,79000000.0,,-8000000.0,1536000000.0,729000000.0,120000000.0,3000000.0,330000000.0,399000000.0,-113000000.0,286000000.0,2265000000.0,169400000.0,169000000.0,170000000.0
DTE Energy Co,DTE,549300IX8SD6XXD71I78,936340,2011.0,Q3YTD,2011-01-01,2011-09-30,,3.31,3.31,1.74,752000000.0,3.3,,180000000.0,563000000.0,563000000.0,,561000000.0,2000000.0,4656000000.0,6724000000.0,,28000000.0,239000000.0,,,4656000000.0,2068000000.0,370000000.0,8000000.0,991000000.0,1077000000.0,-334000000.0,743000000.0,6724000000.0,169400000.0,169000000.0,170000000.0
DTE Energy Co,DTE,549300IX8SD6XXD71I78,936340,2011.0,Q3TTM,2010-10-01,2011-09-30,,5.58,5.58,2.3,989000000.0,5.57,,243000000.0,719000000.0,727000000.0,-8000000.0,713000000.0,6000000.0,6149000000.0,8865000000.0,,21000000.0,314000000.0,,-20000000.0,6149000000.0,2716000000.0,495000000.0,11000000.0,1283000000.0,1433000000.0,-463000000.0,970000000.0,8865000000.0,169400000.0,169000000.0,170000000.0
DTE Energy Co,DTE,549300IX8SD6XXD71I78,936340,2011.0,Q2,2011-04-01,2011-06-30,2011-07-29 09:41:52+00:00,1.19,1.19,0.59,248000000.0,1.19,,-24000000.0,200000000.0,200000000.0,,202000000.0,-2000000.0,1418000000.0,2028000000.0,,10000000.0,77000000.0,,-3000000.0,1418000000.0,610000000.0,124000000.0,2000000.0,322000000.0,288000000.0,-112000000.0,176000000.0,2028000000.0,169700000.0,169000000.0,170000000.0
DTE Energy Co,DTE,549300IX8SD6XXD71I78,936340,2011.0,Q2YTD,2011-01-01,2011-06-30,,2.23,2.23,1.15,493000000.0,2.23,,79000000.0,378000000.0,378000000.0,,378000000.0,,3120000000.0,4459000000.0,,24000000.0,160000000.0,,8000000.0,3120000000.0,1339000000.0,250000000.0,5000000.0,661000000.0,678000000.0,-221000000.0,457000000.0,4459000000.0,169700000.0,169000000.0,170000000.0
DTE Energy Co,DTE,549300IX8SD6XXD71I78,936340,2011.0,Q2TTM,2010-07-01,2011-06-30,,5.47,5.47,2.27,1001000000.0,5.46,,234000000.0,700000000.0,708000000.0,-8000000.0,693000000.0,7000000.0,6025000000.0,8739000000.0,,28000000.0,304000000.0,,-11000000.0,6025000000.0,2714000000.0,517000000.0,11000000.0,1294000000.0,1420000000.0,-478000000.0,942000000.0,8739000000.0,169700000.0,169000000.0,170000000.0
DTE Energy Co,DTE,549300IX8SD6XXD71I78,936340,2011.0,Q1,2011-01-01,2011-03-31,2011-04-27 17:22:46+00:00,1.04,1.04,0.56,245000000.0,1.04,,103000000.0,178000000.0,178000000.0,,176000000.0,2000000.0,1702000000.0,2431000000.0,,14000000.0,83000000.0,,11000000.0,1702000000.0,729000000.0,126000000.0,3000000.0,339000000.0,390000000.0,-109000000.0,281000000.0,2431000000.0,169200000.0,169000000.0,170000000.0
DTE Energy Co,DTE,549300IX8SD6XXD71I78,936340,2011.0,Q1TTM,2010-04-01,2011-03-31,,4.79,4.79,2.21,1006000000.0,4.78,,302000000.0,587000000.0,595000000.0,-8000000.0,577000000.0,10000000.0,5812000000.0,8503000000.0,,26000000.0,307000000.0,,-10000000.0,5812000000.0,2691000000.0,529000000.0,12000000.0,1303000000.0,1388000000.0,-491000000.0,897000000.0,8503000000.0,169200000.0,169000000.0,170000000.0
DTE Energy Co,DTE,549300IX8SD6XXD71I78,936340,2012.0,Q4,2012-10-01,2012-12-31,,0.47,0.47,0.62,248000000.0,0.47,,35000000.0,83000000.0,139000000.0,-56000000.0,81000000.0,2000000.0,1715000000.0,2311000000.0,,14000000.0,78000000.0,,7000000.0,1715000000.0,596000000.0,106000000.0,3000000.0,333000000.0,263000000.0,-89000000.0,174000000.0,2311000000.0,171300000.0,171000000.0,172000000.0
DTE Energy Co,DTE,549300IX8SD6XXD71I78,936340,2012.0,FY,2012-01-01,2012-12-31,2015-02-13 15:27:38+00:00,3.56,3.56,2.42,995000000.0,3.55,,286000000.0,618000000.0,674000000.0,-56000000.0,610000000.0,8000000.0,6188000000.0,8791000000.0,,111000000.0,332000000.0,,-3000000.0,6188000000.0,2603000000.0,440000000.0,10000000.0,1324000000.0,1279000000.0,-319000000.0,960000000.0,8791000000.0,171300000.0,171000000.0,172000000.0
DTE Energy Co,DTE,549300IX8SD6XXD71I78,936340,2012.0,Q3,2012-07-01,2012-09-30,2012-10-24 15:08:27+00:00,1.32,1.32,0.62,265000000.0,1.31,,108000000.0,230000000.0,230000000.0,,227000000.0,3000000.0,1453000000.0,2206000000.0,,38000000.0,80000000.0,,-2000000.0,1453000000.0,753000000.0,112000000.0,2000000.0,343000000.0,410000000.0,-72000000.0,338000000.0,2206000000.0,172000000.0,172000000.0,172000000.0
DTE Energy Co,DTE,549300IX8SD6XXD71I78,936340,2012.0,Q3YTD,2012-01-01,2012-09-30,,3.09,3.09,1.8,747000000.0,3.08,,251000000.0,535000000.0,535000000.0,,529000000.0,6000000.0,4473000000.0,6480000000.0,,97000000.0,254000000.0,,-10000000.0,4473000000.0,2007000000.0,334000000.0,7000000.0,991000000.0,1016000000.0,-230000000.0,786000000.0,6480000000.0,172000000.0,172000000.0,172000000.0
DTE Energy Co,DTE,549300IX8SD6XXD71I78,936340,2012.0,Q3TTM,2011-10-01,2012-09-30,,3.97,3.97,2.38,972000000.0,3.96,,339000000.0,692000000.0,695000000.0,-3000000.0,679000000.0,13000000.0,5966000000.0,8614000000.0,,117000000.0,325000000.0,,-9000000.0,5966000000.0,2648000000.0,452000000.0,9000000.0,1288000000.0,1360000000.0,-326000000.0,1034000000.0,8614000000.0,172000000.0,172000000.0,172000000.0
DTE Energy Co,DTE,549300IX8SD6XXD71I78,936340,2012.0,Q2,2012-04-01,2012-06-30,2012-07-27 18:52:06+00:00,0.86,0.86,0.59,250000000.0,0.86,,70000000.0,147000000.0,147000000.0,,146000000.0,1000000.0,1405000000.0,2025000000.0,,29000000.0,79000000.0,,-3000000.0,1405000000.0,620000000.0,109000000.0,3000000.0,326000000.0,294000000.0,-77000000.0,217000000.0,2025000000.0,169800000.0,170000000.0,171000000.0
DTE Energy Co,DTE,549300IX8SD6XXD71I78,936340,2012.0,Q2YTD,2012-01-01,2012-06-30,,1.77,1.77,1.18,482000000.0,1.77,,143000000.0,305000000.0,305000000.0,,302000000.0,3000000.0,3020000000.0,4274000000.0,,59000000.0,174000000.0,,-8000000.0,3020000000.0,1254000000.0,222000000.0,5000000.0,648000000.0,606000000.0,-158000000.0,448000000.0,4274000000.0,169800000.0,170000000.0,171000000.0
DTE Energy Co,DTE,549300IX8SD6XXD71I78,936340,2012.0,Q2TTM,2011-07-01,2012-06-30,,3.73,3.73,2.35,966000000.0,3.72,,332000000.0,647000000.0,650000000.0,-3000000.0,635000000.0,12000000.0,6049000000.0,8673000000.0,,83000000.0,324000000.0,,-15000000.0,6049000000.0,2624000000.0,460000000.0,10000000.0,1275000000.0,1349000000.0,-367000000.0,982000000.0,8673000000.0,169800000.0,170000000.0,171000000.0
DTE Energy Co,DTE,549300IX8SD6XXD71I78,936340,2012.0,Q1,2012-01-01,2012-03-31,2012-04-27 17:15:18+00:00,0.91,0.91,0.59,232000000.0,0.91,,73000000.0,158000000.0,158000000.0,,156000000.0,2000000.0,1615000000.0,2249000000.0,,30000000.0,95000000.0,,-5000000.0,1615000000.0,634000000.0,113000000.0,2000000.0,322000000.0,312000000.0,-81000000.0,231000000.0,2249000000.0,171400000.0,170000000.0,170000000.0
DTE Energy Co,DTE,549300IX8SD6XXD71I78,936340,2012.0,Q1TTM,2011-04-01,2012-03-31,,4.06,4.06,2.35,964000000.0,4.05,,238000000.0,700000000.0,703000000.0,-3000000.0,691000000.0,9000000.0,6062000000.0,8676000000.0,,64000000.0,322000000.0,,-15000000.0,6062000000.0,2614000000.0,475000000.0,9000000.0,1271000000.0,1343000000.0,-402000000.0,941000000.0,8676000000.0,171400000.0,170000000.0,170000000.0
DTE Energy Co,DTE,549300IX8SD6XXD71I78,936340,2013.0,Q4,2013-10-01,2013-12-31,,0.68,0.68,0.65,283000000.0,0.69,,29000000.0,126000000.0,126000000.0,,124000000.0,2000000.0,1934000000.0,2533000000.0,,21000000.0,78000000.0,,-3000000.0,1934000000.0,599000000.0,109000000.0,2000000.0,358000000.0,241000000.0,-86000000.0,155000000.0,2533000000.0,175000000.0,175000000.0,175000000.0
DTE Energy Co,DTE,549300IX8SD6XXD71I78,936340,2013.0,FY,2013-01-01,2013-12-31,2015-02-13 15:27:38+00:00,3.76,3.76,2.59,1094000000.0,3.76,,254000000.0,668000000.0,668000000.0,0.0,661000000.0,7000000.0,7033000000.0,9661000000.0,,146000000.0,340000000.0,,-9000000.0,7033000000.0,2628000000.0,436000000.0,9000000.0,1425000000.0,1203000000.0,-281000000.0,922000000.0,9661000000.0,175000000.0,175000000.0,175000000.0
DTE Energy Co,DTE,549300IX8SD6XXD71I78,936340,2013.0,Q3,2013-07-01,2013-09-30,2014-10-24 11:05:21+00:00,1.13,1.13,0.66,284000000.0,1.13,,76000000.0,200000000.0,200000000.0,,198000000.0,2000000.0,1695000000.0,2387000000.0,,51000000.0,84000000.0,,-5000000.0,1695000000.0,692000000.0,106000000.0,2000000.0,363000000.0,329000000.0,-53000000.0,276000000.0,2387000000.0,175200000.0,175000000.0,176000000.0
DTE Energy Co,DTE,549300IX8SD6XXD71I78,936340,2013.0,Q3YTD,2013-01-01,2013-09-30,,3.08,3.08,1.94,811000000.0,3.07,,225000000.0,542000000.0,542000000.0,,537000000.0,5000000.0,5099000000.0,7128000000.0,,125000000.0,262000000.0,,-6000000.0,5099000000.0,2029000000.0,327000000.0,7000000.0,1067000000.0,962000000.0,-195000000.0,767000000.0,7128000000.0,175200000.0,175000000.0,176000000.0
DTE Energy Co,DTE,549300IX8SD6XXD71I78,936340,2013.0,Q3TTM,2012-10-01,2013-09-30,,3.55,3.55,2.56,1059000000.0,3.54,,260000000.0,625000000.0,681000000.0,-56000000.0,618000000.0,7000000.0,6814000000.0,9439000000.0,,139000000.0,340000000.0,,1000000.0,6814000000.0,2625000000.0,433000000.0,10000000.0,1400000000.0,1225000000.0,-284000000.0,941000000.0,9439000000.0,175200000.0,175000000.0,176000000.0
DTE Energy Co,DTE,549300IX8SD6XXD71I78,936340,2013.0,Q2,2013-04-01,2013-06-30,2014-07-25 10:58:54+00:00,0.6,0.6,0.66,268000000.0,0.6,,44000000.0,107000000.0,107000000.0,,105000000.0,2000000.0,1645000000.0,2225000000.0,,37000000.0,84000000.0,,5000000.0,1645000000.0,580000000.0,112000000.0,3000000.0,357000000.0,223000000.0,-72000000.0,151000000.0,2225000000.0,175000000.0,174000000.0,175000000.0
DTE Energy Co,DTE,549300IX8SD6XXD71I78,936340,2013.0,Q2YTD,2013-01-01,2013-06-30,,1.95,1.95,1.28,527000000.0,1.94,,149000000.0,342000000.0,342000000.0,,339000000.0,3000000.0,3404000000.0,4741000000.0,,74000000.0,178000000.0,,-1000000.0,3404000000.0,1337000000.0,221000000.0,5000000.0,704000000.0,633000000.0,-142000000.0,491000000.0,4741000000.0,175000000.0,174000000.0,175000000.0
DTE Energy Co,DTE,549300IX8SD6XXD71I78,936340,2013.0,Q2TTM,2012-07-01,2013-06-30,,3.74,3.74,2.52,1040000000.0,3.72,,292000000.0,655000000.0,711000000.0,-56000000.0,647000000.0,8000000.0,6572000000.0,9258000000.0,,126000000.0,336000000.0,,4000000.0,6572000000.0,2686000000.0,439000000.0,10000000.0,1380000000.0,1306000000.0,-303000000.0,1003000000.0,9258000000.0,175000000.0,174000000.0,175000000.0
DTE Energy Co,DTE,549300IX8SD6XXD71I78,936340,2013.0,Q1,2013-01-01,2013-03-31,2013-04-26 13:01:18+00:00,1.35,1.35,0.62,259000000.0,1.34,,105000000.0,235000000.0,235000000.0,,234000000.0,1000000.0,1759000000.0,2516000000.0,,37000000.0,94000000.0,,-6000000.0,1759000000.0,757000000.0,109000000.0,2000000.0,347000000.0,410000000.0,-70000000.0,340000000.0,2516000000.0,173300000.0,173000000.0,173000000.0
DTE Energy Co,DTE,549300IX8SD6XXD71I78,936340,2013.0,Q1TTM,2012-04-01,2013-03-31,,4.0,4.0,2.45,1022000000.0,3.98,,318000000.0,695000000.0,751000000.0,-56000000.0,688000000.0,7000000.0,6332000000.0,9058000000.0,,118000000.0,331000000.0,,-4000000.0,6332000000.0,2726000000.0,436000000.0,10000000.0,1349000000.0,1377000000.0,-308000000.0,1069000000.0,9058000000.0,173300000.0,173000000.0,173000000.0
DTE Energy Co,DTE,549300IX8SD6XXD71I78,936340,2014.0,FY,2014-01-01,2014-12-31,2017-02-09 14:04:11+00:00,5.11,5.11,2.69,1145000000.0,5.1,-12000000.0,364000000.0,911000000.0,911000000.0,,905000000.0,6000000.0,9226000000.0,12301000000.0,,104000000.0,352000000.0,,,9226000000.0,3075000000.0,429000000.0,10000000.0,1485000000.0,1590000000.0,-315000000.0,1275000000.0,12301000000.0,177000000.0,177000000.0,177000000.0
DTE Energy Co,DTE,549300IX8SD6XXD71I78,936340,2014.0,Q4,2014-10-01,2014-12-31,,1.69,1.69,0.68,290000000.0,1.68,-3000000.0,135000000.0,301000000.0,301000000.0,,299000000.0,2000000.0,2164000000.0,3078000000.0,,-3000000.0,84000000.0,,1000000.0,2164000000.0,914000000.0,106000000.0,3000000.0,372000000.0,542000000.0,-106000000.0,436000000.0,3078000000.0,177000000.0,177000000.0,177000000.0
DTE Energy Co,DTE,549300IX8SD6XXD71I78,936340,2014.0,Q3,2014-07-01,2014-09-30,2015-10-23 10:36:34+00:00,0.88,0.88,0.69,293000000.0,0.88,-2000000.0,21000000.0,157000000.0,157000000.0,,156000000.0,1000000.0,1979000000.0,2595000000.0,,44000000.0,86000000.0,,,1979000000.0,616000000.0,107000000.0,2000000.0,377000000.0,239000000.0,-61000000.0,178000000.0,2595000000.0,177300000.0,177000000.0,177000000.0
DTE Energy Co,DTE,549300IX8SD6XXD71I78,936340,2014.0,Q3YTD,2014-01-01,2014-09-30,,3.42,3.42,2.01,855000000.0,3.42,-9000000.0,229000000.0,610000000.0,610000000.0,,606000000.0,4000000.0,7062000000.0,9223000000.0,,107000000.0,268000000.0,,-1000000.0,7062000000.0,2161000000.0,323000000.0,7000000.0,1113000000.0,1048000000.0,-209000000.0,839000000.0,9223000000.0,177300000.0,177000000.0,177000000.0
DTE Energy Co,DTE,549300IX8SD6XXD71I78,936340,2014.0,Q3TTM,2013-10-01,2014-09-30,,4.1,4.1,2.66,1138000000.0,4.11,-9000000.0,258000000.0,736000000.0,736000000.0,,730000000.0,6000000.0,8996000000.0,11756000000.0,,128000000.0,346000000.0,,-4000000.0,8996000000.0,2760000000.0,432000000.0,9000000.0,1471000000.0,1289000000.0,-295000000.0,994000000.0,11756000000.0,177300000.0,177000000.0,177000000.0
DTE Energy Co,DTE,549300IX8SD6XXD71I78,936340,2014.0,Q2YTD,2014-01-01,2014-06-30,,2.54,2.54,1.32,562000000.0,2.54,-7000000.0,208000000.0,453000000.0,453000000.0,,450000000.0,3000000.0,5083000000.0,6628000000.0,,63000000.0,182000000.0,,-1000000.0,5083000000.0,1545000000.0,216000000.0,5000000.0,736000000.0,809000000.0,-148000000.0,661000000.0,6628000000.0,177100000.0,177000000.0,177000000.0
DTE Energy Co,DTE,549300IX8SD6XXD71I78,936340,2014.0,Q2TTM,2013-07-01,2014-06-30,,4.35,4.35,2.63,1129000000.0,4.36,-7000000.0,313000000.0,779000000.0,779000000.0,,772000000.0,7000000.0,8712000000.0,11548000000.0,,135000000.0,344000000.0,,-9000000.0,8712000000.0,2836000000.0,431000000.0,9000000.0,1457000000.0,1379000000.0,-287000000.0,1092000000.0,11548000000.0,177100000.0,177000000.0,177000000.0
DTE Energy Co,DTE,549300IX8SD6XXD71I78,936340,2014.0,Q2,2014-04-01,2014-06-30,2015-07-24 10:45:13+00:00,0.7,0.7,0.66,282000000.0,0.7,-7000000.0,50000000.0,126000000.0,126000000.0,,124000000.0,2000000.0,2087000000.0,2698000000.0,,30000000.0,87000000.0,,,2087000000.0,611000000.0,106000000.0,3000000.0,362000000.0,249000000.0,-73000000.0,176000000.0,2698000000.0,177100000.0,177000000.0,177000000.0
DTE Energy Co,DTE,549300IX8SD6XXD71I78,936340,2014.0,Q1,2014-01-01,2014-03-31,2014-04-25 11:14:20+00:00,1.84,1.84,0.66,280000000.0,1.84,,158000000.0,327000000.0,327000000.0,,326000000.0,1000000.0,2996000000.0,3930000000.0,,33000000.0,95000000.0,,-1000000.0,2996000000.0,934000000.0,110000000.0,2000000.0,374000000.0,560000000.0,-75000000.0,485000000.0,3930000000.0,177200000.0,177000000.0,177000000.0
DTE Energy Co,DTE,549300IX8SD6XXD71I78,936340,2014.0,Q1TTM,2013-04-01,2014-03-31,,4.25,4.25,2.63,1115000000.0,4.26,,307000000.0,760000000.0,760000000.0,,753000000.0,7000000.0,8270000000.0,11075000000.0,,142000000.0,341000000.0,,-4000000.0,8270000000.0,2805000000.0,437000000.0,9000000.0,1452000000.0,1353000000.0,-286000000.0,1067000000.0,11075000000.0,177200000.0,177000000.0,177000000.0
DTE Energy Co,DTE,549300IX8SD6XXD71I78,936340,2015.0,FY,2015-01-01,2015-12-31,2018-02-16 11:02:58+00:00,4.05,4.05,2.84,852000000.0,4.05,106000000.0,230000000.0,720000000.0,720000000.0,,727000000.0,-7000000.0,7776000000.0,10337000000.0,,148000000.0,364000000.0,,,7776000000.0,2561000000.0,450000000.0,13000000.0,1322000000.0,1239000000.0,-289000000.0,950000000.0,10337000000.0,179500000.0,179000000.0,179000000.0
DTE Energy Co,DTE,549300IX8SD6XXD71I78,936340,2015.0,Q4,2015-10-01,2015-12-31,,0.44,0.44,0.73,227000000.0,0.44,97000000.0,-20000000.0,77000000.0,77000000.0,,80000000.0,-3000000.0,1947000000.0,2487000000.0,,29000000.0,82000000.0,,,1947000000.0,540000000.0,109000000.0,3000000.0,406000000.0,134000000.0,-77000000.0,57000000.0,2487000000.0,179500000.0,179000000.0,179000000.0
DTE Energy Co,DTE,549300IX8SD6XXD71I78,936340,2015.0,Q3,2015-07-01,2015-09-30,2016-10-26 10:47:59+00:00,1.47,1.47,0.73,196000000.0,1.47,1000000.0,102000000.0,264000000.0,264000000.0,,265000000.0,-1000000.0,1870000000.0,2598000000.0,,38000000.0,91000000.0,,,1870000000.0,728000000.0,116000000.0,4000000.0,288000000.0,440000000.0,-74000000.0,366000000.0,2598000000.0,180000000.0,179000000.0,180000000.0
DTE Energy Co,DTE,549300IX8SD6XXD71I78,936340,2015.0,Q3YTD,2015-01-01,2015-09-30,,3.61,3.61,2.11,625000000.0,3.61,9000000.0,250000000.0,643000000.0,643000000.0,,647000000.0,-4000000.0,5829000000.0,7850000000.0,,119000000.0,282000000.0,,,5829000000.0,2021000000.0,341000000.0,10000000.0,916000000.0,1105000000.0,-212000000.0,893000000.0,7850000000.0,180000000.0,179000000.0,180000000.0
DTE Energy Co,DTE,549300IX8SD6XXD71I78,936340,2015.0,Q3TTM,2014-10-01,2015-09-30,,5.3,5.3,2.79,915000000.0,5.29,6000000.0,385000000.0,944000000.0,944000000.0,,946000000.0,-2000000.0,7993000000.0,10928000000.0,,116000000.0,366000000.0,,1000000.0,7993000000.0,2935000000.0,447000000.0,13000000.0,1288000000.0,1647000000.0,-318000000.0,1329000000.0,10928000000.0,180000000.0,179000000.0,180000000.0
DTE Energy Co,DTE,549300IX8SD6XXD71I78,936340,2015.0,Q2,2015-04-01,2015-06-30,2016-07-26 10:26:45+00:00,0.61,0.61,0.69,220000000.0,0.61,18000000.0,26000000.0,105000000.0,105000000.0,,109000000.0,-4000000.0,1735000000.0,2268000000.0,,40000000.0,91000000.0,,,1735000000.0,533000000.0,115000000.0,2000000.0,329000000.0,204000000.0,-73000000.0,131000000.0,2268000000.0,178700000.0,179000000.0,179000000.0
DTE Energy Co,DTE,549300IX8SD6XXD71I78,936340,2015.0,Q2YTD,2015-01-01,2015-06-30,,2.14,2.14,1.38,429000000.0,2.14,8000000.0,148000000.0,379000000.0,379000000.0,,382000000.0,-3000000.0,3959000000.0,5252000000.0,,81000000.0,191000000.0,,,3959000000.0,1293000000.0,225000000.0,6000000.0,628000000.0,665000000.0,-138000000.0,527000000.0,5252000000.0,178700000.0,179000000.0,179000000.0
DTE Energy Co,DTE,549300IX8SD6XXD71I78,936340,2015.0,Q2TTM,2014-07-01,2015-06-30,,4.71,4.71,2.75,1012000000.0,4.7,3000000.0,304000000.0,837000000.0,837000000.0,,837000000.0,,8102000000.0,10925000000.0,,122000000.0,361000000.0,,1000000.0,8102000000.0,2823000000.0,438000000.0,11000000.0,1377000000.0,1446000000.0,-305000000.0,1141000000.0,10925000000.0,178700000.0,179000000.0,179000000.0
DTE Energy Co,DTE,549300IX8SD6XXD71I78,936340,2015.0,Q1,2015-01-01,2015-03-31,2016-04-26 11:41:32+00:00,1.53,1.53,0.69,209000000.0,1.53,-10000000.0,122000000.0,274000000.0,274000000.0,,273000000.0,1000000.0,2224000000.0,2984000000.0,,41000000.0,100000000.0,,,2224000000.0,760000000.0,110000000.0,4000000.0,299000000.0,461000000.0,-65000000.0,396000000.0,2984000000.0,178400000.0,178000000.0,178000000.0
DTE Energy Co,DTE,549300IX8SD6XXD71I78,936340,2015.0,Q1TTM,2014-04-01,2015-03-31,,4.8,4.8,2.72,1074000000.0,4.79,-22000000.0,328000000.0,858000000.0,858000000.0,,852000000.0,6000000.0,8454000000.0,11355000000.0,,112000000.0,357000000.0,,1000000.0,8454000000.0,2901000000.0,429000000.0,12000000.0,1410000000.0,1491000000.0,-305000000.0,1186000000.0,11355000000.0,178400000.0,178000000.0,178000000.0
DTE Energy Co,DTE,549300IX8SD6XXD71I78,936340,2016.0,FY,2016-01-01,2016-12-31,2019-02-07 12:52:11+00:00,4.84,4.84,3.06,976000000.0,4.83,7000000.0,271000000.0,834000000.0,834000000.0,,868000000.0,-34000000.0,7791000000.0,10630000000.0,,71000000.0,370000000.0,,,7791000000.0,2839000000.0,472000000.0,20000000.0,1353000000.0,1486000000.0,-381000000.0,1105000000.0,10630000000.0,179300000.0,179000000.0,179000000.0
DTE Energy Co,DTE,549300IX8SD6XXD71I78,936340,2016.0,Q4,2016-10-01,2016-12-31,,0.74,0.74,0.83,274000000.0,0.74,8000000.0,28000000.0,124000000.0,124000000.0,,131000000.0,-7000000.0,2162000000.0,2874000000.0,,-62000000.0,88000000.0,,,2162000000.0,712000000.0,131000000.0,3000000.0,370000000.0,342000000.0,-190000000.0,152000000.0,2874000000.0,179300000.0,179000000.0,179000000.0
DTE Energy Co,DTE,549300IX8SD6XXD71I78,936340,2016.0,Q3,2016-07-01,2016-09-30,2017-10-25 10:37:28+00:00,1.88,1.88,0.77,230000000.0,1.88,0.0,110000000.0,325000000.0,325000000.0,,338000000.0,-13000000.0,2099000000.0,2928000000.0,,39000000.0,92000000.0,,,2099000000.0,829000000.0,114000000.0,3000000.0,322000000.0,507000000.0,-72000000.0,435000000.0,2928000000.0,179800000.0,179000000.0,180000000.0
DTE Energy Co,DTE,549300IX8SD6XXD71I78,936340,2016.0,Q3YTD,2016-01-01,2016-09-30,,4.1,4.1,2.23,702000000.0,4.09,-1000000.0,243000000.0,710000000.0,710000000.0,,737000000.0,-27000000.0,5629000000.0,7756000000.0,,133000000.0,282000000.0,,,5629000000.0,2127000000.0,341000000.0,17000000.0,983000000.0,1144000000.0,-191000000.0,953000000.0,7756000000.0,179800000.0,179000000.0,180000000.0
DTE Energy Co,DTE,549300IX8SD6XXD71I78,936340,2016.0,Q3TTM,2015-10-01,2016-09-30,,4.54,4.54,2.96,929000000.0,4.53,96000000.0,223000000.0,787000000.0,787000000.0,,817000000.0,-30000000.0,7576000000.0,10243000000.0,,162000000.0,364000000.0,,,7576000000.0,2667000000.0,450000000.0,20000000.0,1389000000.0,1278000000.0,-268000000.0,1010000000.0,10243000000.0,179800000.0,179000000.0,180000000.0
DTE Energy Co,DTE,549300IX8SD6XXD71I78,936340,2016.0,Q2,2016-04-01,2016-06-30,2017-07-26 11:24:17+00:00,0.84,0.84,0.73,243000000.0,0.84,-1000000.0,50000000.0,145000000.0,145000000.0,,152000000.0,-7000000.0,1673000000.0,2262000000.0,,50000000.0,91000000.0,,,1673000000.0,589000000.0,114000000.0,3000000.0,333000000.0,256000000.0,-61000000.0,195000000.0,2262000000.0,181000000.0,179000000.0,180000000.0
DTE Energy Co,DTE,549300IX8SD6XXD71I78,936340,2016.0,Q2YTD,2016-01-01,2016-06-30,,2.22,2.22,1.46,472000000.0,2.21,-1000000.0,133000000.0,385000000.0,385000000.0,,399000000.0,-14000000.0,3530000000.0,4828000000.0,,94000000.0,190000000.0,,,3530000000.0,1298000000.0,227000000.0,14000000.0,661000000.0,637000000.0,-119000000.0,518000000.0,4828000000.0,181000000.0,179000000.0,180000000.0
DTE Energy Co,DTE,549300IX8SD6XXD71I78,936340,2016.0,Q2TTM,2015-07-01,2016-06-30,,4.13,4.13,2.92,895000000.0,4.12,97000000.0,215000000.0,726000000.0,726000000.0,,744000000.0,-18000000.0,7347000000.0,9913000000.0,,161000000.0,363000000.0,,,7347000000.0,2566000000.0,452000000.0,21000000.0,1355000000.0,1211000000.0,-270000000.0,941000000.0,9913000000.0,181000000.0,179000000.0,180000000.0
DTE Energy Co,DTE,549300IX8SD6XXD71I78,936340,2016.0,Q1,2016-01-01,2016-03-31,2017-04-26 11:27:04+00:00,1.38,1.38,0.73,229000000.0,1.37,,83000000.0,240000000.0,240000000.0,,247000000.0,-7000000.0,1857000000.0,2566000000.0,,44000000.0,99000000.0,,,1857000000.0,709000000.0,113000000.0,11000000.0,328000000.0,381000000.0,-58000000.0,323000000.0,2566000000.0,179000000.0,179000000.0,180000000.0
DTE Energy Co,DTE,549300IX8SD6XXD71I78,936340,2016.0,Q1TTM,2015-04-01,2016-03-31,,3.9,3.9,2.88,872000000.0,3.89,116000000.0,191000000.0,686000000.0,686000000.0,,701000000.0,-15000000.0,7409000000.0,9919000000.0,,151000000.0,363000000.0,,,7409000000.0,2510000000.0,453000000.0,20000000.0,1351000000.0,1159000000.0,-282000000.0,877000000.0,9919000000.0,179000000.0,179000000.0,180000000.0
DTE Energy Co,DTE,549300IX8SD6XXD71I78,936340,2017.0,FY,2017-01-01,2017-12-31,2020-02-05 15:13:51+00:00,6.32,6.32,3.36,753000000.0,6.32,41000000.0,502000000.0,1112000000.0,1713000000.0,,1134000000.0,-22000000.0,10046000000.0,17709000000.0,-601000000.0,137000000.0,693000000.0,,3300000000.0,10046000000.0,7663000000.0,810000000.0,12000000.0,4787000000.0,2876000000.0,-661000000.0,2215000000.0,17709000000.0,179400000.0,179000000.0,179000000.0
DTE Energy Co,DTE,549300IX8SD6XXD71I78,936340,2017.0,Q4,2017-10-01,2017-12-31,,1.59,1.59,0.89,-3000000.0,1.59,32000000.0,261000000.0,280000000.0,881000000.0,,287000000.0,-7000000.0,3111000000.0,8373000000.0,-601000000.0,8000000.0,396000000.0,,3300000000.0,3111000000.0,5262000000.0,406000000.0,3000000.0,3725000000.0,1537000000.0,-395000000.0,1142000000.0,8373000000.0,179400000.0,179000000.0,179000000.0
DTE Energy Co,DTE,549300IX8SD6XXD71I78,936340,2017.0,Q3,2017-07-01,2017-09-30,2018-10-24 11:59:49+00:00,1.51,1.51,0.0,258000000.0,1.51,6000000.0,74000000.0,263000000.0,263000000.0,,270000000.0,-7000000.0,2456000000.0,3245000000.0,,45000000.0,91000000.0,,,2456000000.0,789000000.0,146000000.0,4000000.0,355000000.0,434000000.0,-97000000.0,337000000.0,3245000000.0,178800000.0,179000000.0,179000000.0
DTE Energy Co,DTE,549300IX8SD6XXD71I78,936340,2017.0,Q3YTD,2017-01-01,2017-09-30,,4.73,4.73,2.47,756000000.0,4.73,9000000.0,241000000.0,832000000.0,832000000.0,,847000000.0,-15000000.0,6935000000.0,9336000000.0,,129000000.0,297000000.0,,,6935000000.0,2401000000.0,404000000.0,9000000.0,1062000000.0,1339000000.0,-266000000.0,1073000000.0,9336000000.0,178800000.0,179000000.0,179000000.0
DTE Energy Co,DTE,549300IX8SD6XXD71I78,936340,2017.0,Q3TTM,2016-10-01,2017-09-30,,5.47,5.47,3.3,1030000000.0,5.47,17000000.0,269000000.0,956000000.0,956000000.0,,978000000.0,-22000000.0,9097000000.0,12210000000.0,,67000000.0,385000000.0,,,9097000000.0,3113000000.0,535000000.0,12000000.0,1432000000.0,1681000000.0,-456000000.0,1225000000.0,12210000000.0,178800000.0,179000000.0,179000000.0
DTE Energy Co,DTE,549300IX8SD6XXD71I78,936340,2017.0,Q2,2017-04-01,2017-06-30,2018-07-25 13:05:00+00:00,0.99,0.99,1.65,249000000.0,0.99,3000000.0,57000000.0,175000000.0,175000000.0,,177000000.0,-2000000.0,2186000000.0,2855000000.0,,43000000.0,97000000.0,,,2186000000.0,669000000.0,133000000.0,2000000.0,349000000.0,320000000.0,-88000000.0,232000000.0,2855000000.0,178800000.0,179000000.0,179000000.0
DTE Energy Co,DTE,549300IX8SD6XXD71I78,936340,2017.0,Q2YTD,2017-01-01,2017-06-30,,3.22,3.22,2.47,498000000.0,3.22,3000000.0,167000000.0,569000000.0,569000000.0,,577000000.0,-8000000.0,4479000000.0,6091000000.0,,84000000.0,206000000.0,,,4479000000.0,1612000000.0,258000000.0,5000000.0,707000000.0,905000000.0,-169000000.0,736000000.0,6091000000.0,178800000.0,179000000.0,179000000.0
DTE Energy Co,DTE,549300IX8SD6XXD71I78,936340,2017.0,Q2TTM,2016-07-01,2017-06-30,,5.84,5.84,4.07,1002000000.0,5.84,11000000.0,305000000.0,1018000000.0,1018000000.0,,1046000000.0,-28000000.0,8740000000.0,11893000000.0,,61000000.0,386000000.0,,,8740000000.0,3153000000.0,503000000.0,11000000.0,1399000000.0,1754000000.0,-431000000.0,1323000000.0,11893000000.0,178800000.0,179000000.0,179000000.0
DTE Energy Co,DTE,549300IX8SD6XXD71I78,936340,2017.0,Q1,2017-01-01,2017-03-31,2018-04-25 11:06:48+00:00,2.23,2.23,0.825,249000000.0,2.23,0.0,110000000.0,394000000.0,394000000.0,,400000000.0,-6000000.0,2293000000.0,3236000000.0,,41000000.0,109000000.0,,,2293000000.0,943000000.0,125000000.0,3000000.0,358000000.0,585000000.0,-81000000.0,504000000.0,3236000000.0,179400000.0,179000000.0,179000000.0
DTE Energy Co,DTE,549300IX8SD6XXD71I78,936340,2017.0,Q1TTM,2016-04-01,2017-03-31,,5.69,5.69,3.16,996000000.0,5.69,7000000.0,298000000.0,988000000.0,988000000.0,,1021000000.0,-33000000.0,8227000000.0,11300000000.0,,68000000.0,380000000.0,,,8227000000.0,3073000000.0,484000000.0,12000000.0,1383000000.0,1690000000.0,-404000000.0,1286000000.0,11300000000.0,179400000.0,179000000.0,179000000.0
DTE Energy Co,DTE,549300IX8SD6XXD71I78,936340,2018.0,FY,2018-01-01,2018-12-31,2020-02-05 15:13:51+00:00,6.18,6.18,3.6,836000000.0,6.17,26000000.0,291000000.0,1118000000.0,1782000000.0,,1120000000.0,-2000000.0,11633000000.0,19510000000.0,-664000000.0,175000000.0,712000000.0,,3575000000.0,11633000000.0,7877000000.0,842000000.0,12000000.0,5149000000.0,2728000000.0,-655000000.0,2073000000.0,19510000000.0,181200000.0,181000000.0,181000000.0
DTE Energy Co,DTE,549300IX8SD6XXD71I78,936340,2018.0,Q4,2018-10-01,2018-12-31,,1.04,1.04,3.6,10000000.0,1.04,18000000.0,170000000.0,196000000.0,860000000.0,,191000000.0,5000000.0,3574000000.0,9048000000.0,-664000000.0,-9000000.0,405000000.0,,3575000000.0,3574000000.0,5474000000.0,430000000.0,3000000.0,4008000000.0,1466000000.0,-436000000.0,1030000000.0,9048000000.0,181200000.0,181000000.0,181000000.0
DTE Energy Co,DTE,549300IX8SD6XXD71I78,936340,2018.0,Q3,2018-07-01,2018-09-30,2019-10-28 10:31:07+00:00,1.84,1.84,,273000000.0,1.84,10000000.0,34000000.0,335000000.0,335000000.0,,334000000.0,1000000.0,2739000000.0,3550000000.0,,79000000.0,99000000.0,,,2739000000.0,811000000.0,142000000.0,3000000.0,382000000.0,429000000.0,-60000000.0,369000000.0,3550000000.0,181500000.0,182000000.0,182000000.0
DTE Energy Co,DTE,549300IX8SD6XXD71I78,936340,2018.0,Q3YTD,2018-01-01,2018-09-30,,5.14,5.14,,826000000.0,5.13,8000000.0,121000000.0,922000000.0,922000000.0,,929000000.0,-7000000.0,8059000000.0,10462000000.0,,184000000.0,307000000.0,,,8059000000.0,2403000000.0,412000000.0,9000000.0,1141000000.0,1262000000.0,-219000000.0,1043000000.0,10462000000.0,181500000.0,182000000.0,182000000.0
DTE Energy Co,DTE,549300IX8SD6XXD71I78,936340,2018.0,Q3TTM,2017-10-01,2018-09-30,,6.73,6.73,0.89,823000000.0,6.72,40000000.0,382000000.0,1202000000.0,1803000000.0,,1216000000.0,-14000000.0,11170000000.0,18835000000.0,-601000000.0,192000000.0,703000000.0,,3300000000.0,11170000000.0,7665000000.0,818000000.0,12000000.0,4866000000.0,2799000000.0,-614000000.0,2185000000.0,18835000000.0,181500000.0,182000000.0,182000000.0
DTE Energy Co,DTE,549300IX8SD6XXD71I78,936340,2018.0,Q2,2018-04-01,2018-06-30,2019-07-24 11:04:41+00:00,1.29,1.29,,272000000.0,1.29,1000000.0,19000000.0,236000000.0,236000000.0,,234000000.0,2000000.0,2460000000.0,3159000000.0,,58000000.0,97000000.0,,,2460000000.0,699000000.0,135000000.0,3000000.0,370000000.0,329000000.0,-74000000.0,255000000.0,3159000000.0,181400000.0,181000000.0,181000000.0
DTE Energy Co,DTE,549300IX8SD6XXD71I78,936340,2018.0,Q2YTD,2018-01-01,2018-06-30,,3.3,3.3,,553000000.0,3.29,-2000000.0,87000000.0,587000000.0,587000000.0,,595000000.0,-8000000.0,5320000000.0,6912000000.0,,105000000.0,208000000.0,,,5320000000.0,1592000000.0,270000000.0,6000000.0,759000000.0,833000000.0,-159000000.0,674000000.0,6912000000.0,181400000.0,181000000.0,181000000.0
DTE Energy Co,DTE,549300IX8SD6XXD71I78,936340,2018.0,Q2TTM,2017-07-01,2018-06-30,,6.4,6.4,0.89,808000000.0,6.39,36000000.0,422000000.0,1130000000.0,1731000000.0,,1152000000.0,-22000000.0,10887000000.0,18530000000.0,-601000000.0,158000000.0,695000000.0,,3300000000.0,10887000000.0,7643000000.0,822000000.0,13000000.0,4839000000.0,2804000000.0,-651000000.0,2153000000.0,18530000000.0,181400000.0,181000000.0,181000000.0
DTE Energy Co,DTE,549300IX8SD6XXD71I78,936340,2018.0,Q1,2018-01-01,2018-03-31,2019-04-24 11:07:47+00:00,2.01,2.01,0.88,281000000.0,2.0,-3000000.0,68000000.0,351000000.0,351000000.0,,361000000.0,-10000000.0,2860000000.0,3753000000.0,,47000000.0,111000000.0,,,2860000000.0,893000000.0,135000000.0,3000000.0,389000000.0,504000000.0,-85000000.0,419000000.0,3753000000.0,179600000.0,180000000.0,180000000.0
DTE Energy Co,DTE,549300IX8SD6XXD71I78,936340,2018.0,Q1TTM,2017-04-01,2018-03-31,,6.1,6.1,2.54,785000000.0,6.09,38000000.0,460000000.0,1069000000.0,1670000000.0,,1095000000.0,-26000000.0,10613000000.0,18226000000.0,-601000000.0,143000000.0,695000000.0,,3300000000.0,10613000000.0,7613000000.0,820000000.0,12000000.0,4818000000.0,2795000000.0,-665000000.0,2130000000.0,18226000000.0,179600000.0,180000000.0,180000000.0
DTE Energy Co,DTE,549300IX8SD6XXD71I78,936340,2019.0,Q4,2019-10-01,2019-12-31,,1.39,1.39,2.9,-198000000.0,1.4,14000000.0,139000000.0,121000000.0,837000000.0,,120000000.0,1000000.0,3975000000.0,7137000000.0,-716000000.0,67000000.0,329000000.0,,1706000000.0,3975000000.0,3162000000.0,410000000.0,7000000.0,1851000000.0,1311000000.0,-336000000.0,976000000.0,7137000000.0,185000000.0,185000000.0,185000000.0
DTE Energy Co,DTE,549300IX8SD6XXD71I78,936340,2019.0,FY,2019-01-01,2019-12-31,2020-02-05 15:13:51+00:00,6.32,6.32,3.85,946000000.0,6.31,28000000.0,290000000.0,1172000000.0,1888000000.0,,1169000000.0,3000000.0,9693000000.0,17893000000.0,-716000000.0,292000000.0,724000000.0,,3682000000.0,9693000000.0,8200000000.0,954000000.0,19000000.0,5380000000.0,2820000000.0,-643000000.0,2178000000.0,17893000000.0,185000000.0,185000000.0,185000000.0
DTE Energy Co,DTE,549300IX8SD6XXD71I78,936340,2019.0,Q3YTD,2019-01-01,2019-09-30,,4.93,4.93,0.95,1144000000.0,4.91,14000000.0,151000000.0,1051000000.0,1051000000.0,,1049000000.0,2000000.0,5718000000.0,10756000000.0,,225000000.0,395000000.0,,1976000000.0,5718000000.0,5038000000.0,544000000.0,12000000.0,3529000000.0,1509000000.0,-307000000.0,1202000000.0,10756000000.0,183300000.0,183000000.0,184000000.0
DTE Energy Co,DTE,549300IX8SD6XXD71I78,936340,2019.0,Q3TTM,2018-10-01,2019-09-30,,5.97,5.97,4.55,1154000000.0,5.95,32000000.0,321000000.0,1247000000.0,1911000000.0,,1240000000.0,7000000.0,9292000000.0,19804000000.0,-664000000.0,216000000.0,800000000.0,,5551000000.0,9292000000.0,10512000000.0,974000000.0,15000000.0,7537000000.0,2975000000.0,-743000000.0,2232000000.0,19804000000.0,183300000.0,183000000.0,184000000.0
DTE Energy Co,DTE,549300IX8SD6XXD71I78,936340,2019.0,Q3,2019-07-01,2019-09-30,2019-10-28 10:31:07+00:00,1.74,1.74,,322000000.0,1.73,1000000.0,47000000.0,317000000.0,317000000.0,,319000000.0,-2000000.0,2245000000.0,3119000000.0,,72000000.0,101000000.0,,,2245000000.0,874000000.0,162000000.0,4000000.0,424000000.0,450000000.0,-86000000.0,364000000.0,3119000000.0,183300000.0,183000000.0,184000000.0
DTE Energy Co,DTE,549300IX8SD6XXD71I78,936340,2019.0,Q2YTD,2019-01-01,2019-06-30,,3.19,3.19,0.95,822000000.0,3.18,13000000.0,104000000.0,734000000.0,734000000.0,,730000000.0,4000000.0,3473000000.0,7637000000.0,,153000000.0,294000000.0,,1976000000.0,3473000000.0,4164000000.0,382000000.0,8000000.0,3105000000.0,1059000000.0,-221000000.0,838000000.0,7637000000.0,183800000.0,183000000.0,184000000.0
DTE Energy Co,DTE,549300IX8SD6XXD71I78,936340,2019.0,Q2TTM,2018-07-01,2019-06-30,,6.07,6.07,4.55,1105000000.0,6.06,41000000.0,308000000.0,1265000000.0,1929000000.0,,1255000000.0,10000000.0,9786000000.0,20235000000.0,-664000000.0,223000000.0,798000000.0,,5551000000.0,9786000000.0,10449000000.0,954000000.0,14000000.0,7495000000.0,2954000000.0,-717000000.0,2237000000.0,20235000000.0,183800000.0,183000000.0,184000000.0
DTE Energy Co,DTE,549300IX8SD6XXD71I78,936340,2019.0,Q2,2019-04-01,2019-06-30,2019-07-24 11:04:41+00:00,0.99,0.99,,305000000.0,0.99,13000000.0,21000000.0,179000000.0,179000000.0,,182000000.0,-3000000.0,2178000000.0,2888000000.0,,51000000.0,92000000.0,,,2178000000.0,710000000.0,154000000.0,3000000.0,410000000.0,300000000.0,-100000000.0,200000000.0,2888000000.0,183800000.0,183000000.0,184000000.0
DTE Energy Co,DTE,549300IX8SD6XXD71I78,936340,2019.0,Q1,2019-01-01,2019-03-31,2020-04-28 10:52:30+00:00,2.2,2.2,0.95,517000000.0,2.19,0.0,83000000.0,555000000.0,555000000.0,,548000000.0,7000000.0,1295000000.0,4749000000.0,,102000000.0,202000000.0,,1976000000.0,1295000000.0,3454000000.0,228000000.0,5000000.0,2695000000.0,759000000.0,-121000000.0,638000000.0,4749000000.0,249100000.0,182000000.0,183000000.0
DTE Energy Co,DTE,549300IX8SD6XXD71I78,936340,2019.0,Q1TTM,2018-04-01,2019-03-31,,6.37,6.37,4.55,1072000000.0,6.36,29000000.0,306000000.0,1322000000.0,1986000000.0,,1307000000.0,15000000.0,10068000000.0,20506000000.0,-664000000.0,230000000.0,803000000.0,,5551000000.0,10068000000.0,10438000000.0,935000000.0,14000000.0,7455000000.0,2983000000.0,-691000000.0,2292000000.0,20506000000.0,249100000.0,182000000.0,183000000.0
DTE Energy Co,DTE,549300IX8SD6XXD71I78,936340,2020.0,Q1TTM,2019-04-01,2020-03-31,,5.89,5.89,3.91,1040000000.0,5.88,18000000.0,269000000.0,1053000000.0,1769000000.0,,1055000000.0,-2000000.0,9531000000.0,17378000000.0,-716000000.0,181000000.0,724000000.0,,3253000000.0,9531000000.0,7847000000.0,982000000.0,26000000.0,5035000000.0,2812000000.0,-775000000.0,2038000000.0,17378000000.0,245200000.0,192000000.0,192000000.0
DTE Energy Co,DTE,549300IX8SD6XXD71I78,936340,2020.0,Q1,2020-01-01,2020-03-31,2020-04-28 10:52:30+00:00,1.77,1.77,1.01,611000000.0,1.76,-10000000.0,62000000.0,436000000.0,436000000.0,,434000000.0,2000000.0,1133000000.0,4234000000.0,,-9000000.0,202000000.0,,1547000000.0,1133000000.0,3101000000.0,256000000.0,12000000.0,2350000000.0,751000000.0,-253000000.0,498000000.0,4234000000.0,245200000.0,192000000.0,192000000.0
