company_name,company_ticker,company_lei,company_cik,year,quarter,start_date,end_date,filing_date,amortizationexpense,basicdilutedeps,basiceps,dilutedeps,impairmentexpense,incometaxexpense,marketingexpense,netincome,netincomecontinuing,netincomediscontinued,netincometocommon,operatingcostofrevenue,operatingrevenue,othercostofrevenue,otherincome,otheroperatingexpenses,rdexpense,restructuringcharge,sgaexpense,totalcostofrevenue,totalgrossprofit,totalinterestexpense,totalinterestincome,totaloperatingexpenses,totaloperatingincome,totalotherincome,totalpretaxincome,totalrevenue,weightedavebasicdilutedsharesos,weightedavebasicsharesos,weightedavedilutedsharesos
eBay Inc,EBAY,OML71K8X303XQONU6T67,1065088,2007.0,FY,2007-01-01,2007-12-31,2010-02-17 17:20:56+00:00,204104000.0,0.26,0.26,0.25,1390938000.0,402600000.0,1882810000.0,348251000.0,348251000.0,,348251000.0,1762972000.0,7672329000.0,293917000.0,,,619727000.0,0.0,904681000.0,2056889000.0,5615440000.0,,137671000.0,5002260000.0,613180000.0,137671000.0,750851000.0,7672329000.0,1339400000.0,1358797000.0,1376174000.0
eBay Inc,EBAY,OML71K8X303XQONU6T67,1065088,2008.0,FY,2008-01-01,2008-12-31,2011-01-28 17:31:10+00:00,234916000.0,1.37,1.37,1.36,,404090000.0,1881551000.0,1779474000.0,1779474000.0,,1779474000.0,2228069000.0,8541261000.0,347453000.0,107882000.0,,725600000.0,49119000.0,998871000.0,2575522000.0,5965739000.0,,,3890057000.0,2075682000.0,107882000.0,2183564000.0,8541261000.0,1298900000.0,1303454000.0,1312608000.0
eBay Inc,EBAY,OML71K8X303XQONU6T67,1065088,2008.0,Q3,2008-07-01,2008-09-30,2009-10-27 17:00:24+00:00,52720000.0,0.38,0.38,0.38,,70423000.0,451753000.0,492219000.0,492219000.0,,492219000.0,560963000.0,2117531000.0,88269000.0,,,190842000.0,0.0,248909000.0,649232000.0,1468299000.0,,38567000.0,944224000.0,524075000.0,38567000.0,562642000.0,2117531000.0,1295300000.0,1288937000.0,1297484000.0
eBay Inc,EBAY,OML71K8X303XQONU6T67,1065088,2008.0,Q2,2008-04-01,2008-06-30,2009-07-28 20:38:07+00:00,54918000.0,,0.35,0.35,,107788000.0,496883000.0,460345000.0,460345000.0,,460345000.0,562103000.0,2195661000.0,86438000.0,,,186791000.0,0.0,263161000.0,648541000.0,1547120000.0,,22766000.0,1001753000.0,545367000.0,22766000.0,568133000.0,2195661000.0,,1312007000.0,1325136000.0
eBay Inc,EBAY,OML71K8X303XQONU6T67,1065088,2009.0,Q4,2009-10-01,2009-12-31,,62620000.0,1.05,1.05,1.03,,237894000.0,526400000.0,1354906000.0,1354906000.0,,1354906000.0,670695000.0,2370932000.0,112228000.0,,,197944000.0,1250000.0,620423000.0,782923000.0,1588009000.0,-1422385000.0,-8957000.0,1408637000.0,179372000.0,1413428000.0,1592800000.0,2370932000.0,1291400000.0,1289848000.0,1304981000.0
eBay Inc,EBAY,OML71K8X303XQONU6T67,1065088,2009.0,FY,2009-01-01,2009-12-31,2012-01-30 20:50:48+00:00,262686000.0,1.85,1.85,1.83,,490054000.0,1885677000.0,2389097000.0,2389097000.0,,2389097000.0,2479762000.0,8727362000.0,382825000.0,,,803070000.0,38187000.0,1418389000.0,2862587000.0,5864775000.0,-1422385000.0,,4408009000.0,1456766000.0,1422385000.0,2879151000.0,8727362000.0,1291400000.0,1289848000.0,1304981000.0
eBay Inc,EBAY,OML71K8X303XQONU6T67,1065088,2009.0,Q3YTD,2009-01-01,2009-09-30,,200066000.0,0.8,0.8,0.8,,252160000.0,1359277000.0,1034191000.0,1034191000.0,,1034191000.0,1809067000.0,6356430000.0,270597000.0,,,605126000.0,36937000.0,797966000.0,2079664000.0,4276766000.0,,8957000.0,2999372000.0,1277394000.0,8957000.0,1286351000.0,6356430000.0,1295300000.0,1293511000.0,1311274000.0
eBay Inc,EBAY,OML71K8X303XQONU6T67,1065088,2009.0,Q3,2009-07-01,2009-09-30,2010-10-20 21:48:23+00:00,72803000.0,0.27,0.27,0.27,,88599000.0,491461000.0,349736000.0,349736000.0,,349736000.0,643908000.0,2237852000.0,96682000.0,,,205207000.0,12673000.0,272177000.0,740590000.0,1497262000.0,,-4606000.0,1054321000.0,442941000.0,-4606000.0,438335000.0,2237852000.0,1295300000.0,1293511000.0,1311274000.0
eBay Inc,EBAY,OML71K8X303XQONU6T67,1065088,2009.0,Q2YTD,2009-01-01,2009-06-30,,127263000.0,0.53,0.53,0.53,,163561000.0,867816000.0,684455000.0,684455000.0,,684455000.0,1165159000.0,4118578000.0,173915000.0,,,399919000.0,24264000.0,525789000.0,1339074000.0,2779504000.0,,13563000.0,1945051000.0,834453000.0,13563000.0,848016000.0,4118578000.0,1309400000.0,1288815000.0,1300434000.0
eBay Inc,EBAY,OML71K8X303XQONU6T67,1065088,2009.0,Q2,2009-04-01,2009-06-30,2010-07-22 20:24:23+00:00,63795000.0,0.25,0.25,0.25,,79818000.0,464500000.0,327342000.0,327342000.0,,327342000.0,591773000.0,2097992000.0,92681000.0,,,198403000.0,17653000.0,257498000.0,684454000.0,1413538000.0,,-4529000.0,1001849000.0,411689000.0,-4529000.0,407160000.0,2097992000.0,1309400000.0,1288815000.0,1300434000.0
eBay Inc,EBAY,OML71K8X303XQONU6T67,1065088,2009.0,Q1,2009-01-01,2009-03-31,2010-04-28 17:11:07+00:00,63468000.0,0.28,0.28,0.28,,83743000.0,403316000.0,357113000.0,357113000.0,,357113000.0,573386000.0,2020586000.0,81234000.0,,,201516000.0,6611000.0,268291000.0,654620000.0,1365966000.0,,18092000.0,943202000.0,422764000.0,18092000.0,440856000.0,2020586000.0,1275400000.0,1283810000.0,1287814000.0
eBay Inc,EBAY,OML71K8X303XQONU6T67,1065088,2010.0,Q4,2010-10-01,2010-12-31,,41896000.0,0.43,0.43,0.42,,27732000.0,538950000.0,559226000.0,559226000.0,,559226000.0,701806000.0,2495076000.0,95975000.0,,,245741000.0,-20437000.0,300495000.0,797781000.0,1697295000.0,-44000000.0,-47692000.0,1106645000.0,590650000.0,-3692000.0,586958000.0,2495076000.0,1305100000.0,1306000000.0,1327000000.0
eBay Inc,EBAY,OML71K8X303XQONU6T67,1065088,2010.0,FY,2010-01-01,2010-12-31,2013-01-31 20:09:24+00:00,190000000.0,1.38,1.38,1.36,,297000000.0,1947000000.0,1801000000.0,1801000000.0,,1801000000.0,2564000000.0,9156000000.0,392000000.0,,,908000000.0,,1101000000.0,2956000000.0,6200000000.0,-44000000.0,,4146000000.0,2054000000.0,44000000.0,2098000000.0,9156000000.0,1305100000.0,1306000000.0,1327000000.0
eBay Inc,EBAY,OML71K8X303XQONU6T67,1065088,2010.0,Q3YTD,2010-01-01,2010-09-30,,148104000.0,0.95,0.95,0.94,,269268000.0,1408050000.0,1241774000.0,1241774000.0,,1241774000.0,1862194000.0,6660924000.0,296025000.0,,,662259000.0,20437000.0,800505000.0,2158219000.0,4502705000.0,,47692000.0,3039355000.0,1463350000.0,47692000.0,1511042000.0,6660924000.0,1308900000.0,1308888000.0,1328415000.0
eBay Inc,EBAY,OML71K8X303XQONU6T67,1065088,2010.0,Q3TTM,2009-10-01,2010-09-30,,210724000.0,2.0,2.0,1.97,,507162000.0,1934450000.0,2596680000.0,2596680000.0,,2596680000.0,2532889000.0,9031856000.0,408253000.0,,,860203000.0,21687000.0,1420928000.0,2941142000.0,6090714000.0,-1422385000.0,38735000.0,4447992000.0,1642722000.0,1461120000.0,3103842000.0,9031856000.0,1308900000.0,1308888000.0,1328415000.0
eBay Inc,EBAY,OML71K8X303XQONU6T67,1065088,2010.0,Q3,2010-07-01,2010-09-30,2011-10-20 19:48:31+00:00,45957000.0,0.33,0.33,0.33,,85072000.0,483653000.0,431929000.0,431929000.0,,431929000.0,640268000.0,2249488000.0,97964000.0,0.0,,226803000.0,3005000.0,261662000.0,738232000.0,1511256000.0,,26825000.0,1021080000.0,490176000.0,26825000.0,517001000.0,2249488000.0,1308900000.0,1308888000.0,1328415000.0
eBay Inc,EBAY,OML71K8X303XQONU6T67,1065088,2010.0,Q2YTD,2010-01-01,2010-06-30,,102147000.0,0.62,0.62,0.61,,184196000.0,924397000.0,809845000.0,809845000.0,,809845000.0,1221926000.0,4411436000.0,198061000.0,,,435456000.0,17432000.0,538843000.0,1419987000.0,2991449000.0,,20867000.0,2018275000.0,973174000.0,20867000.0,994041000.0,4411436000.0,1329700000.0,1310042000.0,1329618000.0
eBay Inc,EBAY,OML71K8X303XQONU6T67,1065088,2010.0,Q2TTM,2009-07-01,2010-06-30,,237570000.0,1.94,1.94,1.91,,510689000.0,1942258000.0,2514487000.0,2514487000.0,,2514487000.0,2536529000.0,9020220000.0,406971000.0,,,838607000.0,31355000.0,1431443000.0,2943500000.0,6076720000.0,-1422385000.0,7304000.0,4481233000.0,1595487000.0,1429689000.0,3025176000.0,9020220000.0,1329700000.0,1310042000.0,1329618000.0
eBay Inc,EBAY,OML71K8X303XQONU6T67,1065088,2010.0,Q2,2010-04-01,2010-06-30,2011-07-21 21:55:38+00:00,48895000.0,0.31,0.31,0.31,,87194000.0,478236000.0,412192000.0,412192000.0,,412192000.0,615371000.0,2215379000.0,92032000.0,0.0,,225317000.0,8863000.0,262100000.0,707403000.0,1507976000.0,,14821000.0,1023411000.0,484565000.0,14821000.0,499386000.0,2215379000.0,1329700000.0,1310042000.0,1329618000.0
eBay Inc,EBAY,OML71K8X303XQONU6T67,1065088,2010.0,Q1TTM,2009-04-01,2010-03-31,,252470000.0,1.88,1.88,1.85,,503313000.0,1928522000.0,2429637000.0,2429637000.0,,2429637000.0,2512931000.0,8902833000.0,407620000.0,,,811693000.0,40145000.0,1426841000.0,2920551000.0,5982282000.0,-1422385000.0,-12046000.0,4459671000.0,1522611000.0,1410339000.0,2932950000.0,8902833000.0,1282800000.0,1301248000.0,1326021000.0
eBay Inc,EBAY,OML71K8X303XQONU6T67,1065088,2010.0,Q1,2010-01-01,2010-03-31,2011-04-28 21:56:10+00:00,53252000.0,0.31,0.31,0.3,,97002000.0,446161000.0,397653000.0,397653000.0,,397653000.0,606555000.0,2196057000.0,106029000.0,,,210139000.0,8569000.0,276743000.0,712584000.0,1483473000.0,,6046000.0,994864000.0,488609000.0,6046000.0,494655000.0,2196057000.0,1282800000.0,1301248000.0,1326021000.0
eBay Inc,EBAY,OML71K8X303XQONU6T67,1065088,2011.0,Q4,2011-10-01,2011-12-31,,85000000.0,1.53,1.53,1.51,,456000000.0,671000000.0,1979000000.0,1979000000.0,,1979000000.0,1039000000.0,3380000000.0,146000000.0,256000000.0,,344000000.0,,343000000.0,1185000000.0,2195000000.0,-1427000000.0,,1443000000.0,752000000.0,1683000000.0,2435000000.0,3380000000.0,1291600000.0,1293000000.0,1313000000.0
eBay Inc,EBAY,OML71K8X303XQONU6T67,1065088,2011.0,FY,2011-01-01,2011-12-31,2014-01-31 16:06:53+00:00,267000000.0,2.5,2.5,2.46,,681000000.0,2435000000.0,3229000000.0,3229000000.0,,3229000000.0,3461000000.0,11652000000.0,517000000.0,,,1235000000.0,,1364000000.0,3978000000.0,7674000000.0,-1537000000.0,,5301000000.0,2373000000.0,1537000000.0,3910000000.0,11652000000.0,1291600000.0,1293000000.0,1313000000.0
eBay Inc,EBAY,OML71K8X303XQONU6T67,1065088,2011.0,Q3YTD,2011-01-01,2011-09-30,,182000000.0,0.97,0.97,0.95,,225000000.0,1764000000.0,1250000000.0,1250000000.0,,1250000000.0,2422000000.0,8272000000.0,371000000.0,-256000000.0,,891000000.0,,1021000000.0,2793000000.0,5479000000.0,-110000000.0,,3858000000.0,1621000000.0,-146000000.0,1475000000.0,8272000000.0,1292100000.0,1290000000.0,1309000000.0
eBay Inc,EBAY,OML71K8X303XQONU6T67,1065088,2011.0,Q3TTM,2010-10-01,2011-09-30,,223896000.0,1.4,1.4,1.37,,252732000.0,2302950000.0,1809226000.0,1809226000.0,,1809226000.0,3123806000.0,10767076000.0,466975000.0,-256000000.0,,1136741000.0,-20437000.0,1321495000.0,3590781000.0,7176295000.0,-154000000.0,-47692000.0,4964645000.0,2211650000.0,-149692000.0,2061958000.0,10767076000.0,1292100000.0,1290000000.0,1309000000.0
eBay Inc,EBAY,OML71K8X303XQONU6T67,1065088,2011.0,Q3,2011-07-01,2011-09-30,2012-10-19 17:04:58+00:00,85000000.0,0.38,0.38,0.37,,125000000.0,623000000.0,491000000.0,491000000.0,,491000000.0,920000000.0,2966000000.0,146000000.0,0.0,,319000000.0,,336000000.0,1066000000.0,1900000000.0,-79000000.0,,1363000000.0,537000000.0,79000000.0,616000000.0,2966000000.0,1292100000.0,1290000000.0,1309000000.0
eBay Inc,EBAY,OML71K8X303XQONU6T67,1065088,2011.0,Q2YTD,2011-01-01,2011-06-30,,97000000.0,0.59,0.59,0.58,,100000000.0,1141000000.0,759000000.0,759000000.0,,759000000.0,1502000000.0,5306000000.0,225000000.0,-256000000.0,,572000000.0,,685000000.0,1727000000.0,3579000000.0,-31000000.0,,2495000000.0,1084000000.0,-225000000.0,859000000.0,5306000000.0,1286400000.0,1297000000.0,1315000000.0
eBay Inc,EBAY,OML71K8X303XQONU6T67,1065088,2011.0,Q2TTM,2010-07-01,2011-06-30,,184853000.0,1.35,1.35,1.33,,212804000.0,2163603000.0,1750155000.0,1750155000.0,,1750155000.0,2844074000.0,10050564000.0,418939000.0,-256000000.0,,1044544000.0,-17432000.0,1247157000.0,3263013000.0,6787551000.0,-75000000.0,-20867000.0,4622725000.0,2164826000.0,-201867000.0,1962959000.0,10050564000.0,1286400000.0,1297000000.0,1315000000.0
eBay Inc,EBAY,OML71K8X303XQONU6T67,1065088,2011.0,Q2,2011-04-01,2011-06-30,2012-07-18 20:45:44+00:00,53000000.0,0.22,0.22,0.22,,8000000.0,608000000.0,283000000.0,283000000.0,,283000000.0,773000000.0,2760000000.0,118000000.0,-256000000.0,,297000000.0,,392000000.0,891000000.0,1869000000.0,-28000000.0,,1350000000.0,519000000.0,-228000000.0,291000000.0,2760000000.0,1286400000.0,1297000000.0,1315000000.0
eBay Inc,EBAY,OML71K8X303XQONU6T67,1065088,2011.0,Q1TTM,2010-04-01,2011-03-31,,180748000.0,1.44,1.44,1.42,,291998000.0,2033839000.0,1879347000.0,1879347000.0,,1879347000.0,2686445000.0,9505943000.0,392971000.0,,,972861000.0,-8569000.0,1117257000.0,3079416000.0,6426527000.0,-47000000.0,-6046000.0,4296136000.0,2130391000.0,40954000.0,2171345000.0,9505943000.0,1286500000.0,1297000000.0,1320000000.0
eBay Inc,EBAY,OML71K8X303XQONU6T67,1065088,2011.0,Q1,2011-01-01,2011-03-31,2012-04-20 17:17:18+00:00,44000000.0,0.37,0.37,0.36,,92000000.0,533000000.0,476000000.0,476000000.0,,476000000.0,729000000.0,2546000000.0,107000000.0,,,275000000.0,,293000000.0,836000000.0,1710000000.0,-3000000.0,,1145000000.0,565000000.0,3000000.0,568000000.0,2546000000.0,1286500000.0,1297000000.0,1320000000.0
eBay Inc,EBAY,OML71K8X303XQONU6T67,1065088,2012.0,Q4,2012-10-01,2012-12-31,,84000000.0,0.58,0.58,0.57,,127000000.0,793000000.0,750000000.0,750000000.0,,750000000.0,1224000000.0,3993000000.0,167000000.0,-118000000.0,,416000000.0,,436000000.0,1391000000.0,2602000000.0,-122000000.0,,1729000000.0,873000000.0,4000000.0,877000000.0,3993000000.0,1291600000.0,1292000000.0,1313000000.0
eBay Inc,EBAY,OML71K8X303XQONU6T67,1065088,2012.0,FY,2012-01-01,2012-12-31,2015-02-05 19:54:38+00:00,335000000.0,2.02,2.02,1.99,,475000000.0,2913000000.0,2609000000.0,2609000000.0,,2609000000.0,4216000000.0,14072000000.0,580000000.0,,,1573000000.0,,1567000000.0,4796000000.0,9276000000.0,-196000000.0,,6388000000.0,2888000000.0,196000000.0,3084000000.0,14072000000.0,1291600000.0,1292000000.0,1313000000.0
eBay Inc,EBAY,OML71K8X303XQONU6T67,1065088,2012.0,Q3YTD,2012-01-01,2012-09-30,,251000000.0,1.44,1.44,1.42,,348000000.0,2120000000.0,1859000000.0,1859000000.0,,1859000000.0,2992000000.0,10079000000.0,413000000.0,118000000.0,,1157000000.0,,1131000000.0,3405000000.0,6674000000.0,-74000000.0,,4659000000.0,2015000000.0,192000000.0,2207000000.0,10079000000.0,1297800000.0,1292000000.0,1314000000.0
eBay Inc,EBAY,OML71K8X303XQONU6T67,1065088,2012.0,Q3TTM,2011-10-01,2012-09-30,,336000000.0,2.97,2.97,2.93,,804000000.0,2791000000.0,3838000000.0,3838000000.0,,3838000000.0,4031000000.0,13459000000.0,559000000.0,374000000.0,,1501000000.0,,1474000000.0,4590000000.0,8869000000.0,-1501000000.0,,6102000000.0,2767000000.0,1875000000.0,4642000000.0,13459000000.0,1297800000.0,1292000000.0,1314000000.0
eBay Inc,EBAY,OML71K8X303XQONU6T67,1065088,2012.0,Q3,2012-07-01,2012-09-30,2013-10-18 17:12:08+00:00,83000000.0,0.46,0.46,0.45,,75000000.0,726000000.0,597000000.0,597000000.0,,597000000.0,1022000000.0,3404000000.0,148000000.0,0.0,,389000000.0,,369000000.0,1170000000.0,2234000000.0,-5000000.0,,1567000000.0,667000000.0,5000000.0,672000000.0,3404000000.0,1297800000.0,1292000000.0,1314000000.0
eBay Inc,EBAY,OML71K8X303XQONU6T67,1065088,2012.0,Q2YTD,2012-01-01,2012-06-30,,168000000.0,0.98,0.98,0.97,,273000000.0,1394000000.0,1262000000.0,1262000000.0,,1262000000.0,1970000000.0,6675000000.0,265000000.0,118000000.0,,768000000.0,,762000000.0,2235000000.0,4440000000.0,-69000000.0,,3092000000.0,1348000000.0,187000000.0,1535000000.0,6675000000.0,1281500000.0,1291000000.0,1309000000.0
eBay Inc,EBAY,OML71K8X303XQONU6T67,1065088,2012.0,Q2TTM,2011-07-01,2012-06-30,,338000000.0,2.89,2.89,2.85,,854000000.0,2688000000.0,3732000000.0,3732000000.0,,3732000000.0,3929000000.0,13021000000.0,557000000.0,374000000.0,,1431000000.0,,1441000000.0,4486000000.0,8535000000.0,-1575000000.0,,5898000000.0,2637000000.0,1949000000.0,4586000000.0,13021000000.0,1281500000.0,1291000000.0,1309000000.0
eBay Inc,EBAY,OML71K8X303XQONU6T67,1065088,2012.0,Q2,2012-04-01,2012-06-30,2013-07-19 16:38:08+00:00,84000000.0,0.54,0.54,0.53,,159000000.0,717000000.0,692000000.0,692000000.0,,692000000.0,987000000.0,3398000000.0,131000000.0,118000000.0,,394000000.0,,390000000.0,1118000000.0,2280000000.0,-38000000.0,,1585000000.0,695000000.0,156000000.0,851000000.0,3398000000.0,1281500000.0,1291000000.0,1309000000.0
eBay Inc,EBAY,OML71K8X303XQONU6T67,1065088,2012.0,Q1TTM,2011-04-01,2012-03-31,,307000000.0,2.57,2.57,2.54,,703000000.0,2579000000.0,3323000000.0,3323000000.0,,3323000000.0,3715000000.0,12383000000.0,544000000.0,,,1334000000.0,,1443000000.0,4259000000.0,8124000000.0,-1565000000.0,,5663000000.0,2461000000.0,1565000000.0,4026000000.0,12383000000.0,1295500000.0,1288000000.0,1308000000.0
eBay Inc,EBAY,OML71K8X303XQONU6T67,1065088,2012.0,Q1,2012-01-01,2012-03-31,2013-04-19 17:26:27+00:00,84000000.0,0.44,0.44,0.44,,114000000.0,677000000.0,570000000.0,570000000.0,,570000000.0,983000000.0,3277000000.0,134000000.0,,,374000000.0,,372000000.0,1117000000.0,2160000000.0,-31000000.0,,1507000000.0,653000000.0,31000000.0,684000000.0,3277000000.0,1295500000.0,1288000000.0,1308000000.0
eBay Inc,EBAY,OML71K8X303XQONU6T67,1065088,2013.0,FY,2013-01-01,2013-12-31,2016-02-01 17:30:13+00:00,136000000.0,2.2,2.2,2.18,,504000000.0,2144000000.0,2856000000.0,2067000000.0,789000000.0,2856000000.0,1492000000.0,8257000000.0,,,236000000.0,915000000.0,,880000000.0,1492000000.0,6765000000.0,-117000000.0,,4311000000.0,2454000000.0,117000000.0,2571000000.0,8257000000.0,1298200000.0,1295000000.0,1313000000.0
eBay Inc,EBAY,OML71K8X303XQONU6T67,1065088,2013.0,Q4,2013-10-01,2013-12-31,,-109000000.0,0.66,0.66,0.65,,72000000.0,-79000000.0,850000000.0,61000000.0,789000000.0,850000000.0,-2095000000.0,-3260000000.0,-553000000.0,,236000000.0,-403000000.0,,-362000000.0,-2648000000.0,-612000000.0,-28000000.0,,-717000000.0,105000000.0,28000000.0,133000000.0,-3260000000.0,1298200000.0,1295000000.0,1313000000.0
eBay Inc,EBAY,OML71K8X303XQONU6T67,1065088,2013.0,Q3YTD,2013-01-01,2013-09-30,,245000000.0,1.54,1.54,1.53,,432000000.0,2223000000.0,2006000000.0,2006000000.0,,2006000000.0,3587000000.0,11517000000.0,553000000.0,,,1318000000.0,,1242000000.0,4140000000.0,7377000000.0,-89000000.0,,5028000000.0,2349000000.0,89000000.0,2438000000.0,11517000000.0,1300000000.0,1295000000.0,1310000000.0
eBay Inc,EBAY,OML71K8X303XQONU6T67,1065088,2013.0,Q3TTM,2012-10-01,2013-09-30,,329000000.0,2.12,2.12,2.1,,559000000.0,3016000000.0,2756000000.0,2756000000.0,,2756000000.0,4811000000.0,15510000000.0,720000000.0,-118000000.0,,1734000000.0,,1678000000.0,5531000000.0,9979000000.0,-211000000.0,,6757000000.0,3222000000.0,93000000.0,3315000000.0,15510000000.0,1300000000.0,1295000000.0,1310000000.0
eBay Inc,EBAY,OML71K8X303XQONU6T67,1065088,2013.0,Q3,2013-07-01,2013-09-30,2014-10-16 09:02:07+00:00,81000000.0,0.53,0.53,0.53,,184000000.0,755000000.0,689000000.0,689000000.0,,689000000.0,1224000000.0,3892000000.0,185000000.0,,,433000000.0,,415000000.0,1409000000.0,2483000000.0,-74000000.0,,1684000000.0,799000000.0,74000000.0,873000000.0,3892000000.0,1300000000.0,1295000000.0,1310000000.0
eBay Inc,EBAY,OML71K8X303XQONU6T67,1065088,2013.0,Q2YTD,2013-01-01,2013-06-30,,164000000.0,1.01,1.01,1.0,,248000000.0,1468000000.0,1317000000.0,1317000000.0,,1317000000.0,2363000000.0,7625000000.0,368000000.0,,,885000000.0,,827000000.0,2731000000.0,4894000000.0,-15000000.0,,3344000000.0,1550000000.0,15000000.0,1565000000.0,7625000000.0,1306100000.0,1297000000.0,1313000000.0
eBay Inc,EBAY,OML71K8X303XQONU6T67,1065088,2013.0,Q2TTM,2012-07-01,2013-06-30,,331000000.0,2.05,2.05,2.02,,450000000.0,2987000000.0,2664000000.0,2664000000.0,,2664000000.0,4609000000.0,15022000000.0,683000000.0,-118000000.0,,1690000000.0,,1632000000.0,5292000000.0,9730000000.0,-142000000.0,,6640000000.0,3090000000.0,24000000.0,3114000000.0,15022000000.0,1306100000.0,1297000000.0,1313000000.0
eBay Inc,EBAY,OML71K8X303XQONU6T67,1065088,2013.0,Q2,2013-04-01,2013-06-30,2014-07-18 16:26:30+00:00,82000000.0,0.49,0.49,0.49,,116000000.0,771000000.0,640000000.0,640000000.0,,640000000.0,1211000000.0,3877000000.0,193000000.0,,,451000000.0,,419000000.0,1404000000.0,2473000000.0,-6000000.0,,1723000000.0,750000000.0,6000000.0,756000000.0,3877000000.0,1306100000.0,1297000000.0,1313000000.0
eBay Inc,EBAY,OML71K8X303XQONU6T67,1065088,2013.0,Q1TTM,2012-04-01,2013-03-31,,333000000.0,2.1,2.1,2.06,,493000000.0,2933000000.0,2716000000.0,2716000000.0,,2716000000.0,4385000000.0,14543000000.0,621000000.0,,,1633000000.0,,1603000000.0,5006000000.0,9537000000.0,-174000000.0,,6502000000.0,3035000000.0,174000000.0,3209000000.0,14543000000.0,1301900000.0,1295000000.0,1319000000.0
eBay Inc,EBAY,OML71K8X303XQONU6T67,1065088,2013.0,Q1,2013-01-01,2013-03-31,2014-04-30 17:53:32+00:00,82000000.0,0.52,0.52,0.51,,132000000.0,697000000.0,677000000.0,677000000.0,,677000000.0,1152000000.0,3748000000.0,175000000.0,,,434000000.0,,408000000.0,1327000000.0,2421000000.0,-9000000.0,,1621000000.0,800000000.0,9000000.0,809000000.0,3748000000.0,1301900000.0,1295000000.0,1319000000.0
eBay Inc,EBAY,OML71K8X303XQONU6T67,1065088,2014.0,FY,2014-01-01,2014-12-31,2017-02-06 17:09:13+00:00,75000000.0,0.04,0.04,0.04,,3380000000.0,2442000000.0,46000000.0,-865000000.0,911000000.0,46000000.0,1663000000.0,8790000000.0,,,262000000.0,983000000.0,,889000000.0,1663000000.0,7127000000.0,-39000000.0,,4651000000.0,2476000000.0,39000000.0,2515000000.0,8790000000.0,1150000000.0,1251000000.0,1251000000.0
eBay Inc,EBAY,OML71K8X303XQONU6T67,1065088,2014.0,Q4,2014-10-01,2014-12-31,,-52000000.0,0.78,0.78,0.79,,-67000000.0,128000000.0,1023000000.0,232000000.0,791000000.0,1023000000.0,-1282000000.0,-1725000000.0,-204000000.0,,-25000000.0,-211000000.0,,-227000000.0,-1486000000.0,-239000000.0,-17000000.0,,-387000000.0,148000000.0,17000000.0,165000000.0,-1725000000.0,1150000000.0,1251000000.0,1251000000.0
eBay Inc,EBAY,OML71K8X303XQONU6T67,1065088,2014.0,Q3,2014-07-01,2014-09-30,2015-10-27 21:58:00+00:00,10000000.0,0.54,0.54,0.54,,104000000.0,624000000.0,673000000.0,509000000.0,164000000.0,673000000.0,413000000.0,2150000000.0,,,58000000.0,246000000.0,,203000000.0,413000000.0,1737000000.0,-17000000.0,,1141000000.0,596000000.0,17000000.0,613000000.0,2150000000.0,1246300000.0,1242000000.0,1251000000.0
eBay Inc,EBAY,OML71K8X303XQONU6T67,1065088,2014.0,Q3YTD,2014-01-01,2014-09-30,,127000000.0,-0.74,-0.74,-0.75,,3447000000.0,2314000000.0,-977000000.0,-1097000000.0,120000000.0,-977000000.0,2945000000.0,10515000000.0,204000000.0,,287000000.0,1194000000.0,,1116000000.0,3149000000.0,7366000000.0,-22000000.0,,5038000000.0,2328000000.0,22000000.0,2350000000.0,10515000000.0,1246300000.0,1242000000.0,1251000000.0
eBay Inc,EBAY,OML71K8X303XQONU6T67,1065088,2014.0,Q3TTM,2013-10-01,2014-09-30,,18000000.0,-0.08,-0.08,-0.1,,3519000000.0,2235000000.0,-127000000.0,-1036000000.0,909000000.0,-127000000.0,850000000.0,7255000000.0,-349000000.0,,523000000.0,791000000.0,,754000000.0,501000000.0,6754000000.0,-50000000.0,,4321000000.0,2433000000.0,50000000.0,2483000000.0,7255000000.0,1246300000.0,1242000000.0,1251000000.0
eBay Inc,EBAY,OML71K8X303XQONU6T67,1065088,2014.0,Q2,2014-04-01,2014-06-30,2015-07-21 17:14:30+00:00,38000000.0,0.54,0.54,0.53,,144000000.0,885000000.0,676000000.0,720000000.0,-44000000.0,676000000.0,1181000000.0,4103000000.0,,,229000000.0,468000000.0,,448000000.0,1181000000.0,2922000000.0,-10000000.0,,2068000000.0,854000000.0,10000000.0,864000000.0,4103000000.0,1251900000.0,1258000000.0,1267000000.0
eBay Inc,EBAY,OML71K8X303XQONU6T67,1065088,2014.0,Q2YTD,2014-01-01,2014-06-30,,117000000.0,-1.28,-1.28,-1.29,,3343000000.0,1690000000.0,-1650000000.0,-1606000000.0,-44000000.0,-1650000000.0,2532000000.0,8365000000.0,204000000.0,,229000000.0,948000000.0,,913000000.0,2736000000.0,5629000000.0,-5000000.0,,3897000000.0,1732000000.0,5000000.0,1737000000.0,8365000000.0,1251900000.0,1258000000.0,1267000000.0
eBay Inc,EBAY,OML71K8X303XQONU6T67,1065088,2014.0,Q2TTM,2013-07-01,2014-06-30,,89000000.0,-0.09,-0.09,-0.11,,3599000000.0,2366000000.0,-111000000.0,-856000000.0,745000000.0,-111000000.0,1661000000.0,8997000000.0,-164000000.0,,465000000.0,978000000.0,,966000000.0,1497000000.0,7500000000.0,-107000000.0,,4864000000.0,2636000000.0,107000000.0,2743000000.0,8997000000.0,1251900000.0,1258000000.0,1267000000.0
eBay Inc,EBAY,OML71K8X303XQONU6T67,1065088,2014.0,Q1,2014-01-01,2014-03-31,2015-04-23 16:44:59+00:00,79000000.0,-1.82,-1.82,-1.82,,3199000000.0,805000000.0,-2326000000.0,-2326000000.0,,-2326000000.0,1351000000.0,4262000000.0,204000000.0,,,480000000.0,,465000000.0,1555000000.0,2707000000.0,5000000.0,,1829000000.0,878000000.0,-5000000.0,873000000.0,4262000000.0,1278000000.0,1276000000.0,1276000000.0
eBay Inc,EBAY,OML71K8X303XQONU6T67,1065088,2014.0,Q1TTM,2013-04-01,2014-03-31,,133000000.0,-0.14,-0.14,-0.15,,3571000000.0,2252000000.0,-147000000.0,-936000000.0,789000000.0,-147000000.0,1691000000.0,8771000000.0,29000000.0,,236000000.0,961000000.0,,937000000.0,1720000000.0,7051000000.0,-103000000.0,,4519000000.0,2532000000.0,103000000.0,2635000000.0,8771000000.0,1278000000.0,1276000000.0,1276000000.0
eBay Inc,EBAY,OML71K8X303XQONU6T67,1065088,2015.0,FY,2015-01-01,2015-12-31,2018-02-05 08:57:23+00:00,41000000.0,1.43,1.43,1.42,,459000000.0,2267000000.0,1725000000.0,1947000000.0,-222000000.0,1725000000.0,1771000000.0,8592000000.0,,,271000000.0,923000000.0,,1122000000.0,1771000000.0,6821000000.0,-209000000.0,,4624000000.0,2197000000.0,209000000.0,2406000000.0,8592000000.0,1206300000.0,1208000000.0,1220000000.0
eBay Inc,EBAY,OML71K8X303XQONU6T67,1065088,2015.0,Q4,2015-10-01,2015-12-31,,11000000.0,0.4,0.4,0.39,,127000000.0,595000000.0,477000000.0,523000000.0,-46000000.0,477000000.0,493000000.0,2322000000.0,,,72000000.0,229000000.0,,260000000.0,493000000.0,1829000000.0,12000000.0,,1167000000.0,662000000.0,-12000000.0,650000000.0,2322000000.0,1206300000.0,1208000000.0,1220000000.0
eBay Inc,EBAY,OML71K8X303XQONU6T67,1065088,2015.0,Q3,2015-07-01,2015-09-30,2016-10-20 17:00:38+00:00,10000000.0,0.45,0.45,0.45,,120000000.0,565000000.0,539000000.0,545000000.0,-6000000.0,539000000.0,433000000.0,2099000000.0,,,65000000.0,241000000.0,,207000000.0,433000000.0,1666000000.0,-87000000.0,,1088000000.0,578000000.0,87000000.0,665000000.0,2099000000.0,1197800000.0,1210000000.0,1223000000.0
eBay Inc,EBAY,OML71K8X303XQONU6T67,1065088,2015.0,Q3YTD,2015-01-01,2015-09-30,,30000000.0,1.03,1.03,1.03,,332000000.0,1672000000.0,1248000000.0,1424000000.0,-176000000.0,1248000000.0,1278000000.0,6270000000.0,,,199000000.0,694000000.0,,862000000.0,1278000000.0,4992000000.0,-221000000.0,,3457000000.0,1535000000.0,221000000.0,1756000000.0,6270000000.0,1197800000.0,1210000000.0,1223000000.0
eBay Inc,EBAY,OML71K8X303XQONU6T67,1065088,2015.0,Q3TTM,2014-10-01,2015-09-30,,-22000000.0,1.81,1.81,1.82,,265000000.0,1800000000.0,2271000000.0,1656000000.0,615000000.0,2271000000.0,-4000000.0,4545000000.0,-204000000.0,,174000000.0,483000000.0,,635000000.0,-208000000.0,4753000000.0,-238000000.0,,3070000000.0,1683000000.0,238000000.0,1921000000.0,4545000000.0,1197800000.0,1210000000.0,1223000000.0
eBay Inc,EBAY,OML71K8X303XQONU6T67,1065088,2015.0,Q2,2015-04-01,2015-06-30,2016-07-21 17:07:05+00:00,10000000.0,0.07,0.07,0.07,,122000000.0,588000000.0,83000000.0,430000000.0,-347000000.0,83000000.0,434000000.0,2110000000.0,,,65000000.0,232000000.0,,353000000.0,434000000.0,1676000000.0,-124000000.0,,1248000000.0,428000000.0,124000000.0,552000000.0,2110000000.0,1185700000.0,1217000000.0,1225000000.0
eBay Inc,EBAY,OML71K8X303XQONU6T67,1065088,2015.0,Q2YTD,2015-01-01,2015-06-30,,20000000.0,0.58,0.58,0.58,,212000000.0,1107000000.0,709000000.0,879000000.0,-170000000.0,709000000.0,845000000.0,4171000000.0,,,134000000.0,453000000.0,,655000000.0,845000000.0,3326000000.0,-134000000.0,,2369000000.0,957000000.0,134000000.0,1091000000.0,4171000000.0,1185700000.0,1217000000.0,1225000000.0
eBay Inc,EBAY,OML71K8X303XQONU6T67,1065088,2015.0,Q2TTM,2014-07-01,2015-06-30,,-22000000.0,1.9,1.9,1.91,,249000000.0,1859000000.0,2405000000.0,1620000000.0,785000000.0,2405000000.0,-24000000.0,4596000000.0,-204000000.0,,167000000.0,488000000.0,,631000000.0,-228000000.0,4824000000.0,-168000000.0,,3123000000.0,1701000000.0,168000000.0,1869000000.0,4596000000.0,1185700000.0,1217000000.0,1225000000.0
eBay Inc,EBAY,OML71K8X303XQONU6T67,1065088,2015.0,Q1,2015-01-01,2015-03-31,2016-04-26 21:05:54+00:00,10000000.0,0.51,0.51,0.51,,90000000.0,519000000.0,626000000.0,449000000.0,177000000.0,626000000.0,411000000.0,2061000000.0,,,69000000.0,221000000.0,,302000000.0,411000000.0,1650000000.0,-10000000.0,,1121000000.0,529000000.0,10000000.0,539000000.0,2061000000.0,1227500000.0,1216000000.0,1229000000.0
eBay Inc,EBAY,OML71K8X303XQONU6T67,1065088,2015.0,Q1TTM,2014-04-01,2015-03-31,,6000000.0,2.37,2.37,2.37,,271000000.0,2156000000.0,2998000000.0,1910000000.0,1088000000.0,2998000000.0,723000000.0,6589000000.0,-204000000.0,,331000000.0,724000000.0,,726000000.0,519000000.0,6070000000.0,-54000000.0,,3943000000.0,2127000000.0,54000000.0,2181000000.0,6589000000.0,1227500000.0,1216000000.0,1229000000.0
eBay Inc,EBAY,OML71K8X303XQONU6T67,1065088,2016.0,Q4,2016-10-01,2016-12-31,,10000000.0,5.24,5.24,5.2,,-3944000000.0,931000000.0,5936000000.0,5948000000.0,-12000000.0,5936000000.0,536000000.0,2714000000.0,,,59000000.0,292000000.0,,248000000.0,536000000.0,2178000000.0,-1366000000.0,,1540000000.0,638000000.0,1366000000.0,2004000000.0,2714000000.0,1133500000.0,1133000000.0,1144000000.0
eBay Inc,EBAY,OML71K8X303XQONU6T67,1065088,2016.0,Q3,2016-07-01,2016-09-30,2017-10-19 19:25:20+00:00,9000000.0,0.37,0.37,0.36,,115000000.0,600000000.0,413000000.0,418000000.0,-5000000.0,413000000.0,498000000.0,2217000000.0,,,56000000.0,288000000.0,,224000000.0,498000000.0,1719000000.0,9000000.0,,1177000000.0,542000000.0,-9000000.0,533000000.0,2217000000.0,1116200000.0,1126000000.0,1139000000.0
eBay Inc,EBAY,OML71K8X303XQONU6T67,1065088,2016.0,Q3YTD,2016-01-01,2016-09-30,,24000000.0,1.17,1.17,1.15,,310000000.0,1760000000.0,1330000000.0,1337000000.0,-7000000.0,1330000000.0,1468000000.0,6584000000.0,,,172000000.0,822000000.0,,651000000.0,1468000000.0,5116000000.0,40000000.0,,3429000000.0,1687000000.0,-40000000.0,1647000000.0,6584000000.0,1116200000.0,1126000000.0,1139000000.0
eBay Inc,EBAY,OML71K8X303XQONU6T67,1065088,2016.0,Q3TTM,2015-10-01,2016-09-30,,35000000.0,1.57,1.57,1.54,,437000000.0,2355000000.0,1807000000.0,1860000000.0,-53000000.0,1807000000.0,1961000000.0,8906000000.0,,,244000000.0,1051000000.0,,911000000.0,1961000000.0,6945000000.0,52000000.0,,4596000000.0,2349000000.0,-52000000.0,2297000000.0,8906000000.0,1116200000.0,1126000000.0,1139000000.0
eBay Inc,EBAY,OML71K8X303XQONU6T67,1065088,2016.0,Q2,2016-04-01,2016-06-30,2017-07-21 17:07:10+00:00,7000000.0,0.38,0.38,0.38,,86000000.0,622000000.0,435000000.0,437000000.0,-2000000.0,435000000.0,493000000.0,2230000000.0,,,64000000.0,295000000.0,,218000000.0,493000000.0,1737000000.0,8000000.0,,1206000000.0,531000000.0,-8000000.0,523000000.0,2230000000.0,1144700000.0,1144000000.0,1149000000.0
eBay Inc,EBAY,OML71K8X303XQONU6T67,1065088,2016.0,Q2YTD,2016-01-01,2016-06-30,,15000000.0,0.8,0.8,0.79,,195000000.0,1160000000.0,917000000.0,919000000.0,-2000000.0,917000000.0,970000000.0,4367000000.0,,,116000000.0,534000000.0,,427000000.0,970000000.0,3397000000.0,31000000.0,,2252000000.0,1145000000.0,-31000000.0,1114000000.0,4367000000.0,1144700000.0,1144000000.0,1149000000.0
eBay Inc,EBAY,OML71K8X303XQONU6T67,1065088,2016.0,Q2TTM,2015-07-01,2016-06-30,,36000000.0,1.65,1.65,1.63,,442000000.0,2320000000.0,1933000000.0,1987000000.0,-54000000.0,1933000000.0,1896000000.0,8788000000.0,,,253000000.0,1004000000.0,,894000000.0,1896000000.0,6892000000.0,-44000000.0,,4507000000.0,2385000000.0,44000000.0,2429000000.0,8788000000.0,1144700000.0,1144000000.0,1149000000.0
eBay Inc,EBAY,OML71K8X303XQONU6T67,1065088,2016.0,Q1,2016-01-01,2016-03-31,2017-04-20 17:04:33+00:00,8000000.0,0.42,0.42,0.41,,109000000.0,538000000.0,482000000.0,482000000.0,,482000000.0,477000000.0,2137000000.0,,,52000000.0,239000000.0,,209000000.0,477000000.0,1660000000.0,23000000.0,,1046000000.0,614000000.0,-23000000.0,591000000.0,2137000000.0,1147600000.0,1159000000.0,1170000000.0
eBay Inc,EBAY,OML71K8X303XQONU6T67,1065088,2016.0,Q1TTM,2015-04-01,2016-03-31,,39000000.0,1.34,1.34,1.32,,478000000.0,2286000000.0,1581000000.0,1980000000.0,-399000000.0,1581000000.0,1837000000.0,8668000000.0,,,254000000.0,941000000.0,,1029000000.0,1837000000.0,6831000000.0,-176000000.0,,4549000000.0,2282000000.0,176000000.0,2458000000.0,8668000000.0,1147600000.0,1159000000.0,1170000000.0
eBay Inc,EBAY,OML71K8X303XQONU6T67,1065088,2017.0,FY,2017-01-01,2017-12-31,2020-01-31 16:53:51+00:00,,-0.95,-0.95,-0.95,,3288000000.0,2878000000.0,-1017000000.0,-1013000000.0,-4000000.0,-1017000000.0,2221000000.0,9927000000.0,272000000.0,,38000000.0,1224000000.0,,1030000000.0,2493000000.0,7434000000.0,-11000000.0,,5170000000.0,2264000000.0,11000000.0,2275000000.0,9927000000.0,1070500000.0,1064000000.0,1064000000.0
eBay Inc,EBAY,OML71K8X303XQONU6T67,1065088,2017.0,Q2,2017-04-01,2017-06-30,2018-07-19 17:06:48+00:00,9000000.0,0.03,0.03,0.03,,433000000.0,727000000.0,29000000.0,29000000.0,0.0,29000000.0,560000000.0,2419000000.0,,,63000000.0,313000000.0,,267000000.0,560000000.0,1859000000.0,18000000.0,,1379000000.0,480000000.0,-18000000.0,462000000.0,2419000000.0,966700000.0,1076000000.0,1091000000.0
eBay Inc,EBAY,OML71K8X303XQONU6T67,1065088,2017.0,Q2YTD,2017-01-01,2017-06-30,,18000000.0,0.99,0.99,0.97,,-44000000.0,1375000000.0,1064000000.0,1064000000.0,,1064000000.0,1074000000.0,4722000000.0,,,125000000.0,591000000.0,,512000000.0,1074000000.0,3648000000.0,7000000.0,,2621000000.0,1027000000.0,-7000000.0,1020000000.0,4722000000.0,966700000.0,1076000000.0,1091000000.0
eBay Inc,EBAY,OML71K8X303XQONU6T67,1065088,2017.0,Q2TTM,2016-07-01,2017-06-30,,37000000.0,6.6,6.6,6.53,,-3873000000.0,2906000000.0,7413000000.0,7430000000.0,-17000000.0,7413000000.0,2108000000.0,9653000000.0,,,240000000.0,1171000000.0,,984000000.0,2108000000.0,7545000000.0,-1350000000.0,,5338000000.0,2207000000.0,1350000000.0,3557000000.0,9653000000.0,966700000.0,1076000000.0,1091000000.0
eBay Inc,EBAY,OML71K8X303XQONU6T67,1065088,2017.0,Q1,2017-01-01,2017-03-31,2018-04-26 16:32:47+00:00,9000000.0,0.96,0.96,0.94,,-477000000.0,648000000.0,1035000000.0,1035000000.0,,1035000000.0,514000000.0,2303000000.0,,,62000000.0,278000000.0,,245000000.0,514000000.0,1789000000.0,-11000000.0,,1242000000.0,547000000.0,11000000.0,558000000.0,2303000000.0,1078100000.0,1083000000.0,1102000000.0
eBay Inc,EBAY,OML71K8X303XQONU6T67,1065088,2017.0,Q1TTM,2016-04-01,2017-03-31,,35000000.0,6.95,6.95,6.88,,-4220000000.0,2801000000.0,7819000000.0,7838000000.0,-19000000.0,7819000000.0,2041000000.0,9464000000.0,,,241000000.0,1153000000.0,,935000000.0,2041000000.0,7423000000.0,-1360000000.0,,5165000000.0,2258000000.0,1360000000.0,3618000000.0,9464000000.0,1078100000.0,1083000000.0,1102000000.0
eBay Inc,EBAY,OML71K8X303XQONU6T67,1065088,2018.0,FY,2018-01-01,2018-12-31,2020-01-31 16:53:51+00:00,,2.58,2.58,2.55,,190000000.0,3391000000.0,2530000000.0,2528000000.0,2000000.0,2530000000.0,2382000000.0,10746000000.0,286000000.0,,49000000.0,1285000000.0,,1131000000.0,2668000000.0,8078000000.0,-496000000.0,,5856000000.0,2222000000.0,496000000.0,2718000000.0,10746000000.0,980600000.0,980000000.0,991000000.0
eBay Inc,EBAY,OML71K8X303XQONU6T67,1065088,2018.0,Q4,2018-10-01,2018-12-31,,-36000000.0,0.8,0.8,0.78,,-247000000.0,945000000.0,760000000.0,763000000.0,-3000000.0,760000000.0,618000000.0,2877000000.0,286000000.0,,-154000000.0,292000000.0,,245000000.0,904000000.0,1973000000.0,165000000.0,,1292000000.0,681000000.0,-165000000.0,516000000.0,2877000000.0,980600000.0,980000000.0,991000000.0
eBay Inc,EBAY,OML71K8X303XQONU6T67,1065088,2018.0,Q3,2018-07-01,2018-09-30,2019-10-24 19:08:46+00:00,13000000.0,0.74,0.74,0.73,,228000000.0,852000000.0,721000000.0,720000000.0,1000000.0,721000000.0,608000000.0,2649000000.0,,,65000000.0,307000000.0,,248000000.0,608000000.0,2041000000.0,-392000000.0,,1485000000.0,556000000.0,392000000.0,948000000.0,2649000000.0,974300000.0,974000000.0,983000000.0
eBay Inc,EBAY,OML71K8X303XQONU6T67,1065088,2018.0,Q3YTD,2018-01-01,2018-09-30,,36000000.0,1.78,1.78,1.77,,437000000.0,2446000000.0,1770000000.0,1765000000.0,5000000.0,1770000000.0,1764000000.0,7869000000.0,,,203000000.0,993000000.0,,886000000.0,1764000000.0,6105000000.0,-661000000.0,,4564000000.0,1541000000.0,661000000.0,2202000000.0,7869000000.0,974300000.0,974000000.0,983000000.0
eBay Inc,EBAY,OML71K8X303XQONU6T67,1065088,2018.0,Q2,2018-04-01,2018-06-30,2019-07-18 16:20:28+00:00,13000000.0,0.64,0.64,0.64,,69000000.0,838000000.0,642000000.0,638000000.0,4000000.0,642000000.0,597000000.0,2640000000.0,,,66000000.0,352000000.0,,368000000.0,597000000.0,2043000000.0,-301000000.0,,1637000000.0,406000000.0,301000000.0,707000000.0,2640000000.0,1003100000.0,992000000.0,1004000000.0
eBay Inc,EBAY,OML71K8X303XQONU6T67,1065088,2018.0,Q2YTD,2018-01-01,2018-06-30,,23000000.0,1.04,1.04,1.04,,209000000.0,1594000000.0,1049000000.0,1045000000.0,4000000.0,1049000000.0,1156000000.0,5220000000.0,,,138000000.0,686000000.0,,638000000.0,1156000000.0,4064000000.0,-269000000.0,,3079000000.0,985000000.0,269000000.0,1254000000.0,5220000000.0,1003100000.0,992000000.0,1004000000.0
eBay Inc,EBAY,OML71K8X303XQONU6T67,1065088,2018.0,Q2TTM,2017-07-01,2018-06-30,,5000000.0,-0.9,-0.9,-0.88,,3541000000.0,3097000000.0,-1032000000.0,-1032000000.0,,-1032000000.0,2303000000.0,10425000000.0,272000000.0,,51000000.0,1319000000.0,,1156000000.0,2575000000.0,7850000000.0,-287000000.0,,5628000000.0,2222000000.0,287000000.0,2509000000.0,10425000000.0,1003100000.0,992000000.0,1004000000.0
eBay Inc,EBAY,OML71K8X303XQONU6T67,1065088,2018.0,Q1,2018-01-01,2018-03-31,2019-04-24 16:55:10+00:00,10000000.0,0.4,0.4,0.4,,140000000.0,756000000.0,407000000.0,407000000.0,0.0,407000000.0,559000000.0,2580000000.0,,,72000000.0,334000000.0,,270000000.0,559000000.0,2021000000.0,32000000.0,,1442000000.0,579000000.0,-32000000.0,547000000.0,2580000000.0,1017500000.0,1010000000.0,1029000000.0
eBay Inc,EBAY,OML71K8X303XQONU6T67,1065088,2018.0,Q1TTM,2017-04-01,2018-03-31,,1000000.0,-1.51,-1.51,-1.49,,3905000000.0,2986000000.0,-1645000000.0,-1641000000.0,-4000000.0,-1645000000.0,2266000000.0,10204000000.0,272000000.0,,48000000.0,1280000000.0,,1055000000.0,2538000000.0,7666000000.0,32000000.0,,5370000000.0,2296000000.0,-32000000.0,2264000000.0,10204000000.0,1017500000.0,1010000000.0,1029000000.0
eBay Inc,EBAY,OML71K8X303XQONU6T67,1065088,2019.0,Q4,2019-10-01,2019-12-31,,-35000000.0,0.68,0.68,0.69,,87000000.0,924000000.0,556000000.0,563000000.0,-7000000.0,556000000.0,712000000.0,3051000000.0,233000000.0,,-99000000.0,333000000.0,,348000000.0,945000000.0,2106000000.0,-15000000.0,,1471000000.0,635000000.0,15000000.0,650000000.0,3051000000.0,850500000.0,849000000.0,856000000.0
eBay Inc,EBAY,OML71K8X303XQONU6T67,1065088,2019.0,FY,2019-01-01,2019-12-31,2020-01-31 16:53:51+00:00,,2.1,2.1,2.09,,415000000.0,3194000000.0,1786000000.0,1792000000.0,-6000000.0,1786000000.0,2508000000.0,10800000000.0,300000000.0,,48000000.0,1240000000.0,,1189000000.0,2808000000.0,7992000000.0,114000000.0,,5671000000.0,2321000000.0,-114000000.0,2207000000.0,10800000000.0,850500000.0,849000000.0,856000000.0
eBay Inc,EBAY,OML71K8X303XQONU6T67,1065088,2019.0,Q3YTD,2019-01-01,2019-09-30,,35000000.0,1.42,1.42,1.4,,328000000.0,2270000000.0,1230000000.0,1229000000.0,1000000.0,1230000000.0,1796000000.0,7749000000.0,67000000.0,,147000000.0,907000000.0,,841000000.0,1863000000.0,5886000000.0,129000000.0,,4200000000.0,1686000000.0,-129000000.0,1557000000.0,7749000000.0,837800000.0,830000000.0,837000000.0
eBay Inc,EBAY,OML71K8X303XQONU6T67,1065088,2019.0,Q3TTM,2018-10-01,2019-09-30,,-1000000.0,2.22,2.22,2.18,,81000000.0,3215000000.0,1990000000.0,1992000000.0,-2000000.0,1990000000.0,2414000000.0,10626000000.0,353000000.0,,-7000000.0,1199000000.0,,1086000000.0,2767000000.0,7859000000.0,294000000.0,,5492000000.0,2367000000.0,-294000000.0,2073000000.0,10626000000.0,837800000.0,830000000.0,837000000.0
eBay Inc,EBAY,OML71K8X303XQONU6T67,1065088,2019.0,Q3,2019-07-01,2019-09-30,2019-10-24 19:08:46+00:00,12000000.0,0.37,0.37,0.37,,80000000.0,806000000.0,310000000.0,310000000.0,0.0,310000000.0,627000000.0,2649000000.0,,,76000000.0,313000000.0,,283000000.0,627000000.0,2022000000.0,142000000.0,,1490000000.0,532000000.0,-142000000.0,390000000.0,2649000000.0,837800000.0,830000000.0,837000000.0
eBay Inc,EBAY,OML71K8X303XQONU6T67,1065088,2019.0,Q2YTD,2019-01-01,2019-06-30,,23000000.0,1.05,1.05,1.03,,248000000.0,1464000000.0,920000000.0,919000000.0,1000000.0,920000000.0,1169000000.0,5100000000.0,67000000.0,,71000000.0,594000000.0,,558000000.0,1236000000.0,3864000000.0,-13000000.0,,2710000000.0,1154000000.0,13000000.0,1167000000.0,5100000000.0,855300000.0,860000000.0,867000000.0
eBay Inc,EBAY,OML71K8X303XQONU6T67,1065088,2019.0,Q2TTM,2018-07-01,2019-06-30,,,2.59,2.59,2.54,,229000000.0,3261000000.0,2401000000.0,2402000000.0,-1000000.0,2401000000.0,2395000000.0,10626000000.0,353000000.0,,-18000000.0,1193000000.0,,1051000000.0,2748000000.0,7878000000.0,-240000000.0,,5487000000.0,2391000000.0,240000000.0,2631000000.0,10626000000.0,855300000.0,860000000.0,867000000.0
eBay Inc,EBAY,OML71K8X303XQONU6T67,1065088,2019.0,Q2,2019-04-01,2019-06-30,2019-07-18 16:20:28+00:00,12000000.0,0.47,0.47,0.46,,107000000.0,817000000.0,402000000.0,403000000.0,-1000000.0,402000000.0,630000000.0,2687000000.0,,,71000000.0,322000000.0,,274000000.0,630000000.0,2057000000.0,51000000.0,,1496000000.0,561000000.0,-51000000.0,510000000.0,2687000000.0,855300000.0,860000000.0,867000000.0
eBay Inc,EBAY,OML71K8X303XQONU6T67,1065088,2019.0,Q1,2019-01-01,2019-03-31,2020-04-30 17:17:01+00:00,11000000.0,0.58,0.58,0.57,,141000000.0,647000000.0,518000000.0,516000000.0,2000000.0,518000000.0,539000000.0,2413000000.0,67000000.0,,,272000000.0,,284000000.0,606000000.0,1807000000.0,-64000000.0,,1214000000.0,593000000.0,64000000.0,657000000.0,2413000000.0,893100000.0,900000000.0,908000000.0
eBay Inc,EBAY,OML71K8X303XQONU6T67,1065088,2019.0,Q1TTM,2018-04-01,2019-03-31,,1000000.0,2.76,2.76,2.72,,191000000.0,3282000000.0,2641000000.0,2637000000.0,4000000.0,2641000000.0,2362000000.0,10579000000.0,353000000.0,,-23000000.0,1223000000.0,,1145000000.0,2715000000.0,7864000000.0,-592000000.0,,5628000000.0,2236000000.0,592000000.0,2828000000.0,10579000000.0,893100000.0,900000000.0,908000000.0
eBay Inc,EBAY,OML71K8X303XQONU6T67,1065088,2020.0,Q1TTM,2019-04-01,2020-03-31,,-2000000.0,6.05,6.05,6.03,,420000000.0,3154000000.0,4680000000.0,1761000000.0,2919000000.0,4680000000.0,2495000000.0,10761000000.0,335000000.0,,48000000.0,1235000000.0,,1139000000.0,2830000000.0,7931000000.0,176000000.0,,5574000000.0,2357000000.0,-176000000.0,2181000000.0,10761000000.0,753200000.0,753000000.0,757000000.0
eBay Inc,EBAY,OML71K8X303XQONU6T67,1065088,2020.0,Q1,2020-01-01,2020-03-31,2020-04-30 17:17:01+00:00,9000000.0,4.53,4.53,4.51,,146000000.0,607000000.0,3412000000.0,485000000.0,2927000000.0,3412000000.0,526000000.0,2374000000.0,102000000.0,,,267000000.0,,234000000.0,628000000.0,1746000000.0,-2000000.0,,1117000000.0,629000000.0,2000000.0,631000000.0,2374000000.0,753200000.0,753000000.0,757000000.0
