company_name,company_ticker,company_lei,company_cik,year,quarter,start_date,end_date,filing_date,basicdilutedeps,basiceps,cashdividendspershare,dilutedeps,impairmentexpense,incometaxexpense,marketingexpense,netincome,netincomecontinuing,netincometocommon,operatingcostofrevenue,operatingrevenue,otherincome,rdexpense,restructuringcharge,sgaexpense,totalcostofrevenue,totalgrossprofit,totaloperatingexpenses,totaloperatingincome,totalotherincome,totalpretaxincome,totalrevenue,weightedavebasicdilutedsharesos,weightedavebasicsharesos,weightedavedilutedsharesos
Microsoft Corp,MSFT,INR2EJN1ERAN0W5ZP974,789019,2008.0,FY,2007-07-01,2008-06-30,2010-07-30 11:30:38+00:00,1.9,1.9,0.44,1.87,,6133000000.0,13260000000.0,17681000000.0,17681000000.0,17681000000.0,11598000000.0,60420000000.0,1543000000.0,8164000000.0,0.0,5127000000.0,11598000000.0,48822000000.0,26551000000.0,22271000000.0,1543000000.0,23814000000.0,60420000000.0,9305800000.0,9328000000.0,9470000000.0
Microsoft Corp,MSFT,INR2EJN1ERAN0W5ZP974,789019,2009.0,Q4,2009-04-01,2009-06-30,,0.35,0.35,0.13,0.34,,1097000000.0,3192000000.0,3045000000.0,3045000000.0,3045000000.0,2586000000.0,13099000000.0,155000000.0,2225000000.0,-290000000.0,1399000000.0,2586000000.0,10513000000.0,6526000000.0,3987000000.0,155000000.0,4142000000.0,13099000000.0,8938000000.0,8945000000.0,8996000000.0
Microsoft Corp,MSFT,INR2EJN1ERAN0W5ZP974,789019,2009.0,FY,2008-07-01,2009-06-30,2011-07-28 14:59:09+00:00,1.63,1.63,0.52,1.62,,5252000000.0,12879000000.0,14569000000.0,14569000000.0,14569000000.0,12155000000.0,58437000000.0,-542000000.0,9010000000.0,,4030000000.0,12155000000.0,46282000000.0,25919000000.0,20363000000.0,-542000000.0,19821000000.0,58437000000.0,8938000000.0,8945000000.0,8996000000.0
Microsoft Corp,MSFT,INR2EJN1ERAN0W5ZP974,789019,2009.0,Q3YTD,2008-07-01,2009-03-31,,1.28,1.28,0.39,1.28,,4155000000.0,9687000000.0,11524000000.0,11524000000.0,11524000000.0,9569000000.0,45338000000.0,-697000000.0,6785000000.0,290000000.0,2631000000.0,9569000000.0,35769000000.0,19393000000.0,16376000000.0,-697000000.0,15679000000.0,45338000000.0,9021200000.0,8891000000.0,8904000000.0
Microsoft Corp,MSFT,INR2EJN1ERAN0W5ZP974,789019,2009.0,Q3,2009-01-01,2009-03-31,2010-04-22 16:18:52+00:00,0.33,0.33,0.13,0.33,,1073000000.0,2981000000.0,2977000000.0,2977000000.0,2977000000.0,2814000000.0,13648000000.0,-388000000.0,2212000000.0,290000000.0,913000000.0,2814000000.0,10834000000.0,6396000000.0,4438000000.0,-388000000.0,4050000000.0,13648000000.0,9021200000.0,8891000000.0,8904000000.0
Microsoft Corp,MSFT,INR2EJN1ERAN0W5ZP974,789019,2009.0,Q2YTD,2008-07-01,2008-12-31,,0.95,0.95,0.26,0.95,,3082000000.0,6706000000.0,8547000000.0,8547000000.0,8547000000.0,6755000000.0,31690000000.0,-309000000.0,4573000000.0,,1718000000.0,6755000000.0,24935000000.0,12997000000.0,11938000000.0,-309000000.0,11629000000.0,31690000000.0,8880900000.0,8903000000.0,8914000000.0
Microsoft Corp,MSFT,INR2EJN1ERAN0W5ZP974,789019,2009.0,Q2,2008-10-01,2008-12-31,2010-01-28 16:11:45+00:00,0.47,0.47,0.13,0.47,,1464000000.0,3662000000.0,4174000000.0,4174000000.0,4174000000.0,3907000000.0,16629000000.0,-301000000.0,2290000000.0,0.0,831000000.0,3907000000.0,12722000000.0,6783000000.0,5939000000.0,-301000000.0,5638000000.0,16629000000.0,8880900000.0,8903000000.0,8914000000.0
Microsoft Corp,MSFT,INR2EJN1ERAN0W5ZP974,789019,2009.0,Q1,2008-07-01,2008-09-30,2009-10-23 08:34:21+00:00,0.48,0.48,0.13,0.48,,1618000000.0,3044000000.0,4373000000.0,4373000000.0,4373000000.0,2848000000.0,15061000000.0,-8000000.0,2283000000.0,0.0,887000000.0,2848000000.0,12213000000.0,6214000000.0,5999000000.0,-8000000.0,5991000000.0,15061000000.0,9110400000.0,9084000000.0,9183000000.0
Microsoft Corp,MSFT,INR2EJN1ERAN0W5ZP974,789019,2010.0,Q4,2010-04-01,2010-06-30,,0.52,0.52,0.13,0.51,,1506000000.0,3602000000.0,4518000000.0,4518000000.0,4518000000.0,3170000000.0,16039000000.0,94000000.0,2350000000.0,,987000000.0,3170000000.0,12869000000.0,6939000000.0,5930000000.0,94000000.0,6024000000.0,16039000000.0,8807500000.0,8813000000.0,8927000000.0
Microsoft Corp,MSFT,INR2EJN1ERAN0W5ZP974,789019,2010.0,FY,2009-07-01,2010-06-30,2012-07-26 16:12:48+00:00,2.13,2.13,0.52,2.1,0.0,6253000000.0,13214000000.0,18760000000.0,18760000000.0,18760000000.0,12395000000.0,62484000000.0,915000000.0,8714000000.0,,4063000000.0,12395000000.0,50089000000.0,25991000000.0,24098000000.0,915000000.0,25013000000.0,62484000000.0,8807500000.0,8813000000.0,8927000000.0
Microsoft Corp,MSFT,INR2EJN1ERAN0W5ZP974,789019,2010.0,Q3YTD,2009-07-01,2010-03-31,,1.61,1.61,0.39,1.59,,4747000000.0,9612000000.0,14242000000.0,14242000000.0,14242000000.0,9225000000.0,46445000000.0,821000000.0,6364000000.0,,3076000000.0,9225000000.0,37220000000.0,19052000000.0,18168000000.0,821000000.0,18989000000.0,46445000000.0,8708700000.0,8767000000.0,8876000000.0
Microsoft Corp,MSFT,INR2EJN1ERAN0W5ZP974,789019,2010.0,Q3TTM,2009-04-01,2010-03-31,,1.96,1.96,0.52,1.93,,5844000000.0,12804000000.0,17287000000.0,17287000000.0,17287000000.0,11811000000.0,59544000000.0,976000000.0,8589000000.0,-290000000.0,4475000000.0,11811000000.0,47733000000.0,25578000000.0,22155000000.0,976000000.0,23131000000.0,59544000000.0,8708700000.0,8767000000.0,8876000000.0
Microsoft Corp,MSFT,INR2EJN1ERAN0W5ZP974,789019,2010.0,Q3,2010-01-01,2010-03-31,2011-04-28 16:09:30+00:00,0.46,0.46,0.13,0.45,,1335000000.0,3203000000.0,4006000000.0,4006000000.0,4006000000.0,2755000000.0,14503000000.0,168000000.0,2220000000.0,,1152000000.0,2755000000.0,11748000000.0,6575000000.0,5173000000.0,168000000.0,5341000000.0,14503000000.0,8708700000.0,8767000000.0,8876000000.0
Microsoft Corp,MSFT,INR2EJN1ERAN0W5ZP974,789019,2010.0,Q2YTD,2009-07-01,2009-12-31,,1.15,1.15,0.26,1.14,,3412000000.0,6409000000.0,10236000000.0,10236000000.0,10236000000.0,6470000000.0,31942000000.0,653000000.0,4144000000.0,,1924000000.0,6470000000.0,25472000000.0,12477000000.0,12995000000.0,653000000.0,13648000000.0,31942000000.0,8882700000.0,8856000000.0,8951000000.0
Microsoft Corp,MSFT,INR2EJN1ERAN0W5ZP974,789019,2010.0,Q2TTM,2009-01-01,2009-12-31,,1.83,1.83,0.52,1.81,,5582000000.0,12582000000.0,16258000000.0,16258000000.0,16258000000.0,11870000000.0,58689000000.0,420000000.0,8581000000.0,,4236000000.0,11870000000.0,46819000000.0,25399000000.0,21420000000.0,420000000.0,21840000000.0,58689000000.0,8882700000.0,8856000000.0,8951000000.0
Microsoft Corp,MSFT,INR2EJN1ERAN0W5ZP974,789019,2010.0,Q2,2009-10-01,2009-12-31,2011-01-27 16:00:33+00:00,0.75,0.75,0.13,0.74,,2221000000.0,3619000000.0,6662000000.0,6662000000.0,6662000000.0,3628000000.0,19022000000.0,370000000.0,2079000000.0,,1183000000.0,3628000000.0,15394000000.0,6881000000.0,8513000000.0,370000000.0,8883000000.0,19022000000.0,8882700000.0,8856000000.0,8951000000.0
Microsoft Corp,MSFT,INR2EJN1ERAN0W5ZP974,789019,2010.0,Q1TTM,2008-10-01,2009-09-30,,1.55,1.55,0.52,1.54,,4825000000.0,12625000000.0,13770000000.0,13770000000.0,13770000000.0,12149000000.0,56296000000.0,-251000000.0,8792000000.0,,3884000000.0,12149000000.0,44147000000.0,25301000000.0,18846000000.0,-251000000.0,18595000000.0,56296000000.0,8935000000.0,8914000000.0,8983000000.0
Microsoft Corp,MSFT,INR2EJN1ERAN0W5ZP974,789019,2010.0,Q1,2009-07-01,2009-09-30,2010-10-28 16:36:15+00:00,0.4,0.4,0.13,0.4,,1191000000.0,2790000000.0,3574000000.0,3574000000.0,3574000000.0,2842000000.0,12920000000.0,283000000.0,2065000000.0,,741000000.0,2842000000.0,10078000000.0,5596000000.0,4482000000.0,283000000.0,4765000000.0,12920000000.0,8935000000.0,8914000000.0,8983000000.0
Microsoft Corp,MSFT,INR2EJN1ERAN0W5ZP974,789019,2011.0,Q4,2011-04-01,2011-06-30,,0.7,0.7,0.16,0.69,,445000000.0,3916000000.0,5874000000.0,5874000000.0,5874000000.0,3708000000.0,17367000000.0,148000000.0,2393000000.0,,1179000000.0,3708000000.0,13659000000.0,7488000000.0,6171000000.0,148000000.0,6319000000.0,17367000000.0,8479900000.0,8490000000.0,8593000000.0
Microsoft Corp,MSFT,INR2EJN1ERAN0W5ZP974,789019,2011.0,FY,2010-07-01,2011-06-30,2013-07-30 16:14:49+00:00,2.73,2.73,0.64,2.69,0.0,4921000000.0,13940000000.0,23150000000.0,23150000000.0,23150000000.0,15577000000.0,69943000000.0,910000000.0,9043000000.0,,4222000000.0,15577000000.0,54366000000.0,27205000000.0,27161000000.0,910000000.0,28071000000.0,69943000000.0,8479900000.0,8490000000.0,8593000000.0
Microsoft Corp,MSFT,INR2EJN1ERAN0W5ZP974,789019,2011.0,Q3YTD,2010-07-01,2011-03-31,,2.03,2.03,0.48,2.0,,4476000000.0,10024000000.0,17276000000.0,17276000000.0,17276000000.0,11869000000.0,52576000000.0,762000000.0,6650000000.0,,3043000000.0,11869000000.0,40707000000.0,19717000000.0,20990000000.0,762000000.0,21752000000.0,52576000000.0,8438700000.0,8420000000.0,8510000000.0
Microsoft Corp,MSFT,INR2EJN1ERAN0W5ZP974,789019,2011.0,Q3TTM,2010-04-01,2011-03-31,,2.55,2.55,0.61,2.51,,5982000000.0,13626000000.0,21794000000.0,21794000000.0,21794000000.0,15039000000.0,68615000000.0,856000000.0,9000000000.0,,4030000000.0,15039000000.0,53576000000.0,26656000000.0,26920000000.0,856000000.0,27776000000.0,68615000000.0,8438700000.0,8420000000.0,8510000000.0
Microsoft Corp,MSFT,INR2EJN1ERAN0W5ZP974,789019,2011.0,Q3,2011-01-01,2011-03-31,2012-04-19 16:06:08+00:00,0.62,0.62,0.16,0.61,,793000000.0,3393000000.0,5232000000.0,5232000000.0,5232000000.0,3897000000.0,16428000000.0,316000000.0,2269000000.0,,1160000000.0,3897000000.0,12531000000.0,6822000000.0,5709000000.0,316000000.0,6025000000.0,16428000000.0,8438700000.0,8420000000.0,8510000000.0
Microsoft Corp,MSFT,INR2EJN1ERAN0W5ZP974,789019,2011.0,Q2YTD,2010-07-01,2010-12-31,,1.41,1.41,0.32,1.39,,3683000000.0,6631000000.0,12044000000.0,12044000000.0,12044000000.0,7972000000.0,36148000000.0,446000000.0,4381000000.0,,1883000000.0,7972000000.0,28176000000.0,12895000000.0,15281000000.0,446000000.0,15727000000.0,36148000000.0,8505100000.0,8497000000.0,8570000000.0
Microsoft Corp,MSFT,INR2EJN1ERAN0W5ZP974,789019,2011.0,Q2TTM,2010-01-01,2010-12-31,,2.39,2.39,0.58,2.35,,6524000000.0,13436000000.0,20568000000.0,20568000000.0,20568000000.0,13897000000.0,66690000000.0,708000000.0,8951000000.0,,4022000000.0,13897000000.0,52793000000.0,26409000000.0,26384000000.0,708000000.0,27092000000.0,66690000000.0,8505100000.0,8497000000.0,8570000000.0
Microsoft Corp,MSFT,INR2EJN1ERAN0W5ZP974,789019,2011.0,Q2,2010-10-01,2010-12-31,2012-01-27 15:04:25+00:00,0.78,0.78,0.16,0.77,,1863000000.0,3825000000.0,6634000000.0,6634000000.0,6634000000.0,4833000000.0,19953000000.0,332000000.0,2185000000.0,,945000000.0,4833000000.0,15120000000.0,6955000000.0,8165000000.0,332000000.0,8497000000.0,19953000000.0,8505100000.0,8497000000.0,8570000000.0
Microsoft Corp,MSFT,INR2EJN1ERAN0W5ZP974,789019,2011.0,Q1TTM,2009-10-01,2010-09-30,,2.36,2.36,0.55,2.32,,6882000000.0,13230000000.0,20596000000.0,20596000000.0,20596000000.0,12692000000.0,65759000000.0,746000000.0,8845000000.0,,4260000000.0,12692000000.0,53067000000.0,26335000000.0,26732000000.0,746000000.0,27478000000.0,65759000000.0,8587300000.0,8614000000.0,8695000000.0
Microsoft Corp,MSFT,INR2EJN1ERAN0W5ZP974,789019,2011.0,Q1,2010-07-01,2010-09-30,2011-10-20 16:08:23+00:00,0.63,0.63,0.16,0.62,,1820000000.0,2806000000.0,5410000000.0,5410000000.0,5410000000.0,3139000000.0,16195000000.0,114000000.0,2196000000.0,,938000000.0,3139000000.0,13056000000.0,5940000000.0,7116000000.0,114000000.0,7230000000.0,16195000000.0,8587300000.0,8614000000.0,8695000000.0
Microsoft Corp,MSFT,INR2EJN1ERAN0W5ZP974,789019,2012.0,Q4,2012-04-01,2012-06-30,,-0.06,-0.06,0.2,-0.06,6193000000.0,851000000.0,3781000000.0,-492000000.0,-492000000.0,-492000000.0,4163000000.0,18059000000.0,167000000.0,2594000000.0,,1136000000.0,4163000000.0,13896000000.0,13704000000.0,192000000.0,167000000.0,359000000.0,18059000000.0,8405000000.0,8396000000.0,8506000000.0
Microsoft Corp,MSFT,INR2EJN1ERAN0W5ZP974,789019,2012.0,FY,2011-07-01,2012-06-30,2014-07-31 17:16:52+00:00,2.02,2.02,0.8,2.0,6193000000.0,5289000000.0,13857000000.0,16978000000.0,16978000000.0,16978000000.0,17530000000.0,73723000000.0,504000000.0,9811000000.0,0.0,4569000000.0,17530000000.0,56193000000.0,34430000000.0,21763000000.0,504000000.0,22267000000.0,73723000000.0,8405000000.0,8396000000.0,8506000000.0
Microsoft Corp,MSFT,INR2EJN1ERAN0W5ZP974,789019,2012.0,Q3YTD,2011-07-01,2012-03-31,,2.08,2.08,0.6,2.06,,4438000000.0,10076000000.0,17470000000.0,17470000000.0,17470000000.0,13367000000.0,55664000000.0,337000000.0,7217000000.0,,3433000000.0,13367000000.0,42297000000.0,20726000000.0,21571000000.0,337000000.0,21908000000.0,55664000000.0,8373800000.0,8401000000.0,8498000000.0
Microsoft Corp,MSFT,INR2EJN1ERAN0W5ZP974,789019,2012.0,Q3TTM,2011-04-01,2012-03-31,,2.78,2.78,0.76,2.75,,4883000000.0,13992000000.0,23344000000.0,23344000000.0,23344000000.0,17075000000.0,73031000000.0,485000000.0,9610000000.0,,4612000000.0,17075000000.0,55956000000.0,28214000000.0,27742000000.0,485000000.0,28227000000.0,73031000000.0,8373800000.0,8401000000.0,8498000000.0
Microsoft Corp,MSFT,INR2EJN1ERAN0W5ZP974,789019,2012.0,Q3,2012-01-01,2012-03-31,2013-04-18 16:07:37+00:00,0.61,0.61,0.2,0.6,,1255000000.0,3414000000.0,5108000000.0,5108000000.0,5108000000.0,3952000000.0,17407000000.0,-11000000.0,2517000000.0,,1150000000.0,3952000000.0,13455000000.0,7081000000.0,6374000000.0,-11000000.0,6363000000.0,17407000000.0,8373800000.0,8401000000.0,8498000000.0
Microsoft Corp,MSFT,INR2EJN1ERAN0W5ZP974,789019,2012.0,Q2YTD,2011-07-01,2011-12-31,,1.47,1.47,0.4,1.46,,3183000000.0,6662000000.0,12362000000.0,12362000000.0,12362000000.0,9415000000.0,38257000000.0,348000000.0,4700000000.0,,2283000000.0,9415000000.0,28842000000.0,13645000000.0,15197000000.0,348000000.0,15545000000.0,38257000000.0,8384800000.0,8402000000.0,8465000000.0
Microsoft Corp,MSFT,INR2EJN1ERAN0W5ZP974,789019,2012.0,Q2TTM,2011-01-01,2011-12-31,,2.79,2.79,0.72,2.76,,4421000000.0,13971000000.0,23468000000.0,23468000000.0,23468000000.0,17020000000.0,72052000000.0,812000000.0,9362000000.0,,4622000000.0,17020000000.0,55032000000.0,27955000000.0,27077000000.0,812000000.0,27889000000.0,72052000000.0,8384800000.0,8402000000.0,8465000000.0
Microsoft Corp,MSFT,INR2EJN1ERAN0W5ZP974,789019,2012.0,Q2,2011-10-01,2011-12-31,2013-01-24 16:10:59+00:00,0.79,0.79,0.2,0.78,,1615000000.0,3762000000.0,6624000000.0,6624000000.0,6624000000.0,5638000000.0,20885000000.0,245000000.0,2371000000.0,,1120000000.0,5638000000.0,15247000000.0,7253000000.0,7994000000.0,245000000.0,8239000000.0,20885000000.0,8384800000.0,8402000000.0,8465000000.0
Microsoft Corp,MSFT,INR2EJN1ERAN0W5ZP974,789019,2012.0,Q1TTM,2010-10-01,2011-09-30,,2.78,2.78,0.68,2.75,,4669000000.0,14034000000.0,23478000000.0,23478000000.0,23478000000.0,16215000000.0,71120000000.0,899000000.0,9176000000.0,,4447000000.0,16215000000.0,54905000000.0,27657000000.0,27248000000.0,899000000.0,28147000000.0,71120000000.0,8438200000.0,8392000000.0,8490000000.0
Microsoft Corp,MSFT,INR2EJN1ERAN0W5ZP974,789019,2012.0,Q1,2011-07-01,2011-09-30,2012-10-18 16:04:23+00:00,0.68,0.68,0.2,0.68,,1568000000.0,2900000000.0,5738000000.0,5738000000.0,5738000000.0,3777000000.0,17372000000.0,103000000.0,2329000000.0,,1163000000.0,3777000000.0,13595000000.0,6392000000.0,7203000000.0,103000000.0,7306000000.0,17372000000.0,8438200000.0,8392000000.0,8490000000.0
Microsoft Corp,MSFT,INR2EJN1ERAN0W5ZP974,789019,2013.0,Q4,2013-04-01,2013-06-30,,0.6,0.6,0.23,0.57,,1180000000.0,4228000000.0,4965000000.0,4965000000.0,4965000000.0,5738000000.0,19896000000.0,72000000.0,2783000000.0,,1074000000.0,5738000000.0,14158000000.0,8085000000.0,6073000000.0,72000000.0,6145000000.0,19896000000.0,8376600000.0,8375000000.0,8470000000.0
Microsoft Corp,MSFT,INR2EJN1ERAN0W5ZP974,789019,2013.0,FY,2012-07-01,2013-06-30,2015-07-31 15:07:52+00:00,2.61,2.61,0.92,2.58,0.0,5189000000.0,15276000000.0,21863000000.0,21863000000.0,21863000000.0,20385000000.0,77849000000.0,288000000.0,10411000000.0,,5013000000.0,20385000000.0,57464000000.0,30700000000.0,26764000000.0,288000000.0,27052000000.0,77849000000.0,8376600000.0,8375000000.0,8470000000.0
Microsoft Corp,MSFT,INR2EJN1ERAN0W5ZP974,789019,2013.0,Q3YTD,2012-07-01,2013-03-31,,2.01,2.01,0.69,2.01,,4009000000.0,11048000000.0,16898000000.0,16898000000.0,16898000000.0,14647000000.0,57953000000.0,216000000.0,7628000000.0,,3939000000.0,14647000000.0,43306000000.0,22615000000.0,20691000000.0,216000000.0,20907000000.0,57953000000.0,8409700000.0,8364000000.0,8429000000.0
Microsoft Corp,MSFT,INR2EJN1ERAN0W5ZP974,789019,2013.0,Q3TTM,2012-04-01,2013-03-31,,1.95,1.95,0.89,1.95,6193000000.0,4860000000.0,14829000000.0,16406000000.0,16406000000.0,16406000000.0,18810000000.0,76012000000.0,383000000.0,10222000000.0,,5075000000.0,18810000000.0,57202000000.0,36319000000.0,20883000000.0,383000000.0,21266000000.0,76012000000.0,8409700000.0,8364000000.0,8429000000.0
Microsoft Corp,MSFT,INR2EJN1ERAN0W5ZP974,789019,2013.0,Q3,2013-01-01,2013-03-31,2014-04-24 16:06:04+00:00,0.72,0.72,0.23,0.72,,1548000000.0,3794000000.0,6055000000.0,6055000000.0,6055000000.0,4787000000.0,20489000000.0,-9000000.0,2640000000.0,,1656000000.0,4787000000.0,15702000000.0,8090000000.0,7612000000.0,-9000000.0,7603000000.0,20489000000.0,8409700000.0,8364000000.0,8429000000.0
Microsoft Corp,MSFT,INR2EJN1ERAN0W5ZP974,789019,2013.0,Q2YTD,2012-07-01,2012-12-31,,1.29,1.29,0.46,1.29,,2461000000.0,7254000000.0,10843000000.0,10843000000.0,10843000000.0,9860000000.0,37464000000.0,225000000.0,4988000000.0,,2283000000.0,9860000000.0,27604000000.0,14525000000.0,13079000000.0,225000000.0,13304000000.0,37464000000.0,8390800000.0,8393000000.0,8444000000.0
Microsoft Corp,MSFT,INR2EJN1ERAN0W5ZP974,789019,2013.0,Q2TTM,2012-01-01,2012-12-31,,1.84,1.84,0.86,1.83,6193000000.0,4567000000.0,14449000000.0,15459000000.0,15459000000.0,15459000000.0,17975000000.0,72930000000.0,381000000.0,10099000000.0,,4569000000.0,17975000000.0,54955000000.0,35310000000.0,19645000000.0,381000000.0,20026000000.0,72930000000.0,8390800000.0,8393000000.0,8444000000.0
Microsoft Corp,MSFT,INR2EJN1ERAN0W5ZP974,789019,2013.0,Q2,2012-10-01,2012-12-31,2014-01-23 16:08:44+00:00,0.76,0.76,0.23,0.76,,1393000000.0,4309000000.0,6377000000.0,6377000000.0,6377000000.0,5692000000.0,21456000000.0,-1000000.0,2528000000.0,,1156000000.0,5692000000.0,15764000000.0,7993000000.0,7771000000.0,-1000000.0,7770000000.0,21456000000.0,8390800000.0,8393000000.0,8444000000.0
Microsoft Corp,MSFT,INR2EJN1ERAN0W5ZP974,789019,2013.0,Q1TTM,2011-10-01,2012-09-30,,1.87,1.87,0.83,1.85,6193000000.0,4789000000.0,13902000000.0,15706000000.0,15706000000.0,15706000000.0,17921000000.0,72359000000.0,627000000.0,9942000000.0,,4533000000.0,17921000000.0,54438000000.0,34570000000.0,19868000000.0,627000000.0,20495000000.0,72359000000.0,8426400000.0,8396000000.0,8494000000.0
Microsoft Corp,MSFT,INR2EJN1ERAN0W5ZP974,789019,2013.0,Q1,2012-07-01,2012-09-30,2013-10-24 16:08:05+00:00,0.53,0.53,0.23,0.53,,1068000000.0,2945000000.0,4466000000.0,4466000000.0,4466000000.0,4168000000.0,16008000000.0,226000000.0,2460000000.0,,1127000000.0,4168000000.0,11840000000.0,6532000000.0,5308000000.0,226000000.0,5534000000.0,16008000000.0,8426400000.0,8396000000.0,8494000000.0
Microsoft Corp,MSFT,INR2EJN1ERAN0W5ZP974,789019,2014.0,FY,2013-07-01,2014-06-30,2016-07-28 16:12:18+00:00,2.66,2.66,1.12,2.63,127000000.0,5746000000.0,15811000000.0,22074000000.0,22074000000.0,22074000000.0,27078000000.0,86833000000.0,61000000.0,11381000000.0,,4677000000.0,27078000000.0,59755000000.0,31996000000.0,27759000000.0,61000000.0,27820000000.0,86833000000.0,8298500000.0,8299000000.0,8399000000.0
Microsoft Corp,MSFT,INR2EJN1ERAN0W5ZP974,789019,2014.0,Q4,2014-04-01,2014-06-30,,0.56,0.56,0.28,0.55,127000000.0,1965000000.0,4682000000.0,4612000000.0,4612000000.0,4612000000.0,7633000000.0,23382000000.0,95000000.0,3123000000.0,,1335000000.0,7633000000.0,15749000000.0,9267000000.0,6482000000.0,95000000.0,6577000000.0,23382000000.0,8298500000.0,8299000000.0,8399000000.0
Microsoft Corp,MSFT,INR2EJN1ERAN0W5ZP974,789019,2014.0,Q3YTD,2013-07-01,2014-03-31,,2.1,2.1,0.84,2.08,,3781000000.0,11129000000.0,17462000000.0,17462000000.0,17462000000.0,19445000000.0,63451000000.0,-34000000.0,8258000000.0,,3342000000.0,19445000000.0,44006000000.0,22729000000.0,21277000000.0,-34000000.0,21243000000.0,63451000000.0,8323500000.0,8284000000.0,8367000000.0
Microsoft Corp,MSFT,INR2EJN1ERAN0W5ZP974,789019,2014.0,Q3TTM,2013-04-01,2014-03-31,,2.7,2.7,1.07,2.65,,4961000000.0,15357000000.0,22427000000.0,22427000000.0,22427000000.0,25183000000.0,83347000000.0,38000000.0,11041000000.0,,4416000000.0,25183000000.0,58164000000.0,30814000000.0,27350000000.0,38000000.0,27388000000.0,83347000000.0,8323500000.0,8284000000.0,8367000000.0
Microsoft Corp,MSFT,INR2EJN1ERAN0W5ZP974,789019,2014.0,Q3,2014-01-01,2014-03-31,2015-04-23 16:09:01+00:00,0.68,0.68,0.28,0.68,,1297000000.0,3542000000.0,5660000000.0,5660000000.0,5660000000.0,5978000000.0,20403000000.0,-17000000.0,2743000000.0,0.0,1166000000.0,5978000000.0,14425000000.0,7451000000.0,6974000000.0,-17000000.0,6957000000.0,20403000000.0,8323500000.0,8284000000.0,8367000000.0
Microsoft Corp,MSFT,INR2EJN1ERAN0W5ZP974,789019,2014.0,Q2YTD,2013-07-01,2013-12-31,,1.42,1.42,0.56,1.4,,2484000000.0,7587000000.0,11802000000.0,11802000000.0,11802000000.0,13467000000.0,43048000000.0,-17000000.0,5515000000.0,,2176000000.0,13467000000.0,29581000000.0,15278000000.0,14303000000.0,-17000000.0,14286000000.0,43048000000.0,8301300000.0,8326000000.0,8395000000.0
Microsoft Corp,MSFT,INR2EJN1ERAN0W5ZP974,789019,2014.0,Q2TTM,2013-01-01,2013-12-31,,2.74,2.74,1.02,2.69,,5212000000.0,15609000000.0,22822000000.0,22822000000.0,22822000000.0,23992000000.0,83433000000.0,46000000.0,10938000000.0,,4906000000.0,23992000000.0,59441000000.0,31453000000.0,27988000000.0,46000000.0,28034000000.0,83433000000.0,8301300000.0,8326000000.0,8395000000.0
Microsoft Corp,MSFT,INR2EJN1ERAN0W5ZP974,789019,2014.0,Q2,2013-10-01,2013-12-31,2015-01-26 16:13:49+00:00,0.79,0.79,0.28,0.78,,1320000000.0,4283000000.0,6558000000.0,6558000000.0,6558000000.0,8322000000.0,24519000000.0,-91000000.0,2748000000.0,0.0,1197000000.0,8322000000.0,16197000000.0,8228000000.0,7969000000.0,-91000000.0,7878000000.0,24519000000.0,8301300000.0,8326000000.0,8395000000.0
Microsoft Corp,MSFT,INR2EJN1ERAN0W5ZP974,789019,2014.0,Q1TTM,2012-10-01,2013-09-30,,2.71,2.71,0.97,2.67,,5285000000.0,15635000000.0,22641000000.0,22641000000.0,22641000000.0,21362000000.0,80370000000.0,136000000.0,10718000000.0,,4865000000.0,21362000000.0,59008000000.0,31218000000.0,27790000000.0,136000000.0,27926000000.0,80370000000.0,8323800000.0,8339000000.0,8434000000.0
Microsoft Corp,MSFT,INR2EJN1ERAN0W5ZP974,789019,2014.0,Q1,2013-07-01,2013-09-30,2014-10-23 16:16:17+00:00,0.63,0.63,0.28,0.62,,1164000000.0,3304000000.0,5244000000.0,5244000000.0,5244000000.0,5145000000.0,18529000000.0,74000000.0,2767000000.0,0.0,979000000.0,5145000000.0,13384000000.0,7050000000.0,6334000000.0,74000000.0,6408000000.0,18529000000.0,8323800000.0,8339000000.0,8434000000.0
Microsoft Corp,MSFT,INR2EJN1ERAN0W5ZP974,789019,2015.0,FY,2014-07-01,2015-06-30,2017-08-02 16:15:01+00:00,1.49,1.49,1.24,1.48,10011000000.0,6314000000.0,15713000000.0,12193000000.0,12193000000.0,12193000000.0,33038000000.0,93580000000.0,346000000.0,12046000000.0,,4611000000.0,33038000000.0,60542000000.0,42381000000.0,18161000000.0,346000000.0,18507000000.0,93580000000.0,8183200000.0,8177000000.0,8254000000.0
Microsoft Corp,MSFT,INR2EJN1ERAN0W5ZP974,789019,2015.0,Q4,2015-04-01,2015-06-30,,-0.38,-0.38,0.31,-0.38,8438000000.0,1439000000.0,3961000000.0,-3195000000.0,-3195000000.0,-3195000000.0,7468000000.0,22180000000.0,297000000.0,3094000000.0,,1272000000.0,7468000000.0,14712000000.0,16765000000.0,-2053000000.0,297000000.0,-1756000000.0,22180000000.0,8183200000.0,8177000000.0,8254000000.0
Microsoft Corp,MSFT,INR2EJN1ERAN0W5ZP974,789019,2015.0,Q3,2015-01-01,2015-03-31,2016-04-21 16:10:33+00:00,0.61,0.61,0.31,0.61,190000000.0,1532000000.0,3709000000.0,4985000000.0,4985000000.0,4985000000.0,7161000000.0,21729000000.0,-77000000.0,2984000000.0,,1091000000.0,7161000000.0,14568000000.0,7974000000.0,6594000000.0,-77000000.0,6517000000.0,21729000000.0,8172100000.0,8167000000.0,8237000000.0
Microsoft Corp,MSFT,INR2EJN1ERAN0W5ZP974,789019,2015.0,Q3YTD,2014-07-01,2015-03-31,,1.87,1.87,0.93,1.86,1573000000.0,4875000000.0,11752000000.0,15388000000.0,15388000000.0,15388000000.0,25570000000.0,71400000000.0,49000000.0,8952000000.0,,3339000000.0,25570000000.0,45830000000.0,25616000000.0,20214000000.0,49000000.0,20263000000.0,71400000000.0,8172100000.0,8167000000.0,8237000000.0
Microsoft Corp,MSFT,INR2EJN1ERAN0W5ZP974,789019,2015.0,Q3TTM,2014-04-01,2015-03-31,,2.43,2.43,1.21,2.41,1700000000.0,6840000000.0,16434000000.0,20000000000.0,20000000000.0,20000000000.0,33203000000.0,94782000000.0,144000000.0,12075000000.0,,4674000000.0,33203000000.0,61579000000.0,34883000000.0,26696000000.0,144000000.0,26840000000.0,94782000000.0,8172100000.0,8167000000.0,8237000000.0
Microsoft Corp,MSFT,INR2EJN1ERAN0W5ZP974,789019,2015.0,Q2,2014-10-01,2014-12-31,2016-01-28 16:11:24+00:00,0.71,0.71,0.31,0.71,243000000.0,1987000000.0,4315000000.0,5863000000.0,5863000000.0,5863000000.0,10136000000.0,26470000000.0,74000000.0,2903000000.0,,1097000000.0,10136000000.0,16334000000.0,8558000000.0,7776000000.0,74000000.0,7850000000.0,26470000000.0,8257700000.0,8228000000.0,8297000000.0
Microsoft Corp,MSFT,INR2EJN1ERAN0W5ZP974,789019,2015.0,Q2YTD,2014-07-01,2014-12-31,,1.26,1.26,0.62,1.25,1383000000.0,3343000000.0,8043000000.0,10403000000.0,10403000000.0,10403000000.0,18409000000.0,49671000000.0,126000000.0,5968000000.0,,2248000000.0,18409000000.0,31262000000.0,17642000000.0,13620000000.0,126000000.0,13746000000.0,49671000000.0,8257700000.0,8228000000.0,8297000000.0
Microsoft Corp,MSFT,INR2EJN1ERAN0W5ZP974,789019,2015.0,Q2TTM,2014-01-01,2014-12-31,,2.5,2.5,1.18,2.48,1510000000.0,6605000000.0,16267000000.0,20675000000.0,20675000000.0,20675000000.0,32020000000.0,93456000000.0,204000000.0,11834000000.0,,4749000000.0,32020000000.0,61436000000.0,34360000000.0,27076000000.0,204000000.0,27280000000.0,93456000000.0,8257700000.0,8228000000.0,8297000000.0
Microsoft Corp,MSFT,INR2EJN1ERAN0W5ZP974,789019,2015.0,Q1,2014-07-01,2014-09-30,2015-10-22 16:10:04+00:00,0.55,0.55,0.31,0.54,1140000000.0,1356000000.0,3728000000.0,4540000000.0,4540000000.0,4540000000.0,8273000000.0,23201000000.0,52000000.0,3065000000.0,,1151000000.0,8273000000.0,14928000000.0,9084000000.0,5844000000.0,52000000.0,5896000000.0,23201000000.0,8254500000.0,8249000000.0,8351000000.0
Microsoft Corp,MSFT,INR2EJN1ERAN0W5ZP974,789019,2015.0,Q1TTM,2013-10-01,2014-09-30,,2.58,2.58,1.15,2.55,1267000000.0,5938000000.0,16235000000.0,21370000000.0,21370000000.0,21370000000.0,30206000000.0,91505000000.0,39000000.0,11679000000.0,,4849000000.0,30206000000.0,61299000000.0,34030000000.0,27269000000.0,39000000.0,27308000000.0,91505000000.0,8254500000.0,8249000000.0,8351000000.0
Microsoft Corp,MSFT,INR2EJN1ERAN0W5ZP974,789019,2016.0,FY,2015-07-01,2016-06-30,2018-08-03 11:03:33+00:00,2.59,2.59,1.44,2.56,1110000000.0,5100000000.0,14635000000.0,20539000000.0,20539000000.0,20539000000.0,32780000000.0,91154000000.0,-439000000.0,11988000000.0,,4563000000.0,32780000000.0,58374000000.0,32296000000.0,26078000000.0,-439000000.0,25639000000.0,91154000000.0,7930100000.0,7925000000.0,8013000000.0
Microsoft Corp,MSFT,INR2EJN1ERAN0W5ZP974,789019,2016.0,Q4,2016-04-01,2016-06-30,,0.87,0.87,0.36,0.86,1110000000.0,2372000000.0,3936000000.0,6863000000.0,6863000000.0,6863000000.0,7979000000.0,26448000000.0,259000000.0,3146000000.0,,1301000000.0,7979000000.0,18469000000.0,9493000000.0,8976000000.0,259000000.0,9235000000.0,26448000000.0,7930100000.0,7925000000.0,8013000000.0
Microsoft Corp,MSFT,INR2EJN1ERAN0W5ZP974,789019,2016.0,Q3,2016-01-01,2016-03-31,2017-04-27 16:16:04+00:00,0.48,0.48,0.36,0.47,,1280000000.0,3406000000.0,3756000000.0,3756000000.0,3756000000.0,7722000000.0,20531000000.0,-247000000.0,2980000000.0,,1140000000.0,7722000000.0,12809000000.0,7526000000.0,5283000000.0,-247000000.0,5036000000.0,20531000000.0,7825000000.0,7895000000.0,7985000000.0
Microsoft Corp,MSFT,INR2EJN1ERAN0W5ZP974,789019,2016.0,Q3YTD,2015-07-01,2016-03-31,,1.72,1.72,1.08,1.7,,2728000000.0,10699000000.0,13676000000.0,13676000000.0,13676000000.0,24801000000.0,64706000000.0,-698000000.0,8842000000.0,,3262000000.0,24801000000.0,39905000000.0,22803000000.0,17102000000.0,-698000000.0,16404000000.0,64706000000.0,7825000000.0,7895000000.0,7985000000.0
Microsoft Corp,MSFT,INR2EJN1ERAN0W5ZP974,789019,2016.0,Q3TTM,2015-04-01,2016-03-31,,1.34,1.34,1.39,1.32,8438000000.0,4167000000.0,14660000000.0,10481000000.0,10481000000.0,10481000000.0,32269000000.0,86886000000.0,-401000000.0,11936000000.0,,4534000000.0,32269000000.0,54617000000.0,39568000000.0,15049000000.0,-401000000.0,14648000000.0,86886000000.0,7825000000.0,7895000000.0,7985000000.0
Microsoft Corp,MSFT,INR2EJN1ERAN0W5ZP974,789019,2016.0,Q2,2015-10-01,2015-12-31,2017-01-26 16:13:28+00:00,0.63,0.63,0.36,0.62,,837000000.0,3960000000.0,5018000000.0,5018000000.0,5018000000.0,9872000000.0,23796000000.0,-171000000.0,2900000000.0,,1038000000.0,9872000000.0,13924000000.0,7898000000.0,6026000000.0,-171000000.0,5855000000.0,23796000000.0,7965100000.0,7964000000.0,8051000000.0
Microsoft Corp,MSFT,INR2EJN1ERAN0W5ZP974,789019,2016.0,Q2YTD,2015-07-01,2015-12-31,,1.24,1.24,0.72,1.23,,1448000000.0,7293000000.0,9920000000.0,9920000000.0,9920000000.0,17079000000.0,44175000000.0,-451000000.0,5862000000.0,,2122000000.0,17079000000.0,27096000000.0,15277000000.0,11819000000.0,-451000000.0,11368000000.0,44175000000.0,7965100000.0,7964000000.0,8051000000.0
Microsoft Corp,MSFT,INR2EJN1ERAN0W5ZP974,789019,2016.0,Q2TTM,2015-01-01,2015-12-31,,1.47,1.47,1.34,1.46,8628000000.0,4419000000.0,14963000000.0,11710000000.0,11710000000.0,11710000000.0,31708000000.0,88084000000.0,-231000000.0,11940000000.0,,4485000000.0,31708000000.0,56376000000.0,40016000000.0,16360000000.0,-231000000.0,16129000000.0,88084000000.0,7965100000.0,7964000000.0,8051000000.0
Microsoft Corp,MSFT,INR2EJN1ERAN0W5ZP974,789019,2016.0,Q1,2015-07-01,2015-09-30,2016-10-20 16:10:25+00:00,0.61,0.61,0.36,0.61,,611000000.0,3333000000.0,4902000000.0,4902000000.0,4902000000.0,7207000000.0,20379000000.0,-280000000.0,2962000000.0,,1084000000.0,7207000000.0,13172000000.0,7379000000.0,5793000000.0,-280000000.0,5513000000.0,20379000000.0,8036100000.0,7996000000.0,8084000000.0
Microsoft Corp,MSFT,INR2EJN1ERAN0W5ZP974,789019,2016.0,Q1TTM,2014-10-01,2015-09-30,,1.55,1.55,1.29,1.55,8871000000.0,5569000000.0,15318000000.0,12555000000.0,12555000000.0,12555000000.0,31972000000.0,90758000000.0,14000000.0,11943000000.0,,4544000000.0,31972000000.0,58786000000.0,40676000000.0,18110000000.0,14000000.0,18124000000.0,90758000000.0,8036100000.0,7996000000.0,8084000000.0
Microsoft Corp,MSFT,INR2EJN1ERAN0W5ZP974,789019,2017.0,FY,2016-07-01,2017-06-30,2019-08-01 16:09:55+00:00,3.29,3.29,1.56,3.25,,4412000000.0,15461000000.0,25489000000.0,25489000000.0,25489000000.0,34261000000.0,96571000000.0,876000000.0,13037000000.0,306000000.0,4481000000.0,34261000000.0,62310000000.0,33285000000.0,29025000000.0,876000000.0,29901000000.0,96571000000.0,7747400000.0,7746000000.0,7832000000.0
Microsoft Corp,MSFT,INR2EJN1ERAN0W5ZP974,789019,2017.0,Q4,2017-04-01,2017-06-30,,1.04,1.04,0.39,1.03,,-111000000.0,4292000000.0,8069000000.0,8069000000.0,8069000000.0,8456000000.0,25605000000.0,276000000.0,3514000000.0,306000000.0,1355000000.0,8456000000.0,17149000000.0,9467000000.0,7682000000.0,276000000.0,7958000000.0,25605000000.0,7747400000.0,7746000000.0,7832000000.0
Microsoft Corp,MSFT,INR2EJN1ERAN0W5ZP974,789019,2017.0,Q3,2017-01-01,2017-03-31,2018-04-26 16:10:21+00:00,0.71,0.71,0.39,0.7,,1608000000.0,3872000000.0,5486000000.0,5486000000.0,5486000000.0,8060000000.0,23212000000.0,371000000.0,3355000000.0,,1202000000.0,8060000000.0,15152000000.0,8429000000.0,6723000000.0,371000000.0,7094000000.0,23212000000.0,7726800000.0,7725000000.0,7813000000.0
Microsoft Corp,MSFT,INR2EJN1ERAN0W5ZP974,789019,2017.0,Q3YTD,2016-07-01,2017-03-31,,2.25,2.25,1.17,2.22,,4523000000.0,11169000000.0,17420000000.0,17420000000.0,17420000000.0,25805000000.0,70966000000.0,600000000.0,9523000000.0,,3126000000.0,25805000000.0,45161000000.0,23818000000.0,21343000000.0,600000000.0,21943000000.0,70966000000.0,7726800000.0,7725000000.0,7813000000.0
Microsoft Corp,MSFT,INR2EJN1ERAN0W5ZP974,789019,2017.0,Q3TTM,2016-04-01,2017-03-31,,3.12,3.12,1.53,3.08,1110000000.0,6895000000.0,15105000000.0,24283000000.0,24283000000.0,24283000000.0,33784000000.0,97414000000.0,859000000.0,12669000000.0,,4427000000.0,33784000000.0,63630000000.0,33311000000.0,30319000000.0,859000000.0,31178000000.0,97414000000.0,7726800000.0,7725000000.0,7813000000.0
Microsoft Corp,MSFT,INR2EJN1ERAN0W5ZP974,789019,2017.0,Q2,2016-10-01,2016-12-31,2018-01-31 16:10:10+00:00,0.81,0.81,0.39,0.8,,1755000000.0,4079000000.0,6267000000.0,6267000000.0,6267000000.0,9901000000.0,25826000000.0,117000000.0,3062000000.0,,879000000.0,9901000000.0,15925000000.0,8020000000.0,7905000000.0,117000000.0,8022000000.0,25826000000.0,7737000000.0,7755000000.0,7830000000.0
Microsoft Corp,MSFT,INR2EJN1ERAN0W5ZP974,789019,2017.0,Q2YTD,2016-07-01,2016-12-31,,1.54,1.54,0.78,1.52,,2915000000.0,7297000000.0,11934000000.0,11934000000.0,11934000000.0,17745000000.0,47754000000.0,229000000.0,6168000000.0,,1924000000.0,17745000000.0,30009000000.0,15389000000.0,14620000000.0,229000000.0,14849000000.0,47754000000.0,7737000000.0,7755000000.0,7830000000.0
Microsoft Corp,MSFT,INR2EJN1ERAN0W5ZP974,789019,2017.0,Q2TTM,2016-01-01,2016-12-31,,2.89,2.89,1.5,2.85,1110000000.0,6567000000.0,14639000000.0,22553000000.0,22553000000.0,22553000000.0,33446000000.0,94733000000.0,241000000.0,12294000000.0,,4365000000.0,33446000000.0,61287000000.0,32408000000.0,28879000000.0,241000000.0,29120000000.0,94733000000.0,7737000000.0,7755000000.0,7830000000.0
Microsoft Corp,MSFT,INR2EJN1ERAN0W5ZP974,789019,2017.0,Q1,2016-07-01,2016-09-30,2017-10-26 16:08:58+00:00,0.73,0.73,0.39,0.72,,1160000000.0,3218000000.0,5667000000.0,5667000000.0,5667000000.0,7844000000.0,21928000000.0,112000000.0,3106000000.0,,1045000000.0,7844000000.0,14084000000.0,7369000000.0,6715000000.0,112000000.0,6827000000.0,21928000000.0,7763000000.0,7789000000.0,7876000000.0
Microsoft Corp,MSFT,INR2EJN1ERAN0W5ZP974,789019,2017.0,Q1TTM,2015-10-01,2016-09-30,,2.71,2.71,1.47,2.67,1110000000.0,5649000000.0,14520000000.0,21304000000.0,21304000000.0,21304000000.0,33417000000.0,92703000000.0,-47000000.0,12132000000.0,,4524000000.0,33417000000.0,59286000000.0,32286000000.0,27000000000.0,-47000000.0,26953000000.0,92703000000.0,7763000000.0,7789000000.0,7876000000.0
Microsoft Corp,MSFT,INR2EJN1ERAN0W5ZP974,789019,2018.0,FY,2017-07-01,2018-06-30,2019-08-01 16:09:55+00:00,2.15,2.15,1.68,2.13,,19903000000.0,17469000000.0,16571000000.0,16571000000.0,16571000000.0,38353000000.0,110360000000.0,1416000000.0,14726000000.0,0.0,4754000000.0,38353000000.0,72007000000.0,36949000000.0,35058000000.0,1416000000.0,36474000000.0,110360000000.0,7707400000.0,7700000000.0,7794000000.0
Microsoft Corp,MSFT,INR2EJN1ERAN0W5ZP974,789019,2018.0,Q4,2018-04-01,2018-06-30,,1.16,1.16,0.42,1.16,,1807000000.0,4760000000.0,8873000000.0,8873000000.0,8873000000.0,9742000000.0,30085000000.0,301000000.0,3933000000.0,,1271000000.0,9742000000.0,20343000000.0,9964000000.0,10379000000.0,301000000.0,10680000000.0,30085000000.0,7707400000.0,7700000000.0,7794000000.0
Microsoft Corp,MSFT,INR2EJN1ERAN0W5ZP974,789019,2018.0,Q3,2018-01-01,2018-03-31,2019-04-24 16:10:10+00:00,0.96,0.96,0.42,0.95,,1217000000.0,4335000000.0,7424000000.0,7424000000.0,7424000000.0,9269000000.0,26819000000.0,349000000.0,3715000000.0,,1208000000.0,9269000000.0,17550000000.0,9258000000.0,8292000000.0,349000000.0,8641000000.0,26819000000.0,7733300000.0,7698000000.0,7794000000.0
Microsoft Corp,MSFT,INR2EJN1ERAN0W5ZP974,789019,2018.0,Q3YTD,2017-07-01,2018-03-31,,0.99,0.99,1.26,0.97,,18096000000.0,12709000000.0,7698000000.0,7698000000.0,7698000000.0,28611000000.0,80275000000.0,1115000000.0,10793000000.0,,3483000000.0,28611000000.0,51664000000.0,26985000000.0,24679000000.0,1115000000.0,25794000000.0,80275000000.0,7733300000.0,7698000000.0,7794000000.0
Microsoft Corp,MSFT,INR2EJN1ERAN0W5ZP974,789019,2018.0,Q3TTM,2017-04-01,2018-03-31,,2.03,2.03,1.65,2.0,,17985000000.0,17001000000.0,15767000000.0,15767000000.0,15767000000.0,37067000000.0,105880000000.0,1391000000.0,14307000000.0,306000000.0,4838000000.0,37067000000.0,68813000000.0,36452000000.0,32361000000.0,1391000000.0,33752000000.0,105880000000.0,7733300000.0,7698000000.0,7794000000.0
Microsoft Corp,MSFT,INR2EJN1ERAN0W5ZP974,789019,2018.0,Q2,2017-10-01,2017-12-31,2019-01-30 16:09:56+00:00,-0.82,-0.82,0.42,-0.82,,15471000000.0,4562000000.0,-6302000000.0,-6302000000.0,-6302000000.0,11064000000.0,28918000000.0,490000000.0,3504000000.0,,1109000000.0,11064000000.0,17854000000.0,9175000000.0,8679000000.0,490000000.0,9169000000.0,28918000000.0,7685400000.0,7710000000.0,7710000000.0
Microsoft Corp,MSFT,INR2EJN1ERAN0W5ZP974,789019,2018.0,Q2YTD,2017-07-01,2017-12-31,,0.03,0.03,0.84,0.02,,16879000000.0,8374000000.0,274000000.0,274000000.0,274000000.0,19342000000.0,53456000000.0,766000000.0,7078000000.0,,2275000000.0,19342000000.0,34114000000.0,17727000000.0,16387000000.0,766000000.0,17153000000.0,53456000000.0,7685400000.0,7710000000.0,7710000000.0
Microsoft Corp,MSFT,INR2EJN1ERAN0W5ZP974,789019,2018.0,Q2TTM,2017-01-01,2017-12-31,,1.78,1.78,1.62,1.75,,18376000000.0,16538000000.0,13829000000.0,13829000000.0,13829000000.0,35858000000.0,102273000000.0,1413000000.0,13947000000.0,306000000.0,4832000000.0,35858000000.0,66415000000.0,35623000000.0,30792000000.0,1413000000.0,32205000000.0,102273000000.0,7685400000.0,7710000000.0,7710000000.0
Microsoft Corp,MSFT,INR2EJN1ERAN0W5ZP974,789019,2018.0,Q1,2017-07-01,2017-09-30,2018-10-24 16:13:07+00:00,0.85,0.85,0.42,0.84,,1408000000.0,3812000000.0,6576000000.0,6576000000.0,6576000000.0,8278000000.0,24538000000.0,276000000.0,3574000000.0,,1166000000.0,8278000000.0,16260000000.0,8552000000.0,7708000000.0,276000000.0,7984000000.0,24538000000.0,7736500000.0,7708000000.0,7799000000.0
Microsoft Corp,MSFT,INR2EJN1ERAN0W5ZP974,789019,2018.0,Q1TTM,2016-10-01,2017-09-30,,3.41,3.41,1.59,3.37,,4660000000.0,16055000000.0,26398000000.0,26398000000.0,26398000000.0,34695000000.0,99181000000.0,1040000000.0,13505000000.0,306000000.0,4602000000.0,34695000000.0,64486000000.0,34468000000.0,30018000000.0,1040000000.0,31058000000.0,99181000000.0,7736500000.0,7708000000.0,7799000000.0
Microsoft Corp,MSFT,INR2EJN1ERAN0W5ZP974,789019,2019.0,Q4,2019-04-01,2019-06-30,,1.72,1.72,0.46,1.7,,-591000000.0,4962000000.0,13187000000.0,13187000000.0,13187000000.0,10412000000.0,33717000000.0,191000000.0,4513000000.0,,1425000000.0,10412000000.0,23305000000.0,10900000000.0,12405000000.0,191000000.0,12596000000.0,33717000000.0,7679100000.0,7673000000.0,7753000000.0
Microsoft Corp,MSFT,INR2EJN1ERAN0W5ZP974,789019,2019.0,FY,2018-07-01,2019-06-30,2019-08-01 16:09:55+00:00,5.11,5.11,1.84,5.06,,4448000000.0,18213000000.0,39240000000.0,39240000000.0,39240000000.0,42910000000.0,125843000000.0,729000000.0,16876000000.0,0.0,4885000000.0,42910000000.0,82933000000.0,39974000000.0,42959000000.0,729000000.0,43688000000.0,125843000000.0,7679100000.0,7673000000.0,7753000000.0
Microsoft Corp,MSFT,INR2EJN1ERAN0W5ZP974,789019,2019.0,Q3,2019-01-01,2019-03-31,2020-04-29 16:11:11+00:00,1.15,1.15,0.46,1.14,,1677000000.0,4565000000.0,8809000000.0,8809000000.0,8809000000.0,10170000000.0,30571000000.0,145000000.0,4316000000.0,,1179000000.0,10170000000.0,20401000000.0,10060000000.0,10341000000.0,145000000.0,10486000000.0,30571000000.0,7660000000.0,7672000000.0,7744000000.0
Microsoft Corp,MSFT,INR2EJN1ERAN0W5ZP974,789019,2019.0,Q3YTD,2018-07-01,2019-03-31,,3.39,3.39,1.38,3.36,,5039000000.0,13251000000.0,26053000000.0,26053000000.0,26053000000.0,32498000000.0,92126000000.0,538000000.0,12363000000.0,,3460000000.0,32498000000.0,59628000000.0,29074000000.0,30554000000.0,538000000.0,31092000000.0,92126000000.0,7660000000.0,7672000000.0,7744000000.0
Microsoft Corp,MSFT,INR2EJN1ERAN0W5ZP974,789019,2019.0,Q3TTM,2018-04-01,2019-03-31,,4.55,4.55,1.8,4.52,,6846000000.0,18011000000.0,34926000000.0,34926000000.0,34926000000.0,42240000000.0,122211000000.0,839000000.0,16296000000.0,,4731000000.0,42240000000.0,79971000000.0,39038000000.0,40933000000.0,839000000.0,41772000000.0,122211000000.0,7660000000.0,7672000000.0,7744000000.0
Microsoft Corp,MSFT,INR2EJN1ERAN0W5ZP974,789019,2019.0,Q2,2018-10-01,2018-12-31,2020-01-29 16:08:43+00:00,1.09,1.09,0.46,1.08,,1965000000.0,4588000000.0,8420000000.0,8420000000.0,8420000000.0,12423000000.0,32471000000.0,127000000.0,4070000000.0,,1132000000.0,12423000000.0,20048000000.0,9790000000.0,10258000000.0,127000000.0,10385000000.0,32471000000.0,7724800000.0,7692000000.0,7768000000.0
Microsoft Corp,MSFT,INR2EJN1ERAN0W5ZP974,789019,2019.0,Q2YTD,2018-07-01,2018-12-31,,2.24,2.24,0.92,2.22,,3362000000.0,8686000000.0,17244000000.0,17244000000.0,17244000000.0,22328000000.0,61555000000.0,393000000.0,8047000000.0,,2281000000.0,22328000000.0,39227000000.0,19014000000.0,20213000000.0,393000000.0,20606000000.0,61555000000.0,7724800000.0,7692000000.0,7768000000.0
Microsoft Corp,MSFT,INR2EJN1ERAN0W5ZP974,789019,2019.0,Q2TTM,2018-01-01,2018-12-31,,4.36,4.36,1.76,4.33,,6386000000.0,17781000000.0,33541000000.0,33541000000.0,33541000000.0,41339000000.0,118459000000.0,1043000000.0,15695000000.0,,4760000000.0,41339000000.0,77120000000.0,38236000000.0,38884000000.0,1043000000.0,39927000000.0,118459000000.0,7724800000.0,7692000000.0,7768000000.0
Microsoft Corp,MSFT,INR2EJN1ERAN0W5ZP974,789019,2019.0,Q1TTM,2017-10-01,2018-09-30,,2.45,2.45,1.72,2.43,,19892000000.0,17755000000.0,18819000000.0,18819000000.0,18819000000.0,39980000000.0,114906000000.0,1406000000.0,15129000000.0,,4737000000.0,39980000000.0,74926000000.0,37621000000.0,37305000000.0,1406000000.0,38711000000.0,114906000000.0,7673000000.0,7673000000.0,7766000000.0
Microsoft Corp,MSFT,INR2EJN1ERAN0W5ZP974,789019,2020.0,Q3YTD,2019-07-01,2020-03-31,,4.34,4.34,1.53,4.29,,6535000000.0,14181000000.0,33079000000.0,33079000000.0,33079000000.0,33739000000.0,104982000000.0,62000000.0,14055000000.0,,3455000000.0,33739000000.0,71243000000.0,31691000000.0,39552000000.0,62000000.0,39614000000.0,104982000000.0,7625500000.0,7602000000.0,7675000000.0
Microsoft Corp,MSFT,INR2EJN1ERAN0W5ZP974,789019,2020.0,Q3TTM,2019-04-01,2020-03-31,,6.06,6.06,1.99,5.99,,5944000000.0,19143000000.0,46266000000.0,46266000000.0,46266000000.0,44151000000.0,138699000000.0,253000000.0,18568000000.0,,4880000000.0,44151000000.0,94548000000.0,42591000000.0,51957000000.0,253000000.0,52210000000.0,138699000000.0,7625500000.0,7602000000.0,7675000000.0
Microsoft Corp,MSFT,INR2EJN1ERAN0W5ZP974,789019,2020.0,Q3,2020-01-01,2020-03-31,2020-04-29 16:11:11+00:00,1.41,1.41,0.51,1.4,,2091000000.0,4911000000.0,10752000000.0,10752000000.0,10752000000.0,10975000000.0,35021000000.0,-132000000.0,4887000000.0,,1273000000.0,10975000000.0,24046000000.0,11071000000.0,12975000000.0,-132000000.0,12843000000.0,35021000000.0,7625500000.0,7602000000.0,7675000000.0
Microsoft Corp,MSFT,INR2EJN1ERAN0W5ZP974,789019,2020.0,Q2YTD,2019-07-01,2019-12-31,,2.93,2.93,1.02,2.89,,4444000000.0,9270000000.0,22327000000.0,22327000000.0,22327000000.0,22764000000.0,69961000000.0,194000000.0,9168000000.0,,2182000000.0,22764000000.0,47197000000.0,20620000000.0,26577000000.0,194000000.0,26771000000.0,69961000000.0,7613700000.0,7621000000.0,7691000000.0
Microsoft Corp,MSFT,INR2EJN1ERAN0W5ZP974,789019,2020.0,Q2TTM,2019-01-01,2019-12-31,,5.8,5.8,1.94,5.73,,5530000000.0,18797000000.0,44323000000.0,44323000000.0,44323000000.0,43346000000.0,134249000000.0,530000000.0,17997000000.0,,4786000000.0,43346000000.0,90903000000.0,41580000000.0,49323000000.0,530000000.0,49853000000.0,134249000000.0,7613700000.0,7621000000.0,7691000000.0
Microsoft Corp,MSFT,INR2EJN1ERAN0W5ZP974,789019,2020.0,Q2,2019-10-01,2019-12-31,2020-01-29 16:08:43+00:00,1.53,1.53,0.51,1.51,,2436000000.0,4933000000.0,11649000000.0,11649000000.0,11649000000.0,12358000000.0,36906000000.0,194000000.0,4603000000.0,,1121000000.0,12358000000.0,24548000000.0,10657000000.0,13891000000.0,194000000.0,14085000000.0,36906000000.0,7613700000.0,7621000000.0,7691000000.0
Microsoft Corp,MSFT,INR2EJN1ERAN0W5ZP974,789019,2020.0,Q1TTM,2018-10-01,2019-09-30,,5.36,5.36,1.89,5.3,,5059000000.0,18452000000.0,41094000000.0,41094000000.0,41094000000.0,43411000000.0,129814000000.0,463000000.0,17464000000.0,,4797000000.0,43411000000.0,86403000000.0,40713000000.0,45690000000.0,463000000.0,46153000000.0,129814000000.0,7627100000.0,7634000000.0,7710000000.0
Microsoft Corp,MSFT,INR2EJN1ERAN0W5ZP974,789019,2020.0,Q1,2019-07-01,2019-09-30,2019-10-23 16:09:48+00:00,1.4,1.4,0.51,1.38,,2008000000.0,4337000000.0,10678000000.0,10678000000.0,10678000000.0,10406000000.0,33055000000.0,0.0,4565000000.0,,1061000000.0,10406000000.0,22649000000.0,9963000000.0,12686000000.0,,12686000000.0,33055000000.0,7627100000.0,7634000000.0,7710000000.0
