company_name,company_ticker,company_lei,company_cik,year,quarter,start_date,end_date,filing_date,basicdilutedeps,basiceps,cashdividendspershare,depreciationexpense,dilutedeps,explorationexpense,impairmentexpense,incometaxexpense,marketingexpense,netincome,netincomecontinuing,netincomediscontinued,netincometocommon,netincometononcontrollinginterest,operatingcostofrevenue,operatingrevenue,othercostofrevenue,othergains,otherincome,otherspecialcharges,preferreddividends,restructuringcharge,sgaexpense,totalcostofrevenue,totalgrossprofit,totalinterestexpense,totalinterestincome,totaloperatingexpenses,totaloperatingincome,totalotherincome,totalpretaxincome,totalrevenue,weightedavebasicdilutedsharesos,weightedavebasicsharesos,weightedavedilutedsharesos
Occidental Petroleum Corp,OXY,IM7X0T3ECJW4C1T7ON55,797468,2007.0,FY,2007-01-01,2007-12-31,2010-02-25 14:53:37+00:00,6.45,6.45,0.94,2379000000.0,6.42,364000000.0,58000000.0,3507000000.0,,5475000000.0,5153000000.0,322000000.0,5400000000.0,75000000.0,6454000000.0,19139000000.0,414000000.0,82000000.0,,-767000000.0,,,1320000000.0,6868000000.0,12271000000.0,339000000.0,,3354000000.0,8917000000.0,-339000000.0,8578000000.0,19139000000.0,837200000.0,837200000.0,841100000.0
Occidental Petroleum Corp,OXY,IM7X0T3ECJW4C1T7ON55,797468,2008.0,FY,2008-01-01,2008-12-31,2011-02-24 13:52:43+00:00,8.37,8.37,1.21,2396000000.0,8.34,308000000.0,171000000.0,4877000000.0,,6973000000.0,7299000000.0,-326000000.0,6857000000.0,116000000.0,7162000000.0,23713000000.0,577000000.0,213000000.0,,1000000.0,,,1247000000.0,7739000000.0,15974000000.0,124000000.0,236000000.0,4123000000.0,11851000000.0,112000000.0,11963000000.0,23713000000.0,817600000.0,817600000.0,817600000.0
Occidental Petroleum Corp,OXY,IM7X0T3ECJW4C1T7ON55,797468,2008.0,Q3,2008-07-01,2008-09-30,2009-11-02 13:35:37+00:00,2.78,2.78,0.32,,2.77,61000000.0,,1546000000.0,,2309000000.0,2310000000.0,-1000000.0,2271000000.0,38000000.0,2780000000.0,7119000000.0,162000000.0,57000000.0,,-2000000.0,,,295000000.0,2942000000.0,4177000000.0,24000000.0,,354000000.0,3823000000.0,-24000000.0,3799000000.0,7119000000.0,816900000.0,816900000.0,819900000.0
Occidental Petroleum Corp,OXY,IM7X0T3ECJW4C1T7ON55,797468,2008.0,Q2,2008-04-01,2008-06-30,2009-08-06 13:31:38+00:00,2.79,2.79,0.32,,2.78,58000000.0,,1671000000.0,,2334000000.0,2337000000.0,-3000000.0,2297000000.0,37000000.0,2610000000.0,7189000000.0,171000000.0,65000000.0,,-5000000.0,,,380000000.0,2781000000.0,4408000000.0,32000000.0,,433000000.0,3975000000.0,-32000000.0,3943000000.0,7189000000.0,823300000.0,823300000.0,826300000.0
Occidental Petroleum Corp,OXY,IM7X0T3ECJW4C1T7ON55,797468,2009.0,FY,2009-01-01,2009-12-31,2012-02-23 13:40:17+00:00,3.59,3.59,1.31,2687000000.0,3.58,254000000.0,,2063000000.0,,2966000000.0,3202000000.0,-236000000.0,2915000000.0,51000000.0,5105000000.0,14814000000.0,425000000.0,227000000.0,,10000000.0,,,1300000000.0,5530000000.0,9284000000.0,133000000.0,118000000.0,4251000000.0,5033000000.0,-15000000.0,5038000000.0,14814000000.0,811300000.0,811300000.0,811300000.0
Occidental Petroleum Corp,OXY,IM7X0T3ECJW4C1T7ON55,797468,2009.0,Q3,2009-07-01,2009-09-30,2010-11-04 13:19:16+00:00,1.14,1.14,0.33,,1.14,56000000.0,0.0,549000000.0,,941000000.0,943000000.0,-2000000.0,927000000.0,14000000.0,2130000000.0,4126000000.0,105000000.0,66000000.0,,10000000.0,,,359000000.0,2235000000.0,1891000000.0,40000000.0,,425000000.0,1466000000.0,-40000000.0,1426000000.0,4126000000.0,813200000.0,813200000.0,813200000.0
Occidental Petroleum Corp,OXY,IM7X0T3ECJW4C1T7ON55,797468,2009.0,Q3YTD,2009-01-01,2009-09-30,,2.43,2.43,0.98,,2.43,168000000.0,,1245000000.0,,2012000000.0,2019000000.0,-7000000.0,1977000000.0,35000000.0,6253000000.0,10944000000.0,320000000.0,154000000.0,,3000000.0,,,991000000.0,6573000000.0,4371000000.0,99000000.0,,1162000000.0,3209000000.0,-99000000.0,3110000000.0,10944000000.0,813200000.0,813200000.0,813200000.0
Occidental Petroleum Corp,OXY,IM7X0T3ECJW4C1T7ON55,797468,2009.0,Q2,2009-04-01,2009-06-30,2010-08-05 13:24:44+00:00,0.84,0.84,0.33,,0.84,54000000.0,0.0,455000000.0,,694000000.0,696000000.0,-2000000.0,682000000.0,12000000.0,2059000000.0,3715000000.0,110000000.0,46000000.0,,-7000000.0,,,362000000.0,2169000000.0,1546000000.0,32000000.0,,409000000.0,1137000000.0,-32000000.0,1105000000.0,3715000000.0,811900000.0,811900000.0,811900000.0
Occidental Petroleum Corp,OXY,IM7X0T3ECJW4C1T7ON55,797468,2009.0,Q2YTD,2009-01-01,2009-06-30,,1.29,1.29,0.65,,1.29,112000000.0,,696000000.0,,1071000000.0,1076000000.0,-5000000.0,1050000000.0,21000000.0,4123000000.0,6818000000.0,215000000.0,88000000.0,,-7000000.0,,,632000000.0,4338000000.0,2480000000.0,59000000.0,,737000000.0,1743000000.0,-59000000.0,1684000000.0,6818000000.0,811900000.0,811900000.0,811900000.0
Occidental Petroleum Corp,OXY,IM7X0T3ECJW4C1T7ON55,797468,2009.0,Q1,2009-01-01,2009-03-31,2010-05-06 09:46:42+00:00,0.45,0.45,0.32,,0.45,58000000.0,0.0,241000000.0,,377000000.0,380000000.0,-3000000.0,368000000.0,9000000.0,2064000000.0,3103000000.0,105000000.0,42000000.0,,0.0,,,270000000.0,2169000000.0,934000000.0,27000000.0,,328000000.0,606000000.0,-27000000.0,579000000.0,3103000000.0,817800000.0,817800000.0,817800000.0
Occidental Petroleum Corp,OXY,IM7X0T3ECJW4C1T7ON55,797468,2010.0,Q4,2010-10-01,2010-12-31,,1.49,1.49,0.38,3153000000.0,1.48,54000000.0,275000000.0,618000000.0,,1226000000.0,1206000000.0,20000000.0,1212000000.0,14000000.0,-776000000.0,4975000000.0,128000000.0,84000000.0,,1000000.0,,,488000000.0,-648000000.0,5623000000.0,24000000.0,112000000.0,3971000000.0,1652000000.0,88000000.0,1740000000.0,4975000000.0,812500000.0,812500000.0,812500000.0
Occidental Petroleum Corp,OXY,IM7X0T3ECJW4C1T7ON55,797468,2010.0,FY,2010-01-01,2010-12-31,2013-02-26 14:26:18+00:00,5.57,5.57,1.47,3153000000.0,5.56,262000000.0,275000000.0,2995000000.0,,4602000000.0,4641000000.0,-39000000.0,4530000000.0,72000000.0,6112000000.0,19045000000.0,484000000.0,277000000.0,,,,,1396000000.0,6596000000.0,12449000000.0,116000000.0,112000000.0,5086000000.0,7363000000.0,-4000000.0,7359000000.0,19045000000.0,812500000.0,812500000.0,812500000.0
Occidental Petroleum Corp,OXY,IM7X0T3ECJW4C1T7ON55,797468,2010.0,Q3,2010-07-01,2010-09-30,2011-11-03 13:27:12+00:00,1.46,1.46,0.38,,1.46,83000000.0,0.0,822000000.0,,1213000000.0,1225000000.0,-12000000.0,1191000000.0,22000000.0,2323000000.0,4790000000.0,110000000.0,69000000.0,,-6000000.0,,,277000000.0,2433000000.0,2357000000.0,25000000.0,,354000000.0,2003000000.0,-25000000.0,1978000000.0,4790000000.0,815800000.0,815800000.0,815800000.0
Occidental Petroleum Corp,OXY,IM7X0T3ECJW4C1T7ON55,797468,2010.0,Q3YTD,2010-01-01,2010-09-30,,4.08,4.08,1.09,,4.08,208000000.0,,2377000000.0,,3376000000.0,3435000000.0,-59000000.0,3318000000.0,58000000.0,6888000000.0,14070000000.0,356000000.0,193000000.0,,-1000000.0,,,908000000.0,7244000000.0,6826000000.0,92000000.0,,1115000000.0,5711000000.0,-92000000.0,5619000000.0,14070000000.0,815800000.0,815800000.0,815800000.0
Occidental Petroleum Corp,OXY,IM7X0T3ECJW4C1T7ON55,797468,2010.0,Q3TTM,2009-10-01,2010-09-30,,5.24,5.24,1.42,2687000000.0,5.23,294000000.0,,3195000000.0,,4330000000.0,4618000000.0,-288000000.0,4256000000.0,74000000.0,5740000000.0,17940000000.0,461000000.0,266000000.0,,6000000.0,,,1217000000.0,6201000000.0,11739000000.0,126000000.0,118000000.0,4204000000.0,7535000000.0,-8000000.0,7547000000.0,17940000000.0,815800000.0,815800000.0,815800000.0
Occidental Petroleum Corp,OXY,IM7X0T3ECJW4C1T7ON55,797468,2010.0,Q2,2010-04-01,2010-06-30,2011-08-04 13:23:36+00:00,1.31,1.31,0.38,,1.31,69000000.0,0.0,809000000.0,,1075000000.0,1089000000.0,-14000000.0,1063000000.0,12000000.0,2292000000.0,4643000000.0,125000000.0,59000000.0,,6000000.0,,,282000000.0,2417000000.0,2226000000.0,30000000.0,,357000000.0,1869000000.0,-30000000.0,1839000000.0,4643000000.0,811500000.0,811500000.0,811500000.0
Occidental Petroleum Corp,OXY,IM7X0T3ECJW4C1T7ON55,797468,2010.0,Q2YTD,2010-01-01,2010-06-30,,2.62,2.62,0.71,,2.62,125000000.0,,1555000000.0,,2163000000.0,2210000000.0,-47000000.0,2127000000.0,36000000.0,4565000000.0,9280000000.0,246000000.0,124000000.0,,5000000.0,,,631000000.0,4811000000.0,4469000000.0,67000000.0,,761000000.0,3708000000.0,-67000000.0,3641000000.0,9280000000.0,811500000.0,811500000.0,811500000.0
Occidental Petroleum Corp,OXY,IM7X0T3ECJW4C1T7ON55,797468,2010.0,Q2TTM,2009-07-01,2010-06-30,,4.92,4.92,1.37,2687000000.0,4.91,267000000.0,,2922000000.0,,4058000000.0,4336000000.0,-278000000.0,3992000000.0,66000000.0,5547000000.0,17276000000.0,456000000.0,263000000.0,,22000000.0,,,1299000000.0,6003000000.0,11273000000.0,141000000.0,118000000.0,4275000000.0,6998000000.0,-23000000.0,6995000000.0,17276000000.0,811500000.0,811500000.0,811500000.0
Occidental Petroleum Corp,OXY,IM7X0T3ECJW4C1T7ON55,797468,2010.0,Q1,2010-01-01,2010-03-31,2011-05-04 18:54:56+00:00,1.31,1.31,0.33,,1.31,56000000.0,0.0,746000000.0,,1088000000.0,1121000000.0,-33000000.0,1064000000.0,24000000.0,2273000000.0,4637000000.0,121000000.0,65000000.0,,-1000000.0,,,349000000.0,2394000000.0,2243000000.0,37000000.0,,404000000.0,1839000000.0,-37000000.0,1802000000.0,4637000000.0,812200000.0,812200000.0,812200000.0
Occidental Petroleum Corp,OXY,IM7X0T3ECJW4C1T7ON55,797468,2010.0,Q1TTM,2009-04-01,2010-03-31,,4.45,4.45,1.32,2687000000.0,4.44,252000000.0,,2568000000.0,,3677000000.0,3943000000.0,-266000000.0,3611000000.0,66000000.0,5314000000.0,16348000000.0,441000000.0,250000000.0,,9000000.0,,,1379000000.0,5755000000.0,10593000000.0,143000000.0,118000000.0,4327000000.0,6266000000.0,-25000000.0,6261000000.0,16348000000.0,812200000.0,812200000.0,812200000.0
Occidental Petroleum Corp,OXY,IM7X0T3ECJW4C1T7ON55,797468,2011.0,Q4,2011-10-01,2011-12-31,,2.02,2.02,0.46,3591000000.0,2.02,73000000.0,,949000000.0,,1634000000.0,1641000000.0,-7000000.0,1634000000.0,,-740000000.0,6003000000.0,140000000.0,81000000.0,-22000000.0,,,,452000000.0,-600000000.0,6603000000.0,31000000.0,75000000.0,4116000000.0,2487000000.0,22000000.0,2509000000.0,6003000000.0,812100000.0,812100000.0,812100000.0
Occidental Petroleum Corp,OXY,IM7X0T3ECJW4C1T7ON55,797468,2011.0,FY,2011-01-01,2011-12-31,2014-03-03 14:00:57+00:00,8.32,8.32,1.84,3591000000.0,8.32,258000000.0,,4201000000.0,,6771000000.0,6640000000.0,131000000.0,6771000000.0,,7385000000.0,23939000000.0,605000000.0,382000000.0,,,,,1523000000.0,7990000000.0,15949000000.0,298000000.0,180000000.0,5372000000.0,10577000000.0,-118000000.0,10459000000.0,23939000000.0,812100000.0,812100000.0,812100000.0
Occidental Petroleum Corp,OXY,IM7X0T3ECJW4C1T7ON55,797468,2011.0,Q3,2011-07-01,2011-09-30,2012-11-02 13:26:38+00:00,2.17,2.17,0.46,,2.17,39000000.0,0.0,1087000000.0,,1771000000.0,1775000000.0,-4000000.0,1771000000.0,0.0,2879000000.0,6006000000.0,152000000.0,123000000.0,,0.0,,,242000000.0,3031000000.0,2975000000.0,25000000.0,70000000.0,281000000.0,2694000000.0,45000000.0,2739000000.0,6006000000.0,816100000.0,816100000.0,816100000.0
Occidental Petroleum Corp,OXY,IM7X0T3ECJW4C1T7ON55,797468,2011.0,Q3YTD,2011-01-01,2011-09-30,,6.3,6.3,1.38,,6.3,185000000.0,,3252000000.0,,5137000000.0,4999000000.0,138000000.0,5137000000.0,,8125000000.0,17936000000.0,465000000.0,301000000.0,22000000.0,,,,1071000000.0,8590000000.0,9346000000.0,267000000.0,105000000.0,1256000000.0,8090000000.0,-140000000.0,7950000000.0,17936000000.0,816100000.0,816100000.0,816100000.0
Occidental Petroleum Corp,OXY,IM7X0T3ECJW4C1T7ON55,797468,2011.0,Q3TTM,2010-10-01,2011-09-30,,7.79,7.79,1.76,3153000000.0,7.78,239000000.0,275000000.0,3870000000.0,,6363000000.0,6205000000.0,158000000.0,6349000000.0,14000000.0,7349000000.0,22911000000.0,593000000.0,385000000.0,22000000.0,1000000.0,,,1559000000.0,7942000000.0,14969000000.0,291000000.0,217000000.0,5227000000.0,9742000000.0,-52000000.0,9690000000.0,22911000000.0,816100000.0,816100000.0,816100000.0
Occidental Petroleum Corp,OXY,IM7X0T3ECJW4C1T7ON55,797468,2011.0,Q2,2011-04-01,2011-06-30,2012-08-06 13:53:35+00:00,2.23,2.23,0.46,,2.23,62000000.0,0.0,1111000000.0,,1817000000.0,1819000000.0,-2000000.0,1817000000.0,0.0,2720000000.0,6173000000.0,162000000.0,81000000.0,,0.0,,,388000000.0,2882000000.0,3291000000.0,27000000.0,35000000.0,450000000.0,2841000000.0,8000000.0,2849000000.0,6173000000.0,814800000.0,814800000.0,814800000.0
Occidental Petroleum Corp,OXY,IM7X0T3ECJW4C1T7ON55,797468,2011.0,Q2YTD,2011-01-01,2011-06-30,,4.13,4.13,0.92,,4.13,146000000.0,,2165000000.0,,3366000000.0,3224000000.0,142000000.0,3366000000.0,,5246000000.0,11930000000.0,313000000.0,178000000.0,22000000.0,,,,829000000.0,5559000000.0,6371000000.0,242000000.0,35000000.0,975000000.0,5396000000.0,-185000000.0,5211000000.0,11930000000.0,814800000.0,814800000.0,814800000.0
Occidental Petroleum Corp,OXY,IM7X0T3ECJW4C1T7ON55,797468,2011.0,Q2TTM,2010-07-01,2011-06-30,,7.08,7.08,1.68,3153000000.0,7.07,283000000.0,275000000.0,3605000000.0,,5805000000.0,5655000000.0,150000000.0,5769000000.0,36000000.0,6793000000.0,21695000000.0,551000000.0,331000000.0,22000000.0,-5000000.0,,,1594000000.0,7344000000.0,14351000000.0,291000000.0,147000000.0,5300000000.0,9051000000.0,-122000000.0,8929000000.0,21695000000.0,814800000.0,814800000.0,814800000.0
Occidental Petroleum Corp,OXY,IM7X0T3ECJW4C1T7ON55,797468,2011.0,Q1,2011-01-01,2011-03-31,2012-05-02 18:45:48+00:00,1.9,1.9,0.46,,1.9,84000000.0,0.0,1054000000.0,,1549000000.0,1405000000.0,144000000.0,1549000000.0,0.0,2526000000.0,5757000000.0,151000000.0,97000000.0,22000000.0,0.0,,,441000000.0,2677000000.0,3080000000.0,215000000.0,,525000000.0,2555000000.0,-193000000.0,2362000000.0,5757000000.0,815300000.0,815300000.0,815300000.0
Occidental Petroleum Corp,OXY,IM7X0T3ECJW4C1T7ON55,797468,2011.0,Q1TTM,2010-04-01,2011-03-31,,6.16,6.16,1.6,3153000000.0,6.15,290000000.0,275000000.0,3303000000.0,,5063000000.0,4925000000.0,138000000.0,5015000000.0,48000000.0,6365000000.0,20165000000.0,514000000.0,309000000.0,22000000.0,1000000.0,,,1488000000.0,6879000000.0,13286000000.0,294000000.0,112000000.0,5207000000.0,8079000000.0,-160000000.0,7919000000.0,20165000000.0,815300000.0,815300000.0,815300000.0
Occidental Petroleum Corp,OXY,IM7X0T3ECJW4C1T7ON55,797468,2012.0,Q4,2012-10-01,2012-12-31,,0.42,0.42,0.54,3585000000.0,0.42,-66000000.0,1710000000.0,-210000000.0,,336000000.0,-442000000.0,778000000.0,336000000.0,,-2656000000.0,2179000000.0,,70000000.0,,,,,203000000.0,-2656000000.0,4835000000.0,60000000.0,-65000000.0,5432000000.0,-597000000.0,-125000000.0,-722000000.0,2179000000.0,809300000.0,809300000.0,809300000.0
Occidental Petroleum Corp,OXY,IM7X0T3ECJW4C1T7ON55,797468,2012.0,FY,2012-01-01,2012-12-31,2015-02-23 16:23:58+00:00,5.67,5.67,2.16,3585000000.0,5.67,197000000.0,1710000000.0,2659000000.0,,4598000000.0,3829000000.0,769000000.0,4598000000.0,,6530000000.0,20180000000.0,513000000.0,363000000.0,,,,,1366000000.0,7043000000.0,13137000000.0,154000000.0,,6858000000.0,6279000000.0,-154000000.0,6125000000.0,20180000000.0,809300000.0,809300000.0,809300000.0
Occidental Petroleum Corp,OXY,IM7X0T3ECJW4C1T7ON55,797468,2012.0,Q3,2012-07-01,2012-09-30,2013-10-30 13:17:11+00:00,1.69,1.69,0.54,,1.69,69000000.0,0.0,855000000.0,,1375000000.0,1379000000.0,-4000000.0,1375000000.0,0.0,3176000000.0,5965000000.0,172000000.0,90000000.0,,0.0,,,394000000.0,3348000000.0,2617000000.0,36000000.0,26000000.0,463000000.0,2154000000.0,-10000000.0,2144000000.0,5965000000.0,813600000.0,813600000.0,813600000.0
Occidental Petroleum Corp,OXY,IM7X0T3ECJW4C1T7ON55,797468,2012.0,Q3YTD,2012-01-01,2012-09-30,,5.25,5.25,1.62,,5.25,263000000.0,,2869000000.0,,4262000000.0,4271000000.0,-9000000.0,4262000000.0,,9186000000.0,18001000000.0,513000000.0,293000000.0,,,,,1163000000.0,9699000000.0,8302000000.0,94000000.0,65000000.0,1426000000.0,6876000000.0,-29000000.0,6847000000.0,18001000000.0,813600000.0,813600000.0,813600000.0
Occidental Petroleum Corp,OXY,IM7X0T3ECJW4C1T7ON55,797468,2012.0,Q3TTM,2011-10-01,2012-09-30,,7.27,7.27,2.08,3591000000.0,7.27,336000000.0,,3818000000.0,,5896000000.0,5912000000.0,-16000000.0,5896000000.0,,8446000000.0,24004000000.0,653000000.0,374000000.0,-22000000.0,,,,1615000000.0,9099000000.0,14905000000.0,125000000.0,140000000.0,5542000000.0,9363000000.0,-7000000.0,9356000000.0,24004000000.0,813600000.0,813600000.0,813600000.0
Occidental Petroleum Corp,OXY,IM7X0T3ECJW4C1T7ON55,797468,2012.0,Q2,2012-04-01,2012-06-30,2013-08-05 16:05:26+00:00,1.64,1.64,0.54,,1.64,96000000.0,0.0,875000000.0,,1328000000.0,1332000000.0,-4000000.0,1328000000.0,0.0,3060000000.0,5768000000.0,167000000.0,101000000.0,,0.0,,,335000000.0,3227000000.0,2541000000.0,28000000.0,24000000.0,431000000.0,2110000000.0,-4000000.0,2106000000.0,5768000000.0,809800000.0,809800000.0,809800000.0
Occidental Petroleum Corp,OXY,IM7X0T3ECJW4C1T7ON55,797468,2012.0,Q2YTD,2012-01-01,2012-06-30,,3.56,3.56,1.08,,3.56,194000000.0,,2014000000.0,,2887000000.0,2892000000.0,-5000000.0,2887000000.0,,6010000000.0,12036000000.0,341000000.0,203000000.0,,,,,769000000.0,6351000000.0,5685000000.0,58000000.0,39000000.0,963000000.0,4722000000.0,-19000000.0,4703000000.0,12036000000.0,809800000.0,809800000.0,809800000.0
Occidental Petroleum Corp,OXY,IM7X0T3ECJW4C1T7ON55,797468,2012.0,Q2TTM,2011-07-01,2012-06-30,,7.75,7.75,2.0,3591000000.0,7.75,306000000.0,,4050000000.0,,6292000000.0,6308000000.0,-16000000.0,6292000000.0,,8149000000.0,24045000000.0,633000000.0,407000000.0,-22000000.0,,,,1463000000.0,8782000000.0,15263000000.0,114000000.0,184000000.0,5360000000.0,9903000000.0,48000000.0,9951000000.0,24045000000.0,809800000.0,809800000.0,809800000.0
Occidental Petroleum Corp,OXY,IM7X0T3ECJW4C1T7ON55,797468,2012.0,Q1,2012-01-01,2012-03-31,2013-05-01 13:48:20+00:00,1.92,1.92,0.54,,1.92,98000000.0,0.0,1139000000.0,,1559000000.0,1560000000.0,-1000000.0,1559000000.0,0.0,2950000000.0,6268000000.0,174000000.0,102000000.0,,0.0,,,434000000.0,3124000000.0,3144000000.0,30000000.0,15000000.0,532000000.0,2612000000.0,-15000000.0,2597000000.0,6268000000.0,812000000.0,812000000.0,812000000.0
Occidental Petroleum Corp,OXY,IM7X0T3ECJW4C1T7ON55,797468,2012.0,Q1TTM,2011-04-01,2012-03-31,,8.34,8.34,1.92,3591000000.0,8.34,272000000.0,,4286000000.0,,6781000000.0,6795000000.0,-14000000.0,6781000000.0,,7809000000.0,24450000000.0,628000000.0,387000000.0,-22000000.0,,,,1516000000.0,8437000000.0,16013000000.0,113000000.0,195000000.0,5379000000.0,10634000000.0,60000000.0,10694000000.0,24450000000.0,812000000.0,812000000.0,812000000.0
Occidental Petroleum Corp,OXY,IM7X0T3ECJW4C1T7ON55,797468,2013.0,FY,2013-01-01,2013-12-31,2016-02-26 12:08:12+00:00,7.33,7.33,2.56,4203000000.0,7.32,140000000.0,621000000.0,3214000000.0,,5903000000.0,4932000000.0,971000000.0,5903000000.0,,6497000000.0,21452000000.0,564000000.0,395000000.0,,,,,1544000000.0,7061000000.0,14391000000.0,132000000.0,,6508000000.0,7883000000.0,-132000000.0,7751000000.0,21452000000.0,804100000.0,804100000.0,804100000.0
Occidental Petroleum Corp,OXY,IM7X0T3ECJW4C1T7ON55,797468,2013.0,Q4,2013-10-01,2013-12-31,,2.05,2.05,0.64,4203000000.0,2.04,-56000000.0,621000000.0,432000000.0,,1643000000.0,658000000.0,985000000.0,1643000000.0,,-3034000000.0,3169000000.0,-4000000.0,107000000.0,,,,,197000000.0,-3038000000.0,6207000000.0,39000000.0,-220000000.0,4965000000.0,1242000000.0,-259000000.0,983000000.0,3169000000.0,804100000.0,804100000.0,804100000.0
Occidental Petroleum Corp,OXY,IM7X0T3ECJW4C1T7ON55,797468,2013.0,Q3,2013-07-01,2013-09-30,2013-10-30 13:17:11+00:00,1.96,1.96,0.64,,1.96,68000000.0,0.0,1037000000.0,,1583000000.0,1588000000.0,-5000000.0,1583000000.0,0.0,3214000000.0,6449000000.0,186000000.0,106000000.0,,0.0,,,459000000.0,3400000000.0,3049000000.0,29000000.0,26000000.0,527000000.0,2522000000.0,-3000000.0,2519000000.0,6449000000.0,807700000.0,807700000.0,807700000.0
Occidental Petroleum Corp,OXY,IM7X0T3ECJW4C1T7ON55,797468,2013.0,Q3YTD,2013-01-01,2013-09-30,,5.28,5.28,1.92,,5.28,196000000.0,,2782000000.0,,4260000000.0,4274000000.0,-14000000.0,4260000000.0,,9531000000.0,18283000000.0,568000000.0,288000000.0,,,,,1347000000.0,10099000000.0,8184000000.0,93000000.0,220000000.0,1543000000.0,6641000000.0,127000000.0,6768000000.0,18283000000.0,807700000.0,807700000.0,807700000.0
Occidental Petroleum Corp,OXY,IM7X0T3ECJW4C1T7ON55,797468,2013.0,Q3TTM,2012-10-01,2013-09-30,,5.7,5.7,2.46,3585000000.0,5.7,130000000.0,1710000000.0,2572000000.0,,4596000000.0,3832000000.0,764000000.0,4596000000.0,,6875000000.0,20462000000.0,568000000.0,358000000.0,,,,,1550000000.0,7443000000.0,13019000000.0,153000000.0,155000000.0,6975000000.0,6044000000.0,2000000.0,6046000000.0,20462000000.0,807700000.0,807700000.0,807700000.0
Occidental Petroleum Corp,OXY,IM7X0T3ECJW4C1T7ON55,797468,2013.0,Q2,2013-04-01,2013-06-30,2013-08-05 16:05:26+00:00,1.64,1.64,0.64,,1.64,78000000.0,0.0,901000000.0,,1322000000.0,1327000000.0,-5000000.0,1322000000.0,0.0,3180000000.0,5962000000.0,196000000.0,86000000.0,,0.0,,,495000000.0,3376000000.0,2586000000.0,30000000.0,159000000.0,573000000.0,2013000000.0,129000000.0,2142000000.0,5962000000.0,806100000.0,806100000.0,806100000.0
Occidental Petroleum Corp,OXY,IM7X0T3ECJW4C1T7ON55,797468,2013.0,Q2YTD,2013-01-01,2013-06-30,,3.32,3.32,1.28,,3.32,128000000.0,,1745000000.0,,2677000000.0,2686000000.0,-9000000.0,2677000000.0,,6317000000.0,11834000000.0,382000000.0,182000000.0,,,,,888000000.0,6699000000.0,5135000000.0,64000000.0,194000000.0,1016000000.0,4119000000.0,130000000.0,4249000000.0,11834000000.0,806100000.0,806100000.0,806100000.0
Occidental Petroleum Corp,OXY,IM7X0T3ECJW4C1T7ON55,797468,2013.0,Q2TTM,2012-07-01,2013-06-30,,5.43,5.43,2.36,3585000000.0,5.43,131000000.0,1710000000.0,2390000000.0,,4388000000.0,3623000000.0,765000000.0,4388000000.0,,6837000000.0,19978000000.0,554000000.0,342000000.0,,,,,1485000000.0,7391000000.0,12587000000.0,160000000.0,155000000.0,6911000000.0,5676000000.0,-5000000.0,5671000000.0,19978000000.0,806100000.0,806100000.0,806100000.0
Occidental Petroleum Corp,OXY,IM7X0T3ECJW4C1T7ON55,797468,2013.0,Q1,2013-01-01,2013-03-31,2013-05-01 13:48:20+00:00,1.68,1.68,0.64,,1.68,50000000.0,0.0,844000000.0,,1355000000.0,1359000000.0,-4000000.0,1355000000.0,0.0,3137000000.0,5872000000.0,186000000.0,96000000.0,,0.0,,,393000000.0,3323000000.0,2549000000.0,34000000.0,35000000.0,443000000.0,2106000000.0,1000000.0,2107000000.0,5872000000.0,806500000.0,806500000.0,806500000.0
Occidental Petroleum Corp,OXY,IM7X0T3ECJW4C1T7ON55,797468,2013.0,Q1TTM,2012-04-01,2013-03-31,,5.43,5.43,2.26,3585000000.0,5.43,149000000.0,1710000000.0,2364000000.0,,4394000000.0,3628000000.0,766000000.0,4394000000.0,,26501000000.0,39568000000.0,525000000.0,357000000.0,,,,,1325000000.0,7242000000.0,12542000000.0,158000000.0,20000000.0,6769000000.0,5773000000.0,-138000000.0,5635000000.0,39568000000.0,1613000000.0,1613000000.0,1613000000.0
Occidental Petroleum Corp,OXY,IM7X0T3ECJW4C1T7ON55,797468,2014.0,FY,2014-01-01,2014-12-31,2017-02-23 09:54:15+00:00,0.79,0.79,2.88,4261000000.0,0.79,150000000.0,7379000000.0,1685000000.0,,630000000.0,-130000000.0,760000000.0,616000000.0,14000000.0,6803000000.0,19442000000.0,550000000.0,331000000.0,,,,,1503000000.0,7353000000.0,12089000000.0,77000000.0,2505000000.0,13293000000.0,-1204000000.0,2428000000.0,1224000000.0,19442000000.0,781100000.0,781100000.0,781100000.0
Occidental Petroleum Corp,OXY,IM7X0T3ECJW4C1T7ON55,797468,2014.0,Q4,2014-10-01,2014-12-31,,-4.34,-4.34,0.72,2181000000.0,-4.33,59000000.0,6908000000.0,-617000000.0,,-3407000000.0,-3426000000.0,19000000.0,-3413000000.0,6000000.0,756000000.0,3809000000.0,120000000.0,88000000.0,,,,,402000000.0,876000000.0,2933000000.0,19000000.0,2505000000.0,9550000000.0,-6617000000.0,2486000000.0,-4131000000.0,3809000000.0,781100000.0,781100000.0,781100000.0
Occidental Petroleum Corp,OXY,IM7X0T3ECJW4C1T7ON55,797468,2014.0,Q3,2014-07-01,2014-09-30,2015-10-29 18:04:22+00:00,1.55,1.55,0.72,1056000000.0,1.55,28000000.0,,699000000.0,,1211000000.0,998000000.0,213000000.0,1208000000.0,3000000.0,1736000000.0,4930000000.0,135000000.0,93000000.0,,,,,355000000.0,1871000000.0,3059000000.0,16000000.0,,1439000000.0,1620000000.0,-16000000.0,1604000000.0,4930000000.0,777400000.0,777400000.0,777400000.0
Occidental Petroleum Corp,OXY,IM7X0T3ECJW4C1T7ON55,797468,2014.0,Q3YTD,2014-01-01,2014-09-30,,5.13,5.13,2.16,2080000000.0,5.12,91000000.0,471000000.0,2302000000.0,,4037000000.0,3296000000.0,741000000.0,4029000000.0,8000000.0,6047000000.0,15633000000.0,430000000.0,243000000.0,,,,,1101000000.0,6477000000.0,9156000000.0,58000000.0,,3743000000.0,5413000000.0,-58000000.0,5355000000.0,15633000000.0,777400000.0,777400000.0,777400000.0
Occidental Petroleum Corp,OXY,IM7X0T3ECJW4C1T7ON55,797468,2014.0,Q3TTM,2013-10-01,2014-09-30,,7.18,7.18,2.8,6283000000.0,7.16,35000000.0,1092000000.0,2734000000.0,,5680000000.0,3954000000.0,1726000000.0,5672000000.0,8000000.0,3013000000.0,18802000000.0,426000000.0,350000000.0,,,,,1298000000.0,3439000000.0,15363000000.0,97000000.0,-220000000.0,8708000000.0,6655000000.0,-317000000.0,6338000000.0,18802000000.0,777400000.0,777400000.0,777400000.0
Occidental Petroleum Corp,OXY,IM7X0T3ECJW4C1T7ON55,797468,2014.0,Q2YTD,2014-01-01,2014-06-30,,3.58,3.58,1.44,1024000000.0,3.57,63000000.0,471000000.0,1603000000.0,,2826000000.0,2298000000.0,528000000.0,2821000000.0,5000000.0,4311000000.0,10703000000.0,295000000.0,150000000.0,,,,,746000000.0,4606000000.0,6097000000.0,42000000.0,,2304000000.0,3793000000.0,-42000000.0,3751000000.0,10703000000.0,782600000.0,782600000.0,782600000.0
Occidental Petroleum Corp,OXY,IM7X0T3ECJW4C1T7ON55,797468,2014.0,Q2TTM,2013-07-01,2014-06-30,,7.59,7.59,2.72,5227000000.0,7.57,75000000.0,1092000000.0,3072000000.0,,6052000000.0,4544000000.0,1508000000.0,6047000000.0,5000000.0,4491000000.0,20321000000.0,477000000.0,363000000.0,,,,,1402000000.0,4968000000.0,15353000000.0,110000000.0,-194000000.0,7796000000.0,7557000000.0,-304000000.0,7253000000.0,20321000000.0,782600000.0,782600000.0,782600000.0
Occidental Petroleum Corp,OXY,IM7X0T3ECJW4C1T7ON55,797468,2014.0,Q2,2014-04-01,2014-06-30,2015-08-03 18:14:14+00:00,1.83,1.83,0.72,1024000000.0,1.82,39000000.0,471000000.0,809000000.0,,1434000000.0,1161000000.0,273000000.0,1431000000.0,3000000.0,1691000000.0,5705000000.0,144000000.0,83000000.0,,,,,429000000.0,1835000000.0,3870000000.0,20000000.0,,1963000000.0,1907000000.0,-20000000.0,1887000000.0,5705000000.0,782600000.0,782600000.0,782600000.0
Occidental Petroleum Corp,OXY,IM7X0T3ECJW4C1T7ON55,797468,2014.0,Q1TTM,2013-04-01,2014-03-31,,7.4,7.4,2.64,4203000000.0,7.39,114000000.0,621000000.0,3164000000.0,,5940000000.0,4710000000.0,1230000000.0,5938000000.0,2000000.0,5980000000.0,20578000000.0,529000000.0,366000000.0,,,,,1468000000.0,6509000000.0,14069000000.0,120000000.0,-35000000.0,6406000000.0,7663000000.0,-155000000.0,7508000000.0,20578000000.0,791300000.0,791300000.0,791300000.0
Occidental Petroleum Corp,OXY,IM7X0T3ECJW4C1T7ON55,797468,2014.0,Q1,2014-01-01,2014-03-31,2015-05-06 16:21:22+00:00,1.75,1.75,0.72,,1.75,24000000.0,,794000000.0,,1392000000.0,1137000000.0,255000000.0,1390000000.0,2000000.0,2620000000.0,4998000000.0,151000000.0,67000000.0,,,,,317000000.0,2771000000.0,2227000000.0,22000000.0,,341000000.0,1886000000.0,-22000000.0,1864000000.0,4998000000.0,791300000.0,791300000.0,791300000.0
Occidental Petroleum Corp,OXY,IM7X0T3ECJW4C1T7ON55,797468,2015.0,FY,2015-01-01,2015-12-31,2018-02-23 17:19:51+00:00,-10.23,-10.23,2.97,4544000000.0,-10.23,36000000.0,10239000000.0,-1330000000.0,,-7829000000.0,-8146000000.0,317000000.0,-7829000000.0,,5804000000.0,12598000000.0,343000000.0,208000000.0,,-101000000.0,,,1270000000.0,6147000000.0,6451000000.0,147000000.0,,15988000000.0,-9537000000.0,-147000000.0,-9684000000.0,12598000000.0,765600000.0,765600000.0,765600000.0
Occidental Petroleum Corp,OXY,IM7X0T3ECJW4C1T7ON55,797468,2015.0,Q4,2015-10-01,2015-12-31,,-6.76,-6.76,0.75,1276000000.0,-6.76,13000000.0,6518000000.0,-1190000000.0,,-5178000000.0,-5505000000.0,327000000.0,-5178000000.0,,1354000000.0,2742000000.0,50000000.0,54000000.0,,-101000000.0,,,320000000.0,1404000000.0,1338000000.0,61000000.0,,8026000000.0,-6688000000.0,-61000000.0,-6749000000.0,2742000000.0,765600000.0,765600000.0,765600000.0
Occidental Petroleum Corp,OXY,IM7X0T3ECJW4C1T7ON55,797468,2015.0,Q3,2015-07-01,2015-09-30,2016-11-01 16:07:24+00:00,-3.42,-3.42,0.75,1123000000.0,-3.42,5000000.0,3397000000.0,-445000000.0,,-2609000000.0,-2606000000.0,-3000000.0,-2609000000.0,,1413000000.0,3246000000.0,79000000.0,60000000.0,,,,,292000000.0,1492000000.0,1754000000.0,48000000.0,,4817000000.0,-3063000000.0,-48000000.0,-3111000000.0,3246000000.0,763300000.0,763300000.0,763300000.0
Occidental Petroleum Corp,OXY,IM7X0T3ECJW4C1T7ON55,797468,2015.0,Q3YTD,2015-01-01,2015-09-30,,-3.47,-3.47,2.22,3268000000.0,-3.47,23000000.0,3721000000.0,-140000000.0,,-2651000000.0,-2641000000.0,-10000000.0,-2651000000.0,,4450000000.0,9856000000.0,293000000.0,154000000.0,,,,,950000000.0,4743000000.0,5113000000.0,86000000.0,,7962000000.0,-2849000000.0,-86000000.0,-2935000000.0,9856000000.0,763300000.0,763300000.0,763300000.0
Occidental Petroleum Corp,OXY,IM7X0T3ECJW4C1T7ON55,797468,2015.0,Q3TTM,2014-10-01,2015-09-30,,-7.81,-7.81,2.94,5449000000.0,-7.8,51000000.0,10629000000.0,-895000000.0,,-6058000000.0,-6319000000.0,261000000.0,-6064000000.0,6000000.0,4628000000.0,12575000000.0,361000000.0,242000000.0,,,,,1281000000.0,4989000000.0,7586000000.0,107000000.0,2475000000.0,17410000000.0,-9824000000.0,2368000000.0,-7456000000.0,12575000000.0,763300000.0,763300000.0,763300000.0
Occidental Petroleum Corp,OXY,IM7X0T3ECJW4C1T7ON55,797468,2015.0,Q2,2015-04-01,2015-06-30,2016-08-03 17:11:09+00:00,0.23,0.23,0.75,1116000000.0,0.23,10000000.0,,324000000.0,,176000000.0,180000000.0,-4000000.0,176000000.0,,1480000000.0,3514000000.0,107000000.0,58000000.0,,,,,347000000.0,1587000000.0,1927000000.0,8000000.0,,1473000000.0,454000000.0,-8000000.0,446000000.0,3514000000.0,766400000.0,766400000.0,766400000.0
Occidental Petroleum Corp,OXY,IM7X0T3ECJW4C1T7ON55,797468,2015.0,Q2YTD,2015-01-01,2015-06-30,,-0.05,-0.05,1.47,2145000000.0,-0.05,18000000.0,324000000.0,305000000.0,,-42000000.0,-35000000.0,-7000000.0,-42000000.0,,3037000000.0,6610000000.0,214000000.0,94000000.0,,,,,658000000.0,3251000000.0,3359000000.0,38000000.0,,3145000000.0,214000000.0,-38000000.0,176000000.0,6610000000.0,766400000.0,766400000.0,766400000.0
Occidental Petroleum Corp,OXY,IM7X0T3ECJW4C1T7ON55,797468,2015.0,Q2TTM,2014-07-01,2015-06-30,,-2.84,-2.84,2.91,5382000000.0,-2.83,74000000.0,7232000000.0,249000000.0,,-2238000000.0,-2715000000.0,477000000.0,-2247000000.0,9000000.0,4951000000.0,14259000000.0,417000000.0,275000000.0,,,,,1344000000.0,5368000000.0,8891000000.0,75000000.0,2475000000.0,14032000000.0,-5141000000.0,2400000000.0,-2741000000.0,14259000000.0,766400000.0,766400000.0,766400000.0
Occidental Petroleum Corp,OXY,IM7X0T3ECJW4C1T7ON55,797468,2015.0,Q1,2015-01-01,2015-03-31,2016-05-05 17:07:37+00:00,-0.28,-0.28,0.72,1029000000.0,-0.28,8000000.0,324000000.0,-19000000.0,,-218000000.0,-215000000.0,-3000000.0,-218000000.0,,1557000000.0,3096000000.0,107000000.0,36000000.0,,,,,311000000.0,1664000000.0,1432000000.0,30000000.0,,1672000000.0,-240000000.0,-30000000.0,-270000000.0,3096000000.0,769600000.0,769600000.0,769600000.0
Occidental Petroleum Corp,OXY,IM7X0T3ECJW4C1T7ON55,797468,2015.0,Q1TTM,2014-04-01,2015-03-31,,-2.48,-2.48,5.76,10580000000.0,-2.48,206000000.0,15406000000.0,1468000000.0,,-1960000000.0,-3468000000.0,1508000000.0,-1984000000.0,24000000.0,10324000000.0,32900000000.0,908000000.0,600000000.0,,,,,2852000000.0,11232000000.0,21668000000.0,174000000.0,4950000000.0,29044000000.0,-7376000000.0,4776000000.0,-2600000000.0,32900000000.0,1539200000.0,769600000.0,1539200000.0
Occidental Petroleum Corp,OXY,IM7X0T3ECJW4C1T7ON55,797468,2016.0,FY,2016-01-01,2016-12-31,2019-02-21 17:29:15+00:00,-0.75,-0.75,3.02,4268000000.0,-0.75,62000000.0,825000000.0,-662000000.0,,-574000000.0,-1002000000.0,428000000.0,-574000000.0,,5189000000.0,10196000000.0,277000000.0,181000000.0,,,,,1330000000.0,5466000000.0,4730000000.0,292000000.0,202000000.0,6485000000.0,-1755000000.0,-90000000.0,-1845000000.0,10196000000.0,763800000.0,763800000.0,763800000.0
Occidental Petroleum Corp,OXY,IM7X0T3ECJW4C1T7ON55,797468,2016.0,Q4,2016-10-01,2016-12-31,,-0.35,-0.35,-2.26,1050000000.0,-0.35,17000000.0,526000000.0,-333000000.0,,-272000000.0,-268000000.0,-4000000.0,-272000000.0,,1326000000.0,2624000000.0,67000000.0,39000000.0,,,,,404000000.0,1393000000.0,1231000000.0,76000000.0,202000000.0,1997000000.0,-766000000.0,126000000.0,-640000000.0,2624000000.0,763800000.0,763800000.0,763800000.0
Occidental Petroleum Corp,OXY,IM7X0T3ECJW4C1T7ON55,797468,2016.0,Q3,2016-07-01,2016-09-30,2017-11-01 16:24:43+00:00,-0.32,-0.32,0.76,1046000000.0,-0.32,9000000.0,221000000.0,-30000000.0,,-241000000.0,-238000000.0,-3000000.0,-241000000.0,,1338000000.0,2733000000.0,61000000.0,58000000.0,,,,,316000000.0,1399000000.0,1334000000.0,68000000.0,,1592000000.0,-258000000.0,-68000000.0,-326000000.0,2733000000.0,764000000.0,764000000.0,764000000.0
Occidental Petroleum Corp,OXY,IM7X0T3ECJW4C1T7ON55,797468,2016.0,Q3YTD,2016-01-01,2016-09-30,,-0.4,-0.4,2.26,3218000000.0,-0.4,45000000.0,299000000.0,-329000000.0,,-302000000.0,-734000000.0,432000000.0,-302000000.0,,3863000000.0,7572000000.0,210000000.0,142000000.0,,,,,926000000.0,4073000000.0,3499000000.0,216000000.0,,4488000000.0,-989000000.0,-216000000.0,-1205000000.0,7572000000.0,764000000.0,764000000.0,764000000.0
Occidental Petroleum Corp,OXY,IM7X0T3ECJW4C1T7ON55,797468,2016.0,Q3TTM,2015-10-01,2016-09-30,,-7.16,-7.16,3.01,4494000000.0,-7.16,58000000.0,6817000000.0,-1519000000.0,,-5480000000.0,-6239000000.0,759000000.0,-5480000000.0,,5217000000.0,10314000000.0,260000000.0,196000000.0,,-101000000.0,,,1246000000.0,5477000000.0,4837000000.0,277000000.0,,12514000000.0,-7677000000.0,-277000000.0,-7954000000.0,10314000000.0,764000000.0,764000000.0,764000000.0
Occidental Petroleum Corp,OXY,IM7X0T3ECJW4C1T7ON55,797468,2016.0,Q2,2016-04-01,2016-06-30,2017-08-02 16:24:04+00:00,-0.18,-0.18,0.75,1070000000.0,-0.18,27000000.0,,-96000000.0,,-139000000.0,-136000000.0,-3000000.0,-139000000.0,,1244000000.0,2558000000.0,74000000.0,51000000.0,,,,,338000000.0,1318000000.0,1240000000.0,88000000.0,,1435000000.0,-195000000.0,-88000000.0,-283000000.0,2558000000.0,763600000.0,763600000.0,763600000.0
Occidental Petroleum Corp,OXY,IM7X0T3ECJW4C1T7ON55,797468,2016.0,Q2YTD,2016-01-01,2016-06-30,,-0.08,-0.08,1.5,2172000000.0,-0.08,36000000.0,78000000.0,-299000000.0,,-61000000.0,-496000000.0,435000000.0,-61000000.0,,2525000000.0,4839000000.0,149000000.0,84000000.0,,,,,610000000.0,2674000000.0,2165000000.0,148000000.0,,2896000000.0,-731000000.0,-148000000.0,-879000000.0,4839000000.0,763600000.0,763600000.0,763600000.0
Occidental Petroleum Corp,OXY,IM7X0T3ECJW4C1T7ON55,797468,2016.0,Q2TTM,2015-07-01,2016-06-30,,-10.26,-10.26,3.0,4571000000.0,-10.26,54000000.0,9993000000.0,-1934000000.0,,-7848000000.0,-8607000000.0,759000000.0,-7848000000.0,,5292000000.0,10827000000.0,278000000.0,198000000.0,,-101000000.0,,,1222000000.0,5570000000.0,5257000000.0,257000000.0,,15739000000.0,-10482000000.0,-257000000.0,-10739000000.0,10827000000.0,763600000.0,763600000.0,763600000.0
Occidental Petroleum Corp,OXY,IM7X0T3ECJW4C1T7ON55,797468,2016.0,Q1,2016-01-01,2016-03-31,2017-05-04 17:05:27+00:00,0.1,0.1,0.75,1102000000.0,0.1,9000000.0,78000000.0,-203000000.0,,78000000.0,-360000000.0,438000000.0,78000000.0,,1281000000.0,2281000000.0,75000000.0,33000000.0,,,,,272000000.0,1356000000.0,925000000.0,60000000.0,,1461000000.0,-536000000.0,-60000000.0,-596000000.0,2281000000.0,763400000.0,763400000.0,763400000.0
Occidental Petroleum Corp,OXY,IM7X0T3ECJW4C1T7ON55,797468,2016.0,Q1TTM,2015-04-01,2016-03-31,,-9.85,-9.85,3.0,4617000000.0,-9.85,37000000.0,9993000000.0,-1514000000.0,,-7533000000.0,-8291000000.0,758000000.0,-7533000000.0,,5528000000.0,11783000000.0,311000000.0,205000000.0,,-101000000.0,,,1231000000.0,5839000000.0,5944000000.0,177000000.0,,15777000000.0,-9833000000.0,-177000000.0,-10010000000.0,11783000000.0,763400000.0,763400000.0,763400000.0
Occidental Petroleum Corp,OXY,IM7X0T3ECJW4C1T7ON55,797468,2017.0,FY,2017-01-01,2017-12-31,2020-02-27 21:59:03+00:00,1.71,1.71,3.06,4002000000.0,1.7,82000000.0,545000000.0,17000000.0,546000000.0,1311000000.0,1311000000.0,0.0,1311000000.0,0.0,5540000000.0,12553000000.0,311000000.0,357000000.0,,-667000000.0,0.0,0.0,878000000.0,5851000000.0,6702000000.0,345000000.0,,5386000000.0,1316000000.0,-345000000.0,971000000.0,12553000000.0,765100000.0,765100000.0,765100000.0
Occidental Petroleum Corp,OXY,IM7X0T3ECJW4C1T7ON55,797468,2017.0,Q4,2017-10-01,2017-12-31,,0.65,0.65,0.77,1076000000.0,0.64,55000000.0,521000000.0,-431000000.0,546000000.0,497000000.0,497000000.0,,497000000.0,,1271000000.0,2867000000.0,90000000.0,80000000.0,,-667000000.0,,,-98000000.0,1361000000.0,1506000000.0,87000000.0,,1433000000.0,73000000.0,-87000000.0,-14000000.0,2867000000.0,765100000.0,765100000.0,765100000.0
Occidental Petroleum Corp,OXY,IM7X0T3ECJW4C1T7ON55,797468,2017.0,Q3,2017-07-01,2017-09-30,2018-11-05 16:27:58+00:00,0.25,0.25,0.77,995000000.0,0.25,8000000.0,11000000.0,85000000.0,,190000000.0,190000000.0,,190000000.0,,1357000000.0,3105000000.0,76000000.0,60000000.0,,,,,352000000.0,1433000000.0,1672000000.0,91000000.0,,1366000000.0,306000000.0,-91000000.0,215000000.0,3105000000.0,765500000.0,765500000.0,765500000.0
Occidental Petroleum Corp,OXY,IM7X0T3ECJW4C1T7ON55,797468,2017.0,Q3YTD,2017-01-01,2017-09-30,,1.06,1.06,2.29,2926000000.0,1.06,27000000.0,24000000.0,448000000.0,,814000000.0,814000000.0,,814000000.0,,4269000000.0,9686000000.0,221000000.0,277000000.0,,,,,976000000.0,4490000000.0,5196000000.0,258000000.0,,3953000000.0,1243000000.0,-258000000.0,985000000.0,9686000000.0,765500000.0,765500000.0,765500000.0
Occidental Petroleum Corp,OXY,IM7X0T3ECJW4C1T7ON55,797468,2017.0,Q3TTM,2016-10-01,2017-09-30,,0.71,0.71,3.05,3976000000.0,0.71,44000000.0,550000000.0,115000000.0,,542000000.0,546000000.0,-4000000.0,542000000.0,,5595000000.0,12310000000.0,288000000.0,316000000.0,,,,,1380000000.0,5883000000.0,6427000000.0,334000000.0,202000000.0,5950000000.0,477000000.0,-132000000.0,345000000.0,12310000000.0,765500000.0,765500000.0,765500000.0
Occidental Petroleum Corp,OXY,IM7X0T3ECJW4C1T7ON55,797468,2017.0,Q2,2017-04-01,2017-06-30,2018-08-08 16:54:25+00:00,0.66,0.66,0.76,989000000.0,0.66,8000000.0,,285000000.0,,507000000.0,507000000.0,,507000000.0,,1486000000.0,3603000000.0,77000000.0,187000000.0,,,,,352000000.0,1563000000.0,2040000000.0,86000000.0,,1349000000.0,691000000.0,-86000000.0,605000000.0,3603000000.0,764900000.0,764900000.0,764900000.0
Occidental Petroleum Corp,OXY,IM7X0T3ECJW4C1T7ON55,797468,2017.0,Q2YTD,2017-01-01,2017-06-30,,0.81,0.81,1.52,1931000000.0,0.81,19000000.0,13000000.0,363000000.0,,624000000.0,624000000.0,,624000000.0,,2912000000.0,6581000000.0,145000000.0,217000000.0,,,,,624000000.0,3057000000.0,3524000000.0,167000000.0,,2587000000.0,937000000.0,-167000000.0,770000000.0,6581000000.0,764900000.0,764900000.0,764900000.0
Occidental Petroleum Corp,OXY,IM7X0T3ECJW4C1T7ON55,797468,2017.0,Q2TTM,2016-07-01,2017-06-30,,0.14,0.14,3.04,4027000000.0,0.14,45000000.0,760000000.0,,,111000000.0,118000000.0,-7000000.0,111000000.0,,5576000000.0,11938000000.0,273000000.0,314000000.0,,,,,1344000000.0,5849000000.0,6089000000.0,311000000.0,202000000.0,6176000000.0,-87000000.0,-109000000.0,-196000000.0,11938000000.0,764900000.0,764900000.0,764900000.0
Occidental Petroleum Corp,OXY,IM7X0T3ECJW4C1T7ON55,797468,2017.0,Q1,2017-01-01,2017-03-31,2018-05-08 16:25:29+00:00,0.15,0.15,0.76,942000000.0,0.15,11000000.0,13000000.0,78000000.0,,117000000.0,117000000.0,,117000000.0,,1426000000.0,2978000000.0,68000000.0,30000000.0,,,,,272000000.0,1494000000.0,1484000000.0,81000000.0,,1238000000.0,246000000.0,-81000000.0,165000000.0,2978000000.0,764400000.0,764400000.0,764400000.0
Occidental Petroleum Corp,OXY,IM7X0T3ECJW4C1T7ON55,797468,2017.0,Q1TTM,2016-04-01,2017-03-31,,-0.7,-0.7,3.03,4108000000.0,-0.7,64000000.0,760000000.0,-381000000.0,,-535000000.0,-525000000.0,-10000000.0,-535000000.0,,5334000000.0,10893000000.0,270000000.0,178000000.0,,,,,1330000000.0,5604000000.0,5289000000.0,313000000.0,202000000.0,6262000000.0,-973000000.0,-111000000.0,-1084000000.0,10893000000.0,764400000.0,764400000.0,764400000.0
Occidental Petroleum Corp,OXY,IM7X0T3ECJW4C1T7ON55,797468,2018.0,FY,2018-01-01,2018-12-31,2020-02-27 21:59:03+00:00,5.4,5.4,3.1,3977000000.0,5.39,110000000.0,561000000.0,1477000000.0,585000000.0,4131000000.0,4131000000.0,0.0,4131000000.0,0.0,5746000000.0,17138000000.0,439000000.0,331000000.0,,-974000000.0,0.0,0.0,1028000000.0,6185000000.0,10953000000.0,389000000.0,,5287000000.0,5666000000.0,-389000000.0,5277000000.0,17138000000.0,761700000.0,761700000.0,761700000.0
Occidental Petroleum Corp,OXY,IM7X0T3ECJW4C1T7ON55,797468,2018.0,Q4,2018-10-01,2018-12-31,,0.94,0.94,1.56,1086000000.0,0.93,50000000.0,305000000.0,126000000.0,434000000.0,706000000.0,706000000.0,,706000000.0,,1151000000.0,4431000000.0,106000000.0,103000000.0,,-5000000.0,,,476000000.0,1257000000.0,3174000000.0,99000000.0,,2346000000.0,828000000.0,-99000000.0,729000000.0,4431000000.0,761700000.0,761700000.0,761700000.0
Occidental Petroleum Corp,OXY,IM7X0T3ECJW4C1T7ON55,797468,2018.0,Q3,2018-07-01,2018-09-30,2019-11-04 17:09:33+00:00,2.44,2.44,,1023000000.0,2.44,24000000.0,214000000.0,710000000.0,151000000.0,1869000000.0,1869000000.0,0.0,1869000000.0,0.0,1443000000.0,4907000000.0,110000000.0,87000000.0,0.0,-926000000.0,0.0,0.0,280000000.0,1553000000.0,3354000000.0,96000000.0,,766000000.0,2588000000.0,-96000000.0,2492000000.0,4907000000.0,766000000.0,766000000.0,766000000.0
Occidental Petroleum Corp,OXY,IM7X0T3ECJW4C1T7ON55,797468,2018.0,Q3YTD,2018-01-01,2018-09-30,,4.46,4.46,1.54,2891000000.0,4.46,60000000.0,256000000.0,1351000000.0,151000000.0,3425000000.0,3425000000.0,,3425000000.0,,4595000000.0,12707000000.0,333000000.0,228000000.0,,-969000000.0,,,552000000.0,4928000000.0,7779000000.0,290000000.0,,2941000000.0,4838000000.0,-290000000.0,4548000000.0,12707000000.0,766000000.0,766000000.0,766000000.0
Occidental Petroleum Corp,OXY,IM7X0T3ECJW4C1T7ON55,797468,2018.0,Q3TTM,2017-10-01,2018-09-30,,5.11,5.11,2.31,3967000000.0,5.1,115000000.0,777000000.0,920000000.0,697000000.0,3922000000.0,3922000000.0,,3922000000.0,,5866000000.0,15574000000.0,423000000.0,308000000.0,,-1636000000.0,,,454000000.0,6289000000.0,9285000000.0,377000000.0,,4374000000.0,4911000000.0,-377000000.0,4534000000.0,15574000000.0,766000000.0,766000000.0,766000000.0
Occidental Petroleum Corp,OXY,IM7X0T3ECJW4C1T7ON55,797468,2018.0,Q2,2018-04-01,2018-06-30,2019-07-31 17:04:40+00:00,1.1,1.1,0.77,947000000.0,1.1,21000000.0,12000000.0,302000000.0,,848000000.0,848000000.0,,848000000.0,,1625000000.0,4021000000.0,115000000.0,78000000.0,,-10000000.0,,0.0,142000000.0,1740000000.0,2281000000.0,97000000.0,,1112000000.0,1169000000.0,-97000000.0,1072000000.0,4021000000.0,765700000.0,765700000.0,765700000.0
Occidental Petroleum Corp,OXY,IM7X0T3ECJW4C1T7ON55,797468,2018.0,Q2YTD,2018-01-01,2018-06-30,,2.02,2.02,1.54,1868000000.0,2.02,36000000.0,42000000.0,641000000.0,,1556000000.0,1556000000.0,,1556000000.0,,3152000000.0,7800000000.0,223000000.0,141000000.0,,-43000000.0,,,272000000.0,3375000000.0,4425000000.0,194000000.0,,2175000000.0,2250000000.0,-194000000.0,2056000000.0,7800000000.0,765700000.0,765700000.0,765700000.0
Occidental Petroleum Corp,OXY,IM7X0T3ECJW4C1T7ON55,797468,2018.0,Q2TTM,2017-07-01,2018-06-30,,2.92,2.92,3.08,3939000000.0,2.91,99000000.0,574000000.0,295000000.0,546000000.0,2243000000.0,2243000000.0,,2243000000.0,,5780000000.0,13772000000.0,389000000.0,281000000.0,,-710000000.0,,,526000000.0,6169000000.0,7603000000.0,372000000.0,,4974000000.0,2629000000.0,-372000000.0,2257000000.0,13772000000.0,765700000.0,765700000.0,765700000.0
Occidental Petroleum Corp,OXY,IM7X0T3ECJW4C1T7ON55,797468,2018.0,Q1,2018-01-01,2018-03-31,2019-05-06 17:04:39+00:00,0.92,0.92,0.77,921000000.0,0.92,15000000.0,30000000.0,339000000.0,,708000000.0,708000000.0,,708000000.0,,1527000000.0,3779000000.0,108000000.0,63000000.0,,-33000000.0,,,130000000.0,1635000000.0,2144000000.0,97000000.0,,1063000000.0,1081000000.0,-97000000.0,984000000.0,3779000000.0,765600000.0,765600000.0,765600000.0
Occidental Petroleum Corp,OXY,IM7X0T3ECJW4C1T7ON55,797468,2018.0,Q1TTM,2017-04-01,2018-03-31,,2.48,2.48,3.07,3981000000.0,2.47,86000000.0,562000000.0,278000000.0,546000000.0,1902000000.0,1902000000.0,,1902000000.0,,5641000000.0,13354000000.0,351000000.0,390000000.0,,-700000000.0,,,736000000.0,5992000000.0,7362000000.0,361000000.0,,5211000000.0,2151000000.0,-361000000.0,1790000000.0,13354000000.0,765600000.0,765600000.0,765600000.0
Occidental Petroleum Corp,OXY,IM7X0T3ECJW4C1T7ON55,797468,2019.0,Q4,2019-10-01,2019-12-31,,-1.82,-1.82,1.58,2271000000.0,-1.82,112000000.0,1036000000.0,46000000.0,640000000.0,-1036000000.0,-1036000000.0,,-1339000000.0,103000000.0,1747000000.0,5882000000.0,275000000.0,365000000.0,,-472000000.0,200000000.0,673000000.0,521000000.0,2022000000.0,3860000000.0,434000000.0,,4781000000.0,-921000000.0,-434000000.0,-1355000000.0,5882000000.0,809500000.0,809500000.0,809500000.0
Occidental Petroleum Corp,OXY,IM7X0T3ECJW4C1T7ON55,797468,2019.0,FY,2019-01-01,2019-12-31,2020-02-27 21:59:03+00:00,-1.22,-1.22,3.14,5981000000.0,-1.22,246000000.0,1361000000.0,693000000.0,882000000.0,-522000000.0,-507000000.0,-15000000.0,-985000000.0,145000000.0,6658000000.0,18931000000.0,707000000.0,606000000.0,,-622000000.0,318000000.0,1647000000.0,1425000000.0,7365000000.0,11566000000.0,1066000000.0,,10920000000.0,646000000.0,-1066000000.0,-420000000.0,18931000000.0,809500000.0,809500000.0,809500000.0
Occidental Petroleum Corp,OXY,IM7X0T3ECJW4C1T7ON55,797468,2019.0,Q3,2019-07-01,2019-09-30,2019-11-04 17:09:33+00:00,-1.08,-1.08,,1706000000.0,-1.08,63000000.0,325000000.0,116000000.0,242000000.0,-752000000.0,-737000000.0,-15000000.0,-912000000.0,42000000.0,1920000000.0,5302000000.0,198000000.0,71000000.0,,-128000000.0,118000000.0,924000000.0,363000000.0,2118000000.0,3184000000.0,381000000.0,,3495000000.0,-311000000.0,-381000000.0,-692000000.0,5302000000.0,844400000.0,844400000.0,844400000.0
Occidental Petroleum Corp,OXY,IM7X0T3ECJW4C1T7ON55,797468,2019.0,Q3YTD,2019-01-01,2019-09-30,,0.6,0.6,1.56,3710000000.0,0.6,134000000.0,325000000.0,647000000.0,242000000.0,514000000.0,529000000.0,-15000000.0,354000000.0,42000000.0,4911000000.0,13049000000.0,432000000.0,241000000.0,,-150000000.0,118000000.0,974000000.0,904000000.0,5343000000.0,7706000000.0,632000000.0,,6139000000.0,1567000000.0,-632000000.0,935000000.0,13049000000.0,844400000.0,844400000.0,844400000.0
Occidental Petroleum Corp,OXY,IM7X0T3ECJW4C1T7ON55,797468,2019.0,Q3TTM,2018-10-01,2019-09-30,,1.54,1.54,3.12,4796000000.0,1.53,184000000.0,630000000.0,773000000.0,676000000.0,1220000000.0,1235000000.0,-15000000.0,1060000000.0,42000000.0,6062000000.0,17480000000.0,538000000.0,344000000.0,,-155000000.0,118000000.0,974000000.0,1380000000.0,6600000000.0,10880000000.0,731000000.0,,8485000000.0,2395000000.0,-731000000.0,1664000000.0,17480000000.0,844400000.0,844400000.0,844400000.0
Occidental Petroleum Corp,OXY,IM7X0T3ECJW4C1T7ON55,797468,2019.0,Q2YTD,2019-01-01,2019-06-30,,1.68,1.68,1.56,2004000000.0,1.68,71000000.0,,531000000.0,,1266000000.0,1266000000.0,,1266000000.0,,2991000000.0,7747000000.0,234000000.0,170000000.0,,-22000000.0,,50000000.0,541000000.0,3225000000.0,4522000000.0,251000000.0,,2644000000.0,1878000000.0,-251000000.0,1627000000.0,7747000000.0,748300000.0,748300000.0,748300000.0
Occidental Petroleum Corp,OXY,IM7X0T3ECJW4C1T7ON55,797468,2019.0,Q2TTM,2018-07-01,2019-06-30,,5.06,5.06,3.12,4113000000.0,5.05,145000000.0,519000000.0,1367000000.0,585000000.0,3841000000.0,3841000000.0,,3841000000.0,,5585000000.0,17085000000.0,450000000.0,360000000.0,,-953000000.0,,50000000.0,1297000000.0,6035000000.0,11050000000.0,446000000.0,,5756000000.0,5294000000.0,-446000000.0,4848000000.0,17085000000.0,748300000.0,748300000.0,748300000.0
Occidental Petroleum Corp,OXY,IM7X0T3ECJW4C1T7ON55,797468,2019.0,Q2,2019-04-01,2019-06-30,2019-07-31 17:04:40+00:00,0.84,0.84,0.78,1031000000.0,0.84,35000000.0,0.0,306000000.0,,635000000.0,635000000.0,,635000000.0,,1646000000.0,4030000000.0,123000000.0,97000000.0,,-15000000.0,,50000000.0,163000000.0,1769000000.0,2261000000.0,153000000.0,,1264000000.0,997000000.0,-153000000.0,844000000.0,4030000000.0,748300000.0,748300000.0,748300000.0
Occidental Petroleum Corp,OXY,IM7X0T3ECJW4C1T7ON55,797468,2019.0,Q1,2019-01-01,2019-03-31,2020-05-06 08:58:13+00:00,0.84,0.84,0.78,973000000.0,0.84,36000000.0,0.0,225000000.0,,631000000.0,631000000.0,,631000000.0,,1345000000.0,3717000000.0,111000000.0,73000000.0,,-7000000.0,0.0,0.0,378000000.0,1456000000.0,2261000000.0,98000000.0,,1380000000.0,881000000.0,-98000000.0,783000000.0,3717000000.0,748900000.0,748900000.0,748900000.0
Occidental Petroleum Corp,OXY,IM7X0T3ECJW4C1T7ON55,797468,2019.0,Q1TTM,2018-04-01,2019-03-31,,5.32,5.32,3.11,4029000000.0,5.31,131000000.0,531000000.0,1363000000.0,585000000.0,4054000000.0,4054000000.0,,4054000000.0,,5564000000.0,17076000000.0,442000000.0,341000000.0,,-948000000.0,,,1276000000.0,6006000000.0,11070000000.0,390000000.0,,5604000000.0,5466000000.0,-390000000.0,5076000000.0,17076000000.0,748900000.0,748900000.0,748900000.0
Occidental Petroleum Corp,OXY,IM7X0T3ECJW4C1T7ON55,797468,2020.0,Q1TTM,2019-04-01,2020-03-31,,-4.55,-4.55,3.15,7250000000.0,-4.55,247000000.0,3164000000.0,386000000.0,882000000.0,-3166000000.0,-3151000000.0,-15000000.0,-3848000000.0,145000000.0,7529000000.0,21265000000.0,778000000.0,-185000000.0,,-622000000.0,537000000.0,1795000000.0,1502000000.0,8307000000.0,12958000000.0,1320000000.0,,14218000000.0,-1260000000.0,-1320000000.0,-2580000000.0,21265000000.0,896700000.0,896700000.0,896700000.0
Occidental Petroleum Corp,OXY,IM7X0T3ECJW4C1T7ON55,797468,2020.0,Q1,2020-01-01,2020-03-31,2020-05-06 08:58:13+00:00,-2.49,-2.49,0.79,2242000000.0,-2.49,37000000.0,1803000000.0,-82000000.0,,-2013000000.0,-2013000000.0,,-2232000000.0,,2216000000.0,6051000000.0,182000000.0,-718000000.0,,-7000000.0,219000000.0,148000000.0,455000000.0,2398000000.0,3653000000.0,352000000.0,,4678000000.0,-1025000000.0,-352000000.0,-1377000000.0,6051000000.0,896700000.0,896700000.0,896700000.0
