company_name,company_ticker,company_lei,company_cik,year,quarter,start_date,end_date,filing_date,amortizationexpense,basicdilutedeps,basiceps,cashdividendspershare,depreciationexpense,dilutedeps,incometaxexpense,netincome,netincomecontinuing,netincometocommon,operatingcostofrevenue,operatingrevenue,otherincome,otherspecialcharges,rdexpense,restructuringcharge,sgaexpense,totalcostofrevenue,totalgrossprofit,totalinterestexpense,totalinterestincome,totaloperatingexpenses,totaloperatingincome,totalotherincome,totalpretaxincome,totalrevenue,weightedavebasicdilutedsharesos,weightedavebasicsharesos,weightedavedilutedsharesos
Xilinx Inc,XLNX,6EY4K7ZMF9UX1CU6KC79,743988,2009.0,FY,2008-03-30,2009-03-28,2011-05-31 17:18:40+00:00,5332000.0,1.31,1.31,0.56,,1.31,96307000.0,361719000.0,361719000.0,361719000.0,669151000.0,1825184000.0,7602000.0,,355392000.0,22023000.0,343768000.0,669151000.0,1156033000.0,-75035000.0,-54129000.0,726515000.0,429518000.0,28508000.0,458026000.0,1825184000.0,276100000.0,276113000.0,276854000.0
Xilinx Inc,XLNX,6EY4K7ZMF9UX1CU6KC79,743988,2010.0,FY,2009-03-29,2010-04-03,2011-05-31 17:18:40+00:00,2493000.0,1.3,1.3,0.6,,1.29,64281000.0,357484000.0,357484000.0,357484000.0,671803000.0,1833554000.0,-6579000.0,,369485000.0,30064000.0,327560000.0,671803000.0,1161751000.0,,-3805000.0,729602000.0,432149000.0,-10384000.0,421765000.0,1833554000.0,275000000.0,276012000.0,276953000.0
Xilinx Inc,XLNX,6EY4K7ZMF9UX1CU6KC79,743988,2010.0,Q4,2010-01-03,2010-04-03,,,0.93,0.54,0.16,,0.54,13462000.0,148532000.0,148532000.0,148532000.0,185484000.0,529020000.0,6655000.0,,94240000.0,2847000.0,90346000.0,185484000.0,343536000.0,,-764000.0,187433000.0,156103000.0,5891000.0,161994000.0,529020000.0,275000000.0,276012000.0,276953000.0
Xilinx Inc,XLNX,6EY4K7ZMF9UX1CU6KC79,743988,2010.0,Q3YTD,2009-03-29,2010-01-02,,2493000.0,0.37,0.76,0.44,,0.75,50819000.0,208952000.0,208952000.0,208952000.0,486319000.0,1304534000.0,-13234000.0,,275245000.0,27217000.0,237214000.0,486319000.0,818215000.0,,-3041000.0,542169000.0,276046000.0,-16275000.0,259771000.0,1304534000.0,,276832000.0,278566000.0
Xilinx Inc,XLNX,6EY4K7ZMF9UX1CU6KC79,743988,2010.0,Q3,2009-09-27,2010-01-02,2011-02-07 21:45:41+00:00,,,0.39,0.16,,0.38,26103000.0,106908000.0,106908000.0,106908000.0,184320000.0,513349000.0,-542000.0,,101867000.0,5531000.0,85037000.0,184320000.0,329029000.0,,-3041000.0,192435000.0,136594000.0,-3583000.0,133011000.0,513349000.0,,276832000.0,278566000.0
Xilinx Inc,XLNX,6EY4K7ZMF9UX1CU6KC79,743988,2010.0,Q2YTD,2009-03-29,2009-09-26,,2493000.0,0.37,0.37,0.28,,0.37,24716000.0,102044000.0,102044000.0,102044000.0,301999000.0,791185000.0,-12692000.0,,173378000.0,21686000.0,152177000.0,301999000.0,489186000.0,,,349734000.0,139452000.0,-12692000.0,126760000.0,791185000.0,278400000.0,276353000.0,276988000.0
Xilinx Inc,XLNX,6EY4K7ZMF9UX1CU6KC79,743988,2010.0,Q2,2009-06-28,2009-09-26,2010-11-08 16:28:48+00:00,,0.23,0.23,0.14,,0.23,16272000.0,64038000.0,64038000.0,64038000.0,158177000.0,414950000.0,-1782000.0,,90145000.0,5915000.0,78621000.0,158177000.0,256773000.0,,,174681000.0,82092000.0,-1782000.0,80310000.0,414950000.0,278400000.0,276353000.0,276988000.0
Xilinx Inc,XLNX,6EY4K7ZMF9UX1CU6KC79,743988,2010.0,Q1,2009-03-29,2009-06-27,2010-08-09 17:24:08+00:00,2493000.0,0.14,0.14,0.14,,0.14,8444000.0,38006000.0,38006000.0,38006000.0,143822000.0,376235000.0,-10910000.0,,83233000.0,15771000.0,73556000.0,143822000.0,232413000.0,,,175053000.0,57360000.0,-10910000.0,46450000.0,376235000.0,271500000.0,275523000.0,276258000.0
Xilinx Inc,XLNX,6EY4K7ZMF9UX1CU6KC79,743988,2011.0,Q4,2011-01-02,2011-04-02,,1034000.0,1.19,0.6,0.16,,0.58,8760000.0,160052000.0,160052000.0,160052000.0,203703000.0,587852000.0,-12403000.0,,102967000.0,6070000.0,92863000.0,203703000.0,384149000.0,,,202934000.0,181215000.0,-12403000.0,168812000.0,587852000.0,264100000.0,264094000.0,268061000.0
Xilinx Inc,XLNX,6EY4K7ZMF9UX1CU6KC79,743988,2011.0,FY,2010-04-04,2011-04-02,2013-05-23 17:09:33+00:00,1034000.0,2.43,2.43,0.64,,2.39,129205000.0,641875000.0,641875000.0,641875000.0,819558000.0,2369445000.0,-24319000.0,0.0,392482000.0,10346000.0,350626000.0,819558000.0,1549887000.0,,,754488000.0,795399000.0,-24319000.0,771080000.0,2369445000.0,264100000.0,264094000.0,268061000.0
Xilinx Inc,XLNX,6EY4K7ZMF9UX1CU6KC79,743988,2011.0,Q3,2010-10-03,2011-01-01,2011-02-07 21:45:41+00:00,,,0.59,0.16,,0.58,27868000.0,152341000.0,152341000.0,152341000.0,194419000.0,567190000.0,-3302000.0,,98453000.0,4276000.0,86531000.0,194419000.0,372771000.0,,,189260000.0,183511000.0,-3302000.0,180209000.0,567190000.0,,259418000.0,263612000.0
Xilinx Inc,XLNX,6EY4K7ZMF9UX1CU6KC79,743988,2011.0,Q3YTD,2010-04-04,2011-01-01,,,1.24,1.83,0.48,,1.81,120445000.0,481823000.0,481823000.0,481823000.0,615855000.0,1781593000.0,-11916000.0,,289515000.0,4276000.0,257763000.0,615855000.0,1165738000.0,,,551554000.0,614184000.0,-11916000.0,602268000.0,1781593000.0,,259418000.0,263612000.0
Xilinx Inc,XLNX,6EY4K7ZMF9UX1CU6KC79,743988,2011.0,Q3TTM,2010-01-03,2011-01-01,,,2.17,2.37,0.64,,2.35,133907000.0,630355000.0,630355000.0,630355000.0,801339000.0,2310613000.0,-5261000.0,,383755000.0,7123000.0,348109000.0,801339000.0,1509274000.0,,-764000.0,738987000.0,770287000.0,-6025000.0,764262000.0,2310613000.0,,259418000.0,263612000.0
Xilinx Inc,XLNX,6EY4K7ZMF9UX1CU6KC79,743988,2011.0,Q2,2010-07-04,2010-10-02,2010-11-08 16:28:48+00:00,,0.66,0.66,0.16,,0.65,48275000.0,170895000.0,170895000.0,170895000.0,213260000.0,619666000.0,-3484000.0,,96578000.0,,87174000.0,213260000.0,406406000.0,,,183752000.0,222654000.0,-3484000.0,219170000.0,619666000.0,258900000.0,260151000.0,263286000.0
Xilinx Inc,XLNX,6EY4K7ZMF9UX1CU6KC79,743988,2011.0,Q2YTD,2010-04-04,2010-10-02,,,1.24,1.24,0.32,,1.23,92577000.0,329482000.0,329482000.0,329482000.0,421436000.0,1214403000.0,-8614000.0,,191062000.0,,171232000.0,421436000.0,792967000.0,,,362294000.0,430673000.0,-8614000.0,422059000.0,1214403000.0,258900000.0,260151000.0,263286000.0
Xilinx Inc,XLNX,6EY4K7ZMF9UX1CU6KC79,743988,2011.0,Q2TTM,2009-09-27,2010-10-02,,,2.17,2.17,0.64,,2.15,132142000.0,584922000.0,584922000.0,584922000.0,791240000.0,2256772000.0,-2501000.0,,387169000.0,8378000.0,346615000.0,791240000.0,1465532000.0,,-3805000.0,742162000.0,723370000.0,-6306000.0,717064000.0,2256772000.0,258900000.0,260151000.0,263286000.0
Xilinx Inc,XLNX,6EY4K7ZMF9UX1CU6KC79,743988,2011.0,Q1,2010-04-04,2010-07-03,2010-08-09 17:24:08+00:00,,0.58,0.58,0.16,,0.58,44302000.0,158587000.0,158587000.0,158587000.0,208176000.0,594737000.0,-5130000.0,,94484000.0,,84058000.0,208176000.0,386561000.0,,,178542000.0,208019000.0,-5130000.0,202889000.0,594737000.0,273400000.0,272097000.0,275541000.0
Xilinx Inc,XLNX,6EY4K7ZMF9UX1CU6KC79,743988,2011.0,Q1TTM,2009-06-28,2010-07-03,,,1.74,1.74,0.62,,1.73,100139000.0,478065000.0,478065000.0,478065000.0,736157000.0,2052056000.0,-799000.0,,380736000.0,14293000.0,338062000.0,736157000.0,1315899000.0,,-3805000.0,733091000.0,582808000.0,-4604000.0,578204000.0,2052056000.0,273400000.0,272097000.0,275541000.0
Xilinx Inc,XLNX,6EY4K7ZMF9UX1CU6KC79,743988,2012.0,Q4,2012-01-01,2012-03-31,,1981000.0,0.46,0.46,0.19,,0.45,17983000.0,122405000.0,122405000.0,122405000.0,187577000.0,558973000.0,-7126000.0,15400000.0,115240000.0,,91261000.0,187577000.0,371396000.0,,,223882000.0,147514000.0,-7126000.0,140388000.0,558973000.0,263700000.0,263783000.0,272157000.0
Xilinx Inc,XLNX,6EY4K7ZMF9UX1CU6KC79,743988,2012.0,FY,2011-04-03,2012-03-31,2014-05-16 17:27:16+00:00,7568000.0,2.01,2.01,0.76,,1.95,66972000.0,530079000.0,530079000.0,530079000.0,786078000.0,2240736000.0,-30722000.0,15400000.0,435276000.0,3369000.0,365272000.0,786078000.0,1454658000.0,0.0,,826885000.0,627773000.0,-30722000.0,597051000.0,2240736000.0,263700000.0,263783000.0,272157000.0
Xilinx Inc,XLNX,6EY4K7ZMF9UX1CU6KC79,743988,2012.0,Q3,2011-10-02,2011-12-31,2012-02-07 16:06:06+00:00,1982000.0,0.49,0.49,0.19,,0.47,2924000.0,127014000.0,127014000.0,127014000.0,174805000.0,511091000.0,-7187000.0,,108245000.0,,88934000.0,174805000.0,336286000.0,,,199161000.0,137125000.0,-7187000.0,129938000.0,511091000.0,259200000.0,261257000.0,267884000.0
Xilinx Inc,XLNX,6EY4K7ZMF9UX1CU6KC79,743988,2012.0,Q3YTD,2011-04-03,2011-12-31,,5587000.0,1.55,1.55,0.57,,1.5,48989000.0,407674000.0,407674000.0,407674000.0,598501000.0,1681763000.0,-23596000.0,,320036000.0,3369000.0,274011000.0,598501000.0,1083262000.0,,,603003000.0,480259000.0,-23596000.0,456663000.0,1681763000.0,259200000.0,261257000.0,267884000.0
Xilinx Inc,XLNX,6EY4K7ZMF9UX1CU6KC79,743988,2012.0,Q3TTM,2011-01-02,2011-12-31,,6621000.0,2.74,2.15,0.73,,2.08,57749000.0,567726000.0,567726000.0,567726000.0,802204000.0,2269615000.0,-35999000.0,,423003000.0,9439000.0,366874000.0,802204000.0,1467411000.0,,,805937000.0,661474000.0,-35999000.0,625475000.0,2269615000.0,259200000.0,261257000.0,267884000.0
Xilinx Inc,XLNX,6EY4K7ZMF9UX1CU6KC79,743988,2012.0,Q2,2011-07-03,2011-10-01,2011-11-08 17:00:00+00:00,1982000.0,0.48,0.48,0.19,,0.47,19955000.0,126286000.0,126286000.0,126286000.0,200564000.0,555209000.0,-8598000.0,,105774000.0,3369000.0,88681000.0,200564000.0,354645000.0,,,199806000.0,154839000.0,-8598000.0,146241000.0,555209000.0,263100000.0,264006000.0,267927000.0
Xilinx Inc,XLNX,6EY4K7ZMF9UX1CU6KC79,743988,2012.0,Q2YTD,2011-04-03,2011-10-01,,3605000.0,1.06,1.06,0.38,,1.03,46065000.0,280660000.0,280660000.0,280660000.0,423696000.0,1170672000.0,-16409000.0,,211791000.0,3369000.0,185077000.0,423696000.0,746976000.0,,,403842000.0,343134000.0,-16409000.0,326725000.0,1170672000.0,263100000.0,264006000.0,267927000.0
Xilinx Inc,XLNX,6EY4K7ZMF9UX1CU6KC79,743988,2012.0,Q2TTM,2010-10-03,2011-10-01,,4639000.0,2.25,2.25,0.7,,2.19,82693000.0,593053000.0,593053000.0,593053000.0,821818000.0,2325714000.0,-32114000.0,,413211000.0,13715000.0,364471000.0,821818000.0,1503896000.0,,,796036000.0,707860000.0,-32114000.0,675746000.0,2325714000.0,263100000.0,264006000.0,267927000.0
Xilinx Inc,XLNX,6EY4K7ZMF9UX1CU6KC79,743988,2012.0,Q1,2011-04-03,2011-07-02,2011-08-09 15:29:13+00:00,1623000.0,0.58,0.58,0.19,,0.56,26110000.0,154374000.0,154374000.0,154374000.0,223132000.0,615463000.0,-7811000.0,,106017000.0,,96396000.0,223132000.0,392331000.0,,,204036000.0,188295000.0,-7811000.0,180484000.0,615463000.0,266200000.0,265313000.0,276077000.0
Xilinx Inc,XLNX,6EY4K7ZMF9UX1CU6KC79,743988,2012.0,Q1TTM,2010-07-04,2011-07-02,,2657000.0,2.43,2.43,0.67,,2.37,111013000.0,637662000.0,637662000.0,637662000.0,834514000.0,2390171000.0,-27000000.0,,404015000.0,10346000.0,362964000.0,834514000.0,1555657000.0,,,779982000.0,775675000.0,-27000000.0,748675000.0,2390171000.0,266200000.0,265313000.0,276077000.0
Xilinx Inc,XLNX,6EY4K7ZMF9UX1CU6KC79,743988,2013.0,FY,2012-04-01,2013-03-30,2015-05-13 17:19:43+00:00,9508000.0,1.86,1.86,0.88,,1.79,59470000.0,487536000.0,487536000.0,487536000.0,737206000.0,2168652000.0,-33726000.0,0.0,475522000.0,0.0,365684000.0,737206000.0,1431446000.0,0.0,,850714000.0,580732000.0,-33726000.0,547006000.0,2168652000.0,262100000.0,261652000.0,272573000.0
Xilinx Inc,XLNX,6EY4K7ZMF9UX1CU6KC79,743988,2013.0,Q4,2012-12-30,2013-03-30,,2487000.0,0.5,0.5,0.22,,0.48,7705000.0,130620000.0,130620000.0,130620000.0,180589000.0,532168000.0,-8902000.0,,111133000.0,,90732000.0,180589000.0,351579000.0,,,204352000.0,147227000.0,-8902000.0,138325000.0,532168000.0,262100000.0,261652000.0,272573000.0
Xilinx Inc,XLNX,6EY4K7ZMF9UX1CU6KC79,743988,2013.0,Q3,2012-09-30,2012-12-29,2013-02-01 16:37:49+00:00,2554000.0,0.4,0.4,0.22,,0.38,12045000.0,103648000.0,103648000.0,103648000.0,170493000.0,509767000.0,-5149000.0,,129055000.0,0.0,86823000.0,170493000.0,339274000.0,,,218432000.0,120842000.0,-5149000.0,115693000.0,509767000.0,259100000.0,260690000.0,271174000.0
Xilinx Inc,XLNX,6EY4K7ZMF9UX1CU6KC79,743988,2013.0,Q3YTD,2012-04-01,2012-12-29,,7021000.0,1.36,1.36,0.66,,1.31,51765000.0,356916000.0,356916000.0,356916000.0,556617000.0,1636484000.0,-24824000.0,,364389000.0,,274952000.0,556617000.0,1079867000.0,,,646362000.0,433505000.0,-24824000.0,408681000.0,1636484000.0,259100000.0,260690000.0,271174000.0
Xilinx Inc,XLNX,6EY4K7ZMF9UX1CU6KC79,743988,2013.0,Q3TTM,2012-01-01,2012-12-29,,9002000.0,1.82,1.82,0.85,,1.76,69748000.0,479321000.0,479321000.0,479321000.0,744194000.0,2195457000.0,-31950000.0,15400000.0,479629000.0,,366213000.0,744194000.0,1451263000.0,,,870244000.0,581019000.0,-31950000.0,549069000.0,2195457000.0,259100000.0,260690000.0,271174000.0
Xilinx Inc,XLNX,6EY4K7ZMF9UX1CU6KC79,743988,2013.0,Q2,2012-07-01,2012-09-29,2012-11-02 16:47:58+00:00,2319000.0,0.47,0.47,0.22,,0.46,14646000.0,123437000.0,123437000.0,123437000.0,187713000.0,543933000.0,-10003000.0,,113887000.0,0.0,91928000.0,187713000.0,356220000.0,,,208134000.0,148086000.0,-10003000.0,138083000.0,543933000.0,262600000.0,260605000.0,270265000.0
Xilinx Inc,XLNX,6EY4K7ZMF9UX1CU6KC79,743988,2013.0,Q2YTD,2012-04-01,2012-09-29,,4467000.0,0.96,0.96,0.44,,0.93,39720000.0,253268000.0,253268000.0,253268000.0,386124000.0,1126717000.0,-19675000.0,,235334000.0,,188129000.0,386124000.0,740593000.0,,,427930000.0,312663000.0,-19675000.0,292988000.0,1126717000.0,262600000.0,260605000.0,270265000.0
Xilinx Inc,XLNX,6EY4K7ZMF9UX1CU6KC79,743988,2013.0,Q2TTM,2011-10-02,2012-09-29,,8430000.0,1.91,1.91,0.82,,1.85,60627000.0,502687000.0,502687000.0,502687000.0,748506000.0,2196781000.0,-33988000.0,15400000.0,458819000.0,,368324000.0,748506000.0,1448275000.0,,,850973000.0,597302000.0,-33988000.0,563314000.0,2196781000.0,262600000.0,260605000.0,270265000.0
Xilinx Inc,XLNX,6EY4K7ZMF9UX1CU6KC79,743988,2013.0,Q1,2012-04-01,2012-06-30,2012-08-03 17:00:26+00:00,2148000.0,0.49,0.49,0.22,,0.47,25074000.0,129831000.0,129831000.0,129831000.0,198411000.0,582784000.0,-9672000.0,,121447000.0,,96201000.0,198411000.0,384373000.0,,,219796000.0,164577000.0,-9672000.0,154905000.0,582784000.0,265000000.0,263055000.0,273820000.0
Xilinx Inc,XLNX,6EY4K7ZMF9UX1CU6KC79,743988,2013.0,Q1TTM,2011-07-03,2012-06-30,,8093000.0,1.92,1.92,0.79,,1.86,65936000.0,505536000.0,505536000.0,505536000.0,761357000.0,2208057000.0,-32583000.0,15400000.0,450706000.0,3369000.0,365077000.0,761357000.0,1446700000.0,,,842645000.0,604055000.0,-32583000.0,571472000.0,2208057000.0,265000000.0,263055000.0,273820000.0
Xilinx Inc,XLNX,6EY4K7ZMF9UX1CU6KC79,743988,2014.0,FY,2013-03-31,2014-03-29,2015-05-13 17:19:43+00:00,9887000.0,2.37,2.37,1.0,,2.19,79138000.0,630388000.0,630388000.0,630388000.0,743253000.0,2382531000.0,-29553000.0,9410000.0,492447000.0,0.0,378607000.0,743253000.0,1639278000.0,9848000.0,,890351000.0,748927000.0,-39401000.0,709526000.0,2382531000.0,266000000.0,266431000.0,287396000.0
Xilinx Inc,XLNX,6EY4K7ZMF9UX1CU6KC79,743988,2014.0,Q4,2013-12-29,2014-03-29,,2462000.0,0.59,0.59,0.25,,0.53,19823000.0,156027000.0,156027000.0,156027000.0,199945000.0,617823000.0,-3819000.0,,127812000.0,,98087000.0,199945000.0,417878000.0,9848000.0,,228361000.0,189517000.0,-13667000.0,175850000.0,617823000.0,266000000.0,266431000.0,287396000.0
Xilinx Inc,XLNX,6EY4K7ZMF9UX1CU6KC79,743988,2014.0,Q3,2013-09-29,2013-12-28,2014-01-29 18:30:17+00:00,2589000.0,0.66,0.66,0.25,,0.61,22055000.0,175877000.0,175877000.0,175877000.0,180792000.0,586816000.0,-4807000.0,-19190000.0,128092000.0,,91794000.0,180792000.0,406024000.0,,,203285000.0,202739000.0,-4807000.0,197932000.0,586816000.0,266500000.0,267780000.0,288195000.0
Xilinx Inc,XLNX,6EY4K7ZMF9UX1CU6KC79,743988,2014.0,Q3YTD,2013-03-31,2013-12-28,,7425000.0,1.78,1.78,0.75,,1.66,59315000.0,474361000.0,474361000.0,474361000.0,543308000.0,1764708000.0,-25734000.0,9410000.0,364635000.0,,280520000.0,543308000.0,1221400000.0,,,661990000.0,559410000.0,-25734000.0,533676000.0,1764708000.0,266500000.0,267780000.0,288195000.0
Xilinx Inc,XLNX,6EY4K7ZMF9UX1CU6KC79,743988,2014.0,Q3TTM,2012-12-30,2013-12-28,,9912000.0,2.28,2.28,0.97,,2.14,67020000.0,604981000.0,604981000.0,604981000.0,723897000.0,2296876000.0,-34636000.0,9410000.0,475768000.0,,371252000.0,723897000.0,1572979000.0,,,866342000.0,706637000.0,-34636000.0,672001000.0,2296876000.0,266500000.0,267780000.0,288195000.0
Xilinx Inc,XLNX,6EY4K7ZMF9UX1CU6KC79,743988,2014.0,Q2,2013-06-30,2013-09-28,2013-10-28 16:45:25+00:00,2418000.0,0.53,0.53,0.25,,0.49,11304000.0,141461000.0,141461000.0,141461000.0,182816000.0,598937000.0,-10997000.0,28600000.0,125002000.0,,96339000.0,182816000.0,416121000.0,,,252359000.0,163762000.0,-10997000.0,152765000.0,598937000.0,266900000.0,268478000.0,290685000.0
Xilinx Inc,XLNX,6EY4K7ZMF9UX1CU6KC79,743988,2014.0,Q2YTD,2013-03-31,2013-09-28,,4836000.0,1.12,1.12,0.5,,1.05,37260000.0,298484000.0,298484000.0,298484000.0,362516000.0,1177892000.0,-20927000.0,28600000.0,236543000.0,,188726000.0,362516000.0,815376000.0,,,458705000.0,356671000.0,-20927000.0,335744000.0,1177892000.0,266900000.0,268478000.0,290685000.0
Xilinx Inc,XLNX,6EY4K7ZMF9UX1CU6KC79,743988,2014.0,Q2TTM,2012-09-30,2013-09-28,,9877000.0,2.02,2.02,0.94,,1.91,57010000.0,532752000.0,532752000.0,532752000.0,713598000.0,2219827000.0,-34978000.0,28600000.0,476731000.0,,366281000.0,713598000.0,1506229000.0,,,881489000.0,624740000.0,-34978000.0,589762000.0,2219827000.0,266900000.0,268478000.0,290685000.0
Xilinx Inc,XLNX,6EY4K7ZMF9UX1CU6KC79,743988,2014.0,Q1,2013-03-31,2013-06-29,2013-07-31 16:28:01+00:00,2418000.0,0.59,0.59,0.25,,0.56,25956000.0,157023000.0,157023000.0,157023000.0,179700000.0,578955000.0,-9930000.0,,111541000.0,,92387000.0,179700000.0,399255000.0,,,206346000.0,192909000.0,-9930000.0,182979000.0,578955000.0,266100000.0,264153000.0,280291000.0
Xilinx Inc,XLNX,6EY4K7ZMF9UX1CU6KC79,743988,2014.0,Q1TTM,2012-07-01,2013-06-29,,9778000.0,1.96,1.96,0.91,,1.88,60352000.0,514728000.0,514728000.0,514728000.0,718495000.0,2164823000.0,-33984000.0,,465616000.0,,361870000.0,718495000.0,1446328000.0,,,837264000.0,609064000.0,-33984000.0,575080000.0,2164823000.0,266100000.0,264153000.0,280291000.0
Xilinx Inc,XLNX,6EY4K7ZMF9UX1CU6KC79,743988,2015.0,FY,2014-03-30,2015-03-28,2017-05-15 16:48:22+00:00,9537000.0,2.44,2.44,1.16,,2.35,91860000.0,648216000.0,648216000.0,648216000.0,708823000.0,2377344000.0,-15002000.0,,525745000.0,24491000.0,353670000.0,708823000.0,1668521000.0,,,913443000.0,755078000.0,-15002000.0,740076000.0,2377344000.0,265700000.0,265480000.0,276123000.0
Xilinx Inc,XLNX,6EY4K7ZMF9UX1CU6KC79,743988,2015.0,Q4,2014-12-28,2015-03-28,,2370000.0,0.51,0.51,0.29,,0.49,24855000.0,134623000.0,134623000.0,134623000.0,170379000.0,566900000.0,958000.0,,131942000.0,24491000.0,79198000.0,170379000.0,396521000.0,,,238001000.0,158520000.0,958000.0,159478000.0,566900000.0,265700000.0,265480000.0,276123000.0
Xilinx Inc,XLNX,6EY4K7ZMF9UX1CU6KC79,743988,2015.0,Q3,2014-09-28,2014-12-27,2016-01-29 17:05:53+00:00,2371000.0,0.64,0.64,0.29,,0.62,17536000.0,168466000.0,168466000.0,168466000.0,179638000.0,593549000.0,-4007000.0,,133455000.0,,88076000.0,179638000.0,413911000.0,,,223902000.0,190009000.0,-4007000.0,186002000.0,593549000.0,263200000.0,262881000.0,273795000.0
Xilinx Inc,XLNX,6EY4K7ZMF9UX1CU6KC79,743988,2015.0,Q3YTD,2014-03-30,2014-12-27,,7167000.0,1.93,1.93,0.87,,1.86,67005000.0,513593000.0,513593000.0,513593000.0,538444000.0,1810444000.0,-15960000.0,,393803000.0,,274472000.0,538444000.0,1272000000.0,,,675442000.0,596558000.0,-15960000.0,580598000.0,1810444000.0,263200000.0,262881000.0,273795000.0
Xilinx Inc,XLNX,6EY4K7ZMF9UX1CU6KC79,743988,2015.0,Q3TTM,2013-12-29,2014-12-27,,9629000.0,2.52,2.52,1.12,,2.39,86828000.0,669620000.0,669620000.0,669620000.0,738389000.0,2428267000.0,-19779000.0,,521615000.0,,372559000.0,738389000.0,1689878000.0,9848000.0,,903803000.0,786075000.0,-29627000.0,756448000.0,2428267000.0,263200000.0,262881000.0,273795000.0
Xilinx Inc,XLNX,6EY4K7ZMF9UX1CU6KC79,743988,2015.0,Q2,2014-06-29,2014-09-27,2015-10-28 08:33:39+00:00,2378000.0,0.64,0.64,0.29,,0.62,22802000.0,171516000.0,171516000.0,171516000.0,169617000.0,604262000.0,-5731000.0,,138335000.0,,93883000.0,169617000.0,434645000.0,,,234596000.0,200049000.0,-5731000.0,194318000.0,604262000.0,268000000.0,265942000.0,275800000.0
Xilinx Inc,XLNX,6EY4K7ZMF9UX1CU6KC79,743988,2015.0,Q2YTD,2014-03-30,2014-09-27,,4796000.0,1.29,1.29,0.58,,1.24,49469000.0,345127000.0,345127000.0,345127000.0,358806000.0,1216895000.0,-11953000.0,,260348000.0,,186396000.0,358806000.0,858089000.0,,,451540000.0,406549000.0,-11953000.0,394596000.0,1216895000.0,268000000.0,265942000.0,275800000.0
Xilinx Inc,XLNX,6EY4K7ZMF9UX1CU6KC79,743988,2015.0,Q2TTM,2013-09-29,2014-09-27,,9847000.0,2.54,2.54,1.08,,2.38,91347000.0,677031000.0,677031000.0,677031000.0,739543000.0,2421534000.0,-20579000.0,-19190000.0,516252000.0,,376277000.0,739543000.0,1681991000.0,9848000.0,,883186000.0,798805000.0,-30427000.0,768378000.0,2421534000.0,268000000.0,265942000.0,275800000.0
Xilinx Inc,XLNX,6EY4K7ZMF9UX1CU6KC79,743988,2015.0,Q1,2014-03-30,2014-06-28,2015-07-31 17:27:49+00:00,2418000.0,0.65,0.65,0.29,,0.62,26667000.0,173611000.0,173611000.0,173611000.0,189189000.0,612633000.0,-6222000.0,,122013000.0,,92513000.0,189189000.0,423444000.0,,,216944000.0,206500000.0,-6222000.0,200278000.0,612633000.0,267100000.0,267648000.0,281579000.0
Xilinx Inc,XLNX,6EY4K7ZMF9UX1CU6KC79,743988,2015.0,Q1TTM,2013-06-30,2014-06-28,,9887000.0,2.43,2.43,1.04,,2.25,79849000.0,646976000.0,646976000.0,646976000.0,752742000.0,2416209000.0,-25845000.0,9410000.0,502919000.0,,378733000.0,752742000.0,1663467000.0,9848000.0,,900949000.0,762518000.0,-35693000.0,726825000.0,2416209000.0,267100000.0,267648000.0,281579000.0
Xilinx Inc,XLNX,6EY4K7ZMF9UX1CU6KC79,743988,2016.0,FY,2015-03-29,2016-04-02,2018-05-14 17:58:55+00:00,6550000.0,2.14,2.14,1.24,,2.05,85958000.0,550867000.0,550867000.0,550867000.0,671907000.0,2213881000.0,-33056000.0,,533891000.0,0.0,331652000.0,671907000.0,1541974000.0,,,872093000.0,669881000.0,-33056000.0,636825000.0,2213881000.0,257400000.0,257184000.0,268667000.0
Xilinx Inc,XLNX,6EY4K7ZMF9UX1CU6KC79,743988,2016.0,Q4,2016-01-03,2016-04-02,,1243000.0,0.57,0.57,0.31,,0.53,24803000.0,145035000.0,145035000.0,145035000.0,175799000.0,571066000.0,-8263000.0,,135645000.0,,80278000.0,175799000.0,395267000.0,,,217166000.0,178101000.0,-8263000.0,169838000.0,571066000.0,257400000.0,257184000.0,268667000.0
Xilinx Inc,XLNX,6EY4K7ZMF9UX1CU6KC79,743988,2016.0,Q3,2015-09-27,2016-01-02,2017-01-26 16:41:31+00:00,1769000.0,0.51,0.51,0.31,,0.49,24232000.0,130819000.0,130819000.0,130819000.0,178514000.0,566235000.0,-5053000.0,,141378000.0,,84470000.0,178514000.0,387721000.0,,,227617000.0,160104000.0,-5053000.0,155051000.0,566235000.0,256500000.0,256450000.0,269611000.0
Xilinx Inc,XLNX,6EY4K7ZMF9UX1CU6KC79,743988,2016.0,Q3YTD,2015-03-29,2016-01-02,,5307000.0,1.57,1.57,0.93,,1.52,61155000.0,405832000.0,405832000.0,405832000.0,496108000.0,1642815000.0,-24793000.0,,398246000.0,,251374000.0,496108000.0,1146707000.0,,,654927000.0,491780000.0,-24793000.0,466987000.0,1642815000.0,256500000.0,256450000.0,269611000.0
Xilinx Inc,XLNX,6EY4K7ZMF9UX1CU6KC79,743988,2016.0,Q3TTM,2014-12-28,2016-01-02,,7677000.0,2.08,2.08,1.22,,2.01,86010000.0,540455000.0,540455000.0,540455000.0,666487000.0,2209715000.0,-23835000.0,,530188000.0,24491000.0,330572000.0,666487000.0,1543228000.0,,,892928000.0,650300000.0,-23835000.0,626465000.0,2209715000.0,256500000.0,256450000.0,269611000.0
Xilinx Inc,XLNX,6EY4K7ZMF9UX1CU6KC79,743988,2016.0,Q2,2015-06-28,2015-09-26,2016-10-27 16:44:34+00:00,1769000.0,0.49,0.49,0.31,,0.48,16671000.0,127298000.0,127298000.0,127298000.0,157640000.0,527572000.0,-9213000.0,,130220000.0,,84761000.0,157640000.0,369932000.0,,,216750000.0,153182000.0,-9213000.0,143969000.0,527572000.0,259800000.0,257640000.0,266046000.0
Xilinx Inc,XLNX,6EY4K7ZMF9UX1CU6KC79,743988,2016.0,Q2YTD,2015-03-29,2015-09-26,,3538000.0,1.06,1.06,0.62,,1.03,36923000.0,275013000.0,275013000.0,275013000.0,317594000.0,1076580000.0,-19740000.0,,256868000.0,,166904000.0,317594000.0,758986000.0,,,427310000.0,331676000.0,-19740000.0,311936000.0,1076580000.0,259800000.0,257640000.0,266046000.0
Xilinx Inc,XLNX,6EY4K7ZMF9UX1CU6KC79,743988,2016.0,Q2TTM,2014-09-28,2015-09-26,,8279000.0,2.21,2.21,1.2,,2.14,79314000.0,578102000.0,578102000.0,578102000.0,667611000.0,2237029000.0,-22789000.0,,522265000.0,24491000.0,334178000.0,667611000.0,1569418000.0,,,889213000.0,680205000.0,-22789000.0,657416000.0,2237029000.0,259800000.0,257640000.0,266046000.0
Xilinx Inc,XLNX,6EY4K7ZMF9UX1CU6KC79,743988,2016.0,Q1,2015-03-29,2015-06-27,2016-07-28 16:09:23+00:00,1769000.0,0.57,0.57,0.31,,0.55,20252000.0,147715000.0,147715000.0,147715000.0,159954000.0,549008000.0,-10527000.0,,126648000.0,,82143000.0,159954000.0,389054000.0,,,210560000.0,178494000.0,-10527000.0,167967000.0,549008000.0,259100000.0,258021000.0,270730000.0
Xilinx Inc,XLNX,6EY4K7ZMF9UX1CU6KC79,743988,2016.0,Q1TTM,2014-06-29,2015-06-27,,8888000.0,2.36,2.36,1.18,,2.28,85445000.0,622320000.0,622320000.0,622320000.0,679588000.0,2313719000.0,-19307000.0,,530380000.0,24491000.0,343300000.0,679588000.0,1634131000.0,,,907059000.0,727072000.0,-19307000.0,707765000.0,2313719000.0,259100000.0,258021000.0,270730000.0
Xilinx Inc,XLNX,6EY4K7ZMF9UX1CU6KC79,743988,2017.0,FY,2016-04-03,2017-04-01,2019-05-10 16:43:19+00:00,5127000.0,2.49,2.49,,,2.34,69943000.0,628133000.0,628133000.0,628133000.0,708632000.0,2356742000.0,-8314000.0,,601443000.0,0.0,335150000.0,708632000.0,1648110000.0,,,941720000.0,706390000.0,-8314000.0,698076000.0,2356742000.0,252300000.0,252301000.0,268813000.0
Xilinx Inc,XLNX,6EY4K7ZMF9UX1CU6KC79,743988,2017.0,Q4,2017-01-01,2017-04-01,,1184000.0,0.63,0.63,-0.99,,0.6,19170000.0,159046000.0,159046000.0,159046000.0,186227000.0,616864000.0,-2184000.0,,164256000.0,,84797000.0,186227000.0,430637000.0,,,250237000.0,180400000.0,-2184000.0,178216000.0,616864000.0,252300000.0,252301000.0,268813000.0
Xilinx Inc,XLNX,6EY4K7ZMF9UX1CU6KC79,743988,2017.0,Q3,2016-10-02,2016-12-31,2018-01-26 16:13:50+00:00,1455000.0,0.57,0.57,0.33,,0.52,20734000.0,141846000.0,141846000.0,141846000.0,178233000.0,585688000.0,-392000.0,,159248000.0,,83780000.0,178233000.0,407455000.0,,,244483000.0,162972000.0,-392000.0,162580000.0,585688000.0,248900000.0,250982000.0,270781000.0
Xilinx Inc,XLNX,6EY4K7ZMF9UX1CU6KC79,743988,2017.0,Q3YTD,2016-04-03,2016-12-31,,3943000.0,1.86,1.86,0.99,,1.74,50773000.0,469087000.0,469087000.0,469087000.0,522405000.0,1739878000.0,-6130000.0,,437187000.0,,250353000.0,522405000.0,1217473000.0,,,691483000.0,525990000.0,-6130000.0,519860000.0,1739878000.0,248900000.0,250982000.0,270781000.0
Xilinx Inc,XLNX,6EY4K7ZMF9UX1CU6KC79,743988,2017.0,Q3TTM,2016-01-03,2016-12-31,,5186000.0,2.43,2.43,1.3,,2.27,75576000.0,614122000.0,614122000.0,614122000.0,698204000.0,2310944000.0,-14393000.0,,572832000.0,,330631000.0,698204000.0,1612740000.0,,,908649000.0,704091000.0,-14393000.0,689698000.0,2310944000.0,248900000.0,250982000.0,270781000.0
Xilinx Inc,XLNX,6EY4K7ZMF9UX1CU6KC79,743988,2017.0,Q2,2016-07-03,2016-10-01,2017-10-26 16:40:06+00:00,1244000.0,0.65,0.65,0.33,,0.61,11470000.0,164192000.0,164192000.0,164192000.0,175875000.0,579209000.0,-1151000.0,,141814000.0,,83463000.0,175875000.0,403334000.0,,,226521000.0,176813000.0,-1151000.0,175662000.0,579209000.0,252600000.0,253466000.0,270373000.0
Xilinx Inc,XLNX,6EY4K7ZMF9UX1CU6KC79,743988,2017.0,Q2YTD,2016-04-03,2016-10-01,,2488000.0,1.29,1.29,0.66,,1.22,30039000.0,327241000.0,327241000.0,327241000.0,344172000.0,1154190000.0,-5738000.0,,277939000.0,,166573000.0,344172000.0,810018000.0,,,447000000.0,363018000.0,-5738000.0,357280000.0,1154190000.0,252600000.0,253466000.0,270373000.0
Xilinx Inc,XLNX,6EY4K7ZMF9UX1CU6KC79,743988,2017.0,Q2TTM,2015-09-27,2016-10-01,,5500000.0,2.37,2.37,1.28,,2.24,79074000.0,603095000.0,603095000.0,603095000.0,698485000.0,2291491000.0,-19054000.0,,554962000.0,,331321000.0,698485000.0,1593006000.0,,,891783000.0,701223000.0,-19054000.0,682169000.0,2291491000.0,252600000.0,253466000.0,270373000.0
Xilinx Inc,XLNX,6EY4K7ZMF9UX1CU6KC79,743988,2017.0,Q1,2016-04-03,2016-07-02,2017-07-28 17:08:50+00:00,1244000.0,0.64,0.64,0.33,,0.61,18569000.0,163049000.0,163049000.0,163049000.0,168297000.0,574981000.0,-4587000.0,,136125000.0,,83110000.0,168297000.0,406684000.0,,,220479000.0,186205000.0,-4587000.0,181618000.0,574981000.0,254800000.0,252901000.0,266206000.0
Xilinx Inc,XLNX,6EY4K7ZMF9UX1CU6KC79,743988,2017.0,Q1TTM,2015-06-28,2016-07-02,,6025000.0,2.21,2.21,1.26,,2.11,84275000.0,566201000.0,566201000.0,566201000.0,680250000.0,2239854000.0,-27116000.0,,543368000.0,,332619000.0,680250000.0,1559604000.0,,,882012000.0,677592000.0,-27116000.0,650476000.0,2239854000.0,254800000.0,252901000.0,266206000.0
Xilinx Inc,XLNX,6EY4K7ZMF9UX1CU6KC79,743988,2018.0,FY,2017-04-02,2018-03-31,2020-05-08 16:11:06+00:00,2152000.0,1.86,1.86,1.4,,1.8,227398000.0,463981000.0,463981000.0,463981000.0,743419000.0,2467023000.0,5357000.0,,639750000.0,33351000.0,362329000.0,743419000.0,1723604000.0,,,1037582000.0,686022000.0,5357000.0,691379000.0,2467023000.0,249500000.0,249595000.0,257960000.0
Xilinx Inc,XLNX,6EY4K7ZMF9UX1CU6KC79,743988,2018.0,Q4,2017-12-31,2018-03-31,,584000.0,0.46,0.58,0.35,,0.59,14231000.0,145471000.0,145471000.0,145471000.0,188941000.0,638191000.0,-3782000.0,,162483000.0,33351000.0,89348000.0,188941000.0,449250000.0,,,285766000.0,163484000.0,-3782000.0,159702000.0,638191000.0,249500000.0,249595000.0,257960000.0
Xilinx Inc,XLNX,6EY4K7ZMF9UX1CU6KC79,743988,2018.0,Q3,2017-10-01,2017-12-30,2019-01-25 16:21:19+00:00,353000.0,0.05,-0.05,0.35,,-0.05,179251000.0,-12485000.0,-12485000.0,-12485000.0,177969000.0,598603000.0,5469000.0,,166231000.0,,92753000.0,177969000.0,420634000.0,,,259337000.0,161297000.0,5469000.0,166766000.0,598603000.0,-249700000.0,254089000.0,254089000.0
Xilinx Inc,XLNX,6EY4K7ZMF9UX1CU6KC79,743988,2018.0,Q3YTD,2017-04-02,2017-12-30,,1568000.0,1.4,1.28,1.05,,1.21,213167000.0,318510000.0,318510000.0,318510000.0,554478000.0,1828832000.0,9139000.0,,477267000.0,,272981000.0,554478000.0,1274354000.0,,,751816000.0,522538000.0,9139000.0,531677000.0,1828832000.0,-249700000.0,254089000.0,254089000.0
Xilinx Inc,XLNX,6EY4K7ZMF9UX1CU6KC79,743988,2018.0,Q3TTM,2017-01-01,2017-12-30,,2752000.0,2.03,1.91,0.06,,1.81,232337000.0,477556000.0,477556000.0,477556000.0,740705000.0,2445696000.0,6955000.0,,641523000.0,,357778000.0,740705000.0,1704991000.0,,,1002053000.0,702938000.0,6955000.0,709893000.0,2445696000.0,-249700000.0,254089000.0,254089000.0
Xilinx Inc,XLNX,6EY4K7ZMF9UX1CU6KC79,743988,2018.0,Q2,2017-07-02,2017-09-30,2018-10-25 17:05:52+00:00,510000.0,0.68,0.7,0.35,,0.67,20266000.0,173751000.0,173751000.0,173751000.0,185685000.0,627419000.0,1831000.0,,157985000.0,,91053000.0,185685000.0,441734000.0,,,249548000.0,192186000.0,1831000.0,194017000.0,627419000.0,255500000.0,248094000.0,258217000.0
Xilinx Inc,XLNX,6EY4K7ZMF9UX1CU6KC79,743988,2018.0,Q2YTD,2017-04-02,2017-09-30,,1215000.0,1.35,1.33,0.7,,1.26,33916000.0,330995000.0,330995000.0,330995000.0,376509000.0,1230229000.0,3670000.0,,311036000.0,,180228000.0,376509000.0,853720000.0,,,492479000.0,361241000.0,3670000.0,364911000.0,1230229000.0,255500000.0,248094000.0,258217000.0
Xilinx Inc,XLNX,6EY4K7ZMF9UX1CU6KC79,743988,2018.0,Q2TTM,2016-10-02,2017-09-30,,3854000.0,2.55,2.53,0.04,,2.38,73820000.0,631887000.0,631887000.0,631887000.0,740969000.0,2432781000.0,1094000.0,,634540000.0,,348805000.0,740969000.0,1691812000.0,,,987199000.0,704613000.0,1094000.0,705707000.0,2432781000.0,255500000.0,248094000.0,258217000.0
Xilinx Inc,XLNX,6EY4K7ZMF9UX1CU6KC79,743988,2018.0,Q1,2017-04-02,2017-07-01,2018-07-27 17:16:12+00:00,705000.0,0.67,0.63,0.35,,0.59,13650000.0,157244000.0,157244000.0,157244000.0,190824000.0,602810000.0,1839000.0,,153051000.0,,89175000.0,190824000.0,411986000.0,,,242931000.0,169055000.0,1839000.0,170894000.0,602810000.0,234700000.0,247911000.0,265797000.0
Xilinx Inc,XLNX,6EY4K7ZMF9UX1CU6KC79,743988,2018.0,Q1TTM,2016-07-03,2017-07-01,,4588000.0,2.52,2.48,0.02,,2.32,65024000.0,622328000.0,622328000.0,622328000.0,731159000.0,2384571000.0,-1888000.0,,618369000.0,,341215000.0,731159000.0,1653412000.0,,,964172000.0,689240000.0,-1888000.0,687352000.0,2384571000.0,234700000.0,247911000.0,265797000.0
Xilinx Inc,XLNX,6EY4K7ZMF9UX1CU6KC79,743988,2019.0,FY,2018-04-01,2019-03-30,2020-05-08 16:11:06+00:00,4930000.0,3.52,3.52,1.44,,3.47,78582000.0,889750000.0,889750000.0,889750000.0,955868000.0,3059040000.0,11533000.0,,743027000.0,0.0,398416000.0,955868000.0,2103172000.0,,,1146373000.0,956799000.0,11533000.0,968332000.0,3059040000.0,252800000.0,252762000.0,256434000.0
Xilinx Inc,XLNX,6EY4K7ZMF9UX1CU6KC79,743988,2019.0,Q4,2018-12-30,2019-03-30,,1865000.0,0.97,0.97,0.36,,0.96,15052000.0,244640000.0,244629000.0,244640000.0,269457000.0,828361000.0,9302000.0,,199500000.0,,107160000.0,269457000.0,558904000.0,,,308525000.0,250379000.0,9302000.0,259681000.0,828361000.0,252800000.0,252762000.0,256434000.0
Xilinx Inc,XLNX,6EY4K7ZMF9UX1CU6KC79,743988,2019.0,Q3,2018-09-30,2018-12-29,2020-01-28 16:53:39+00:00,1866000.0,0.95,0.95,0.36,0.0,0.93,17230000.0,239360000.0,239360000.0,239360000.0,247903000.0,800057000.0,-1330000.0,,189329000.0,,103039000.0,247903000.0,552154000.0,,,294234000.0,257920000.0,-1330000.0,256590000.0,800057000.0,252000000.0,253060000.0,256374000.0
Xilinx Inc,XLNX,6EY4K7ZMF9UX1CU6KC79,743988,2019.0,Q3YTD,2018-04-01,2018-12-29,,3065000.0,2.55,2.55,1.08,,2.51,63530000.0,645110000.0,645121000.0,645110000.0,686411000.0,2230679000.0,2231000.0,,543527000.0,,291256000.0,686411000.0,1544268000.0,,,837848000.0,706420000.0,2231000.0,708651000.0,2230679000.0,252000000.0,253060000.0,256374000.0
Xilinx Inc,XLNX,6EY4K7ZMF9UX1CU6KC79,743988,2019.0,Q3TTM,2017-12-31,2018-12-29,,3649000.0,3.01,3.13,1.43,,3.1,77761000.0,790581000.0,790592000.0,790581000.0,875352000.0,2868870000.0,-1551000.0,,706010000.0,33351000.0,380604000.0,875352000.0,1993518000.0,,,1123614000.0,869904000.0,-1551000.0,868353000.0,2868870000.0,252000000.0,253060000.0,256374000.0
Xilinx Inc,XLNX,6EY4K7ZMF9UX1CU6KC79,743988,2019.0,Q2,2018-07-01,2018-09-29,2019-10-24 19:09:13+00:00,839000.0,0.85,0.85,0.36,,0.84,23400000.0,215712000.0,215744000.0,215712000.0,231620000.0,746252000.0,6408000.0,,183372000.0,,97685000.0,231620000.0,514632000.0,,,281896000.0,232736000.0,6408000.0,239144000.0,746252000.0,253800000.0,252988000.0,255522000.0
Xilinx Inc,XLNX,6EY4K7ZMF9UX1CU6KC79,743988,2019.0,Q2YTD,2018-04-01,2018-09-29,,1199000.0,1.6,1.6,0.72,,1.58,46300000.0,405750000.0,405761000.0,405750000.0,438508000.0,1430622000.0,3561000.0,,354198000.0,,188217000.0,438508000.0,992114000.0,,,543614000.0,448500000.0,3561000.0,452061000.0,1430622000.0,253800000.0,252988000.0,255522000.0
Xilinx Inc,XLNX,6EY4K7ZMF9UX1CU6KC79,743988,2019.0,Q2TTM,2017-10-01,2018-09-29,,2136000.0,2.11,2.13,1.42,,2.12,239782000.0,538736000.0,538747000.0,538736000.0,805418000.0,2667416000.0,5248000.0,,682912000.0,33351000.0,370318000.0,805418000.0,1861998000.0,,,1088717000.0,773281000.0,5248000.0,778529000.0,2667416000.0,253800000.0,252988000.0,255522000.0
Xilinx Inc,XLNX,6EY4K7ZMF9UX1CU6KC79,743988,2019.0,Q1,2018-04-01,2018-06-30,2019-07-26 16:45:05+00:00,360000.0,0.75,0.75,0.36,0.0,0.74,22900000.0,190038000.0,190017000.0,190038000.0,206888000.0,684370000.0,-2847000.0,,170826000.0,,90532000.0,206888000.0,477482000.0,,,261718000.0,215764000.0,-2847000.0,212917000.0,684370000.0,253400000.0,252682000.0,255935000.0
Xilinx Inc,XLNX,6EY4K7ZMF9UX1CU6KC79,743988,2019.0,Q1TTM,2017-07-02,2018-06-30,,1807000.0,1.94,1.98,1.41,,1.95,236648000.0,496775000.0,496754000.0,496775000.0,759483000.0,2548583000.0,671000.0,,657525000.0,33351000.0,363686000.0,759483000.0,1789100000.0,,,1056369000.0,732731000.0,671000.0,733402000.0,2548583000.0,253400000.0,252682000.0,255935000.0
Xilinx Inc,XLNX,6EY4K7ZMF9UX1CU6KC79,743988,2020.0,Q4,2019-12-29,2020-03-28,,3401000.0,0.65,0.65,0.37,,0.64,27432000.0,162257000.0,162314000.0,162257000.0,227734000.0,756169000.0,11718000.0,,214969000.0,28362000.0,103675000.0,227734000.0,528435000.0,,,350407000.0,178028000.0,11718000.0,189746000.0,756169000.0,251700000.0,251732000.0,254943000.0
Xilinx Inc,XLNX,6EY4K7ZMF9UX1CU6KC79,743988,2020.0,FY,2019-03-31,2020-03-28,2020-05-08 16:11:06+00:00,8889000.0,3.15,3.15,1.48,,3.11,41263000.0,792721000.0,792721000.0,792721000.0,1047630000.0,3162666000.0,42096000.0,,853589000.0,28362000.0,432308000.0,1047630000.0,2115036000.0,,,1323148000.0,791888000.0,42096000.0,833984000.0,3162666000.0,251700000.0,251732000.0,254943000.0
Xilinx Inc,XLNX,6EY4K7ZMF9UX1CU6KC79,743988,2020.0,Q3YTD,2019-03-31,2019-12-28,,5488000.0,2.5,2.5,1.11,,2.47,13831000.0,630464000.0,630407000.0,630464000.0,819896000.0,2406497000.0,30378000.0,,638620000.0,,328633000.0,819896000.0,1586601000.0,,,972741000.0,613860000.0,30378000.0,644238000.0,2406497000.0,249200000.0,250546000.0,252808000.0
Xilinx Inc,XLNX,6EY4K7ZMF9UX1CU6KC79,743988,2020.0,Q3TTM,2018-12-30,2019-12-28,,7353000.0,3.47,3.47,1.47,,3.43,28883000.0,875104000.0,875036000.0,875104000.0,1089353000.0,3234858000.0,39680000.0,,838120000.0,,435793000.0,1089353000.0,2145505000.0,,,1281266000.0,864239000.0,39680000.0,903919000.0,3234858000.0,249200000.0,250546000.0,252808000.0
Xilinx Inc,XLNX,6EY4K7ZMF9UX1CU6KC79,743988,2020.0,Q3,2019-09-29,2019-12-28,2020-01-28 16:53:39+00:00,2919000.0,0.65,0.65,0.37,,0.64,3831000.0,162012000.0,162012000.0,162012000.0,240021000.0,723499000.0,6437000.0,,211541000.0,,109612000.0,240021000.0,483478000.0,,,324072000.0,159406000.0,6437000.0,165843000.0,723499000.0,249200000.0,250546000.0,252808000.0
Xilinx Inc,XLNX,6EY4K7ZMF9UX1CU6KC79,743988,2020.0,Q2YTD,2019-03-31,2019-09-28,,2569000.0,1.85,1.85,0.74,,1.83,10000000.0,468452000.0,468395000.0,468452000.0,579875000.0,1682998000.0,23941000.0,,427079000.0,,219021000.0,579875000.0,1103123000.0,,,648669000.0,454454000.0,23941000.0,478395000.0,1682998000.0,252200000.0,252399000.0,255269000.0
Xilinx Inc,XLNX,6EY4K7ZMF9UX1CU6KC79,743988,2020.0,Q2TTM,2018-09-30,2019-09-28,,6300000.0,3.77,3.77,1.46,,3.72,42282000.0,952452000.0,952384000.0,952452000.0,1097235000.0,3311416000.0,31913000.0,,815908000.0,,429220000.0,1097235000.0,2214181000.0,,,1251428000.0,962753000.0,31913000.0,994666000.0,3311416000.0,252200000.0,252399000.0,255269000.0
Xilinx Inc,XLNX,6EY4K7ZMF9UX1CU6KC79,743988,2020.0,Q2,2019-06-30,2019-09-28,2019-10-24 19:09:13+00:00,2169000.0,0.9,0.9,0.37,,0.89,-11100000.0,226993000.0,226945000.0,226993000.0,293106000.0,833366000.0,12329000.0,,222979000.0,,111596000.0,293106000.0,540260000.0,,,336744000.0,203516000.0,12329000.0,215845000.0,833366000.0,252200000.0,252399000.0,255269000.0
Xilinx Inc,XLNX,6EY4K7ZMF9UX1CU6KC79,743988,2020.0,Q1TTM,2018-07-01,2019-06-29,,4970000.0,3.72,3.72,1.45,,3.67,76782000.0,941171000.0,941183000.0,941171000.0,1035749000.0,3224302000.0,25992000.0,,776301000.0,,415309000.0,1035749000.0,2188553000.0,,,1196580000.0,991973000.0,25992000.0,1017965000.0,3224302000.0,254200000.0,253268000.0,257928000.0
Xilinx Inc,XLNX,6EY4K7ZMF9UX1CU6KC79,743988,2020.0,Q1,2019-03-31,2019-06-29,2019-07-26 16:45:05+00:00,400000.0,0.95,0.95,0.37,,0.94,21100000.0,241459000.0,241450000.0,241459000.0,286769000.0,849632000.0,11612000.0,,204100000.0,,107425000.0,286769000.0,562863000.0,,,311925000.0,250938000.0,11612000.0,262550000.0,849632000.0,254200000.0,253268000.0,257928000.0
