company_name,company_ticker,company_lei,company_cik,year,quarter,start_date,end_date,filing_date,basicdilutedeps,basiceps,cashdividendspershare,dilutedeps,impairmentexpense,incometaxexpense,marketingexpense,netincome,netincomecontinuing,netincomediscontinued,netincometocommon,netincometononcontrollinginterest,operatingcostofrevenue,operatingrevenue,otheroperatingexpenses,restructuringcharge,sgaexpense,totalcostofrevenue,totalgrossprofit,totalinterestexpense,totaloperatingexpenses,totaloperatingincome,totalotherincome,totalpretaxincome,totalrevenue,weightedavebasicdilutedsharesos,weightedavebasicsharesos,weightedavedilutedsharesos
Abercrombie & Fitch Co,ANF,,1018840,2009.0,Q2,2009-05-03,2009-08-01,2010-09-08 16:05:37+00:00,-0.3,-0.3,0.175,-0.3,,18856000.0,86666000.0,-26747000.0,-8190000.0,-18557000.0,-26747000.0,,212705000.0,637221000.0,-3333000.0,,332296000.0,212705000.0,424516000.0,-1779000.0,415629000.0,8887000.0,1779000.0,10666000.0,637221000.0,89200000.0,87878000.0,87878000.0
Abercrombie & Fitch Co,ANF,,1018840,2010.0,Q4,2010-10-31,2011-01-29,,-0.16,1.55,0.52,1.51,,70835000.0,305598000.0,136230000.0,136230000.0,,136230000.0,,990898000.0,2722979000.0,-8156000.0,,1225019000.0,990898000.0,1732081000.0,2555000.0,1522461000.0,209620000.0,-2555000.0,207065000.0,2722979000.0,2595200000.0,88061000.0,89851000.0
Abercrombie & Fitch Co,ANF,,1018840,2010.0,FY,2010-01-31,2011-01-29,2013-04-02 16:54:55+00:00,0.06,1.77,0.7,1.73,,78109000.0,400804000.0,155709000.0,155709000.0,0.0,155709000.0,,1251348000.0,3468777000.0,-10056000.0,,1589501000.0,1251348000.0,2217429000.0,3362000.0,1980249000.0,237180000.0,-3362000.0,233818000.0,3468777000.0,2595200000.0,88061000.0,89851000.0
Abercrombie & Fitch Co,ANF,,1018840,2010.0,Q3YTD,2010-01-31,2010-10-30,,0.22,0.22,0.18,0.22,,7274000.0,95206000.0,19479000.0,19479000.0,,19479000.0,,260450000.0,745798000.0,-1900000.0,,364482000.0,260450000.0,485348000.0,807000.0,457788000.0,27560000.0,-807000.0,26753000.0,745798000.0,,,
Abercrombie & Fitch Co,ANF,,1018840,2010.0,Q2,2010-05-02,2010-07-31,2011-09-07 13:06:30+00:00,0.22,0.22,0.175,0.22,,7274000.0,95206000.0,19479000.0,19479000.0,,19479000.0,,260450000.0,745798000.0,-1900000.0,,364482000.0,260450000.0,485348000.0,807000.0,457788000.0,27560000.0,-807000.0,26753000.0,745798000.0,88500000.0,88220000.0,89386000.0
Abercrombie & Fitch Co,ANF,,1018840,2010.0,Q2YTD,2010-01-31,2010-07-31,,0.22,0.22,0.18,0.22,,7274000.0,95206000.0,19479000.0,19479000.0,,19479000.0,,260450000.0,745798000.0,-1900000.0,,364482000.0,260450000.0,485348000.0,807000.0,457788000.0,27560000.0,-807000.0,26753000.0,745798000.0,88500000.0,88220000.0,89386000.0
Abercrombie & Fitch Co,ANF,,1018840,2011.0,Q4,2011-10-30,2012-01-28,,0.7,0.7,0.35,0.69,68022000.0,32099000.0,219277000.0,60998000.0,60202000.0,796000.0,60998000.0,,844779000.0,2165439000.0,5783000.0,,933218000.0,844779000.0,1320660000.0,2059000.0,1226300000.0,94360000.0,-2059000.0,92301000.0,2165439000.0,86700000.0,86848000.0,89537000.0
Abercrombie & Fitch Co,ANF,,1018840,2011.0,FY,2011-01-30,2012-01-28,2014-03-31 17:00:29+00:00,1.66,1.66,0.7,1.61,68022000.0,74669000.0,437120000.0,143934000.0,143138000.0,796000.0,143934000.0,,1607834000.0,4158058000.0,3472000.0,0.0,1820226000.0,1607834000.0,2550224000.0,3577000.0,2328840000.0,221384000.0,-3577000.0,217807000.0,4158058000.0,86700000.0,86848000.0,89537000.0
Abercrombie & Fitch Co,ANF,,1018840,2011.0,Q3TTM,2010-10-31,2011-10-29,,0.8,2.51,0.88,2.43,,113405000.0,523441000.0,219166000.0,219166000.0,,219166000.0,,1753953000.0,4715598000.0,-10467000.0,,2112027000.0,1753953000.0,2961645000.0,4073000.0,2625001000.0,336644000.0,-4073000.0,332571000.0,4715598000.0,86300000.0,86962000.0,89707000.0
Abercrombie & Fitch Co,ANF,,1018840,2011.0,Q3YTD,2011-01-30,2011-10-29,,0.96,0.96,0.35,0.92,,42570000.0,217843000.0,82936000.0,82936000.0,,82936000.0,,763055000.0,1992619000.0,-2311000.0,,887008000.0,763055000.0,1229564000.0,1518000.0,1102540000.0,127024000.0,-1518000.0,125506000.0,1992619000.0,86300000.0,86962000.0,89707000.0
Abercrombie & Fitch Co,ANF,,1018840,2011.0,Q3,2011-07-31,2011-10-29,2012-12-04 15:22:35+00:00,0.59,0.59,0.175,0.57,,28412000.0,107844000.0,50905000.0,50905000.0,0.0,50905000.0,,429334000.0,1075856000.0,-2855000.0,,461683000.0,429334000.0,646522000.0,533000.0,566672000.0,79850000.0,-533000.0,79317000.0,1075856000.0,86300000.0,86962000.0,89707000.0
Abercrombie & Fitch Co,ANF,,1018840,2011.0,Q2TTM,2010-08-01,2011-07-30,,0.21,1.92,0.7,1.86,,84993000.0,415597000.0,168261000.0,168261000.0,,168261000.0,,1324619000.0,3639742000.0,-7612000.0,,1650344000.0,1324619000.0,2315123000.0,3540000.0,2058329000.0,256794000.0,-3540000.0,253254000.0,3639742000.0,86600000.0,87267000.0,90353000.0
Abercrombie & Fitch Co,ANF,,1018840,2011.0,Q2YTD,2011-01-30,2011-07-30,,0.37,0.37,0.18,0.35,,14158000.0,109999000.0,32031000.0,32031000.0,,32031000.0,,333721000.0,916763000.0,544000.0,,425325000.0,333721000.0,583042000.0,985000.0,535868000.0,47174000.0,-985000.0,46189000.0,916763000.0,86600000.0,87267000.0,90353000.0
Abercrombie & Fitch Co,ANF,,1018840,2011.0,Q2,2011-05-01,2011-07-30,2012-09-05 15:04:28+00:00,0.37,0.37,0.175,0.35,,14158000.0,109999000.0,32031000.0,32031000.0,0.0,32031000.0,,333721000.0,916763000.0,544000.0,,425325000.0,333721000.0,583042000.0,985000.0,535868000.0,47174000.0,-985000.0,46189000.0,916763000.0,86600000.0,87267000.0,90353000.0
Abercrombie & Fitch Co,ANF,,1018840,2011.0,Q1TTM,2010-05-02,2011-04-30,,0.06,1.77,0.7,1.73,,78109000.0,400804000.0,155709000.0,155709000.0,,155709000.0,,1251348000.0,3468777000.0,-10056000.0,,1589501000.0,1251348000.0,2217429000.0,3362000.0,1980249000.0,237180000.0,-3362000.0,233818000.0,3468777000.0,,,
Abercrombie & Fitch Co,ANF,,1018840,2012.0,FY,2012-01-29,2013-02-02,2015-03-30 16:19:31+00:00,2.89,2.89,0.7,2.85,7407000.0,129934000.0,473883000.0,237011000.0,237011000.0,,237011000.0,,1694096000.0,4510805000.0,-19333000.0,0.0,1980519000.0,1694096000.0,2816709000.0,7288000.0,2442476000.0,374233000.0,-7288000.0,366945000.0,4510805000.0,82000000.0,81940000.0,83175000.0
Abercrombie & Fitch Co,ANF,,1018840,2012.0,Q4,2012-10-28,2013-02-02,,2.51,1.9,0.17,1.88,7407000.0,84529000.0,122320000.0,157229000.0,157229000.0,,157229000.0,,537879000.0,1468531000.0,-13662000.0,,569760000.0,537879000.0,930652000.0,3069000.0,685825000.0,244827000.0,-3069000.0,241758000.0,1468531000.0,82000000.0,81940000.0,83175000.0
Abercrombie & Fitch Co,ANF,,1018840,2012.0,Q3TTM,2011-10-30,2012-10-27,,1.08,1.69,0.88,1.66,68022000.0,77504000.0,570840000.0,140780000.0,139984000.0,796000.0,140780000.0,,2000996000.0,5207713000.0,112000.0,,2343977000.0,2000996000.0,3206717000.0,6278000.0,2982951000.0,223766000.0,-6278000.0,217488000.0,5207713000.0,560200000.0,81669000.0,82522000.0
Abercrombie & Fitch Co,ANF,,1018840,2012.0,Q3,2012-07-29,2012-10-27,2013-12-10 16:06:12+00:00,0.15,1.03,0.175,1.02,,47725000.0,123381000.0,84036000.0,84036000.0,,84036000.0,,417135000.0,1169649000.0,-1154000.0,,496942000.0,417135000.0,752514000.0,1584000.0,619169000.0,133345000.0,-1584000.0,131761000.0,1169649000.0,560200000.0,81669000.0,82522000.0
Abercrombie & Fitch Co,ANF,,1018840,2012.0,Q3YTD,2012-01-29,2012-10-27,,0.38,0.99,0.52,0.97,,45405000.0,351563000.0,79782000.0,79782000.0,,79782000.0,,1156217000.0,3042274000.0,-5671000.0,,1410759000.0,1156217000.0,1886057000.0,4219000.0,1756651000.0,129406000.0,-4219000.0,125187000.0,3042274000.0,560200000.0,81669000.0,82522000.0
Abercrombie & Fitch Co,ANF,,1018840,2012.0,Q2TTM,2011-07-31,2012-07-28,,1.52,1.25,0.88,1.21,68022000.0,58191000.0,555303000.0,107649000.0,106853000.0,796000.0,107649000.0,,2013195000.0,5113920000.0,-1589000.0,,2308718000.0,2013195000.0,3100725000.0,5227000.0,2930454000.0,170271000.0,-5227000.0,165044000.0,5113920000.0,89700000.0,82555000.0,83441000.0
Abercrombie & Fitch Co,ANF,,1018840,2012.0,Q2,2012-04-29,2012-07-28,2013-09-09 16:14:06+00:00,0.19,0.21,0.175,0.2,,6409000.0,111293000.0,17051000.0,17051000.0,,17051000.0,,358956000.0,951407000.0,-1933000.0,,458085000.0,358956000.0,592451000.0,1546000.0,567445000.0,25006000.0,-1546000.0,23460000.0,951407000.0,89700000.0,82555000.0,83441000.0
Abercrombie & Fitch Co,ANF,,1018840,2012.0,Q2YTD,2012-01-29,2012-07-28,,0.23,-0.04,0.35,-0.05,,-2320000.0,228182000.0,-4254000.0,-4254000.0,,-4254000.0,,739082000.0,1872625000.0,-4517000.0,,913817000.0,739082000.0,1133543000.0,2635000.0,1137482000.0,-3939000.0,-2635000.0,-6574000.0,1872625000.0,89700000.0,82555000.0,83441000.0
Abercrombie & Fitch Co,ANF,,1018840,2012.0,Q1TTM,2011-05-01,2012-04-28,,1.7,1.41,0.88,1.36,68022000.0,65940000.0,554009000.0,122629000.0,121833000.0,796000.0,122629000.0,,1987960000.0,5079276000.0,888000.0,,2275958000.0,1987960000.0,3091316000.0,4666000.0,2898877000.0,192439000.0,-4666000.0,187773000.0,5079276000.0,-532600000.0,84593000.0,84593000.0
Abercrombie & Fitch Co,ANF,,1018840,2012.0,Q1,2012-01-29,2012-04-28,2013-06-11 16:24:08+00:00,0.04,-0.25,0.175,-0.25,,-8729000.0,116889000.0,-21305000.0,-21305000.0,,-21305000.0,,380126000.0,921218000.0,-2584000.0,,455732000.0,380126000.0,541092000.0,1089000.0,570037000.0,-28945000.0,-1089000.0,-30034000.0,921218000.0,-532600000.0,84593000.0,84593000.0
Abercrombie & Fitch Co,ANF,,1018840,2013.0,FY,2013-02-03,2014-02-01,2016-03-28 16:25:31+00:00,0.71,0.71,0.8,0.69,46715000.0,18649000.0,481784000.0,54628000.0,54628000.0,,54628000.0,0.0,1541462000.0,4116897000.0,-23074000.0,81500000.0,1907687000.0,1541462000.0,2575435000.0,7546000.0,2494612000.0,80823000.0,-7546000.0,73277000.0,4116897000.0,76900000.0,77157000.0,78666000.0
Abercrombie & Fitch Co,ANF,,1018840,2013.0,Q4,2013-11-03,2014-02-01,,0.85,0.85,0.2,0.84,3144000.0,42331000.0,118608000.0,66105000.0,66105000.0,,66105000.0,,532030000.0,1299137000.0,-7994000.0,36792000.0,505608000.0,532030000.0,767107000.0,2513000.0,656158000.0,110949000.0,-2513000.0,108436000.0,1299137000.0,76900000.0,77157000.0,78666000.0
Abercrombie & Fitch Co,ANF,,1018840,2013.0,Q3TTM,2012-10-28,2013-11-02,,2.37,1.76,0.77,1.73,50978000.0,60847000.0,485496000.0,145752000.0,145752000.0,,145752000.0,,1547311000.0,4286291000.0,-28742000.0,44708000.0,1971839000.0,1547311000.0,2738980000.0,8102000.0,2524279000.0,214701000.0,-8102000.0,206599000.0,4286291000.0,78200000.0,76456000.0,76456000.0
Abercrombie & Fitch Co,ANF,,1018840,2013.0,Q3YTD,2013-02-03,2013-11-02,,-0.14,-0.14,0.6,-0.15,43571000.0,-23682000.0,363176000.0,-11477000.0,-11477000.0,,-11477000.0,,1009432000.0,2817760000.0,-15080000.0,44708000.0,1402079000.0,1009432000.0,1808328000.0,5033000.0,1838454000.0,-30126000.0,-5033000.0,-35159000.0,2817760000.0,78200000.0,76456000.0,76456000.0
Abercrombie & Fitch Co,ANF,,1018840,2014.0,FY,2014-02-02,2015-01-31,2017-03-27 17:19:28+00:00,0.72,0.72,0.8,0.71,44988000.0,47333000.0,458820000.0,51821000.0,51821000.0,,51821000.0,0.0,1430460000.0,3744030000.0,-15239000.0,8431000.0,1703051000.0,1430460000.0,2313570000.0,14365000.0,2200051000.0,113519000.0,-14365000.0,99154000.0,3744030000.0,72000000.0,71785000.0,72937000.0
Abercrombie & Fitch Co,ANF,,1018840,2014.0,Q4,2014-11-02,2015-01-31,,0.6,0.6,0.2,0.61,28282000.0,43002000.0,119225000.0,44388000.0,44388000.0,,44388000.0,,437659000.0,1119544000.0,-5795000.0,2379000.0,445628000.0,437659000.0,681885000.0,4776000.0,589719000.0,92166000.0,-4776000.0,87390000.0,1119544000.0,72000000.0,71785000.0,72937000.0
Abercrombie & Fitch Co,ANF,,1018840,2014.0,Q3TTM,2013-11-03,2014-11-01,,0.97,0.97,0.8,0.94,19850000.0,46662000.0,458203000.0,73538000.0,73538000.0,,73538000.0,,1524831000.0,3923623000.0,-17438000.0,42844000.0,1763031000.0,1524831000.0,2398792000.0,12102000.0,2266490000.0,132302000.0,-12102000.0,120200000.0,3923623000.0,70100000.0,70814000.0,72128000.0
Abercrombie & Fitch Co,ANF,,1018840,2014.0,Q3,2014-08-03,2014-11-01,2015-12-07 16:12:11+00:00,0.26,0.26,0.2,0.25,16706000.0,9567000.0,104981000.0,18227000.0,18227000.0,,18227000.0,0.0,344383000.0,911453000.0,-1534000.0,0.0,413551000.0,344383000.0,567070000.0,5572000.0,533704000.0,33366000.0,-5572000.0,27794000.0,911453000.0,70100000.0,70814000.0,72128000.0
Abercrombie & Fitch Co,ANF,,1018840,2014.0,Q3YTD,2014-02-02,2014-11-01,,0.12,0.12,0.6,0.1,16706000.0,4331000.0,339595000.0,7433000.0,7433000.0,,7433000.0,,992801000.0,2624486000.0,-9444000.0,6052000.0,1257423000.0,992801000.0,1631685000.0,9589000.0,1610332000.0,21353000.0,-9589000.0,11764000.0,2624486000.0,70100000.0,70814000.0,72128000.0
Abercrombie & Fitch Co,ANF,,1018840,2014.0,Q2TTM,2013-08-04,2014-08-02,,0.51,0.51,0.8,0.49,46715000.0,15714000.0,479972000.0,39667000.0,39667000.0,,39667000.0,,1562701000.0,4045463000.0,-25755000.0,87552000.0,1830712000.0,1562701000.0,2482762000.0,8185000.0,2419196000.0,63566000.0,-8185000.0,55381000.0,4045463000.0,71500000.0,72436000.0,73756000.0
Abercrombie & Fitch Co,ANF,,1018840,2014.0,Q2,2014-05-04,2014-08-02,2015-09-10 16:16:35+00:00,0.18,0.18,0.2,0.17,0.0,4596000.0,111033000.0,12877000.0,12877000.0,,12877000.0,0.0,337649000.0,890605000.0,-4290000.0,419000.0,426301000.0,337649000.0,552956000.0,2020000.0,533463000.0,19493000.0,-2020000.0,17473000.0,890605000.0,71500000.0,72436000.0,73756000.0
Abercrombie & Fitch Co,ANF,,1018840,2014.0,Q2YTD,2014-02-02,2014-08-02,,-0.14,-0.14,0.4,-0.15,,-5236000.0,234614000.0,-10794000.0,-10794000.0,,-10794000.0,,648418000.0,1713033000.0,-7910000.0,6052000.0,843872000.0,648418000.0,1064615000.0,4017000.0,1076628000.0,-12013000.0,-4017000.0,-16030000.0,1713033000.0,71500000.0,72436000.0,73756000.0
Abercrombie & Fitch Co,ANF,,1018840,2014.0,Q1TTM,2013-05-05,2014-05-03,,0.48,0.48,0.8,0.46,46715000.0,17163000.0,486585000.0,38160000.0,38160000.0,,38160000.0,,1566628000.0,4100556000.0,-25876000.0,87133000.0,1876133000.0,1566628000.0,2533928000.0,7915000.0,2470690000.0,63238000.0,-7915000.0,55323000.0,4100556000.0,74000000.0,74483000.0,74483000.0
Abercrombie & Fitch Co,ANF,,1018840,2014.0,Q1,2014-02-02,2014-05-03,2015-06-08 17:14:36+00:00,-0.32,-0.32,0.2,-0.32,0.0,-9832000.0,123581000.0,-23671000.0,-23671000.0,,-23671000.0,,310769000.0,822428000.0,-3620000.0,5633000.0,417571000.0,310769000.0,511659000.0,1997000.0,543165000.0,-31506000.0,-1997000.0,-33503000.0,822428000.0,74000000.0,74483000.0,74483000.0
Abercrombie & Fitch Co,ANF,,1018840,2015.0,FY,2015-02-01,2016-01-30,2018-04-02 17:22:33+00:00,0.52,0.52,0.8,0.51,18209000.0,16031000.0,470321000.0,38559000.0,38559000.0,,35576000.0,2983000.0,1361137000.0,3518680000.0,-6441000.0,-1598000.0,1604214000.0,1361137000.0,2157543000.0,18248000.0,2084705000.0,72838000.0,-18248000.0,54590000.0,3518680000.0,68400000.0,68880000.0,69417000.0
Abercrombie & Fitch Co,ANF,,1018840,2015.0,Q4,2015-11-01,2016-01-30,,1.44,0.83,0.2,0.83,,56719000.0,125244000.0,58908000.0,58908000.0,,57741000.0,1167000.0,436585000.0,1112930000.0,577000.0,,430441000.0,436585000.0,676345000.0,4456000.0,556262000.0,120083000.0,-4456000.0,115627000.0,1112930000.0,68400000.0,68880000.0,69417000.0
Abercrombie & Fitch Co,ANF,,1018840,2015.0,Q3,2015-08-02,2015-10-31,2016-12-05 16:12:25+00:00,,0.61,0.2,0.6,12076000.0,-5881000.0,117698000.0,42285000.0,42285000.0,,41891000.0,394000.0,318785000.0,878572000.0,-3919000.0,0.0,392942000.0,318785000.0,559787000.0,4586000.0,518797000.0,40990000.0,-4586000.0,36404000.0,878572000.0,,68866000.0,69265000.0
Abercrombie & Fitch Co,ANF,,1018840,2015.0,Q3YTD,2015-02-01,2015-10-31,,-0.92,-0.31,0.6,-0.32,18209000.0,-40688000.0,345077000.0,-20349000.0,-20349000.0,,-22165000.0,1816000.0,924552000.0,2405750000.0,-7018000.0,-1598000.0,1173773000.0,924552000.0,1481198000.0,13792000.0,1528443000.0,-47245000.0,-13792000.0,-61037000.0,2405750000.0,,68866000.0,69265000.0
Abercrombie & Fitch Co,ANF,,1018840,2015.0,Q3TTM,2014-11-02,2015-10-31,,-0.32,0.29,0.8,0.29,46491000.0,2314000.0,464302000.0,24039000.0,24039000.0,,22223000.0,1816000.0,1362211000.0,3525294000.0,-12813000.0,781000.0,1619401000.0,1362211000.0,2163083000.0,18568000.0,2118162000.0,44921000.0,-18568000.0,26353000.0,3525294000.0,,68866000.0,69265000.0
Abercrombie & Fitch Co,ANF,,1018840,2015.0,Q2,2015-05-03,2015-08-01,2016-09-06 17:11:58+00:00,-0.01,-0.01,0.2,-0.01,0.0,-3217000.0,119846000.0,612000.0,612000.0,,-810000.0,1422000.0,307894000.0,817756000.0,-1139000.0,0.0,389193000.0,307894000.0,509862000.0,4567000.0,507900000.0,1962000.0,-4567000.0,-2605000.0,817756000.0,81000000.0,69713000.0,69713000.0
Abercrombie & Fitch Co,ANF,,1018840,2015.0,Q2YTD,2015-02-01,2015-08-01,,-0.92,-0.92,0.4,-0.92,6133000.0,-34807000.0,227379000.0,-62634000.0,-62634000.0,,-64056000.0,1422000.0,605767000.0,1527178000.0,-3099000.0,-1598000.0,780831000.0,605767000.0,921411000.0,9206000.0,1009646000.0,-88235000.0,-9206000.0,-97441000.0,1527178000.0,81000000.0,69713000.0,69713000.0
Abercrombie & Fitch Co,ANF,,1018840,2015.0,Q2TTM,2014-08-03,2015-08-01,,-0.06,-0.06,0.8,-0.06,51121000.0,17762000.0,451585000.0,-19000.0,-19000.0,,-1441000.0,1422000.0,1387809000.0,3558175000.0,-10428000.0,781000.0,1640010000.0,1387809000.0,2170366000.0,19554000.0,2133069000.0,37297000.0,-19554000.0,17743000.0,3558175000.0,81000000.0,69713000.0,69713000.0
Abercrombie & Fitch Co,ANF,,1018840,2015.0,Q1,2015-02-01,2015-05-02,2016-06-06 16:09:41+00:00,-0.91,-0.91,0.2,-0.91,6133000.0,-31590000.0,107533000.0,-63246000.0,-63246000.0,,-63246000.0,0.0,297873000.0,709422000.0,-1960000.0,-1598000.0,391638000.0,297873000.0,411549000.0,4639000.0,501746000.0,-90197000.0,-4639000.0,-94836000.0,709422000.0,69500000.0,69510000.0,69510000.0
Abercrombie & Fitch Co,ANF,,1018840,2015.0,Q1TTM,2014-05-04,2015-05-02,,0.13,0.13,0.8,0.12,51121000.0,25575000.0,442772000.0,12246000.0,12246000.0,,12246000.0,,1417564000.0,3631024000.0,-13579000.0,1200000.0,1677118000.0,1417564000.0,2213460000.0,17007000.0,2158632000.0,54828000.0,-17007000.0,37821000.0,3631024000.0,69500000.0,69510000.0,69510000.0
Abercrombie & Fitch Co,ANF,,1018840,2016.0,FY,2016-01-31,2017-01-28,2019-04-01 17:08:33+00:00,0.06,0.06,0.8,0.06,7930000.0,-11196000.0,453202000.0,7718000.0,7718000.0,,3956000.0,3762000.0,1298172000.0,3326740000.0,-26212000.0,,1578460000.0,1298172000.0,2028568000.0,18666000.0,2013380000.0,15188000.0,-18666000.0,-3478000.0,3326740000.0,65900000.0,67878000.0,68284000.0
Abercrombie & Fitch Co,ANF,,1018840,2016.0,Q4,2016-10-30,2017-01-28,,0.72,0.72,0.2,0.72,1574000.0,6344000.0,121729000.0,50105000.0,50105000.0,,48791000.0,1314000.0,421362000.0,1036363000.0,-9377000.0,,439816000.0,421362000.0,615001000.0,4810000.0,553742000.0,61259000.0,-4810000.0,56449000.0,1036363000.0,65900000.0,67878000.0,68284000.0
Abercrombie & Fitch Co,ANF,,1018840,2016.0,Q3,2016-07-31,2016-10-29,2017-12-04 16:16:41+00:00,0.12,0.12,0.2,0.12,0.0,6762000.0,105307000.0,8274000.0,8274000.0,,7881000.0,393000.0,310995000.0,821734000.0,-822000.0,,386609000.0,310995000.0,510739000.0,4609000.0,491094000.0,19645000.0,-4609000.0,15036000.0,821734000.0,65700000.0,67975000.0,68277000.0
Abercrombie & Fitch Co,ANF,,1018840,2016.0,Q3YTD,2016-01-31,2016-10-29,,-0.66,-0.66,0.6,-0.66,6356000.0,-17540000.0,331473000.0,-42387000.0,-42387000.0,,-44835000.0,2448000.0,876810000.0,2290377000.0,-16835000.0,,1138644000.0,876810000.0,1413567000.0,13856000.0,1459638000.0,-46071000.0,-13856000.0,-59927000.0,2290377000.0,65700000.0,67975000.0,68277000.0
Abercrombie & Fitch Co,ANF,,1018840,2016.0,Q3TTM,2015-11-01,2016-10-29,,0.78,0.17,0.8,0.17,6356000.0,39179000.0,456717000.0,16521000.0,16521000.0,,12906000.0,3615000.0,1313395000.0,3403307000.0,-16258000.0,,1569085000.0,1313395000.0,2089912000.0,18312000.0,2015900000.0,74012000.0,-18312000.0,55700000.0,3403307000.0,65700000.0,67975000.0,68277000.0
Abercrombie & Fitch Co,ANF,,1018840,2016.0,Q2,2016-05-01,2016-07-30,2017-09-05 16:39:43+00:00,-0.19,-0.19,0.2,-0.19,6356000.0,-3515000.0,111719000.0,-12031000.0,-12031000.0,,-13129000.0,1098000.0,306053000.0,783160000.0,-13080000.0,,382917000.0,306053000.0,477107000.0,4741000.0,487912000.0,-10805000.0,-4741000.0,-15546000.0,783160000.0,69100000.0,67944000.0,67944000.0
Abercrombie & Fitch Co,ANF,,1018840,2016.0,Q2YTD,2016-01-31,2016-07-30,,-0.78,-0.78,0.4,-0.78,6356000.0,-24302000.0,226166000.0,-50661000.0,-50661000.0,,-52716000.0,2055000.0,565815000.0,1468643000.0,-16013000.0,,752035000.0,565815000.0,902828000.0,9247000.0,968544000.0,-65716000.0,-9247000.0,-74963000.0,1468643000.0,69100000.0,67944000.0,67944000.0
Abercrombie & Fitch Co,ANF,,1018840,2016.0,Q2TTM,2015-08-02,2016-07-30,,0.66,0.66,0.8,0.65,18432000.0,26536000.0,469108000.0,50532000.0,50532000.0,,46916000.0,3616000.0,1321185000.0,3460145000.0,-19355000.0,,1575418000.0,1321185000.0,2138960000.0,18289000.0,2043603000.0,95357000.0,-18289000.0,77068000.0,3460145000.0,69100000.0,67944000.0,67944000.0
Abercrombie & Fitch Co,ANF,,1018840,2016.0,Q1,2016-01-31,2016-04-30,2017-06-06 06:04:17+00:00,-0.59,-0.59,0.2,-0.59,0.0,-20787000.0,114447000.0,-38630000.0,-38630000.0,,-39587000.0,957000.0,259762000.0,685483000.0,-2933000.0,,369118000.0,259762000.0,425721000.0,4506000.0,480632000.0,-54911000.0,-4506000.0,-59417000.0,685483000.0,67100000.0,67625000.0,67625000.0
Abercrombie & Fitch Co,ANF,,1018840,2016.0,Q1TTM,2015-05-03,2016-04-30,,0.84,0.84,0.8,0.83,12076000.0,26834000.0,477235000.0,63175000.0,63175000.0,,59235000.0,3940000.0,1323026000.0,3494741000.0,-7414000.0,,1581694000.0,1323026000.0,2171715000.0,18115000.0,2063591000.0,108124000.0,-18115000.0,90009000.0,3494741000.0,67100000.0,67625000.0,67625000.0
Abercrombie & Fitch Co,ANF,,1018840,2017.0,FY,2017-01-29,2018-02-03,2020-03-31 08:28:18+00:00,0.1,0.1,0.8,0.1,14391000.0,44636000.0,471914000.0,10525000.0,10525000.0,,7094000.0,3431000.0,1408848000.0,3492690000.0,-16938000.0,2393000.0,1540032000.0,1408848000.0,2083842000.0,16889000.0,2011792000.0,72050000.0,-16889000.0,55161000.0,3492690000.0,70900000.0,68391000.0,69403000.0
Abercrombie & Fitch Co,ANF,,1018840,2017.0,Q4,2017-10-29,2018-02-03,,1.09,1.09,0.2,1.09,4046000.0,60698000.0,128135000.0,75533000.0,75533000.0,,74210000.0,1323000.0,495763000.0,1193158000.0,-12383000.0,2393000.0,434864000.0,495763000.0,697395000.0,4109000.0,557055000.0,140340000.0,-4109000.0,136231000.0,1193158000.0,70900000.0,68391000.0,69403000.0
Abercrombie & Fitch Co,ANF,,1018840,2017.0,Q3,2017-07-30,2017-10-28,2018-12-12 16:57:28+00:00,0.15,0.15,0.2,0.15,3480000.0,7553000.0,124533000.0,10616000.0,10616000.0,,10075000.0,541000.0,332485000.0,859112000.0,-70000.0,,375944000.0,332485000.0,526627000.0,4571000.0,503887000.0,22740000.0,-4571000.0,18169000.0,859112000.0,67200000.0,68512000.0,69425000.0
Abercrombie & Fitch Co,ANF,,1018840,2017.0,Q3YTD,2017-01-29,2017-10-28,,-0.99,-0.99,0.6,-0.99,10345000.0,-16062000.0,343779000.0,-65008000.0,-65008000.0,,-67116000.0,2108000.0,913085000.0,2299532000.0,-4555000.0,,1105168000.0,913085000.0,1386447000.0,12780000.0,1454737000.0,-68290000.0,-12780000.0,-81070000.0,2299532000.0,67200000.0,68512000.0,69425000.0
Abercrombie & Fitch Co,ANF,,1018840,2017.0,Q3TTM,2016-10-30,2017-10-28,,-0.27,-0.27,0.8,-0.27,11919000.0,-9718000.0,465508000.0,-14903000.0,-14903000.0,,-18325000.0,3422000.0,1334447000.0,3335895000.0,-13932000.0,,1544984000.0,1334447000.0,2001448000.0,17590000.0,2008479000.0,-7031000.0,-17590000.0,-24621000.0,3335895000.0,67200000.0,68512000.0,69425000.0
Abercrombie & Fitch Co,ANF,,1018840,2017.0,Q2,2017-04-30,2017-07-29,2018-09-10 16:56:23+00:00,-0.23,-0.23,0.2,-0.23,6135000.0,-10563000.0,109353000.0,-14615000.0,-14615000.0,,-15491000.0,876000.0,318426000.0,779321000.0,-2799000.0,,369295000.0,318426000.0,460895000.0,4089000.0,481984000.0,-21089000.0,-4089000.0,-25178000.0,779321000.0,67400000.0,68456000.0,68456000.0
Abercrombie & Fitch Co,ANF,,1018840,2017.0,Q2YTD,2017-01-29,2017-07-29,,-1.14,-1.14,0.4,-1.14,6865000.0,-23615000.0,219246000.0,-75624000.0,-75624000.0,,-77191000.0,1567000.0,580600000.0,1440420000.0,-4485000.0,,729224000.0,580600000.0,859820000.0,8209000.0,950850000.0,-91030000.0,-8209000.0,-99239000.0,1440420000.0,67400000.0,68456000.0,68456000.0
Abercrombie & Fitch Co,ANF,,1018840,2017.0,Q2TTM,2016-07-31,2017-07-29,,-0.3,-0.3,0.8,-0.3,8439000.0,-10509000.0,446282000.0,-17245000.0,-17245000.0,,-20519000.0,3274000.0,1312957000.0,3298517000.0,-14684000.0,,1555649000.0,1312957000.0,1985560000.0,17628000.0,1995686000.0,-10126000.0,-17628000.0,-27754000.0,3298517000.0,67400000.0,68456000.0,68456000.0
Abercrombie & Fitch Co,ANF,,1018840,2017.0,Q1,2017-01-29,2017-04-29,2018-06-08 16:42:15+00:00,-0.91,-0.91,0.2,-0.91,730000.0,-13052000.0,109893000.0,-61009000.0,-61009000.0,,-61700000.0,691000.0,262174000.0,661099000.0,-1686000.0,,359929000.0,262174000.0,398925000.0,4120000.0,468866000.0,-69941000.0,-4120000.0,-74061000.0,661099000.0,67800000.0,68073000.0,68073000.0
Abercrombie & Fitch Co,ANF,,1018840,2017.0,Q1TTM,2016-05-01,2017-04-29,,-0.26,-0.26,0.8,-0.26,8660000.0,-3461000.0,448648000.0,-14661000.0,-14661000.0,,-18157000.0,3496000.0,1300584000.0,3302356000.0,-24965000.0,,1569271000.0,1300584000.0,2001772000.0,18280000.0,2001614000.0,158000.0,-18280000.0,-18122000.0,3302356000.0,67800000.0,68073000.0,68073000.0
Abercrombie & Fitch Co,ANF,,1018840,2018.0,FY,2018-02-04,2019-02-02,2020-03-31 08:28:18+00:00,1.11,1.11,0.8,1.08,11580000.0,37559000.0,484863000.0,78808000.0,78808000.0,,74541000.0,4267000.0,1430193000.0,3590109000.0,-5915000.0,5806000.0,1536216000.0,1430193000.0,2159916000.0,10999000.0,2032550000.0,127366000.0,-10999000.0,116367000.0,3590109000.0,67200000.0,67350000.0,69137000.0
Abercrombie & Fitch Co,ANF,,1018840,2018.0,Q4,2018-11-04,2019-02-02,,1.43,1.43,0.8,1.41,1197000.0,29201000.0,118902000.0,98364000.0,98364000.0,,96936000.0,1428000.0,472745000.0,1155602000.0,-1364000.0,5806000.0,428650000.0,472745000.0,682857000.0,2101000.0,553191000.0,129666000.0,-2101000.0,127565000.0,1155602000.0,67200000.0,67350000.0,69137000.0
Abercrombie & Fitch Co,ANF,,1018840,2018.0,Q3,2018-08-05,2018-11-03,2019-12-11 16:29:48+00:00,0.36,0.36,,0.35,656000.0,12047000.0,117181000.0,24776000.0,24776000.0,,23919000.0,857000.0,333375000.0,861194000.0,-1557000.0,0.0,371859000.0,333375000.0,527819000.0,2857000.0,488139000.0,39680000.0,-2857000.0,36823000.0,861194000.0,66400000.0,66818000.0,68308000.0
Abercrombie & Fitch Co,ANF,,1018840,2018.0,Q3YTD,2018-02-04,2018-11-03,,-0.32,-0.32,,-0.33,10383000.0,8358000.0,365961000.0,-19556000.0,-19556000.0,,-22395000.0,2839000.0,957448000.0,2434507000.0,-4551000.0,,1107566000.0,957448000.0,1477059000.0,8898000.0,1479359000.0,-2300000.0,-8898000.0,-11198000.0,2434507000.0,66400000.0,66818000.0,68308000.0
Abercrombie & Fitch Co,ANF,,1018840,2018.0,Q3TTM,2017-10-29,2018-11-03,,0.77,0.77,0.2,0.76,14429000.0,69056000.0,494096000.0,55977000.0,55977000.0,,51815000.0,4162000.0,1453211000.0,3627665000.0,-16934000.0,2393000.0,1542430000.0,1453211000.0,2174454000.0,13007000.0,2036414000.0,138040000.0,-13007000.0,125033000.0,3627665000.0,66400000.0,66818000.0,68308000.0
Abercrombie & Fitch Co,ANF,,1018840,2018.0,Q2,2018-05-06,2018-08-04,2019-09-11 16:42:51+00:00,-0.06,-0.06,,-0.06,8671000.0,24000.0,123883000.0,-2824000.0,-2824000.0,,-3853000.0,1029000.0,335519000.0,842414000.0,-434000.0,,374552000.0,335519000.0,506895000.0,3023000.0,506672000.0,223000.0,-3023000.0,-2800000.0,842414000.0,64200000.0,68008000.0,68008000.0
Abercrombie & Fitch Co,ANF,,1018840,2018.0,Q2YTD,2018-02-04,2018-08-04,,-0.68,-0.68,,-0.68,9727000.0,-3689000.0,248780000.0,-44332000.0,-44332000.0,,-46314000.0,1982000.0,624073000.0,1573313000.0,-2994000.0,,735707000.0,624073000.0,949240000.0,6041000.0,991220000.0,-41980000.0,-6041000.0,-48021000.0,1573313000.0,64200000.0,68008000.0,68008000.0
Abercrombie & Fitch Co,ANF,,1018840,2018.0,Q2TTM,2017-07-30,2018-08-04,,0.56,0.56,0.4,0.56,17253000.0,64562000.0,501448000.0,41817000.0,41817000.0,,37971000.0,3846000.0,1452321000.0,3625583000.0,-15447000.0,2393000.0,1546515000.0,1452321000.0,2173262000.0,14721000.0,2052162000.0,121100000.0,-14721000.0,106379000.0,3625583000.0,64200000.0,68008000.0,68008000.0
Abercrombie & Fitch Co,ANF,,1018840,2018.0,Q1,2018-02-04,2018-05-05,2019-06-12 16:52:26+00:00,-0.62,-0.62,0.2,-0.62,1056000.0,-3713000.0,124897000.0,-41508000.0,-41508000.0,,-42461000.0,953000.0,288554000.0,730899000.0,-2560000.0,,361155000.0,288554000.0,442345000.0,3018000.0,484548000.0,-42203000.0,-3018000.0,-45221000.0,730899000.0,68500000.0,68500000.0,68500000.0
Abercrombie & Fitch Co,ANF,,1018840,2018.0,Q1TTM,2017-04-30,2018-05-05,,0.39,0.39,0.6,0.39,14717000.0,53975000.0,486918000.0,30026000.0,30026000.0,,26333000.0,3693000.0,1435228000.0,3562490000.0,-17812000.0,2393000.0,1541258000.0,1435228000.0,2127262000.0,15787000.0,2027474000.0,99788000.0,-15787000.0,84001000.0,3562490000.0,68500000.0,68500000.0,68500000.0
Abercrombie & Fitch Co,ANF,,1018840,2019.0,Q4,2019-11-03,2020-02-01,,1.28,1.28,0.8,1.27,4148000.0,34302000.0,122899000.0,85200000.0,85200000.0,,83132000.0,2068000.0,495287000.0,1184551000.0,-45929000.0,45228000.0,440587000.0,495287000.0,689264000.0,2829000.0,566933000.0,122331000.0,-2829000.0,119502000.0,1184551000.0,64500000.0,64428000.0,65778000.0
Abercrombie & Fitch Co,ANF,,1018840,2019.0,FY,2019-02-03,2020-02-01,2020-03-31 08:28:18+00:00,0.61,0.61,0.8,0.6,19135000.0,17371000.0,464615000.0,44960000.0,44960000.0,,39358000.0,5602000.0,1472155000.0,3623073000.0,-1400000.0,47257000.0,1551243000.0,1472155000.0,2150918000.0,7737000.0,2080850000.0,70068000.0,-7737000.0,62331000.0,3623073000.0,64500000.0,64428000.0,65778000.0
Abercrombie & Fitch Co,ANF,,1018840,2019.0,Q3YTD,2019-02-03,2019-11-02,,-0.67,-0.67,,-0.67,14987000.0,-16931000.0,341716000.0,-40240000.0,-40240000.0,,-43774000.0,3534000.0,976868000.0,2438522000.0,44529000.0,2029000.0,1110656000.0,976868000.0,1461654000.0,4908000.0,1513917000.0,-52263000.0,-4908000.0,-57171000.0,2438522000.0,65200000.0,63099000.0,63911000.0
Abercrombie & Fitch Co,ANF,,1018840,2019.0,Q3TTM,2018-11-04,2019-11-02,,0.76,0.76,0.6,0.74,16184000.0,12270000.0,460618000.0,58124000.0,58124000.0,,53162000.0,4962000.0,1449613000.0,3594124000.0,43165000.0,7835000.0,1539306000.0,1449613000.0,2144511000.0,7009000.0,2067108000.0,77403000.0,-7009000.0,70394000.0,3594124000.0,65200000.0,63099000.0,63911000.0
Abercrombie & Fitch Co,ANF,,1018840,2019.0,Q3,2019-08-04,2019-11-02,2019-12-11 16:29:48+00:00,0.1,0.1,,0.1,12610000.0,3987000.0,114075000.0,7570000.0,7570000.0,,6523000.0,1047000.0,344541000.0,863472000.0,-215000.0,285000.0,377697000.0,344541000.0,518931000.0,2922000.0,504452000.0,14479000.0,-2922000.0,11557000.0,863472000.0,65200000.0,63099000.0,63911000.0
Abercrombie & Fitch Co,ANF,,1018840,2019.0,Q2YTD,2019-02-03,2019-08-03,,-0.77,-0.77,,-0.77,2377000.0,-20918000.0,227641000.0,-47810000.0,-47810000.0,,-50297000.0,2487000.0,632327000.0,1575050000.0,44744000.0,1744000.0,732959000.0,632327000.0,942723000.0,1986000.0,1009465000.0,-66742000.0,-1986000.0,-68728000.0,1575050000.0,64900000.0,65156000.0,65156000.0
Abercrombie & Fitch Co,ANF,,1018840,2019.0,Q2TTM,2018-08-05,2019-08-03,,1.02,1.02,0.6,0.99,4230000.0,20330000.0,463724000.0,75330000.0,75330000.0,,70558000.0,4772000.0,1438447000.0,3591846000.0,41823000.0,7550000.0,1533468000.0,1438447000.0,2153399000.0,6944000.0,2050795000.0,102604000.0,-6944000.0,95660000.0,3591846000.0,64900000.0,65156000.0,65156000.0
Abercrombie & Fitch Co,ANF,,1018840,2019.0,Q2,2019-05-05,2019-08-03,2019-09-11 16:42:51+00:00,-0.48,-0.48,,-0.48,715000.0,-11330000.0,115694000.0,-29524000.0,-29524000.0,,-31142000.0,1618000.0,342445000.0,841078000.0,45361000.0,,376347000.0,342445000.0,498633000.0,1370000.0,538117000.0,-39484000.0,-1370000.0,-40854000.0,841078000.0,64900000.0,65156000.0,65156000.0
Abercrombie & Fitch Co,ANF,,1018840,2019.0,Q1,2019-02-03,2019-05-04,2020-06-10 16:18:25+00:00,-0.29,-0.29,0.0,-0.29,1662000.0,-9588000.0,111947000.0,-18286000.0,-18286000.0,,-19155000.0,869000.0,289882000.0,733972000.0,-617000.0,1744000.0,356612000.0,289882000.0,444090000.0,616000.0,471348000.0,-27258000.0,-616000.0,-27874000.0,733972000.0,66100000.0,66540000.0,66540000.0
Abercrombie & Fitch Co,ANF,,1018840,2019.0,Q1TTM,2018-05-06,2019-05-04,,1.44,1.44,0.6,1.41,12186000.0,31684000.0,471913000.0,102030000.0,102030000.0,,97847000.0,4183000.0,1431521000.0,3593182000.0,-3972000.0,7550000.0,1531673000.0,1431521000.0,2161661000.0,8597000.0,2019350000.0,142311000.0,-8597000.0,133714000.0,3593182000.0,66100000.0,66540000.0,66540000.0
Abercrombie & Fitch Co,ANF,,1018840,2020.0,Q1TTM,2019-05-05,2020-05-02,,-3.0,-3.0,0.8,-3.01,60401000.0,58492000.0,460925000.0,-180785000.0,-180785000.0,,-185635000.0,4850000.0,1403487000.0,3374460000.0,-277000.0,44970000.0,1516755000.0,1403487000.0,1970973000.0,10492000.0,2082774000.0,-111801000.0,-10492000.0,-122293000.0,3374460000.0,62600000.0,62541000.0,62541000.0
Abercrombie & Fitch Co,ANF,,1018840,2020.0,Q1,2020-02-02,2020-05-02,2020-06-10 16:18:25+00:00,-3.9,-3.9,0.0,-3.9,42928000.0,31533000.0,108257000.0,-244031000.0,-244031000.0,,-244148000.0,117000.0,221214000.0,485359000.0,506000.0,-543000.0,322124000.0,221214000.0,264145000.0,3371000.0,473272000.0,-209127000.0,-3371000.0,-212498000.0,485359000.0,62600000.0,62541000.0,62541000.0
