company_name,company_ticker,company_lei,company_cik,year,quarter,start_date,end_date,filing_date,basicdilutedeps,basiceps,cashdividendspershare,dilutedeps,incometaxexpense,netincome,netincomecontinuing,netincomediscontinued,netincometocommon,netincometononcontrollinginterest,operatingcostofrevenue,operatingrevenue,otheradjustmentstoconsolidatednetincome,otherincome,rdexpense,sgaexpense,totalcostofrevenue,totalgrossprofit,totalinterestexpense,totalinterestincome,totaloperatingexpenses,totaloperatingincome,totalotherincome,totalpretaxincome,totalrevenue,weightedavebasicdilutedsharesos,weightedavebasicsharesos,weightedavedilutedsharesos
LyondellBasell Industries NV,LYB,,1489393,2009.0,FY,2009-01-01,2009-12-31,2012-02-29 13:11:49+00:00,0.0,0.0,,0.0,-1411000000.0,-2871000000.0,-2871000000.0,0.0,-2865000000.0,-6000000.0,29516000000.0,30828000000.0,0.0,-2641000000.0,145000000.0,850000000.0,29516000000.0,1312000000.0,1795000000.0,-163000000.0,995000000.0,317000000.0,-4599000000.0,-4282000000.0,30828000000.0,,,
LyondellBasell Industries NV,LYB,,1489393,2011.0,Q4,2011-10-01,2011-12-31,,-4.71,-0.37,,-0.3,-98000000.0,-218000000.0,49000000.0,-267000000.0,-215000000.0,-3000000.0,9351000000.0,10109000000.0,,208000000.0,54000000.0,235000000.0,9351000000.0,758000000.0,549000000.0,-177000000.0,289000000.0,469000000.0,-518000000.0,-49000000.0,10109000000.0,-3701700000.0,568000000.0,568000000.0
LyondellBasell Industries NV,LYB,,1489393,2011.0,FY,2011-01-01,2011-12-31,2014-02-20 14:15:11+00:00,-0.58,3.76,0.0,3.74,1059000000.0,2140000000.0,2472000000.0,-332000000.0,2147000000.0,-7000000.0,42732000000.0,48183000000.0,,201000000.0,196000000.0,918000000.0,42732000000.0,5451000000.0,1044000000.0,37000000.0,1114000000.0,4337000000.0,-806000000.0,3531000000.0,48183000000.0,-3701700000.0,568000000.0,568000000.0
LyondellBasell Industries NV,LYB,,1489393,2011.0,Q3,2011-07-01,2011-09-30,2012-10-26 12:29:49+00:00,1.56,1.56,,1.51,506000000.0,895000000.0,912000000.0,-17000000.0,895000000.0,0.0,10734000000.0,12516000000.0,,19000000.0,53000000.0,236000000.0,10734000000.0,1782000000.0,156000000.0,62000000.0,289000000.0,1493000000.0,-75000000.0,1418000000.0,12516000000.0,573700000.0,573700000.0,592700000.0
LyondellBasell Industries NV,LYB,,1489393,2011.0,Q2,2011-04-01,2011-06-30,2012-07-27 12:16:13+00:00,1.41,1.41,,1.38,388000000.0,803000000.0,851000000.0,-48000000.0,804000000.0,-1000000.0,11704000000.0,13306000000.0,,19000000.0,56000000.0,236000000.0,11704000000.0,1602000000.0,176000000.0,86000000.0,292000000.0,1310000000.0,-71000000.0,1239000000.0,13306000000.0,570200000.0,570200000.0,582600000.0
LyondellBasell Industries NV,LYB,,1489393,2011.0,Q1,2011-01-01,2011-03-31,2012-04-30 15:56:13+00:00,1.16,1.16,0.0,1.15,263000000.0,660000000.0,660000000.0,,663000000.0,-3000000.0,10943000000.0,12252000000.0,,-45000000.0,33000000.0,211000000.0,10943000000.0,1309000000.0,163000000.0,66000000.0,244000000.0,1065000000.0,-142000000.0,923000000.0,12252000000.0,566000000.0,566000000.0,566000000.0
LyondellBasell Industries NV,LYB,,1489393,2012.0,Q4,2012-10-01,2012-12-31,,-2.86,1.12,-0.25,1.09,285000000.0,623000000.0,645000000.0,-22000000.0,632000000.0,-9000000.0,9832000000.0,11097000000.0,,145000000.0,57000000.0,249000000.0,9832000000.0,1265000000.0,74000000.0,-100000000.0,306000000.0,959000000.0,-29000000.0,930000000.0,11097000000.0,-71200000000.0,573000000.0,573000000.0
LyondellBasell Industries NV,LYB,,1489393,2012.0,FY,2012-01-01,2012-12-31,2015-02-17 17:12:38+00:00,-0.04,4.97,0.0,4.92,1327000000.0,2834000000.0,2858000000.0,-24000000.0,2848000000.0,-14000000.0,39595000000.0,45352000000.0,,149000000.0,172000000.0,909000000.0,39595000000.0,5757000000.0,655000000.0,15000000.0,1081000000.0,4676000000.0,-491000000.0,4185000000.0,45352000000.0,-71200000000.0,573000000.0,573000000.0
LyondellBasell Industries NV,LYB,,1489393,2012.0,Q3YTD,2012-01-01,2012-09-30,,2.82,3.85,0.25,3.83,1042000000.0,2211000000.0,2213000000.0,-2000000.0,2216000000.0,-5000000.0,29763000000.0,34255000000.0,,4000000.0,115000000.0,660000000.0,29763000000.0,4492000000.0,581000000.0,115000000.0,775000000.0,3717000000.0,-462000000.0,3255000000.0,34255000000.0,575500000.0,575500000.0,579500000.0
LyondellBasell Industries NV,LYB,,1489393,2012.0,Q3TTM,2011-10-01,2012-09-30,,-1.89,3.48,0.25,3.53,944000000.0,1993000000.0,2262000000.0,-269000000.0,2001000000.0,-8000000.0,39114000000.0,44364000000.0,,212000000.0,169000000.0,895000000.0,39114000000.0,5250000000.0,1130000000.0,-62000000.0,1064000000.0,4186000000.0,-980000000.0,3206000000.0,44364000000.0,575500000.0,575500000.0,579500000.0
LyondellBasell Industries NV,LYB,,1489393,2012.0,Q3,2012-07-01,2012-09-30,2013-10-29 16:52:39+00:00,-0.01,1.47,0.0,1.46,435000000.0,844000000.0,851000000.0,-7000000.0,846000000.0,-2000000.0,9670000000.0,11273000000.0,,-7000000.0,39000000.0,236000000.0,9670000000.0,1603000000.0,71000000.0,36000000.0,275000000.0,1328000000.0,-42000000.0,1286000000.0,11273000000.0,-84600000000.0,573000000.0,573000000.0
LyondellBasell Industries NV,LYB,,1489393,2012.0,Q2YTD,2012-01-01,2012-06-30,,1.35,2.38,0.25,2.37,607000000.0,1367000000.0,1362000000.0,5000000.0,1370000000.0,-3000000.0,20093000000.0,22982000000.0,,11000000.0,76000000.0,424000000.0,20093000000.0,2889000000.0,510000000.0,79000000.0,500000000.0,2389000000.0,-420000000.0,1969000000.0,22982000000.0,574600000.0,574600000.0,578900000.0
LyondellBasell Industries NV,LYB,,1489393,2012.0,Q2TTM,2011-07-01,2012-06-30,,-1.8,3.57,0.25,3.58,1015000000.0,2044000000.0,2323000000.0,-279000000.0,2050000000.0,-6000000.0,40178000000.0,45607000000.0,,238000000.0,183000000.0,895000000.0,40178000000.0,5429000000.0,1215000000.0,-36000000.0,1078000000.0,4351000000.0,-1013000000.0,3338000000.0,45607000000.0,574600000.0,574600000.0,578900000.0
LyondellBasell Industries NV,LYB,,1489393,2012.0,Q2,2012-04-01,2012-06-30,2013-07-26 12:15:25+00:00,0.0,1.34,0.0,1.33,306000000.0,768000000.0,768000000.0,0.0,770000000.0,-2000000.0,9561000000.0,11248000000.0,,7000000.0,37000000.0,201000000.0,9561000000.0,1687000000.0,411000000.0,29000000.0,238000000.0,1449000000.0,-375000000.0,1074000000.0,11248000000.0,,574600000.0,578900000.0
LyondellBasell Industries NV,LYB,,1489393,2012.0,Q1TTM,2011-04-01,2012-03-31,,-1.73,3.64,0.25,3.63,1097000000.0,2079000000.0,2406000000.0,-327000000.0,2084000000.0,-5000000.0,42321000000.0,47665000000.0,,250000000.0,202000000.0,930000000.0,42321000000.0,5344000000.0,980000000.0,21000000.0,1132000000.0,4212000000.0,-709000000.0,3503000000.0,47665000000.0,60000000000.0,572000000.0,572000000.0
LyondellBasell Industries NV,LYB,,1489393,2012.0,Q1,2012-01-01,2012-03-31,2013-04-26 12:21:59+00:00,0.01,1.04,0.25,1.04,301000000.0,599000000.0,594000000.0,5000000.0,600000000.0,-1000000.0,10532000000.0,11734000000.0,,4000000.0,39000000.0,223000000.0,10532000000.0,1202000000.0,99000000.0,50000000.0,262000000.0,940000000.0,-45000000.0,895000000.0,11734000000.0,60000000000.0,572000000.0,572000000.0
LyondellBasell Industries NV,LYB,,1489393,2013.0,Q4,2013-10-01,2013-12-31,,,2.11,1.6,2.09,30000000.0,1175000000.0,1177000000.0,-2000000.0,1174000000.0,1000000.0,9601000000.0,11138000000.0,,27000000.0,44000000.0,229000000.0,9601000000.0,1537000000.0,87000000.0,3000000.0,273000000.0,1264000000.0,-57000000.0,1207000000.0,11138000000.0,-385700000000.0,566000000.0,566000000.0
LyondellBasell Industries NV,LYB,,1489393,2013.0,FY,2013-01-01,2013-12-31,2015-02-17 17:12:38+00:00,-0.01,6.8,2.0,6.75,1136000000.0,3853000000.0,3860000000.0,-7000000.0,3857000000.0,-4000000.0,37940000000.0,44062000000.0,,188000000.0,150000000.0,870000000.0,37940000000.0,6122000000.0,309000000.0,15000000.0,1020000000.0,5102000000.0,-106000000.0,4996000000.0,44062000000.0,-385700000000.0,566000000.0,566000000.0
LyondellBasell Industries NV,LYB,,1489393,2013.0,Q3YTD,2013-01-01,2013-09-30,,-0.01,4.69,0.4,4.66,1106000000.0,2678000000.0,2683000000.0,-5000000.0,2683000000.0,-5000000.0,28339000000.0,32924000000.0,,161000000.0,106000000.0,641000000.0,28339000000.0,4585000000.0,222000000.0,12000000.0,747000000.0,3838000000.0,-49000000.0,3789000000.0,32924000000.0,-85300000000.0,563000000.0,563000000.0
LyondellBasell Industries NV,LYB,,1489393,2013.0,Q3TTM,2012-10-01,2013-09-30,,-2.87,5.81,0.15,5.75,1391000000.0,3301000000.0,3328000000.0,-27000000.0,3315000000.0,-14000000.0,38171000000.0,44021000000.0,,306000000.0,163000000.0,890000000.0,38171000000.0,5850000000.0,296000000.0,-88000000.0,1053000000.0,4797000000.0,-78000000.0,4719000000.0,44021000000.0,-85300000000.0,563000000.0,563000000.0
LyondellBasell Industries NV,LYB,,1489393,2013.0,Q3,2013-07-01,2013-09-30,2014-10-24 12:48:08+00:00,-0.01,1.51,0.0,1.5,339000000.0,851000000.0,854000000.0,-3000000.0,853000000.0,-2000000.0,9690000000.0,11152000000.0,,62000000.0,35000000.0,220000000.0,9690000000.0,1462000000.0,81000000.0,5000000.0,255000000.0,1207000000.0,-14000000.0,1193000000.0,11152000000.0,-85300000000.0,563000000.0,563000000.0
LyondellBasell Industries NV,LYB,,1489393,2013.0,Q2YTD,2013-01-01,2013-06-30,,,3.18,0.4,3.16,767000000.0,1827000000.0,1829000000.0,-2000000.0,1830000000.0,-3000000.0,18649000000.0,21772000000.0,,99000000.0,71000000.0,421000000.0,18649000000.0,3123000000.0,141000000.0,7000000.0,492000000.0,2631000000.0,-35000000.0,2596000000.0,21772000000.0,92900000000.0,574000000.0,574000000.0
LyondellBasell Industries NV,LYB,,1489393,2013.0,Q2TTM,2012-07-01,2013-06-30,,-1.39,5.77,0.15,5.71,1487000000.0,3294000000.0,3325000000.0,-31000000.0,3308000000.0,-14000000.0,38151000000.0,44142000000.0,,237000000.0,167000000.0,906000000.0,38151000000.0,5991000000.0,286000000.0,-57000000.0,1073000000.0,4918000000.0,-106000000.0,4812000000.0,44142000000.0,92900000000.0,574000000.0,574000000.0
LyondellBasell Industries NV,LYB,,1489393,2013.0,Q2,2013-04-01,2013-06-30,2014-07-25 12:27:57+00:00,0.01,1.62,0.0,1.61,410000000.0,927000000.0,923000000.0,4000000.0,929000000.0,-2000000.0,9496000000.0,11103000000.0,,34000000.0,35000000.0,208000000.0,9496000000.0,1607000000.0,70000000.0,5000000.0,243000000.0,1364000000.0,-31000000.0,1333000000.0,11103000000.0,92900000000.0,574000000.0,574000000.0
LyondellBasell Industries NV,LYB,,1489393,2013.0,Q1TTM,2012-04-01,2013-03-31,,-0.06,5.49,0.15,5.43,1383000000.0,3135000000.0,3170000000.0,-35000000.0,3149000000.0,-14000000.0,38216000000.0,44287000000.0,,210000000.0,169000000.0,899000000.0,38216000000.0,6071000000.0,627000000.0,-33000000.0,1068000000.0,5003000000.0,-450000000.0,4553000000.0,44287000000.0,-90100000000.0,574000000.0,574000000.0
LyondellBasell Industries NV,LYB,,1489393,2013.0,Q1,2013-01-01,2013-03-31,2014-04-29 15:22:27+00:00,-0.01,1.56,0.4,1.55,357000000.0,900000000.0,906000000.0,-6000000.0,901000000.0,-1000000.0,9153000000.0,10669000000.0,,65000000.0,36000000.0,213000000.0,9153000000.0,1516000000.0,71000000.0,2000000.0,249000000.0,1267000000.0,-4000000.0,1263000000.0,10669000000.0,-90100000000.0,574000000.0,574000000.0
LyondellBasell Industries NV,LYB,,1489393,2014.0,FY,2014-01-01,2014-12-31,2017-02-17 13:01:27+00:00,-0.01,8.03,2.7,7.99,1540000000.0,4168000000.0,4172000000.0,-4000000.0,4174000000.0,-6000000.0,38939000000.0,45608000000.0,,295000000.0,127000000.0,806000000.0,38939000000.0,6669000000.0,352000000.0,33000000.0,933000000.0,5736000000.0,-24000000.0,5712000000.0,45608000000.0,-417400000000.0,518000000.0,518000000.0
LyondellBasell Industries NV,LYB,,1489393,2014.0,Q4,2014-10-01,2014-12-31,,-0.01,1.59,2.1,1.59,298000000.0,791000000.0,796000000.0,-5000000.0,793000000.0,-2000000.0,8989000000.0,10290000000.0,,82000000.0,30000000.0,194000000.0,8989000000.0,1301000000.0,72000000.0,7000000.0,224000000.0,1077000000.0,17000000.0,1094000000.0,10290000000.0,-417400000000.0,518000000.0,518000000.0
LyondellBasell Industries NV,LYB,,1489393,2014.0,Q3,2014-07-01,2014-09-30,2015-10-23 12:58:49+00:00,-0.01,2.46,0.0,2.45,434000000.0,1257000000.0,1260000000.0,-3000000.0,1258000000.0,-1000000.0,10118000000.0,12066000000.0,,67000000.0,31000000.0,211000000.0,10118000000.0,1948000000.0,92000000.0,13000000.0,242000000.0,1706000000.0,-12000000.0,1694000000.0,12066000000.0,-125800000000.0,509000000.0,509000000.0
LyondellBasell Industries NV,LYB,,1489393,2014.0,Q3YTD,2014-01-01,2014-09-30,,,6.44,0.6,6.4,1242000000.0,3377000000.0,3376000000.0,1000000.0,3381000000.0,-4000000.0,29950000000.0,35318000000.0,,213000000.0,97000000.0,612000000.0,29950000000.0,5368000000.0,280000000.0,26000000.0,709000000.0,4659000000.0,-41000000.0,4618000000.0,35318000000.0,-125800000000.0,509000000.0,509000000.0
LyondellBasell Industries NV,LYB,,1489393,2014.0,Q3TTM,2013-10-01,2014-09-30,,,8.55,2.2,8.49,1272000000.0,4552000000.0,4553000000.0,-1000000.0,4555000000.0,-3000000.0,39551000000.0,46456000000.0,,240000000.0,141000000.0,841000000.0,39551000000.0,6905000000.0,367000000.0,29000000.0,982000000.0,5923000000.0,-98000000.0,5825000000.0,46456000000.0,-125800000000.0,509000000.0,509000000.0
LyondellBasell Industries NV,LYB,,1489393,2014.0,Q2YTD,2014-01-01,2014-06-30,,0.01,3.98,0.6,3.95,808000000.0,2120000000.0,2116000000.0,4000000.0,2123000000.0,-3000000.0,19832000000.0,23252000000.0,,146000000.0,66000000.0,401000000.0,19832000000.0,3420000000.0,188000000.0,13000000.0,467000000.0,2953000000.0,-29000000.0,2924000000.0,23252000000.0,117800000000.0,523000000.0,523000000.0
LyondellBasell Industries NV,LYB,,1489393,2014.0,Q2TTM,2013-07-01,2014-06-30,,,7.6,2.2,7.54,1177000000.0,4146000000.0,4147000000.0,-1000000.0,4150000000.0,-4000000.0,39123000000.0,45542000000.0,,235000000.0,145000000.0,850000000.0,39123000000.0,6419000000.0,356000000.0,21000000.0,995000000.0,5424000000.0,-100000000.0,5324000000.0,45542000000.0,117800000000.0,523000000.0,523000000.0
LyondellBasell Industries NV,LYB,,1489393,2014.0,Q2,2014-04-01,2014-06-30,2015-07-28 12:56:26+00:00,0.01,2.25,0.0,2.23,425000000.0,1176000000.0,1173000000.0,3000000.0,1178000000.0,-2000000.0,10255000000.0,12117000000.0,,74000000.0,34000000.0,215000000.0,10255000000.0,1862000000.0,96000000.0,7000000.0,249000000.0,1613000000.0,-15000000.0,1598000000.0,12117000000.0,117800000000.0,523000000.0,523000000.0
LyondellBasell Industries NV,LYB,,1489393,2014.0,Q1TTM,2013-04-01,2014-03-31,,,6.97,2.2,6.92,1162000000.0,3897000000.0,3897000000.0,,3901000000.0,-4000000.0,38364000000.0,44528000000.0,,195000000.0,146000000.0,843000000.0,38364000000.0,6164000000.0,330000000.0,19000000.0,989000000.0,5175000000.0,-116000000.0,5059000000.0,44528000000.0,,544000000.0,544000000.0
LyondellBasell Industries NV,LYB,,1489393,2014.0,Q1,2014-01-01,2014-03-31,2015-04-24 12:41:32+00:00,0.0,1.73,0.6,1.72,383000000.0,944000000.0,943000000.0,1000000.0,945000000.0,-1000000.0,9577000000.0,11135000000.0,,72000000.0,32000000.0,186000000.0,9577000000.0,1558000000.0,92000000.0,6000000.0,218000000.0,1340000000.0,-14000000.0,1326000000.0,11135000000.0,,544000000.0,544000000.0
LyondellBasell Industries NV,LYB,,1489393,2015.0,FY,2015-01-01,2015-12-31,2018-02-22 16:47:15+00:00,-0.01,9.62,3.04,9.59,1730000000.0,4474000000.0,4479000000.0,-5000000.0,4476000000.0,-2000000.0,25683000000.0,32735000000.0,,364000000.0,102000000.0,828000000.0,25683000000.0,7052000000.0,310000000.0,33000000.0,930000000.0,6122000000.0,87000000.0,6209000000.0,32735000000.0,-447600000000.0,465000000.0,465000000.0
LyondellBasell Industries NV,LYB,,1489393,2015.0,Q4,2015-10-01,2015-12-31,,-5.01,1.82,3.04,1.82,262000000.0,795000000.0,797000000.0,-2000000.0,795000000.0,,5792000000.0,7071000000.0,,77000000.0,26000000.0,201000000.0,5792000000.0,1279000000.0,77000000.0,7000000.0,227000000.0,1052000000.0,7000000.0,1059000000.0,7071000000.0,-447600000000.0,465000000.0,465000000.0
LyondellBasell Industries NV,LYB,,1489393,2015.0,Q3,2015-07-01,2015-09-30,2016-11-01 12:36:31+00:00,2.57,2.56,0.0,2.54,487000000.0,1186000000.0,1189000000.0,-3000000.0,1185000000.0,1000000.0,6465000000.0,8334000000.0,,103000000.0,25000000.0,194000000.0,6465000000.0,1869000000.0,85000000.0,8000000.0,219000000.0,1650000000.0,26000000.0,1676000000.0,8334000000.0,462000000.0,462000000.0,462000000.0
LyondellBasell Industries NV,LYB,,1489393,2015.0,Q3YTD,2015-01-01,2015-09-30,,5.0,7.8,,7.77,1468000000.0,3679000000.0,3682000000.0,-3000000.0,3681000000.0,-2000000.0,19891000000.0,25664000000.0,,287000000.0,76000000.0,627000000.0,19891000000.0,5773000000.0,233000000.0,26000000.0,703000000.0,5070000000.0,80000000.0,5150000000.0,25664000000.0,462000000.0,462000000.0,462000000.0
LyondellBasell Industries NV,LYB,,1489393,2015.0,Q3TTM,2014-10-01,2015-09-30,,4.99,9.39,2.1,9.36,1766000000.0,4470000000.0,4478000000.0,-8000000.0,4474000000.0,-4000000.0,28880000000.0,35954000000.0,,369000000.0,106000000.0,821000000.0,28880000000.0,7074000000.0,305000000.0,33000000.0,927000000.0,6147000000.0,97000000.0,6244000000.0,35954000000.0,462000000.0,462000000.0,462000000.0
LyondellBasell Industries NV,LYB,,1489393,2015.0,Q2,2015-04-01,2015-06-30,2016-07-29 14:38:39+00:00,0.01,2.82,0.0,2.82,541000000.0,1329000000.0,1326000000.0,3000000.0,1330000000.0,-1000000.0,7047000000.0,9145000000.0,,94000000.0,25000000.0,228000000.0,7047000000.0,2098000000.0,79000000.0,7000000.0,253000000.0,1845000000.0,22000000.0,1867000000.0,9145000000.0,133000000000.0,472000000.0,472000000.0
LyondellBasell Industries NV,LYB,,1489393,2015.0,Q2YTD,2015-01-01,2015-06-30,,2.43,5.24,,5.23,981000000.0,2493000000.0,2493000000.0,,2496000000.0,-3000000.0,13426000000.0,17330000000.0,,184000000.0,51000000.0,433000000.0,13426000000.0,3904000000.0,148000000.0,18000000.0,484000000.0,3420000000.0,54000000.0,3474000000.0,17330000000.0,133000000000.0,472000000.0,472000000.0
LyondellBasell Industries NV,LYB,,1489393,2015.0,Q2TTM,2014-07-01,2015-06-30,,2.41,9.29,2.1,9.27,1713000000.0,4541000000.0,4549000000.0,-8000000.0,4547000000.0,-6000000.0,32533000000.0,39686000000.0,,333000000.0,112000000.0,838000000.0,32533000000.0,7153000000.0,312000000.0,38000000.0,950000000.0,6203000000.0,59000000.0,6262000000.0,39686000000.0,133000000000.0,472000000.0,472000000.0
LyondellBasell Industries NV,LYB,,1489393,2015.0,Q1,2015-01-01,2015-03-31,2016-04-22 15:18:49+00:00,2.42,2.42,0.0,2.41,440000000.0,1164000000.0,1167000000.0,-3000000.0,1166000000.0,-2000000.0,6379000000.0,8185000000.0,,90000000.0,26000000.0,205000000.0,6379000000.0,1806000000.0,69000000.0,11000000.0,231000000.0,1575000000.0,32000000.0,1607000000.0,8185000000.0,479000000.0,479000000.0,479000000.0
LyondellBasell Industries NV,LYB,,1489393,2015.0,Q1TTM,2014-04-01,2015-03-31,,2.41,8.72,2.1,8.68,1597000000.0,4388000000.0,4396000000.0,-8000000.0,4395000000.0,-7000000.0,35741000000.0,42658000000.0,,313000000.0,121000000.0,825000000.0,35741000000.0,6917000000.0,329000000.0,38000000.0,946000000.0,5971000000.0,22000000.0,5993000000.0,42658000000.0,479000000.0,479000000.0,479000000.0
LyondellBasell Industries NV,LYB,,1489393,2016.0,FY,2016-01-01,2016-12-31,2019-02-21 13:45:56+00:00,9.15,9.15,0.0,9.13,1386000000.0,7673000000.0,3847000000.0,-10000000.0,7672000000.0,1000000.0,23191000000.0,29183000000.0,3836000000.0,478000000.0,99000000.0,833000000.0,23191000000.0,5992000000.0,322000000.0,17000000.0,932000000.0,5060000000.0,173000000.0,5233000000.0,29183000000.0,838500000.0,838500000.0,840300000.0
LyondellBasell Industries NV,LYB,,1489393,2016.0,Q4,2016-10-01,2016-12-31,,1.89,1.9,,1.9,282000000.0,4599000000.0,770000000.0,-7000000.0,4599000000.0,,6420000000.0,7747000000.0,3836000000.0,85000000.0,26000000.0,253000000.0,6420000000.0,1327000000.0,85000000.0,4000000.0,279000000.0,1048000000.0,4000000.0,1052000000.0,7747000000.0,838500000.0,838500000.0,840300000.0
LyondellBasell Industries NV,LYB,,1489393,2016.0,Q3,2016-07-01,2016-09-30,2017-10-27 12:35:22+00:00,2.31,2.3,0.0,2.3,326000000.0,953000000.0,955000000.0,-2000000.0,952000000.0,1000000.0,5903000000.0,7365000000.0,,100000000.0,25000000.0,188000000.0,5903000000.0,1462000000.0,72000000.0,4000000.0,213000000.0,1249000000.0,32000000.0,1281000000.0,7365000000.0,413000000.0,413000000.0,413000000.0
LyondellBasell Industries NV,LYB,,1489393,2016.0,Q3YTD,2016-01-01,2016-09-30,,7.26,7.25,,7.23,1104000000.0,3074000000.0,3077000000.0,-3000000.0,3073000000.0,1000000.0,16771000000.0,21436000000.0,,393000000.0,73000000.0,580000000.0,16771000000.0,4665000000.0,237000000.0,13000000.0,653000000.0,4012000000.0,169000000.0,4181000000.0,21436000000.0,413000000.0,413000000.0,413000000.0
LyondellBasell Industries NV,LYB,,1489393,2016.0,Q3TTM,2015-10-01,2016-09-30,,2.25,9.07,3.04,9.05,1366000000.0,3869000000.0,3874000000.0,-5000000.0,3868000000.0,1000000.0,22563000000.0,28507000000.0,,470000000.0,99000000.0,781000000.0,22563000000.0,5944000000.0,314000000.0,20000000.0,880000000.0,5064000000.0,176000000.0,5240000000.0,28507000000.0,413000000.0,413000000.0,413000000.0
LyondellBasell Industries NV,LYB,,1489393,2016.0,Q2,2016-04-01,2016-06-30,2017-07-28 12:46:29+00:00,2.57,2.57,0.0,2.56,346000000.0,1091000000.0,1092000000.0,-1000000.0,1091000000.0,0.0,5702000000.0,7328000000.0,,114000000.0,24000000.0,199000000.0,5702000000.0,1626000000.0,83000000.0,4000000.0,223000000.0,1403000000.0,35000000.0,1438000000.0,7328000000.0,424000000.0,424000000.0,424000000.0
LyondellBasell Industries NV,LYB,,1489393,2016.0,Q2YTD,2016-01-01,2016-06-30,,4.95,4.95,,4.93,778000000.0,2121000000.0,2122000000.0,-1000000.0,2121000000.0,,10868000000.0,14071000000.0,,293000000.0,48000000.0,392000000.0,10868000000.0,3203000000.0,165000000.0,9000000.0,440000000.0,2763000000.0,137000000.0,2900000000.0,14071000000.0,424000000.0,424000000.0,424000000.0
LyondellBasell Industries NV,LYB,,1489393,2016.0,Q2TTM,2015-07-01,2016-06-30,,2.51,9.33,3.04,9.29,1527000000.0,4102000000.0,4108000000.0,-6000000.0,4101000000.0,1000000.0,23125000000.0,29476000000.0,,473000000.0,99000000.0,787000000.0,23125000000.0,6351000000.0,327000000.0,24000000.0,886000000.0,5465000000.0,170000000.0,5635000000.0,29476000000.0,424000000.0,424000000.0,424000000.0
LyondellBasell Industries NV,LYB,,1489393,2016.0,Q1,2016-01-01,2016-03-31,2017-04-28 14:14:02+00:00,2.38,2.38,0.0,2.37,432000000.0,1030000000.0,1030000000.0,0.0,1030000000.0,0.0,5166000000.0,6743000000.0,,179000000.0,24000000.0,193000000.0,5166000000.0,1577000000.0,82000000.0,5000000.0,217000000.0,1360000000.0,102000000.0,1462000000.0,6743000000.0,433000000.0,433000000.0,433000000.0
LyondellBasell Industries NV,LYB,,1489393,2016.0,Q1TTM,2015-04-01,2016-03-31,,-0.05,9.58,3.04,9.55,1722000000.0,4340000000.0,4342000000.0,-2000000.0,4340000000.0,,24470000000.0,31293000000.0,,453000000.0,100000000.0,816000000.0,24470000000.0,6823000000.0,323000000.0,27000000.0,916000000.0,5907000000.0,157000000.0,6064000000.0,31293000000.0,433000000.0,433000000.0,433000000.0
LyondellBasell Industries NV,LYB,,1489393,2017.0,FY,2017-01-01,2017-12-31,2020-02-20 16:30:38+00:00,12.23,12.23,3.55,12.23,598000000.0,9756000000.0,4895000000.0,-18000000.0,9758000000.0,-2000000.0,28059000000.0,34484000000.0,4879000000.0,500000000.0,106000000.0,859000000.0,28059000000.0,6425000000.0,491000000.0,24000000.0,965000000.0,5460000000.0,33000000.0,5493000000.0,34484000000.0,797900000.0,797900000.0,797900000.0
LyondellBasell Industries NV,LYB,,1489393,2017.0,Q4,2017-10-01,2017-12-31,,12.26,4.76,,4.77,-556000000.0,6773000000.0,1898000000.0,-4000000.0,6773000000.0,,7528000000.0,9135000000.0,4879000000.0,87000000.0,29000000.0,237000000.0,7528000000.0,1607000000.0,95000000.0,9000000.0,266000000.0,1341000000.0,1000000.0,1342000000.0,9135000000.0,797900000.0,797900000.0,797900000.0
LyondellBasell Industries NV,LYB,,1489393,2017.0,Q3,2017-07-01,2017-09-30,2018-10-30 10:41:26+00:00,0.0,2.67,0.0,2.67,380000000.0,1056000000.0,1058000000.0,-2000000.0,1057000000.0,-1000000.0,6939000000.0,8516000000.0,,195000000.0,27000000.0,218000000.0,6939000000.0,1577000000.0,94000000.0,5000000.0,245000000.0,1332000000.0,106000000.0,1438000000.0,8516000000.0,,395000000.0,395000000.0
LyondellBasell Industries NV,LYB,,1489393,2017.0,Q3YTD,2017-01-01,2017-09-30,,-0.03,7.47,,7.46,1154000000.0,2983000000.0,2997000000.0,-14000000.0,2985000000.0,-2000000.0,20531000000.0,25349000000.0,,413000000.0,77000000.0,622000000.0,20531000000.0,4818000000.0,396000000.0,15000000.0,699000000.0,4119000000.0,32000000.0,4151000000.0,25349000000.0,,395000000.0,395000000.0
LyondellBasell Industries NV,LYB,,1489393,2017.0,Q3TTM,2016-10-01,2017-09-30,,1.86,9.37,,9.36,1436000000.0,7582000000.0,3767000000.0,-21000000.0,7584000000.0,-2000000.0,26951000000.0,33096000000.0,3836000000.0,498000000.0,103000000.0,875000000.0,26951000000.0,6145000000.0,481000000.0,19000000.0,978000000.0,5167000000.0,36000000.0,5203000000.0,33096000000.0,,395000000.0,395000000.0
LyondellBasell Industries NV,LYB,,1489393,2017.0,Q2,2017-04-01,2017-06-30,2018-08-03 13:24:47+00:00,-0.01,2.82,0.0,2.81,459000000.0,1130000000.0,1134000000.0,-4000000.0,1131000000.0,-1000000.0,6601000000.0,8403000000.0,,107000000.0,25000000.0,200000000.0,6601000000.0,1802000000.0,95000000.0,4000000.0,225000000.0,1577000000.0,16000000.0,1593000000.0,8403000000.0,-113100000000.0,401000000.0,401000000.0
LyondellBasell Industries NV,LYB,,1489393,2017.0,Q2YTD,2017-01-01,2017-06-30,,-0.03,4.8,,4.79,774000000.0,1927000000.0,1939000000.0,-12000000.0,1928000000.0,-1000000.0,13592000000.0,16833000000.0,,218000000.0,50000000.0,404000000.0,13592000000.0,3241000000.0,302000000.0,10000000.0,454000000.0,2787000000.0,-74000000.0,2713000000.0,16833000000.0,-113100000000.0,401000000.0,401000000.0
LyondellBasell Industries NV,LYB,,1489393,2017.0,Q2TTM,2016-07-01,2017-06-30,,4.17,9.0,,8.99,1382000000.0,7479000000.0,3664000000.0,-21000000.0,7479000000.0,,25915000000.0,31945000000.0,3836000000.0,403000000.0,101000000.0,845000000.0,25915000000.0,6030000000.0,459000000.0,18000000.0,946000000.0,5084000000.0,-38000000.0,5046000000.0,31945000000.0,-113100000000.0,401000000.0,401000000.0
LyondellBasell Industries NV,LYB,,1489393,2017.0,Q1,2017-01-01,2017-03-31,2018-04-27 12:34:08+00:00,-0.02,1.98,0.0,1.98,315000000.0,797000000.0,805000000.0,-8000000.0,797000000.0,0.0,6991000000.0,8430000000.0,,111000000.0,25000000.0,204000000.0,6991000000.0,1439000000.0,207000000.0,6000000.0,229000000.0,1210000000.0,-90000000.0,1120000000.0,8430000000.0,-39850000000.0,403000000.0,403000000.0
LyondellBasell Industries NV,LYB,,1489393,2017.0,Q1TTM,2016-04-01,2017-03-31,,6.75,8.75,,8.74,1269000000.0,7440000000.0,3622000000.0,-18000000.0,7439000000.0,1000000.0,25016000000.0,30870000000.0,3836000000.0,410000000.0,100000000.0,844000000.0,25016000000.0,5854000000.0,447000000.0,18000000.0,944000000.0,4910000000.0,-19000000.0,4891000000.0,30870000000.0,-39850000000.0,403000000.0,403000000.0
LyondellBasell Industries NV,LYB,,1489393,2018.0,FY,2018-01-01,2018-12-31,2020-02-20 16:30:38+00:00,12.04,12.04,4.0,12.01,613000000.0,4690000000.0,4698000000.0,-8000000.0,4690000000.0,0.0,32529000000.0,39004000000.0,,395000000.0,115000000.0,1129000000.0,32529000000.0,6475000000.0,360000000.0,45000000.0,1244000000.0,5231000000.0,80000000.0,5311000000.0,39004000000.0,389500000.0,389500000.0,390500000.0
LyondellBasell Industries NV,LYB,,1489393,2018.0,Q4,2018-10-01,2018-12-31,,8.92,1.83,-1.0,1.83,99000000.0,692000000.0,697000000.0,-5000000.0,692000000.0,,7728000000.0,8876000000.0,,85000000.0,28000000.0,326000000.0,7728000000.0,1148000000.0,88000000.0,5000000.0,354000000.0,794000000.0,2000000.0,796000000.0,8876000000.0,389500000.0,389500000.0,390500000.0
LyondellBasell Industries NV,LYB,,1489393,2018.0,Q3,2018-07-01,2018-09-30,2019-11-01 12:40:04+00:00,0.0,2.86,0.0,2.85,232000000.0,1113000000.0,1115000000.0,-2000000.0,1113000000.0,,8499000000.0,10155000000.0,,106000000.0,30000000.0,309000000.0,8499000000.0,1656000000.0,90000000.0,14000000.0,339000000.0,1317000000.0,30000000.0,1347000000.0,10155000000.0,,389000000.0,389000000.0
LyondellBasell Industries NV,LYB,,1489393,2018.0,Q3YTD,2018-01-01,2018-09-30,,3.12,10.21,1.0,10.18,514000000.0,3998000000.0,4001000000.0,-3000000.0,3998000000.0,,24801000000.0,30128000000.0,,310000000.0,87000000.0,803000000.0,24801000000.0,5327000000.0,272000000.0,40000000.0,890000000.0,4437000000.0,78000000.0,4515000000.0,30128000000.0,,389000000.0,389000000.0
LyondellBasell Industries NV,LYB,,1489393,2018.0,Q3TTM,2017-10-01,2018-09-30,,15.38,14.97,1.0,14.95,-42000000.0,10771000000.0,5899000000.0,-7000000.0,10771000000.0,,32329000000.0,39263000000.0,4879000000.0,397000000.0,116000000.0,1040000000.0,32329000000.0,6934000000.0,367000000.0,49000000.0,1156000000.0,5778000000.0,79000000.0,5857000000.0,39263000000.0,,389000000.0,389000000.0
LyondellBasell Industries NV,LYB,,1489393,2018.0,Q2,2018-04-01,2018-06-30,2019-08-02 13:38:13+00:00,0.0,4.23,0.0,4.22,-21000000.0,1654000000.0,1655000000.0,-1000000.0,1654000000.0,,8290000000.0,10206000000.0,,84000000.0,29000000.0,261000000.0,8290000000.0,1916000000.0,91000000.0,15000000.0,290000000.0,1626000000.0,8000000.0,1634000000.0,10206000000.0,,391000000.0,391000000.0
LyondellBasell Industries NV,LYB,,1489393,2018.0,Q2YTD,2018-01-01,2018-06-30,,3.12,7.35,1.0,7.33,282000000.0,2885000000.0,2886000000.0,-1000000.0,2885000000.0,,16302000000.0,19973000000.0,,204000000.0,57000000.0,494000000.0,16302000000.0,3671000000.0,182000000.0,26000000.0,551000000.0,3120000000.0,48000000.0,3168000000.0,19973000000.0,,391000000.0,391000000.0
LyondellBasell Industries NV,LYB,,1489393,2018.0,Q2TTM,2017-07-01,2018-06-30,,15.38,14.78,1.0,14.77,106000000.0,10714000000.0,5842000000.0,-7000000.0,10715000000.0,-1000000.0,30769000000.0,37624000000.0,4879000000.0,486000000.0,113000000.0,949000000.0,30769000000.0,6855000000.0,371000000.0,40000000.0,1062000000.0,5793000000.0,155000000.0,5948000000.0,37624000000.0,,391000000.0,391000000.0
LyondellBasell Industries NV,LYB,,1489393,2018.0,Q1,2018-01-01,2018-03-31,2019-04-26 12:25:28+00:00,3.12,3.12,1.0,3.11,303000000.0,1231000000.0,1231000000.0,,1231000000.0,,8012000000.0,9767000000.0,,120000000.0,28000000.0,233000000.0,8012000000.0,1755000000.0,91000000.0,11000000.0,261000000.0,1494000000.0,40000000.0,1534000000.0,9767000000.0,394000000.0,394000000.0,394000000.0
LyondellBasell Industries NV,LYB,,1489393,2018.0,Q1TTM,2017-04-01,2018-03-31,,15.37,13.37,1.0,13.36,586000000.0,10190000000.0,5321000000.0,-10000000.0,10192000000.0,-2000000.0,29080000000.0,35821000000.0,4879000000.0,509000000.0,109000000.0,888000000.0,29080000000.0,6741000000.0,375000000.0,29000000.0,997000000.0,5744000000.0,163000000.0,5907000000.0,35821000000.0,394000000.0,394000000.0,394000000.0
LyondellBasell Industries NV,LYB,,1489393,2019.0,Q4,2019-10-01,2019-12-31,,7.42,1.85,4.15,1.84,140000000.0,612000000.0,612000000.0,,612000000.0,,7044000000.0,8179000000.0,,39000000.0,30000000.0,307000000.0,7044000000.0,1135000000.0,88000000.0,3000000.0,337000000.0,798000000.0,-46000000.0,752000000.0,8179000000.0,354200000.0,354200000.0,354600000.0
LyondellBasell Industries NV,LYB,,1489393,2019.0,FY,2019-01-01,2019-12-31,2020-02-20 16:30:38+00:00,9.59,9.59,4.15,9.58,648000000.0,3397000000.0,3404000000.0,-7000000.0,3397000000.0,0.0,29301000000.0,34727000000.0,,264000000.0,111000000.0,1199000000.0,29301000000.0,5426000000.0,347000000.0,19000000.0,1310000000.0,4116000000.0,-64000000.0,4052000000.0,34727000000.0,354200000.0,354200000.0,354600000.0
LyondellBasell Industries NV,LYB,,1489393,2019.0,Q3YTD,2019-01-01,2019-09-30,,2.17,7.74,,7.74,508000000.0,2785000000.0,2792000000.0,-7000000.0,2785000000.0,,22257000000.0,26548000000.0,,225000000.0,81000000.0,892000000.0,22257000000.0,4291000000.0,259000000.0,16000000.0,973000000.0,3318000000.0,-18000000.0,3300000000.0,26548000000.0,-96500000000.0,337000000.0,337000000.0
LyondellBasell Industries NV,LYB,,1489393,2019.0,Q3TTM,2018-10-01,2019-09-30,,11.09,9.57,3.0,9.57,607000000.0,3477000000.0,3489000000.0,-12000000.0,3477000000.0,,29985000000.0,35424000000.0,,310000000.0,109000000.0,1218000000.0,29985000000.0,5439000000.0,347000000.0,21000000.0,1327000000.0,4112000000.0,-16000000.0,4096000000.0,35424000000.0,-96500000000.0,337000000.0,337000000.0
LyondellBasell Industries NV,LYB,,1489393,2019.0,Q3,2019-07-01,2019-09-30,2019-11-01 12:40:04+00:00,-0.01,2.85,0.0,2.85,136000000.0,965000000.0,969000000.0,-4000000.0,965000000.0,,7269000000.0,8722000000.0,,62000000.0,26000000.0,303000000.0,7269000000.0,1453000000.0,86000000.0,5000000.0,329000000.0,1124000000.0,-19000000.0,1105000000.0,8722000000.0,-96500000000.0,337000000.0,337000000.0
LyondellBasell Industries NV,LYB,,1489393,2019.0,Q2YTD,2019-01-01,2019-06-30,,2.18,4.89,,4.89,372000000.0,1820000000.0,1823000000.0,-3000000.0,1820000000.0,,14988000000.0,17826000000.0,,163000000.0,55000000.0,589000000.0,14988000000.0,2838000000.0,173000000.0,11000000.0,644000000.0,2194000000.0,1000000.0,2195000000.0,17826000000.0,-100300000000.0,370000000.0,370000000.0
LyondellBasell Industries NV,LYB,,1489393,2019.0,Q2TTM,2018-07-01,2019-06-30,,11.1,9.58,3.0,9.57,703000000.0,3625000000.0,3635000000.0,-10000000.0,3625000000.0,,31215000000.0,36857000000.0,,354000000.0,113000000.0,1224000000.0,31215000000.0,5642000000.0,351000000.0,30000000.0,1337000000.0,4305000000.0,33000000.0,4338000000.0,36857000000.0,-100300000000.0,370000000.0,370000000.0
LyondellBasell Industries NV,LYB,,1489393,2019.0,Q2,2019-04-01,2019-06-30,2019-08-02 13:38:13+00:00,-0.01,2.7,0.0,2.7,169000000.0,1003000000.0,1006000000.0,-3000000.0,1003000000.0,,7542000000.0,9048000000.0,,74000000.0,27000000.0,302000000.0,7542000000.0,1506000000.0,81000000.0,5000000.0,329000000.0,1177000000.0,-2000000.0,1175000000.0,9048000000.0,-100300000000.0,370000000.0,370000000.0
LyondellBasell Industries NV,LYB,,1489393,2019.0,Q1,2019-01-01,2019-03-31,2020-05-01 13:01:00+00:00,2.19,2.19,1.0,2.19,203000000.0,817000000.0,817000000.0,0.0,817000000.0,,7446000000.0,8778000000.0,,89000000.0,28000000.0,287000000.0,7446000000.0,1332000000.0,92000000.0,6000000.0,315000000.0,1017000000.0,3000000.0,1020000000.0,8778000000.0,373100000.0,373100000.0,373100000.0
LyondellBasell Industries NV,LYB,,1489393,2019.0,Q1TTM,2018-04-01,2019-03-31,,11.11,11.11,3.0,11.09,513000000.0,4276000000.0,4284000000.0,-8000000.0,4276000000.0,,31963000000.0,38015000000.0,,364000000.0,115000000.0,1183000000.0,31963000000.0,6052000000.0,361000000.0,40000000.0,1298000000.0,4754000000.0,43000000.0,4797000000.0,38015000000.0,373100000.0,373100000.0,373100000.0
LyondellBasell Industries NV,LYB,,1489393,2020.0,Q1TTM,2019-04-01,2020-03-31,,7.82,7.82,4.15,7.81,520000000.0,2724000000.0,2730000000.0,-6000000.0,2724000000.0,,28723000000.0,33443000000.0,,175000000.0,110000000.0,1207000000.0,28723000000.0,4720000000.0,344000000.0,16000000.0,1317000000.0,3403000000.0,-153000000.0,3250000000.0,33443000000.0,342900000.0,342900000.0,342900000.0
LyondellBasell Industries NV,LYB,,1489393,2020.0,Q1,2020-01-01,2020-03-31,2020-05-01 13:01:00+00:00,0.42,0.42,1.05,0.42,75000000.0,144000000.0,143000000.0,1000000.0,144000000.0,,6868000000.0,7494000000.0,,0.0,27000000.0,295000000.0,6868000000.0,626000000.0,89000000.0,3000000.0,322000000.0,304000000.0,-86000000.0,218000000.0,7494000000.0,342900000.0,342900000.0,342900000.0
