company_name,company_ticker,company_lei,company_cik,year,quarter,start_date,end_date,filing_date,basicdilutedeps,basiceps,cashdividendspershare,dilutedeps,incometaxexpense,netincome,netincomecontinuing,netincomediscontinued,netincometocommon,netincometononcontrollinginterest,operatingcostofrevenue,operatingrevenue,otherincome,rdexpense,restructuringcharge,sgaexpense,totalcostofrevenue,totalgrossprofit,totalinterestexpense,totalinterestincome,totaloperatingexpenses,totaloperatingincome,totalotherincome,totalpretaxincome,totalrevenue,weightedavebasicdilutedsharesos,weightedavebasicsharesos,weightedavedilutedsharesos
Monsanto Co,MON,NONUZEX43GHIPSVDD938,1110783,2008.0,FY,2007-09-01,2008-08-31,2011-12-01 16:32:32+00:00,3.69,3.69,0.83,3.62,899000000.0,2044000000.0,2027000000.0,17000000.0,2024000000.0,20000000.0,5188000000.0,11365000000.0,-4000000.0,1144000000.0,,2312000000.0,5188000000.0,6177000000.0,110000000.0,319000000.0,3456000000.0,2721000000.0,205000000.0,2926000000.0,11365000000.0,548500000.0,548900000.0,559700000.0
Monsanto Co,MON,NONUZEX43GHIPSVDD938,1110783,2009.0,Q4,2009-06-01,2009-08-31,,-0.46,-0.46,0.53,-0.45,-111000000.0,-240000000.0,-240000000.0,,-250000000.0,10000000.0,1025000000.0,1840000000.0,-23000000.0,287000000.0,361000000.0,461000000.0,1025000000.0,815000000.0,48000000.0,14000000.0,1109000000.0,-294000000.0,-57000000.0,-351000000.0,1840000000.0,547600000.0,547100000.0,555600000.0
Monsanto Co,MON,NONUZEX43GHIPSVDD938,1110783,2009.0,FY,2008-09-01,2009-08-31,2011-12-01 16:46:27+00:00,3.82,3.82,1.04,3.77,813000000.0,2116000000.0,2105000000.0,11000000.0,2092000000.0,24000000.0,4965000000.0,11685000000.0,-85000000.0,1261000000.0,361000000.0,2037000000.0,4965000000.0,6720000000.0,129000000.0,71000000.0,3659000000.0,3061000000.0,-143000000.0,2918000000.0,11685000000.0,547600000.0,547100000.0,555600000.0
Monsanto Co,MON,NONUZEX43GHIPSVDD938,1110783,2009.0,Q3YTD,2008-09-01,2009-05-31,,4.28,4.28,0.51,4.22,924000000.0,2356000000.0,2345000000.0,11000000.0,2342000000.0,14000000.0,3940000000.0,9845000000.0,-62000000.0,974000000.0,,1576000000.0,3940000000.0,5905000000.0,81000000.0,57000000.0,2550000000.0,3355000000.0,-86000000.0,3269000000.0,9845000000.0,546500000.0,546400000.0,554600000.0
Monsanto Co,MON,NONUZEX43GHIPSVDD938,1110783,2009.0,Q3,2009-03-01,2009-05-31,2010-07-02 10:42:39+00:00,1.27,1.27,0.0,1.25,308000000.0,705000000.0,705000000.0,0.0,694000000.0,11000000.0,1327000000.0,3161000000.0,-4000000.0,295000000.0,0.0,504000000.0,1327000000.0,1834000000.0,32000000.0,14000000.0,799000000.0,1035000000.0,-22000000.0,1013000000.0,3161000000.0,546500000.0,546400000.0,554600000.0
Monsanto Co,MON,NONUZEX43GHIPSVDD938,1110783,2009.0,Q2YTD,2008-09-01,2009-02-28,,3.01,3.01,0.51,2.97,616000000.0,1651000000.0,1640000000.0,11000000.0,1648000000.0,3000000.0,2613000000.0,6684000000.0,-58000000.0,679000000.0,,1072000000.0,2613000000.0,4071000000.0,49000000.0,43000000.0,1751000000.0,2320000000.0,-64000000.0,2256000000.0,6684000000.0,546000000.0,547200000.0,555500000.0
Monsanto Co,MON,NONUZEX43GHIPSVDD938,1110783,2009.0,Q2,2008-12-01,2009-02-28,2010-04-08 15:46:38+00:00,2.0,2.0,0.51,1.97,440000000.0,1093000000.0,1092000000.0,1000000.0,1092000000.0,1000000.0,1514000000.0,4035000000.0,-32000000.0,427000000.0,0.0,522000000.0,1514000000.0,2521000000.0,26000000.0,18000000.0,949000000.0,1572000000.0,-40000000.0,1532000000.0,4035000000.0,546000000.0,547200000.0,555500000.0
Monsanto Co,MON,NONUZEX43GHIPSVDD938,1110783,2009.0,Q1,2008-09-01,2008-11-30,2010-01-08 16:16:25+00:00,1.01,1.01,0.0,1.0,176000000.0,558000000.0,548000000.0,10000000.0,556000000.0,2000000.0,1099000000.0,2649000000.0,-26000000.0,252000000.0,0.0,550000000.0,1099000000.0,1550000000.0,23000000.0,25000000.0,802000000.0,748000000.0,-24000000.0,724000000.0,2649000000.0,550500000.0,548800000.0,557600000.0
Monsanto Co,MON,NONUZEX43GHIPSVDD938,1110783,2010.0,Q4,2010-06-01,2010-08-31,,0.37,-0.31,0.55,-0.3,-126000000.0,-168000000.0,-167000000.0,-1000000.0,-172000000.0,4000000.0,1092000000.0,1886000000.0,-10000000.0,357000000.0,132000000.0,554000000.0,1092000000.0,794000000.0,47000000.0,13000000.0,1043000000.0,-249000000.0,-44000000.0,-293000000.0,1886000000.0,542600000.0,543700000.0,550800000.0
Monsanto Co,MON,NONUZEX43GHIPSVDD938,1110783,2010.0,FY,2009-09-01,2010-08-31,2012-10-19 15:18:12+00:00,2.02,2.02,1.08,1.99,379000000.0,1115000000.0,1111000000.0,4000000.0,1096000000.0,19000000.0,5416000000.0,10483000000.0,-7000000.0,1205000000.0,210000000.0,2049000000.0,5416000000.0,5067000000.0,162000000.0,56000000.0,3464000000.0,1603000000.0,-113000000.0,1490000000.0,10483000000.0,542600000.0,543700000.0,550800000.0
Monsanto Co,MON,NONUZEX43GHIPSVDD938,1110783,2010.0,Q3,2010-03-01,2010-05-31,2011-11-14 11:46:06+00:00,0.03,0.74,,0.73,165000000.0,416000000.0,416000000.0,,403000000.0,13000000.0,1575000000.0,3003000000.0,-7000000.0,302000000.0,34000000.0,487000000.0,1575000000.0,1428000000.0,35000000.0,18000000.0,823000000.0,605000000.0,-24000000.0,581000000.0,3003000000.0,13433300000.0,543200000.0,549900000.0
Monsanto Co,MON,NONUZEX43GHIPSVDD938,1110783,2010.0,Q3YTD,2009-09-01,2010-05-31,,1.65,2.33,0.53,2.29,505000000.0,1283000000.0,1278000000.0,5000000.0,1268000000.0,15000000.0,4324000000.0,8597000000.0,3000000.0,848000000.0,78000000.0,1495000000.0,4324000000.0,4273000000.0,115000000.0,43000000.0,2421000000.0,1852000000.0,-69000000.0,1783000000.0,8597000000.0,13433300000.0,543200000.0,549900000.0
Monsanto Co,MON,NONUZEX43GHIPSVDD938,1110783,2010.0,Q3TTM,2009-06-01,2010-05-31,,1.19,1.87,1.06,1.84,394000000.0,1043000000.0,1038000000.0,5000000.0,1018000000.0,25000000.0,5349000000.0,10437000000.0,-20000000.0,1135000000.0,439000000.0,1956000000.0,5349000000.0,5088000000.0,163000000.0,57000000.0,3530000000.0,1558000000.0,-126000000.0,1432000000.0,10437000000.0,13433300000.0,543200000.0,549900000.0
Monsanto Co,MON,NONUZEX43GHIPSVDD938,1110783,2010.0,Q2,2009-12-01,2010-02-28,2011-04-07 16:58:30+00:00,1.63,1.63,0.53,1.6,360000000.0,889000000.0,889000000.0,,887000000.0,2000000.0,1791000000.0,3890000000.0,-2000000.0,279000000.0,30000000.0,512000000.0,1791000000.0,2099000000.0,41000000.0,14000000.0,821000000.0,1278000000.0,-29000000.0,1249000000.0,3890000000.0,544200000.0,545800000.0,553400000.0
Monsanto Co,MON,NONUZEX43GHIPSVDD938,1110783,2010.0,Q2YTD,2009-09-01,2010-02-28,,1.62,1.59,0.53,1.56,340000000.0,867000000.0,862000000.0,5000000.0,865000000.0,2000000.0,2749000000.0,5594000000.0,10000000.0,546000000.0,44000000.0,1008000000.0,2749000000.0,2845000000.0,80000000.0,25000000.0,1598000000.0,1247000000.0,-45000000.0,1202000000.0,5594000000.0,544200000.0,545800000.0,553400000.0
Monsanto Co,MON,NONUZEX43GHIPSVDD938,1110783,2010.0,Q2TTM,2009-03-01,2010-02-28,,2.43,2.4,1.06,2.36,537000000.0,1332000000.0,1327000000.0,5000000.0,1309000000.0,23000000.0,5101000000.0,10595000000.0,-17000000.0,1128000000.0,405000000.0,1973000000.0,5101000000.0,5494000000.0,160000000.0,53000000.0,3506000000.0,1988000000.0,-124000000.0,1864000000.0,10595000000.0,544200000.0,545800000.0,553400000.0
Monsanto Co,MON,NONUZEX43GHIPSVDD938,1110783,2010.0,Q1TTM,2008-12-01,2009-11-30,,2.8,2.77,1.04,2.73,617000000.0,1536000000.0,1530000000.0,6000000.0,1514000000.0,22000000.0,4824000000.0,10740000000.0,-47000000.0,1276000000.0,375000000.0,1983000000.0,4824000000.0,5916000000.0,145000000.0,57000000.0,3634000000.0,2282000000.0,-135000000.0,2147000000.0,10740000000.0,2200000000.0,545600000.0,545600000.0
Monsanto Co,MON,NONUZEX43GHIPSVDD938,1110783,2010.0,Q1,2009-09-01,2009-11-30,2011-11-14 11:32:54+00:00,-0.01,-0.04,,-0.04,-20000000.0,-22000000.0,-27000000.0,5000000.0,-22000000.0,,958000000.0,1704000000.0,12000000.0,267000000.0,14000000.0,496000000.0,958000000.0,746000000.0,39000000.0,11000000.0,777000000.0,-31000000.0,-16000000.0,-47000000.0,1704000000.0,2200000000.0,545600000.0,545600000.0
Monsanto Co,MON,NONUZEX43GHIPSVDD938,1110783,2011.0,Q4,2011-06-01,2011-08-31,,-0.21,-0.21,0.58,-0.22,3000000.0,-98000000.0,-97000000.0,-1000000.0,-112000000.0,14000000.0,1275000000.0,2247000000.0,-2000000.0,403000000.0,-8000000.0,647000000.0,1275000000.0,972000000.0,45000000.0,23000000.0,1042000000.0,-70000000.0,-24000000.0,-94000000.0,2247000000.0,535700000.0,536500000.0,542400000.0
Monsanto Co,MON,NONUZEX43GHIPSVDD938,1110783,2011.0,FY,2010-09-01,2011-08-31,2013-10-23 13:19:23+00:00,3.0,3.0,1.14,2.96,717000000.0,1659000000.0,1657000000.0,2000000.0,1607000000.0,52000000.0,5743000000.0,11822000000.0,-40000000.0,1386000000.0,1000000.0,2190000000.0,5743000000.0,6079000000.0,162000000.0,74000000.0,3577000000.0,2502000000.0,-128000000.0,2374000000.0,11822000000.0,535700000.0,536500000.0,542400000.0
Monsanto Co,MON,NONUZEX43GHIPSVDD938,1110783,2011.0,Q3,2011-03-01,2011-05-31,2012-06-29 11:45:52+00:00,1.29,1.29,,1.28,276000000.0,712000000.0,712000000.0,,692000000.0,20000000.0,1635000000.0,3608000000.0,-15000000.0,360000000.0,1000000.0,591000000.0,1635000000.0,1973000000.0,35000000.0,17000000.0,952000000.0,1021000000.0,-33000000.0,988000000.0,3608000000.0,536400000.0,535500000.0,541200000.0
Monsanto Co,MON,NONUZEX43GHIPSVDD938,1110783,2011.0,Q3YTD,2010-09-01,2011-05-31,,3.21,3.21,0.56,3.18,714000000.0,1757000000.0,1754000000.0,3000000.0,1719000000.0,38000000.0,4468000000.0,9575000000.0,-38000000.0,983000000.0,9000000.0,1543000000.0,4468000000.0,5107000000.0,117000000.0,51000000.0,2535000000.0,2572000000.0,-104000000.0,2468000000.0,9575000000.0,536400000.0,535500000.0,541200000.0
Monsanto Co,MON,NONUZEX43GHIPSVDD938,1110783,2011.0,Q3TTM,2010-06-01,2011-05-31,,3.58,2.9,1.11,2.88,588000000.0,1589000000.0,1587000000.0,2000000.0,1547000000.0,42000000.0,5560000000.0,11461000000.0,-48000000.0,1340000000.0,141000000.0,2097000000.0,5560000000.0,5901000000.0,164000000.0,64000000.0,3578000000.0,2323000000.0,-148000000.0,2175000000.0,11461000000.0,536400000.0,535500000.0,541200000.0
Monsanto Co,MON,NONUZEX43GHIPSVDD938,1110783,2011.0,Q2YTD,2010-09-01,2011-02-28,,1.92,1.92,0.56,1.9,438000000.0,1045000000.0,1042000000.0,3000000.0,1027000000.0,18000000.0,2833000000.0,5967000000.0,-23000000.0,623000000.0,8000000.0,952000000.0,2833000000.0,3134000000.0,82000000.0,34000000.0,1583000000.0,1551000000.0,-71000000.0,1480000000.0,5967000000.0,535800000.0,536300000.0,542400000.0
Monsanto Co,MON,NONUZEX43GHIPSVDD938,1110783,2011.0,Q2TTM,2010-03-01,2011-02-28,,2.32,2.35,1.11,2.33,477000000.0,1293000000.0,1291000000.0,2000000.0,1258000000.0,35000000.0,5500000000.0,10856000000.0,-40000000.0,1282000000.0,174000000.0,1993000000.0,5500000000.0,5356000000.0,164000000.0,65000000.0,3449000000.0,1907000000.0,-139000000.0,1768000000.0,10856000000.0,535800000.0,536300000.0,542400000.0
Monsanto Co,MON,NONUZEX43GHIPSVDD938,1110783,2011.0,Q2,2010-12-01,2011-02-28,2012-04-05 12:23:11+00:00,1.9,1.9,0.56,1.88,429000000.0,1030000000.0,1027000000.0,3000000.0,1018000000.0,12000000.0,1821000000.0,4131000000.0,-11000000.0,320000000.0,1000000.0,502000000.0,1821000000.0,2310000000.0,39000000.0,19000000.0,823000000.0,1487000000.0,-31000000.0,1456000000.0,4131000000.0,535800000.0,536300000.0,542400000.0
Monsanto Co,MON,NONUZEX43GHIPSVDD938,1110783,2011.0,Q1,2010-09-01,2010-11-30,2012-01-06 12:45:46+00:00,0.02,0.02,,0.02,9000000.0,15000000.0,15000000.0,,9000000.0,6000000.0,1012000000.0,1836000000.0,-12000000.0,303000000.0,7000000.0,450000000.0,1012000000.0,824000000.0,43000000.0,15000000.0,760000000.0,64000000.0,-40000000.0,24000000.0,1836000000.0,450000000.0,538600000.0,544500000.0
Monsanto Co,MON,NONUZEX43GHIPSVDD938,1110783,2011.0,Q1TTM,2009-12-01,2010-11-30,,2.05,2.08,1.08,2.05,408000000.0,1152000000.0,1153000000.0,-1000000.0,1127000000.0,25000000.0,5470000000.0,10615000000.0,-31000000.0,1241000000.0,203000000.0,2003000000.0,5470000000.0,5145000000.0,166000000.0,60000000.0,3447000000.0,1698000000.0,-137000000.0,1561000000.0,10615000000.0,450000000.0,538600000.0,544500000.0
Monsanto Co,MON,NONUZEX43GHIPSVDD938,1110783,2012.0,Q4,2012-06-01,2012-08-31,,-0.44,-0.44,0.68,-0.42,-70000000.0,-219000000.0,-220000000.0,1000000.0,-229000000.0,10000000.0,1217000000.0,2098000000.0,,438000000.0,,699000000.0,1217000000.0,881000000.0,52000000.0,18000000.0,1137000000.0,-256000000.0,-34000000.0,-290000000.0,2098000000.0,533900000.0,534100000.0,540200000.0
Monsanto Co,MON,NONUZEX43GHIPSVDD938,1110783,2012.0,FY,2011-09-01,2012-08-31,2014-10-29 12:41:48+00:00,3.83,3.83,1.28,3.79,901000000.0,2093000000.0,2087000000.0,6000000.0,2045000000.0,48000000.0,6459000000.0,13504000000.0,-46000000.0,1517000000.0,,2380000000.0,6459000000.0,7045000000.0,191000000.0,77000000.0,3897000000.0,3148000000.0,-160000000.0,2988000000.0,13504000000.0,533900000.0,534100000.0,540200000.0
Monsanto Co,MON,NONUZEX43GHIPSVDD938,1110783,2012.0,Q3YTD,2011-09-01,2012-05-31,,4.27,4.27,0.6,4.21,971000000.0,2312000000.0,2307000000.0,5000000.0,2274000000.0,38000000.0,5242000000.0,11406000000.0,-46000000.0,1079000000.0,,1681000000.0,5242000000.0,6164000000.0,139000000.0,59000000.0,2760000000.0,3404000000.0,-126000000.0,3278000000.0,11406000000.0,532400000.0,532900000.0,538800000.0
Monsanto Co,MON,NONUZEX43GHIPSVDD938,1110783,2012.0,Q3TTM,2011-06-01,2012-05-31,,4.06,4.06,1.18,3.99,974000000.0,2214000000.0,2210000000.0,4000000.0,2162000000.0,52000000.0,6517000000.0,13653000000.0,-48000000.0,1482000000.0,-8000000.0,2328000000.0,6517000000.0,7136000000.0,184000000.0,82000000.0,3802000000.0,3334000000.0,-150000000.0,3184000000.0,13653000000.0,532400000.0,532900000.0,538800000.0
Monsanto Co,MON,NONUZEX43GHIPSVDD938,1110783,2012.0,Q3,2012-03-01,2012-05-31,2013-06-27 15:44:43+00:00,1.76,1.76,0.0,1.74,361000000.0,966000000.0,968000000.0,-2000000.0,937000000.0,29000000.0,1856000000.0,4219000000.0,-3000000.0,375000000.0,,638000000.0,1856000000.0,2363000000.0,39000000.0,21000000.0,1013000000.0,1350000000.0,-21000000.0,1329000000.0,4219000000.0,532400000.0,532900000.0,538800000.0
Monsanto Co,MON,NONUZEX43GHIPSVDD938,1110783,2012.0,Q2YTD,2011-09-01,2012-02-29,,2.51,2.51,0.6,2.47,610000000.0,1346000000.0,1339000000.0,7000000.0,1337000000.0,9000000.0,3386000000.0,7187000000.0,-43000000.0,704000000.0,,1043000000.0,3386000000.0,3801000000.0,100000000.0,38000000.0,1747000000.0,2054000000.0,-105000000.0,1949000000.0,7187000000.0,533500000.0,534400000.0,540500000.0
Monsanto Co,MON,NONUZEX43GHIPSVDD938,1110783,2012.0,Q2TTM,2011-03-01,2012-02-29,,3.59,3.59,1.18,3.53,889000000.0,1960000000.0,1954000000.0,6000000.0,1917000000.0,43000000.0,6296000000.0,13042000000.0,-60000000.0,1467000000.0,-7000000.0,2281000000.0,6296000000.0,6746000000.0,180000000.0,78000000.0,3741000000.0,3005000000.0,-162000000.0,2843000000.0,13042000000.0,533500000.0,534400000.0,540500000.0
Monsanto Co,MON,NONUZEX43GHIPSVDD938,1110783,2012.0,Q2,2011-12-01,2012-02-29,2013-04-04 17:25:08+00:00,2.27,2.27,0.6,2.24,540000000.0,1212000000.0,1205000000.0,7000000.0,1211000000.0,1000000.0,2043000000.0,4748000000.0,-37000000.0,353000000.0,,543000000.0,2043000000.0,2705000000.0,47000000.0,20000000.0,896000000.0,1809000000.0,-64000000.0,1745000000.0,4748000000.0,533500000.0,534400000.0,540500000.0
Monsanto Co,MON,NONUZEX43GHIPSVDD938,1110783,2012.0,Q1TTM,2010-12-01,2011-11-30,,3.22,3.22,1.14,3.17,778000000.0,1778000000.0,1776000000.0,2000000.0,1724000000.0,54000000.0,6074000000.0,12425000000.0,-34000000.0,1434000000.0,-6000000.0,2240000000.0,6074000000.0,6351000000.0,172000000.0,77000000.0,3668000000.0,2683000000.0,-129000000.0,2554000000.0,12425000000.0,525000000.0,535400000.0,541400000.0
Monsanto Co,MON,NONUZEX43GHIPSVDD938,1110783,2012.0,Q1,2011-09-01,2011-11-30,2013-01-08 16:21:03+00:00,0.24,0.24,,0.23,70000000.0,134000000.0,134000000.0,,126000000.0,8000000.0,1343000000.0,2439000000.0,-6000000.0,351000000.0,,500000000.0,1343000000.0,1096000000.0,53000000.0,18000000.0,851000000.0,245000000.0,-41000000.0,204000000.0,2439000000.0,525000000.0,535400000.0,541400000.0
Monsanto Co,MON,NONUZEX43GHIPSVDD938,1110783,2013.0,FY,2012-09-01,2013-08-31,2015-10-29 11:40:47+00:00,4.65,4.65,1.56,4.6,915000000.0,2525000000.0,2514000000.0,11000000.0,2482000000.0,43000000.0,7208000000.0,14861000000.0,-61000000.0,1533000000.0,0.0,2550000000.0,7208000000.0,7653000000.0,172000000.0,92000000.0,4083000000.0,3570000000.0,-141000000.0,3429000000.0,14861000000.0,533800000.0,533700000.0,539700000.0
Monsanto Co,MON,NONUZEX43GHIPSVDD938,1110783,2013.0,Q4,2013-06-01,2013-08-31,,-0.46,-0.46,0.81,-0.45,-102000000.0,-239000000.0,-239000000.0,,-249000000.0,10000000.0,1278000000.0,2202000000.0,-26000000.0,435000000.0,,778000000.0,1278000000.0,924000000.0,49000000.0,23000000.0,1213000000.0,-289000000.0,-52000000.0,-341000000.0,2202000000.0,533800000.0,533700000.0,539700000.0
Monsanto Co,MON,NONUZEX43GHIPSVDD938,1110783,2013.0,Q3YTD,2012-09-01,2013-05-31,,5.11,5.11,0.75,5.05,1017000000.0,2764000000.0,2753000000.0,11000000.0,2731000000.0,33000000.0,5930000000.0,12659000000.0,-35000000.0,1098000000.0,,1772000000.0,5930000000.0,6729000000.0,123000000.0,69000000.0,2870000000.0,3859000000.0,-89000000.0,3770000000.0,12659000000.0,534700000.0,534100000.0,540000000.0
Monsanto Co,MON,NONUZEX43GHIPSVDD938,1110783,2013.0,Q3TTM,2012-06-01,2013-05-31,,4.67,4.67,1.43,4.63,947000000.0,2545000000.0,2533000000.0,12000000.0,2502000000.0,43000000.0,7147000000.0,14757000000.0,-35000000.0,1536000000.0,,2471000000.0,7147000000.0,7610000000.0,175000000.0,87000000.0,4007000000.0,3603000000.0,-123000000.0,3480000000.0,14757000000.0,534700000.0,534100000.0,540000000.0
Monsanto Co,MON,NONUZEX43GHIPSVDD938,1110783,2013.0,Q3,2013-03-01,2013-05-31,2014-06-25 12:01:34+00:00,1.7,1.7,0.0,1.68,292000000.0,932000000.0,932000000.0,0.0,909000000.0,23000000.0,1986000000.0,4248000000.0,4000000.0,392000000.0,,632000000.0,1986000000.0,2262000000.0,37000000.0,19000000.0,1024000000.0,1238000000.0,-14000000.0,1224000000.0,4248000000.0,534700000.0,534100000.0,540000000.0
Monsanto Co,MON,NONUZEX43GHIPSVDD938,1110783,2013.0,Q2YTD,2012-09-01,2013-02-28,,3.41,3.41,0.75,3.37,725000000.0,1832000000.0,1821000000.0,11000000.0,1822000000.0,10000000.0,3944000000.0,8411000000.0,-39000000.0,706000000.0,,1140000000.0,3944000000.0,4467000000.0,86000000.0,50000000.0,1846000000.0,2621000000.0,-75000000.0,2546000000.0,8411000000.0,533500000.0,534800000.0,540900000.0
Monsanto Co,MON,NONUZEX43GHIPSVDD938,1110783,2013.0,Q2TTM,2012-03-01,2013-02-28,,4.73,4.73,1.43,4.69,1016000000.0,2579000000.0,2569000000.0,10000000.0,2530000000.0,49000000.0,7017000000.0,14728000000.0,-42000000.0,1519000000.0,,2477000000.0,7017000000.0,7711000000.0,177000000.0,89000000.0,3996000000.0,3715000000.0,-130000000.0,3585000000.0,14728000000.0,533500000.0,534800000.0,540900000.0
Monsanto Co,MON,NONUZEX43GHIPSVDD938,1110783,2013.0,Q2,2012-12-01,2013-02-28,2014-04-03 14:34:08+00:00,2.78,2.78,0.75,2.74,603000000.0,1483000000.0,1479000000.0,4000000.0,1483000000.0,0.0,2402000000.0,5472000000.0,-22000000.0,360000000.0,,598000000.0,2402000000.0,3070000000.0,35000000.0,27000000.0,958000000.0,2112000000.0,-30000000.0,2082000000.0,5472000000.0,533500000.0,534800000.0,540900000.0
Monsanto Co,MON,NONUZEX43GHIPSVDD938,1110783,2013.0,Q1TTM,2011-12-01,2012-11-30,,4.22,4.22,1.28,4.19,953000000.0,2308000000.0,2295000000.0,13000000.0,2258000000.0,50000000.0,6658000000.0,14004000000.0,-57000000.0,1512000000.0,,2422000000.0,6658000000.0,7346000000.0,189000000.0,82000000.0,3934000000.0,3412000000.0,-164000000.0,3248000000.0,14004000000.0,538100000.0,534800000.0,540400000.0
Monsanto Co,MON,NONUZEX43GHIPSVDD938,1110783,2013.0,Q1,2012-09-01,2012-11-30,2014-01-08 16:34:40+00:00,0.63,0.63,0.0,0.63,122000000.0,349000000.0,342000000.0,7000000.0,339000000.0,10000000.0,1542000000.0,2939000000.0,-17000000.0,346000000.0,,542000000.0,1542000000.0,1397000000.0,51000000.0,23000000.0,888000000.0,509000000.0,-45000000.0,464000000.0,2939000000.0,538100000.0,534800000.0,540400000.0
Monsanto Co,MON,NONUZEX43GHIPSVDD938,1110783,2014.0,FY,2013-09-01,2014-08-31,2016-10-19 16:31:54+00:00,5.28,5.28,1.78,5.22,1078000000.0,2762000000.0,2749000000.0,13000000.0,2740000000.0,22000000.0,7281000000.0,15855000000.0,-102000000.0,1725000000.0,0.0,2774000000.0,7281000000.0,8574000000.0,248000000.0,102000000.0,4499000000.0,4075000000.0,-248000000.0,3827000000.0,15855000000.0,518900000.0,519300000.0,524900000.0
Monsanto Co,MON,NONUZEX43GHIPSVDD938,1110783,2014.0,Q4,2014-06-01,2014-08-31,,-0.24,-0.24,0.92,-0.24,-87000000.0,-163000000.0,-163000000.0,,-156000000.0,-7000000.0,1397000000.0,2630000000.0,-18000000.0,485000000.0,,905000000.0,1397000000.0,1233000000.0,113000000.0,38000000.0,1390000000.0,-157000000.0,-93000000.0,-250000000.0,2630000000.0,518900000.0,519300000.0,524900000.0
Monsanto Co,MON,NONUZEX43GHIPSVDD938,1110783,2014.0,Q3YTD,2013-09-01,2014-05-31,,5.52,5.52,0.86,5.46,1165000000.0,2925000000.0,2912000000.0,13000000.0,2896000000.0,29000000.0,5884000000.0,13225000000.0,-84000000.0,1240000000.0,,1869000000.0,5884000000.0,7341000000.0,135000000.0,64000000.0,3109000000.0,4232000000.0,-155000000.0,4077000000.0,13225000000.0,523200000.0,524300000.0,529800000.0
Monsanto Co,MON,NONUZEX43GHIPSVDD938,1110783,2014.0,Q3TTM,2013-06-01,2014-05-31,,5.06,5.06,1.67,5.01,1063000000.0,2686000000.0,2673000000.0,13000000.0,2647000000.0,39000000.0,7162000000.0,15427000000.0,-110000000.0,1675000000.0,,2647000000.0,7162000000.0,8265000000.0,184000000.0,87000000.0,4322000000.0,3943000000.0,-207000000.0,3736000000.0,15427000000.0,523200000.0,524300000.0,529800000.0
Monsanto Co,MON,NONUZEX43GHIPSVDD938,1110783,2014.0,Q3,2014-03-01,2014-05-31,2015-06-25 16:00:02+00:00,1.64,1.64,0.0,1.62,341000000.0,880000000.0,880000000.0,0.0,858000000.0,22000000.0,1919000000.0,4250000000.0,-3000000.0,427000000.0,,655000000.0,1919000000.0,2331000000.0,42000000.0,17000000.0,1082000000.0,1249000000.0,-28000000.0,1221000000.0,4250000000.0,523200000.0,524300000.0,529800000.0
Monsanto Co,MON,NONUZEX43GHIPSVDD938,1110783,2014.0,Q2YTD,2013-09-01,2014-02-28,,3.88,3.88,0.86,3.84,824000000.0,2045000000.0,2032000000.0,13000000.0,2038000000.0,7000000.0,3965000000.0,8975000000.0,-81000000.0,813000000.0,,1214000000.0,3965000000.0,5010000000.0,93000000.0,47000000.0,2027000000.0,2983000000.0,-127000000.0,2856000000.0,8975000000.0,525200000.0,524800000.0,530300000.0
Monsanto Co,MON,NONUZEX43GHIPSVDD938,1110783,2014.0,Q2TTM,2013-03-01,2014-02-28,,5.12,5.12,1.67,5.07,1014000000.0,2738000000.0,2725000000.0,13000000.0,2698000000.0,40000000.0,7229000000.0,15425000000.0,-103000000.0,1640000000.0,,2624000000.0,7229000000.0,8196000000.0,179000000.0,89000000.0,4264000000.0,3932000000.0,-193000000.0,3739000000.0,15425000000.0,525200000.0,524800000.0,530300000.0
Monsanto Co,MON,NONUZEX43GHIPSVDD938,1110783,2014.0,Q2,2013-12-01,2014-02-28,2015-04-02 16:16:16+00:00,3.18,3.18,0.86,3.15,672000000.0,1672000000.0,1668000000.0,4000000.0,1670000000.0,2000000.0,2385000000.0,5832000000.0,-61000000.0,404000000.0,,625000000.0,2385000000.0,3447000000.0,40000000.0,23000000.0,1029000000.0,2418000000.0,-78000000.0,2340000000.0,5832000000.0,525200000.0,524800000.0,530300000.0
Monsanto Co,MON,NONUZEX43GHIPSVDD938,1110783,2014.0,Q1TTM,2012-12-01,2013-11-30,,4.72,4.72,1.56,4.66,945000000.0,2549000000.0,2536000000.0,13000000.0,2511000000.0,38000000.0,7246000000.0,15065000000.0,-64000000.0,1596000000.0,,2597000000.0,7246000000.0,7819000000.0,174000000.0,93000000.0,4193000000.0,3626000000.0,-145000000.0,3481000000.0,15065000000.0,525700000.0,526900000.0,532600000.0
Monsanto Co,MON,NONUZEX43GHIPSVDD938,1110783,2014.0,Q1,2013-09-01,2013-11-30,2015-01-08 15:28:52+00:00,0.7,0.7,0.0,0.69,152000000.0,373000000.0,364000000.0,9000000.0,368000000.0,5000000.0,1580000000.0,3143000000.0,-20000000.0,409000000.0,,589000000.0,1580000000.0,1563000000.0,53000000.0,24000000.0,998000000.0,565000000.0,-49000000.0,516000000.0,3143000000.0,525700000.0,526900000.0,532600000.0
Monsanto Co,MON,NONUZEX43GHIPSVDD938,1110783,2015.0,FY,2014-09-01,2015-08-31,2017-10-27 14:29:39+00:00,4.85,4.85,2.01,4.81,864000000.0,2325000000.0,2297000000.0,28000000.0,2314000000.0,11000000.0,6819000000.0,15001000000.0,-34000000.0,1580000000.0,393000000.0,2686000000.0,6819000000.0,8182000000.0,433000000.0,105000000.0,4659000000.0,3523000000.0,-362000000.0,3161000000.0,15001000000.0,477100000.0,476900000.0,481400000.0
Monsanto Co,MON,NONUZEX43GHIPSVDD938,1110783,2015.0,Q4,2015-06-01,2015-08-31,,-1.01,-1.01,1.03,-1.0,-187000000.0,-492000000.0,-497000000.0,5000000.0,-495000000.0,3000000.0,1359000000.0,2355000000.0,-15000000.0,422000000.0,393000000.0,741000000.0,1359000000.0,996000000.0,130000000.0,21000000.0,1556000000.0,-560000000.0,-124000000.0,-684000000.0,2355000000.0,477100000.0,476900000.0,481400000.0
Monsanto Co,MON,NONUZEX43GHIPSVDD938,1110783,2015.0,Q3,2015-03-01,2015-05-31,2016-06-30 15:47:31+00:00,2.41,2.41,0.0,2.39,401000000.0,1155000000.0,1155000000.0,0.0,1141000000.0,14000000.0,1843000000.0,4579000000.0,-10000000.0,374000000.0,0.0,718000000.0,1843000000.0,2736000000.0,96000000.0,18000000.0,1092000000.0,1644000000.0,-88000000.0,1556000000.0,4579000000.0,473400000.0,472800000.0,477200000.0
Monsanto Co,MON,NONUZEX43GHIPSVDD938,1110783,2015.0,Q3YTD,2014-09-01,2015-05-31,,5.86,5.86,0.98,5.81,1051000000.0,2817000000.0,2794000000.0,23000000.0,2809000000.0,8000000.0,5460000000.0,12646000000.0,-19000000.0,1158000000.0,,1945000000.0,5460000000.0,7186000000.0,303000000.0,84000000.0,3103000000.0,4083000000.0,-238000000.0,3845000000.0,12646000000.0,473400000.0,472800000.0,477200000.0
Monsanto Co,MON,NONUZEX43GHIPSVDD938,1110783,2015.0,Q3TTM,2014-06-01,2015-05-31,,5.62,5.62,1.9,5.57,964000000.0,2654000000.0,2631000000.0,23000000.0,2653000000.0,1000000.0,6857000000.0,15276000000.0,-37000000.0,1643000000.0,,2850000000.0,6857000000.0,8419000000.0,416000000.0,122000000.0,4493000000.0,3926000000.0,-331000000.0,3595000000.0,15276000000.0,473400000.0,472800000.0,477200000.0
Monsanto Co,MON,NONUZEX43GHIPSVDD938,1110783,2015.0,Q2,2014-12-01,2015-02-28,2016-04-07 14:41:36+00:00,2.95,2.95,0.98,2.92,550000000.0,1419000000.0,1412000000.0,7000000.0,1425000000.0,-6000000.0,2158000000.0,5197000000.0,6000000.0,372000000.0,0.0,647000000.0,2158000000.0,3039000000.0,92000000.0,28000000.0,1019000000.0,2020000000.0,-58000000.0,1962000000.0,5197000000.0,483100000.0,483400000.0,488100000.0
Monsanto Co,MON,NONUZEX43GHIPSVDD938,1110783,2015.0,Q2YTD,2014-09-01,2015-02-28,,3.45,3.45,0.98,3.42,650000000.0,1662000000.0,1639000000.0,23000000.0,1668000000.0,-6000000.0,3617000000.0,8067000000.0,-9000000.0,784000000.0,,1227000000.0,3617000000.0,4450000000.0,207000000.0,66000000.0,2011000000.0,2439000000.0,-150000000.0,2289000000.0,8067000000.0,483100000.0,483400000.0,488100000.0
Monsanto Co,MON,NONUZEX43GHIPSVDD938,1110783,2015.0,Q2TTM,2014-03-01,2015-02-28,,4.85,4.85,1.9,4.8,904000000.0,2379000000.0,2356000000.0,23000000.0,2370000000.0,9000000.0,6933000000.0,14947000000.0,-30000000.0,1696000000.0,,2787000000.0,6933000000.0,8014000000.0,362000000.0,121000000.0,4483000000.0,3531000000.0,-271000000.0,3260000000.0,14947000000.0,483100000.0,483400000.0,488100000.0
Monsanto Co,MON,NONUZEX43GHIPSVDD938,1110783,2015.0,Q1,2014-09-01,2014-11-30,2016-01-07 16:07:11+00:00,0.5,0.5,0.0,0.5,100000000.0,243000000.0,227000000.0,16000000.0,243000000.0,0.0,1459000000.0,2870000000.0,-15000000.0,412000000.0,0.0,580000000.0,1459000000.0,1411000000.0,115000000.0,38000000.0,992000000.0,419000000.0,-92000000.0,327000000.0,2870000000.0,486000000.0,484400000.0,489400000.0
Monsanto Co,MON,NONUZEX43GHIPSVDD938,1110783,2015.0,Q1TTM,2013-12-01,2014-11-30,,5.08,5.08,1.78,5.03,1026000000.0,2632000000.0,2612000000.0,20000000.0,2615000000.0,17000000.0,7160000000.0,15582000000.0,-97000000.0,1728000000.0,,2765000000.0,7160000000.0,8422000000.0,310000000.0,116000000.0,4493000000.0,3929000000.0,-291000000.0,3638000000.0,15582000000.0,486000000.0,484400000.0,489400000.0
Monsanto Co,MON,NONUZEX43GHIPSVDD938,1110783,2016.0,FY,2015-09-01,2016-08-31,2017-10-27 14:29:39+00:00,3.02,3.02,2.16,2.99,695000000.0,1313000000.0,1296000000.0,17000000.0,1336000000.0,-23000000.0,6485000000.0,13502000000.0,-22000000.0,1512000000.0,297000000.0,2833000000.0,6485000000.0,7017000000.0,436000000.0,74000000.0,4642000000.0,2375000000.0,-384000000.0,1991000000.0,13502000000.0,442400000.0,442700000.0,447100000.0
Monsanto Co,MON,NONUZEX43GHIPSVDD938,1110783,2016.0,Q4,2016-06-01,2016-08-31,,-0.48,-0.48,1.08,-0.49,-1000000.0,-205000000.0,-207000000.0,3000000.0,-191000000.0,-14000000.0,1424000000.0,2562000000.0,138000000.0,421000000.0,7000000.0,975000000.0,1424000000.0,1138000000.0,104000000.0,23000000.0,1403000000.0,-265000000.0,57000000.0,-208000000.0,2562000000.0,442400000.0,442700000.0,447100000.0
Monsanto Co,MON,NONUZEX43GHIPSVDD938,1110783,2016.0,Q3,2016-03-01,2016-05-31,2017-06-29 14:49:04+00:00,1.64,1.64,0.0,1.63,483000000.0,715000000.0,715000000.0,0.0,717000000.0,-2000000.0,1809000000.0,4189000000.0,35000000.0,387000000.0,15000000.0,729000000.0,1809000000.0,2380000000.0,100000000.0,14000000.0,1131000000.0,1249000000.0,-51000000.0,1198000000.0,4189000000.0,437200000.0,437100000.0,440300000.0
Monsanto Co,MON,NONUZEX43GHIPSVDD938,1110783,2016.0,Q3YTD,2015-09-01,2016-05-31,,3.5,3.5,1.08,3.48,696000000.0,1518000000.0,1503000000.0,14000000.0,1527000000.0,-9000000.0,5061000000.0,10940000000.0,-160000000.0,1091000000.0,290000000.0,1858000000.0,5061000000.0,5879000000.0,332000000.0,51000000.0,3239000000.0,2640000000.0,-441000000.0,2199000000.0,10940000000.0,437200000.0,437100000.0,440300000.0
Monsanto Co,MON,NONUZEX43GHIPSVDD938,1110783,2016.0,Q3TTM,2015-06-01,2016-05-31,,2.49,2.49,2.11,2.48,509000000.0,1026000000.0,1006000000.0,19000000.0,1032000000.0,-6000000.0,6420000000.0,13295000000.0,-175000000.0,1513000000.0,683000000.0,2599000000.0,6420000000.0,6875000000.0,462000000.0,72000000.0,4795000000.0,2080000000.0,-565000000.0,1515000000.0,13295000000.0,437200000.0,437100000.0,440300000.0
Monsanto Co,MON,NONUZEX43GHIPSVDD938,1110783,2016.0,Q2,2015-12-01,2016-02-29,2017-04-06 15:52:36+00:00,2.42,2.42,1.08,2.41,350000000.0,1060000000.0,1057000000.0,2000000.0,1063000000.0,-3000000.0,1934000000.0,4532000000.0,-170000000.0,340000000.0,9000000.0,586000000.0,1934000000.0,2598000000.0,103000000.0,17000000.0,935000000.0,1663000000.0,-256000000.0,1407000000.0,4532000000.0,439300000.0,438600000.0,441700000.0
Monsanto Co,MON,NONUZEX43GHIPSVDD938,1110783,2016.0,Q2YTD,2015-09-01,2016-02-29,,1.86,1.86,1.08,1.85,213000000.0,803000000.0,788000000.0,14000000.0,810000000.0,-7000000.0,3252000000.0,6751000000.0,-195000000.0,704000000.0,275000000.0,1129000000.0,3252000000.0,3499000000.0,232000000.0,37000000.0,2108000000.0,1391000000.0,-390000000.0,1001000000.0,6751000000.0,439300000.0,438600000.0,441700000.0
Monsanto Co,MON,NONUZEX43GHIPSVDD938,1110783,2016.0,Q2TTM,2015-03-01,2016-02-29,,3.26,3.26,2.11,3.24,427000000.0,1466000000.0,1446000000.0,19000000.0,1456000000.0,10000000.0,6454000000.0,13685000000.0,-220000000.0,1500000000.0,668000000.0,2588000000.0,6454000000.0,7231000000.0,458000000.0,76000000.0,4756000000.0,2475000000.0,-602000000.0,1873000000.0,13685000000.0,439300000.0,438600000.0,441700000.0
Monsanto Co,MON,NONUZEX43GHIPSVDD938,1110783,2016.0,Q1,2015-09-01,2015-11-30,2017-01-06 14:55:31+00:00,-0.56,-0.56,0.0,-0.56,-137000000.0,-257000000.0,-269000000.0,12000000.0,-253000000.0,-4000000.0,1318000000.0,2219000000.0,-25000000.0,364000000.0,266000000.0,543000000.0,1318000000.0,901000000.0,129000000.0,20000000.0,1173000000.0,-272000000.0,-134000000.0,-406000000.0,2219000000.0,451800000.0,454100000.0,454100000.0
Monsanto Co,MON,NONUZEX43GHIPSVDD938,1110783,2016.0,Q1TTM,2014-12-01,2015-11-30,,3.79,3.79,2.01,3.75,627000000.0,1825000000.0,1801000000.0,24000000.0,1818000000.0,7000000.0,6678000000.0,14350000000.0,-44000000.0,1532000000.0,659000000.0,2649000000.0,6678000000.0,7672000000.0,447000000.0,87000000.0,4840000000.0,2832000000.0,-404000000.0,2428000000.0,14350000000.0,451800000.0,454100000.0,454100000.0
Monsanto Co,MON,NONUZEX43GHIPSVDD938,1110783,2017.0,Q4,2017-06-01,2017-08-31,,0.04,0.04,1.08,0.03,-170000000.0,25000000.0,25000000.0,,20000000.0,5000000.0,1346000000.0,2686000000.0,9000000.0,439000000.0,26000000.0,938000000.0,1346000000.0,1340000000.0,114000000.0,23000000.0,1403000000.0,-63000000.0,-82000000.0,-145000000.0,2686000000.0,438800000.0,438800000.0,443800000.0
Monsanto Co,MON,NONUZEX43GHIPSVDD938,1110783,2017.0,FY,2016-09-01,2017-08-31,2017-10-27 14:29:39+00:00,5.15,5.15,2.16,5.09,626000000.0,2273000000.0,2260000000.0,13000000.0,2260000000.0,13000000.0,6703000000.0,14640000000.0,50000000.0,1607000000.0,149000000.0,2969000000.0,6703000000.0,7937000000.0,452000000.0,76000000.0,4725000000.0,3212000000.0,-326000000.0,2886000000.0,14640000000.0,438800000.0,438800000.0,443800000.0
Monsanto Co,MON,NONUZEX43GHIPSVDD938,1110783,2017.0,Q3YTD,2016-09-01,2017-05-31,,5.11,5.11,1.08,5.06,796000000.0,2248000000.0,2235000000.0,13000000.0,2240000000.0,8000000.0,5357000000.0,11954000000.0,41000000.0,1168000000.0,123000000.0,2031000000.0,5357000000.0,6597000000.0,338000000.0,53000000.0,3322000000.0,3275000000.0,-244000000.0,3031000000.0,11954000000.0,439100000.0,439100000.0,443400000.0
Monsanto Co,MON,NONUZEX43GHIPSVDD938,1110783,2017.0,Q3TTM,2016-06-01,2017-05-31,,4.63,4.63,2.16,4.57,795000000.0,2043000000.0,2028000000.0,16000000.0,2049000000.0,-6000000.0,6781000000.0,14516000000.0,179000000.0,1589000000.0,130000000.0,3006000000.0,6781000000.0,7735000000.0,442000000.0,76000000.0,4725000000.0,3010000000.0,-187000000.0,2823000000.0,14516000000.0,439100000.0,439100000.0,443400000.0
Monsanto Co,MON,NONUZEX43GHIPSVDD938,1110783,2017.0,Q3,2017-03-01,2017-05-31,2017-06-29 14:49:04+00:00,1.92,1.92,0.0,1.9,230000000.0,847000000.0,847000000.0,0.0,843000000.0,4000000.0,1844000000.0,4230000000.0,-4000000.0,417000000.0,16000000.0,789000000.0,1844000000.0,2386000000.0,100000000.0,17000000.0,1222000000.0,1164000000.0,-87000000.0,1077000000.0,4230000000.0,439100000.0,439100000.0,443400000.0
Monsanto Co,MON,NONUZEX43GHIPSVDD938,1110783,2017.0,Q2,2016-12-01,2017-02-28,2018-04-05 16:10:39+00:00,3.12,3.12,1.08,3.09,505000000.0,1366000000.0,1363000000.0,3000000.0,1368000000.0,-2000000.0,2122000000.0,5074000000.0,88000000.0,381000000.0,50000000.0,657000000.0,2122000000.0,2952000000.0,102000000.0,18000000.0,1088000000.0,1864000000.0,4000000.0,1868000000.0,5074000000.0,438500000.0,438700000.0,442300000.0
Monsanto Co,MON,NONUZEX43GHIPSVDD938,1110783,2017.0,Q2YTD,2016-09-01,2017-02-28,,3.19,3.19,1.08,3.16,566000000.0,1401000000.0,1388000000.0,13000000.0,1397000000.0,4000000.0,3513000000.0,7724000000.0,45000000.0,751000000.0,107000000.0,1242000000.0,3513000000.0,4211000000.0,238000000.0,36000000.0,2100000000.0,2111000000.0,-157000000.0,1954000000.0,7724000000.0,438500000.0,438700000.0,442300000.0
Monsanto Co,MON,NONUZEX43GHIPSVDD938,1110783,2017.0,Q2TTM,2016-03-01,2017-02-28,,4.35,4.35,2.16,4.3,1048000000.0,1911000000.0,1896000000.0,16000000.0,1923000000.0,-12000000.0,6746000000.0,14475000000.0,218000000.0,1559000000.0,129000000.0,2946000000.0,6746000000.0,7729000000.0,442000000.0,73000000.0,4634000000.0,3095000000.0,-151000000.0,2944000000.0,14475000000.0,438500000.0,438700000.0,442300000.0
Monsanto Co,MON,NONUZEX43GHIPSVDD938,1110783,2017.0,Q1,2016-09-01,2016-11-30,2018-01-05 15:09:46+00:00,0.07,0.07,0.0,0.07,61000000.0,35000000.0,25000000.0,10000000.0,29000000.0,6000000.0,1391000000.0,2650000000.0,-43000000.0,370000000.0,57000000.0,585000000.0,1391000000.0,1259000000.0,136000000.0,18000000.0,1012000000.0,247000000.0,-161000000.0,86000000.0,2650000000.0,414300000.0,438100000.0,441700000.0
Monsanto Co,MON,NONUZEX43GHIPSVDD938,1110783,2017.0,Q1TTM,2015-12-01,2016-11-30,,3.65,3.65,2.16,3.62,893000000.0,1605000000.0,1590000000.0,15000000.0,1618000000.0,-13000000.0,6558000000.0,13933000000.0,-40000000.0,1518000000.0,88000000.0,2875000000.0,6558000000.0,7375000000.0,443000000.0,72000000.0,4481000000.0,2894000000.0,-411000000.0,2483000000.0,13933000000.0,414300000.0,438100000.0,441700000.0
Monsanto Co,MON,NONUZEX43GHIPSVDD938,1110783,2018.0,Q2YTD,2017-09-01,2018-02-28,,3.69,3.69,1.08,3.65,441000000.0,1631000000.0,1628000000.0,3000000.0,1628000000.0,3000000.0,3399000000.0,7677000000.0,121000000.0,776000000.0,48000000.0,1316000000.0,3399000000.0,4278000000.0,229000000.0,39000000.0,2140000000.0,2138000000.0,-69000000.0,2069000000.0,7677000000.0,440800000.0,441000000.0,445500000.0
Monsanto Co,MON,NONUZEX43GHIPSVDD938,1110783,2018.0,Q2TTM,2017-03-01,2018-02-28,,5.65,5.65,2.16,5.58,501000000.0,2503000000.0,2500000000.0,3000000.0,2491000000.0,12000000.0,6589000000.0,14593000000.0,126000000.0,1632000000.0,90000000.0,3043000000.0,6589000000.0,8004000000.0,443000000.0,79000000.0,4765000000.0,3239000000.0,-238000000.0,3001000000.0,14593000000.0,440800000.0,441000000.0,445500000.0
Monsanto Co,MON,NONUZEX43GHIPSVDD938,1110783,2018.0,Q2,2017-12-01,2018-02-28,2018-04-05 16:10:39+00:00,3.31,3.31,1.08,3.27,381000000.0,1460000000.0,1458000000.0,2000000.0,1459000000.0,1000000.0,2053000000.0,5019000000.0,24000000.0,394000000.0,24000000.0,652000000.0,2053000000.0,2966000000.0,105000000.0,24000000.0,1070000000.0,1896000000.0,-57000000.0,1839000000.0,5019000000.0,440800000.0,441000000.0,445500000.0
Monsanto Co,MON,NONUZEX43GHIPSVDD938,1110783,2018.0,Q1TTM,2016-12-01,2017-11-30,,5.46,5.46,2.16,5.4,625000000.0,2409000000.0,2405000000.0,4000000.0,2400000000.0,9000000.0,6658000000.0,14648000000.0,190000000.0,1619000000.0,116000000.0,3048000000.0,6658000000.0,7990000000.0,440000000.0,73000000.0,4783000000.0,3207000000.0,-177000000.0,3030000000.0,14648000000.0,444700000.0,440200000.0,445300000.0
Monsanto Co,MON,NONUZEX43GHIPSVDD938,1110783,2018.0,Q1,2017-09-01,2017-11-30,2018-01-05 15:09:46+00:00,0.38,0.38,0.0,0.38,60000000.0,171000000.0,170000000.0,1000000.0,169000000.0,2000000.0,1346000000.0,2658000000.0,97000000.0,382000000.0,24000000.0,664000000.0,1346000000.0,1312000000.0,124000000.0,15000000.0,1070000000.0,242000000.0,-12000000.0,230000000.0,2658000000.0,444700000.0,440200000.0,445300000.0
