company_name,company_ticker,company_lei,company_cik,year,quarter,start_date,end_date,filing_date,basicdilutedeps,basiceps,cashdividendspershare,dilutedeps,impairmentexpense,incometaxexpense,netincome,netincomecontinuing,netincometocommon,netincometononcontrollinginterest,operatingcostofrevenue,operatingrevenue,otheradjustmentstoconsolidatednetincome,othercostofrevenue,othergains,otherincome,otheroperatingexpenses,otherspecialcharges,rdexpense,sgaexpense,totalcostofrevenue,totalgrossprofit,totalinterestexpense,totaloperatingexpenses,totaloperatingincome,totalotherincome,totalpretaxincome,totalrevenue,weightedavebasicdilutedsharesos,weightedavebasicsharesos,weightedavedilutedsharesos
Caterpillar Inc,CAT,WRJR7GS4GTRECRRTVX92,18230,2007.0,FY,2007-01-01,2007-12-31,2010-02-19 12:42:45+00:00,5.55,5.55,1.38,5.37,,1485000000.0,3578000000.0,3578000000.0,3541000000.0,37000000.0,32626000000.0,44958000000.0,,1132000000.0,73000000.0,357000000.0,,,1404000000.0,4875000000.0,33758000000.0,11200000000.0,288000000.0,6279000000.0,4921000000.0,69000000.0,4990000000.0,44958000000.0,638000000.0,638200000.0,659500000.0
Caterpillar Inc,CAT,WRJR7GS4GTRECRRTVX92,18230,2008.0,FY,2008-01-01,2008-12-31,2011-02-22 17:15:14+00:00,5.83,5.83,1.62,5.66,,953000000.0,3585000000.0,3585000000.0,3557000000.0,28000000.0,38415000000.0,51324000000.0,,,37000000.0,327000000.0,,1153000000.0,1728000000.0,5580000000.0,38415000000.0,12909000000.0,274000000.0,8461000000.0,4448000000.0,53000000.0,4501000000.0,51324000000.0,610100000.0,610500000.0,627900000.0
Caterpillar Inc,CAT,WRJR7GS4GTRECRRTVX92,18230,2008.0,Q3,2008-07-01,2008-09-30,2009-10-30 13:01:01+00:00,1.43,1.43,0.0,1.39,,395000000.0,868000000.0,876000000.0,868000000.0,,9704000000.0,12981000000.0,-8000000.0,291000000.0,11000000.0,146000000.0,,,437000000.0,1376000000.0,9995000000.0,2986000000.0,59000000.0,1813000000.0,1173000000.0,87000000.0,1260000000.0,12981000000.0,607000000.0,607000000.0,624800000.0
Caterpillar Inc,CAT,WRJR7GS4GTRECRRTVX92,18230,2009.0,FY,2009-01-01,2009-12-31,2011-02-22 17:15:14+00:00,1.45,1.45,1.68,1.43,,-270000000.0,827000000.0,827000000.0,895000000.0,-68000000.0,23886000000.0,32396000000.0,,1045000000.0,-12000000.0,381000000.0,,,1421000000.0,5467000000.0,24931000000.0,7465000000.0,389000000.0,6888000000.0,577000000.0,-8000000.0,569000000.0,32396000000.0,617200000.0,615200000.0,626000000.0
Caterpillar Inc,CAT,WRJR7GS4GTRECRRTVX92,18230,2009.0,Q4,2009-10-01,2009-12-31,,0.38,0.38,0.84,0.38,,-91000000.0,206000000.0,206000000.0,232000000.0,-26000000.0,5852000000.0,7898000000.0,,238000000.0,-13000000.0,88000000.0,,,355000000.0,1325000000.0,6090000000.0,1808000000.0,88000000.0,1680000000.0,128000000.0,,128000000.0,7898000000.0,617200000.0,615200000.0,626000000.0
Caterpillar Inc,CAT,WRJR7GS4GTRECRRTVX92,18230,2009.0,Q3YTD,2009-01-01,2009-09-30,,1.07,1.07,0.84,1.05,,-179000000.0,621000000.0,621000000.0,663000000.0,-42000000.0,18034000000.0,24498000000.0,,807000000.0,1000000.0,293000000.0,,,1066000000.0,4142000000.0,18841000000.0,5657000000.0,301000000.0,5208000000.0,449000000.0,-8000000.0,441000000.0,24498000000.0,621500000.0,622400000.0,635500000.0
Caterpillar Inc,CAT,WRJR7GS4GTRECRRTVX92,18230,2009.0,Q3,2009-07-01,2009-09-30,2010-11-04 12:43:20+00:00,0.65,0.65,,0.64,,-139000000.0,392000000.0,392000000.0,404000000.0,-12000000.0,5255000000.0,7298000000.0,,256000000.0,1000000.0,66000000.0,,,327000000.0,1183000000.0,5511000000.0,1787000000.0,91000000.0,1510000000.0,277000000.0,-25000000.0,252000000.0,7298000000.0,621500000.0,622400000.0,635500000.0
Caterpillar Inc,CAT,WRJR7GS4GTRECRRTVX92,18230,2009.0,Q2YTD,2009-01-01,2009-06-30,,0.42,0.42,0.84,0.41,,-40000000.0,229000000.0,229000000.0,259000000.0,-30000000.0,12779000000.0,17200000000.0,,551000000.0,,227000000.0,,,739000000.0,2959000000.0,13330000000.0,3870000000.0,210000000.0,3698000000.0,172000000.0,17000000.0,189000000.0,17200000000.0,608200000.0,611800000.0,619800000.0
Caterpillar Inc,CAT,WRJR7GS4GTRECRRTVX92,18230,2009.0,Q2,2009-04-01,2009-06-30,2010-08-26 12:49:59+00:00,0.61,0.61,0.84,0.6,,40000000.0,360000000.0,360000000.0,371000000.0,-11000000.0,5752000000.0,7975000000.0,,272000000.0,-1000000.0,163000000.0,,,351000000.0,1253000000.0,6024000000.0,1951000000.0,109000000.0,1604000000.0,347000000.0,54000000.0,401000000.0,7975000000.0,608200000.0,611800000.0,619800000.0
Caterpillar Inc,CAT,WRJR7GS4GTRECRRTVX92,18230,2009.0,Q1,2009-01-01,2009-03-31,2010-05-03 15:44:49+00:00,-0.19,-0.19,0.0,-0.19,,-80000000.0,-131000000.0,-131000000.0,-112000000.0,-19000000.0,7027000000.0,9225000000.0,,279000000.0,1000000.0,64000000.0,,,388000000.0,1706000000.0,7306000000.0,1919000000.0,101000000.0,2094000000.0,-175000000.0,-37000000.0,-212000000.0,9225000000.0,589500000.0,602100000.0,602100000.0
Caterpillar Inc,CAT,WRJR7GS4GTRECRRTVX92,18230,2010.0,FY,2010-01-01,2010-12-31,2013-02-19 12:26:30+00:00,4.28,4.28,1.74,4.15,0.0,968000000.0,2758000000.0,2758000000.0,2700000000.0,58000000.0,30367000000.0,42588000000.0,,914000000.0,-24000000.0,130000000.0,1191000000.0,,1905000000.0,4248000000.0,31281000000.0,11307000000.0,343000000.0,7344000000.0,3963000000.0,-213000000.0,3750000000.0,42588000000.0,630800000.0,631500000.0,650400000.0
Caterpillar Inc,CAT,WRJR7GS4GTRECRRTVX92,18230,2010.0,Q4,2010-10-01,2010-12-31,,1.54,1.54,0.88,1.48,,233000000.0,988000000.0,988000000.0,968000000.0,20000000.0,9349000000.0,12807000000.0,,220000000.0,-11000000.0,16000000.0,1191000000.0,,543000000.0,213000000.0,9569000000.0,3238000000.0,75000000.0,1947000000.0,1291000000.0,-59000000.0,1232000000.0,12807000000.0,630800000.0,631500000.0,650400000.0
Caterpillar Inc,CAT,WRJR7GS4GTRECRRTVX92,18230,2010.0,Q3YTD,2010-01-01,2010-09-30,,2.74,2.74,0.86,2.67,,735000000.0,1770000000.0,1770000000.0,1732000000.0,38000000.0,21018000000.0,29781000000.0,,694000000.0,-13000000.0,114000000.0,,,1362000000.0,4035000000.0,21712000000.0,8069000000.0,268000000.0,5397000000.0,2672000000.0,-154000000.0,2518000000.0,29781000000.0,633600000.0,632600000.0,651600000.0
Caterpillar Inc,CAT,WRJR7GS4GTRECRRTVX92,18230,2010.0,Q3TTM,2009-10-01,2010-09-30,,3.12,3.12,1.7,3.05,,644000000.0,1976000000.0,1976000000.0,1964000000.0,12000000.0,26870000000.0,37679000000.0,,932000000.0,-26000000.0,202000000.0,,,1717000000.0,5360000000.0,27802000000.0,9877000000.0,356000000.0,7077000000.0,2800000000.0,-154000000.0,2646000000.0,37679000000.0,633600000.0,632600000.0,651600000.0
Caterpillar Inc,CAT,WRJR7GS4GTRECRRTVX92,18230,2010.0,Q3,2010-07-01,2010-09-30,2011-11-04 12:29:49+00:00,1.25,1.25,,1.22,,295000000.0,801000000.0,801000000.0,792000000.0,9000000.0,7752000000.0,11134000000.0,,227000000.0,-7000000.0,1000000.0,,,510000000.0,1458000000.0,7979000000.0,3155000000.0,85000000.0,1968000000.0,1187000000.0,-84000000.0,1103000000.0,11134000000.0,633600000.0,632600000.0,651600000.0
Caterpillar Inc,CAT,WRJR7GS4GTRECRRTVX92,18230,2010.0,Q2YTD,2010-01-01,2010-06-30,,1.49,1.49,0.86,1.45,,440000000.0,969000000.0,969000000.0,940000000.0,29000000.0,13266000000.0,18647000000.0,,467000000.0,-6000000.0,113000000.0,,,852000000.0,2577000000.0,13733000000.0,4914000000.0,183000000.0,3429000000.0,1485000000.0,-70000000.0,1415000000.0,18647000000.0,631300000.0,629800000.0,647000000.0
Caterpillar Inc,CAT,WRJR7GS4GTRECRRTVX92,18230,2010.0,Q2TTM,2009-07-01,2010-06-30,,2.52,2.52,1.7,2.47,,210000000.0,1567000000.0,1567000000.0,1576000000.0,-9000000.0,24373000000.0,33843000000.0,,961000000.0,-18000000.0,267000000.0,,,1534000000.0,5085000000.0,25334000000.0,8509000000.0,362000000.0,6619000000.0,1890000000.0,-95000000.0,1795000000.0,33843000000.0,631300000.0,629800000.0,647000000.0
Caterpillar Inc,CAT,WRJR7GS4GTRECRRTVX92,18230,2010.0,Q2,2010-04-01,2010-06-30,2011-08-04 12:24:44+00:00,1.12,1.12,0.86,1.09,,209000000.0,733000000.0,733000000.0,707000000.0,26000000.0,7372000000.0,10409000000.0,,234000000.0,-4000000.0,50000000.0,,,450000000.0,1376000000.0,7606000000.0,2803000000.0,81000000.0,1826000000.0,977000000.0,-31000000.0,946000000.0,10409000000.0,631300000.0,629800000.0,647000000.0
Caterpillar Inc,CAT,WRJR7GS4GTRECRRTVX92,18230,2010.0,Q1TTM,2009-04-01,2010-03-31,,2.01,2.01,1.68,1.98,,41000000.0,1194000000.0,1194000000.0,1240000000.0,-46000000.0,22753000000.0,31409000000.0,,999000000.0,-15000000.0,380000000.0,,,1435000000.0,4962000000.0,23752000000.0,7657000000.0,390000000.0,6397000000.0,1260000000.0,-10000000.0,1250000000.0,31409000000.0,629700000.0,626400000.0,643500000.0
Caterpillar Inc,CAT,WRJR7GS4GTRECRRTVX92,18230,2010.0,Q1,2010-01-01,2010-03-31,2011-05-09 16:51:12+00:00,0.37,0.37,,0.36,,231000000.0,236000000.0,236000000.0,233000000.0,3000000.0,5894000000.0,8238000000.0,,233000000.0,-2000000.0,63000000.0,,,402000000.0,1201000000.0,6127000000.0,2111000000.0,102000000.0,1603000000.0,508000000.0,-39000000.0,469000000.0,8238000000.0,629700000.0,626400000.0,643500000.0
Caterpillar Inc,CAT,WRJR7GS4GTRECRRTVX92,18230,2011.0,FY,2011-01-01,2011-12-31,2014-02-18 14:25:26+00:00,7.64,7.64,1.82,7.4,0.0,1720000000.0,4981000000.0,4981000000.0,4928000000.0,53000000.0,43578000000.0,60138000000.0,,826000000.0,-24000000.0,-32000000.0,1081000000.0,,2297000000.0,5203000000.0,44404000000.0,15734000000.0,396000000.0,8581000000.0,7153000000.0,-428000000.0,6725000000.0,60138000000.0,645000000.0,645000000.0,666100000.0
Caterpillar Inc,CAT,WRJR7GS4GTRECRRTVX92,18230,2011.0,Q4,2011-10-01,2011-12-31,,2.4,2.4,0.92,2.33,,416000000.0,1562000000.0,1562000000.0,1547000000.0,15000000.0,12763000000.0,17243000000.0,,203000000.0,,125000000.0,1081000000.0,,604000000.0,632000000.0,12966000000.0,4277000000.0,107000000.0,2317000000.0,1960000000.0,18000000.0,1978000000.0,17243000000.0,645000000.0,645000000.0,666100000.0
Caterpillar Inc,CAT,WRJR7GS4GTRECRRTVX92,18230,2011.0,Q3YTD,2011-01-01,2011-09-30,,5.24,5.24,0.9,5.07,,1304000000.0,3419000000.0,3419000000.0,3381000000.0,38000000.0,30815000000.0,42895000000.0,,623000000.0,-24000000.0,-157000000.0,,,1693000000.0,4571000000.0,31438000000.0,11457000000.0,289000000.0,6264000000.0,5193000000.0,-446000000.0,4747000000.0,42895000000.0,648300000.0,646600000.0,666000000.0
Caterpillar Inc,CAT,WRJR7GS4GTRECRRTVX92,18230,2011.0,Q3TTM,2010-10-01,2011-09-30,,6.78,6.78,1.78,6.55,,1537000000.0,4407000000.0,4407000000.0,4349000000.0,58000000.0,40164000000.0,55702000000.0,,843000000.0,-35000000.0,-141000000.0,1191000000.0,,2236000000.0,4784000000.0,41007000000.0,14695000000.0,364000000.0,8211000000.0,6484000000.0,-505000000.0,5979000000.0,55702000000.0,648300000.0,646600000.0,666000000.0
Caterpillar Inc,CAT,WRJR7GS4GTRECRRTVX92,18230,2011.0,Q3,2011-07-01,2011-09-30,2012-11-02 12:09:57+00:00,1.76,1.76,0.0,1.71,,474000000.0,1154000000.0,1154000000.0,1141000000.0,13000000.0,11455000000.0,15716000000.0,,211000000.0,-6000000.0,-13000000.0,,,584000000.0,1707000000.0,11666000000.0,4050000000.0,112000000.0,2291000000.0,1759000000.0,-125000000.0,1634000000.0,15716000000.0,648300000.0,646600000.0,666000000.0
Caterpillar Inc,CAT,WRJR7GS4GTRECRRTVX92,18230,2011.0,Q2YTD,2011-01-01,2011-06-30,,3.48,3.48,0.9,3.36,,830000000.0,2265000000.0,2265000000.0,2240000000.0,25000000.0,19360000000.0,27179000000.0,,412000000.0,-18000000.0,-144000000.0,,,1109000000.0,2864000000.0,19772000000.0,7407000000.0,177000000.0,3973000000.0,3434000000.0,-321000000.0,3113000000.0,27179000000.0,646500000.0,645500000.0,667200000.0
Caterpillar Inc,CAT,WRJR7GS4GTRECRRTVX92,18230,2011.0,Q2TTM,2010-07-01,2011-06-30,,6.27,6.27,1.78,6.06,,1358000000.0,4054000000.0,4054000000.0,4000000000.0,54000000.0,36461000000.0,51120000000.0,,859000000.0,-36000000.0,-127000000.0,1191000000.0,,2162000000.0,4535000000.0,37320000000.0,13800000000.0,337000000.0,7888000000.0,5912000000.0,-464000000.0,5448000000.0,51120000000.0,646500000.0,645500000.0,667200000.0
Caterpillar Inc,CAT,WRJR7GS4GTRECRRTVX92,18230,2011.0,Q2,2011-04-01,2011-06-30,2012-08-06 11:16:42+00:00,1.57,1.57,0.9,1.52,,318000000.0,1022000000.0,1022000000.0,1015000000.0,7000000.0,10303000000.0,14230000000.0,,209000000.0,-10000000.0,-161000000.0,,,584000000.0,1533000000.0,10512000000.0,3718000000.0,90000000.0,2117000000.0,1601000000.0,-251000000.0,1350000000.0,14230000000.0,646500000.0,645500000.0,667200000.0
Caterpillar Inc,CAT,WRJR7GS4GTRECRRTVX92,18230,2011.0,Q1TTM,2010-04-01,2011-03-31,,5.82,5.82,1.74,5.63,,1249000000.0,3765000000.0,3765000000.0,3692000000.0,73000000.0,33530000000.0,47299000000.0,,884000000.0,-30000000.0,84000000.0,1191000000.0,,2028000000.0,4378000000.0,34414000000.0,12885000000.0,328000000.0,7597000000.0,5288000000.0,-244000000.0,5044000000.0,47299000000.0,641400000.0,641400000.0,664900000.0
Caterpillar Inc,CAT,WRJR7GS4GTRECRRTVX92,18230,2011.0,Q1,2011-01-01,2011-03-31,2012-05-07 10:58:41+00:00,1.91,1.91,,1.84,,512000000.0,1243000000.0,1243000000.0,1225000000.0,18000000.0,9057000000.0,12949000000.0,,203000000.0,-8000000.0,17000000.0,,,525000000.0,1331000000.0,9260000000.0,3689000000.0,87000000.0,1856000000.0,1833000000.0,-70000000.0,1763000000.0,12949000000.0,641400000.0,641400000.0,664900000.0
Caterpillar Inc,CAT,WRJR7GS4GTRECRRTVX92,18230,2012.0,FY,2012-01-01,2012-12-31,2015-02-17 17:15:52+00:00,8.71,8.71,2.02,8.48,580000000.0,2528000000.0,5722000000.0,5722000000.0,5681000000.0,41000000.0,47055000000.0,65875000000.0,,797000000.0,14000000.0,130000000.0,485000000.0,,2466000000.0,5919000000.0,47852000000.0,18023000000.0,467000000.0,9450000000.0,8573000000.0,-337000000.0,8236000000.0,65875000000.0,652200000.0,652600000.0,669600000.0
Caterpillar Inc,CAT,WRJR7GS4GTRECRRTVX92,18230,2012.0,Q4,2012-10-01,2012-12-31,,1.07,1.07,1.04,1.03,580000000.0,214000000.0,700000000.0,700000000.0,697000000.0,3000000.0,11899000000.0,16075000000.0,,198000000.0,2000000.0,-11000000.0,156000000.0,,613000000.0,1591000000.0,12097000000.0,3978000000.0,115000000.0,2940000000.0,1038000000.0,-126000000.0,912000000.0,16075000000.0,652200000.0,652600000.0,669600000.0
Caterpillar Inc,CAT,WRJR7GS4GTRECRRTVX92,18230,2012.0,Q3YTD,2012-01-01,2012-09-30,,7.64,7.64,0.98,7.45,,2314000000.0,5022000000.0,5022000000.0,4984000000.0,38000000.0,35156000000.0,49800000000.0,,599000000.0,12000000.0,141000000.0,329000000.0,,1853000000.0,4328000000.0,35755000000.0,14045000000.0,352000000.0,6510000000.0,7535000000.0,-211000000.0,7324000000.0,49800000000.0,653500000.0,653600000.0,668700000.0
Caterpillar Inc,CAT,WRJR7GS4GTRECRRTVX92,18230,2012.0,Q3TTM,2011-10-01,2012-09-30,,10.04,10.04,1.9,9.78,,2730000000.0,6584000000.0,6584000000.0,6531000000.0,53000000.0,47919000000.0,67043000000.0,,802000000.0,12000000.0,266000000.0,1410000000.0,,2457000000.0,4960000000.0,48721000000.0,18322000000.0,459000000.0,8827000000.0,9495000000.0,-193000000.0,9302000000.0,67043000000.0,653500000.0,653600000.0,668700000.0
Caterpillar Inc,CAT,WRJR7GS4GTRECRRTVX92,18230,2012.0,Q3,2012-07-01,2012-09-30,2013-11-01 16:12:29+00:00,2.6,2.6,0.0,2.54,,753000000.0,1702000000.0,1702000000.0,1699000000.0,3000000.0,11639000000.0,16445000000.0,,197000000.0,5000000.0,-17000000.0,-92000000.0,,634000000.0,1471000000.0,11836000000.0,4609000000.0,129000000.0,2013000000.0,2596000000.0,-146000000.0,2450000000.0,16445000000.0,653500000.0,653600000.0,668700000.0
Caterpillar Inc,CAT,WRJR7GS4GTRECRRTVX92,18230,2012.0,Q2YTD,2012-01-01,2012-06-30,,5.04,5.04,0.98,4.91,,1561000000.0,3320000000.0,3320000000.0,3285000000.0,35000000.0,23517000000.0,33355000000.0,,402000000.0,7000000.0,158000000.0,421000000.0,,1219000000.0,2857000000.0,23919000000.0,9436000000.0,223000000.0,4497000000.0,4939000000.0,-65000000.0,4874000000.0,33355000000.0,653500000.0,652900000.0,669600000.0
Caterpillar Inc,CAT,WRJR7GS4GTRECRRTVX92,18230,2012.0,Q2TTM,2011-07-01,2012-06-30,,9.2,9.2,1.9,8.95,,2451000000.0,6036000000.0,6036000000.0,5973000000.0,63000000.0,47735000000.0,66314000000.0,,816000000.0,1000000.0,270000000.0,1502000000.0,,2407000000.0,5196000000.0,48551000000.0,17763000000.0,442000000.0,9105000000.0,8658000000.0,-172000000.0,8486000000.0,66314000000.0,653500000.0,652900000.0,669600000.0
Caterpillar Inc,CAT,WRJR7GS4GTRECRRTVX92,18230,2012.0,Q2,2012-04-01,2012-06-30,2013-08-02 16:26:55+00:00,2.6,2.6,0.98,2.54,,872000000.0,1709000000.0,1709000000.0,1699000000.0,10000000.0,12280000000.0,17374000000.0,,198000000.0,5000000.0,70000000.0,131000000.0,,632000000.0,1517000000.0,12478000000.0,4896000000.0,110000000.0,2280000000.0,2616000000.0,-40000000.0,2576000000.0,17374000000.0,653500000.0,652900000.0,669600000.0
Caterpillar Inc,CAT,WRJR7GS4GTRECRRTVX92,18230,2012.0,Q1TTM,2011-04-01,2012-03-31,,8.17,8.17,1.82,7.93,,1897000000.0,5349000000.0,5349000000.0,5289000000.0,60000000.0,45758000000.0,63170000000.0,,827000000.0,-14000000.0,39000000.0,1371000000.0,,2359000000.0,5212000000.0,46585000000.0,16585000000.0,422000000.0,8942000000.0,7643000000.0,-383000000.0,7260000000.0,63170000000.0,650000000.0,650000000.0,670200000.0
Caterpillar Inc,CAT,WRJR7GS4GTRECRRTVX92,18230,2012.0,Q1,2012-01-01,2012-03-31,2013-05-02 13:30:00+00:00,2.44,2.44,0.0,2.37,,689000000.0,1611000000.0,1611000000.0,1586000000.0,25000000.0,11237000000.0,15981000000.0,,204000000.0,2000000.0,88000000.0,290000000.0,,587000000.0,1340000000.0,11441000000.0,4540000000.0,113000000.0,2217000000.0,2323000000.0,-25000000.0,2298000000.0,15981000000.0,650000000.0,650000000.0,670200000.0
Caterpillar Inc,CAT,WRJR7GS4GTRECRRTVX92,18230,2013.0,FY,2013-01-01,2013-12-31,2016-02-16 11:20:14+00:00,5.87,5.87,2.32,5.75,0.0,1319000000.0,3803000000.0,3803000000.0,3789000000.0,14000000.0,40727000000.0,55656000000.0,,727000000.0,-6000000.0,-35000000.0,981000000.0,,2046000000.0,5547000000.0,41454000000.0,14202000000.0,465000000.0,8574000000.0,5628000000.0,-500000000.0,5128000000.0,55656000000.0,645500000.0,645200000.0,658600000.0
Caterpillar Inc,CAT,WRJR7GS4GTRECRRTVX92,18230,2013.0,Q4,2013-10-01,2013-12-31,,1.57,1.57,1.2,1.54,,376000000.0,1006000000.0,1006000000.0,1003000000.0,3000000.0,10541000000.0,14402000000.0,,175000000.0,-5000000.0,44000000.0,350000000.0,,467000000.0,1417000000.0,10716000000.0,3686000000.0,109000000.0,2234000000.0,1452000000.0,-65000000.0,1387000000.0,14402000000.0,645500000.0,645200000.0,658600000.0
Caterpillar Inc,CAT,WRJR7GS4GTRECRRTVX92,18230,2013.0,Q3YTD,2013-01-01,2013-09-30,,4.3,4.3,1.12,4.21,,943000000.0,2797000000.0,2797000000.0,2786000000.0,11000000.0,30186000000.0,41254000000.0,,552000000.0,-1000000.0,-79000000.0,631000000.0,,1579000000.0,4130000000.0,30738000000.0,10516000000.0,356000000.0,6340000000.0,4176000000.0,-435000000.0,3741000000.0,41254000000.0,639200000.0,639300000.0,651900000.0
Caterpillar Inc,CAT,WRJR7GS4GTRECRRTVX92,18230,2013.0,Q3TTM,2012-10-01,2013-09-30,,5.37,5.37,2.16,5.24,580000000.0,1157000000.0,3497000000.0,3497000000.0,3483000000.0,14000000.0,42085000000.0,57329000000.0,,750000000.0,1000000.0,-90000000.0,787000000.0,,2192000000.0,5721000000.0,42835000000.0,14494000000.0,471000000.0,9280000000.0,5214000000.0,-561000000.0,4653000000.0,57329000000.0,639200000.0,639300000.0,651900000.0
Caterpillar Inc,CAT,WRJR7GS4GTRECRRTVX92,18230,2013.0,Q3,2013-07-01,2013-09-30,2014-10-31 09:02:00+00:00,1.48,1.48,0.0,1.45,,310000000.0,950000000.0,950000000.0,946000000.0,4000000.0,9774000000.0,13423000000.0,,178000000.0,-1000000.0,-24000000.0,282000000.0,,469000000.0,1319000000.0,9952000000.0,3471000000.0,116000000.0,2070000000.0,1401000000.0,-140000000.0,1261000000.0,13423000000.0,639200000.0,639300000.0,651900000.0
Caterpillar Inc,CAT,WRJR7GS4GTRECRRTVX92,18230,2013.0,Q2YTD,2013-01-01,2013-06-30,,2.82,2.82,1.12,2.76,,633000000.0,1847000000.0,1847000000.0,1840000000.0,7000000.0,20412000000.0,27831000000.0,,374000000.0,,-55000000.0,349000000.0,,1110000000.0,2811000000.0,20786000000.0,7045000000.0,240000000.0,4270000000.0,2775000000.0,-295000000.0,2480000000.0,27831000000.0,648600000.0,649900000.0,662700000.0
Caterpillar Inc,CAT,WRJR7GS4GTRECRRTVX92,18230,2013.0,Q2TTM,2012-07-01,2013-06-30,,6.49,6.49,2.16,6.33,580000000.0,1600000000.0,4249000000.0,4249000000.0,4236000000.0,13000000.0,43950000000.0,60351000000.0,,769000000.0,7000000.0,-83000000.0,413000000.0,,2357000000.0,5873000000.0,44719000000.0,15632000000.0,484000000.0,9223000000.0,6409000000.0,-567000000.0,5842000000.0,60351000000.0,648600000.0,649900000.0,662700000.0
Caterpillar Inc,CAT,WRJR7GS4GTRECRRTVX92,18230,2013.0,Q2,2013-04-01,2013-06-30,2014-08-01 11:34:22+00:00,1.48,1.48,1.12,1.45,,387000000.0,965000000.0,965000000.0,960000000.0,5000000.0,10773000000.0,14621000000.0,,185000000.0,-1000000.0,-84000000.0,137000000.0,,548000000.0,1421000000.0,10958000000.0,3663000000.0,120000000.0,2106000000.0,1557000000.0,-204000000.0,1353000000.0,14621000000.0,648600000.0,649900000.0,662700000.0
Caterpillar Inc,CAT,WRJR7GS4GTRECRRTVX92,18230,2013.0,Q1TTM,2012-04-01,2013-03-31,,7.61,7.61,2.02,7.42,580000000.0,2085000000.0,4993000000.0,4993000000.0,4975000000.0,18000000.0,45457000000.0,63104000000.0,,782000000.0,13000000.0,71000000.0,407000000.0,,2441000000.0,5969000000.0,46239000000.0,16865000000.0,474000000.0,9397000000.0,7468000000.0,-403000000.0,7065000000.0,63104000000.0,656700000.0,656200000.0,671600000.0
Caterpillar Inc,CAT,WRJR7GS4GTRECRRTVX92,18230,2013.0,Q1,2013-01-01,2013-03-31,2014-05-02 16:38:13+00:00,1.34,1.34,0.0,1.31,,246000000.0,882000000.0,882000000.0,880000000.0,2000000.0,9639000000.0,13210000000.0,,189000000.0,1000000.0,29000000.0,212000000.0,,562000000.0,1390000000.0,9828000000.0,3382000000.0,120000000.0,2164000000.0,1218000000.0,-91000000.0,1127000000.0,13210000000.0,656700000.0,656200000.0,671600000.0
Caterpillar Inc,CAT,WRJR7GS4GTRECRRTVX92,18230,2014.0,FY,2014-01-01,2014-12-31,2016-02-16 11:20:14+00:00,5.99,5.99,2.7,5.88,0.0,1380000000.0,3711000000.0,3711000000.0,3695000000.0,16000000.0,39767000000.0,55184000000.0,,624000000.0,8000000.0,239000000.0,1633000000.0,,2135000000.0,5697000000.0,40391000000.0,14793000000.0,484000000.0,9465000000.0,5328000000.0,-245000000.0,5083000000.0,55184000000.0,616900000.0,617200000.0,628900000.0
Caterpillar Inc,CAT,WRJR7GS4GTRECRRTVX92,18230,2014.0,Q4,2014-10-01,2014-12-31,,1.26,1.26,1.4,1.24,,179000000.0,763000000.0,763000000.0,757000000.0,6000000.0,10499000000.0,14244000000.0,,154000000.0,2000000.0,3000000.0,428000000.0,,578000000.0,1522000000.0,10653000000.0,3591000000.0,126000000.0,2528000000.0,1063000000.0,-123000000.0,940000000.0,14244000000.0,616900000.0,617200000.0,628900000.0
Caterpillar Inc,CAT,WRJR7GS4GTRECRRTVX92,18230,2014.0,Q3,2014-07-01,2014-09-30,2015-10-30 11:33:45+00:00,1.66,1.66,0.0,1.63,,364000000.0,1021000000.0,1021000000.0,1017000000.0,4000000.0,9634000000.0,13549000000.0,,157000000.0,4000000.0,117000000.0,387000000.0,,533000000.0,1446000000.0,9791000000.0,3758000000.0,128000000.0,2366000000.0,1392000000.0,-11000000.0,1381000000.0,13549000000.0,612700000.0,611500000.0,622800000.0
Caterpillar Inc,CAT,WRJR7GS4GTRECRRTVX92,18230,2014.0,Q3YTD,2014-01-01,2014-09-30,,4.73,4.73,1.3,4.64,,1201000000.0,2948000000.0,2948000000.0,2938000000.0,10000000.0,29268000000.0,40940000000.0,,470000000.0,6000000.0,236000000.0,1205000000.0,,1557000000.0,4175000000.0,29738000000.0,11202000000.0,358000000.0,6937000000.0,4265000000.0,-122000000.0,4143000000.0,40940000000.0,612700000.0,611500000.0,622800000.0
Caterpillar Inc,CAT,WRJR7GS4GTRECRRTVX92,18230,2014.0,Q3TTM,2013-10-01,2014-09-30,,6.3,6.3,2.5,6.18,,1577000000.0,3954000000.0,3954000000.0,3941000000.0,13000000.0,39809000000.0,55342000000.0,,645000000.0,1000000.0,280000000.0,1555000000.0,,2024000000.0,5592000000.0,40454000000.0,14888000000.0,467000000.0,9171000000.0,5717000000.0,-187000000.0,5530000000.0,55342000000.0,612700000.0,611500000.0,622800000.0
Caterpillar Inc,CAT,WRJR7GS4GTRECRRTVX92,18230,2014.0,Q2,2014-04-01,2014-06-30,2015-07-31 11:44:10+00:00,1.6,1.6,1.3,1.57,,419000000.0,1002000000.0,1002000000.0,999000000.0,3000000.0,10197000000.0,14150000000.0,,153000000.0,1000000.0,65000000.0,372000000.0,,516000000.0,1437000000.0,10350000000.0,3800000000.0,120000000.0,2325000000.0,1475000000.0,-55000000.0,1420000000.0,14150000000.0,624400000.0,626300000.0,638300000.0
Caterpillar Inc,CAT,WRJR7GS4GTRECRRTVX92,18230,2014.0,Q2YTD,2014-01-01,2014-06-30,,3.07,3.07,1.3,3.01,,837000000.0,1927000000.0,1927000000.0,1921000000.0,6000000.0,19634000000.0,27391000000.0,,313000000.0,2000000.0,119000000.0,818000000.0,,1024000000.0,2729000000.0,19947000000.0,7444000000.0,230000000.0,4571000000.0,2873000000.0,-111000000.0,2762000000.0,27391000000.0,624400000.0,626300000.0,638300000.0
Caterpillar Inc,CAT,WRJR7GS4GTRECRRTVX92,18230,2014.0,Q2TTM,2013-07-01,2014-06-30,,6.12,6.12,2.5,6.0,,1523000000.0,3883000000.0,3883000000.0,3870000000.0,13000000.0,39949000000.0,55216000000.0,,666000000.0,-4000000.0,139000000.0,1450000000.0,,1960000000.0,5465000000.0,40615000000.0,14601000000.0,455000000.0,8875000000.0,5726000000.0,-316000000.0,5410000000.0,55216000000.0,624400000.0,626300000.0,638300000.0
Caterpillar Inc,CAT,WRJR7GS4GTRECRRTVX92,18230,2014.0,Q1,2014-01-01,2014-03-31,2015-05-01 16:29:27+00:00,1.47,1.47,0.0,1.44,,418000000.0,925000000.0,925000000.0,922000000.0,3000000.0,9437000000.0,13241000000.0,,160000000.0,1000000.0,54000000.0,446000000.0,,508000000.0,1292000000.0,9597000000.0,3644000000.0,110000000.0,2246000000.0,1398000000.0,-56000000.0,1342000000.0,13241000000.0,627200000.0,626700000.0,639300000.0
Caterpillar Inc,CAT,WRJR7GS4GTRECRRTVX92,18230,2014.0,Q1TTM,2013-04-01,2014-03-31,,6.0,6.0,2.32,5.88,,1491000000.0,3846000000.0,3846000000.0,3831000000.0,15000000.0,40525000000.0,55687000000.0,,698000000.0,-6000000.0,-10000000.0,1215000000.0,,1992000000.0,5449000000.0,41223000000.0,14464000000.0,455000000.0,8656000000.0,5808000000.0,-465000000.0,5343000000.0,55687000000.0,627200000.0,626700000.0,639300000.0
Caterpillar Inc,CAT,WRJR7GS4GTRECRRTVX92,18230,2015.0,FY,2015-01-01,2015-12-31,2018-02-15 12:14:45+00:00,4.23,4.23,3.01,4.18,0.0,916000000.0,2523000000.0,2523000000.0,2512000000.0,11000000.0,33546000000.0,47011000000.0,,587000000.0,0.0,161000000.0,2023000000.0,,2119000000.0,4951000000.0,34133000000.0,12878000000.0,507000000.0,9093000000.0,3785000000.0,-346000000.0,3439000000.0,47011000000.0,593900000.0,594300000.0,601300000.0
Caterpillar Inc,CAT,WRJR7GS4GTRECRRTVX92,18230,2015.0,Q4,2015-10-01,2015-12-31,,0.58,-0.11,1.54,-0.1,,-158000000.0,-90000000.0,-90000000.0,-94000000.0,4000000.0,8240000000.0,11030000000.0,,147000000.0,-1000000.0,54000000.0,991000000.0,,572000000.0,1255000000.0,8387000000.0,2643000000.0,126000000.0,2818000000.0,-175000000.0,-72000000.0,-247000000.0,11030000000.0,593900000.0,594300000.0,601300000.0
Caterpillar Inc,CAT,WRJR7GS4GTRECRRTVX92,18230,2015.0,Q3,2015-07-01,2015-09-30,2016-11-02 11:50:59+00:00,0.63,0.95,0.0,0.94,,218000000.0,562000000.0,562000000.0,559000000.0,3000000.0,7872000000.0,10962000000.0,,142000000.0,-3000000.0,-15000000.0,381000000.0,,513000000.0,1129000000.0,8014000000.0,2948000000.0,127000000.0,2023000000.0,925000000.0,-142000000.0,783000000.0,10962000000.0,887300000.0,588400000.0,594800000.0
Caterpillar Inc,CAT,WRJR7GS4GTRECRRTVX92,18230,2015.0,Q3YTD,2015-01-01,2015-09-30,,3.65,4.34,1.47,4.28,,1074000000.0,2613000000.0,2613000000.0,2606000000.0,7000000.0,25306000000.0,35981000000.0,,440000000.0,1000000.0,107000000.0,1032000000.0,,1547000000.0,3696000000.0,25746000000.0,10235000000.0,381000000.0,6275000000.0,3960000000.0,-274000000.0,3686000000.0,35981000000.0,887300000.0,588400000.0,594800000.0
Caterpillar Inc,CAT,WRJR7GS4GTRECRRTVX92,18230,2015.0,Q3TTM,2014-10-01,2015-09-30,,4.91,5.6,2.87,5.52,,1253000000.0,3376000000.0,3376000000.0,3363000000.0,13000000.0,35805000000.0,50225000000.0,,594000000.0,3000000.0,110000000.0,1460000000.0,,2125000000.0,5218000000.0,36399000000.0,13826000000.0,507000000.0,8803000000.0,5023000000.0,-397000000.0,4626000000.0,50225000000.0,887300000.0,588400000.0,594800000.0
Caterpillar Inc,CAT,WRJR7GS4GTRECRRTVX92,18230,2015.0,Q2,2015-04-01,2015-06-30,2016-08-03 11:46:53+00:00,1.18,1.33,1.47,1.31,,335000000.0,803000000.0,803000000.0,802000000.0,1000000.0,8674000000.0,12317000000.0,,148000000.0,2000000.0,-72000000.0,334000000.0,,510000000.0,1318000000.0,8822000000.0,3495000000.0,125000000.0,2162000000.0,1333000000.0,-197000000.0,1136000000.0,12317000000.0,679700000.0,603200000.0,610700000.0
Caterpillar Inc,CAT,WRJR7GS4GTRECRRTVX92,18230,2015.0,Q2YTD,2015-01-01,2015-06-30,,3.02,3.39,1.47,3.34,,856000000.0,2051000000.0,2051000000.0,2047000000.0,4000000.0,17434000000.0,25019000000.0,,298000000.0,4000000.0,122000000.0,651000000.0,,1034000000.0,2567000000.0,17732000000.0,7287000000.0,254000000.0,4252000000.0,3035000000.0,-132000000.0,2903000000.0,25019000000.0,679700000.0,603200000.0,610700000.0
Caterpillar Inc,CAT,WRJR7GS4GTRECRRTVX92,18230,2015.0,Q2TTM,2014-07-01,2015-06-30,,5.94,6.31,2.87,6.21,,1399000000.0,3835000000.0,3835000000.0,3821000000.0,14000000.0,37567000000.0,52812000000.0,,609000000.0,10000000.0,242000000.0,1466000000.0,,2145000000.0,5535000000.0,38176000000.0,14636000000.0,508000000.0,9146000000.0,5490000000.0,-266000000.0,5224000000.0,52812000000.0,679700000.0,603200000.0,610700000.0
Caterpillar Inc,CAT,WRJR7GS4GTRECRRTVX92,18230,2015.0,Q1,2015-01-01,2015-03-31,2016-05-02 12:06:30+00:00,1.84,2.06,0.0,2.03,,521000000.0,1248000000.0,1248000000.0,1245000000.0,3000000.0,8760000000.0,12702000000.0,,150000000.0,2000000.0,194000000.0,317000000.0,,524000000.0,1249000000.0,8910000000.0,3792000000.0,129000000.0,2090000000.0,1702000000.0,65000000.0,1767000000.0,12702000000.0,676600000.0,604900000.0,612700000.0
Caterpillar Inc,CAT,WRJR7GS4GTRECRRTVX92,18230,2015.0,Q1TTM,2014-04-01,2015-03-31,,6.36,6.58,2.7,6.47,,1483000000.0,4034000000.0,4034000000.0,4018000000.0,16000000.0,39090000000.0,54645000000.0,,614000000.0,9000000.0,379000000.0,1504000000.0,,2151000000.0,5654000000.0,39704000000.0,14941000000.0,503000000.0,9309000000.0,5632000000.0,-124000000.0,5508000000.0,54645000000.0,676600000.0,604900000.0,612700000.0
Caterpillar Inc,CAT,WRJR7GS4GTRECRRTVX92,18230,2016.0,FY,2016-01-01,2016-12-31,2019-02-14 13:25:13+00:00,-0.11,-0.11,,-0.11,595000000.0,192000000.0,-59000000.0,-59000000.0,-67000000.0,8000000.0,28044000000.0,38537000000.0,,,-6000000.0,-518000000.0,1904000000.0,596000000.0,1853000000.0,4383000000.0,28044000000.0,10493000000.0,505000000.0,9331000000.0,1162000000.0,-1023000000.0,139000000.0,38537000000.0,609100000.0,584300000.0,584300000.0
Caterpillar Inc,CAT,WRJR7GS4GTRECRRTVX92,18230,2016.0,Q4,2016-10-01,2016-12-31,,-1.99,-1.99,-1.54,-1.98,595000000.0,-180000000.0,-1167000000.0,-1167000000.0,-1171000000.0,4000000.0,7276000000.0,9574000000.0,,-447000000.0,1000000.0,-630000000.0,548000000.0,596000000.0,424000000.0,1180000000.0,6829000000.0,2745000000.0,120000000.0,3343000000.0,-598000000.0,-750000000.0,-1348000000.0,9574000000.0,609100000.0,584300000.0,584300000.0
Caterpillar Inc,CAT,WRJR7GS4GTRECRRTVX92,18230,2016.0,Q3,2016-07-01,2016-09-30,2017-11-01 11:52:07+00:00,0.48,0.48,0.0,0.48,,96000000.0,283000000.0,283000000.0,283000000.0,0.0,6527000000.0,9160000000.0,,147000000.0,-4000000.0,28000000.0,560000000.0,,453000000.0,992000000.0,6674000000.0,2486000000.0,126000000.0,2005000000.0,481000000.0,-98000000.0,383000000.0,9160000000.0,589600000.0,584700000.0,589600000.0
Caterpillar Inc,CAT,WRJR7GS4GTRECRRTVX92,18230,2016.0,Q3YTD,2016-01-01,2016-09-30,,1.88,1.88,1.54,1.87,,372000000.0,1108000000.0,1108000000.0,1104000000.0,4000000.0,20768000000.0,28963000000.0,,447000000.0,-7000000.0,112000000.0,1356000000.0,,1429000000.0,3203000000.0,21215000000.0,7748000000.0,385000000.0,5988000000.0,1760000000.0,-273000000.0,1487000000.0,28963000000.0,589600000.0,584700000.0,589600000.0
Caterpillar Inc,CAT,WRJR7GS4GTRECRRTVX92,18230,2016.0,Q3TTM,2015-10-01,2016-09-30,,2.46,1.77,3.08,1.77,,214000000.0,1018000000.0,1018000000.0,1010000000.0,8000000.0,29008000000.0,39993000000.0,,594000000.0,-8000000.0,166000000.0,2347000000.0,,2001000000.0,4458000000.0,29602000000.0,10391000000.0,511000000.0,8806000000.0,1585000000.0,-345000000.0,1240000000.0,39993000000.0,589600000.0,584700000.0,589600000.0
Caterpillar Inc,CAT,WRJR7GS4GTRECRRTVX92,18230,2016.0,Q2,2016-04-01,2016-06-30,2017-08-02 11:47:06+00:00,0.94,0.94,1.54,0.93,,184000000.0,553000000.0,553000000.0,550000000.0,3000000.0,7419000000.0,10342000000.0,,148000000.0,-2000000.0,84000000.0,399000000.0,,468000000.0,1123000000.0,7567000000.0,2775000000.0,130000000.0,1990000000.0,785000000.0,-46000000.0,739000000.0,10342000000.0,585100000.0,584100000.0,588600000.0
Caterpillar Inc,CAT,WRJR7GS4GTRECRRTVX92,18230,2016.0,Q2YTD,2016-01-01,2016-06-30,,1.4,1.4,1.54,1.39,,276000000.0,825000000.0,825000000.0,821000000.0,4000000.0,14241000000.0,19803000000.0,,300000000.0,-3000000.0,84000000.0,796000000.0,,976000000.0,2211000000.0,14541000000.0,5262000000.0,259000000.0,3983000000.0,1279000000.0,-175000000.0,1104000000.0,19803000000.0,585100000.0,584100000.0,588600000.0
Caterpillar Inc,CAT,WRJR7GS4GTRECRRTVX92,18230,2016.0,Q2TTM,2015-07-01,2016-06-30,,2.61,2.24,3.08,2.23,,336000000.0,1297000000.0,1297000000.0,1286000000.0,11000000.0,30353000000.0,41795000000.0,,589000000.0,-7000000.0,123000000.0,2168000000.0,,2061000000.0,4595000000.0,30942000000.0,10853000000.0,512000000.0,8824000000.0,2029000000.0,-389000000.0,1640000000.0,41795000000.0,585100000.0,584100000.0,588600000.0
Caterpillar Inc,CAT,WRJR7GS4GTRECRRTVX92,18230,2016.0,Q1,2016-01-01,2016-03-31,2017-05-03 11:43:09+00:00,0.46,0.46,0.0,0.46,,92000000.0,272000000.0,272000000.0,271000000.0,1000000.0,6822000000.0,9461000000.0,,152000000.0,-1000000.0,0.0,397000000.0,,508000000.0,1088000000.0,6974000000.0,2487000000.0,129000000.0,1993000000.0,494000000.0,-129000000.0,365000000.0,9461000000.0,589100000.0,582800000.0,587700000.0
Caterpillar Inc,CAT,WRJR7GS4GTRECRRTVX92,18230,2016.0,Q1TTM,2015-04-01,2016-03-31,,2.85,2.63,3.01,2.61,,487000000.0,1547000000.0,1547000000.0,1538000000.0,9000000.0,31608000000.0,43770000000.0,,589000000.0,-3000000.0,-33000000.0,2103000000.0,,2103000000.0,4790000000.0,32197000000.0,11573000000.0,507000000.0,8996000000.0,2577000000.0,-540000000.0,2037000000.0,43770000000.0,589100000.0,582800000.0,587700000.0
Caterpillar Inc,CAT,WRJR7GS4GTRECRRTVX92,18230,2017.0,FY,2017-01-01,2017-12-31,2020-02-19 14:12:34+00:00,1.27,1.27,3.11,1.26,0.0,3339000000.0,759000000.0,759000000.0,754000000.0,5000000.0,31260000000.0,45462000000.0,,646000000.0,16000000.0,153000000.0,2255000000.0,,1842000000.0,4999000000.0,31906000000.0,13556000000.0,531000000.0,9096000000.0,4460000000.0,-378000000.0,4082000000.0,45462000000.0,593700000.0,591800000.0,599300000.0
Caterpillar Inc,CAT,WRJR7GS4GTRECRRTVX92,18230,2017.0,Q4,2017-10-01,2017-12-31,,-2.21,-2.21,1.56,-2.18,,2418000000.0,-1299000000.0,-1299000000.0,-1299000000.0,,8965000000.0,12896000000.0,,162000000.0,8000000.0,-107000000.0,504000000.0,,498000000.0,1380000000.0,9127000000.0,3769000000.0,169000000.0,2382000000.0,1387000000.0,-276000000.0,1111000000.0,12896000000.0,593700000.0,591800000.0,599300000.0
Caterpillar Inc,CAT,WRJR7GS4GTRECRRTVX92,18230,2017.0,Q3,2017-07-01,2017-09-30,2018-10-31 12:14:01+00:00,1.79,1.79,0.0,1.77,,470000000.0,1061000000.0,1061000000.0,1059000000.0,2000000.0,7678000000.0,11413000000.0,,163000000.0,8000000.0,132000000.0,348000000.0,,461000000.0,1254000000.0,7841000000.0,3572000000.0,118000000.0,2063000000.0,1509000000.0,14000000.0,1523000000.0,11413000000.0,591600000.0,592900000.0,600100000.0
Caterpillar Inc,CAT,WRJR7GS4GTRECRRTVX92,18230,2017.0,Q3YTD,2017-01-01,2017-09-30,,3.48,3.48,1.55,3.44,,921000000.0,2058000000.0,2058000000.0,2053000000.0,5000000.0,22295000000.0,32566000000.0,,484000000.0,8000000.0,260000000.0,1751000000.0,,1344000000.0,3619000000.0,22779000000.0,9787000000.0,362000000.0,6714000000.0,3073000000.0,-102000000.0,2971000000.0,32566000000.0,591600000.0,592900000.0,600100000.0
Caterpillar Inc,CAT,WRJR7GS4GTRECRRTVX92,18230,2017.0,Q3TTM,2016-10-01,2017-09-30,,1.49,1.49,0.01,1.46,595000000.0,741000000.0,891000000.0,891000000.0,882000000.0,9000000.0,29571000000.0,42140000000.0,,37000000.0,9000000.0,-370000000.0,2299000000.0,596000000.0,1768000000.0,4799000000.0,29608000000.0,12532000000.0,482000000.0,10057000000.0,2475000000.0,-852000000.0,1623000000.0,42140000000.0,591600000.0,592900000.0,600100000.0
Caterpillar Inc,CAT,WRJR7GS4GTRECRRTVX92,18230,2017.0,Q2,2017-04-01,2017-06-30,2018-08-07 12:17:48+00:00,1.36,1.36,1.55,1.35,,361000000.0,803000000.0,803000000.0,802000000.0,1000000.0,7816000000.0,11331000000.0,,162000000.0,5000000.0,96000000.0,407000000.0,,458000000.0,1304000000.0,7978000000.0,3353000000.0,121000000.0,2169000000.0,1184000000.0,-25000000.0,1159000000.0,11331000000.0,589700000.0,590200000.0,595400000.0
Caterpillar Inc,CAT,WRJR7GS4GTRECRRTVX92,18230,2017.0,Q2YTD,2017-01-01,2017-06-30,,1.69,1.69,1.55,1.67,,451000000.0,997000000.0,997000000.0,994000000.0,3000000.0,14617000000.0,21153000000.0,,321000000.0,,128000000.0,1403000000.0,,883000000.0,2365000000.0,14938000000.0,6215000000.0,244000000.0,4651000000.0,1564000000.0,-116000000.0,1448000000.0,21153000000.0,589700000.0,590200000.0,595400000.0
Caterpillar Inc,CAT,WRJR7GS4GTRECRRTVX92,18230,2017.0,Q2TTM,2016-07-01,2017-06-30,,0.18,0.18,0.01,0.17,595000000.0,367000000.0,113000000.0,113000000.0,106000000.0,7000000.0,28420000000.0,39887000000.0,,21000000.0,-3000000.0,-474000000.0,2511000000.0,596000000.0,1760000000.0,4537000000.0,28441000000.0,11446000000.0,490000000.0,9999000000.0,1447000000.0,-964000000.0,483000000.0,39887000000.0,589700000.0,590200000.0,595400000.0
Caterpillar Inc,CAT,WRJR7GS4GTRECRRTVX92,18230,2017.0,Q1,2017-01-01,2017-03-31,2018-05-02 11:32:39+00:00,0.33,0.33,0.0,0.32,,90000000.0,194000000.0,194000000.0,192000000.0,2000000.0,6801000000.0,9822000000.0,,159000000.0,-5000000.0,32000000.0,996000000.0,,425000000.0,1061000000.0,6960000000.0,2862000000.0,123000000.0,2482000000.0,380000000.0,-91000000.0,289000000.0,9822000000.0,581800000.0,587500000.0,593200000.0
Caterpillar Inc,CAT,WRJR7GS4GTRECRRTVX92,18230,2017.0,Q1TTM,2016-04-01,2017-03-31,,-0.24,-0.24,,-0.25,595000000.0,190000000.0,-137000000.0,-137000000.0,-146000000.0,9000000.0,28023000000.0,38898000000.0,,7000000.0,-10000000.0,-486000000.0,2503000000.0,596000000.0,1770000000.0,4356000000.0,28030000000.0,10868000000.0,499000000.0,9820000000.0,1048000000.0,-985000000.0,63000000.0,38898000000.0,581800000.0,587500000.0,593200000.0
Caterpillar Inc,CAT,WRJR7GS4GTRECRRTVX92,18230,2018.0,FY,2018-01-01,2018-12-31,2020-02-19 14:12:34+00:00,10.39,10.39,3.36,10.26,0.0,1698000000.0,6148000000.0,6148000000.0,6147000000.0,1000000.0,36997000000.0,54722000000.0,,722000000.0,24000000.0,-67000000.0,1382000000.0,,1850000000.0,5478000000.0,37719000000.0,17003000000.0,404000000.0,8710000000.0,8293000000.0,-471000000.0,7822000000.0,54722000000.0,591600000.0,591400000.0,599400000.0
Caterpillar Inc,CAT,WRJR7GS4GTRECRRTVX92,18230,2018.0,Q4,2018-10-01,2018-12-31,,1.83,1.83,1.72,1.82,,321000000.0,1049000000.0,1049000000.0,1048000000.0,1000000.0,9987000000.0,14342000000.0,,189000000.0,3000000.0,-417000000.0,354000000.0,,466000000.0,1463000000.0,10176000000.0,4166000000.0,99000000.0,2283000000.0,1883000000.0,-516000000.0,1367000000.0,14342000000.0,591600000.0,591400000.0,599400000.0
Caterpillar Inc,CAT,WRJR7GS4GTRECRRTVX92,18230,2018.0,Q3,2018-07-01,2018-09-30,2019-10-31 10:52:48+00:00,2.92,2.92,,2.88,,415000000.0,1727000000.0,1727000000.0,1727000000.0,0.0,9022000000.0,13510000000.0,,185000000.0,7000000.0,102000000.0,390000000.0,,479000000.0,1299000000.0,9207000000.0,4303000000.0,102000000.0,2168000000.0,2135000000.0,,2135000000.0,13510000000.0,591400000.0,592100000.0,599400000.0
Caterpillar Inc,CAT,WRJR7GS4GTRECRRTVX92,18230,2018.0,Q3YTD,2018-01-01,2018-09-30,,8.56,8.56,1.64,8.44,,1377000000.0,5099000000.0,5099000000.0,5099000000.0,,27010000000.0,40380000000.0,,533000000.0,21000000.0,350000000.0,1028000000.0,,1384000000.0,4015000000.0,27543000000.0,12837000000.0,305000000.0,6427000000.0,6410000000.0,45000000.0,6455000000.0,40380000000.0,591400000.0,592100000.0,599400000.0
Caterpillar Inc,CAT,WRJR7GS4GTRECRRTVX92,18230,2018.0,Q3TTM,2017-10-01,2018-09-30,,6.35,6.35,3.2,6.26,,3795000000.0,3800000000.0,3800000000.0,3800000000.0,,35975000000.0,53276000000.0,,695000000.0,29000000.0,243000000.0,1532000000.0,,1882000000.0,5395000000.0,36670000000.0,16606000000.0,474000000.0,8809000000.0,7797000000.0,-231000000.0,7566000000.0,53276000000.0,591400000.0,592100000.0,599400000.0
Caterpillar Inc,CAT,WRJR7GS4GTRECRRTVX92,18230,2018.0,Q2,2018-04-01,2018-06-30,2018-08-07 12:17:48+00:00,2.86,2.86,1.64,2.82,,490000000.0,1705000000.0,1705000000.0,1707000000.0,-2000000.0,9422000000.0,14011000000.0,,182000000.0,9000000.0,121000000.0,338000000.0,,462000000.0,1440000000.0,9604000000.0,4407000000.0,102000000.0,2240000000.0,2167000000.0,19000000.0,2186000000.0,14011000000.0,596900000.0,596200000.0,604200000.0
Caterpillar Inc,CAT,WRJR7GS4GTRECRRTVX92,18230,2018.0,Q2YTD,2018-01-01,2018-06-30,,5.64,5.64,1.64,5.56,,962000000.0,3372000000.0,3372000000.0,3372000000.0,,17988000000.0,26870000000.0,,348000000.0,14000000.0,248000000.0,638000000.0,,905000000.0,2716000000.0,18336000000.0,8534000000.0,203000000.0,4259000000.0,4275000000.0,45000000.0,4320000000.0,26870000000.0,596900000.0,596200000.0,604200000.0
Caterpillar Inc,CAT,WRJR7GS4GTRECRRTVX92,18230,2018.0,Q2TTM,2017-07-01,2018-06-30,,5.22,5.22,3.2,5.15,,3850000000.0,3134000000.0,3134000000.0,3132000000.0,2000000.0,34631000000.0,51179000000.0,,673000000.0,30000000.0,273000000.0,1490000000.0,,1864000000.0,5350000000.0,35304000000.0,15875000000.0,490000000.0,8704000000.0,7171000000.0,-217000000.0,6954000000.0,51179000000.0,596900000.0,596200000.0,604200000.0
Caterpillar Inc,CAT,WRJR7GS4GTRECRRTVX92,18230,2018.0,Q1,2018-01-01,2018-03-31,2019-05-06 12:20:29+00:00,2.78,2.78,,2.74,,472000000.0,1667000000.0,1667000000.0,1665000000.0,2000000.0,8566000000.0,12859000000.0,,166000000.0,5000000.0,127000000.0,300000000.0,,443000000.0,1276000000.0,8732000000.0,4127000000.0,101000000.0,2019000000.0,2108000000.0,26000000.0,2134000000.0,12859000000.0,598900000.0,598000000.0,608000000.0
Caterpillar Inc,CAT,WRJR7GS4GTRECRRTVX92,18230,2018.0,Q1TTM,2017-04-01,2018-03-31,,3.72,3.72,3.11,3.68,,3721000000.0,2232000000.0,2232000000.0,2227000000.0,5000000.0,33025000000.0,48499000000.0,,653000000.0,26000000.0,248000000.0,1559000000.0,,1860000000.0,5214000000.0,33678000000.0,14821000000.0,509000000.0,8633000000.0,6188000000.0,-261000000.0,5927000000.0,48499000000.0,598900000.0,598000000.0,608000000.0
Caterpillar Inc,CAT,WRJR7GS4GTRECRRTVX92,18230,2019.0,Q4,2019-10-01,2019-12-31,,2.02,2.02,3.95,2.0,,276000000.0,1097000000.0,1097000000.0,1098000000.0,-1000000.0,9117000000.0,13144000000.0,,183000000.0,8000000.0,-373000000.0,325000000.0,,386000000.0,1283000000.0,9300000000.0,3844000000.0,112000000.0,1994000000.0,1850000000.0,-485000000.0,1365000000.0,13144000000.0,561600000.0,561600000.0,567500000.0
Caterpillar Inc,CAT,WRJR7GS4GTRECRRTVX92,18230,2019.0,FY,2019-01-01,2019-12-31,2020-02-19 14:12:34+00:00,10.85,10.85,3.95,10.74,0.0,1746000000.0,6094000000.0,6094000000.0,6093000000.0,1000000.0,36630000000.0,53800000000.0,,754000000.0,28000000.0,-57000000.0,1271000000.0,,1693000000.0,5162000000.0,37384000000.0,16416000000.0,421000000.0,8126000000.0,8290000000.0,-478000000.0,7812000000.0,53800000000.0,561600000.0,561600000.0,567500000.0
Caterpillar Inc,CAT,WRJR7GS4GTRECRRTVX92,18230,2019.0,Q3,2019-07-01,2019-09-30,2019-10-31 10:52:48+00:00,2.69,2.69,,2.66,,518000000.0,1494000000.0,1494000000.0,1494000000.0,0.0,8569000000.0,12758000000.0,,189000000.0,7000000.0,88000000.0,298000000.0,,431000000.0,1251000000.0,8758000000.0,4000000000.0,103000000.0,1980000000.0,2020000000.0,-15000000.0,2005000000.0,12758000000.0,555400000.0,556300000.0,561200000.0
Caterpillar Inc,CAT,WRJR7GS4GTRECRRTVX92,18230,2019.0,Q3YTD,2019-01-01,2019-09-30,,8.83,8.83,,8.74,,1470000000.0,4997000000.0,4997000000.0,4995000000.0,2000000.0,27513000000.0,40656000000.0,,571000000.0,20000000.0,316000000.0,946000000.0,,1307000000.0,3879000000.0,28084000000.0,12572000000.0,309000000.0,6132000000.0,6440000000.0,7000000.0,6447000000.0,40656000000.0,555400000.0,556300000.0,561200000.0
Caterpillar Inc,CAT,WRJR7GS4GTRECRRTVX92,18230,2019.0,Q3TTM,2018-10-01,2019-09-30,,10.66,10.66,1.72,10.56,,1791000000.0,6046000000.0,6046000000.0,6043000000.0,3000000.0,37500000000.0,54998000000.0,,760000000.0,23000000.0,-101000000.0,1300000000.0,,1773000000.0,5342000000.0,38260000000.0,16738000000.0,408000000.0,8415000000.0,8323000000.0,-509000000.0,7814000000.0,54998000000.0,555400000.0,556300000.0,561200000.0
Caterpillar Inc,CAT,WRJR7GS4GTRECRRTVX92,18230,2019.0,Q2,2019-04-01,2019-06-30,2019-08-01 11:04:05+00:00,2.85,2.85,,2.83,,565000000.0,1619000000.0,1619000000.0,1620000000.0,-1000000.0,9941000000.0,14432000000.0,,192000000.0,6000000.0,68000000.0,336000000.0,,441000000.0,1309000000.0,10133000000.0,4299000000.0,103000000.0,2086000000.0,2213000000.0,-35000000.0,2178000000.0,14432000000.0,568400000.0,567800000.0,573100000.0
Caterpillar Inc,CAT,WRJR7GS4GTRECRRTVX92,18230,2019.0,Q2YTD,2019-01-01,2019-06-30,,6.14,6.14,,6.08,,952000000.0,3503000000.0,3503000000.0,3501000000.0,2000000.0,18944000000.0,27898000000.0,,382000000.0,13000000.0,228000000.0,648000000.0,,876000000.0,2628000000.0,19326000000.0,8572000000.0,206000000.0,4152000000.0,4420000000.0,22000000.0,4442000000.0,27898000000.0,568400000.0,567800000.0,573100000.0
Caterpillar Inc,CAT,WRJR7GS4GTRECRRTVX92,18230,2019.0,Q2TTM,2018-07-01,2019-06-30,,10.89,10.89,1.72,10.78,,1688000000.0,6279000000.0,6279000000.0,6276000000.0,3000000.0,37953000000.0,55750000000.0,,756000000.0,23000000.0,-87000000.0,1392000000.0,,1821000000.0,5390000000.0,38709000000.0,17041000000.0,407000000.0,8603000000.0,8438000000.0,-494000000.0,7944000000.0,55750000000.0,568400000.0,567800000.0,573100000.0
Caterpillar Inc,CAT,WRJR7GS4GTRECRRTVX92,18230,2019.0,Q1,2019-01-01,2019-03-31,2020-05-06 13:09:58+00:00,3.29,3.29,,3.25,,387000000.0,1884000000.0,1884000000.0,1881000000.0,3000000.0,9003000000.0,13466000000.0,,190000000.0,7000000.0,160000000.0,312000000.0,,435000000.0,1319000000.0,9193000000.0,4273000000.0,103000000.0,2066000000.0,2207000000.0,57000000.0,2264000000.0,13466000000.0,571700000.0,572400000.0,578800000.0
Caterpillar Inc,CAT,WRJR7GS4GTRECRRTVX92,18230,2019.0,Q1TTM,2018-04-01,2019-03-31,,10.9,10.9,3.36,10.77,,1613000000.0,6365000000.0,6365000000.0,6363000000.0,2000000.0,37434000000.0,55329000000.0,,746000000.0,26000000.0,-34000000.0,1394000000.0,,1842000000.0,5521000000.0,38180000000.0,17149000000.0,406000000.0,8757000000.0,8392000000.0,-440000000.0,7952000000.0,55329000000.0,571700000.0,572400000.0,578800000.0
Caterpillar Inc,CAT,WRJR7GS4GTRECRRTVX92,18230,2020.0,Q1TTM,2019-04-01,2020-03-31,,9.56,9.56,3.95,9.47,,1784000000.0,5303000000.0,5303000000.0,5304000000.0,-1000000.0,34893000000.0,50969000000.0,,739000000.0,26000000.0,5000000.0,1272000000.0,,1614000000.0,4964000000.0,35632000000.0,15337000000.0,431000000.0,7850000000.0,7487000000.0,-426000000.0,7061000000.0,50969000000.0,546000000.0,546800000.0,551100000.0
Caterpillar Inc,CAT,WRJR7GS4GTRECRRTVX92,18230,2020.0,Q1,2020-01-01,2020-03-31,2020-05-06 13:09:58+00:00,2.0,2.0,,1.98,,425000000.0,1093000000.0,1093000000.0,1092000000.0,1000000.0,7266000000.0,10635000000.0,,175000000.0,5000000.0,222000000.0,313000000.0,,356000000.0,1121000000.0,7441000000.0,3194000000.0,113000000.0,1790000000.0,1404000000.0,109000000.0,1513000000.0,10635000000.0,546000000.0,546800000.0,551100000.0
