company_name,company_ticker,company_lei,company_cik,year,quarter,start_date,end_date,filing_date,amortizationexpense,basicdilutedeps,basiceps,cashdividendspershare,dilutedeps,incometaxexpense,netincome,netincomecontinuing,netincomediscontinued,netincometocommon,operatingcostofrevenue,operatingrevenue,othergains,otherincome,rdexpense,sgaexpense,totalcostofrevenue,totalgrossprofit,totalinterestexpense,totalinterestincome,totaloperatingexpenses,totaloperatingincome,totalotherincome,totalpretaxincome,totalrevenue,weightedavebasicdilutedsharesos,weightedavebasicsharesos,weightedavedilutedsharesos
Abbott Laboratories,ABT,HQD377W2YR662HK5JX27,1800,2007.0,FY,2007-01-01,2007-12-31,2010-02-19 16:05:52+00:00,,2.34,2.34,,2.31,863334000.0,3606314000.0,3606314000.0,0.0,3606314000.0,11422046000.0,25914238000.0,,-150523000.0,2505649000.0,7407998000.0,11422046000.0,14492192000.0,593142000.0,634768000.0,9913647000.0,4578545000.0,-108897000.0,4469648000.0,25914238000.0,1541200000.0,1543082000.0,1560057000.0
Abbott Laboratories,ABT,HQD377W2YR662HK5JX27,1800,2008.0,FY,2008-01-01,2008-12-31,2011-02-18 15:03:18+00:00,,3.16,3.16,0.0,3.12,1122070000.0,4880719000.0,4734216000.0,146503000.0,4880719000.0,12612022000.0,29527552000.0,,370695000.0,2786067000.0,8435624000.0,12612022000.0,16915530000.0,528474000.0,320226000.0,11221691000.0,5693839000.0,162447000.0,5856286000.0,29527552000.0,1544500000.0,1545355000.0,1560753000.0
Abbott Laboratories,ABT,HQD377W2YR662HK5JX27,1800,2008.0,Q3,2008-07-01,2008-09-30,2009-11-06 10:45:41+00:00,,0.7,0.7,0.36,0.69,288424000.0,1084612000.0,1084612000.0,,1084612000.0,3352869000.0,7497660000.0,,46220000.0,680360000.0,2067914000.0,3352869000.0,4144791000.0,125014000.0,55313000.0,2748274000.0,1396517000.0,-23481000.0,1373036000.0,7497660000.0,1549400000.0,1545639000.0,1563730000.0
Abbott Laboratories,ABT,HQD377W2YR662HK5JX27,1800,2008.0,Q2,2008-04-01,2008-06-30,2009-08-07 09:27:16+00:00,,1.72,0.86,0.36,0.85,314304000.0,1322014000.0,1322014000.0,,1322014000.0,3119700000.0,7314021000.0,,295999000.0,735419000.0,2052317000.0,3119700000.0,4194321000.0,137769000.0,71503000.0,2787736000.0,1406585000.0,229733000.0,1636318000.0,7314021000.0,768600000.0,1539786000.0,1553395000.0
Abbott Laboratories,ABT,HQD377W2YR662HK5JX27,1800,2009.0,FY,2009-01-01,2009-12-31,2011-02-18 15:03:18+00:00,,3.71,3.71,0.0,3.69,1447936000.0,5745838000.0,5745838000.0,0.0,5745838000.0,13209329000.0,30764707000.0,,1339910000.0,2913733000.0,8405904000.0,13209329000.0,17555378000.0,519656000.0,137779000.0,11319637000.0,6235741000.0,958033000.0,7193774000.0,30764707000.0,1548700000.0,1546983000.0,1555126000.0
Abbott Laboratories,ABT,HQD377W2YR662HK5JX27,1800,2009.0,Q4,2009-10-01,2009-12-31,,,1.0,1.0,-1.2,0.99,284153000.0,1538729000.0,1538729000.0,,1538729000.0,3784223000.0,8790127000.0,,53513000.0,917048000.0,2225047000.0,3784223000.0,5005904000.0,123885000.0,29445000.0,3142095000.0,1863809000.0,-40927000.0,1822882000.0,8790127000.0,1548700000.0,1546983000.0,1555126000.0
Abbott Laboratories,ABT,HQD377W2YR662HK5JX27,1800,2009.0,Q3,2009-07-01,2009-09-30,2010-11-05 13:50:38+00:00,,0.95,0.95,0.4,0.95,391008000.0,1480367000.0,1480367000.0,,1480367000.0,3360187000.0,7761336000.0,,327821000.0,675736000.0,2085660000.0,3360187000.0,4401149000.0,134612000.0,38413000.0,2761396000.0,1639753000.0,231622000.0,1871375000.0,7761336000.0,1558300000.0,1546291000.0,1552483000.0
Abbott Laboratories,ABT,HQD377W2YR662HK5JX27,1800,2009.0,Q3YTD,2009-01-01,2009-09-30,,,2.71,2.71,1.2,2.7,1163783000.0,4207109000.0,4207109000.0,,4207109000.0,9425106000.0,21974580000.0,,1286397000.0,1996685000.0,6180857000.0,9425106000.0,12549474000.0,395771000.0,108334000.0,8177542000.0,4371932000.0,998960000.0,5370892000.0,21974580000.0,1558300000.0,1546291000.0,1552483000.0
Abbott Laboratories,ABT,HQD377W2YR662HK5JX27,1800,2009.0,Q2,2009-04-01,2009-06-30,2010-08-05 13:33:16+00:00,,0.83,0.83,0.4,0.83,278933000.0,1288105000.0,1288105000.0,,1288105000.0,3128998000.0,7494876000.0,,-1290000.0,670206000.0,2024252000.0,3128998000.0,4365878000.0,136969000.0,33877000.0,2694458000.0,1671420000.0,-104382000.0,1567038000.0,7494876000.0,1551900000.0,1545643000.0,1550564000.0
Abbott Laboratories,ABT,HQD377W2YR662HK5JX27,1800,2009.0,Q2YTD,2009-01-01,2009-06-30,,,1.76,1.76,0.8,1.75,772775000.0,2726742000.0,2726742000.0,,2726742000.0,6064919000.0,14213244000.0,,958576000.0,1320949000.0,4095197000.0,6064919000.0,8148325000.0,261159000.0,69921000.0,5416146000.0,2732179000.0,767338000.0,3499517000.0,14213244000.0,1551900000.0,1545643000.0,1550564000.0
Abbott Laboratories,ABT,HQD377W2YR662HK5JX27,1800,2009.0,Q1,2009-01-01,2009-03-31,2010-06-09 11:09:34+00:00,,0.93,0.93,0.4,0.92,493842000.0,1438637000.0,1438637000.0,0.0,1438637000.0,2935921000.0,6718368000.0,,959866000.0,650743000.0,2070945000.0,2935921000.0,3782447000.0,124190000.0,36044000.0,2721688000.0,1060759000.0,871720000.0,1932479000.0,6718368000.0,1546900000.0,1545767000.0,1556385000.0
Abbott Laboratories,ABT,HQD377W2YR662HK5JX27,1800,2010.0,FY,2010-01-01,2010-12-31,2012-02-21 15:11:18+00:00,,2.98,2.98,,2.98,1086662000.0,4626172000.0,4626172000.0,,4626172000.0,14665192000.0,35166721000.0,,,4037624000.0,10376324000.0,14665192000.0,20501529000.0,374747000.0,0.0,14413948000.0,6087581000.0,-374747000.0,5712834000.0,35166721000.0,1552400000.0,1546400000.0,1556022000.0
Abbott Laboratories,ABT,HQD377W2YR662HK5JX27,1800,2010.0,Q4,2010-10-01,2010-12-31,,,0.92,0.92,-2.15,0.93,326983000.0,1440847000.0,1440847000.0,,1440847000.0,4045040000.0,9967848000.0,,-75887000.0,1295632000.0,2797229000.0,4045040000.0,5922808000.0,2487000.0,16257000.0,4092861000.0,1829947000.0,-62117000.0,1767830000.0,9967848000.0,1552400000.0,1546400000.0,1556022000.0
Abbott Laboratories,ABT,HQD377W2YR662HK5JX27,1800,2010.0,Q3,2010-07-01,2010-09-30,2011-11-04 14:00:54+00:00,,0.58,0.58,0.44,0.57,173450000.0,890660000.0,890660000.0,,890660000.0,3741116000.0,8674505000.0,,16437000.0,1078927000.0,2673277000.0,3741116000.0,4933389000.0,149102000.0,15590000.0,3752204000.0,1181185000.0,-117075000.0,1064110000.0,8674505000.0,1535600000.0,1545413000.0,1554052000.0
Abbott Laboratories,ABT,HQD377W2YR662HK5JX27,1800,2010.0,Q3YTD,2010-01-01,2010-09-30,,,2.06,2.06,2.15,2.05,759679000.0,3185325000.0,3185325000.0,,3185325000.0,10620152000.0,25198873000.0,,75887000.0,2741992000.0,7579095000.0,10620152000.0,14578721000.0,372260000.0,-16257000.0,10321087000.0,4257634000.0,-312630000.0,3945004000.0,25198873000.0,1535600000.0,1545413000.0,1554052000.0
Abbott Laboratories,ABT,HQD377W2YR662HK5JX27,1800,2010.0,Q3TTM,2009-10-01,2010-09-30,,,3.06,3.06,0.95,3.04,1043832000.0,4724054000.0,4724054000.0,,4724054000.0,14404375000.0,33989000000.0,,129400000.0,3659040000.0,9804142000.0,14404375000.0,19584625000.0,496145000.0,13188000.0,13463182000.0,6121443000.0,-353557000.0,5767886000.0,33989000000.0,1535600000.0,1545413000.0,1554052000.0
Abbott Laboratories,ABT,HQD377W2YR662HK5JX27,1800,2010.0,Q2,2010-04-01,2010-06-30,2011-08-04 15:04:36+00:00,,0.83,0.83,1.27,0.83,267037000.0,1291650000.0,1291650000.0,0.0,1291650000.0,3543932000.0,8826014000.0,,49037000.0,932698000.0,2743418000.0,3543932000.0,5282082000.0,134488000.0,38172000.0,3676116000.0,1605966000.0,-47279000.0,1558687000.0,8826014000.0,1556200000.0,1544415000.0,1551782000.0
Abbott Laboratories,ABT,HQD377W2YR662HK5JX27,1800,2010.0,Q2YTD,2010-01-01,2010-06-30,,,1.48,1.48,1.71,1.48,586229000.0,2294665000.0,2294665000.0,,2294665000.0,6879036000.0,16524368000.0,,59450000.0,1663065000.0,4905818000.0,6879036000.0,9645332000.0,223158000.0,-31847000.0,6568883000.0,3076449000.0,-195555000.0,2880894000.0,16524368000.0,1556200000.0,1544415000.0,1551782000.0
Abbott Laboratories,ABT,HQD377W2YR662HK5JX27,1800,2010.0,Q2TTM,2009-07-01,2010-06-30,,,3.43,3.43,0.91,3.42,1261390000.0,5313761000.0,5313761000.0,,5313761000.0,14023446000.0,33075831000.0,,440784000.0,3255849000.0,9216525000.0,14023446000.0,19052385000.0,481655000.0,36011000.0,12472374000.0,6580011000.0,-4860000.0,6575151000.0,33075831000.0,1556200000.0,1544415000.0,1551782000.0
Abbott Laboratories,ABT,HQD377W2YR662HK5JX27,1800,2010.0,Q1,2010-01-01,2010-03-31,2011-05-06 14:14:37+00:00,,0.65,0.65,0.44,0.65,319192000.0,1003015000.0,1003015000.0,0.0,1003015000.0,3335104000.0,7698354000.0,,10413000.0,730367000.0,2162400000.0,3335104000.0,4363250000.0,88670000.0,-70019000.0,2892767000.0,1470483000.0,-148276000.0,1322207000.0,7698354000.0,29403000.0,1547815000.0,1561323000.0
Abbott Laboratories,ABT,HQD377W2YR662HK5JX27,1800,2010.0,Q1TTM,2009-04-01,2010-03-31,,,3.43,3.43,0.04,3.42,1273286000.0,5310216000.0,5310216000.0,,5310216000.0,13608512000.0,31744693000.0,,390457000.0,2993357000.0,8497359000.0,13608512000.0,18136181000.0,484136000.0,31716000.0,11490716000.0,6645465000.0,-61963000.0,6583502000.0,31744693000.0,29403000.0,1547815000.0,1561323000.0
Abbott Laboratories,ABT,HQD377W2YR662HK5JX27,1800,2011.0,FY,2011-01-01,2011-12-31,2013-02-15 15:15:07+00:00,,3.03,3.03,,3.01,470193000.0,4728449000.0,4728449000.0,,4728449000.0,15540580000.0,38851259000.0,,-108361000.0,4801914000.0,12756817000.0,15540580000.0,23310679000.0,530141000.0,85196000.0,17558731000.0,5751948000.0,-553306000.0,5198642000.0,38851259000.0,1560500000.0,1557643000.0,1567389000.0
Abbott Laboratories,ABT,HQD377W2YR662HK5JX27,1800,2011.0,Q4,2011-10-01,2011-12-31,,,1.04,1.04,-1.44,1.04,335037000.0,4728449000.0,4728449000.0,,4728449000.0,3837875000.0,10377453000.0,3109781000.0,-26473000.0,1551607000.0,2905503000.0,3837875000.0,6539578000.0,126086000.0,23796000.0,4457110000.0,2082468000.0,-128763000.0,1953705000.0,10377453000.0,1560500000.0,1557643000.0,1567389000.0
Abbott Laboratories,ABT,HQD377W2YR662HK5JX27,1800,2011.0,Q3,2011-07-01,2011-09-30,2012-11-07 14:04:37+00:00,,0.19,0.19,0.48,0.19,198414000.0,,0.0,,,3973250000.0,9816665000.0,-303181000.0,10240000.0,1009627000.0,4238910000.0,3973250000.0,5843415000.0,124339000.0,20816000.0,5248537000.0,594878000.0,-93283000.0,501595000.0,9816665000.0,,1558556000.0,1568287000.0
Abbott Laboratories,ABT,HQD377W2YR662HK5JX27,1800,2011.0,Q3YTD,2011-01-01,2011-09-30,,,1.99,1.99,1.44,1.97,135156000.0,,,,,11702705000.0,28473806000.0,-3109781000.0,-81888000.0,3250307000.0,9851314000.0,11702705000.0,16771101000.0,404055000.0,61400000.0,13101621000.0,3669480000.0,-424543000.0,3244937000.0,28473806000.0,,1558556000.0,1568287000.0
Abbott Laboratories,ABT,HQD377W2YR662HK5JX27,1800,2011.0,Q3TTM,2010-10-01,2011-09-30,,,2.91,2.91,-0.71,2.9,462139000.0,1440847000.0,1440847000.0,,1440847000.0,15747745000.0,38441654000.0,-3109781000.0,-157775000.0,4545939000.0,12648543000.0,15747745000.0,22693909000.0,406542000.0,77657000.0,17194482000.0,5499427000.0,-486660000.0,5012767000.0,38441654000.0,,1558556000.0,1568287000.0
Abbott Laboratories,ABT,HQD377W2YR662HK5JX27,1800,2011.0,Q2,2011-04-01,2011-06-30,2012-08-07 14:37:36+00:00,,1.24,1.24,0.48,1.23,-268226000.0,,0.0,,,3870472000.0,9616291000.0,-1942782000.0,16364000.0,1210280000.0,2762086000.0,3870472000.0,5745819000.0,134129000.0,18868000.0,3972366000.0,1773453000.0,-98897000.0,1674556000.0,9616291000.0,,1556869000.0,1566103000.0
Abbott Laboratories,ABT,HQD377W2YR662HK5JX27,1800,2011.0,Q2YTD,2011-01-01,2011-06-30,,,1.8,1.8,0.96,1.78,-63258000.0,,,,,7729455000.0,18657141000.0,-2806600000.0,-92128000.0,2240680000.0,5612404000.0,7729455000.0,10927686000.0,279716000.0,40584000.0,7853084000.0,3074602000.0,-331260000.0,2743342000.0,18657141000.0,,1556869000.0,1566103000.0
Abbott Laboratories,ABT,HQD377W2YR662HK5JX27,1800,2011.0,Q2TTM,2010-07-01,2011-06-30,,,3.3,3.3,-0.75,3.28,437175000.0,2331507000.0,2331507000.0,,2331507000.0,15515611000.0,37299494000.0,-2806600000.0,-151578000.0,4615239000.0,11082910000.0,15515611000.0,21783883000.0,431305000.0,72431000.0,15698149000.0,6085734000.0,-510452000.0,5575282000.0,37299494000.0,,1556869000.0,1566103000.0
Abbott Laboratories,ABT,HQD377W2YR662HK5JX27,1800,2011.0,Q1,2011-01-01,2011-03-31,2012-05-08 15:38:12+00:00,,0.56,0.56,0.48,0.55,204968000.0,,0.0,,,3858983000.0,9040850000.0,-863818000.0,-108492000.0,1030400000.0,2850318000.0,3858983000.0,5181867000.0,145587000.0,21716000.0,3880718000.0,1301149000.0,-232363000.0,1068786000.0,9040850000.0,,1551755000.0,1558641000.0
Abbott Laboratories,ABT,HQD377W2YR662HK5JX27,1800,2011.0,Q1TTM,2010-04-01,2011-03-31,,,2.89,2.89,0.04,2.88,972438000.0,3623157000.0,3623157000.0,,3623157000.0,15189071000.0,36509217000.0,-863818000.0,-118905000.0,4337657000.0,11064242000.0,15189071000.0,21320146000.0,431664000.0,91735000.0,15401899000.0,5918247000.0,-458834000.0,5459413000.0,36509217000.0,,1551755000.0,1558641000.0
Abbott Laboratories,ABT,HQD377W2YR662HK5JX27,1800,2012.0,FY,2012-01-01,2012-12-31,2015-02-27 12:57:49+00:00,595000000.0,3.76,3.76,1.67,3.72,-457000000.0,5963000000.0,237000000.0,5726000000.0,5963000000.0,8899000000.0,19050000000.0,,32000000.0,1461000000.0,6735000000.0,8899000000.0,10151000000.0,1671000000.0,59000000.0,8791000000.0,1360000000.0,-1580000000.0,-220000000.0,19050000000.0,1585900000.0,1575000000.0,1592000000.0
Abbott Laboratories,ABT,HQD377W2YR662HK5JX27,1800,2012.0,Q4,2012-10-01,2012-12-31,,-4502000.0,0.66,0.66,0.14,0.65,-580214000.0,1053458000.0,-863977000.0,1917435000.0,1053458000.0,1680867000.0,3188231000.0,,-27181000.0,376028000.0,1159230000.0,1680867000.0,1507364000.0,1353598000.0,-40020000.0,1530756000.0,-23392000.0,-1420799000.0,-1444191000.0,3188231000.0,1585900000.0,1575000000.0,1592000000.0
Abbott Laboratories,ABT,HQD377W2YR662HK5JX27,1800,2012.0,Q3,2012-07-01,2012-09-30,2013-11-07 16:05:51+00:00,195089000.0,1.22,1.22,0.51,1.21,-107610000.0,1942806000.0,338921000.0,1603885000.0,1942806000.0,2488913000.0,5264787000.0,,9463000.0,350653000.0,1920115000.0,2488913000.0,2775874000.0,152034000.0,63865000.0,2465857000.0,310017000.0,-78706000.0,231311000.0,5264787000.0,1592500000.0,1576771000.0,1594279000.0
Abbott Laboratories,ABT,HQD377W2YR662HK5JX27,1800,2012.0,Q3YTD,2012-01-01,2012-09-30,,599502000.0,3.1,3.1,1.53,3.07,123214000.0,4909542000.0,1100977000.0,3808565000.0,4909542000.0,7218133000.0,15861769000.0,,59181000.0,1084972000.0,5575770000.0,7218133000.0,8643636000.0,317402000.0,99020000.0,7260244000.0,1383392000.0,-159201000.0,1224191000.0,15861769000.0,1592500000.0,1576771000.0,1594279000.0
Abbott Laboratories,ABT,HQD377W2YR662HK5JX27,1800,2012.0,Q3TTM,2011-10-01,2012-09-30,,599502000.0,4.14,4.14,0.09,4.11,458251000.0,9637991000.0,5829426000.0,3808565000.0,9637991000.0,11056008000.0,26239222000.0,3109781000.0,32708000.0,2636579000.0,8481273000.0,11056008000.0,15183214000.0,443488000.0,122816000.0,11717354000.0,3465860000.0,-287964000.0,3177896000.0,26239222000.0,1592500000.0,1576771000.0,1594279000.0
Abbott Laboratories,ABT,HQD377W2YR662HK5JX27,1800,2012.0,Q2,2012-04-01,2012-06-30,2013-08-06 12:33:40+00:00,194823000.0,1.09,1.09,0.51,1.08,118663000.0,1724612000.0,410841000.0,1313771000.0,1724612000.0,2370056000.0,5313297000.0,,29713000.0,370605000.0,1813623000.0,2370056000.0,2943241000.0,83288000.0,18889000.0,2379051000.0,564190000.0,-34686000.0,529504000.0,5313297000.0,1582200000.0,1572099000.0,1588502000.0
Abbott Laboratories,ABT,HQD377W2YR662HK5JX27,1800,2012.0,Q2YTD,2012-01-01,2012-06-30,,404413000.0,1.88,1.88,1.02,1.86,230824000.0,2966736000.0,762056000.0,2204680000.0,2966736000.0,4729220000.0,10596982000.0,,49718000.0,734319000.0,3655655000.0,4729220000.0,5867762000.0,165368000.0,35155000.0,4794387000.0,1073375000.0,-80495000.0,992880000.0,10596982000.0,1582200000.0,1572099000.0,1588502000.0
Abbott Laboratories,ABT,HQD377W2YR662HK5JX27,1800,2012.0,Q2TTM,2011-07-01,2012-06-30,,404413000.0,3.11,3.11,0.06,3.09,764275000.0,7695185000.0,5490505000.0,2204680000.0,7695185000.0,12540345000.0,30791100000.0,2806600000.0,33485000.0,3295553000.0,10800068000.0,12540345000.0,18250755000.0,415793000.0,79767000.0,14500034000.0,3750721000.0,-302541000.0,3448180000.0,30791100000.0,1582200000.0,1572099000.0,1588502000.0
Abbott Laboratories,ABT,HQD377W2YR662HK5JX27,1800,2012.0,Q1,2012-01-01,2012-03-31,2013-05-08 15:33:31+00:00,209590000.0,0.79,0.79,0.51,0.78,112161000.0,1242124000.0,351215000.0,890909000.0,1242124000.0,2359164000.0,5283685000.0,,20005000.0,363714000.0,1842032000.0,2359164000.0,2924521000.0,82080000.0,16266000.0,2415336000.0,509185000.0,-45809000.0,463376000.0,5283685000.0,1572300000.0,1573921000.0,1589510000.0
Abbott Laboratories,ABT,HQD377W2YR662HK5JX27,1800,2012.0,Q1TTM,2011-04-01,2012-03-31,,209590000.0,3.26,3.26,0.03,3.24,377386000.0,5970573000.0,5079664000.0,890909000.0,5970573000.0,14040761000.0,35094094000.0,863818000.0,20136000.0,4135228000.0,11748531000.0,14040761000.0,21053333000.0,466634000.0,79746000.0,16093349000.0,4959984000.0,-366752000.0,4593232000.0,35094094000.0,1572300000.0,1573921000.0,1589510000.0
Abbott Laboratories,ABT,HQD377W2YR662HK5JX27,1800,2013.0,FY,2013-01-01,2013-12-31,2015-02-27 12:57:49+00:00,588000000.0,1.64,1.64,0.64,1.62,53000000.0,2576000000.0,1988000000.0,588000000.0,2576000000.0,9193000000.0,19657000000.0,,-14000000.0,1371000000.0,6372000000.0,9193000000.0,10464000000.0,145000000.0,67000000.0,8331000000.0,2133000000.0,-92000000.0,2041000000.0,19657000000.0,1570700000.0,1558000000.0,1574000000.0
Abbott Laboratories,ABT,HQD377W2YR662HK5JX27,1800,2013.0,Q4,2013-10-01,2013-12-31,,46000000.0,0.37,0.37,0.22,0.37,81000000.0,590000000.0,324000000.0,266000000.0,590000000.0,1961000000.0,4008000000.0,,-5000000.0,323000000.0,1260000000.0,1961000000.0,2047000000.0,27000000.0,19000000.0,1629000000.0,418000000.0,-13000000.0,405000000.0,4008000000.0,1570700000.0,1558000000.0,1574000000.0
Abbott Laboratories,ABT,HQD377W2YR662HK5JX27,1800,2013.0,Q3YTD,2013-01-01,2013-09-30,,542000000.0,1.27,1.27,0.42,1.25,-28000000.0,1986000000.0,1664000000.0,322000000.0,1986000000.0,7232000000.0,15649000000.0,,-9000000.0,1048000000.0,5112000000.0,7232000000.0,8417000000.0,118000000.0,48000000.0,6702000000.0,1715000000.0,-79000000.0,1636000000.0,15649000000.0,1558100000.0,1551803000.0,1566691000.0
Abbott Laboratories,ABT,HQD377W2YR662HK5JX27,1800,2013.0,Q3TTM,2012-10-01,2013-09-30,,537498000.0,1.93,1.93,0.56,1.9,-608214000.0,3039458000.0,800023000.0,2239435000.0,3039458000.0,8912867000.0,18837231000.0,,-36181000.0,1424028000.0,6271230000.0,8912867000.0,9924364000.0,1471598000.0,7980000.0,8232756000.0,1691608000.0,-1499799000.0,191809000.0,18837231000.0,1558100000.0,1551803000.0,1566691000.0
Abbott Laboratories,ABT,HQD377W2YR662HK5JX27,1800,2013.0,Q3,2013-07-01,2013-09-30,2014-11-06 17:01:19+00:00,146000000.0,0.62,0.62,0.14,0.61,-163000000.0,966000000.0,644000000.0,322000000.0,966000000.0,2255000000.0,4825000000.0,,29000000.0,339000000.0,1612000000.0,2255000000.0,2570000000.0,37000000.0,16000000.0,2097000000.0,473000000.0,8000000.0,481000000.0,4825000000.0,1558100000.0,1551803000.0,1566691000.0
Abbott Laboratories,ABT,HQD377W2YR662HK5JX27,1800,2013.0,Q2YTD,2013-01-01,2013-06-30,,396000000.0,0.65,0.65,0.28,0.64,135000000.0,1020000000.0,1020000000.0,,1020000000.0,4977000000.0,10824000000.0,,-38000000.0,709000000.0,3500000000.0,4977000000.0,5847000000.0,81000000.0,32000000.0,4605000000.0,1242000000.0,-87000000.0,1155000000.0,10824000000.0,1586700000.0,1560519000.0,1576684000.0
Abbott Laboratories,ABT,HQD377W2YR662HK5JX27,1800,2013.0,Q2TTM,2012-07-01,2013-06-30,,586587000.0,2.53,2.53,0.93,2.5,-552824000.0,4016264000.0,494944000.0,3521320000.0,4016264000.0,9146780000.0,19277018000.0,,-55718000.0,1435681000.0,6579345000.0,9146780000.0,10130238000.0,1586632000.0,55845000.0,8601613000.0,1528625000.0,-1586505000.0,-57880000.0,19277018000.0,1586700000.0,1560519000.0,1576684000.0
Abbott Laboratories,ABT,HQD377W2YR662HK5JX27,1800,2013.0,Q2,2013-04-01,2013-06-30,2014-08-05 16:32:05+00:00,197000000.0,0.3,0.3,0.14,0.3,125000000.0,476000000.0,476000000.0,,476000000.0,2545000000.0,5446000000.0,,-3000000.0,363000000.0,1714000000.0,2545000000.0,2901000000.0,40000000.0,17000000.0,2274000000.0,627000000.0,-26000000.0,601000000.0,5446000000.0,1586700000.0,1560519000.0,1576684000.0
Abbott Laboratories,ABT,HQD377W2YR662HK5JX27,1800,2013.0,Q1,2013-01-01,2013-03-31,2014-05-07 16:47:07+00:00,199000000.0,0.35,0.35,0.14,0.34,10000000.0,544000000.0,544000000.0,0.0,544000000.0,2432000000.0,5378000000.0,,-35000000.0,346000000.0,1786000000.0,2432000000.0,2946000000.0,41000000.0,15000000.0,2331000000.0,615000000.0,-61000000.0,554000000.0,5378000000.0,1554300000.0,1568730000.0,1586018000.0
Abbott Laboratories,ABT,HQD377W2YR662HK5JX27,1800,2013.0,Q1TTM,2012-04-01,2013-03-31,,584410000.0,3.32,3.32,1.3,3.28,-559161000.0,5264876000.0,429785000.0,4835091000.0,5264876000.0,8971836000.0,19144315000.0,,-23005000.0,1443286000.0,6678968000.0,8971836000.0,10172479000.0,1629920000.0,57734000.0,8706664000.0,1465815000.0,-1595191000.0,-129376000.0,19144315000.0,1554300000.0,1568730000.0,1586018000.0
Abbott Laboratories,ABT,HQD377W2YR662HK5JX27,1800,2014.0,FY,2014-01-01,2014-12-31,2017-02-17 16:17:24+00:00,555000000.0,1.5,1.5,0.9,1.49,797000000.0,2284000000.0,1721000000.0,563000000.0,2284000000.0,9218000000.0,20247000000.0,,10000000.0,1345000000.0,6530000000.0,9218000000.0,11029000000.0,168000000.0,77000000.0,8430000000.0,2599000000.0,-81000000.0,2518000000.0,20247000000.0,1522700000.0,1516000000.0,1527000000.0
Abbott Laboratories,ABT,HQD377W2YR662HK5JX27,1800,2014.0,Q4,2014-10-01,2014-12-31,,163000000.0,0.59,0.59,0.24,0.59,170000000.0,905000000.0,634000000.0,271000000.0,905000000.0,2337000000.0,5356000000.0,,12000000.0,361000000.0,1666000000.0,2337000000.0,3019000000.0,61000000.0,24000000.0,2190000000.0,829000000.0,-25000000.0,804000000.0,5356000000.0,1522700000.0,1516000000.0,1527000000.0
Abbott Laboratories,ABT,HQD377W2YR662HK5JX27,1800,2014.0,Q3,2014-07-01,2014-09-30,2015-11-05 14:37:57+00:00,132000000.0,0.36,0.36,0.22,0.36,277000000.0,538000000.0,438000000.0,100000000.0,538000000.0,2319000000.0,5079000000.0,,4000000.0,305000000.0,1595000000.0,2319000000.0,2760000000.0,35000000.0,18000000.0,2032000000.0,728000000.0,-13000000.0,715000000.0,5079000000.0,1494400000.0,1508596000.0,1519780000.0
Abbott Laboratories,ABT,HQD377W2YR662HK5JX27,1800,2014.0,Q3YTD,2014-01-01,2014-09-30,,392000000.0,0.91,0.91,0.66,0.9,627000000.0,1379000000.0,1087000000.0,292000000.0,1379000000.0,6881000000.0,14891000000.0,,-2000000.0,984000000.0,4864000000.0,6881000000.0,8010000000.0,107000000.0,53000000.0,6240000000.0,1770000000.0,-56000000.0,1714000000.0,14891000000.0,1494400000.0,1508596000.0,1519780000.0
Abbott Laboratories,ABT,HQD377W2YR662HK5JX27,1800,2014.0,Q3TTM,2013-10-01,2014-09-30,,438000000.0,1.28,1.28,0.88,1.27,708000000.0,1969000000.0,1411000000.0,558000000.0,1969000000.0,8842000000.0,18899000000.0,,-7000000.0,1307000000.0,6124000000.0,8842000000.0,10057000000.0,134000000.0,72000000.0,7869000000.0,2188000000.0,-69000000.0,2119000000.0,18899000000.0,1494400000.0,1508596000.0,1519780000.0
Abbott Laboratories,ABT,HQD377W2YR662HK5JX27,1800,2014.0,Q2,2014-04-01,2014-06-30,2015-08-04 16:28:00+00:00,133000000.0,0.31,0.31,0.22,0.3,233000000.0,466000000.0,425000000.0,41000000.0,466000000.0,2288000000.0,5057000000.0,,-2000000.0,310000000.0,1649000000.0,2288000000.0,2769000000.0,36000000.0,19000000.0,2092000000.0,677000000.0,-19000000.0,658000000.0,5057000000.0,1503200000.0,1506595000.0,1517046000.0
Abbott Laboratories,ABT,HQD377W2YR662HK5JX27,1800,2014.0,Q2YTD,2014-01-01,2014-06-30,,260000000.0,0.55,0.55,0.44,0.54,350000000.0,841000000.0,649000000.0,192000000.0,841000000.0,4562000000.0,9812000000.0,,-6000000.0,679000000.0,3269000000.0,4562000000.0,5250000000.0,72000000.0,35000000.0,4208000000.0,1042000000.0,-43000000.0,999000000.0,9812000000.0,1503200000.0,1506595000.0,1517046000.0
Abbott Laboratories,ABT,HQD377W2YR662HK5JX27,1800,2014.0,Q2TTM,2013-07-01,2014-06-30,,452000000.0,1.54,1.54,0.8,1.52,268000000.0,2397000000.0,1617000000.0,780000000.0,2397000000.0,8778000000.0,18645000000.0,,18000000.0,1341000000.0,6141000000.0,8778000000.0,9867000000.0,136000000.0,70000000.0,7934000000.0,1933000000.0,-48000000.0,1885000000.0,18645000000.0,1503200000.0,1506595000.0,1517046000.0
Abbott Laboratories,ABT,HQD377W2YR662HK5JX27,1800,2014.0,Q1,2014-01-01,2014-03-31,2015-05-06 16:56:54+00:00,127000000.0,0.24,0.24,0.22,0.24,117000000.0,375000000.0,224000000.0,151000000.0,375000000.0,2274000000.0,4755000000.0,,-4000000.0,369000000.0,1620000000.0,2274000000.0,2481000000.0,36000000.0,16000000.0,2116000000.0,365000000.0,-24000000.0,341000000.0,4755000000.0,1562500000.0,1532810000.0,1547691000.0
Abbott Laboratories,ABT,HQD377W2YR662HK5JX27,1800,2014.0,Q1TTM,2013-04-01,2014-03-31,,516000000.0,1.53,1.53,0.72,1.52,160000000.0,2407000000.0,1668000000.0,739000000.0,2407000000.0,9035000000.0,19034000000.0,,17000000.0,1394000000.0,6206000000.0,9035000000.0,9999000000.0,140000000.0,68000000.0,8116000000.0,1883000000.0,-55000000.0,1828000000.0,19034000000.0,1562500000.0,1532810000.0,1547691000.0
Abbott Laboratories,ABT,HQD377W2YR662HK5JX27,1800,2015.0,FY,2015-01-01,2015-12-31,2018-02-16 16:04:37+00:00,601000000.0,2.94,2.94,0.98,2.92,577000000.0,4423000000.0,2606000000.0,1817000000.0,4423000000.0,8747000000.0,20405000000.0,,374000000.0,1405000000.0,6785000000.0,8747000000.0,11658000000.0,163000000.0,105000000.0,8791000000.0,2867000000.0,316000000.0,3183000000.0,20405000000.0,1504400000.0,1496000000.0,1506000000.0
Abbott Laboratories,ABT,HQD377W2YR662HK5JX27,1800,2015.0,Q4,2015-10-01,2015-12-31,,143000000.0,0.51,0.51,0.26,0.51,135000000.0,767000000.0,695000000.0,72000000.0,767000000.0,2206000000.0,5188000000.0,,24000000.0,369000000.0,1655000000.0,2206000000.0,2982000000.0,41000000.0,32000000.0,2167000000.0,815000000.0,15000000.0,830000000.0,5188000000.0,1504400000.0,1496000000.0,1506000000.0
Abbott Laboratories,ABT,HQD377W2YR662HK5JX27,1800,2015.0,Q3,2015-07-01,2015-09-30,2016-11-03 16:26:45+00:00,151000000.0,0.39,0.39,0.24,0.38,118000000.0,580000000.0,596000000.0,-16000000.0,580000000.0,2242000000.0,5150000000.0,,17000000.0,378000000.0,1666000000.0,2242000000.0,2908000000.0,41000000.0,25000000.0,2195000000.0,713000000.0,1000000.0,714000000.0,5150000000.0,1487200000.0,1495465000.0,1505167000.0
Abbott Laboratories,ABT,HQD377W2YR662HK5JX27,1800,2015.0,Q3YTD,2015-01-01,2015-09-30,,458000000.0,2.43,2.43,0.72,2.41,442000000.0,3656000000.0,1911000000.0,1745000000.0,3656000000.0,6541000000.0,15217000000.0,,350000000.0,1036000000.0,5130000000.0,6541000000.0,8676000000.0,122000000.0,73000000.0,6624000000.0,2052000000.0,301000000.0,2353000000.0,15217000000.0,1487200000.0,1495465000.0,1505167000.0
Abbott Laboratories,ABT,HQD377W2YR662HK5JX27,1800,2015.0,Q3TTM,2014-10-01,2015-09-30,,621000000.0,3.02,3.02,0.96,3.0,612000000.0,4561000000.0,2545000000.0,2016000000.0,4561000000.0,8878000000.0,20573000000.0,,362000000.0,1397000000.0,6796000000.0,8878000000.0,11695000000.0,183000000.0,97000000.0,8814000000.0,2881000000.0,276000000.0,3157000000.0,20573000000.0,1487200000.0,1495465000.0,1505167000.0
Abbott Laboratories,ABT,HQD377W2YR662HK5JX27,1800,2015.0,Q2,2015-04-01,2015-06-30,2016-08-03 16:32:32+00:00,151000000.0,0.52,0.52,0.24,0.52,200000000.0,784000000.0,786000000.0,-2000000.0,784000000.0,2218000000.0,5170000000.0,,274000000.0,345000000.0,1727000000.0,2218000000.0,2952000000.0,44000000.0,27000000.0,2223000000.0,729000000.0,257000000.0,986000000.0,5170000000.0,1507700000.0,1493771000.0,1504215000.0
Abbott Laboratories,ABT,HQD377W2YR662HK5JX27,1800,2015.0,Q2YTD,2015-01-01,2015-06-30,,307000000.0,2.04,2.04,0.48,2.03,324000000.0,3076000000.0,1315000000.0,1761000000.0,3076000000.0,4299000000.0,10067000000.0,,333000000.0,658000000.0,3464000000.0,4299000000.0,5768000000.0,81000000.0,48000000.0,4429000000.0,1339000000.0,300000000.0,1639000000.0,10067000000.0,1507700000.0,1493771000.0,1504215000.0
Abbott Laboratories,ABT,HQD377W2YR662HK5JX27,1800,2015.0,Q2TTM,2014-07-01,2015-06-30,,602000000.0,2.99,2.99,0.94,2.98,771000000.0,4519000000.0,2387000000.0,2132000000.0,4519000000.0,8955000000.0,20502000000.0,,349000000.0,1324000000.0,6725000000.0,8955000000.0,11547000000.0,177000000.0,90000000.0,8651000000.0,2896000000.0,262000000.0,3158000000.0,20502000000.0,1507700000.0,1493771000.0,1504215000.0
Abbott Laboratories,ABT,HQD377W2YR662HK5JX27,1800,2015.0,Q1,2015-01-01,2015-03-31,2016-05-04 16:32:12+00:00,156000000.0,1.52,1.52,0.24,1.51,124000000.0,2292000000.0,529000000.0,1763000000.0,2292000000.0,2081000000.0,4897000000.0,,59000000.0,313000000.0,1737000000.0,2081000000.0,2816000000.0,37000000.0,21000000.0,2206000000.0,610000000.0,43000000.0,653000000.0,4897000000.0,1507900000.0,1504995000.0,1515537000.0
Abbott Laboratories,ABT,HQD377W2YR662HK5JX27,1800,2015.0,Q1TTM,2014-04-01,2015-03-31,,584000000.0,2.78,2.78,0.92,2.76,804000000.0,4201000000.0,2026000000.0,2175000000.0,4201000000.0,9025000000.0,20389000000.0,,73000000.0,1289000000.0,6647000000.0,9025000000.0,11364000000.0,169000000.0,82000000.0,8520000000.0,2844000000.0,-14000000.0,2830000000.0,20389000000.0,1507900000.0,1504995000.0,1515537000.0
Abbott Laboratories,ABT,HQD377W2YR662HK5JX27,1800,2016.0,FY,2016-01-01,2016-12-31,2019-02-22 16:13:21+00:00,550000000.0,0.94,0.94,1.045,0.94,350000000.0,1400000000.0,1063000000.0,337000000.0,1400000000.0,9094000000.0,20853000000.0,,-1281000000.0,1447000000.0,6736000000.0,9094000000.0,11759000000.0,431000000.0,99000000.0,8733000000.0,3026000000.0,-1613000000.0,1413000000.0,20853000000.0,1489400000.0,1477000000.0,1483000000.0
Abbott Laboratories,ABT,HQD377W2YR662HK5JX27,1800,2016.0,Q4,2016-10-01,2016-12-31,,121000000.0,0.54,0.54,0.26,0.54,110000000.0,798000000.0,765000000.0,33000000.0,798000000.0,2382000000.0,5333000000.0,,215000000.0,368000000.0,1673000000.0,2382000000.0,2951000000.0,153000000.0,24000000.0,2162000000.0,789000000.0,86000000.0,875000000.0,5333000000.0,1489400000.0,1477000000.0,1483000000.0
Abbott Laboratories,ABT,HQD377W2YR662HK5JX27,1800,2016.0,Q3,2016-07-01,2016-09-30,2017-11-02 16:18:54+00:00,140000000.0,-0.22,-0.22,0.26,-0.22,178000000.0,-329000000.0,-357000000.0,28000000.0,-329000000.0,2285000000.0,5302000000.0,,-981000000.0,352000000.0,1628000000.0,2285000000.0,3017000000.0,117000000.0,22000000.0,2120000000.0,897000000.0,-1076000000.0,-179000000.0,5302000000.0,1495500000.0,1476366000.0,1476366000.0
Abbott Laboratories,ABT,HQD377W2YR662HK5JX27,1800,2016.0,Q3YTD,2016-01-01,2016-09-30,,429000000.0,0.4,0.4,0.78,0.4,240000000.0,602000000.0,298000000.0,304000000.0,602000000.0,6712000000.0,15520000000.0,,-1496000000.0,1079000000.0,5063000000.0,6712000000.0,8808000000.0,278000000.0,75000000.0,6571000000.0,2237000000.0,-1699000000.0,538000000.0,15520000000.0,1495500000.0,1476366000.0,1476366000.0
Abbott Laboratories,ABT,HQD377W2YR662HK5JX27,1800,2016.0,Q3TTM,2015-10-01,2016-09-30,,572000000.0,0.91,0.91,1.04,0.91,375000000.0,1369000000.0,993000000.0,376000000.0,1369000000.0,8918000000.0,20708000000.0,,-1472000000.0,1448000000.0,6718000000.0,8918000000.0,11790000000.0,319000000.0,107000000.0,8738000000.0,3052000000.0,-1684000000.0,1368000000.0,20708000000.0,1495500000.0,1476366000.0,1476366000.0
Abbott Laboratories,ABT,HQD377W2YR662HK5JX27,1800,2016.0,Q2,2016-04-01,2016-06-30,2017-08-02 16:16:39+00:00,145000000.0,0.41,0.41,0.26,0.41,116000000.0,615000000.0,599000000.0,16000000.0,615000000.0,2287000000.0,5333000000.0,,-18000000.0,348000000.0,1737000000.0,2287000000.0,3046000000.0,103000000.0,20000000.0,2230000000.0,816000000.0,-101000000.0,715000000.0,5333000000.0,1500000000.0,1474504000.0,1480492000.0
Abbott Laboratories,ABT,HQD377W2YR662HK5JX27,1800,2016.0,Q2YTD,2016-01-01,2016-06-30,,289000000.0,0.62,0.62,0.52,0.62,62000000.0,931000000.0,655000000.0,276000000.0,931000000.0,4427000000.0,10218000000.0,,-515000000.0,727000000.0,3435000000.0,4427000000.0,5791000000.0,161000000.0,53000000.0,4451000000.0,1340000000.0,-623000000.0,717000000.0,10218000000.0,1500000000.0,1474504000.0,1480492000.0
Abbott Laboratories,ABT,HQD377W2YR662HK5JX27,1800,2016.0,Q2TTM,2015-07-01,2016-06-30,,583000000.0,1.52,1.52,1.02,1.51,315000000.0,2278000000.0,1946000000.0,332000000.0,2278000000.0,8875000000.0,20556000000.0,,-474000000.0,1474000000.0,6756000000.0,8875000000.0,11681000000.0,243000000.0,110000000.0,8813000000.0,2868000000.0,-607000000.0,2261000000.0,20556000000.0,1500000000.0,1474504000.0,1480492000.0
Abbott Laboratories,ABT,HQD377W2YR662HK5JX27,1800,2016.0,Q1,2016-01-01,2016-03-31,2017-05-03 16:17:02+00:00,144000000.0,0.21,0.21,0.26,0.21,-54000000.0,316000000.0,56000000.0,260000000.0,316000000.0,2140000000.0,4885000000.0,,-497000000.0,379000000.0,1698000000.0,2140000000.0,2745000000.0,58000000.0,33000000.0,2221000000.0,524000000.0,-522000000.0,2000000.0,4885000000.0,1504800000.0,1477332000.0,1483673000.0
Abbott Laboratories,ABT,HQD377W2YR662HK5JX27,1800,2016.0,Q1TTM,2015-04-01,2016-03-31,,589000000.0,1.63,1.63,1.0,1.62,399000000.0,2447000000.0,2133000000.0,314000000.0,2447000000.0,8806000000.0,20393000000.0,,-182000000.0,1471000000.0,6746000000.0,8806000000.0,11587000000.0,184000000.0,117000000.0,8806000000.0,2781000000.0,-249000000.0,2532000000.0,20393000000.0,1504800000.0,1477332000.0,1483673000.0
Abbott Laboratories,ABT,HQD377W2YR662HK5JX27,1800,2017.0,FY,2017-01-01,2017-12-31,2020-02-21 16:28:23+00:00,1975000000.0,0.27,0.27,,0.27,1878000000.0,477000000.0,353000000.0,124000000.0,477000000.0,12409000000.0,27390000000.0,,1447000000.0,2260000000.0,9182000000.0,12409000000.0,14981000000.0,904000000.0,124000000.0,13417000000.0,1564000000.0,667000000.0,2231000000.0,27390000000.0,1766700000.0,1740000000.0,1749000000.0
Abbott Laboratories,ABT,HQD377W2YR662HK5JX27,1800,2017.0,Q4,2017-10-01,2017-12-31,,560000000.0,-0.47,-0.47,-0.8,-0.47,1438000000.0,-828000000.0,-864000000.0,36000000.0,-828000000.0,3282000000.0,7589000000.0,,134000000.0,619000000.0,2477000000.0,3282000000.0,4307000000.0,246000000.0,35000000.0,3656000000.0,651000000.0,-77000000.0,574000000.0,7589000000.0,1766700000.0,1740000000.0,1749000000.0
Abbott Laboratories,ABT,HQD377W2YR662HK5JX27,1800,2017.0,Q3,2017-07-01,2017-09-30,2018-10-31 16:02:08+00:00,501000000.0,0.34,0.34,0.265,0.34,65000000.0,603000000.0,561000000.0,42000000.0,603000000.0,2876000000.0,6829000000.0,,39000000.0,568000000.0,2115000000.0,2876000000.0,3953000000.0,218000000.0,36000000.0,3184000000.0,769000000.0,-143000000.0,626000000.0,6829000000.0,1773500000.0,1743757000.0,1754156000.0
Abbott Laboratories,ABT,HQD377W2YR662HK5JX27,1800,2017.0,Q3YTD,2017-01-01,2017-09-30,,1415000000.0,0.74,0.74,0.8,0.74,440000000.0,1305000000.0,1217000000.0,88000000.0,1305000000.0,9127000000.0,19801000000.0,,1313000000.0,1641000000.0,6705000000.0,9127000000.0,10674000000.0,658000000.0,89000000.0,9761000000.0,913000000.0,744000000.0,1657000000.0,19801000000.0,1773500000.0,1743757000.0,1754156000.0
Abbott Laboratories,ABT,HQD377W2YR662HK5JX27,1800,2017.0,Q3TTM,2016-10-01,2017-09-30,,1536000000.0,1.28,1.28,1.06,1.28,550000000.0,2103000000.0,1982000000.0,121000000.0,2103000000.0,11509000000.0,25134000000.0,,1528000000.0,2009000000.0,8378000000.0,11509000000.0,13625000000.0,811000000.0,113000000.0,11923000000.0,1702000000.0,830000000.0,2532000000.0,25134000000.0,1773500000.0,1743757000.0,1754156000.0
Abbott Laboratories,ABT,HQD377W2YR662HK5JX27,1800,2017.0,Q2,2017-04-01,2017-06-30,2018-08-01 16:02:04+00:00,392000000.0,0.16,0.16,0.265,0.16,25000000.0,283000000.0,270000000.0,13000000.0,283000000.0,3189000000.0,6637000000.0,,92000000.0,520000000.0,2150000000.0,3189000000.0,3448000000.0,214000000.0,31000000.0,3062000000.0,386000000.0,-91000000.0,295000000.0,6637000000.0,1768800000.0,1740524000.0,1748883000.0
Abbott Laboratories,ABT,HQD377W2YR662HK5JX27,1800,2017.0,Q2YTD,2017-01-01,2017-06-30,,914000000.0,0.4,0.4,0.53,0.4,375000000.0,702000000.0,656000000.0,46000000.0,702000000.0,6251000000.0,12972000000.0,,1274000000.0,1073000000.0,4590000000.0,6251000000.0,6721000000.0,440000000.0,53000000.0,6577000000.0,144000000.0,887000000.0,1031000000.0,12972000000.0,1768800000.0,1740524000.0,1748883000.0
Abbott Laboratories,ABT,HQD377W2YR662HK5JX27,1800,2017.0,Q2TTM,2016-07-01,2017-06-30,,1175000000.0,0.72,0.72,1.06,0.72,663000000.0,1171000000.0,1064000000.0,107000000.0,1171000000.0,10918000000.0,23607000000.0,,508000000.0,1793000000.0,7891000000.0,10918000000.0,12689000000.0,710000000.0,99000000.0,10859000000.0,1830000000.0,-103000000.0,1727000000.0,23607000000.0,1768800000.0,1740524000.0,1748883000.0
Abbott Laboratories,ABT,HQD377W2YR662HK5JX27,1800,2017.0,Q1,2017-01-01,2017-03-31,2018-05-02 16:17:34+00:00,522000000.0,0.24,0.24,0.265,0.24,350000000.0,419000000.0,386000000.0,33000000.0,419000000.0,3062000000.0,6335000000.0,,1182000000.0,553000000.0,2440000000.0,3062000000.0,3273000000.0,226000000.0,22000000.0,3515000000.0,-242000000.0,978000000.0,736000000.0,6335000000.0,1745800000.0,1727356000.0,1735195000.0
Abbott Laboratories,ABT,HQD377W2YR662HK5JX27,1800,2017.0,Q1TTM,2016-04-01,2017-03-31,,928000000.0,0.97,0.97,1.05,0.97,754000000.0,1503000000.0,1393000000.0,110000000.0,1503000000.0,10016000000.0,22303000000.0,,398000000.0,1621000000.0,7478000000.0,10016000000.0,12287000000.0,599000000.0,88000000.0,10027000000.0,2260000000.0,-113000000.0,2147000000.0,22303000000.0,1745800000.0,1727356000.0,1735195000.0
Abbott Laboratories,ABT,HQD377W2YR662HK5JX27,1800,2018.0,FY,2018-01-01,2018-12-31,2020-02-21 16:28:23+00:00,2178000000.0,1.34,1.34,,1.33,539000000.0,2368000000.0,2334000000.0,34000000.0,2368000000.0,12706000000.0,30578000000.0,,111000000.0,2300000000.0,9744000000.0,12706000000.0,17872000000.0,993000000.0,105000000.0,14222000000.0,3650000000.0,-777000000.0,2873000000.0,30578000000.0,1767200000.0,1758000000.0,1770000000.0
Abbott Laboratories,ABT,HQD377W2YR662HK5JX27,1800,2018.0,Q4,2018-10-01,2018-12-31,,488000000.0,0.36,0.36,-0.56,0.37,292000000.0,654000000.0,655000000.0,-1000000.0,654000000.0,3191000000.0,7765000000.0,,20000000.0,562000000.0,2359000000.0,3191000000.0,4574000000.0,272000000.0,34000000.0,3409000000.0,1165000000.0,-218000000.0,947000000.0,7765000000.0,1767200000.0,1758000000.0,1770000000.0
Abbott Laboratories,ABT,HQD377W2YR662HK5JX27,1800,2018.0,Q3,2018-07-01,2018-09-30,2019-10-31 16:02:42+00:00,544000000.0,0.32,0.32,,0.32,166000000.0,563000000.0,552000000.0,11000000.0,563000000.0,3166000000.0,7656000000.0,,-29000000.0,574000000.0,2377000000.0,3166000000.0,4490000000.0,270000000.0,22000000.0,3495000000.0,995000000.0,-277000000.0,718000000.0,7656000000.0,1759400000.0,1759585000.0,1771680000.0
Abbott Laboratories,ABT,HQD377W2YR662HK5JX27,1800,2018.0,Q3YTD,2018-01-01,2018-09-30,,1690000000.0,0.98,0.98,0.56,0.96,247000000.0,1714000000.0,1679000000.0,35000000.0,1714000000.0,9515000000.0,22813000000.0,,91000000.0,1738000000.0,7385000000.0,9515000000.0,13298000000.0,721000000.0,71000000.0,10813000000.0,2485000000.0,-559000000.0,1926000000.0,22813000000.0,1759400000.0,1759585000.0,1771680000.0
Abbott Laboratories,ABT,HQD377W2YR662HK5JX27,1800,2018.0,Q3TTM,2017-10-01,2018-09-30,,2250000000.0,0.51,0.51,-0.24,0.49,1685000000.0,886000000.0,815000000.0,71000000.0,886000000.0,12797000000.0,30402000000.0,,225000000.0,2357000000.0,9862000000.0,12797000000.0,17605000000.0,967000000.0,106000000.0,14469000000.0,3136000000.0,-636000000.0,2500000000.0,30402000000.0,1759400000.0,1759585000.0,1771680000.0
Abbott Laboratories,ABT,HQD377W2YR662HK5JX27,1800,2018.0,Q2,2018-04-01,2018-06-30,2019-07-31 16:15:28+00:00,562000000.0,0.42,0.42,0.28,0.41,59000000.0,733000000.0,718000000.0,15000000.0,733000000.0,3282000000.0,7767000000.0,,84000000.0,575000000.0,2466000000.0,3282000000.0,4485000000.0,210000000.0,21000000.0,3603000000.0,882000000.0,-105000000.0,777000000.0,7767000000.0,1745200000.0,1757836000.0,1768950000.0
Abbott Laboratories,ABT,HQD377W2YR662HK5JX27,1800,2018.0,Q2YTD,2018-01-01,2018-06-30,,1146000000.0,0.66,0.66,0.56,0.64,81000000.0,1151000000.0,1127000000.0,24000000.0,1151000000.0,6349000000.0,15157000000.0,,120000000.0,1164000000.0,5008000000.0,6349000000.0,8808000000.0,451000000.0,49000000.0,7318000000.0,1490000000.0,-282000000.0,1208000000.0,15157000000.0,1745200000.0,1757836000.0,1768950000.0
Abbott Laboratories,ABT,HQD377W2YR662HK5JX27,1800,2018.0,Q2TTM,2017-07-01,2018-06-30,,2207000000.0,0.53,0.53,0.03,0.51,1584000000.0,926000000.0,824000000.0,102000000.0,926000000.0,12507000000.0,29575000000.0,,293000000.0,2351000000.0,9600000000.0,12507000000.0,17068000000.0,915000000.0,120000000.0,14158000000.0,2910000000.0,-502000000.0,2408000000.0,29575000000.0,1745200000.0,1757836000.0,1768950000.0
Abbott Laboratories,ABT,HQD377W2YR662HK5JX27,1800,2018.0,Q1,2018-01-01,2018-03-31,2019-05-01 16:09:25+00:00,584000000.0,0.24,0.24,0.28,0.23,22000000.0,418000000.0,409000000.0,9000000.0,418000000.0,3067000000.0,7390000000.0,,36000000.0,589000000.0,2542000000.0,3067000000.0,4323000000.0,241000000.0,28000000.0,3715000000.0,608000000.0,-177000000.0,431000000.0,7390000000.0,1741700000.0,1753412000.0,1765278000.0
Abbott Laboratories,ABT,HQD377W2YR662HK5JX27,1800,2018.0,Q1TTM,2017-04-01,2018-03-31,,2037000000.0,0.27,0.27,0.02,0.26,1550000000.0,476000000.0,376000000.0,100000000.0,476000000.0,12414000000.0,28445000000.0,,301000000.0,2296000000.0,9284000000.0,12414000000.0,16031000000.0,919000000.0,130000000.0,13617000000.0,2414000000.0,-488000000.0,1926000000.0,28445000000.0,1741700000.0,1753412000.0,1765278000.0
Abbott Laboratories,ABT,HQD377W2YR662HK5JX27,1800,2019.0,Q4,2019-10-01,2019-12-31,,483000000.0,0.58,0.58,-0.32,0.59,191000000.0,1049000000.0,1049000000.0,,1049000000.0,3434000000.0,8314000000.0,,53000000.0,595000000.0,2413000000.0,3434000000.0,4880000000.0,227000000.0,25000000.0,3491000000.0,1389000000.0,-149000000.0,1240000000.0,8314000000.0,1781200000.0,1768000000.0,1781000000.0
Abbott Laboratories,ABT,HQD377W2YR662HK5JX27,1800,2019.0,FY,2019-01-01,2019-12-31,2020-02-21 16:28:23+00:00,1936000000.0,2.07,2.07,,2.06,390000000.0,3687000000.0,3687000000.0,,3687000000.0,13231000000.0,31904000000.0,,184000000.0,2440000000.0,9765000000.0,13231000000.0,18673000000.0,733000000.0,94000000.0,14141000000.0,4532000000.0,-455000000.0,4077000000.0,31904000000.0,1781200000.0,1768000000.0,1781000000.0
Abbott Laboratories,ABT,HQD377W2YR662HK5JX27,1800,2019.0,Q3YTD,2019-01-01,2019-09-30,,1453000000.0,1.49,1.49,0.32,1.47,199000000.0,2638000000.0,2638000000.0,,2638000000.0,9797000000.0,23590000000.0,,131000000.0,1845000000.0,7352000000.0,9797000000.0,13793000000.0,506000000.0,69000000.0,10650000000.0,3143000000.0,-306000000.0,2837000000.0,23590000000.0,1777800000.0,1771521000.0,1784167000.0
Abbott Laboratories,ABT,HQD377W2YR662HK5JX27,1800,2019.0,Q3TTM,2018-10-01,2019-09-30,,1941000000.0,1.85,1.85,-0.24,1.84,491000000.0,3292000000.0,3293000000.0,-1000000.0,3292000000.0,12988000000.0,31355000000.0,,151000000.0,2407000000.0,9711000000.0,12988000000.0,18367000000.0,778000000.0,103000000.0,14059000000.0,4308000000.0,-524000000.0,3784000000.0,31355000000.0,1777800000.0,1771521000.0,1784167000.0
Abbott Laboratories,ABT,HQD377W2YR662HK5JX27,1800,2019.0,Q3,2019-07-01,2019-09-30,2019-10-31 16:02:42+00:00,484000000.0,0.54,0.54,,0.53,143000000.0,960000000.0,960000000.0,,960000000.0,3358000000.0,8076000000.0,,48000000.0,596000000.0,2440000000.0,3358000000.0,4718000000.0,167000000.0,24000000.0,3520000000.0,1198000000.0,-95000000.0,1103000000.0,8076000000.0,1777800000.0,1771521000.0,1784167000.0
Abbott Laboratories,ABT,HQD377W2YR662HK5JX27,1800,2019.0,Q2YTD,2019-01-01,2019-06-30,,969000000.0,0.95,0.95,0.32,0.94,56000000.0,1678000000.0,1678000000.0,,1678000000.0,6439000000.0,15514000000.0,,83000000.0,1249000000.0,4912000000.0,6439000000.0,9075000000.0,339000000.0,45000000.0,7130000000.0,1945000000.0,-211000000.0,1734000000.0,15514000000.0,1764900000.0,1768904000.0,1781417000.0
Abbott Laboratories,ABT,HQD377W2YR662HK5JX27,1800,2019.0,Q2TTM,2018-07-01,2019-06-30,,2001000000.0,1.63,1.63,-0.24,1.63,514000000.0,2895000000.0,2885000000.0,10000000.0,2895000000.0,12796000000.0,30935000000.0,,74000000.0,2385000000.0,9648000000.0,12796000000.0,18139000000.0,881000000.0,101000000.0,14034000000.0,4105000000.0,-706000000.0,3399000000.0,30935000000.0,1764900000.0,1768904000.0,1781417000.0
Abbott Laboratories,ABT,HQD377W2YR662HK5JX27,1800,2019.0,Q2,2019-04-01,2019-06-30,2019-07-31 16:15:28+00:00,483000000.0,0.57,0.57,0.32,0.56,96000000.0,1006000000.0,1006000000.0,,1006000000.0,3279000000.0,7979000000.0,,42000000.0,577000000.0,2434000000.0,3279000000.0,4700000000.0,168000000.0,22000000.0,3494000000.0,1206000000.0,-104000000.0,1102000000.0,7979000000.0,1764900000.0,1768904000.0,1781417000.0
Abbott Laboratories,ABT,HQD377W2YR662HK5JX27,1800,2019.0,Q1,2019-01-01,2019-03-31,2020-04-29 16:16:47+00:00,486000000.0,0.38,0.38,0.32,0.38,-40000000.0,672000000.0,672000000.0,,672000000.0,3160000000.0,7535000000.0,,41000000.0,672000000.0,2478000000.0,3160000000.0,4375000000.0,171000000.0,23000000.0,3636000000.0,739000000.0,-107000000.0,632000000.0,7535000000.0,1768400000.0,1763278000.0,1776573000.0
Abbott Laboratories,ABT,HQD377W2YR662HK5JX27,1800,2019.0,Q1TTM,2018-04-01,2019-03-31,,2080000000.0,1.48,1.48,-0.28,1.48,477000000.0,2622000000.0,2597000000.0,25000000.0,2622000000.0,12799000000.0,30723000000.0,,116000000.0,2383000000.0,9680000000.0,12799000000.0,17924000000.0,923000000.0,100000000.0,14143000000.0,3781000000.0,-707000000.0,3074000000.0,30723000000.0,1768400000.0,1763278000.0,1776573000.0
Abbott Laboratories,ABT,HQD377W2YR662HK5JX27,1800,2020.0,Q1TTM,2019-04-01,2020-03-31,,2011000000.0,2.01,2.01,,1.99,519000000.0,3579000000.0,3559000000.0,20000000.0,3579000000.0,13352000000.0,32095000000.0,,139000000.0,2346000000.0,9835000000.0,13352000000.0,18743000000.0,701000000.0,89000000.0,14192000000.0,4551000000.0,-473000000.0,4078000000.0,32095000000.0,1762500000.0,1768901000.0,1780578000.0
Abbott Laboratories,ABT,HQD377W2YR662HK5JX27,1800,2020.0,Q1,2020-01-01,2020-03-31,2020-04-29 16:16:47+00:00,561000000.0,0.32,0.32,0.36,0.31,89000000.0,564000000.0,544000000.0,20000000.0,564000000.0,3281000000.0,7726000000.0,,-4000000.0,578000000.0,2548000000.0,3281000000.0,4445000000.0,139000000.0,18000000.0,3687000000.0,758000000.0,-125000000.0,633000000.0,7726000000.0,1762500000.0,1768901000.0,1780578000.0
