company_name,company_ticker,company_lei,company_cik,year,quarter,start_date,end_date,filing_date,basicdilutedeps,basiceps,cashdividendspershare,dilutedeps,incometaxexpense,netincome,netincomecontinuing,netincomediscontinued,netincometocommon,netincometononcontrollinginterest,operatingcostofrevenue,operatingrevenue,otherincome,otheroperatingexpenses,rdexpense,restructuringcharge,sgaexpense,totalcostofrevenue,totalgrossprofit,totalinterestexpense,totaloperatingexpenses,totaloperatingincome,totalotherincome,totalpretaxincome,totalrevenue,weightedavebasicdilutedsharesos,weightedavebasicsharesos,weightedavedilutedsharesos
Martin Marietta Materials Inc,MLM,,916076,2008.0,FY,2008-01-01,2008-12-31,2011-02-25 16:55:10+00:00,4.2,4.2,1.49,4.18,72088000.0,179750000.0,175041000.0,4709000.0,176256000.0,3494000.0,1645906000.0,2116421000.0,-1958000.0,-4815000.0,596000.0,,151348000.0,1645906000.0,470515000.0,74299000.0,147129000.0,323386000.0,-76257000.0,247129000.0,2116421000.0,42000000.0,41370000.0,41617000.0
Martin Marietta Materials Inc,MLM,,916076,2009.0,FY,2009-01-01,2009-12-31,2012-02-29 12:40:16+00:00,1.92,1.92,1.6,1.91,25974000.0,88164000.0,84648000.0,3516000.0,85459000.0,2705000.0,1241749000.0,1573316000.0,1165000.0,10575000.0,2199000.0,,135881000.0,1241749000.0,331567000.0,73455000.0,148655000.0,182912000.0,-72290000.0,110622000.0,1573316000.0,44500000.0,44000000.0,44190000.0
Martin Marietta Materials Inc,MLM,,916076,2009.0,Q3,2009-07-01,2009-09-30,2010-11-02 15:26:54+00:00,1.23,1.23,0.4,1.23,15308000.0,56868000.0,56920000.0,-52000.0,55514000.0,1354000.0,370219000.0,487967000.0,1196000.0,-4448000.0,51000.0,,32932000.0,370219000.0,117748000.0,18181000.0,28535000.0,89213000.0,-16985000.0,72228000.0,487967000.0,45100000.0,44622000.0,44813000.0
Martin Marietta Materials Inc,MLM,,916076,2009.0,Q2,2009-04-01,2009-06-30,2010-08-03 15:18:37+00:00,0.86,0.86,0.4,0.86,15536000.0,40585000.0,40098000.0,487000.0,38862000.0,1723000.0,353668000.0,465385000.0,1340000.0,1843000.0,163000.0,,36766000.0,353668000.0,111717000.0,18651000.0,38772000.0,72945000.0,-17311000.0,55634000.0,465385000.0,45200000.0,44554000.0,44753000.0
Martin Marietta Materials Inc,MLM,,916076,2010.0,Q4,2010-10-01,2010-12-31,,0.34,0.34,0.4,0.33,4301000.0,15208000.0,15457000.0,-249000.0,14803000.0,405000.0,227302000.0,297831000.0,-9000.0,734000.0,1071000.0,,32057000.0,227302000.0,70529000.0,16900000.0,33862000.0,36667000.0,-16909000.0,19758000.0,297831000.0,46000000.0,45485000.0,45659000.0
Martin Marietta Materials Inc,MLM,,916076,2010.0,FY,2010-01-01,2010-12-31,2013-02-22 10:39:51+00:00,2.11,2.11,1.6,2.1,30913000.0,98664000.0,98756000.0,-92000.0,97012000.0,1652000.0,1331155000.0,1652806000.0,-198000.0,-8298000.0,1220000.0,,130422000.0,1331155000.0,321651000.0,68440000.0,123344000.0,198307000.0,-68638000.0,129669000.0,1652806000.0,46000000.0,45485000.0,45659000.0
Martin Marietta Materials Inc,MLM,,916076,2010.0,Q3YTD,2010-01-01,2010-09-30,,1.77,1.77,1.2,1.77,26612000.0,83456000.0,83299000.0,157000.0,82209000.0,1247000.0,1103853000.0,1354975000.0,-189000.0,-9032000.0,149000.0,,98365000.0,1103853000.0,251122000.0,51540000.0,89482000.0,161640000.0,-51729000.0,109911000.0,1354975000.0,46000000.0,45526000.0,45678000.0
Martin Marietta Materials Inc,MLM,,916076,2010.0,Q3,2010-07-01,2010-09-30,2011-11-07 14:48:20+00:00,1.13,1.13,0.4,1.13,14061000.0,53256000.0,53234000.0,22000.0,51990000.0,1266000.0,395592000.0,509401000.0,545000.0,-1394000.0,114000.0,,31235000.0,395592000.0,113809000.0,17104000.0,29955000.0,83854000.0,-16559000.0,67295000.0,509401000.0,46000000.0,45526000.0,45678000.0
Martin Marietta Materials Inc,MLM,,916076,2010.0,Q2YTD,2010-01-01,2010-06-30,,0.64,0.64,0.8,0.64,12551000.0,30200000.0,30065000.0,135000.0,30219000.0,-19000.0,708261000.0,845574000.0,-734000.0,-7638000.0,35000.0,,67130000.0,708261000.0,137313000.0,34436000.0,59527000.0,77786000.0,-35170000.0,42616000.0,845574000.0,46100000.0,45463000.0,45657000.0
Martin Marietta Materials Inc,MLM,,916076,2010.0,Q2,2010-04-01,2010-06-30,2011-08-08 13:57:54+00:00,1.18,1.18,0.4,1.18,17535000.0,54948000.0,54961000.0,-13000.0,54399000.0,549000.0,386930000.0,504630000.0,-1334000.0,-6531000.0,22000.0,,33559000.0,386930000.0,117700000.0,16820000.0,27050000.0,90650000.0,-18154000.0,72496000.0,504630000.0,46100000.0,45463000.0,45657000.0
Martin Marietta Materials Inc,MLM,,916076,2010.0,Q1,2010-01-01,2010-03-31,2011-05-03 15:49:41+00:00,-0.54,-0.54,0.4,-0.54,-4984000.0,-24748000.0,-24896000.0,148000.0,-24180000.0,-568000.0,321331000.0,340944000.0,600000.0,-1107000.0,13000.0,,33571000.0,321331000.0,19613000.0,17616000.0,32477000.0,-12864000.0,-17016000.0,-29880000.0,340944000.0,44800000.0,45400000.0,45400000.0
Martin Marietta Materials Inc,MLM,,916076,2011.0,FY,2011-01-01,2011-12-31,2014-02-24 16:07:22+00:00,1.79,1.79,1.6,1.78,21003000.0,83573000.0,79586000.0,3987000.0,82379000.0,1194000.0,1411614000.0,1713616000.0,-1834000.0,-1720000.0,18575000.0,,124138000.0,1411614000.0,302002000.0,58586000.0,140993000.0,161009000.0,-60420000.0,100589000.0,1713616000.0,46000000.0,45652000.0,45793000.0
Martin Marietta Materials Inc,MLM,,916076,2011.0,Q4,2011-10-01,2011-12-31,,0.33,0.33,0.4,0.32,-850000.0,15084000.0,8685000.0,6399000.0,14838000.0,246000.0,350985000.0,420896000.0,388000.0,2308000.0,15135000.0,,31723000.0,350985000.0,69911000.0,13298000.0,49166000.0,20745000.0,-12910000.0,7835000.0,420896000.0,46000000.0,45652000.0,45793000.0
Martin Marietta Materials Inc,MLM,,916076,2011.0,Q3YTD,2011-01-01,2011-09-30,,1.46,1.46,1.2,1.46,21853000.0,68489000.0,70901000.0,-2412000.0,67541000.0,948000.0,1060629000.0,1292720000.0,-2222000.0,-4028000.0,3440000.0,,92415000.0,1060629000.0,232091000.0,45288000.0,91827000.0,140264000.0,-47510000.0,92754000.0,1292720000.0,45900000.0,45690000.0,45799000.0
Martin Marietta Materials Inc,MLM,,916076,2011.0,Q3TTM,2010-10-01,2011-09-30,,1.8,1.8,1.6,1.79,26154000.0,83697000.0,86358000.0,-2661000.0,82344000.0,1353000.0,1287931000.0,1590551000.0,-2231000.0,-3294000.0,4511000.0,,124472000.0,1287931000.0,302620000.0,62188000.0,125689000.0,176931000.0,-64419000.0,112512000.0,1590551000.0,45900000.0,45690000.0,45799000.0
Martin Marietta Materials Inc,MLM,,916076,2011.0,Q3,2011-07-01,2011-09-30,2012-11-06 15:20:36+00:00,1.07,1.07,0.4,1.07,14130000.0,50332000.0,50336000.0,-4000.0,49156000.0,1176000.0,390493000.0,502386000.0,-2147000.0,-1625000.0,733000.0,,32774000.0,390493000.0,111893000.0,13398000.0,31882000.0,80011000.0,-15545000.0,64466000.0,502386000.0,45900000.0,45690000.0,45799000.0
Martin Marietta Materials Inc,MLM,,916076,2011.0,Q2YTD,2011-01-01,2011-06-30,,0.39,0.39,0.8,0.39,7723000.0,18157000.0,20565000.0,-2408000.0,18385000.0,-228000.0,670136000.0,790334000.0,-75000.0,-2403000.0,2707000.0,,59641000.0,670136000.0,120198000.0,31890000.0,59945000.0,60253000.0,-31965000.0,28288000.0,790334000.0,45900000.0,45628000.0,45794000.0
Martin Marietta Materials Inc,MLM,,916076,2011.0,Q2TTM,2010-07-01,2011-06-30,,1.86,1.86,1.6,1.85,26085000.0,86621000.0,89256000.0,-2635000.0,85178000.0,1443000.0,1293030000.0,1597566000.0,461000.0,-3063000.0,3892000.0,,122933000.0,1293030000.0,304536000.0,65894000.0,123762000.0,180774000.0,-65433000.0,115341000.0,1597566000.0,45900000.0,45628000.0,45794000.0
Martin Marietta Materials Inc,MLM,,916076,2011.0,Q2,2011-04-01,2011-06-30,2012-08-06 14:31:53+00:00,0.78,0.78,0.4,0.78,13834000.0,35854000.0,36806000.0,-952000.0,35799000.0,55000.0,364848000.0,462391000.0,-336000.0,106000.0,1735000.0,,31001000.0,364848000.0,97543000.0,13725000.0,32842000.0,64701000.0,-14061000.0,50640000.0,462391000.0,45900000.0,45628000.0,45794000.0
Martin Marietta Materials Inc,MLM,,916076,2011.0,Q1TTM,2010-04-01,2011-03-31,,2.26,2.26,1.6,2.25,29786000.0,105715000.0,107411000.0,-1696000.0,103778000.0,1937000.0,1315112000.0,1639805000.0,-537000.0,-9700000.0,2179000.0,,125491000.0,1315112000.0,324693000.0,68989000.0,117970000.0,206723000.0,-69526000.0,137197000.0,1639805000.0,45584000.0,45584000.0,45584000.0
Martin Marietta Materials Inc,MLM,,916076,2011.0,Q1,2011-01-01,2011-03-31,2012-05-09 08:44:55+00:00,-0.39,-0.39,0.4,-0.39,-6111000.0,-17697000.0,-16241000.0,-1456000.0,-17414000.0,-283000.0,305288000.0,327943000.0,261000.0,-2509000.0,972000.0,,28640000.0,305288000.0,22655000.0,18165000.0,27103000.0,-4448000.0,-17904000.0,-22352000.0,327943000.0,45584000.0,45584000.0,45584000.0
Martin Marietta Materials Inc,MLM,,916076,2012.0,FY,2012-01-01,2012-12-31,2015-02-24 16:07:58+00:00,1.83,1.83,1.6,1.83,17431000.0,85527000.0,86699000.0,-1172000.0,84474000.0,1053000.0,1704767000.0,2031901000.0,1299000.0,-2574000.0,,35140000.0,138398000.0,1704767000.0,327134000.0,53339000.0,170964000.0,156170000.0,-52040000.0,104130000.0,2031901000.0,46200000.0,45828000.0,45970000.0
Martin Marietta Materials Inc,MLM,,916076,2012.0,Q4,2012-10-01,2012-12-31,,0.48,0.48,0.4,0.48,5052000.0,21723000.0,22321000.0,-598000.0,21533000.0,190000.0,422751000.0,499971000.0,22000.0,-1501000.0,-35141000.0,35140000.0,37999000.0,422751000.0,77220000.0,13372000.0,36497000.0,40723000.0,-13350000.0,27373000.0,499971000.0,46200000.0,45828000.0,45970000.0
Martin Marietta Materials Inc,MLM,,916076,2012.0,Q3YTD,2012-01-01,2012-09-30,,1.35,1.35,1.2,1.35,12379000.0,63804000.0,64378000.0,-574000.0,62941000.0,863000.0,1282016000.0,1531930000.0,1277000.0,-1073000.0,35141000.0,,100399000.0,1282016000.0,249914000.0,39967000.0,134467000.0,115447000.0,-38690000.0,76757000.0,1531930000.0,46300000.0,45860000.0,45992000.0
Martin Marietta Materials Inc,MLM,,916076,2012.0,Q3TTM,2011-10-01,2012-09-30,,1.68,1.68,1.6,1.67,11529000.0,78888000.0,73063000.0,5825000.0,77779000.0,1109000.0,1633001000.0,1952826000.0,1665000.0,1235000.0,50276000.0,,132122000.0,1633001000.0,319825000.0,53265000.0,183633000.0,136192000.0,-51600000.0,84592000.0,1952826000.0,46300000.0,45860000.0,45992000.0
Martin Marietta Materials Inc,MLM,,916076,2012.0,Q3,2012-07-01,2012-09-30,2013-11-07 15:30:05+00:00,1.36,1.36,0.4,1.36,13701000.0,63669000.0,63988000.0,-319000.0,62922000.0,747000.0,468246000.0,592268000.0,-620000.0,394000.0,,,32095000.0,468246000.0,124022000.0,13224000.0,32489000.0,91533000.0,-13844000.0,77689000.0,592268000.0,46300000.0,45860000.0,45992000.0
Martin Marietta Materials Inc,MLM,,916076,2012.0,Q2YTD,2012-01-01,2012-06-30,,-0.01,-0.01,0.8,-0.01,-1322000.0,135000.0,390000.0,-255000.0,19000.0,116000.0,813770000.0,939662000.0,1897000.0,-1467000.0,35141000.0,,68304000.0,813770000.0,125892000.0,26743000.0,101978000.0,23914000.0,-24846000.0,-932000.0,939662000.0,45900000.0,45781000.0,45905000.0
Martin Marietta Materials Inc,MLM,,916076,2012.0,Q2TTM,2011-07-01,2012-06-30,,1.39,1.39,1.6,1.38,11958000.0,65551000.0,59411000.0,6140000.0,64013000.0,1538000.0,1555248000.0,1862944000.0,138000.0,-784000.0,51009000.0,,132801000.0,1555248000.0,307696000.0,53439000.0,183026000.0,124670000.0,-53301000.0,71369000.0,1862944000.0,45900000.0,45781000.0,45905000.0
Martin Marietta Materials Inc,MLM,,916076,2012.0,Q2,2012-04-01,2012-06-30,2013-08-05 13:57:02+00:00,0.8,0.8,0.4,0.8,8553000.0,37808000.0,37474000.0,334000.0,36751000.0,1057000.0,443622000.0,545688000.0,42000.0,-1690000.0,9240000.0,,35275000.0,443622000.0,102066000.0,13256000.0,42825000.0,59241000.0,-13214000.0,46027000.0,545688000.0,45900000.0,45781000.0,45905000.0
Martin Marietta Materials Inc,MLM,,916076,2012.0,Q1TTM,2011-04-01,2012-03-31,,1.37,1.37,1.6,1.36,17239000.0,63597000.0,58743000.0,4854000.0,63061000.0,536000.0,1476474000.0,1779647000.0,-240000.0,1012000.0,43504000.0,,128527000.0,1476474000.0,303173000.0,53908000.0,173043000.0,130130000.0,-54148000.0,75982000.0,1779647000.0,45734000.0,45734000.0,45734000.0
Martin Marietta Materials Inc,MLM,,916076,2012.0,Q1,2012-01-01,2012-03-31,2013-05-06 09:52:00+00:00,-0.81,-0.81,0.4,-0.81,-9875000.0,-37673000.0,-37084000.0,-589000.0,-36732000.0,-941000.0,370148000.0,393974000.0,1855000.0,223000.0,25901000.0,,33029000.0,370148000.0,23826000.0,13487000.0,59153000.0,-35327000.0,-11632000.0,-46959000.0,393974000.0,45734000.0,45734000.0,45734000.0
Martin Marietta Materials Inc,MLM,,916076,2013.0,FY,2013-01-01,2013-12-31,2016-02-23 17:09:11+00:00,2.62,2.62,1.6,2.61,44045000.0,119432000.0,120181000.0,-749000.0,121337000.0,-1905000.0,1791594000.0,2155551000.0,-295000.0,-4793000.0,,671000.0,150091000.0,1791594000.0,363957000.0,53467000.0,145969000.0,217988000.0,-53762000.0,164226000.0,2155551000.0,46300000.0,46164000.0,46285000.0
Martin Marietta Materials Inc,MLM,,916076,2013.0,Q4,2013-10-01,2013-12-31,,0.79,0.79,0.4,0.79,14430000.0,35156000.0,35451000.0,-295000.0,36032000.0,-876000.0,443964000.0,544996000.0,-115000.0,742000.0,-307000.0,307000.0,37460000.0,443964000.0,101032000.0,12834000.0,38202000.0,62830000.0,-12949000.0,49881000.0,544996000.0,46300000.0,46164000.0,46285000.0
Martin Marietta Materials Inc,MLM,,916076,2013.0,Q3YTD,2013-01-01,2013-09-30,,1.83,1.83,1.2,1.82,29615000.0,84276000.0,84730000.0,-454000.0,85305000.0,-1029000.0,1347630000.0,1610555000.0,-180000.0,-5535000.0,307000.0,364000.0,112631000.0,1347630000.0,262925000.0,40633000.0,107767000.0,155158000.0,-40813000.0,114345000.0,1610555000.0,46300000.0,46244000.0,46349000.0
Martin Marietta Materials Inc,MLM,,916076,2013.0,Q3TTM,2012-10-01,2013-09-30,,2.31,2.31,1.6,2.3,34667000.0,105999000.0,107051000.0,-1052000.0,106838000.0,-839000.0,1770381000.0,2110526000.0,-158000.0,-7036000.0,-34834000.0,35504000.0,150630000.0,1770381000.0,340145000.0,54005000.0,144264000.0,195881000.0,-54163000.0,141718000.0,2110526000.0,46300000.0,46244000.0,46349000.0
Martin Marietta Materials Inc,MLM,,916076,2013.0,Q3,2013-07-01,2013-09-30,2014-11-03 13:54:08+00:00,1.55,1.55,0.4,1.54,22915000.0,72038000.0,72309000.0,-271000.0,71836000.0,202000.0,522212000.0,665320000.0,-101000.0,-2964000.0,,89000.0,37140000.0,522212000.0,143108000.0,13518000.0,34265000.0,108843000.0,-13619000.0,95224000.0,665320000.0,46300000.0,46244000.0,46349000.0
Martin Marietta Materials Inc,MLM,,916076,2013.0,Q2YTD,2013-01-01,2013-06-30,,0.28,0.28,0.8,0.28,6700000.0,12238000.0,12421000.0,-183000.0,13469000.0,-1231000.0,825418000.0,945235000.0,-79000.0,-2571000.0,307000.0,275000.0,75491000.0,825418000.0,119817000.0,27115000.0,73502000.0,46315000.0,-27194000.0,19121000.0,945235000.0,46400000.0,46129000.0,46260000.0
Martin Marietta Materials Inc,MLM,,916076,2013.0,Q2TTM,2012-07-01,2013-06-30,,2.12,2.12,1.6,2.12,25453000.0,97630000.0,98730000.0,-1100000.0,97924000.0,-294000.0,1716415000.0,2037474000.0,-677000.0,-3678000.0,-34834000.0,35415000.0,145585000.0,1716415000.0,321059000.0,53711000.0,142488000.0,178571000.0,-54388000.0,124183000.0,2037474000.0,46400000.0,46129000.0,46260000.0
Martin Marietta Materials Inc,MLM,,916076,2013.0,Q2,2013-04-01,2013-06-30,2014-08-04 13:45:37+00:00,0.89,0.89,0.4,0.89,15098000.0,41567000.0,41462000.0,105000.0,41308000.0,259000.0,454330000.0,561326000.0,544000.0,-757000.0,,275000.0,37843000.0,454330000.0,106996000.0,13619000.0,37361000.0,69635000.0,-13075000.0,56560000.0,561326000.0,46400000.0,46129000.0,46260000.0
Martin Marietta Materials Inc,MLM,,916076,2013.0,Q1TTM,2012-04-01,2013-03-31,,2.03,2.03,1.6,2.03,18908000.0,93871000.0,94742000.0,-871000.0,93367000.0,504000.0,1705707000.0,2021836000.0,-1179000.0,-4611000.0,-25594000.0,35140000.0,143017000.0,1705707000.0,316129000.0,53348000.0,147952000.0,168177000.0,-54527000.0,113650000.0,2021836000.0,46028000.0,45600000.0,45600000.0
Martin Marietta Materials Inc,MLM,,916076,2013.0,Q1,2013-01-01,2013-03-31,2014-05-05 09:56:30+00:00,-0.61,-0.61,0.4,-0.61,-8398000.0,-29329000.0,-29041000.0,-288000.0,-27839000.0,-1490000.0,371088000.0,383909000.0,-623000.0,-1814000.0,307000.0,,37648000.0,371088000.0,12821000.0,13496000.0,36141000.0,-23320000.0,-14119000.0,-37439000.0,383909000.0,46028000.0,45600000.0,45600000.0
Martin Marietta Materials Inc,MLM,,916076,2014.0,FY,2014-01-01,2014-12-31,2017-02-24 16:02:10+00:00,2.73,2.73,1.6,2.71,94847000.0,154294000.0,154331000.0,-37000.0,155601000.0,-1307000.0,2435591000.0,2957951000.0,362000.0,-4649000.0,,42891000.0,169245000.0,2435591000.0,522360000.0,66057000.0,207487000.0,314873000.0,-65695000.0,249178000.0,2957951000.0,57000000.0,56854000.0,57088000.0
Martin Marietta Materials Inc,MLM,,916076,2014.0,Q4,2014-10-01,2014-12-31,,1.12,1.12,0.4,1.12,35276000.0,63989000.0,63886000.0,103000.0,63955000.0,34000.0,691044000.0,856374000.0,1692000.0,-5230000.0,,1981000.0,50005000.0,691044000.0,165330000.0,21104000.0,46756000.0,118574000.0,-19412000.0,99162000.0,856374000.0,57000000.0,56854000.0,57088000.0
Martin Marietta Materials Inc,MLM,,916076,2014.0,Q3,2014-07-01,2014-09-30,2015-11-05 11:17:20+00:00,0.8,0.8,0.4,0.79,44089000.0,53834000.0,53903000.0,-69000.0,53743000.0,91000.0,808130000.0,1003723000.0,1841000.0,5092000.0,,26118000.0,48427000.0,808130000.0,195593000.0,19805000.0,79637000.0,115956000.0,-17964000.0,97992000.0,1003723000.0,67200000.0,67086000.0,67495000.0
Martin Marietta Materials Inc,MLM,,916076,2014.0,Q3YTD,2014-01-01,2014-09-30,,1.61,1.61,1.2,1.59,59571000.0,90305000.0,90445000.0,-140000.0,91646000.0,-1341000.0,1744547000.0,2101577000.0,-1330000.0,581000.0,,40910000.0,119240000.0,1744547000.0,357030000.0,44953000.0,160731000.0,196299000.0,-46283000.0,150016000.0,2101577000.0,67200000.0,67086000.0,67495000.0
Martin Marietta Materials Inc,MLM,,916076,2014.0,Q3TTM,2013-10-01,2014-09-30,,2.4,2.4,1.6,2.38,74001000.0,125461000.0,125896000.0,-435000.0,127678000.0,-2217000.0,2188511000.0,2646573000.0,-1445000.0,1323000.0,-307000.0,41217000.0,156700000.0,2188511000.0,458062000.0,57787000.0,198933000.0,259129000.0,-59232000.0,199897000.0,2646573000.0,67200000.0,67086000.0,67495000.0
Martin Marietta Materials Inc,MLM,,916076,2014.0,Q2,2014-04-01,2014-06-30,2015-08-07 16:45:52+00:00,1.28,1.28,0.4,1.27,23906000.0,59624000.0,59680000.0,-56000.0,59521000.0,103000.0,533623000.0,669225000.0,292000.0,-2485000.0,,5280000.0,36566000.0,533623000.0,135602000.0,12947000.0,39361000.0,96241000.0,-12655000.0,83586000.0,669225000.0,46500000.0,46395000.0,46529000.0
Martin Marietta Materials Inc,MLM,,916076,2014.0,Q2YTD,2014-01-01,2014-06-30,,0.81,0.81,0.8,0.8,15482000.0,36471000.0,36542000.0,-71000.0,37903000.0,-1432000.0,936417000.0,1097854000.0,-3171000.0,-4511000.0,,14792000.0,70813000.0,936417000.0,161437000.0,25148000.0,81094000.0,80343000.0,-28319000.0,52024000.0,1097854000.0,46500000.0,46395000.0,46529000.0
Martin Marietta Materials Inc,MLM,,916076,2014.0,Q2TTM,2013-07-01,2014-06-30,,3.15,3.15,1.6,3.13,52827000.0,143665000.0,144302000.0,-637000.0,145771000.0,-2106000.0,1902593000.0,2308170000.0,-3387000.0,-6733000.0,-307000.0,15188000.0,145413000.0,1902593000.0,405577000.0,51500000.0,153561000.0,252016000.0,-54887000.0,197129000.0,2308170000.0,46500000.0,46395000.0,46529000.0
Martin Marietta Materials Inc,MLM,,916076,2014.0,Q1,2014-01-01,2014-03-31,2015-05-05 15:38:31+00:00,-0.47,-0.47,0.4,-0.47,-8424000.0,-23153000.0,-23138000.0,-15000.0,-21618000.0,-1535000.0,402794000.0,428629000.0,-3463000.0,-2026000.0,,9512000.0,34247000.0,402794000.0,25835000.0,12201000.0,41733000.0,-15898000.0,-15664000.0,-31562000.0,428629000.0,46000000.0,46315000.0,46315000.0
Martin Marietta Materials Inc,MLM,,916076,2014.0,Q1TTM,2013-04-01,2014-03-31,,2.76,2.76,1.6,2.75,44019000.0,125608000.0,126084000.0,-476000.0,127558000.0,-1950000.0,1823300000.0,2200271000.0,-3135000.0,-5005000.0,-307000.0,10183000.0,146690000.0,1823300000.0,376971000.0,52172000.0,151561000.0,225410000.0,-55307000.0,170103000.0,2200271000.0,46000000.0,46315000.0,46315000.0
Martin Marietta Materials Inc,MLM,,916076,2015.0,FY,2015-01-01,2015-12-31,2018-02-23 15:41:37+00:00,4.31,4.31,1.6,4.29,124863000.0,288938000.0,288938000.0,,288792000.0,146000.0,2812650000.0,3539570000.0,-4079000.0,15653000.0,,6346000.0,210754000.0,2812650000.0,726920000.0,76287000.0,232753000.0,494167000.0,-80366000.0,413801000.0,3539570000.0,67000000.0,66770000.0,67020000.0
Martin Marietta Materials Inc,MLM,,916076,2015.0,Q4,2015-10-01,2015-12-31,,1.26,1.26,0.4,1.26,39263000.0,83222000.0,83222000.0,,83184000.0,38000.0,654554000.0,844555000.0,-10686000.0,-12310000.0,,563000.0,49634000.0,654554000.0,190001000.0,18943000.0,37887000.0,152114000.0,-29629000.0,122485000.0,844555000.0,67000000.0,66770000.0,67020000.0
Martin Marietta Materials Inc,MLM,,916076,2015.0,Q3,2015-07-01,2015-09-30,2016-11-02 15:37:08+00:00,1.75,1.75,0.4,1.74,47483000.0,117578000.0,117578000.0,,117544000.0,34000.0,819744000.0,1082249000.0,4489000.0,26033000.0,,2087000.0,54887000.0,819744000.0,262505000.0,18926000.0,83007000.0,179498000.0,-14437000.0,165061000.0,1082249000.0,67200000.0,66830000.0,67108000.0
Martin Marietta Materials Inc,MLM,,916076,2015.0,Q3YTD,2015-01-01,2015-09-30,,3.05,3.05,1.2,3.03,85600000.0,205716000.0,205716000.0,,205608000.0,108000.0,2158096000.0,2695015000.0,6607000.0,27963000.0,,5783000.0,161120000.0,2158096000.0,536919000.0,57344000.0,194866000.0,342053000.0,-50737000.0,291316000.0,2695015000.0,67200000.0,66830000.0,67108000.0
Martin Marietta Materials Inc,MLM,,916076,2015.0,Q3TTM,2014-10-01,2015-09-30,,4.17,4.17,1.6,4.15,120876000.0,269705000.0,269602000.0,103000.0,269563000.0,142000.0,2849140000.0,3551389000.0,8299000.0,22733000.0,,7764000.0,211125000.0,2849140000.0,702249000.0,78448000.0,241622000.0,460627000.0,-70149000.0,390478000.0,3551389000.0,67200000.0,66830000.0,67108000.0
Martin Marietta Materials Inc,MLM,,916076,2015.0,Q2,2015-04-01,2015-06-30,2016-08-04 14:27:19+00:00,1.23,1.23,0.4,1.22,38929000.0,81979000.0,81979000.0,,81938000.0,41000.0,721266000.0,921419000.0,3011000.0,4294000.0,,2092000.0,56783000.0,721266000.0,200153000.0,19087000.0,63169000.0,136984000.0,-16076000.0,120908000.0,921419000.0,66600000.0,67373000.0,67633000.0
Martin Marietta Materials Inc,MLM,,916076,2015.0,Q2YTD,2015-01-01,2015-06-30,,1.3,1.3,0.8,1.29,38117000.0,88138000.0,88138000.0,,88064000.0,74000.0,1338352000.0,1612766000.0,2118000.0,1930000.0,,3696000.0,106233000.0,1338352000.0,274414000.0,38418000.0,111859000.0,162555000.0,-36300000.0,126255000.0,1612766000.0,66600000.0,67373000.0,67633000.0
Martin Marietta Materials Inc,MLM,,916076,2015.0,Q2TTM,2014-07-01,2015-06-30,,3.22,3.22,1.6,3.2,117482000.0,205961000.0,205927000.0,34000.0,205762000.0,199000.0,2837526000.0,3472863000.0,5651000.0,1792000.0,,31795000.0,204665000.0,2837526000.0,635337000.0,79327000.0,238252000.0,397085000.0,-73676000.0,323409000.0,3472863000.0,66600000.0,67373000.0,67633000.0
Martin Marietta Materials Inc,MLM,,916076,2015.0,Q1,2015-01-01,2015-03-31,2016-05-05 15:30:19+00:00,0.07,0.07,0.4,0.07,-812000.0,6159000.0,6159000.0,,6126000.0,33000.0,617086000.0,691347000.0,-893000.0,-2364000.0,,1604000.0,49450000.0,617086000.0,74261000.0,19331000.0,48690000.0,25571000.0,-20224000.0,5347000.0,691347000.0,87500000.0,67411000.0,67676000.0
Martin Marietta Materials Inc,MLM,,916076,2015.0,Q1TTM,2014-04-01,2015-03-31,,3.27,3.27,1.6,3.25,102459000.0,183606000.0,183628000.0,-22000.0,183345000.0,261000.0,2649883000.0,3220669000.0,2932000.0,-4987000.0,,34983000.0,184448000.0,2649883000.0,570786000.0,73187000.0,214444000.0,356342000.0,-70255000.0,286087000.0,3220669000.0,87500000.0,67411000.0,67676000.0
Martin Marietta Materials Inc,MLM,,916076,2016.0,FY,2016-01-01,2016-12-31,2019-02-25 16:38:50+00:00,6.66,6.66,1.72,6.63,181584000.0,425444000.0,425444000.0,,425386000.0,58000.0,2907011000.0,3818749000.0,11439000.0,-8043000.0,,909000.0,241606000.0,2907011000.0,911738000.0,81677000.0,234472000.0,677266000.0,-70238000.0,607028000.0,3818749000.0,63900000.0,63610000.0,63861000.0
Martin Marietta Materials Inc,MLM,,916076,2016.0,Q4,2016-10-01,2016-12-31,,1.55,1.55,0.5,1.55,37570000.0,98798000.0,98798000.0,,98861000.0,-63000.0,723066000.0,948816000.0,-577000.0,-735000.0,,56000.0,68703000.0,723066000.0,225750000.0,20781000.0,68024000.0,157726000.0,-21358000.0,136368000.0,948816000.0,63900000.0,63610000.0,63861000.0
Martin Marietta Materials Inc,MLM,,916076,2016.0,Q3,2016-07-01,2016-09-30,2017-11-02 16:41:53+00:00,2.5,2.5,0.42,2.49,70869000.0,159478000.0,159478000.0,,159479000.0,-1000.0,810594000.0,1103901000.0,8246000.0,-4441000.0,,306000.0,54773000.0,810594000.0,293307000.0,20568000.0,50638000.0,242669000.0,-12322000.0,230347000.0,1103901000.0,63800000.0,63452000.0,63723000.0
Martin Marietta Materials Inc,MLM,,916076,2016.0,Q3YTD,2016-01-01,2016-09-30,,5.11,5.11,1.22,5.08,144014000.0,326646000.0,326646000.0,,326525000.0,121000.0,2183945000.0,2869933000.0,12016000.0,-7308000.0,,853000.0,172903000.0,2183945000.0,685988000.0,60896000.0,166448000.0,519540000.0,-48880000.0,470660000.0,2869933000.0,63800000.0,63452000.0,63723000.0
Martin Marietta Materials Inc,MLM,,916076,2016.0,Q3TTM,2015-10-01,2016-09-30,,6.37,6.37,1.62,6.34,183277000.0,409868000.0,409868000.0,,409709000.0,159000.0,2838499000.0,3714488000.0,1330000.0,-19618000.0,,1416000.0,222537000.0,2838499000.0,875989000.0,79839000.0,204335000.0,671654000.0,-78509000.0,593145000.0,3714488000.0,63800000.0,63452000.0,63723000.0
Martin Marietta Materials Inc,MLM,,916076,2016.0,Q2,2016-04-01,2016-06-30,2017-08-01 15:59:46+00:00,1.91,1.91,0.4,1.9,53435000.0,122113000.0,122113000.0,,122052000.0,61000.0,729867000.0,977298000.0,4994000.0,-3446000.0,,248000.0,59781000.0,729867000.0,247431000.0,20294000.0,56583000.0,190848000.0,-15300000.0,175548000.0,977298000.0,63900000.0,63532000.0,63802000.0
Martin Marietta Materials Inc,MLM,,916076,2016.0,Q2YTD,2016-01-01,2016-06-30,,2.61,2.61,0.8,2.59,73145000.0,167168000.0,167168000.0,,167046000.0,122000.0,1373351000.0,1766032000.0,3770000.0,-2867000.0,,547000.0,118130000.0,1373351000.0,392681000.0,40328000.0,115810000.0,276871000.0,-36558000.0,240313000.0,1766032000.0,63900000.0,63532000.0,63802000.0
Martin Marietta Materials Inc,MLM,,916076,2016.0,Q2TTM,2015-07-01,2016-06-30,,5.62,5.62,1.6,5.59,159891000.0,367968000.0,367968000.0,,367774000.0,194000.0,2847649000.0,3692836000.0,-2427000.0,10856000.0,,3197000.0,222651000.0,2847649000.0,845187000.0,78197000.0,236704000.0,608483000.0,-80624000.0,527859000.0,3692836000.0,63900000.0,63532000.0,63802000.0
Martin Marietta Materials Inc,MLM,,916076,2016.0,Q1,2016-01-01,2016-03-31,2017-05-10 16:23:59+00:00,0.7,0.7,0.4,0.69,19710000.0,45055000.0,45055000.0,,44994000.0,61000.0,643484000.0,788734000.0,-1224000.0,579000.0,,299000.0,58349000.0,643484000.0,145250000.0,20034000.0,59227000.0,86023000.0,-21258000.0,64765000.0,788734000.0,64300000.0,64158000.0,64350000.0
Martin Marietta Materials Inc,MLM,,916076,2016.0,Q1TTM,2015-04-01,2016-03-31,,4.94,4.94,1.6,4.91,145385000.0,327834000.0,327834000.0,,327660000.0,174000.0,2839048000.0,3636957000.0,-4410000.0,18596000.0,,5041000.0,219653000.0,2839048000.0,797909000.0,76990000.0,243290000.0,554619000.0,-81400000.0,473219000.0,3636957000.0,64300000.0,64158000.0,64350000.0
Martin Marietta Materials Inc,MLM,,916076,2017.0,FY,2017-01-01,2017-12-31,2020-02-21 16:57:43+00:00,11.3,11.3,1.72,11.25,-94500000.0,713400000.0,713400000.0,,713300000.0,100000.0,2993700000.0,3965600000.0,10000000.0,800000.0,,8600000.0,262100000.0,2993700000.0,971900000.0,91500000.0,271500000.0,700400000.0,-81500000.0,618900000.0,3965600000.0,63100000.0,62900000.0,63200000.0
Martin Marietta Materials Inc,MLM,,916076,2017.0,Q4,2017-10-01,2017-12-31,,5.97,5.97,0.44,5.94,-213777000.0,377313000.0,377313000.0,,377141000.0,172000.0,711424000.0,970485000.0,3565000.0,3372000.0,,5282000.0,66973000.0,711424000.0,259061000.0,23463000.0,75627000.0,183434000.0,-19898000.0,163536000.0,970485000.0,63100000.0,62900000.0,63200000.0
Martin Marietta Materials Inc,MLM,,916076,2017.0,Q3,2017-07-01,2017-09-30,2018-11-07 15:00:15+00:00,2.4,2.4,0.44,2.39,52763000.0,151539000.0,151539000.0,,151546000.0,-7000.0,796054000.0,1087732000.0,479000.0,6181000.0,,1314000.0,57219000.0,796054000.0,291678000.0,23141000.0,64714000.0,226964000.0,-22662000.0,204302000.0,1087732000.0,63100000.0,62896000.0,63158000.0
Martin Marietta Materials Inc,MLM,,916076,2017.0,Q3YTD,2017-01-01,2017-09-30,,5.33,5.33,1.28,5.31,119277000.0,336087000.0,336087000.0,,336159000.0,-72000.0,2282276000.0,2995115000.0,6435000.0,-2572000.0,,3318000.0,195127000.0,2282276000.0,712839000.0,68037000.0,195873000.0,516966000.0,-61602000.0,455364000.0,2995115000.0,63100000.0,62896000.0,63158000.0
Martin Marietta Materials Inc,MLM,,916076,2017.0,Q3TTM,2016-10-01,2017-09-30,,6.88,6.88,1.78,6.86,156847000.0,434885000.0,434885000.0,,435020000.0,-135000.0,3005342000.0,3943931000.0,5858000.0,-3307000.0,,3374000.0,263830000.0,3005342000.0,938589000.0,88818000.0,263897000.0,674692000.0,-82960000.0,591732000.0,3943931000.0,63100000.0,62896000.0,63158000.0
Martin Marietta Materials Inc,MLM,,916076,2017.0,Q2,2017-04-01,2017-06-30,2018-07-27 14:31:41+00:00,2.26,2.26,0.42,2.25,51986000.0,142241000.0,142241000.0,,142279000.0,-38000.0,789430000.0,1063524000.0,5420000.0,-9113000.0,,1982000.0,68373000.0,789430000.0,274094000.0,24045000.0,61242000.0,212852000.0,-18625000.0,194227000.0,1063524000.0,63000000.0,62858000.0,63141000.0
Martin Marietta Materials Inc,MLM,,916076,2017.0,Q2YTD,2017-01-01,2017-06-30,,2.93,2.93,0.84,2.92,66514000.0,184548000.0,184548000.0,,184613000.0,-65000.0,1486222000.0,1907383000.0,5956000.0,-8753000.0,,2004000.0,137908000.0,1486222000.0,421161000.0,44896000.0,131159000.0,290002000.0,-38940000.0,251062000.0,1907383000.0,63000000.0,62858000.0,63141000.0
Martin Marietta Materials Inc,MLM,,916076,2017.0,Q2TTM,2016-07-01,2017-06-30,,6.98,6.98,1.76,6.96,174953000.0,442824000.0,442824000.0,,442953000.0,-129000.0,3019882000.0,3960100000.0,13625000.0,-13929000.0,,2366000.0,261384000.0,3019882000.0,940218000.0,86245000.0,249821000.0,690397000.0,-72620000.0,617777000.0,3960100000.0,63000000.0,62858000.0,63141000.0
Martin Marietta Materials Inc,MLM,,916076,2017.0,Q1,2017-01-01,2017-03-31,2018-05-08 16:42:00+00:00,0.67,0.67,0.42,0.67,14528000.0,42307000.0,42307000.0,,42334000.0,-27000.0,696792000.0,843859000.0,536000.0,360000.0,,22000.0,69535000.0,696792000.0,147067000.0,20851000.0,69917000.0,77150000.0,-20315000.0,56835000.0,843859000.0,63200000.0,63024000.0,63319000.0
Martin Marietta Materials Inc,MLM,,916076,2017.0,Q1TTM,2016-04-01,2017-03-31,,6.63,6.63,1.74,6.61,176402000.0,422696000.0,422696000.0,,422726000.0,-30000.0,2960319000.0,3873874000.0,13199000.0,-8262000.0,,632000.0,252792000.0,2960319000.0,913555000.0,82494000.0,245162000.0,668393000.0,-69295000.0,599098000.0,3873874000.0,63200000.0,63024000.0,63319000.0
Martin Marietta Materials Inc,MLM,,916076,2018.0,FY,2018-01-01,2018-12-31,2020-02-21 16:57:43+00:00,7.46,7.46,1.84,7.43,105700000.0,470400000.0,470400000.0,,470000000.0,400000.0,3277700000.0,4244300000.0,22500000.0,-18200000.0,,13500000.0,280600000.0,3277700000.0,966600000.0,137100000.0,275900000.0,690700000.0,-114600000.0,576100000.0,4244300000.0,63000000.0,62900000.0,63100000.0
Martin Marietta Materials Inc,MLM,,916076,2018.0,Q4,2018-10-01,2018-12-31,,1.5,1.5,0.48,1.5,21553000.0,94504000.0,94504000.0,,94379000.0,125000.0,792946000.0,1020253000.0,2627000.0,8761000.0,,574000.0,70968000.0,792946000.0,227307000.0,33574000.0,80303000.0,147004000.0,-30947000.0,116057000.0,1020253000.0,63000000.0,62900000.0,63100000.0
Martin Marietta Materials Inc,MLM,,916076,2018.0,Q3,2018-07-01,2018-09-30,2019-10-30 13:23:29+00:00,2.86,2.86,0.48,2.85,29089000.0,180353000.0,180353000.0,,180221000.0,132000.0,906656000.0,1219640000.0,4248000.0,3792000.0,,89000.0,68441000.0,906656000.0,312984000.0,35468000.0,72322000.0,240662000.0,-31220000.0,209442000.0,1219640000.0,63000000.0,62932000.0,63167000.0
Martin Marietta Materials Inc,MLM,,916076,2018.0,Q3YTD,2018-01-01,2018-09-30,,5.96,5.96,1.36,5.93,84147000.0,375896000.0,375896000.0,,375621000.0,275000.0,2484754000.0,3224047000.0,19873000.0,-26961000.0,,12926000.0,209632000.0,2484754000.0,739293000.0,103526000.0,195597000.0,543696000.0,-83653000.0,460043000.0,3224047000.0,63000000.0,62932000.0,63167000.0
Martin Marietta Materials Inc,MLM,,916076,2018.0,Q3TTM,2017-10-01,2018-09-30,,11.93,11.93,1.8,11.87,-129630000.0,753209000.0,753209000.0,,752762000.0,447000.0,3196178000.0,4194532000.0,23438000.0,-23589000.0,,18208000.0,276605000.0,3196178000.0,998354000.0,126989000.0,271224000.0,727130000.0,-103551000.0,623579000.0,4194532000.0,63000000.0,62932000.0,63167000.0
Martin Marietta Materials Inc,MLM,,916076,2018.0,Q2,2018-04-01,2018-06-30,2019-07-31 15:01:23+00:00,2.94,2.94,0.44,2.92,52601000.0,185503000.0,185503000.0,,185377000.0,126000.0,886486000.0,1202403000.0,7122000.0,-31232000.0,,12126000.0,71070000.0,886486000.0,315917000.0,32971000.0,51964000.0,263953000.0,-25849000.0,238104000.0,1202403000.0,63100000.0,63021000.0,63285000.0
Martin Marietta Materials Inc,MLM,,916076,2018.0,Q2YTD,2018-01-01,2018-06-30,,3.1,3.1,0.88,3.08,55058000.0,195543000.0,195543000.0,,195400000.0,143000.0,1578098000.0,2004407000.0,15625000.0,-30753000.0,,12837000.0,141191000.0,1578098000.0,426309000.0,68058000.0,123275000.0,303034000.0,-52433000.0,250601000.0,2004407000.0,63100000.0,63021000.0,63285000.0
Martin Marietta Materials Inc,MLM,,916076,2018.0,Q2TTM,2017-07-01,2018-06-30,,11.47,11.47,1.76,11.41,-105956000.0,724395000.0,724395000.0,,724087000.0,308000.0,3085576000.0,4062624000.0,19669000.0,-21200000.0,,19433000.0,265383000.0,3085576000.0,977048000.0,114662000.0,263616000.0,713432000.0,-94993000.0,618439000.0,4062624000.0,63100000.0,63021000.0,63285000.0
Martin Marietta Materials Inc,MLM,,916076,2018.0,Q1,2018-01-01,2018-03-31,2019-05-01 16:50:50+00:00,0.16,0.16,0.44,0.16,2457000.0,10040000.0,10040000.0,,10023000.0,17000.0,691612000.0,802004000.0,8503000.0,479000.0,,711000.0,70121000.0,691612000.0,110392000.0,35087000.0,71311000.0,39081000.0,-26584000.0,12497000.0,802004000.0,62600000.0,62957000.0,63222000.0
Martin Marietta Materials Inc,MLM,,916076,2018.0,Q1TTM,2017-04-01,2018-03-31,,10.79,10.79,1.74,10.74,-106571000.0,681133000.0,681133000.0,,680989000.0,144000.0,2988520000.0,3923745000.0,17967000.0,919000.0,,9289000.0,262686000.0,2988520000.0,935225000.0,105736000.0,272894000.0,662331000.0,-87769000.0,574562000.0,3923745000.0,62600000.0,62957000.0,63222000.0
Martin Marietta Materials Inc,MLM,,916076,2019.0,Q4,2019-10-01,2019-12-31,,2.1,2.1,0.55,2.09,25232000.0,131009000.0,131009000.0,,130952000.0,57000.0,45698000.0,161386000.0,2353000.0,-142957000.0,,353000.0,73737000.0,45698000.0,115688000.0,30667000.0,-68867000.0,184555000.0,-28314000.0,156241000.0,161386000.0,62600000.0,62500000.0,62700000.0
Martin Marietta Materials Inc,MLM,,916076,2019.0,FY,2019-01-01,2019-12-31,2020-02-21 16:57:43+00:00,9.77,9.77,2.06,9.74,136300000.0,612000000.0,612000000.0,,611900000.0,100000.0,3560100000.0,4739100000.0,-7300000.0,-9100000.0,,500000.0,302700000.0,3560100000.0,1179000000.0,129300000.0,294100000.0,884900000.0,-136600000.0,748300000.0,4739100000.0,62600000.0,62500000.0,62700000.0
Martin Marietta Materials Inc,MLM,,916076,2019.0,Q3YTD,2019-01-01,2019-09-30,,7.67,7.67,1.51,7.65,111068000.0,480991000.0,480991000.0,,480948000.0,43000.0,3514402000.0,4577714000.0,-9653000.0,133857000.0,,147000.0,228963000.0,3514402000.0,1063312000.0,98633000.0,362967000.0,700345000.0,-108286000.0,592059000.0,4577714000.0,62600000.0,62510000.0,62679000.0
Martin Marietta Materials Inc,MLM,,916076,2019.0,Q3TTM,2018-10-01,2019-09-30,,9.17,9.17,1.99,9.15,132621000.0,575495000.0,575495000.0,,575327000.0,168000.0,4307348000.0,5597967000.0,-7026000.0,142618000.0,,721000.0,299931000.0,4307348000.0,1290619000.0,132207000.0,443270000.0,847349000.0,-139233000.0,708116000.0,5597967000.0,62600000.0,62510000.0,62679000.0
Martin Marietta Materials Inc,MLM,,916076,2019.0,Q3,2019-07-01,2019-09-30,2019-10-30 13:23:29+00:00,3.97,3.97,0.55,3.96,66178000.0,248622000.0,248622000.0,,248573000.0,49000.0,999601000.0,1420246000.0,1973000.0,-2899000.0,,,78281000.0,999601000.0,420645000.0,32436000.0,75382000.0,345263000.0,-30463000.0,314800000.0,1420246000.0,62600000.0,62510000.0,62679000.0
Martin Marietta Materials Inc,MLM,,916076,2019.0,Q2YTD,2019-01-01,2019-06-30,,3.7,3.7,0.96,3.69,44890000.0,232369000.0,232369000.0,,232375000.0,-6000.0,2514801000.0,3157468000.0,-11626000.0,136756000.0,,147000.0,150682000.0,2514801000.0,642667000.0,66197000.0,287585000.0,355082000.0,-77823000.0,277259000.0,3157468000.0,62700000.0,62563000.0,62720000.0
Martin Marietta Materials Inc,MLM,,916076,2019.0,Q2TTM,2018-07-01,2019-06-30,,8.06,8.06,1.92,8.04,95532000.0,507226000.0,507226000.0,,506975000.0,251000.0,4214403000.0,5397361000.0,-4751000.0,149309000.0,,810000.0,290091000.0,4214403000.0,1182958000.0,135239000.0,440210000.0,742748000.0,-139990000.0,602758000.0,5397361000.0,62700000.0,62563000.0,62720000.0
Martin Marietta Materials Inc,MLM,,916076,2019.0,Q2,2019-04-01,2019-06-30,2019-07-31 15:01:23+00:00,3.02,3.02,0.48,3.01,49890000.0,189469000.0,189469000.0,,189475000.0,-6000.0,922601000.0,1279468000.0,-13226000.0,-1444000.0,,47000.0,72382000.0,922601000.0,356867000.0,33297000.0,70985000.0,285882000.0,-46523000.0,239359000.0,1279468000.0,62700000.0,62563000.0,62720000.0
Martin Marietta Materials Inc,MLM,,916076,2019.0,Q1,2019-01-01,2019-03-31,2020-05-05 16:23:11+00:00,0.68,0.68,0.48,0.68,-5000000.0,42900000.0,42900000.0,,42900000.0,,1592200000.0,1878000000.0,1600000.0,138200000.0,,100000.0,78300000.0,1592200000.0,285800000.0,32900000.0,216600000.0,69200000.0,-31300000.0,37900000.0,1878000000.0,63100000.0,62600000.0,62800000.0
Martin Marietta Materials Inc,MLM,,916076,2019.0,Q1TTM,2018-04-01,2019-03-31,,7.98,7.98,1.88,7.95,98243000.0,503260000.0,503260000.0,,502877000.0,383000.0,4178288000.0,5320296000.0,15597000.0,119521000.0,,12889000.0,288779000.0,4178288000.0,1142008000.0,134913000.0,421189000.0,720819000.0,-119316000.0,601503000.0,5320296000.0,63100000.0,62600000.0,62800000.0
Martin Marietta Materials Inc,MLM,,916076,2020.0,Q1TTM,2019-04-01,2020-03-31,,9.51,9.51,2.13,9.47,141400000.0,595000000.0,595000000.0,,594900000.0,100000.0,3599500000.0,4777500000.0,-10900000.0,700000.0,,700000.0,303100000.0,3599500000.0,1178000000.0,126200000.0,304500000.0,873500000.0,-137100000.0,736400000.0,4777500000.0,61700000.0,62300000.0,62500000.0
Martin Marietta Materials Inc,MLM,,916076,2020.0,Q1,2020-01-01,2020-03-31,2020-05-05 16:23:11+00:00,0.42,0.42,0.55,0.41,100000.0,25900000.0,25900000.0,,25900000.0,,1631600000.0,1916400000.0,-2000000.0,148000000.0,,300000.0,78700000.0,1631600000.0,284800000.0,29800000.0,227000000.0,57800000.0,-31800000.0,26000000.0,1916400000.0,61700000.0,62300000.0,62500000.0
