company_name,company_ticker,company_lei,company_cik,year,quarter,start_date,end_date,filing_date,amortizationexpense,basicdilutedeps,basiceps,cashdividendspershare,dilutedeps,incometaxexpense,netincome,netincomecontinuing,netincomediscontinued,netincometocommon,netincometononcontrollinginterest,operatingcostofrevenue,operatingrevenue,otheradjustmentstoconsolidatednetincome,otheradjustmentstonetincometocommon,othergains,otherincome,otheroperatingexpenses,rdexpense,restructuringcharge,sgaexpense,totalcostofrevenue,totalgrossprofit,totalinterestincome,totaloperatingexpenses,totaloperatingincome,totalotherincome,totalpretaxincome,totalrevenue,weightedavebasicdilutedsharesos,weightedavebasicsharesos,weightedavedilutedsharesos
Pfizer Inc,PFE,765LHXWGK1KXCLTFYQ30,78003,2007.0,FY,2007-01-01,2007-12-31,2010-02-26 13:43:14+00:00,3128000000.0,1.18,1.18,,1.17,1023000000.0,8186000000.0,8255000000.0,-69000000.0,8144000000.0,42000000.0,11239000000.0,48418000000.0,,,,,-1759000000.0,8372000000.0,2534000000.0,15626000000.0,11239000000.0,37179000000.0,,27901000000.0,9278000000.0,,9278000000.0,48418000000.0,6901700000.0,6917000000.0,6939000000.0
Pfizer Inc,PFE,765LHXWGK1KXCLTFYQ30,78003,2008.0,FY,2008-01-01,2008-12-31,2011-02-28 10:00:55+00:00,2668000000.0,1.2,1.2,,1.2,1645000000.0,8127000000.0,8049000000.0,78000000.0,8104000000.0,23000000.0,8112000000.0,48296000000.0,,,,,2032000000.0,8578000000.0,2675000000.0,14537000000.0,8112000000.0,40184000000.0,,30490000000.0,9694000000.0,,9694000000.0,48296000000.0,6753300000.0,6727000000.0,6750000000.0
Pfizer Inc,PFE,765LHXWGK1KXCLTFYQ30,78003,2008.0,Q3,2008-06-30,2008-09-28,2009-11-05 17:15:33+00:00,621000000.0,0.34,0.34,0.32,0.34,463000000.0,2284000000.0,2259000000.0,25000000.0,2278000000.0,6000000.0,2122000000.0,11973000000.0,,,,,721000000.0,1898000000.0,366000000.0,3523000000.0,2122000000.0,9851000000.0,,7129000000.0,2722000000.0,,2722000000.0,11973000000.0,6700000000.0,6718000000.0,6736000000.0
Pfizer Inc,PFE,765LHXWGK1KXCLTFYQ30,78003,2008.0,Q2,2008-03-31,2008-06-29,2009-08-06 17:20:32+00:00,663000000.0,0.41,0.41,0.32,0.41,25000000.0,2782000000.0,2765000000.0,17000000.0,2776000000.0,6000000.0,2289000000.0,12129000000.0,,,,,-167000000.0,2122000000.0,569000000.0,3863000000.0,2289000000.0,9840000000.0,,7050000000.0,2790000000.0,,2790000000.0,12129000000.0,6770700000.0,6732000000.0,6748000000.0
Pfizer Inc,PFE,765LHXWGK1KXCLTFYQ30,78003,2009.0,Q4,2009-09-28,2009-12-31,,1122000000.0,0.05,0.05,-0.64,0.06,-807000000.0,766000000.0,658000000.0,108000000.0,767000000.0,-1000000.0,3506000000.0,15797000000.0,,,,,110000000.0,2840000000.0,3124000000.0,5244000000.0,3506000000.0,12291000000.0,,12440000000.0,-149000000.0,,-149000000.0,15797000000.0,7020300000.0,7007000000.0,7045000000.0
Pfizer Inc,PFE,765LHXWGK1KXCLTFYQ30,78003,2009.0,FY,2009-01-01,2009-12-31,2012-02-28 17:07:08+00:00,2877000000.0,1.23,1.23,,1.23,2145000000.0,8643000000.0,8529000000.0,114000000.0,8635000000.0,8000000.0,8459000000.0,49269000000.0,,,,,285000000.0,7892000000.0,4330000000.0,14752000000.0,8459000000.0,40810000000.0,,30136000000.0,10674000000.0,,10674000000.0,49269000000.0,7020300000.0,7007000000.0,7045000000.0
Pfizer Inc,PFE,765LHXWGK1KXCLTFYQ30,78003,2009.0,Q3YTD,2009-01-01,2009-09-27,,1755000000.0,1.18,1.18,0.64,1.17,2952000000.0,7877000000.0,7871000000.0,6000000.0,7868000000.0,9000000.0,4953000000.0,33472000000.0,,,,,175000000.0,5052000000.0,1206000000.0,9508000000.0,4953000000.0,28519000000.0,,17696000000.0,10823000000.0,,10823000000.0,33472000000.0,6693000000.0,6730000000.0,6762000000.0
Pfizer Inc,PFE,765LHXWGK1KXCLTFYQ30,78003,2009.0,Q3,2009-06-29,2009-09-27,2010-11-12 10:11:48+00:00,594000000.0,0.43,0.43,0.16,0.43,1092000000.0,2881000000.0,2879000000.0,2000000.0,2878000000.0,3000000.0,1789000000.0,11621000000.0,,,,,160000000.0,1632000000.0,193000000.0,3282000000.0,1789000000.0,9832000000.0,,5861000000.0,3971000000.0,,3971000000.0,11621000000.0,6693000000.0,6730000000.0,6762000000.0
Pfizer Inc,PFE,765LHXWGK1KXCLTFYQ30,78003,2009.0,Q2YTD,2009-01-01,2009-06-28,,1161000000.0,0.75,0.75,0.48,0.74,1860000000.0,4996000000.0,4992000000.0,4000000.0,4990000000.0,6000000.0,3164000000.0,21851000000.0,,,,,15000000.0,3420000000.0,1013000000.0,6226000000.0,3164000000.0,18687000000.0,,11835000000.0,6852000000.0,,6852000000.0,21851000000.0,6650000000.0,6728000000.0,6752000000.0
Pfizer Inc,PFE,765LHXWGK1KXCLTFYQ30,78003,2009.0,Q2,2009-03-30,2009-06-28,2010-08-12 16:54:27+00:00,583000000.0,0.34,0.34,0.16,0.34,786000000.0,2266000000.0,2263000000.0,3000000.0,2261000000.0,5000000.0,1756000000.0,10984000000.0,,,,,72000000.0,1715000000.0,459000000.0,3350000000.0,1756000000.0,9228000000.0,,6179000000.0,3049000000.0,,3049000000.0,10984000000.0,6650000000.0,6728000000.0,6752000000.0
Pfizer Inc,PFE,765LHXWGK1KXCLTFYQ30,78003,2009.0,Q1,2009-01-01,2009-03-29,2010-05-13 16:44:46+00:00,578000000.0,0.41,0.41,0.32,0.4,1074000000.0,2730000000.0,2729000000.0,1000000.0,2729000000.0,1000000.0,1408000000.0,10867000000.0,,,,,-57000000.0,1705000000.0,554000000.0,2876000000.0,1408000000.0,9459000000.0,,5656000000.0,3803000000.0,,3803000000.0,10867000000.0,6656100000.0,6723000000.0,6753000000.0
Pfizer Inc,PFE,765LHXWGK1KXCLTFYQ30,78003,2010.0,Q4,2010-10-04,2010-12-31,,1392000000.0,0.36,0.36,0.18,0.35,-2012000000.0,2897000000.0,2994000000.0,-97000000.0,2890000000.0,7000000.0,3112000000.0,15462000000.0,,,,,905000000.0,2819000000.0,1055000000.0,5197000000.0,3112000000.0,12350000000.0,,11368000000.0,982000000.0,,982000000.0,15462000000.0,8016500000.0,8036000000.0,8074000000.0
Pfizer Inc,PFE,765LHXWGK1KXCLTFYQ30,78003,2010.0,FY,2010-01-01,2010-12-31,2013-02-28 16:57:54+00:00,5364000000.0,1.03,1.03,0.72,1.02,1153000000.0,8288000000.0,8318000000.0,-30000000.0,8257000000.0,31000000.0,14788000000.0,65165000000.0,,,,,3941000000.0,9483000000.0,3145000000.0,18973000000.0,14788000000.0,50377000000.0,,40906000000.0,9471000000.0,,9471000000.0,65165000000.0,8016500000.0,8036000000.0,8074000000.0
Pfizer Inc,PFE,765LHXWGK1KXCLTFYQ30,78003,2010.0,Q3YTD,2010-01-01,2010-10-03,,3972000000.0,0.67,0.67,0.54,0.67,3165000000.0,5391000000.0,5324000000.0,67000000.0,5367000000.0,24000000.0,11676000000.0,49703000000.0,,,,,3036000000.0,6664000000.0,2090000000.0,13776000000.0,11676000000.0,38027000000.0,,29538000000.0,8489000000.0,,8489000000.0,49703000000.0,7872700000.0,8027000000.0,8057000000.0
Pfizer Inc,PFE,765LHXWGK1KXCLTFYQ30,78003,2010.0,Q3TTM,2009-09-28,2010-10-03,,5094000000.0,0.72,0.72,-0.1,0.73,2358000000.0,6157000000.0,5982000000.0,175000000.0,6134000000.0,23000000.0,15182000000.0,65500000000.0,,,,,3146000000.0,9504000000.0,5214000000.0,19020000000.0,15182000000.0,50318000000.0,,41978000000.0,8340000000.0,,8340000000.0,65500000000.0,7872700000.0,8027000000.0,8057000000.0
Pfizer Inc,PFE,765LHXWGK1KXCLTFYQ30,78003,2010.0,Q3,2010-07-05,2010-10-03,2011-11-10 16:50:30+00:00,1156000000.0,0.11,0.11,0.18,0.11,558000000.0,871000000.0,856000000.0,15000000.0,866000000.0,5000000.0,3790000000.0,15995000000.0,,,,,2349000000.0,2188000000.0,499000000.0,4599000000.0,3790000000.0,12205000000.0,,10791000000.0,1414000000.0,,1414000000.0,15995000000.0,7872700000.0,8027000000.0,8057000000.0
Pfizer Inc,PFE,765LHXWGK1KXCLTFYQ30,78003,2010.0,Q2YTD,2010-01-01,2010-07-04,,2816000000.0,0.56,0.56,0.36,0.56,2607000000.0,4520000000.0,4468000000.0,52000000.0,4501000000.0,19000000.0,7886000000.0,33708000000.0,,,,,687000000.0,4476000000.0,1591000000.0,9177000000.0,7886000000.0,25822000000.0,,18747000000.0,7075000000.0,,7075000000.0,33708000000.0,7983900000.0,8046000000.0,8072000000.0
Pfizer Inc,PFE,765LHXWGK1KXCLTFYQ30,78003,2010.0,Q2TTM,2009-06-29,2010-07-04,,4532000000.0,1.04,1.04,-0.12,1.05,2892000000.0,8167000000.0,8005000000.0,162000000.0,8146000000.0,21000000.0,13181000000.0,61126000000.0,,,,,957000000.0,8948000000.0,4908000000.0,17703000000.0,13181000000.0,47945000000.0,,37048000000.0,10897000000.0,,10897000000.0,61126000000.0,7983900000.0,8046000000.0,8072000000.0
Pfizer Inc,PFE,765LHXWGK1KXCLTFYQ30,78003,2010.0,Q2,2010-04-05,2010-07-04,2011-08-11 15:51:15+00:00,1407000000.0,0.31,0.31,0.18,0.31,1472000000.0,2485000000.0,2454000000.0,31000000.0,2475000000.0,10000000.0,3684000000.0,17132000000.0,,,,,275000000.0,2181000000.0,885000000.0,4774000000.0,3684000000.0,13448000000.0,,9522000000.0,3926000000.0,,3926000000.0,17132000000.0,7983900000.0,8046000000.0,8072000000.0
Pfizer Inc,PFE,765LHXWGK1KXCLTFYQ30,78003,2010.0,Q1TTM,2009-03-30,2010-04-04,,3708000000.0,1.07,1.07,-0.14,1.08,2206000000.0,7948000000.0,7814000000.0,134000000.0,7932000000.0,16000000.0,11253000000.0,54978000000.0,,,,,754000000.0,8482000000.0,4482000000.0,16279000000.0,11253000000.0,43725000000.0,,33705000000.0,10020000000.0,,10020000000.0,54978000000.0,8104000000.0,8061000000.0,8101000000.0
Pfizer Inc,PFE,765LHXWGK1KXCLTFYQ30,78003,2010.0,Q1,2010-01-01,2010-04-04,2011-05-12 15:48:27+00:00,1409000000.0,0.25,0.25,0.18,0.25,1135000000.0,2035000000.0,2014000000.0,21000000.0,2026000000.0,9000000.0,4202000000.0,16576000000.0,,,,,412000000.0,2295000000.0,706000000.0,4403000000.0,4202000000.0,12374000000.0,,9225000000.0,3149000000.0,,3149000000.0,16576000000.0,8104000000.0,8061000000.0,8101000000.0
Pfizer Inc,PFE,765LHXWGK1KXCLTFYQ30,78003,2011.0,Q4,2011-10-03,2011-12-31,,1316000000.0,0.19,0.19,0.2,0.18,434000000.0,1448000000.0,790000000.0,658000000.0,1439000000.0,9000000.0,1827000000.0,11439000000.0,,,,,689000000.0,2183000000.0,379000000.0,3821000000.0,1827000000.0,9612000000.0,,8388000000.0,1224000000.0,,1224000000.0,11439000000.0,7819500000.0,7817000000.0,7870000000.0
Pfizer Inc,PFE,765LHXWGK1KXCLTFYQ30,78003,2011.0,FY,2011-01-01,2011-12-31,2014-02-28 16:38:15+00:00,5465000000.0,1.28,1.28,0.8,1.27,3621000000.0,10049000000.0,7860000000.0,2189000000.0,10009000000.0,40000000.0,12500000000.0,61035000000.0,,,,,2486000000.0,8681000000.0,2841000000.0,17581000000.0,12500000000.0,48535000000.0,,37054000000.0,11481000000.0,,11481000000.0,61035000000.0,7819500000.0,7817000000.0,7870000000.0
Pfizer Inc,PFE,765LHXWGK1KXCLTFYQ30,78003,2011.0,Q3YTD,2011-01-01,2011-10-02,,4149000000.0,1.09,1.09,0.6,1.09,3187000000.0,8601000000.0,7070000000.0,1531000000.0,8570000000.0,31000000.0,10673000000.0,49596000000.0,,,,,1797000000.0,6498000000.0,2462000000.0,13760000000.0,10673000000.0,38923000000.0,,28666000000.0,10257000000.0,,10257000000.0,49596000000.0,7787500000.0,7770000000.0,7810000000.0
Pfizer Inc,PFE,765LHXWGK1KXCLTFYQ30,78003,2011.0,Q3TTM,2010-10-04,2011-10-02,,5541000000.0,1.45,1.45,0.78,1.44,1175000000.0,11498000000.0,10064000000.0,1434000000.0,11460000000.0,38000000.0,13785000000.0,65058000000.0,,,,,2702000000.0,9317000000.0,3517000000.0,18957000000.0,13785000000.0,51273000000.0,,40034000000.0,11239000000.0,,11239000000.0,65058000000.0,7787500000.0,7770000000.0,7810000000.0
Pfizer Inc,PFE,765LHXWGK1KXCLTFYQ30,78003,2011.0,Q3,2011-07-04,2011-10-02,2012-11-09 13:39:54+00:00,1389000000.0,0.48,0.48,0.2,0.48,1216000000.0,3749000000.0,2325000000.0,1424000000.0,3738000000.0,11000000.0,3409000000.0,16609000000.0,,,,,547000000.0,2176000000.0,1090000000.0,4457000000.0,3409000000.0,13200000000.0,,9659000000.0,3541000000.0,,3541000000.0,16609000000.0,7787500000.0,7770000000.0,7810000000.0
Pfizer Inc,PFE,765LHXWGK1KXCLTFYQ30,78003,2011.0,Q2,2011-04-04,2011-07-03,2012-08-09 17:26:18+00:00,1384000000.0,0.33,0.33,0.2,0.33,1077000000.0,2618000000.0,2521000000.0,97000000.0,2610000000.0,8000000.0,3571000000.0,16485000000.0,,,,,423000000.0,2231000000.0,478000000.0,4800000000.0,3571000000.0,12914000000.0,,9316000000.0,3598000000.0,,3598000000.0,16485000000.0,7909100000.0,7875000000.0,7935000000.0
Pfizer Inc,PFE,765LHXWGK1KXCLTFYQ30,78003,2011.0,Q2YTD,2011-01-01,2011-07-03,,2760000000.0,0.61,0.61,0.4,0.61,1971000000.0,4852000000.0,4745000000.0,107000000.0,4832000000.0,20000000.0,7264000000.0,32987000000.0,,,,,1250000000.0,4322000000.0,1372000000.0,9303000000.0,7264000000.0,25723000000.0,,19007000000.0,6716000000.0,,6716000000.0,32987000000.0,7909100000.0,7875000000.0,7935000000.0
Pfizer Inc,PFE,765LHXWGK1KXCLTFYQ30,78003,2011.0,Q2TTM,2010-07-05,2011-07-03,,5308000000.0,1.08,1.08,0.76,1.07,517000000.0,8620000000.0,8595000000.0,25000000.0,8588000000.0,32000000.0,14166000000.0,64444000000.0,,,,,4504000000.0,9329000000.0,2926000000.0,19099000000.0,14166000000.0,50278000000.0,,41166000000.0,9112000000.0,,9112000000.0,64444000000.0,7909100000.0,7875000000.0,7935000000.0
Pfizer Inc,PFE,765LHXWGK1KXCLTFYQ30,78003,2011.0,Q1TTM,2010-04-05,2011-04-03,,5331000000.0,1.06,1.06,0.74,1.05,912000000.0,8487000000.0,8528000000.0,-41000000.0,8453000000.0,34000000.0,14279000000.0,65091000000.0,,,,,4356000000.0,9279000000.0,3333000000.0,19073000000.0,14279000000.0,50812000000.0,,41372000000.0,9440000000.0,,9440000000.0,65091000000.0,7935700000.0,7982000000.0,8035000000.0
Pfizer Inc,PFE,765LHXWGK1KXCLTFYQ30,78003,2011.0,Q1,2011-01-01,2011-04-03,2012-05-10 17:19:13+00:00,1376000000.0,0.28,0.28,0.2,0.28,894000000.0,2234000000.0,2224000000.0,10000000.0,2222000000.0,12000000.0,3693000000.0,16502000000.0,,,,,827000000.0,2091000000.0,894000000.0,4503000000.0,3693000000.0,12809000000.0,,9691000000.0,3118000000.0,,3118000000.0,16502000000.0,7935700000.0,7982000000.0,8035000000.0
Pfizer Inc,PFE,765LHXWGK1KXCLTFYQ30,78003,2012.0,Q4,2012-10-01,2012-12-31,,1203000000.0,0.85,0.85,0.22,0.84,513000000.0,6321000000.0,1308000000.0,5013000000.0,6315000000.0,6000000.0,2391000000.0,12851000000.0,,,,-4022000000.0,-3283000000.0,1933000000.0,717000000.0,4047000000.0,2391000000.0,10460000000.0,,4617000000.0,5843000000.0,-4022000000.0,1821000000.0,12851000000.0,7433700000.0,7442000000.0,7508000000.0
Pfizer Inc,PFE,765LHXWGK1KXCLTFYQ30,78003,2012.0,FY,2012-01-01,2012-12-31,2015-02-27 16:38:16+00:00,5109000000.0,1.96,1.96,0.88,1.94,2221000000.0,14598000000.0,9021000000.0,5577000000.0,14570000000.0,28000000.0,9821000000.0,54657000000.0,,,,-4022000000.0,,7482000000.0,1810000000.0,15171000000.0,9821000000.0,44836000000.0,,29572000000.0,15264000000.0,-4022000000.0,11242000000.0,54657000000.0,7433700000.0,7442000000.0,7508000000.0
Pfizer Inc,PFE,765LHXWGK1KXCLTFYQ30,78003,2012.0,Q3YTD,2012-01-01,2012-09-30,,3906000000.0,1.11,1.11,0.66,1.1,1708000000.0,8277000000.0,7713000000.0,564000000.0,8255000000.0,22000000.0,7430000000.0,41806000000.0,,,,,3283000000.0,5549000000.0,1093000000.0,11124000000.0,7430000000.0,34376000000.0,,24955000000.0,9421000000.0,,9421000000.0,41806000000.0,7460500000.0,7436000000.0,7508000000.0
Pfizer Inc,PFE,765LHXWGK1KXCLTFYQ30,78003,2012.0,Q3TTM,2011-10-03,2012-09-30,,5222000000.0,1.3,1.3,0.86,1.28,2142000000.0,9725000000.0,8503000000.0,1222000000.0,9694000000.0,31000000.0,9257000000.0,53245000000.0,,,,,3972000000.0,7732000000.0,1472000000.0,14945000000.0,9257000000.0,43988000000.0,,33343000000.0,10645000000.0,,10645000000.0,53245000000.0,7460500000.0,7436000000.0,7508000000.0
Pfizer Inc,PFE,765LHXWGK1KXCLTFYQ30,78003,2012.0,Q3,2012-07-02,2012-09-30,2013-11-08 15:43:52+00:00,1211000000.0,0.43,0.43,0.22,0.43,-183000000.0,3214000000.0,2989000000.0,225000000.0,3208000000.0,6000000.0,2309000000.0,12953000000.0,,,,,937000000.0,1887000000.0,312000000.0,3491000000.0,2309000000.0,10644000000.0,,7838000000.0,2806000000.0,,2806000000.0,12953000000.0,7460500000.0,7436000000.0,7508000000.0
Pfizer Inc,PFE,765LHXWGK1KXCLTFYQ30,78003,2012.0,Q2YTD,2012-01-01,2012-07-01,,2695000000.0,0.68,0.68,0.44,0.67,1891000000.0,5063000000.0,4724000000.0,339000000.0,5047000000.0,16000000.0,5121000000.0,28853000000.0,,,,,2346000000.0,3662000000.0,781000000.0,7633000000.0,5121000000.0,23732000000.0,,17117000000.0,6615000000.0,,6615000000.0,28853000000.0,7393200000.0,7476000000.0,7537000000.0
Pfizer Inc,PFE,765LHXWGK1KXCLTFYQ30,78003,2012.0,Q2TTM,2011-07-04,2012-07-01,,5400000000.0,1.35,1.35,0.84,1.33,3541000000.0,10260000000.0,7839000000.0,2421000000.0,10224000000.0,36000000.0,10357000000.0,56901000000.0,,,,,3582000000.0,8021000000.0,2250000000.0,15911000000.0,10357000000.0,46544000000.0,,35164000000.0,11380000000.0,,11380000000.0,56901000000.0,7393200000.0,7476000000.0,7537000000.0
Pfizer Inc,PFE,765LHXWGK1KXCLTFYQ30,78003,2012.0,Q2,2012-04-02,2012-07-01,2013-08-09 16:59:14+00:00,1275000000.0,0.44,0.44,0.22,0.43,1180000000.0,3260000000.0,3000000000.0,260000000.0,3253000000.0,7000000.0,2376000000.0,13968000000.0,,,,,688000000.0,1600000000.0,184000000.0,3665000000.0,2376000000.0,11592000000.0,,7412000000.0,4180000000.0,,4180000000.0,13968000000.0,7393200000.0,7476000000.0,7537000000.0
Pfizer Inc,PFE,765LHXWGK1KXCLTFYQ30,78003,2012.0,Q1TTM,2011-04-04,2012-04-01,,5509000000.0,1.24,1.24,0.82,1.23,3438000000.0,9618000000.0,7360000000.0,2258000000.0,9581000000.0,37000000.0,11552000000.0,59418000000.0,,,,,3317000000.0,8652000000.0,2544000000.0,17046000000.0,11552000000.0,47866000000.0,,37068000000.0,10798000000.0,,10798000000.0,59418000000.0,7475000000.0,7537000000.0,7598000000.0
Pfizer Inc,PFE,765LHXWGK1KXCLTFYQ30,78003,2012.0,Q1,2012-01-01,2012-04-01,2013-05-09 20:03:04+00:00,1420000000.0,0.24,0.24,0.22,0.24,711000000.0,1803000000.0,1724000000.0,79000000.0,1794000000.0,9000000.0,2745000000.0,14885000000.0,,,,,1658000000.0,2062000000.0,597000000.0,3968000000.0,2745000000.0,12140000000.0,,9705000000.0,2435000000.0,,2435000000.0,14885000000.0,7475000000.0,7537000000.0,7598000000.0
Pfizer Inc,PFE,765LHXWGK1KXCLTFYQ30,78003,2013.0,Q4,2013-09-30,2013-12-31,,1123000000.0,0.46,0.46,0.24,0.44,430000000.0,2574000000.0,2631000000.0,-57000000.0,2568000000.0,6000000.0,2794000000.0,13558000000.0,,,,943000000.0,925000000.0,1811000000.0,635000000.0,4152000000.0,2794000000.0,10764000000.0,,8646000000.0,2118000000.0,943000000.0,3061000000.0,13558000000.0,6812100000.0,6813000000.0,6895000000.0
Pfizer Inc,PFE,765LHXWGK1KXCLTFYQ30,78003,2013.0,FY,2013-01-01,2013-12-31,2015-02-27 16:38:16+00:00,4599000000.0,3.23,3.23,0.96,3.19,4306000000.0,22072000000.0,11410000000.0,10662000000.0,22003000000.0,69000000.0,9586000000.0,51584000000.0,,,,532000000.0,,6678000000.0,1182000000.0,14355000000.0,9586000000.0,41998000000.0,,26814000000.0,15184000000.0,532000000.0,15716000000.0,51584000000.0,6812100000.0,6813000000.0,6895000000.0
Pfizer Inc,PFE,765LHXWGK1KXCLTFYQ30,78003,2013.0,Q3,2013-07-01,2013-09-29,2014-11-06 17:03:56+00:00,1117000000.0,0.39,0.39,0.24,0.39,985000000.0,2599000000.0,2588000000.0,11000000.0,2590000000.0,9000000.0,2287000000.0,12643000000.0,,,,-411000000.0,,1627000000.0,233000000.0,3395000000.0,2287000000.0,10356000000.0,,6372000000.0,3984000000.0,-411000000.0,3573000000.0,12643000000.0,6641000000.0,6581000000.0,6656000000.0
Pfizer Inc,PFE,765LHXWGK1KXCLTFYQ30,78003,2013.0,Q3YTD,2013-01-01,2013-09-29,,3476000000.0,2.77,2.77,0.72,2.75,3876000000.0,19498000000.0,8779000000.0,10719000000.0,19435000000.0,63000000.0,6792000000.0,38026000000.0,,,,-411000000.0,-925000000.0,4867000000.0,547000000.0,10203000000.0,6792000000.0,31234000000.0,,18168000000.0,13066000000.0,-411000000.0,12655000000.0,38026000000.0,6641000000.0,6581000000.0,6656000000.0
Pfizer Inc,PFE,765LHXWGK1KXCLTFYQ30,78003,2013.0,Q3TTM,2012-10-01,2013-09-29,,4679000000.0,3.62,3.62,0.94,3.59,4389000000.0,25819000000.0,10087000000.0,15732000000.0,25750000000.0,69000000.0,9183000000.0,50877000000.0,,,,-4433000000.0,-4208000000.0,6800000000.0,1264000000.0,14250000000.0,9183000000.0,41694000000.0,,22785000000.0,18909000000.0,-4433000000.0,14476000000.0,50877000000.0,6641000000.0,6581000000.0,6656000000.0
Pfizer Inc,PFE,765LHXWGK1KXCLTFYQ30,78003,2013.0,Q2YTD,2013-01-01,2013-06-30,,2359000000.0,2.38,2.38,0.48,2.36,2891000000.0,16899000000.0,6191000000.0,10708000000.0,16845000000.0,54000000.0,4505000000.0,25383000000.0,,,,,-925000000.0,3240000000.0,314000000.0,6808000000.0,4505000000.0,20878000000.0,,11796000000.0,9082000000.0,,9082000000.0,25383000000.0,7047500000.0,7042000000.0,7117000000.0
Pfizer Inc,PFE,765LHXWGK1KXCLTFYQ30,78003,2013.0,Q2TTM,2012-07-02,2013-06-30,,4773000000.0,3.66,3.66,0.92,3.63,3221000000.0,26434000000.0,10488000000.0,15946000000.0,26368000000.0,66000000.0,9205000000.0,51187000000.0,,,,-4022000000.0,-3271000000.0,7060000000.0,1343000000.0,14346000000.0,9205000000.0,41982000000.0,,24251000000.0,17731000000.0,-4022000000.0,13709000000.0,51187000000.0,7047500000.0,7042000000.0,7117000000.0
Pfizer Inc,PFE,765LHXWGK1KXCLTFYQ30,78003,2013.0,Q2,2013-04-01,2013-06-30,2014-08-07 16:56:04+00:00,1140000000.0,2.0,2.0,0.24,1.98,1782000000.0,14134000000.0,3575000000.0,10559000000.0,14095000000.0,39000000.0,2242000000.0,12973000000.0,,,,,-1070000000.0,1530000000.0,183000000.0,3591000000.0,2242000000.0,10731000000.0,,5374000000.0,5357000000.0,,5357000000.0,12973000000.0,7047500000.0,7042000000.0,7117000000.0
Pfizer Inc,PFE,765LHXWGK1KXCLTFYQ30,78003,2013.0,Q1,2013-01-01,2013-03-31,2014-05-08 17:17:01+00:00,1219000000.0,0.38,0.38,0.24,0.38,1109000000.0,2765000000.0,2616000000.0,149000000.0,2750000000.0,15000000.0,2263000000.0,12410000000.0,,,,,145000000.0,1710000000.0,131000000.0,3217000000.0,2263000000.0,10147000000.0,,6422000000.0,3725000000.0,,3725000000.0,12410000000.0,7236800000.0,7187000000.0,7269000000.0
Pfizer Inc,PFE,765LHXWGK1KXCLTFYQ30,78003,2013.0,Q1TTM,2012-04-02,2013-03-31,,4908000000.0,2.1,2.1,0.9,2.08,2619000000.0,15560000000.0,9913000000.0,5647000000.0,15526000000.0,34000000.0,9339000000.0,52182000000.0,,,,-4022000000.0,-1513000000.0,7130000000.0,1344000000.0,14420000000.0,9339000000.0,42843000000.0,,26289000000.0,16554000000.0,-4022000000.0,12532000000.0,52182000000.0,7236800000.0,7187000000.0,7269000000.0
Pfizer Inc,PFE,765LHXWGK1KXCLTFYQ30,78003,2014.0,Q4,2014-09-29,2014-12-31,,949000000.0,0.2,0.2,0.26,0.19,545000000.0,1237000000.0,1257000000.0,-73000000.0,1228000000.0,8000000.0,2702000000.0,13118000000.0,49000000.0,,,-345000000.0,,3209000000.0,130000000.0,3981000000.0,2702000000.0,10416000000.0,,8269000000.0,2147000000.0,-345000000.0,1803000000.0,13118000000.0,6343800000.0,6346000000.0,6424000000.0
Pfizer Inc,PFE,765LHXWGK1KXCLTFYQ30,78003,2014.0,Q3,2014-06-30,2014-09-28,2015-11-05 17:15:15+00:00,972000000.0,0.42,0.42,0.26,0.42,911000000.0,2672000000.0,2676000000.0,,2666000000.0,6000000.0,2368000000.0,12361000000.0,,,,-94000000.0,,1802000000.0,-19000000.0,3556000000.0,2368000000.0,9993000000.0,,6311000000.0,3682000000.0,-94000000.0,3587000000.0,12361000000.0,6347600000.0,6330000000.0,6403000000.0
Pfizer Inc,PFE,765LHXWGK1KXCLTFYQ30,78003,2014.0,Q3YTD,2014-01-01,2014-09-28,,3090000000.0,1.24,1.24,0.78,1.23,2575000000.0,7931000000.0,7862000000.0,73000000.0,7907000000.0,24000000.0,6875000000.0,36487000000.0,,,,-664000000.0,,5184000000.0,120000000.0,10116000000.0,6875000000.0,29612000000.0,,18510000000.0,11102000000.0,-664000000.0,10437000000.0,36487000000.0,6347600000.0,6330000000.0,6403000000.0
Pfizer Inc,PFE,765LHXWGK1KXCLTFYQ30,78003,2014.0,Q3TTM,2013-09-30,2014-09-28,,4213000000.0,1.7,1.7,1.02,1.67,3005000000.0,10505000000.0,10493000000.0,16000000.0,10475000000.0,30000000.0,9669000000.0,50045000000.0,,,,279000000.0,925000000.0,6995000000.0,755000000.0,14268000000.0,9669000000.0,40376000000.0,,27156000000.0,13220000000.0,279000000.0,13498000000.0,50045000000.0,6347600000.0,6330000000.0,6403000000.0
Pfizer Inc,PFE,765LHXWGK1KXCLTFYQ30,78003,2014.0,Q2,2014-03-31,2014-06-29,2015-08-06 16:29:04+00:00,1001000000.0,0.46,0.46,0.26,0.45,1082000000.0,2921000000.0,2921000000.0,0.0,2912000000.0,9000000.0,2462000000.0,12773000000.0,,,,53000000.0,,1759000000.0,81000000.0,3520000000.0,2462000000.0,10311000000.0,,6361000000.0,3950000000.0,53000000.0,4003000000.0,12773000000.0,6330400000.0,6368000000.0,6444000000.0
Pfizer Inc,PFE,765LHXWGK1KXCLTFYQ30,78003,2014.0,Q2YTD,2014-01-01,2014-06-29,,2118000000.0,0.82,0.82,0.52,0.81,1664000000.0,5259000000.0,5186000000.0,73000000.0,5241000000.0,18000000.0,4507000000.0,24126000000.0,,,,-570000000.0,,3382000000.0,139000000.0,6560000000.0,4507000000.0,19619000000.0,,12199000000.0,7420000000.0,-570000000.0,6850000000.0,24126000000.0,6330400000.0,6368000000.0,6444000000.0
Pfizer Inc,PFE,765LHXWGK1KXCLTFYQ30,78003,2014.0,Q2TTM,2013-07-01,2014-06-29,,4358000000.0,1.67,1.67,1.0,1.64,3079000000.0,10432000000.0,10405000000.0,27000000.0,10399000000.0,33000000.0,9588000000.0,50327000000.0,,,,-38000000.0,925000000.0,6820000000.0,1007000000.0,14107000000.0,9588000000.0,40739000000.0,,27217000000.0,13522000000.0,-38000000.0,13484000000.0,50327000000.0,6330400000.0,6368000000.0,6444000000.0
Pfizer Inc,PFE,765LHXWGK1KXCLTFYQ30,78003,2014.0,Q1,2014-01-01,2014-03-30,2015-05-07 15:26:29+00:00,1117000000.0,0.36,0.36,0.26,0.36,582000000.0,2338000000.0,2265000000.0,73000000.0,2329000000.0,9000000.0,2045000000.0,11353000000.0,,,,-623000000.0,,1623000000.0,58000000.0,3040000000.0,2045000000.0,9308000000.0,,5838000000.0,3470000000.0,-623000000.0,2847000000.0,11353000000.0,6469400000.0,6389000000.0,6476000000.0
Pfizer Inc,PFE,765LHXWGK1KXCLTFYQ30,78003,2014.0,Q1TTM,2013-04-01,2014-03-30,,4497000000.0,3.21,3.21,0.98,3.17,3779000000.0,21645000000.0,11059000000.0,10586000000.0,21582000000.0,63000000.0,9368000000.0,50527000000.0,,,,-91000000.0,-145000000.0,6591000000.0,1109000000.0,14178000000.0,9368000000.0,41159000000.0,,26230000000.0,14929000000.0,-91000000.0,14838000000.0,50527000000.0,6469400000.0,6389000000.0,6476000000.0
Pfizer Inc,PFE,765LHXWGK1KXCLTFYQ30,78003,2015.0,FY,2015-01-01,2015-12-31,2017-02-23 16:30:32+00:00,3728000000.0,1.13,1.13,1.12,1.11,1990000000.0,6986000000.0,6975000000.0,,6960000000.0,26000000.0,9648000000.0,48851000000.0,,,,-2860000000.0,,7690000000.0,1152000000.0,14809000000.0,9648000000.0,39203000000.0,,27379000000.0,11824000000.0,-2860000000.0,8965000000.0,48851000000.0,6159300000.0,6176000000.0,6257000000.0
Pfizer Inc,PFE,765LHXWGK1KXCLTFYQ30,78003,2015.0,Q4,2015-09-28,2015-12-31,,979000000.0,-0.03,-0.03,0.28,-0.03,-188000000.0,-169000000.0,-166000000.0,-14000000.0,-172000000.0,2000000.0,3411000000.0,14047000000.0,11000000.0,1000000.0,-1000000.0,-2187000000.0,,2349000000.0,425000000.0,5049000000.0,3411000000.0,10636000000.0,,8802000000.0,1834000000.0,-2190000000.0,-353000000.0,14047000000.0,6159300000.0,6176000000.0,6257000000.0
Pfizer Inc,PFE,765LHXWGK1KXCLTFYQ30,78003,2015.0,Q3,2015-06-29,2015-09-27,2016-11-10 17:15:16+00:00,937000000.0,0.35,0.35,0.28,0.34,567000000.0,2139000000.0,2130000000.0,8000000.0,2130000000.0,9000000.0,2219000000.0,12087000000.0,,,,-661000000.0,,1722000000.0,581000000.0,3270000000.0,2219000000.0,9868000000.0,,6510000000.0,3358000000.0,-661000000.0,2697000000.0,12087000000.0,6085700000.0,6168000000.0,6243000000.0
Pfizer Inc,PFE,765LHXWGK1KXCLTFYQ30,78003,2015.0,Q3YTD,2015-01-01,2015-09-27,,2749000000.0,1.16,1.16,0.84,1.14,2178000000.0,7155000000.0,7141000000.0,14000000.0,7132000000.0,24000000.0,6237000000.0,34804000000.0,,,,-670000000.0,,5341000000.0,727000000.0,9760000000.0,6237000000.0,28567000000.0,,18577000000.0,9990000000.0,-670000000.0,9318000000.0,34804000000.0,6085700000.0,6168000000.0,6243000000.0
Pfizer Inc,PFE,765LHXWGK1KXCLTFYQ30,78003,2015.0,Q3TTM,2014-09-29,2015-09-27,,3698000000.0,1.36,1.36,1.1,1.33,2723000000.0,8392000000.0,8398000000.0,-59000000.0,8360000000.0,32000000.0,8939000000.0,47922000000.0,49000000.0,,,-1015000000.0,,8550000000.0,857000000.0,13741000000.0,8939000000.0,38983000000.0,,26846000000.0,12137000000.0,-1015000000.0,11121000000.0,47922000000.0,6085700000.0,6168000000.0,6243000000.0
Pfizer Inc,PFE,765LHXWGK1KXCLTFYQ30,78003,2015.0,Q2,2015-03-30,2015-06-28,2016-08-11 16:59:40+00:00,872000000.0,0.43,0.43,0.28,0.42,905000000.0,2635000000.0,2635000000.0,1000000.0,2626000000.0,9000000.0,2180000000.0,11853000000.0,,,,-55000000.0,,1734000000.0,86000000.0,3386000000.0,2180000000.0,9673000000.0,,6078000000.0,3595000000.0,-55000000.0,3539000000.0,11853000000.0,6107000000.0,6159000000.0,6243000000.0
Pfizer Inc,PFE,765LHXWGK1KXCLTFYQ30,78003,2015.0,Q2YTD,2015-01-01,2015-06-28,,1812000000.0,0.81,0.81,0.56,0.8,1611000000.0,5016000000.0,5011000000.0,6000000.0,5002000000.0,15000000.0,4018000000.0,22717000000.0,,,,-9000000.0,,3619000000.0,146000000.0,6490000000.0,4018000000.0,18699000000.0,,12067000000.0,6632000000.0,-9000000.0,6621000000.0,22717000000.0,6107000000.0,6159000000.0,6243000000.0
Pfizer Inc,PFE,765LHXWGK1KXCLTFYQ30,78003,2015.0,Q2TTM,2014-06-30,2015-06-28,,3733000000.0,1.43,1.43,1.08,1.41,3067000000.0,8925000000.0,8944000000.0,-67000000.0,8896000000.0,29000000.0,9088000000.0,48196000000.0,49000000.0,,,-448000000.0,,8630000000.0,257000000.0,14027000000.0,9088000000.0,39108000000.0,,26647000000.0,12461000000.0,-448000000.0,12011000000.0,48196000000.0,6107000000.0,6159000000.0,6243000000.0
Pfizer Inc,PFE,765LHXWGK1KXCLTFYQ30,78003,2015.0,Q1,2015-01-01,2015-03-29,2016-05-12 16:53:45+00:00,940000000.0,0.38,0.38,0.28,0.38,706000000.0,2381000000.0,2376000000.0,5000000.0,2376000000.0,6000000.0,1838000000.0,10864000000.0,,,,46000000.0,,1885000000.0,60000000.0,3104000000.0,1838000000.0,9026000000.0,,5989000000.0,3037000000.0,46000000.0,3082000000.0,10864000000.0,6252600000.0,6203000000.0,6292000000.0
Pfizer Inc,PFE,765LHXWGK1KXCLTFYQ30,78003,2015.0,Q1TTM,2014-03-31,2015-03-29,,3862000000.0,1.46,1.46,1.06,1.44,3244000000.0,9211000000.0,9230000000.0,-68000000.0,9182000000.0,29000000.0,9370000000.0,49116000000.0,49000000.0,,,-340000000.0,,8655000000.0,252000000.0,14161000000.0,9370000000.0,39746000000.0,,26930000000.0,12816000000.0,-340000000.0,12475000000.0,49116000000.0,6252600000.0,6203000000.0,6292000000.0
Pfizer Inc,PFE,765LHXWGK1KXCLTFYQ30,78003,2016.0,FY,2016-01-01,2016-12-31,2019-02-28 14:35:32+00:00,4056000000.0,1.18,1.18,1.22,1.17,1123000000.0,7246000000.0,7229000000.0,17000000.0,7215000000.0,31000000.0,12322000000.0,52824000000.0,,,,-3794000000.0,,7892000000.0,1565000000.0,14844000000.0,12322000000.0,40502000000.0,,28357000000.0,12145000000.0,-3794000000.0,8351000000.0,52824000000.0,6114400000.0,6089000000.0,6159000000.0
Pfizer Inc,PFE,765LHXWGK1KXCLTFYQ30,78003,2016.0,Q4,2016-10-03,2016-12-31,,1121000000.0,0.13,0.13,-0.9,0.13,14000000.0,780000000.0,764000000.0,16000000.0,775000000.0,6000000.0,3212000000.0,13627000000.0,,,,-979000000.0,,2532000000.0,577000000.0,4429000000.0,3212000000.0,10415000000.0,,8659000000.0,1756000000.0,-979000000.0,776000000.0,13627000000.0,6114400000.0,6089000000.0,6159000000.0
Pfizer Inc,PFE,765LHXWGK1KXCLTFYQ30,78003,2016.0,Q3,2016-07-04,2016-10-02,2017-11-09 16:04:36+00:00,968000000.0,0.22,0.22,0.3,0.22,249000000.0,1355000000.0,1355000000.0,0.0,1355000000.0,0.0,3085000000.0,13045000000.0,,,,-1417000000.0,,1881000000.0,531000000.0,3559000000.0,3085000000.0,9960000000.0,,6939000000.0,3021000000.0,-1417000000.0,1604000000.0,13045000000.0,6159100000.0,6066000000.0,6150000000.0
Pfizer Inc,PFE,765LHXWGK1KXCLTFYQ30,78003,2016.0,Q3YTD,2016-01-01,2016-10-02,,2935000000.0,1.05,1.05,0.9,1.04,1109000000.0,6466000000.0,6465000000.0,1000000.0,6440000000.0,25000000.0,9110000000.0,39197000000.0,,,,-2815000000.0,,5360000000.0,988000000.0,10415000000.0,9110000000.0,30087000000.0,,19698000000.0,10389000000.0,-2815000000.0,7575000000.0,39197000000.0,6159100000.0,6066000000.0,6150000000.0
Pfizer Inc,PFE,765LHXWGK1KXCLTFYQ30,78003,2016.0,Q3TTM,2015-09-28,2016-10-02,,3914000000.0,1.02,1.02,1.18,1.01,921000000.0,6297000000.0,6299000000.0,-13000000.0,6268000000.0,27000000.0,12521000000.0,53244000000.0,,,,-5005000000.0,,7709000000.0,1413000000.0,15464000000.0,12521000000.0,40723000000.0,,28500000000.0,12223000000.0,-5005000000.0,7222000000.0,53244000000.0,6159100000.0,6066000000.0,6150000000.0
Pfizer Inc,PFE,765LHXWGK1KXCLTFYQ30,78003,2016.0,Q2,2016-04-04,2016-07-03,2017-08-10 16:09:11+00:00,961000000.0,0.34,0.34,0.3,0.33,347000000.0,2063000000.0,2062000000.0,1000000.0,2047000000.0,16000000.0,3174000000.0,13147000000.0,,,,-1068000000.0,,1748000000.0,316000000.0,3471000000.0,3174000000.0,9973000000.0,,6496000000.0,3477000000.0,-1068000000.0,2410000000.0,13147000000.0,6020600000.0,6068000000.0,6149000000.0
Pfizer Inc,PFE,765LHXWGK1KXCLTFYQ30,78003,2016.0,Q2YTD,2016-01-01,2016-07-03,,1967000000.0,0.83,0.83,0.6,0.82,860000000.0,5111000000.0,5110000000.0,1000000.0,5085000000.0,25000000.0,6025000000.0,26152000000.0,,,,-1398000000.0,,3479000000.0,457000000.0,6856000000.0,6025000000.0,20127000000.0,,12759000000.0,7368000000.0,-1398000000.0,5971000000.0,26152000000.0,6020600000.0,6068000000.0,6149000000.0
Pfizer Inc,PFE,765LHXWGK1KXCLTFYQ30,78003,2016.0,Q2TTM,2015-06-29,2016-07-03,,3883000000.0,1.15,1.15,1.16,1.13,1239000000.0,7081000000.0,7074000000.0,-5000000.0,7043000000.0,36000000.0,11655000000.0,52286000000.0,,,,-4249000000.0,,7550000000.0,1463000000.0,15175000000.0,11655000000.0,40631000000.0,,28071000000.0,12560000000.0,-4249000000.0,8315000000.0,52286000000.0,6020600000.0,6068000000.0,6149000000.0
Pfizer Inc,PFE,765LHXWGK1KXCLTFYQ30,78003,2016.0,Q1,2016-01-01,2016-04-03,2017-05-11 16:20:31+00:00,1006000000.0,0.49,0.49,0.3,0.49,513000000.0,3048000000.0,3048000000.0,0.0,3038000000.0,9000000.0,2851000000.0,13005000000.0,,,,-330000000.0,,1731000000.0,141000000.0,3385000000.0,2851000000.0,10154000000.0,,6263000000.0,3891000000.0,-330000000.0,3561000000.0,13005000000.0,6200000000.0,6150000000.0,6225000000.0
Pfizer Inc,PFE,765LHXWGK1KXCLTFYQ30,78003,2016.0,Q1TTM,2015-03-30,2016-04-03,,3794000000.0,1.24,1.24,1.14,1.22,1797000000.0,7653000000.0,7647000000.0,-5000000.0,7622000000.0,29000000.0,10661000000.0,50992000000.0,,,,-3236000000.0,,7536000000.0,1233000000.0,15090000000.0,10661000000.0,40331000000.0,,27653000000.0,12678000000.0,-3236000000.0,9444000000.0,50992000000.0,6200000000.0,6150000000.0,6225000000.0
Pfizer Inc,PFE,765LHXWGK1KXCLTFYQ30,78003,2017.0,FY,2017-01-01,2017-12-31,2020-02-27 14:15:12+00:00,4758000000.0,3.57,3.57,1.3,3.52,-9049000000.0,21355000000.0,21353000000.0,2000000.0,21308000000.0,47000000.0,11228000000.0,52544000000.0,,,,-1416000000.0,0.0,7683000000.0,351000000.0,14804000000.0,11228000000.0,41316000000.0,,27596000000.0,13720000000.0,-1416000000.0,12305000000.0,52544000000.0,5968600000.0,5970000000.0,6058000000.0
Pfizer Inc,PFE,765LHXWGK1KXCLTFYQ30,78003,2017.0,Q4,2017-10-02,2017-12-31,,1187000000.0,2.05,2.05,-0.96,2.03,-11336000000.0,12289000000.0,12288000000.0,,12274000000.0,15000000.0,3256000000.0,13701000000.0,,,,-1352000000.0,,2315000000.0,83000000.0,4555000000.0,3256000000.0,10445000000.0,,8140000000.0,2305000000.0,-1352000000.0,954000000.0,13701000000.0,5968600000.0,5970000000.0,6058000000.0
Pfizer Inc,PFE,765LHXWGK1KXCLTFYQ30,78003,2017.0,Q3,2017-07-03,2017-10-01,2018-11-08 16:42:41+00:00,1177000000.0,0.48,0.48,0.32,0.47,727000000.0,2858000000.0,2858000000.0,0.0,2840000000.0,18000000.0,2844000000.0,13168000000.0,,,,-79000000.0,,1865000000.0,114000000.0,3504000000.0,2844000000.0,10324000000.0,,6660000000.0,3664000000.0,-79000000.0,3585000000.0,13168000000.0,5916700000.0,5951000000.0,6041000000.0
Pfizer Inc,PFE,765LHXWGK1KXCLTFYQ30,78003,2017.0,Q3YTD,2017-01-01,2017-10-01,,3571000000.0,1.52,1.52,0.96,1.49,2287000000.0,9066000000.0,9065000000.0,2000000.0,9034000000.0,32000000.0,7972000000.0,38843000000.0,,,,-64000000.0,,5368000000.0,268000000.0,10249000000.0,7972000000.0,30871000000.0,,19456000000.0,11415000000.0,-64000000.0,11351000000.0,38843000000.0,5916700000.0,5951000000.0,6041000000.0
Pfizer Inc,PFE,765LHXWGK1KXCLTFYQ30,78003,2017.0,Q3TTM,2016-10-03,2017-10-01,,4692000000.0,1.65,1.65,0.06,1.62,2301000000.0,9846000000.0,9829000000.0,18000000.0,9809000000.0,38000000.0,11184000000.0,52470000000.0,,,,-1043000000.0,,7900000000.0,845000000.0,14678000000.0,11184000000.0,41286000000.0,,28115000000.0,13171000000.0,-1043000000.0,12127000000.0,52470000000.0,5916700000.0,5951000000.0,6041000000.0
Pfizer Inc,PFE,765LHXWGK1KXCLTFYQ30,78003,2017.0,Q2,2017-04-03,2017-07-02,2018-08-09 16:29:29+00:00,1208000000.0,0.52,0.52,0.32,0.51,739000000.0,3078000000.0,3077000000.0,2000000.0,3073000000.0,5000000.0,2660000000.0,12896000000.0,,,,75000000.0,,1787000000.0,70000000.0,3430000000.0,2660000000.0,10236000000.0,,6495000000.0,3741000000.0,75000000.0,3815000000.0,12896000000.0,5909600000.0,5958000000.0,6037000000.0
Pfizer Inc,PFE,765LHXWGK1KXCLTFYQ30,78003,2017.0,Q2YTD,2017-01-01,2017-07-02,,2394000000.0,1.04,1.04,0.64,1.02,1560000000.0,6208000000.0,6207000000.0,2000000.0,6194000000.0,14000000.0,5128000000.0,25675000000.0,,,,15000000.0,,3503000000.0,154000000.0,6745000000.0,5128000000.0,20547000000.0,,12796000000.0,7751000000.0,15000000.0,7766000000.0,25675000000.0,5909600000.0,5958000000.0,6037000000.0
Pfizer Inc,PFE,765LHXWGK1KXCLTFYQ30,78003,2017.0,Q2TTM,2016-07-04,2017-07-02,,4483000000.0,1.39,1.39,0.04,1.37,1823000000.0,8343000000.0,8326000000.0,18000000.0,8324000000.0,20000000.0,11425000000.0,52347000000.0,,,,-2381000000.0,,7916000000.0,1262000000.0,14733000000.0,11425000000.0,40922000000.0,,28394000000.0,12528000000.0,-2381000000.0,10146000000.0,52347000000.0,5909600000.0,5958000000.0,6037000000.0
Pfizer Inc,PFE,765LHXWGK1KXCLTFYQ30,78003,2017.0,Q1,2017-01-01,2017-04-02,2018-05-10 13:32:01+00:00,1186000000.0,0.52,0.52,0.32,0.51,821000000.0,3130000000.0,3130000000.0,0.0,3121000000.0,9000000.0,2468000000.0,12779000000.0,,,,-60000000.0,,1716000000.0,84000000.0,3315000000.0,2468000000.0,10311000000.0,,6301000000.0,4010000000.0,-60000000.0,3951000000.0,12779000000.0,6001900000.0,6006000000.0,6092000000.0
Pfizer Inc,PFE,765LHXWGK1KXCLTFYQ30,78003,2017.0,Q1TTM,2016-04-04,2017-04-02,,4236000000.0,1.21,1.21,0.02,1.19,1431000000.0,7328000000.0,7311000000.0,17000000.0,7298000000.0,31000000.0,11939000000.0,52598000000.0,,,,-3524000000.0,,7877000000.0,1508000000.0,14774000000.0,11939000000.0,40659000000.0,,28395000000.0,12264000000.0,-3524000000.0,8741000000.0,52598000000.0,6001900000.0,6006000000.0,6092000000.0
Pfizer Inc,PFE,765LHXWGK1KXCLTFYQ30,78003,2018.0,FY,2018-01-01,2018-12-31,2020-02-27 14:15:12+00:00,4893000000.0,1.9,1.9,1.38,1.87,706000000.0,11188000000.0,11179000000.0,10000000.0,11153000000.0,36000000.0,11248000000.0,53647000000.0,,,,-2116000000.0,0.0,8006000000.0,1044000000.0,14455000000.0,11248000000.0,42399000000.0,,28398000000.0,14001000000.0,-2116000000.0,11885000000.0,53647000000.0,5870000000.0,5872000000.0,5977000000.0
Pfizer Inc,PFE,765LHXWGK1KXCLTFYQ30,78003,2018.0,Q4,2018-10-01,2018-12-31,,1253000000.0,-0.06,-0.06,-0.68,-0.06,-564000000.0,-383000000.0,-382000000.0,,-394000000.0,12000000.0,3075000000.0,13977000000.0,,,,-3259000000.0,,2458000000.0,872000000.0,4007000000.0,3075000000.0,10902000000.0,,8590000000.0,2312000000.0,-3259000000.0,-946000000.0,13977000000.0,5870000000.0,5872000000.0,5977000000.0
Pfizer Inc,PFE,765LHXWGK1KXCLTFYQ30,78003,2018.0,Q3,2018-07-02,2018-09-30,2019-11-07 15:55:42+00:00,1253000000.0,0.7,0.7,,0.69,66000000.0,4122000000.0,4111000000.0,11000000.0,4114000000.0,8000000.0,2694000000.0,13298000000.0,,,,414000000.0,,2008000000.0,85000000.0,3494000000.0,2694000000.0,10604000000.0,0.0,6840000000.0,3764000000.0,414000000.0,4177000000.0,13298000000.0,5877100000.0,5875000000.0,5986000000.0
Pfizer Inc,PFE,765LHXWGK1KXCLTFYQ30,78003,2018.0,Q3YTD,2018-01-01,2018-09-30,,3640000000.0,1.96,1.96,0.68,1.93,1270000000.0,11571000000.0,11561000000.0,10000000.0,11547000000.0,24000000.0,8173000000.0,39670000000.0,,,,1143000000.0,,5548000000.0,172000000.0,10448000000.0,8173000000.0,31497000000.0,,19808000000.0,11689000000.0,1143000000.0,12831000000.0,39670000000.0,5877100000.0,5875000000.0,5986000000.0
Pfizer Inc,PFE,765LHXWGK1KXCLTFYQ30,78003,2018.0,Q3TTM,2017-10-02,2018-09-30,,4827000000.0,4.01,4.01,-0.28,3.96,-10066000000.0,23860000000.0,23849000000.0,10000000.0,23821000000.0,39000000.0,11429000000.0,53371000000.0,,,,-209000000.0,,7863000000.0,255000000.0,15003000000.0,11429000000.0,41942000000.0,,27948000000.0,13994000000.0,-209000000.0,13785000000.0,53371000000.0,5877100000.0,5875000000.0,5986000000.0
Pfizer Inc,PFE,765LHXWGK1KXCLTFYQ30,78003,2018.0,Q2,2018-04-02,2018-07-01,2019-08-08 16:23:48+00:00,1191000000.0,0.66,0.66,0.34,0.65,648000000.0,3879000000.0,3879000000.0,0.0,3872000000.0,7000000.0,2916000000.0,13466000000.0,,,,551000000.0,,1797000000.0,44000000.0,3542000000.0,2916000000.0,10550000000.0,,6574000000.0,3976000000.0,551000000.0,4527000000.0,13466000000.0,5866700000.0,5866000000.0,5952000000.0
Pfizer Inc,PFE,765LHXWGK1KXCLTFYQ30,78003,2018.0,Q2YTD,2018-01-01,2018-07-01,,2387000000.0,1.26,1.26,0.68,1.24,1204000000.0,7449000000.0,7450000000.0,-1000000.0,7433000000.0,16000000.0,5479000000.0,26372000000.0,,,,729000000.0,,3540000000.0,87000000.0,6954000000.0,5479000000.0,20893000000.0,,12968000000.0,7925000000.0,729000000.0,8654000000.0,26372000000.0,5866700000.0,5866000000.0,5952000000.0
Pfizer Inc,PFE,765LHXWGK1KXCLTFYQ30,78003,2018.0,Q2TTM,2017-07-03,2018-07-01,,4751000000.0,3.79,3.79,0.04,3.74,-9405000000.0,22596000000.0,22596000000.0,-1000000.0,22547000000.0,49000000.0,11579000000.0,53241000000.0,,,,-702000000.0,,7720000000.0,284000000.0,15013000000.0,11579000000.0,41662000000.0,,27768000000.0,13894000000.0,-702000000.0,13193000000.0,53241000000.0,5866700000.0,5866000000.0,5952000000.0
Pfizer Inc,PFE,765LHXWGK1KXCLTFYQ30,78003,2018.0,Q1,2018-01-01,2018-04-01,2018-05-10 13:32:01+00:00,1196000000.0,0.6,0.6,0.34,0.59,556000000.0,3570000000.0,3571000000.0,-1000000.0,3561000000.0,9000000.0,2563000000.0,12906000000.0,,,,178000000.0,,1743000000.0,43000000.0,3412000000.0,2563000000.0,10343000000.0,,6394000000.0,3949000000.0,178000000.0,4127000000.0,12906000000.0,5935000000.0,5957000000.0,6057000000.0
Pfizer Inc,PFE,765LHXWGK1KXCLTFYQ30,78003,2018.0,Q1TTM,2017-04-03,2018-04-01,,4768000000.0,3.65,3.65,0.02,3.6,-9314000000.0,21795000000.0,21794000000.0,1000000.0,21748000000.0,47000000.0,11323000000.0,52671000000.0,,,,-1178000000.0,,7710000000.0,310000000.0,14901000000.0,11323000000.0,41348000000.0,,27689000000.0,13659000000.0,-1178000000.0,12481000000.0,52671000000.0,5935000000.0,5957000000.0,6057000000.0
Pfizer Inc,PFE,765LHXWGK1KXCLTFYQ30,78003,2019.0,FY,2019-01-01,2019-12-31,2020-02-27 14:15:12+00:00,4610000000.0,2.92,2.92,1.46,2.87,1384000000.0,16302000000.0,16298000000.0,4000000.0,16273000000.0,29000000.0,10219000000.0,51750000000.0,,,,-3578000000.0,,8650000000.0,747000000.0,14350000000.0,10219000000.0,41531000000.0,8086000000.0,28357000000.0,13174000000.0,4508000000.0,17682000000.0,51750000000.0,5572900000.0,5569000000.0,5675000000.0
Pfizer Inc,PFE,765LHXWGK1KXCLTFYQ30,78003,2019.0,Q4,2019-09-30,2019-12-31,,1031000000.0,-0.06,-0.06,-0.36,-0.06,-1181000000.0,-327000000.0,-327000000.0,,-337000000.0,9000000.0,2608000000.0,12688000000.0,,,,-3041000000.0,,2822000000.0,451000000.0,4240000000.0,2608000000.0,10080000000.0,-1000000.0,8544000000.0,1536000000.0,-3042000000.0,-1509000000.0,12688000000.0,5572900000.0,5569000000.0,5675000000.0
Pfizer Inc,PFE,765LHXWGK1KXCLTFYQ30,78003,2019.0,Q3YTD,2019-01-01,2019-09-29,,3579000000.0,2.98,2.98,0.36,2.93,2565000000.0,16629000000.0,16625000000.0,4000000.0,16610000000.0,20000000.0,7611000000.0,39062000000.0,,,,-537000000.0,,5828000000.0,296000000.0,10110000000.0,7611000000.0,31451000000.0,8087000000.0,19813000000.0,11638000000.0,7550000000.0,19191000000.0,39062000000.0,5565200000.0,5545000000.0,5649000000.0
Pfizer Inc,PFE,765LHXWGK1KXCLTFYQ30,78003,2019.0,Q3TTM,2018-10-01,2019-09-29,,4832000000.0,2.92,2.92,-0.32,2.87,2001000000.0,16246000000.0,16243000000.0,4000000.0,16216000000.0,32000000.0,10686000000.0,53039000000.0,,,,-3796000000.0,,8286000000.0,1168000000.0,14117000000.0,10686000000.0,42353000000.0,8087000000.0,28403000000.0,13950000000.0,4291000000.0,18245000000.0,53039000000.0,5565200000.0,5545000000.0,5649000000.0
Pfizer Inc,PFE,765LHXWGK1KXCLTFYQ30,78003,2019.0,Q3,2019-07-01,2019-09-29,2019-11-07 15:55:42+00:00,1212000000.0,1.38,1.38,,1.36,3047000000.0,7684000000.0,7680000000.0,4000000.0,7680000000.0,4000000.0,2602000000.0,12680000000.0,,,,-319000000.0,,2283000000.0,365000000.0,3260000000.0,2602000000.0,10078000000.0,8087000000.0,7120000000.0,2958000000.0,7768000000.0,10727000000.0,12680000000.0,5565200000.0,5545000000.0,5649000000.0
Pfizer Inc,PFE,765LHXWGK1KXCLTFYQ30,78003,2019.0,Q2YTD,2019-01-01,2019-06-30,,2367000000.0,1.6,1.6,0.36,1.57,-482000000.0,8945000000.0,8945000000.0,,8930000000.0,16000000.0,5009000000.0,26382000000.0,,,,-218000000.0,,3545000000.0,-69000000.0,6850000000.0,5009000000.0,21373000000.0,,12693000000.0,8680000000.0,-218000000.0,8464000000.0,26382000000.0,5545100000.0,5562000000.0,5672000000.0
Pfizer Inc,PFE,765LHXWGK1KXCLTFYQ30,78003,2019.0,Q2TTM,2018-07-02,2019-06-30,,4873000000.0,2.24,2.24,-0.32,2.2,-980000000.0,12684000000.0,12674000000.0,11000000.0,12650000000.0,36000000.0,10778000000.0,53657000000.0,,,,-3063000000.0,,8011000000.0,888000000.0,14351000000.0,10778000000.0,42879000000.0,,28123000000.0,14756000000.0,-3063000000.0,11695000000.0,53657000000.0,5545100000.0,5562000000.0,5672000000.0
Pfizer Inc,PFE,765LHXWGK1KXCLTFYQ30,78003,2019.0,Q2,2019-04-01,2019-06-30,2019-08-08 16:23:48+00:00,1184000000.0,0.91,0.91,0.36,0.89,-915000000.0,5056000000.0,5056000000.0,0.0,5046000000.0,10000000.0,2576000000.0,13264000000.0,,,,-126000000.0,,1842000000.0,-115000000.0,3511000000.0,2576000000.0,10688000000.0,,6422000000.0,4266000000.0,-126000000.0,4141000000.0,13264000000.0,5545100000.0,5562000000.0,5672000000.0
Pfizer Inc,PFE,765LHXWGK1KXCLTFYQ30,78003,2019.0,Q1,2019-01-01,2019-03-31,2020-05-07 10:42:57+00:00,1183000000.0,0.69,0.69,0.36,0.68,433000000.0,3889000000.0,3889000000.0,0.0,3884000000.0,6000000.0,2433000000.0,13118000000.0,,,,-92000000.0,,1703000000.0,46000000.0,3339000000.0,2433000000.0,10685000000.0,0.0,6271000000.0,4414000000.0,-92000000.0,4323000000.0,13118000000.0,5629000000.0,5635000000.0,5750000000.0
Pfizer Inc,PFE,765LHXWGK1KXCLTFYQ30,78003,2019.0,Q1TTM,2018-04-02,2019-03-31,,4880000000.0,1.99,1.99,-0.34,1.96,583000000.0,11507000000.0,11497000000.0,11000000.0,11476000000.0,33000000.0,11118000000.0,53859000000.0,,,,-2386000000.0,,7966000000.0,1047000000.0,14382000000.0,11118000000.0,42741000000.0,,28275000000.0,14466000000.0,-2386000000.0,12081000000.0,53859000000.0,5629000000.0,5635000000.0,5750000000.0
Pfizer Inc,PFE,765LHXWGK1KXCLTFYQ30,78003,2020.0,Q1TTM,2019-04-01,2020-03-29,,4312000000.0,2.84,2.84,,2.8,1426000000.0,15823000000.0,15819000000.0,4000000.0,15790000000.0,32000000.0,10164000000.0,50660000000.0,,,,-3707000000.0,,8671000000.0,770000000.0,13884000000.0,10164000000.0,40496000000.0,8092000000.0,27637000000.0,12859000000.0,4385000000.0,17244000000.0,50660000000.0,5575400000.0,5545000000.0,5613000000.0
Pfizer Inc,PFE,765LHXWGK1KXCLTFYQ30,78003,2020.0,Q1,2020-01-01,2020-03-29,2020-05-07 10:42:57+00:00,885000000.0,0.61,0.61,,0.61,475000000.0,3410000000.0,3410000000.0,0.0,3401000000.0,9000000.0,2378000000.0,12028000000.0,,,,-221000000.0,,1724000000.0,69000000.0,2873000000.0,2378000000.0,9650000000.0,6000000.0,5551000000.0,4099000000.0,-215000000.0,3885000000.0,12028000000.0,5575400000.0,5545000000.0,5613000000.0
