company_name,company_ticker,company_lei,company_cik,year,quarter,start_date,end_date,filing_date,basicdilutedeps,basiceps,depreciationexpense,dilutedeps,impairmentexpense,incometaxexpense,netincome,netincomecontinuing,netincomediscontinued,netincometocommon,operatingcostofrevenue,operatingrevenue,otherincome,otheroperatingexpenses,otherspecialcharges,sgaexpense,totalcostofrevenue,totalgrossprofit,totalinterestexpense,totalinterestincome,totaloperatingexpenses,totaloperatingincome,totalotherincome,totalpretaxincome,totalrevenue,weightedavebasicdilutedsharesos,weightedavebasicsharesos,weightedavedilutedsharesos
AutoNation Inc,AN,,350698,2008.0,FY,2008-01-01,2008-12-31,2011-02-14 20:18:08+00:00,-6.99,-6.99,84000000.0,-6.99,1737400000.0,-189200000.0,-1243100000.0,-1212300000.0,-30800000.0,-1243100000.0,11013700000.0,13238700000.0,-4700000.0,,9600000.0,1675100000.0,11013700000.0,2225000000.0,117900000.0,2200000.0,3506100000.0,-1281100000.0,-120400000.0,-1401500000.0,13238700000.0,177800000.0,177800000.0,177800000.0
AutoNation Inc,AN,,350698,2009.0,FY,2009-01-01,2009-12-31,2012-02-13 17:28:34+00:00,1.12,1.12,76700000.0,1.12,1500000.0,116100000.0,198000000.0,233100000.0,-35100000.0,198000000.0,8756200000.0,10666000000.0,5400000.0,,-23300000.0,1446900000.0,8756200000.0,1909800000.0,65300000.0,1100000.0,1501800000.0,408000000.0,-58800000.0,349200000.0,10666000000.0,176800000.0,176500000.0,177300000.0
AutoNation Inc,AN,,350698,2009.0,Q3,2009-07-01,2009-09-30,2010-10-28 17:09:46+00:00,0.36,0.36,19200000.0,0.36,0.0,38800000.0,65000000.0,64400000.0,600000.0,65000000.0,2381400000.0,2891000000.0,2200000.0,,-3100000.0,375500000.0,2381400000.0,509600000.0,17300000.0,300000.0,391600000.0,118000000.0,-14800000.0,103200000.0,2891000000.0,180600000.0,178100000.0,179200000.0
AutoNation Inc,AN,,350698,2009.0,Q2,2009-04-01,2009-06-30,2010-08-09 17:08:45+00:00,0.21,0.21,19000000.0,0.21,1500000.0,31500000.0,36700000.0,54000000.0,-17300000.0,36700000.0,2123700000.0,2597400000.0,3500000.0,,-9800000.0,362100000.0,2123700000.0,473700000.0,19200000.0,300000.0,372800000.0,100900000.0,-15400000.0,85500000.0,2597400000.0,174800000.0,177800000.0,178800000.0
AutoNation Inc,AN,,350698,2010.0,Q4,2010-10-01,2010-12-31,,0.44,0.44,19600000.0,0.44,,41100000.0,67300000.0,68000000.0,-700000.0,67300000.0,2701800000.0,3246200000.0,2600000.0,,-2500000.0,392700000.0,2701800000.0,544400000.0,28700000.0,600000.0,409800000.0,134600000.0,-25500000.0,109100000.0,3246200000.0,157400000.0,156900000.0,158600000.0
AutoNation Inc,AN,,350698,2010.0,FY,2010-01-01,2010-12-31,2013-02-15 06:05:22+00:00,1.44,1.44,76800000.0,1.43,0.0,146000000.0,226600000.0,235300000.0,-8700000.0,226600000.0,10333500000.0,12461000000.0,1500000.0,,2000000.0,1552100000.0,10333500000.0,2127500000.0,118200000.0,1400000.0,1630900000.0,496600000.0,-115300000.0,381300000.0,12461000000.0,157400000.0,156900000.0,158600000.0
AutoNation Inc,AN,,350698,2010.0,Q3YTD,2010-01-01,2010-09-30,,1.0,1.0,57200000.0,0.99,,104900000.0,159300000.0,167300000.0,-8000000.0,159300000.0,7631700000.0,9214800000.0,-1100000.0,,4500000.0,1159400000.0,7631700000.0,1583100000.0,89500000.0,800000.0,1221100000.0,362000000.0,-89800000.0,272200000.0,9214800000.0,145900000.0,147500000.0,149600000.0
AutoNation Inc,AN,,350698,2010.0,Q3,2010-07-01,2010-09-30,2011-10-21 17:24:51+00:00,0.39,0.39,18700000.0,0.38,,35100000.0,56900000.0,58500000.0,-1600000.0,56900000.0,2728500000.0,3273900000.0,-700000.0,,2900000.0,402900000.0,2728500000.0,545400000.0,26900000.0,300000.0,424500000.0,120900000.0,-27300000.0,93600000.0,3273900000.0,145900000.0,147500000.0,149600000.0
AutoNation Inc,AN,,350698,2010.0,Q2YTD,2010-01-01,2010-06-30,,0.61,0.61,38500000.0,0.61,,69800000.0,102400000.0,108800000.0,-6400000.0,102400000.0,4903200000.0,5940900000.0,-400000.0,,1600000.0,756500000.0,4903200000.0,1037700000.0,62600000.0,500000.0,796600000.0,241100000.0,-62500000.0,178600000.0,5940900000.0,162800000.0,161900000.0,163200000.0
AutoNation Inc,AN,,350698,2010.0,Q2,2010-04-01,2010-06-30,2011-08-22 17:07:00+00:00,0.29,0.29,19600000.0,0.29,,32000000.0,47200000.0,50000000.0,-2800000.0,47200000.0,2575000000.0,3104300000.0,-300000.0,,600000.0,383100000.0,2575000000.0,529300000.0,44000000.0,300000.0,403300000.0,126000000.0,-44000000.0,82000000.0,3104300000.0,162800000.0,161900000.0,163200000.0
AutoNation Inc,AN,,350698,2010.0,Q1,2010-01-01,2010-03-31,2011-04-26 17:05:54+00:00,0.32,0.32,18900000.0,0.32,,37800000.0,55200000.0,58800000.0,-3600000.0,55200000.0,2328200000.0,2836600000.0,-100000.0,,1000000.0,373400000.0,2328200000.0,508400000.0,18600000.0,200000.0,393300000.0,115100000.0,-18500000.0,96600000.0,2836600000.0,172500000.0,170700000.0,171700000.0
AutoNation Inc,AN,,350698,2011.0,Q4,2011-10-01,2011-12-31,,0.49,0.49,21000000.0,0.49,,42900000.0,69400000.0,69900000.0,-500000.0,69400000.0,3099200000.0,3678400000.0,-300000.0,,2000000.0,412700000.0,3099200000.0,579200000.0,30500000.0,100000.0,435700000.0,143500000.0,-30700000.0,112800000.0,3678400000.0,145100000.0,144800000.0,147300000.0
AutoNation Inc,AN,,350698,2011.0,FY,2011-01-01,2011-12-31,2014-02-13 16:43:54+00:00,1.94,1.94,83700000.0,1.91,0.0,177100000.0,281400000.0,284200000.0,-2800000.0,281400000.0,11528300000.0,13832300000.0,-500000.0,,-1100000.0,1649400000.0,11528300000.0,2304000000.0,110900000.0,700000.0,1732000000.0,572000000.0,-110700000.0,461300000.0,13832300000.0,145100000.0,144800000.0,147300000.0
AutoNation Inc,AN,,350698,2011.0,Q3TTM,2010-10-01,2011-09-30,,1.89,1.89,82300000.0,1.86,,175300000.0,279300000.0,282300000.0,-3000000.0,279300000.0,11130900000.0,13400100000.0,2400000.0,,-5600000.0,1629400000.0,11130900000.0,2269200000.0,109100000.0,1200000.0,1706100000.0,563100000.0,-105500000.0,457600000.0,13400100000.0,144300000.0,144400000.0,147000000.0
AutoNation Inc,AN,,350698,2011.0,Q3YTD,2011-01-01,2011-09-30,,1.45,1.45,62700000.0,1.42,,134200000.0,212000000.0,214300000.0,-2300000.0,212000000.0,8429100000.0,10153900000.0,-200000.0,,-3100000.0,1236700000.0,8429100000.0,1724800000.0,80400000.0,600000.0,1296300000.0,428500000.0,-80000000.0,348500000.0,10153900000.0,144300000.0,144400000.0,147000000.0
AutoNation Inc,AN,,350698,2011.0,Q3,2011-07-01,2011-09-30,2012-10-25 17:05:08+00:00,0.49,0.49,20900000.0,0.48,0.0,44900000.0,70700000.0,70700000.0,0.0,70700000.0,2931300000.0,3506500000.0,-2400000.0,,-1200000.0,411400000.0,2931300000.0,575200000.0,26100000.0,0.0,431100000.0,144100000.0,-28500000.0,115600000.0,3506500000.0,144300000.0,144400000.0,147000000.0
AutoNation Inc,AN,,350698,2011.0,Q2TTM,2010-07-01,2011-06-30,,1.79,1.79,80100000.0,1.76,,165500000.0,265500000.0,270100000.0,-4600000.0,265500000.0,10928100000.0,13167500000.0,4100000.0,,-1500000.0,1620900000.0,10928100000.0,2239400000.0,109900000.0,1500000.0,1699500000.0,539900000.0,-104300000.0,435600000.0,13167500000.0,146700000.0,147400000.0,150000000.0
AutoNation Inc,AN,,350698,2011.0,Q2YTD,2011-01-01,2011-06-30,,0.96,0.96,41800000.0,0.94,,89300000.0,141300000.0,143600000.0,-2300000.0,141300000.0,5497800000.0,6647400000.0,2200000.0,,-1900000.0,825300000.0,5497800000.0,1149600000.0,54300000.0,600000.0,865200000.0,284400000.0,-51500000.0,232900000.0,6647400000.0,146700000.0,147400000.0,150000000.0
AutoNation Inc,AN,,350698,2011.0,Q2,2011-04-01,2011-06-30,2012-07-19 17:00:06+00:00,0.49,0.49,21100000.0,0.48,0.0,45100000.0,71900000.0,73300000.0,-1400000.0,71900000.0,2752900000.0,3336300000.0,500000.0,,300000.0,417600000.0,2752900000.0,583400000.0,26800000.0,300000.0,439000000.0,144400000.0,-26000000.0,118400000.0,3336300000.0,146700000.0,147400000.0,150000000.0
AutoNation Inc,AN,,350698,2011.0,Q1TTM,2010-04-01,2011-03-31,,1.59,1.59,78600000.0,1.57,,152400000.0,240800000.0,246800000.0,-6000000.0,240800000.0,10750200000.0,12935500000.0,3300000.0,,-1200000.0,1586400000.0,10750200000.0,2185300000.0,127100000.0,1500000.0,1663800000.0,521500000.0,-122300000.0,399200000.0,12935500000.0,147700000.0,149100000.0,151800000.0
AutoNation Inc,AN,,350698,2011.0,Q1,2011-01-01,2011-03-31,2012-04-25 17:23:22+00:00,0.47,0.47,20700000.0,0.46,,44200000.0,69400000.0,70300000.0,-900000.0,69400000.0,2744900000.0,3311100000.0,1700000.0,,-2200000.0,407700000.0,2744900000.0,566200000.0,27500000.0,300000.0,426200000.0,140000000.0,-25500000.0,114500000.0,3311100000.0,147700000.0,149100000.0,151800000.0
AutoNation Inc,AN,,350698,2012.0,Q4,2012-10-01,2012-12-31,,0.68,0.68,22400000.0,0.67,,52100000.0,83200000.0,82900000.0,300000.0,83200000.0,3539600000.0,4172200000.0,500000.0,100000.0,-600000.0,442000000.0,3539600000.0,632600000.0,34300000.0,100000.0,463900000.0,168700000.0,-33700000.0,135000000.0,4172200000.0,123600000.0,123800000.0,125800000.0
AutoNation Inc,AN,,350698,2012.0,FY,2012-01-01,2012-12-31,2015-02-11 17:22:30+00:00,2.56,2.56,87300000.0,2.52,4200000.0,199500000.0,316400000.0,317300000.0,-900000.0,316400000.0,13181300000.0,15667500000.0,3600000.0,100000.0,,1749300000.0,13181300000.0,2486200000.0,132400000.0,300000.0,1840900000.0,645300000.0,-128500000.0,516800000.0,15667500000.0,123600000.0,123800000.0,125800000.0
AutoNation Inc,AN,,350698,2012.0,Q3TTM,2011-10-01,2012-09-30,,2.37,2.37,85900000.0,2.34,4200000.0,190300000.0,302600000.0,304300000.0,-1700000.0,302600000.0,12740900000.0,15173700000.0,2800000.0,,2600000.0,1720000000.0,12740900000.0,2432800000.0,128600000.0,300000.0,1812700000.0,620100000.0,-125500000.0,494600000.0,15173700000.0,121800000.0,121200000.0,123400000.0
AutoNation Inc,AN,,350698,2012.0,Q3YTD,2012-01-01,2012-09-30,,1.88,1.88,64900000.0,1.85,4200000.0,147400000.0,233200000.0,234400000.0,-1200000.0,233200000.0,9641700000.0,11495300000.0,3100000.0,,600000.0,1307300000.0,9641700000.0,1853600000.0,98100000.0,200000.0,1377000000.0,476600000.0,-94800000.0,381800000.0,11495300000.0,121800000.0,121200000.0,123400000.0
AutoNation Inc,AN,,350698,2012.0,Q3,2012-07-01,2012-09-30,2013-10-24 17:04:35+00:00,0.67,0.67,22900000.0,0.66,0.0,50700000.0,81600000.0,81900000.0,-300000.0,81600000.0,3311200000.0,3933800000.0,2500000.0,,200000.0,435800000.0,3311200000.0,622600000.0,33600000.0,0.0,458900000.0,163700000.0,-31100000.0,132600000.0,3933800000.0,121800000.0,121200000.0,123400000.0
AutoNation Inc,AN,,350698,2012.0,Q2TTM,2011-07-01,2012-06-30,,2.19,2.19,83900000.0,2.16,4200000.0,184500000.0,291700000.0,293100000.0,-1400000.0,291700000.0,12361000000.0,14746400000.0,-2100000.0,,1200000.0,1695600000.0,12361000000.0,2385400000.0,121100000.0,300000.0,1784900000.0,600500000.0,-122900000.0,477600000.0,14746400000.0,120900000.0,121700000.0,123700000.0
AutoNation Inc,AN,,350698,2012.0,Q2YTD,2012-01-01,2012-06-30,,1.21,1.21,42000000.0,1.19,4200000.0,96700000.0,151600000.0,152500000.0,-900000.0,151600000.0,6330500000.0,7561500000.0,600000.0,,400000.0,871500000.0,6330500000.0,1231000000.0,64500000.0,200000.0,918100000.0,312900000.0,-63700000.0,249200000.0,7561500000.0,120900000.0,121700000.0,123700000.0
AutoNation Inc,AN,,350698,2012.0,Q2,2012-04-01,2012-06-30,2013-07-18 16:59:22+00:00,0.65,0.65,20800000.0,0.64,4200000.0,50600000.0,78600000.0,79000000.0,-400000.0,78600000.0,3276500000.0,3904500000.0,-1400000.0,,200000.0,438600000.0,3276500000.0,628000000.0,33300000.0,100000.0,463800000.0,164200000.0,-34600000.0,129600000.0,3904500000.0,120900000.0,121700000.0,123700000.0
AutoNation Inc,AN,,350698,2012.0,Q1TTM,2011-04-01,2012-03-31,,2.03,2.03,84200000.0,2.0,,179000000.0,285000000.0,287400000.0,-2400000.0,285000000.0,11837400000.0,14178200000.0,-200000.0,,1300000.0,1674600000.0,11837400000.0,2340800000.0,114600000.0,500000.0,1760100000.0,580700000.0,-114300000.0,466400000.0,14178200000.0,130400000.0,130300000.0,132300000.0
AutoNation Inc,AN,,350698,2012.0,Q1,2012-01-01,2012-03-31,2013-04-18 18:27:43+00:00,0.56,0.56,21200000.0,0.55,,46100000.0,73000000.0,73500000.0,-500000.0,73000000.0,3054000000.0,3657000000.0,2000000.0,,200000.0,432900000.0,3054000000.0,603000000.0,31200000.0,100000.0,454300000.0,148700000.0,-29100000.0,119600000.0,3657000000.0,130400000.0,130300000.0,132300000.0
AutoNation Inc,AN,,350698,2013.0,FY,2013-01-01,2013-12-31,2016-02-10 17:49:46+00:00,3.09,3.09,95300000.0,3.04,0.0,228600000.0,374900000.0,375800000.0,-900000.0,374900000.0,14757700000.0,17517600000.0,5600000.0,-10700000.0,,1935000000.0,14757700000.0,2759900000.0,141700000.0,200000.0,2019600000.0,740300000.0,-135900000.0,604400000.0,17517600000.0,121300000.0,121300000.0,123300000.0
AutoNation Inc,AN,,350698,2013.0,Q4,2013-10-01,2013-12-31,,0.9,0.9,25200000.0,0.89,,60600000.0,109400000.0,109700000.0,-300000.0,109400000.0,3820700000.0,4523900000.0,3400000.0,-10900000.0,3600000.0,482500000.0,3820700000.0,703200000.0,35900000.0,,500400000.0,202800000.0,-32500000.0,170300000.0,4523900000.0,121300000.0,121300000.0,123300000.0
AutoNation Inc,AN,,350698,2013.0,Q3TTM,2012-10-01,2013-09-30,,2.87,2.87,92500000.0,2.82,,220100000.0,348700000.0,349000000.0,-300000.0,348700000.0,14476600000.0,17165900000.0,2700000.0,300000.0,-4200000.0,1894500000.0,14476600000.0,2689300000.0,140100000.0,300000.0,1983100000.0,706200000.0,-137100000.0,569100000.0,17165900000.0,121800000.0,121500000.0,123500000.0
AutoNation Inc,AN,,350698,2013.0,Q3YTD,2013-01-01,2013-09-30,,2.19,2.19,70100000.0,2.15,,168000000.0,265500000.0,266100000.0,-600000.0,265500000.0,10937000000.0,12993700000.0,2200000.0,200000.0,-3600000.0,1452500000.0,10937000000.0,2056700000.0,105800000.0,200000.0,1519200000.0,537500000.0,-103400000.0,434100000.0,12993700000.0,121800000.0,121500000.0,123500000.0
AutoNation Inc,AN,,350698,2013.0,Q3,2013-07-01,2013-09-30,2014-10-28 17:12:49+00:00,0.76,0.76,24100000.0,0.75,,58800000.0,92600000.0,92800000.0,-200000.0,92600000.0,3774200000.0,4470800000.0,-700000.0,200000.0,,485100000.0,3774200000.0,696600000.0,35000000.0,100000.0,509400000.0,187200000.0,-35600000.0,151600000.0,4470800000.0,121800000.0,121500000.0,123500000.0
AutoNation Inc,AN,,350698,2013.0,Q2TTM,2012-07-01,2013-06-30,,2.78,2.78,91300000.0,2.73,,212000000.0,337700000.0,338100000.0,-400000.0,337700000.0,14013600000.0,16628900000.0,5900000.0,100000.0,-4000000.0,1845200000.0,14013600000.0,2615300000.0,138700000.0,200000.0,1932600000.0,682700000.0,-132600000.0,550100000.0,16628900000.0,121500000.0,121400000.0,123300000.0
AutoNation Inc,AN,,350698,2013.0,Q2YTD,2013-01-01,2013-06-30,,1.43,1.43,46000000.0,1.4,,109200000.0,172900000.0,173300000.0,-400000.0,172900000.0,7162800000.0,8522900000.0,2900000.0,,-3600000.0,967400000.0,7162800000.0,1360100000.0,70800000.0,100000.0,1009800000.0,350300000.0,-67800000.0,282500000.0,8522900000.0,121500000.0,121400000.0,123300000.0
AutoNation Inc,AN,,350698,2013.0,Q2,2013-04-01,2013-06-30,2014-07-17 17:11:08+00:00,0.74,0.74,23300000.0,0.73,,56500000.0,89900000.0,90100000.0,-200000.0,89900000.0,3730400000.0,4426500000.0,1300000.0,,-2200000.0,494100000.0,3730400000.0,696100000.0,35600000.0,0.0,515200000.0,180900000.0,-34300000.0,146600000.0,4426500000.0,121500000.0,121400000.0,123300000.0
AutoNation Inc,AN,,350698,2013.0,Q1TTM,2012-04-01,2013-03-31,,2.69,2.69,88800000.0,2.64,4200000.0,206100000.0,326400000.0,327000000.0,-600000.0,326400000.0,13559700000.0,16106900000.0,3200000.0,100000.0,-1600000.0,1789700000.0,13559700000.0,2547200000.0,136400000.0,300000.0,1881200000.0,666000000.0,-132900000.0,533100000.0,16106900000.0,120300000.0,121000000.0,123000000.0
AutoNation Inc,AN,,350698,2013.0,Q1,2013-01-01,2013-03-31,2014-04-18 15:57:01+00:00,0.69,0.69,22700000.0,0.67,,52700000.0,83000000.0,83200000.0,-200000.0,83000000.0,3432400000.0,4096400000.0,1600000.0,,-1400000.0,473300000.0,3432400000.0,664000000.0,35200000.0,100000.0,494600000.0,169400000.0,-33500000.0,135900000.0,4096400000.0,120300000.0,121000000.0,123000000.0
AutoNation Inc,AN,,350698,2014.0,FY,2014-01-01,2014-12-31,2017-02-08 21:55:28+00:00,3.57,3.57,106900000.0,3.52,0.0,262500000.0,418700000.0,419800000.0,-1100000.0,418700000.0,16120100000.0,19108800000.0,2900000.0,-18600000.0,,2079600000.0,16120100000.0,2988700000.0,141600000.0,200000.0,2167900000.0,820800000.0,-138500000.0,682300000.0,19108800000.0,117300000.0,117300000.0,118900000.0
AutoNation Inc,AN,,350698,2014.0,Q4,2014-10-01,2014-12-31,,1.02,1.02,27900000.0,1.01,,71600000.0,116700000.0,116900000.0,-200000.0,116700000.0,4264300000.0,5047800000.0,-600000.0,-2900000.0,,532000000.0,4264300000.0,783500000.0,37400000.0,,557000000.0,226500000.0,-38000000.0,188500000.0,5047800000.0,117300000.0,117300000.0,118900000.0
AutoNation Inc,AN,,350698,2014.0,Q3TTM,2013-10-01,2014-09-30,,3.45,3.45,104200000.0,3.4,,251500000.0,411400000.0,412600000.0,-1200000.0,411400000.0,15676500000.0,18584900000.0,6900000.0,-26600000.0,3600000.0,2030100000.0,15676500000.0,2908400000.0,140100000.0,200000.0,2111300000.0,797100000.0,-133000000.0,664100000.0,18584900000.0,117000000.0,117000000.0,118500000.0
AutoNation Inc,AN,,350698,2014.0,Q3,2014-07-01,2014-09-30,2015-10-28 16:17:34+00:00,0.91,0.91,27200000.0,0.9,,67100000.0,106500000.0,106700000.0,-200000.0,106500000.0,4156100000.0,4909000000.0,1100000.0,-4000000.0,,522300000.0,4156100000.0,752900000.0,34800000.0,100000.0,545500000.0,207400000.0,-33600000.0,173800000.0,4909000000.0,117000000.0,117000000.0,118500000.0
AutoNation Inc,AN,,350698,2014.0,Q3YTD,2014-01-01,2014-09-30,,2.55,2.55,79000000.0,2.51,,190900000.0,302000000.0,302900000.0,-900000.0,302000000.0,11855800000.0,14061000000.0,3500000.0,-15700000.0,,1547600000.0,11855800000.0,2205200000.0,104200000.0,200000.0,1610900000.0,594300000.0,-100500000.0,493800000.0,14061000000.0,117000000.0,117000000.0,118500000.0
AutoNation Inc,AN,,350698,2014.0,Q2TTM,2013-07-01,2014-06-30,,3.3,3.3,101100000.0,3.25,,243200000.0,397500000.0,398700000.0,-1200000.0,397500000.0,15294600000.0,18146700000.0,5100000.0,-22400000.0,3600000.0,1992900000.0,15294600000.0,2852100000.0,140300000.0,200000.0,2075200000.0,776900000.0,-135000000.0,641900000.0,18146700000.0,119500000.0,119100000.0,120800000.0
AutoNation Inc,AN,,350698,2014.0,Q2,2014-04-01,2014-06-30,2015-07-22 17:19:16+00:00,0.84,0.84,26200000.0,0.83,,63500000.0,100400000.0,100700000.0,-300000.0,100400000.0,4043600000.0,4788500000.0,900000.0,-3700000.0,,524600000.0,4043600000.0,744900000.0,34600000.0,100000.0,547100000.0,197800000.0,-33600000.0,164200000.0,4788500000.0,119500000.0,119100000.0,120800000.0
AutoNation Inc,AN,,350698,2014.0,Q2YTD,2014-01-01,2014-06-30,,1.64,1.64,51800000.0,1.61,,123800000.0,195500000.0,196200000.0,-700000.0,195500000.0,7699700000.0,9152000000.0,2400000.0,-11700000.0,,1025300000.0,7699700000.0,1452300000.0,69400000.0,100000.0,1065400000.0,386900000.0,-66900000.0,320000000.0,9152000000.0,119500000.0,119100000.0,120800000.0
AutoNation Inc,AN,,350698,2014.0,Q1TTM,2013-04-01,2014-03-31,,3.2,3.2,98200000.0,3.15,,236200000.0,387000000.0,388100000.0,-1100000.0,387000000.0,14981400000.0,17784700000.0,5500000.0,-18700000.0,1400000.0,1962400000.0,14981400000.0,2803300000.0,141300000.0,100000.0,2043300000.0,760000000.0,-135700000.0,624300000.0,17784700000.0,118900000.0,119500000.0,121300000.0
AutoNation Inc,AN,,350698,2014.0,Q1,2014-01-01,2014-03-31,2015-04-22 17:00:10+00:00,0.8,0.8,25600000.0,0.78,,60300000.0,95100000.0,95500000.0,-400000.0,95100000.0,3656100000.0,4363500000.0,1500000.0,-8000000.0,,500700000.0,3656100000.0,707400000.0,34800000.0,0.0,518300000.0,189100000.0,-33300000.0,155800000.0,4363500000.0,118900000.0,119500000.0,121300000.0
AutoNation Inc,AN,,350698,2015.0,FY,2015-01-01,2015-12-31,2018-02-14 18:46:25+00:00,3.93,3.93,127400000.0,3.89,15400000.0,279000000.0,442600000.0,443700000.0,-1100000.0,442600000.0,17600500000.0,20862000000.0,-1300000.0,-17900000.0,,2263500000.0,17600500000.0,3261500000.0,149200000.0,100000.0,2388400000.0,873100000.0,-150400000.0,722700000.0,20862000000.0,112600000.0,112700000.0,113900000.0
AutoNation Inc,AN,,350698,2015.0,Q4,2015-10-01,2015-12-31,,0.89,0.89,33700000.0,0.88,15400000.0,61300000.0,97500000.0,97800000.0,-300000.0,97500000.0,4527600000.0,5339800000.0,1400000.0,-5800000.0,,568500000.0,4527600000.0,812200000.0,42700000.0,,611800000.0,200400000.0,-41300000.0,159100000.0,5339800000.0,112600000.0,112700000.0,113900000.0
AutoNation Inc,AN,,350698,2015.0,Q3,2015-07-01,2015-09-30,2016-10-28 16:19:09+00:00,1.05,1.05,32900000.0,1.04,,76300000.0,118500000.0,119000000.0,-500000.0,118500000.0,4523400000.0,5353700000.0,-4300000.0,-7000000.0,,568700000.0,4523400000.0,830300000.0,36100000.0,0.0,594600000.0,235700000.0,-40400000.0,195300000.0,5353700000.0,112900000.0,112400000.0,113600000.0
AutoNation Inc,AN,,350698,2015.0,Q3YTD,2015-01-01,2015-09-30,,3.04,3.04,93700000.0,3.01,,217700000.0,345100000.0,345900000.0,-800000.0,345100000.0,13072900000.0,15522200000.0,-2700000.0,-12100000.0,,1695000000.0,13072900000.0,2449300000.0,106500000.0,100000.0,1776600000.0,672700000.0,-109100000.0,563600000.0,15522200000.0,112900000.0,112400000.0,113600000.0
AutoNation Inc,AN,,350698,2015.0,Q3TTM,2014-10-01,2015-09-30,,4.06,4.06,121600000.0,4.02,,289300000.0,461800000.0,462800000.0,-1000000.0,461800000.0,17337200000.0,20570000000.0,-3300000.0,-15000000.0,,2227000000.0,17337200000.0,3232800000.0,143900000.0,100000.0,2333600000.0,899200000.0,-147100000.0,752100000.0,20570000000.0,112900000.0,112400000.0,113600000.0
AutoNation Inc,AN,,350698,2015.0,Q2,2015-04-01,2015-06-30,2016-07-29 16:23:36+00:00,1.01,1.01,32100000.0,1.0,,71600000.0,115100000.0,115200000.0,-100000.0,115100000.0,4405200000.0,5224300000.0,500000.0,-3800000.0,,568700000.0,4405200000.0,819100000.0,35800000.0,0.0,597000000.0,222100000.0,-35300000.0,186800000.0,5224300000.0,114000000.0,113800000.0,115100000.0
AutoNation Inc,AN,,350698,2015.0,Q2YTD,2015-01-01,2015-06-30,,1.99,1.99,60800000.0,1.97,,141400000.0,226600000.0,226900000.0,-300000.0,226600000.0,8549500000.0,10168500000.0,1600000.0,-5100000.0,,1126300000.0,8549500000.0,1619000000.0,70400000.0,100000.0,1182000000.0,437000000.0,-68700000.0,368300000.0,10168500000.0,114000000.0,113800000.0,115100000.0
AutoNation Inc,AN,,350698,2015.0,Q2TTM,2014-07-01,2015-06-30,,3.92,3.92,115900000.0,3.88,,280100000.0,449800000.0,450500000.0,-700000.0,449800000.0,16969900000.0,20125300000.0,2100000.0,-12000000.0,,2180600000.0,16969900000.0,3155400000.0,142600000.0,200000.0,2284500000.0,870900000.0,-140300000.0,730600000.0,20125300000.0,114000000.0,113800000.0,115100000.0
AutoNation Inc,AN,,350698,2015.0,Q1,2015-01-01,2015-03-31,2016-04-22 17:21:51+00:00,0.98,0.98,28700000.0,0.97,,69800000.0,111500000.0,111700000.0,-200000.0,111500000.0,4144300000.0,4944200000.0,1100000.0,-1300000.0,,557600000.0,4144300000.0,799900000.0,34600000.0,100000.0,585000000.0,214900000.0,-33400000.0,181500000.0,4944200000.0,113800000.0,113600000.0,115100000.0
AutoNation Inc,AN,,350698,2015.0,Q1TTM,2014-04-01,2015-03-31,,3.75,3.75,110000000.0,3.71,,272000000.0,435100000.0,436000000.0,-900000.0,435100000.0,16608300000.0,19689500000.0,2500000.0,-11900000.0,,2136500000.0,16608300000.0,3081200000.0,141400000.0,300000.0,2234600000.0,846600000.0,-138600000.0,708000000.0,19689500000.0,113800000.0,113600000.0,115100000.0
AutoNation Inc,AN,,350698,2016.0,FY,2016-01-01,2016-12-31,2019-02-22 17:16:34+00:00,4.18,4.18,143400000.0,4.15,0.0,270600000.0,430500000.0,431700000.0,-1200000.0,430500000.0,18295800000.0,21609000000.0,3700000.0,-69100000.0,,2349400000.0,18295800000.0,3313200000.0,192000000.0,1100000.0,2423700000.0,889500000.0,-187200000.0,702300000.0,21609000000.0,103000000.0,103100000.0,103800000.0
AutoNation Inc,AN,,350698,2016.0,Q4,2016-10-01,2016-12-31,,1.14,1.14,36400000.0,1.13,,71900000.0,115300000.0,115600000.0,-300000.0,115300000.0,4671400000.0,5480500000.0,300000.0,-48100000.0,,584200000.0,4671400000.0,809100000.0,49700000.0,300000.0,572500000.0,236600000.0,-49100000.0,187500000.0,5480500000.0,103000000.0,103100000.0,103800000.0
AutoNation Inc,AN,,350698,2016.0,Q3,2016-07-01,2016-09-30,2017-11-02 16:57:07+00:00,1.05,1.05,36300000.0,1.05,,67000000.0,107300000.0,107800000.0,-500000.0,107300000.0,4731100000.0,5567500000.0,2600000.0,-10200000.0,,591300000.0,4731100000.0,836400000.0,47100000.0,300000.0,617400000.0,219000000.0,-44200000.0,174800000.0,5567500000.0,102200000.0,101900000.0,102600000.0
AutoNation Inc,AN,,350698,2016.0,Q3YTD,2016-01-01,2016-09-30,,3.04,3.04,107000000.0,3.02,,198700000.0,315200000.0,316100000.0,-900000.0,315200000.0,13624400000.0,16128500000.0,3400000.0,-21000000.0,,1765200000.0,13624400000.0,2504100000.0,142300000.0,800000.0,1851200000.0,652900000.0,-138100000.0,514800000.0,16128500000.0,102200000.0,101900000.0,102600000.0
AutoNation Inc,AN,,350698,2016.0,Q3TTM,2015-10-01,2016-09-30,,3.93,3.93,140700000.0,3.9,15400000.0,260000000.0,412700000.0,413900000.0,-1200000.0,412700000.0,18152000000.0,21468300000.0,4800000.0,-26800000.0,,2333700000.0,18152000000.0,3316300000.0,185000000.0,800000.0,2463000000.0,853300000.0,-179400000.0,673900000.0,21468300000.0,102200000.0,101900000.0,102600000.0
AutoNation Inc,AN,,350698,2016.0,Q2,2016-04-01,2016-06-30,2017-08-02 16:32:10+00:00,1.09,1.09,35900000.0,1.08,,71000000.0,112000000.0,112100000.0,-100000.0,112000000.0,4599600000.0,5441400000.0,4200000.0,-5800000.0,,585200000.0,4599600000.0,841800000.0,48000000.0,400000.0,615300000.0,226500000.0,-43400000.0,183100000.0,5441400000.0,102800000.0,102900000.0,103600000.0
AutoNation Inc,AN,,350698,2016.0,Q2YTD,2016-01-01,2016-06-30,,1.99,1.99,70700000.0,1.97,,131700000.0,207900000.0,208300000.0,-400000.0,207900000.0,8893300000.0,10561000000.0,800000.0,-10800000.0,,1173900000.0,8893300000.0,1667700000.0,95200000.0,500000.0,1233800000.0,433900000.0,-93900000.0,340000000.0,10561000000.0,102800000.0,102900000.0,103600000.0
AutoNation Inc,AN,,350698,2016.0,Q2TTM,2015-07-01,2016-06-30,,3.93,3.93,137300000.0,3.89,15400000.0,269300000.0,423900000.0,425100000.0,-1200000.0,423900000.0,17944300000.0,21254500000.0,-2100000.0,-23600000.0,,2311100000.0,17944300000.0,3310200000.0,174000000.0,500000.0,2440200000.0,870000000.0,-175600000.0,694400000.0,21254500000.0,102800000.0,102900000.0,103600000.0
AutoNation Inc,AN,,350698,2016.0,Q1,2016-01-01,2016-03-31,2017-04-25 16:21:14+00:00,0.9,0.9,34800000.0,0.89,,60700000.0,95900000.0,96200000.0,-300000.0,95900000.0,4293700000.0,5119600000.0,-3400000.0,-5000000.0,,588700000.0,4293700000.0,825900000.0,47200000.0,100000.0,618500000.0,207400000.0,-50500000.0,156900000.0,5119600000.0,106600000.0,106700000.0,107400000.0
AutoNation Inc,AN,,350698,2016.0,Q1TTM,2015-04-01,2016-03-31,,3.85,3.85,133500000.0,3.81,15400000.0,269900000.0,427000000.0,428200000.0,-1200000.0,427000000.0,17749900000.0,21037400000.0,-5800000.0,-21600000.0,,2294600000.0,17749900000.0,3287500000.0,161800000.0,100000.0,2421900000.0,865600000.0,-167500000.0,698100000.0,21037400000.0,106600000.0,106700000.0,107400000.0
AutoNation Inc,AN,,350698,2017.0,FY,2017-01-01,2017-12-31,2020-02-18 16:47:36+00:00,4.44,4.44,158600000.0,4.43,0.0,201500000.0,434600000.0,435000000.0,-400000.0,434600000.0,18175600000.0,21534600000.0,9300000.0,-79200000.0,,2436200000.0,18175600000.0,3359000000.0,217200000.0,1000000.0,2515600000.0,843400000.0,-206900000.0,636500000.0,21534600000.0,97900000.0,97800000.0,98200000.0
AutoNation Inc,AN,,350698,2017.0,Q4,2017-10-01,2017-12-31,,1.6,1.6,40600000.0,1.6,,22400000.0,151300000.0,151500000.0,-200000.0,151300000.0,4816300000.0,5683500000.0,2900000.0,-24800000.0,,622100000.0,4816300000.0,867200000.0,58500000.0,200000.0,637900000.0,229300000.0,-55400000.0,173900000.0,5683500000.0,97900000.0,97800000.0,98200000.0
AutoNation Inc,AN,,350698,2017.0,Q3,2017-07-01,2017-09-30,2018-10-30 16:20:32+00:00,1.0,1.0,41400000.0,1.0,0.0,60300000.0,97500000.0,97600000.0,-100000.0,97500000.0,4586500000.0,5432400000.0,1600000.0,-14200000.0,,607500000.0,4586500000.0,845900000.0,55100000.0,200000.0,634700000.0,211200000.0,-53300000.0,157900000.0,5432400000.0,97500000.0,97300000.0,97700000.0
AutoNation Inc,AN,,350698,2017.0,Q3YTD,2017-01-01,2017-09-30,,2.84,2.84,118000000.0,2.83,,179100000.0,283300000.0,283500000.0,-200000.0,283300000.0,13359300000.0,15851100000.0,6400000.0,-54400000.0,,1814100000.0,13359300000.0,2491800000.0,158700000.0,800000.0,1877700000.0,614100000.0,-151500000.0,462600000.0,15851100000.0,97500000.0,97300000.0,97700000.0
AutoNation Inc,AN,,350698,2017.0,Q3TTM,2016-10-01,2017-09-30,,3.98,3.98,154400000.0,3.96,,251000000.0,398600000.0,399100000.0,-500000.0,398600000.0,18030700000.0,21331600000.0,6700000.0,-102500000.0,,2398300000.0,18030700000.0,3300900000.0,208400000.0,1100000.0,2450200000.0,850700000.0,-200600000.0,650100000.0,21331600000.0,97500000.0,97300000.0,97700000.0
AutoNation Inc,AN,,350698,2017.0,Q2,2017-04-01,2017-06-30,2018-08-01 16:25:30+00:00,0.87,0.87,39300000.0,0.86,0.0,57200000.0,87700000.0,87700000.0,0.0,87700000.0,4453200000.0,5279300000.0,1800000.0,-20700000.0,,611300000.0,4453200000.0,826100000.0,53300000.0,200000.0,629900000.0,196200000.0,-51300000.0,144900000.0,5279300000.0,100800000.0,101200000.0,101500000.0
AutoNation Inc,AN,,350698,2017.0,Q2YTD,2017-01-01,2017-06-30,,1.84,1.84,76600000.0,1.83,,118800000.0,185800000.0,185900000.0,-100000.0,185800000.0,8772800000.0,10418700000.0,4800000.0,-40200000.0,,1206600000.0,8772800000.0,1645900000.0,103600000.0,600000.0,1243000000.0,402900000.0,-98200000.0,304700000.0,10418700000.0,100800000.0,101200000.0,101500000.0
AutoNation Inc,AN,,350698,2017.0,Q2TTM,2016-07-01,2017-06-30,,4.03,4.03,149300000.0,4.01,,257700000.0,408400000.0,409300000.0,-900000.0,408400000.0,18175300000.0,21466700000.0,7700000.0,-98500000.0,,2382100000.0,18175300000.0,3291400000.0,200400000.0,1200000.0,2432900000.0,858500000.0,-191500000.0,667000000.0,21466700000.0,100800000.0,101200000.0,101500000.0
AutoNation Inc,AN,,350698,2017.0,Q1,2017-01-01,2017-03-31,2018-05-01 16:57:40+00:00,0.97,0.97,37300000.0,0.97,,61600000.0,98100000.0,98200000.0,-100000.0,98100000.0,4319600000.0,5139400000.0,3000000.0,-19500000.0,,595300000.0,4319600000.0,819800000.0,50300000.0,400000.0,613100000.0,206700000.0,-46900000.0,159800000.0,5139400000.0,101100000.0,101100000.0,101600000.0
AutoNation Inc,AN,,350698,2017.0,Q1TTM,2016-04-01,2017-03-31,,4.25,4.25,145900000.0,4.23,,271500000.0,432700000.0,433700000.0,-1000000.0,432700000.0,18321700000.0,21628800000.0,10100000.0,-83600000.0,,2356000000.0,18321700000.0,3307100000.0,195100000.0,1400000.0,2418300000.0,888800000.0,-183600000.0,705200000.0,21628800000.0,101100000.0,101100000.0,101600000.0
AutoNation Inc,AN,,350698,2018.0,FY,2018-01-01,2018-12-31,2020-02-18 16:47:36+00:00,4.36,4.36,166200000.0,4.34,8100000.0,133500000.0,396000000.0,395900000.0,100000.0,396000000.0,18015500000.0,21412800000.0,200000.0,-64700000.0,,2509800000.0,18015500000.0,3397300000.0,249800000.0,1100000.0,2619400000.0,777900000.0,-248500000.0,529400000.0,21412800000.0,90800000.0,90900000.0,91300000.0
AutoNation Inc,AN,,350698,2018.0,Q4,2018-10-01,2018-12-31,,1.02,1.02,42200000.0,1.03,,35600000.0,92700000.0,92900000.0,-200000.0,92700000.0,4563800000.0,5411700000.0,-3100000.0,-23100000.0,,631500000.0,4563800000.0,847900000.0,66000000.0,300000.0,650600000.0,197300000.0,-68800000.0,128500000.0,5411700000.0,90800000.0,90900000.0,91300000.0
AutoNation Inc,AN,,350698,2018.0,Q3,2018-07-01,2018-09-30,2019-10-29 19:29:23+00:00,1.24,1.24,42900000.0,1.23,0.0,32800000.0,112000000.0,112300000.0,-300000.0,112000000.0,4493900000.0,5349200000.0,2300000.0,-17400000.0,,626200000.0,4493900000.0,855300000.0,61100000.0,300000.0,651700000.0,203600000.0,-58500000.0,145100000.0,5349200000.0,90300000.0,90400000.0,90800000.0
AutoNation Inc,AN,,350698,2018.0,Q3YTD,2018-01-01,2018-09-30,,3.34,3.34,124000000.0,3.31,8100000.0,97900000.0,303300000.0,303000000.0,300000.0,303300000.0,13451700000.0,16001100000.0,3300000.0,-41600000.0,,1878300000.0,13451700000.0,2549400000.0,183800000.0,800000.0,1968800000.0,580600000.0,-179700000.0,400900000.0,16001100000.0,90300000.0,90400000.0,90800000.0
AutoNation Inc,AN,,350698,2018.0,Q3TTM,2017-10-01,2018-09-30,,4.94,4.94,164600000.0,4.91,8100000.0,120300000.0,454600000.0,454500000.0,100000.0,454600000.0,18268000000.0,21684600000.0,6200000.0,-66400000.0,,2500400000.0,18268000000.0,3416600000.0,242300000.0,1000000.0,2606700000.0,809900000.0,-235100000.0,574800000.0,21684600000.0,90300000.0,90400000.0,90800000.0
AutoNation Inc,AN,,350698,2018.0,Q2,2018-04-01,2018-06-30,2019-07-23 16:35:12+00:00,1.08,1.08,41100000.0,1.07,8100000.0,32200000.0,97600000.0,97400000.0,200000.0,97600000.0,4540200000.0,5392000000.0,200000.0,-13900000.0,,625300000.0,4540200000.0,851800000.0,62100000.0,300000.0,660600000.0,191200000.0,-61600000.0,129600000.0,5392000000.0,90400000.0,90700000.0,91200000.0
AutoNation Inc,AN,,350698,2018.0,Q2YTD,2018-01-01,2018-06-30,,2.1,2.1,81100000.0,2.08,8100000.0,65100000.0,191300000.0,190700000.0,600000.0,191300000.0,8957800000.0,10651900000.0,1000000.0,-24200000.0,,1252100000.0,8957800000.0,1694100000.0,122700000.0,500000.0,1317100000.0,377000000.0,-121200000.0,255800000.0,10651900000.0,90400000.0,90700000.0,91200000.0
AutoNation Inc,AN,,350698,2018.0,Q2TTM,2017-07-01,2018-06-30,,4.7,4.7,163100000.0,4.68,8100000.0,147800000.0,440100000.0,439800000.0,300000.0,440100000.0,18360600000.0,21767800000.0,5500000.0,-63200000.0,,2481700000.0,18360600000.0,3407200000.0,236300000.0,900000.0,2589700000.0,817500000.0,-229900000.0,587600000.0,21767800000.0,90400000.0,90700000.0,91200000.0
AutoNation Inc,AN,,350698,2018.0,Q1,2018-01-01,2018-03-31,2019-04-26 16:22:50+00:00,1.02,1.02,40000000.0,1.01,,32900000.0,93700000.0,93300000.0,400000.0,93700000.0,4417600000.0,5259900000.0,800000.0,-10300000.0,,626800000.0,4417600000.0,842300000.0,60600000.0,200000.0,656500000.0,185800000.0,-59600000.0,126200000.0,5259900000.0,91900000.0,92100000.0,92700000.0
AutoNation Inc,AN,,350698,2018.0,Q1TTM,2017-04-01,2018-03-31,,4.49,4.49,161300000.0,4.47,,172800000.0,430200000.0,430100000.0,100000.0,430200000.0,18273600000.0,21655100000.0,7100000.0,-70000000.0,,2467700000.0,18273600000.0,3381500000.0,227500000.0,800000.0,2559000000.0,822500000.0,-219600000.0,602900000.0,21655100000.0,91900000.0,92100000.0,92700000.0
AutoNation Inc,AN,,350698,2019.0,Q4,2019-10-01,2019-12-31,,2.86,1.74,46800000.0,1.74,,53500000.0,157700000.0,157700000.0,,157700000.0,4653300000.0,5548900000.0,29400000.0,-31800000.0,,644800000.0,4653300000.0,895600000.0,54100000.0,100000.0,659800000.0,235800000.0,-24600000.0,211200000.0,5548900000.0,90200000.0,90100000.0,90500000.0
AutoNation Inc,AN,,350698,2019.0,FY,2019-01-01,2019-12-31,2020-02-18 16:47:36+00:00,4.99,4.99,180500000.0,4.97,9600000.0,161800000.0,450000000.0,450800000.0,-800000.0,450000000.0,17812700000.0,21335700000.0,33600000.0,-49300000.0,,2558600000.0,17812700000.0,3523000000.0,245100000.0,500000.0,2699400000.0,823600000.0,-211000000.0,612600000.0,21335700000.0,90200000.0,90100000.0,90500000.0
AutoNation Inc,AN,,350698,2019.0,Q3YTD,2019-01-01,2019-09-30,,2.13,3.25,133700000.0,3.23,9600000.0,108300000.0,292300000.0,293100000.0,-800000.0,292300000.0,13159400000.0,15786800000.0,4200000.0,-17500000.0,,1913800000.0,13159400000.0,2627400000.0,191000000.0,400000.0,2039600000.0,587800000.0,-186400000.0,401400000.0,15786800000.0,89600000.0,89900000.0,90400000.0
AutoNation Inc,AN,,350698,2019.0,Q3TTM,2018-10-01,2019-09-30,,3.15,4.27,175900000.0,4.26,9600000.0,143900000.0,385000000.0,386000000.0,-1000000.0,385000000.0,17723200000.0,21198500000.0,1100000.0,-40600000.0,,2545300000.0,17723200000.0,3475300000.0,257000000.0,700000.0,2690200000.0,785100000.0,-255200000.0,529900000.0,21198500000.0,89600000.0,89900000.0,90400000.0
AutoNation Inc,AN,,350698,2019.0,Q3,2019-07-01,2019-09-30,2019-10-29 19:29:23+00:00,1.11,1.11,45200000.0,1.1,0.0,37100000.0,99500000.0,100000000.0,-500000.0,99500000.0,4573800000.0,5461200000.0,2600000.0,-5100000.0,,653800000.0,4573800000.0,887400000.0,59100000.0,100000.0,693900000.0,193500000.0,-56400000.0,137100000.0,5461200000.0,89600000.0,89900000.0,90400000.0
AutoNation Inc,AN,,350698,2019.0,Q2,2019-04-01,2019-06-30,2020-07-23 16:26:40+00:00,,1.12,44400000.0,1.12,9600000.0,37200000.0,100800000.0,101000000.0,-200000.0,100800000.0,4453000000.0,5343800000.0,-300000.0,-3700000.0,,637000000.0,4453000000.0,890800000.0,65100000.0,100000.0,687300000.0,203500000.0,-65300000.0,138200000.0,5343800000.0,,89900000.0,90200000.0
AutoNation Inc,AN,,350698,2019.0,Q2YTD,2019-01-01,2019-06-30,,1.02,2.14,88500000.0,2.13,9600000.0,71200000.0,192800000.0,193100000.0,-300000.0,192800000.0,8585600000.0,10325600000.0,1600000.0,-12400000.0,,1260000000.0,8585600000.0,1740000000.0,131900000.0,300000.0,1345700000.0,394300000.0,-130000000.0,264300000.0,10325600000.0,,89900000.0,90200000.0
AutoNation Inc,AN,,350698,2019.0,Q2TTM,2018-07-01,2019-06-30,,3.28,4.4,173600000.0,4.39,9600000.0,139600000.0,397500000.0,398300000.0,-800000.0,397500000.0,17643300000.0,21086500000.0,800000.0,-52900000.0,,2517700000.0,17643300000.0,3443200000.0,259000000.0,900000.0,2648000000.0,795200000.0,-257300000.0,537900000.0,21086500000.0,,89900000.0,90200000.0
AutoNation Inc,AN,,350698,2019.0,Q1,2019-01-01,2019-03-31,2020-05-11 14:27:41+00:00,1.02,1.02,44100000.0,1.01,0.0,34000000.0,92000000.0,92100000.0,-100000.0,92000000.0,4132600000.0,4981800000.0,1900000.0,-8700000.0,,623000000.0,4132600000.0,849200000.0,66800000.0,200000.0,658400000.0,190800000.0,-64700000.0,126100000.0,4981800000.0,90200000.0,90500000.0,90700000.0
AutoNation Inc,AN,,350698,2019.0,Q1TTM,2018-04-01,2019-03-31,,4.36,4.36,170300000.0,4.34,8100000.0,134600000.0,394300000.0,394700000.0,-400000.0,394300000.0,17730500000.0,21134700000.0,1300000.0,-63100000.0,,2506000000.0,17730500000.0,3404200000.0,256000000.0,1100000.0,2621300000.0,782900000.0,-253600000.0,529300000.0,21134700000.0,90200000.0,90500000.0,90700000.0
AutoNation Inc,AN,,350698,2020.0,Q2YTD,2020-01-01,2020-06-30,,-2.58,0.6,97200000.0,0.6,375800000.0,57600000.0,47500000.0,47700000.0,-200000.0,47500000.0,7591800000.0,9200000000.0,211500000.0,4500000.0,,1148600000.0,7591800000.0,1608200000.0,88500000.0,200000.0,1626100000.0,-17900000.0,123200000.0,105300000.0,9200000000.0,,87900000.0,88100000.0
AutoNation Inc,AN,,350698,2020.0,Q2TTM,2019-07-01,2020-06-30,,1.39,3.45,189200000.0,3.44,375800000.0,148200000.0,304700000.0,305400000.0,-700000.0,304700000.0,16818900000.0,20210100000.0,243500000.0,-32400000.0,,2447200000.0,16818900000.0,3391200000.0,201700000.0,400000.0,2979800000.0,411400000.0,42200000.0,453600000.0,20210100000.0,,87900000.0,88100000.0
AutoNation Inc,AN,,350698,2020.0,Q2,2020-04-01,2020-06-30,2020-07-23 16:26:40+00:00,,3.18,49100000.0,3.18,0.0,96600000.0,279800000.0,279900000.0,-100000.0,279800000.0,3738000000.0,4533000000.0,214500000.0,-3400000.0,,547900000.0,3738000000.0,795000000.0,39500000.0,100000.0,593600000.0,201400000.0,175100000.0,376500000.0,4533000000.0,,87900000.0,88100000.0
AutoNation Inc,AN,,350698,2020.0,Q1TTM,2019-04-01,2020-03-31,,1.39,1.39,184500000.0,1.38,385400000.0,88800000.0,125700000.0,126500000.0,-800000.0,125700000.0,17533900000.0,21020900000.0,28700000.0,-32700000.0,,2536300000.0,17533900000.0,3487000000.0,227300000.0,400000.0,3073500000.0,413500000.0,-198200000.0,215300000.0,21020900000.0,90000000.0,90000000.0,90000000.0
AutoNation Inc,AN,,350698,2020.0,Q1,2020-01-01,2020-03-31,2020-05-11 14:27:41+00:00,-2.58,-2.58,48100000.0,-2.58,375800000.0,-39000000.0,-232300000.0,-232200000.0,-100000.0,-232300000.0,3853800000.0,4667000000.0,-3000000.0,7900000.0,,600700000.0,3853800000.0,813200000.0,49000000.0,100000.0,1032500000.0,-219300000.0,-51900000.0,-271200000.0,4667000000.0,90000000.0,90000000.0,90000000.0
