company_name,company_ticker,company_lei,company_cik,year,quarter,start_date,end_date,filing_date,amortizationexpense,basicdilutedeps,basiceps,cashdividendspershare,depreciationexpense,dilutedeps,incometaxexpense,netincome,netincomecontinuing,netincomediscontinued,netincometocommon,netincometononcontrollinginterest,operatingcostofrevenue,operatingrevenue,otheroperatingexpenses,otherrevenue,otherspecialcharges,restructuringcharge,sgaexpense,totalcostofrevenue,totalgrossprofit,totalinterestexpense,totaloperatingexpenses,totaloperatingincome,totalotherincome,totalpretaxincome,totalrevenue,weightedavebasicdilutedsharesos,weightedavebasicsharesos,weightedavedilutedsharesos
Alliance Data Systems Corp,ADS,549300G8S4PO686J7H97,1101215,2008.0,FY,2008-01-01,2008-12-31,2011-02-28 08:49:56+00:00,67291000.0,2.88,2.88,,68505000.0,2.8,147599000.0,206402000.0,232552000.0,-26150000.0,206402000.0,,1341958000.0,1471250000.0,0.0,554004000.0,1052000.0,3053000.0,82804000.0,1341958000.0,683296000.0,80440000.0,222705000.0,460591000.0,-80440000.0,380151000.0,2025254000.0,71700000.0,71502000.0,73640000.0
Alliance Data Systems Corp,ADS,549300G8S4PO686J7H97,1101215,2009.0,FY,2009-01-01,2009-12-31,2012-02-27 14:15:21+00:00,63090000.0,2.58,2.58,,62196000.0,2.49,86227000.0,143734000.0,176719000.0,-32985000.0,143734000.0,,1354138000.0,1447124000.0,,517217000.0,-21227000.0,-1436000.0,99823000.0,1354138000.0,610203000.0,144811000.0,202446000.0,407757000.0,-144811000.0,262946000.0,1964341000.0,55700000.0,55765000.0,57706000.0
Alliance Data Systems Corp,ADS,549300G8S4PO686J7H97,1101215,2009.0,Q3,2009-07-01,2009-09-30,2010-11-09 08:48:47+00:00,15770000.0,0.87,0.87,,15364000.0,0.83,9666000.0,45796000.0,45317000.0,479000.0,45796000.0,,326578000.0,356869000.0,,124562000.0,,30000.0,30143000.0,326578000.0,154853000.0,38563000.0,61307000.0,93546000.0,-38563000.0,54983000.0,481431000.0,52600000.0,52841000.0,55136000.0
Alliance Data Systems Corp,ADS,549300G8S4PO686J7H97,1101215,2009.0,Q2,2009-04-01,2009-06-30,2010-08-09 08:36:44+00:00,15815000.0,0.52,0.52,,15300000.0,0.51,18085000.0,29436000.0,28387000.0,1049000.0,29436000.0,,326567000.0,339561000.0,,117978000.0,,64000.0,19214000.0,326567000.0,130972000.0,34107000.0,50393000.0,80579000.0,-34107000.0,46472000.0,457539000.0,56600000.0,56918000.0,57808000.0
Alliance Data Systems Corp,ADS,549300G8S4PO686J7H97,1101215,2010.0,Q3,2010-07-01,2010-09-30,2011-11-07 08:34:31+00:00,20711000.0,1.01,1.01,,17196000.0,0.96,32831000.0,53059000.0,53059000.0,,53059000.0,,385201000.0,683334000.0,89559000.0,19109000.0,,,19767000.0,385201000.0,317242000.0,84119000.0,147233000.0,170009000.0,-84119000.0,85890000.0,702443000.0,52500000.0,52584000.0,55218000.0
Alliance Data Systems Corp,ADS,549300G8S4PO686J7H97,1101215,2010.0,Q3YTD,2010-01-01,2010-09-30,,56398000.0,2.79,2.79,,50101000.0,2.63,90881000.0,147033000.0,147033000.0,,147033000.0,,1104912000.0,1981451000.0,272260000.0,54247000.0,,,63440000.0,1104912000.0,930786000.0,250673000.0,442199000.0,488587000.0,-250673000.0,237914000.0,2035698000.0,52500000.0,52584000.0,55218000.0
Alliance Data Systems Corp,ADS,549300G8S4PO686J7H97,1101215,2010.0,Q2,2010-04-01,2010-06-30,2011-08-08 08:29:22+00:00,17841000.0,0.89,0.89,,16580000.0,0.83,29212000.0,47320000.0,47320000.0,,47320000.0,,358708000.0,651291000.0,94700000.0,18427000.0,,,21509000.0,358708000.0,311010000.0,83848000.0,150630000.0,160380000.0,-83848000.0,76532000.0,669718000.0,53200000.0,53188000.0,56821000.0
Alliance Data Systems Corp,ADS,549300G8S4PO686J7H97,1101215,2010.0,Q2YTD,2010-01-01,2010-06-30,,35687000.0,1.78,1.78,,32905000.0,1.67,58050000.0,93974000.0,93974000.0,,93974000.0,,719711000.0,1298117000.0,182701000.0,35138000.0,,,43673000.0,719711000.0,613544000.0,166554000.0,294966000.0,318578000.0,-166554000.0,152024000.0,1333255000.0,53200000.0,53188000.0,56821000.0
Alliance Data Systems Corp,ADS,549300G8S4PO686J7H97,1101215,2010.0,Q1,2010-01-01,2010-03-31,2011-05-09 09:51:46+00:00,17846000.0,0.89,0.89,,16325000.0,0.84,28838000.0,46654000.0,46654000.0,,46654000.0,,361003000.0,646826000.0,88001000.0,16711000.0,,,22164000.0,361003000.0,302534000.0,82706000.0,144336000.0,158198000.0,-82706000.0,75492000.0,663537000.0,52400000.0,52441000.0,55419000.0
Alliance Data Systems Corp,ADS,549300G8S4PO686J7H97,1101215,2011.0,FY,2011-01-01,2011-12-31,2014-02-28 08:32:06+00:00,82726000.0,6.22,6.22,,70427000.0,5.45,198809000.0,315286000.0,315286000.0,,315286000.0,,1811882000.0,3071592000.0,300316000.0,101695000.0,,,95256000.0,1811882000.0,1361405000.0,298585000.0,548725000.0,812680000.0,-298585000.0,514095000.0,3173287000.0,50700000.0,50687000.0,57804000.0
Alliance Data Systems Corp,ADS,549300G8S4PO686J7H97,1101215,2011.0,Q4,2011-10-01,2011-12-31,,21983000.0,1.32,1.32,,16519000.0,1.1,41420000.0,65906000.0,65906000.0,,65906000.0,,499114000.0,820323000.0,101577000.0,27226000.0,,,27054000.0,499114000.0,348435000.0,73976000.0,167133000.0,181302000.0,-73976000.0,107326000.0,847549000.0,50700000.0,50687000.0,57804000.0
Alliance Data Systems Corp,ADS,549300G8S4PO686J7H97,1101215,2011.0,Q3YTD,2011-01-01,2011-09-30,,60743000.0,4.9,4.9,,53908000.0,4.35,157389000.0,249380000.0,249380000.0,,249380000.0,,1312768000.0,2251269000.0,198739000.0,74469000.0,,,68202000.0,1312768000.0,1012970000.0,224609000.0,381592000.0,631378000.0,-224609000.0,406769000.0,2325738000.0,50500000.0,50644000.0,58579000.0
Alliance Data Systems Corp,ADS,549300G8S4PO686J7H97,1101215,2011.0,Q3,2011-07-01,2011-09-30,2012-11-05 08:16:21+00:00,22929000.0,1.86,1.86,,20304000.0,1.6,59342000.0,93981000.0,93981000.0,,93981000.0,,476993000.0,812139000.0,70697000.0,32705000.0,,,26242000.0,476993000.0,367851000.0,74356000.0,140172000.0,227679000.0,-74356000.0,153323000.0,844844000.0,50500000.0,50644000.0,58579000.0
Alliance Data Systems Corp,ADS,549300G8S4PO686J7H97,1101215,2011.0,Q2YTD,2011-01-01,2011-06-30,,37814000.0,3.04,3.04,,33604000.0,2.75,98047000.0,155399000.0,155399000.0,,155399000.0,,835775000.0,1439130000.0,128042000.0,41764000.0,,,41960000.0,835775000.0,645119000.0,150253000.0,241420000.0,403699000.0,-150253000.0,253446000.0,1480894000.0,51100000.0,51070000.0,58145000.0
Alliance Data Systems Corp,ADS,549300G8S4PO686J7H97,1101215,2011.0,Q2,2011-04-01,2011-06-30,2012-08-06 08:31:13+00:00,19170000.0,1.35,1.35,,16850000.0,1.19,43974000.0,69023000.0,69023000.0,,69023000.0,,431250000.0,717747000.0,60376000.0,22711000.0,,,21021000.0,431250000.0,309208000.0,78794000.0,117417000.0,191791000.0,-78794000.0,112997000.0,740458000.0,51100000.0,51070000.0,58145000.0
Alliance Data Systems Corp,ADS,549300G8S4PO686J7H97,1101215,2011.0,Q1,2011-01-01,2011-03-31,2012-05-04 08:31:11+00:00,18644000.0,1.69,1.69,,16754000.0,1.56,54073000.0,86376000.0,86376000.0,,86376000.0,,404525000.0,721383000.0,67666000.0,19053000.0,,,20939000.0,404525000.0,335911000.0,71459000.0,124003000.0,211908000.0,-71459000.0,140449000.0,740436000.0,51100000.0,51122000.0,55412000.0
Alliance Data Systems Corp,ADS,549300G8S4PO686J7H97,1101215,2012.0,Q4,2012-10-01,2012-12-31,,28065000.0,1.68,1.68,,18957000.0,1.25,54694000.0,83661000.0,83661000.0,,83661000.0,,573797000.0,936968000.0,102350000.0,34876000.0,,,31944000.0,573797000.0,398047000.0,78376000.0,181316000.0,216731000.0,-78376000.0,138355000.0,971844000.0,50000000.0,50008000.0,64143000.0
Alliance Data Systems Corp,ADS,549300G8S4PO686J7H97,1101215,2012.0,FY,2012-01-01,2012-12-31,2015-02-27 08:31:42+00:00,93074000.0,8.44,8.44,,73802000.0,6.58,260648000.0,422256000.0,422256000.0,,422256000.0,,2106612000.0,3511275000.0,285479000.0,130115000.0,,,108059000.0,2106612000.0,1534778000.0,291460000.0,560414000.0,974364000.0,-291460000.0,682904000.0,3641390000.0,50000000.0,50008000.0,64143000.0
Alliance Data Systems Corp,ADS,549300G8S4PO686J7H97,1101215,2012.0,Q3YTD,2012-01-01,2012-09-30,,65009000.0,6.76,6.76,,54845000.0,5.33,205954000.0,338595000.0,338595000.0,,338595000.0,,1532815000.0,2574307000.0,183129000.0,95239000.0,,,76115000.0,1532815000.0,1136731000.0,213084000.0,379098000.0,757633000.0,-213084000.0,544549000.0,2669546000.0,50000000.0,49939000.0,65038000.0
Alliance Data Systems Corp,ADS,549300G8S4PO686J7H97,1101215,2012.0,Q3TTM,2011-10-01,2012-09-30,,86992000.0,8.08,8.08,,71364000.0,6.43,247374000.0,404501000.0,404501000.0,,404501000.0,,2031929000.0,3394630000.0,284706000.0,122465000.0,,,103169000.0,2031929000.0,1485166000.0,287060000.0,546231000.0,938935000.0,-287060000.0,651875000.0,3517095000.0,50000000.0,49939000.0,65038000.0
Alliance Data Systems Corp,ADS,549300G8S4PO686J7H97,1101215,2012.0,Q3,2012-07-01,2012-09-30,2013-11-05 08:26:47+00:00,22987000.0,2.39,2.39,,18745000.0,1.84,70561000.0,119545000.0,119545000.0,,119545000.0,,499455000.0,879175000.0,81250000.0,32317000.0,,,24584000.0,499455000.0,412037000.0,74365000.0,147566000.0,264471000.0,-74365000.0,190106000.0,911492000.0,50000000.0,49939000.0,65038000.0
Alliance Data Systems Corp,ADS,549300G8S4PO686J7H97,1101215,2012.0,Q2YTD,2012-01-01,2012-06-30,,42022000.0,4.37,4.37,,36100000.0,3.49,135393000.0,219050000.0,219050000.0,,219050000.0,,1033360000.0,1695132000.0,101879000.0,62922000.0,,,51531000.0,1033360000.0,724694000.0,138719000.0,231532000.0,493162000.0,-138719000.0,354443000.0,1758054000.0,50200000.0,50161000.0,63731000.0
Alliance Data Systems Corp,ADS,549300G8S4PO686J7H97,1101215,2012.0,Q2TTM,2011-07-01,2012-06-30,,86934000.0,7.55,7.55,,72923000.0,6.19,236155000.0,378937000.0,378937000.0,,378937000.0,,2009467000.0,3327594000.0,274153000.0,122853000.0,,,104827000.0,2009467000.0,1440980000.0,287051000.0,538837000.0,902143000.0,-287051000.0,615092000.0,3450447000.0,50200000.0,50161000.0,63731000.0
Alliance Data Systems Corp,ADS,549300G8S4PO686J7H97,1101215,2012.0,Q2,2012-04-01,2012-06-30,2013-08-05 08:31:53+00:00,20907000.0,2.07,2.07,,18496000.0,1.63,63655000.0,103821000.0,103821000.0,,103821000.0,,506455000.0,834011000.0,52552000.0,32474000.0,,,27532000.0,506455000.0,360030000.0,73067000.0,119487000.0,240543000.0,-73067000.0,167476000.0,866485000.0,50200000.0,50161000.0,63731000.0
Alliance Data Systems Corp,ADS,549300G8S4PO686J7H97,1101215,2012.0,Q1TTM,2011-04-01,2012-03-31,,85197000.0,6.83,6.83,,71277000.0,5.75,216474000.0,344139000.0,344139000.0,,344139000.0,,1934262000.0,3211330000.0,281977000.0,113090000.0,,,98316000.0,1934262000.0,1390158000.0,292778000.0,536767000.0,853391000.0,-292778000.0,560613000.0,3324420000.0,50100000.0,50147000.0,61849000.0
Alliance Data Systems Corp,ADS,549300G8S4PO686J7H97,1101215,2012.0,Q1,2012-01-01,2012-03-31,2013-05-06 08:32:15+00:00,21115000.0,2.3,2.3,,17604000.0,1.86,71738000.0,115229000.0,115229000.0,,115229000.0,,526905000.0,861121000.0,49327000.0,30448000.0,,,23999000.0,526905000.0,364664000.0,65652000.0,112045000.0,252619000.0,-65652000.0,186967000.0,891569000.0,50100000.0,50147000.0,61849000.0
Alliance Data Systems Corp,ADS,549300G8S4PO686J7H97,1101215,2013.0,FY,2013-01-01,2013-12-31,2016-02-25 08:32:30+00:00,131828000.0,10.09,10.09,,84291000.0,7.42,297242000.0,496170000.0,496170000.0,,496170000.0,,2549159000.0,4162224000.0,345758000.0,156839000.0,,,109115000.0,2549159000.0,1769904000.0,305500000.0,670992000.0,1098912000.0,-305500000.0,793412000.0,4319063000.0,49200000.0,49190000.0,66866000.0
Alliance Data Systems Corp,ADS,549300G8S4PO686J7H97,1101215,2013.0,Q4,2013-10-01,2013-12-31,,32331000.0,2.4,2.4,,22890000.0,1.78,66391000.0,117873000.0,117873000.0,,117873000.0,,681066000.0,1097908000.0,130338000.0,43179000.0,,,24723000.0,681066000.0,460021000.0,65475000.0,210282000.0,249739000.0,-65475000.0,184264000.0,1141087000.0,49200000.0,49190000.0,66866000.0
Alliance Data Systems Corp,ADS,549300G8S4PO686J7H97,1101215,2013.0,Q3YTD,2013-01-01,2013-09-30,,99497000.0,7.69,7.69,,61401000.0,5.64,230851000.0,378297000.0,378297000.0,,378297000.0,,1868093000.0,3064316000.0,215420000.0,113660000.0,,,84392000.0,1868093000.0,1309883000.0,240025000.0,460710000.0,849173000.0,-240025000.0,609148000.0,3177976000.0,48700000.0,48710000.0,66019000.0
Alliance Data Systems Corp,ADS,549300G8S4PO686J7H97,1101215,2013.0,Q3TTM,2012-10-01,2013-09-30,,127562000.0,9.37,9.37,,80358000.0,6.89,285545000.0,461958000.0,461958000.0,,461958000.0,,2441890000.0,4001284000.0,317770000.0,148536000.0,,,116336000.0,2441890000.0,1707930000.0,318401000.0,642026000.0,1065904000.0,-318401000.0,747503000.0,4149820000.0,48700000.0,48710000.0,66019000.0
Alliance Data Systems Corp,ADS,549300G8S4PO686J7H97,1101215,2013.0,Q3,2013-07-01,2013-09-30,2014-11-05 08:31:53+00:00,33077000.0,2.73,2.73,,21395000.0,2.01,81875000.0,132878000.0,132878000.0,,132878000.0,,628386000.0,1058797000.0,90976000.0,37650000.0,,,33845000.0,628386000.0,468061000.0,74015000.0,179293000.0,288768000.0,-74015000.0,214753000.0,1096447000.0,48700000.0,48710000.0,66019000.0
Alliance Data Systems Corp,ADS,549300G8S4PO686J7H97,1101215,2013.0,Q2YTD,2013-01-01,2013-06-30,,66420000.0,4.96,4.96,,40006000.0,3.63,148976000.0,245419000.0,245419000.0,,245419000.0,,1239707000.0,2005519000.0,124444000.0,76010000.0,,,50547000.0,1239707000.0,841822000.0,166010000.0,281417000.0,560405000.0,-166010000.0,394395000.0,2081529000.0,49100000.0,49123000.0,68167000.0
Alliance Data Systems Corp,ADS,549300G8S4PO686J7H97,1101215,2013.0,Q2TTM,2012-07-01,2013-06-30,,117472000.0,9.03,9.03,,77708000.0,6.72,274231000.0,448625000.0,448625000.0,,448625000.0,,2312959000.0,3821662000.0,308044000.0,143203000.0,,,107075000.0,2312959000.0,1651906000.0,318751000.0,610299000.0,1041607000.0,-318751000.0,722856000.0,3964865000.0,49100000.0,49123000.0,68167000.0
Alliance Data Systems Corp,ADS,549300G8S4PO686J7H97,1101215,2013.0,Q2,2013-04-01,2013-06-30,2014-08-05 08:31:41+00:00,33130000.0,2.37,2.37,,20446000.0,1.71,69274000.0,116440000.0,116440000.0,,116440000.0,,619285000.0,990149000.0,57796000.0,37943000.0,,,28255000.0,619285000.0,408807000.0,83466000.0,139627000.0,269180000.0,-83466000.0,185714000.0,1028092000.0,49100000.0,49123000.0,68167000.0
Alliance Data Systems Corp,ADS,549300G8S4PO686J7H97,1101215,2013.0,Q1TTM,2012-04-01,2013-03-31,,105249000.0,8.73,8.73,,75758000.0,6.64,268612000.0,436006000.0,436006000.0,,436006000.0,,2200129000.0,3665524000.0,302800000.0,137734000.0,,,106352000.0,2200129000.0,1603129000.0,308352000.0,590159000.0,1012970000.0,-308352000.0,704618000.0,3803258000.0,49800000.0,49762000.0,67328000.0
Alliance Data Systems Corp,ADS,549300G8S4PO686J7H97,1101215,2013.0,Q1,2013-01-01,2013-03-31,2014-05-05 08:32:02+00:00,33290000.0,2.59,2.59,,19560000.0,1.92,79702000.0,128979000.0,128979000.0,,128979000.0,,620422000.0,1015370000.0,66648000.0,38067000.0,,,22292000.0,620422000.0,433015000.0,82544000.0,141790000.0,291225000.0,-82544000.0,208681000.0,1053437000.0,49800000.0,49762000.0,67328000.0
Alliance Data Systems Corp,ADS,549300G8S4PO686J7H97,1101215,2014.0,FY,2014-01-01,2014-12-31,2017-02-27 08:32:29+00:00,203400000.0,8.72,8.72,,109700000.0,7.87,321800000.0,516100000.0,516100000.0,,506300000.0,9800000.0,3218800000.0,5133000000.0,425200000.0,169900000.0,105900000.0,,141500000.0,3218800000.0,2084100000.0,260500000.0,985700000.0,1098400000.0,-260500000.0,837900000.0,5302900000.0,58100000.0,56400000.0,62400000.0
Alliance Data Systems Corp,ADS,549300G8S4PO686J7H97,1101215,2014.0,Q4,2014-10-01,2014-12-31,,58256000.0,0.75,0.75,,30145000.0,0.86,67854000.0,76216000.0,76216000.0,,67219000.0,8997000.0,895590000.0,1442800000.0,143389000.0,42909000.0,105900000.0,,40002000.0,895590000.0,590119000.0,68357000.0,377692000.0,212427000.0,-68357000.0,144070000.0,1485709000.0,58100000.0,56400000.0,62400000.0
Alliance Data Systems Corp,ADS,549300G8S4PO686J7H97,1101215,2014.0,Q3,2014-07-01,2014-09-30,2015-11-05 08:32:24+00:00,48261000.0,2.84,2.84,,28070000.0,2.74,95229000.0,164948000.0,164948000.0,,164242000.0,706000.0,767415000.0,1271043000.0,114577000.0,48090000.0,,,39169000.0,767415000.0,551718000.0,61464000.0,230077000.0,321641000.0,-61464000.0,260177000.0,1319133000.0,57800000.0,57742000.0,59908000.0
Alliance Data Systems Corp,ADS,549300G8S4PO686J7H97,1101215,2014.0,Q3YTD,2014-01-01,2014-09-30,,145144000.0,7.97,7.97,,79555000.0,7.01,253946000.0,439884000.0,439884000.0,,439081000.0,803000.0,2323210000.0,3690200000.0,281811000.0,126991000.0,,,101498000.0,2323210000.0,1493981000.0,192143000.0,608008000.0,885973000.0,-192143000.0,693830000.0,3817191000.0,57800000.0,57742000.0,59908000.0
Alliance Data Systems Corp,ADS,549300G8S4PO686J7H97,1101215,2014.0,Q3TTM,2013-10-01,2014-09-30,,177475000.0,10.37,10.37,,102445000.0,8.79,320337000.0,557757000.0,557757000.0,,556954000.0,803000.0,3004276000.0,4788108000.0,412149000.0,170170000.0,,,126221000.0,3004276000.0,1954002000.0,257618000.0,818290000.0,1135712000.0,-257618000.0,878094000.0,4958278000.0,57800000.0,57742000.0,59908000.0
Alliance Data Systems Corp,ADS,549300G8S4PO686J7H97,1101215,2014.0,Q2YTD,2014-01-01,2014-06-30,,96883000.0,5.13,5.13,,51485000.0,4.27,158717000.0,274936000.0,274936000.0,,274839000.0,97000.0,1555795000.0,2419157000.0,167234000.0,78901000.0,,,62329000.0,1555795000.0,942263000.0,130679000.0,377931000.0,564332000.0,-130679000.0,433653000.0,2498058000.0,54100000.0,54154000.0,62637000.0
Alliance Data Systems Corp,ADS,549300G8S4PO686J7H97,1101215,2014.0,Q2TTM,2013-07-01,2014-06-30,,162291000.0,10.26,10.26,,95770000.0,8.06,306983000.0,525687000.0,525687000.0,,525590000.0,97000.0,2865247000.0,4575862000.0,388548000.0,159730000.0,,,120897000.0,2865247000.0,1870345000.0,270169000.0,767506000.0,1102839000.0,-270169000.0,832670000.0,4735592000.0,54100000.0,54154000.0,62637000.0
Alliance Data Systems Corp,ADS,549300G8S4PO686J7H97,1101215,2014.0,Q2,2014-04-01,2014-06-30,2015-08-06 06:04:47+00:00,48322000.0,2.54,2.54,,25973000.0,2.19,80419000.0,139189000.0,139189000.0,,137444000.0,1745000.0,783369000.0,1226757000.0,96652000.0,38401000.0,,,28302000.0,783369000.0,481789000.0,62932000.0,199249000.0,282540000.0,-62932000.0,219608000.0,1265158000.0,54100000.0,54154000.0,62637000.0
Alliance Data Systems Corp,ADS,549300G8S4PO686J7H97,1101215,2014.0,Q1TTM,2013-04-01,2014-03-31,,147099000.0,10.09,10.09,,90243000.0,7.58,295838000.0,502938000.0,502938000.0,,504586000.0,-1648000.0,2701163000.0,4339254000.0,349692000.0,159272000.0,,,120850000.0,2701163000.0,1797363000.0,290703000.0,707884000.0,1089479000.0,-290703000.0,798776000.0,4498526000.0,53000000.0,53033000.0,66065000.0
Alliance Data Systems Corp,ADS,549300G8S4PO686J7H97,1101215,2014.0,Q1,2014-01-01,2014-03-31,2015-05-07 08:31:22+00:00,48561000.0,2.59,2.59,,25512000.0,2.08,78298000.0,135747000.0,135747000.0,,137395000.0,-1648000.0,772426000.0,1192400000.0,70582000.0,40500000.0,,,34027000.0,772426000.0,460474000.0,67747000.0,178682000.0,281792000.0,-67747000.0,214045000.0,1232900000.0,53000000.0,53033000.0,66065000.0
Alliance Data Systems Corp,ADS,549300G8S4PO686J7H97,1101215,2015.0,FY,2015-01-01,2015-12-31,2018-02-27 08:43:37+00:00,350100000.0,8.91,8.91,,142100000.0,8.85,326200000.0,605400000.0,605400000.0,,596500000.0,8900000.0,3814400000.0,6439700000.0,732800000.0,,,,138500000.0,3814400000.0,2625300000.0,330200000.0,1363500000.0,1261800000.0,-330200000.0,931600000.0,6439700000.0,66900000.0,61900000.0,62300000.0
Alliance Data Systems Corp,ADS,549300G8S4PO686J7H97,1101215,2015.0,Q4,2015-10-01,2015-12-31,,88000000.0,2.36,2.36,,37100000.0,2.34,94500000.0,180200000.0,180200000.0,,174200000.0,6000000.0,1026800000.0,1892400000.0,206300000.0,-143600000.0,,,26500000.0,1026800000.0,722000000.0,89400000.0,357900000.0,364100000.0,-89400000.0,274700000.0,1748800000.0,66900000.0,61900000.0,62300000.0
Alliance Data Systems Corp,ADS,549300G8S4PO686J7H97,1101215,2015.0,Q3,2015-07-01,2015-09-30,2016-11-07 09:17:57+00:00,86900000.0,2.09,2.09,,36500000.0,2.08,75000000.0,130400000.0,130400000.0,,128400000.0,2000000.0,901000000.0,1540900000.0,236300000.0,48200000.0,,,40900000.0,901000000.0,688100000.0,82100000.0,400600000.0,287500000.0,-82100000.0,205400000.0,1589100000.0,61400000.0,61400000.0,61800000.0
Alliance Data Systems Corp,ADS,549300G8S4PO686J7H97,1101215,2015.0,Q3YTD,2015-01-01,2015-09-30,,262100000.0,6.55,6.55,,105000000.0,6.51,231700000.0,425200000.0,425200000.0,,422300000.0,2900000.0,2787600000.0,4547300000.0,526500000.0,143600000.0,,,112000000.0,2787600000.0,1903300000.0,240800000.0,1005600000.0,897700000.0,-240800000.0,656900000.0,4690900000.0,61400000.0,61400000.0,61800000.0
Alliance Data Systems Corp,ADS,549300G8S4PO686J7H97,1101215,2015.0,Q3TTM,2014-10-01,2015-09-30,,320356000.0,7.3,7.3,,135145000.0,7.37,299554000.0,501416000.0,501416000.0,,489519000.0,11897000.0,3683190000.0,5990100000.0,669889000.0,186509000.0,105900000.0,,152002000.0,3683190000.0,2493419000.0,309157000.0,1383292000.0,1110127000.0,-309157000.0,800970000.0,6176609000.0,61400000.0,61400000.0,61800000.0
Alliance Data Systems Corp,ADS,549300G8S4PO686J7H97,1101215,2015.0,Q2,2015-04-01,2015-06-30,2016-08-08 08:32:24+00:00,87200000.0,2.12,2.12,,34900000.0,2.11,75000000.0,130000000.0,130000000.0,,131300000.0,-1300000.0,896600000.0,1454300000.0,155300000.0,46300000.0,,,40900000.0,896600000.0,604000000.0,80700000.0,318300000.0,285700000.0,-80700000.0,205000000.0,1500600000.0,61900000.0,61900000.0,62300000.0
Alliance Data Systems Corp,ADS,549300G8S4PO686J7H97,1101215,2015.0,Q2YTD,2015-01-01,2015-06-30,,175200000.0,4.46,4.46,,68500000.0,4.43,156700000.0,294800000.0,294800000.0,,293900000.0,900000.0,1886600000.0,3006400000.0,290200000.0,95400000.0,,,71100000.0,1886600000.0,1215200000.0,158700000.0,605000000.0,610200000.0,-158700000.0,451500000.0,3101800000.0,61900000.0,61900000.0,62300000.0
Alliance Data Systems Corp,ADS,549300G8S4PO686J7H97,1101215,2015.0,Q2TTM,2014-07-01,2015-06-30,,281717000.0,8.05,8.05,,126715000.0,8.03,319783000.0,535964000.0,535964000.0,,525361000.0,10603000.0,3549605000.0,5720243000.0,548166000.0,186399000.0,105900000.0,,150271000.0,3549605000.0,2357037000.0,288521000.0,1212769000.0,1144268000.0,-288521000.0,855747000.0,5906642000.0,61900000.0,61900000.0,62300000.0
Alliance Data Systems Corp,ADS,549300G8S4PO686J7H97,1101215,2015.0,Q1,2015-01-01,2015-03-31,2016-05-05 08:32:04+00:00,88000000.0,2.34,2.34,,33600000.0,2.32,81700000.0,164800000.0,164800000.0,,162600000.0,2200000.0,990000000.0,1552100000.0,134900000.0,49100000.0,,,30200000.0,990000000.0,611200000.0,78000000.0,286700000.0,324500000.0,-78000000.0,246500000.0,1601200000.0,69500000.0,63100000.0,63600000.0
Alliance Data Systems Corp,ADS,549300G8S4PO686J7H97,1101215,2015.0,Q1TTM,2014-04-01,2015-03-31,,242839000.0,8.47,8.47,,117788000.0,8.11,325202000.0,545153000.0,545153000.0,,531505000.0,13648000.0,3436374000.0,5492700000.0,489518000.0,178500000.0,105900000.0,,137673000.0,3436374000.0,2234826000.0,270753000.0,1093718000.0,1141108000.0,-270753000.0,870355000.0,5671200000.0,69500000.0,63100000.0,63600000.0
Alliance Data Systems Corp,ADS,549300G8S4PO686J7H97,1101215,2016.0,FY,2016-01-01,2016-12-31,2019-02-26 08:27:12+00:00,345000000.0,7.37,7.37,0.52,167100000.0,7.34,319400000.0,517600000.0,517600000.0,,515800000.0,1800000.0,4276800000.0,7138100000.0,940500000.0,,,,143200000.0,4276800000.0,2861300000.0,428500000.0,1595800000.0,1265500000.0,-428500000.0,837000000.0,7138100000.0,70000000.0,58600000.0,58900000.0
Alliance Data Systems Corp,ADS,549300G8S4PO686J7H97,1101215,2016.0,Q4,2016-10-01,2016-12-31,,83800000.0,0.21,0.21,0.52,43600000.0,0.2,51400000.0,10500000.0,10500000.0,,10500000.0,,1199400000.0,1827600000.0,289500000.0,,,,31700000.0,1199400000.0,628200000.0,117700000.0,448600000.0,179600000.0,-117700000.0,61900000.0,1827600000.0,70000000.0,58600000.0,58900000.0
Alliance Data Systems Corp,ADS,549300G8S4PO686J7H97,1101215,2016.0,Q3,2016-07-01,2016-09-30,2017-11-08 08:27:07+00:00,84100000.0,3.56,3.56,,42600000.0,3.55,105200000.0,207500000.0,207500000.0,,207500000.0,,1045600000.0,1885600000.0,251300000.0,,,,41000000.0,1045600000.0,840000000.0,108300000.0,419000000.0,421000000.0,-108300000.0,312700000.0,1885600000.0,58300000.0,58300000.0,58400000.0
Alliance Data Systems Corp,ADS,549300G8S4PO686J7H97,1101215,2016.0,Q3YTD,2016-01-01,2016-09-30,,261200000.0,7.16,7.16,,123500000.0,7.14,268000000.0,507100000.0,507100000.0,,505300000.0,1800000.0,3077400000.0,5310500000.0,651000000.0,,,,111500000.0,3077400000.0,2233100000.0,310800000.0,1147200000.0,1085900000.0,-310800000.0,775100000.0,5310500000.0,58300000.0,58300000.0,58400000.0
Alliance Data Systems Corp,ADS,549300G8S4PO686J7H97,1101215,2016.0,Q3TTM,2015-10-01,2016-09-30,,349200000.0,9.52,9.52,,160600000.0,9.48,362500000.0,687300000.0,687300000.0,,679500000.0,7800000.0,4104200000.0,7202900000.0,857300000.0,-143600000.0,,,138000000.0,4104200000.0,2955100000.0,400200000.0,1505100000.0,1450000000.0,-400200000.0,1049800000.0,7059300000.0,58300000.0,58300000.0,58400000.0
Alliance Data Systems Corp,ADS,549300G8S4PO686J7H97,1101215,2016.0,Q2,2016-04-01,2016-06-30,2017-08-07 08:33:39+00:00,88500000.0,1.24,1.24,,41100000.0,1.24,76200000.0,140700000.0,140700000.0,,140700000.0,,1027900000.0,1748800000.0,227800000.0,,,,42900000.0,1027900000.0,720900000.0,103700000.0,400300000.0,320600000.0,-103700000.0,216900000.0,1748800000.0,113500000.0,58800000.0,59000000.0
Alliance Data Systems Corp,ADS,549300G8S4PO686J7H97,1101215,2016.0,Q2YTD,2016-01-01,2016-06-30,,177100000.0,3.6,3.6,,80900000.0,3.59,162800000.0,299600000.0,299600000.0,,297800000.0,1800000.0,2031800000.0,3424900000.0,399700000.0,,,,70500000.0,2031800000.0,1393100000.0,202500000.0,728200000.0,664900000.0,-202500000.0,462400000.0,3424900000.0,113500000.0,58800000.0,59000000.0
Alliance Data Systems Corp,ADS,549300G8S4PO686J7H97,1101215,2016.0,Q2TTM,2015-07-01,2016-06-30,,352000000.0,8.05,8.05,,154500000.0,8.01,332300000.0,610200000.0,610200000.0,,600400000.0,9800000.0,3959600000.0,6858200000.0,842300000.0,-95400000.0,,,137900000.0,3959600000.0,2803200000.0,374000000.0,1486700000.0,1316500000.0,-374000000.0,942500000.0,6762800000.0,113500000.0,58800000.0,59000000.0
Alliance Data Systems Corp,ADS,549300G8S4PO686J7H97,1101215,2016.0,Q1,2016-01-01,2016-03-31,2017-05-08 08:31:35+00:00,88600000.0,2.36,2.36,,39800000.0,2.35,86600000.0,158900000.0,158900000.0,,157100000.0,1800000.0,1003900000.0,1676100000.0,171900000.0,,,,27600000.0,1003900000.0,672200000.0,98800000.0,327900000.0,344300000.0,-98800000.0,245500000.0,1676100000.0,66600000.0,59800000.0,60200000.0
Alliance Data Systems Corp,ADS,549300G8S4PO686J7H97,1101215,2016.0,Q1TTM,2015-04-01,2016-03-31,,350700000.0,8.93,8.93,,148300000.0,8.88,331100000.0,599500000.0,599500000.0,,591000000.0,8500000.0,3828300000.0,6563700000.0,769800000.0,-49100000.0,,,135900000.0,3828300000.0,2686300000.0,351000000.0,1404700000.0,1281600000.0,-351000000.0,930600000.0,6514600000.0,66600000.0,59800000.0,60200000.0
Alliance Data Systems Corp,ADS,549300G8S4PO686J7H97,1101215,2017.0,FY,2017-01-01,2017-12-31,2020-02-28 08:25:18+00:00,114200000.0,14.17,14.17,0.52,73700000.0,14.1,293300000.0,788700000.0,769200000.0,19500000.0,788700000.0,,2469500000.0,5474700000.0,1140100000.0,,,,159300000.0,2469500000.0,3005200000.0,455400000.0,1487300000.0,1517900000.0,-455400000.0,1062500000.0,5474700000.0,55700000.0,55700000.0,55900000.0
Alliance Data Systems Corp,ADS,549300G8S4PO686J7H97,1101215,2017.0,Q4,2017-10-01,2017-12-31,,-123800000.0,4.88,4.88,-1.04,-62900000.0,4.85,35900000.0,271400000.0,251900000.0,19500000.0,271400000.0,,-653500000.0,-138500000.0,332200000.0,,,,34300000.0,-653500000.0,515000000.0,47400000.0,179800000.0,335200000.0,-47400000.0,287800000.0,-138500000.0,55700000.0,55700000.0,55900000.0
Alliance Data Systems Corp,ADS,549300G8S4PO686J7H97,1101215,2017.0,Q3,2017-07-01,2017-09-30,2018-11-06 08:18:37+00:00,77600000.0,4.21,4.21,0.52,46700000.0,4.2,100400000.0,233200000.0,233200000.0,,233200000.0,,1066500000.0,1912400000.0,204700000.0,,,,38000000.0,1066500000.0,845900000.0,145300000.0,367000000.0,478900000.0,-145300000.0,333600000.0,1912400000.0,55400000.0,55400000.0,55600000.0
Alliance Data Systems Corp,ADS,549300G8S4PO686J7H97,1101215,2017.0,Q3YTD,2017-01-01,2017-09-30,,238000000.0,9.29,9.29,1.56,136600000.0,9.25,257400000.0,517300000.0,517300000.0,,517300000.0,,3123000000.0,5613200000.0,807900000.0,,,,125000000.0,3123000000.0,2490200000.0,408000000.0,1307500000.0,1182700000.0,-408000000.0,774700000.0,5613200000.0,55400000.0,55400000.0,55600000.0
Alliance Data Systems Corp,ADS,549300G8S4PO686J7H97,1101215,2017.0,Q3TTM,2016-10-01,2017-09-30,,321800000.0,9.5,9.5,2.08,180200000.0,9.45,308800000.0,527800000.0,527800000.0,,527800000.0,,4322400000.0,7440800000.0,1097400000.0,,,,156700000.0,4322400000.0,3118400000.0,525700000.0,1756100000.0,1362300000.0,-525700000.0,836600000.0,7440800000.0,55400000.0,55400000.0,55600000.0
Alliance Data Systems Corp,ADS,549300G8S4PO686J7H97,1101215,2017.0,Q2,2017-04-01,2017-06-30,2018-08-07 08:41:01+00:00,80300000.0,2.48,2.48,0.52,45200000.0,2.47,76200000.0,137700000.0,137700000.0,,137700000.0,,1014400000.0,1821800000.0,288100000.0,,,,42400000.0,1014400000.0,807400000.0,137500000.0,456000000.0,351400000.0,-137500000.0,213900000.0,1821800000.0,55500000.0,55600000.0,55800000.0
Alliance Data Systems Corp,ADS,549300G8S4PO686J7H97,1101215,2017.0,Q2YTD,2017-01-01,2017-06-30,,160400000.0,5.08,5.08,1.04,89900000.0,5.05,157000000.0,284100000.0,284100000.0,,284100000.0,,2056500000.0,3700800000.0,603200000.0,,,,87000000.0,2056500000.0,1644300000.0,262700000.0,940500000.0,703800000.0,-262700000.0,441100000.0,3700800000.0,55500000.0,55600000.0,55800000.0
Alliance Data Systems Corp,ADS,549300G8S4PO686J7H97,1101215,2017.0,Q2TTM,2016-07-01,2017-06-30,,328300000.0,8.85,8.85,1.56,176100000.0,8.8,313600000.0,502100000.0,502100000.0,,502100000.0,,4301500000.0,7414000000.0,1144000000.0,,,,159700000.0,4301500000.0,3112500000.0,488700000.0,1808100000.0,1304400000.0,-488700000.0,815700000.0,7414000000.0,55500000.0,55600000.0,55800000.0
Alliance Data Systems Corp,ADS,549300G8S4PO686J7H97,1101215,2017.0,Q1,2017-01-01,2017-03-31,2018-05-08 08:31:39+00:00,80100000.0,2.6,2.6,0.52,44700000.0,2.58,80800000.0,146400000.0,146400000.0,,146400000.0,,1042100000.0,1879000000.0,315100000.0,,,,44600000.0,1042100000.0,836900000.0,125200000.0,484500000.0,352400000.0,-125200000.0,227200000.0,1879000000.0,56300000.0,56400000.0,56700000.0
Alliance Data Systems Corp,ADS,549300G8S4PO686J7H97,1101215,2017.0,Q1TTM,2016-04-01,2017-03-31,,336500000.0,7.61,7.61,1.04,172000000.0,7.57,313600000.0,505100000.0,505100000.0,,505100000.0,,4315000000.0,7341000000.0,1083700000.0,,,,160200000.0,4315000000.0,3026000000.0,454900000.0,1752400000.0,1273600000.0,-454900000.0,818700000.0,7341000000.0,56300000.0,56400000.0,56700000.0
Alliance Data Systems Corp,ADS,549300G8S4PO686J7H97,1101215,2018.0,FY,2018-01-01,2018-12-31,2020-02-28 08:25:18+00:00,112900000.0,17.56,17.56,0.57,80700000.0,17.49,269500000.0,963100000.0,945500000.0,17600000.0,963100000.0,,2537200000.0,5666600000.0,1016000000.0,,,,162500000.0,2537200000.0,3129400000.0,542300000.0,1372100000.0,1757300000.0,-542300000.0,1215000000.0,5666600000.0,54800000.0,54900000.0,55100000.0
Alliance Data Systems Corp,ADS,549300G8S4PO686J7H97,1101215,2018.0,Q4,2018-10-01,2018-12-31,,26500000.0,5.25,5.25,-1.14,20900000.0,5.22,111900000.0,284900000.0,256500000.0,28400000.0,284900000.0,,697900000.0,1464600000.0,169600000.0,,,,41200000.0,697900000.0,766700000.0,140100000.0,258200000.0,508500000.0,-140100000.0,368400000.0,1464600000.0,54800000.0,54900000.0,55100000.0
Alliance Data Systems Corp,ADS,549300G8S4PO686J7H97,1101215,2018.0,Q3,2018-07-01,2018-09-30,2019-11-06 16:56:22+00:00,28200000.0,5.41,5.41,0.57,20700000.0,5.39,54300000.0,296500000.0,288700000.0,7800000.0,296500000.0,,654000000.0,1423100000.0,196800000.0,,,,43600000.0,654000000.0,769100000.0,136800000.0,289300000.0,479800000.0,-136800000.0,343000000.0,1423100000.0,54800000.0,54800000.0,55000000.0
Alliance Data Systems Corp,ADS,549300G8S4PO686J7H97,1101215,2018.0,Q3YTD,2018-01-01,2018-09-30,,86400000.0,12.31,12.31,1.71,59800000.0,12.27,157600000.0,678200000.0,689000000.0,-10800000.0,678200000.0,,1839300000.0,4202000000.0,846400000.0,,,,121300000.0,1839300000.0,2362700000.0,402200000.0,1113900000.0,1248800000.0,-402200000.0,846600000.0,4202000000.0,54800000.0,54800000.0,55000000.0
Alliance Data Systems Corp,ADS,549300G8S4PO686J7H97,1101215,2018.0,Q3TTM,2017-10-01,2018-09-30,,-37400000.0,17.19,17.19,0.67,-3100000.0,17.12,193500000.0,949600000.0,940900000.0,8700000.0,949600000.0,,1185800000.0,4063500000.0,1178600000.0,,,,155600000.0,1185800000.0,2877700000.0,449600000.0,1293700000.0,1584000000.0,-449600000.0,1134400000.0,4063500000.0,54800000.0,54800000.0,55000000.0
Alliance Data Systems Corp,ADS,549300G8S4PO686J7H97,1101215,2018.0,Q2,2018-04-01,2018-06-30,2019-08-06 08:01:56+00:00,28800000.0,3.94,3.94,0.57,19800000.0,3.93,39300000.0,217800000.0,223800000.0,-6000000.0,217800000.0,,593600000.0,1397200000.0,311900000.0,,,,46400000.0,593600000.0,803600000.0,133600000.0,406900000.0,396700000.0,-133600000.0,263100000.0,1397200000.0,55300000.0,55200000.0,55400000.0
Alliance Data Systems Corp,ADS,549300G8S4PO686J7H97,1101215,2018.0,Q2YTD,2018-01-01,2018-06-30,,58200000.0,6.9,6.9,1.14,39100000.0,6.88,103300000.0,381700000.0,400300000.0,-18600000.0,381700000.0,,1185300000.0,2778900000.0,649600000.0,,,,77700000.0,1185300000.0,1593600000.0,265400000.0,824600000.0,769000000.0,-265400000.0,503600000.0,2778900000.0,55300000.0,55200000.0,55400000.0
Alliance Data Systems Corp,ADS,549300G8S4PO686J7H97,1101215,2018.0,Q2TTM,2017-07-01,2018-06-30,,12000000.0,15.99,15.99,0.62,22900000.0,15.93,239600000.0,886300000.0,885400000.0,900000.0,886300000.0,,1598300000.0,4552800000.0,1186500000.0,,,,150000000.0,1598300000.0,2954500000.0,458100000.0,1371400000.0,1583100000.0,-458100000.0,1125000000.0,4552800000.0,55300000.0,55200000.0,55400000.0
Alliance Data Systems Corp,ADS,549300G8S4PO686J7H97,1101215,2018.0,Q1,2018-01-01,2018-03-31,2019-05-06 16:29:34+00:00,29400000.0,2.96,2.96,0.57,19300000.0,2.95,64000000.0,163900000.0,176500000.0,-12600000.0,163900000.0,,591700000.0,1381700000.0,337700000.0,,,,31300000.0,591700000.0,790000000.0,131800000.0,417700000.0,372300000.0,-131800000.0,240500000.0,1381700000.0,55400000.0,55400000.0,55700000.0
Alliance Data Systems Corp,ADS,549300G8S4PO686J7H97,1101215,2018.0,Q1TTM,2017-04-01,2018-03-31,,63500000.0,14.53,14.53,0.57,48300000.0,14.47,276500000.0,806200000.0,799300000.0,6900000.0,806200000.0,,2019100000.0,4977400000.0,1162700000.0,,,,146000000.0,2019100000.0,2958300000.0,462000000.0,1420500000.0,1537800000.0,-462000000.0,1075800000.0,4977400000.0,55400000.0,55400000.0,55700000.0
Alliance Data Systems Corp,ADS,549300G8S4PO686J7H97,1101215,2019.0,Q4,2019-10-01,2019-12-31,,22900000.0,2.12,2.12,-1.26,20100000.0,2.15,37000000.0,97500000.0,130400000.0,-32900000.0,97500000.0,,705000000.0,1461000000.0,380800000.0,,,,23200000.0,705000000.0,756000000.0,141600000.0,447000000.0,309000000.0,-141600000.0,167400000.0,1461000000.0,51900000.0,50000000.0,50900000.0
Alliance Data Systems Corp,ADS,549300G8S4PO686J7H97,1101215,2019.0,FY,2019-01-01,2019-12-31,2020-02-28 08:25:18+00:00,96200000.0,5.36,5.36,0.63,79900000.0,5.46,165800000.0,278000000.0,572600000.0,-294600000.0,278000000.0,,2687800000.0,5581300000.0,1259400000.0,,,,150600000.0,2687800000.0,2893500000.0,569000000.0,1586100000.0,1307400000.0,-569000000.0,738400000.0,5581300000.0,51900000.0,50000000.0,50900000.0
Alliance Data Systems Corp,ADS,549300G8S4PO686J7H97,1101215,2019.0,Q3YTD,2019-01-01,2019-09-30,,73300000.0,3.24,3.24,1.89,59800000.0,3.31,128800000.0,180500000.0,442200000.0,-261700000.0,180500000.0,,1982800000.0,4120300000.0,878600000.0,,,,127400000.0,1982800000.0,2137500000.0,427400000.0,1139100000.0,998400000.0,-427400000.0,571000000.0,4120300000.0,48500000.0,48800000.0,50400000.0
Alliance Data Systems Corp,ADS,549300G8S4PO686J7H97,1101215,2019.0,Q3TTM,2018-10-01,2019-09-30,,99800000.0,8.49,8.49,0.75,80700000.0,8.53,240700000.0,465400000.0,698700000.0,-233300000.0,465400000.0,,2680700000.0,5584900000.0,1048200000.0,,,,168600000.0,2680700000.0,2904200000.0,567500000.0,1397300000.0,1506900000.0,-567500000.0,939400000.0,5584900000.0,48500000.0,48800000.0,50400000.0
Alliance Data Systems Corp,ADS,549300G8S4PO686J7H97,1101215,2019.0,Q3,2019-07-01,2019-09-30,2019-11-06 16:56:22+00:00,25000000.0,-2.22,-2.22,0.63,19900000.0,-2.13,42600000.0,-107600000.0,121600000.0,-229200000.0,-107600000.0,,687500000.0,1437600000.0,369200000.0,,,,31800000.0,687500000.0,750100000.0,140000000.0,445900000.0,304200000.0,-140000000.0,164200000.0,1437600000.0,48500000.0,48800000.0,50400000.0
Alliance Data Systems Corp,ADS,549300G8S4PO686J7H97,1101215,2019.0,Q2YTD,2019-01-01,2019-06-30,,48300000.0,5.46,5.46,1.26,39900000.0,5.44,86200000.0,288100000.0,320600000.0,-32500000.0,288100000.0,,1295300000.0,2682700000.0,509400000.0,,,,95600000.0,1295300000.0,1387400000.0,287400000.0,693200000.0,694200000.0,-287400000.0,406800000.0,2682700000.0,52500000.0,51300000.0,52600000.0
Alliance Data Systems Corp,ADS,549300G8S4PO686J7H97,1101215,2019.0,Q2TTM,2018-07-01,2019-06-30,,103000000.0,16.12,16.12,0.69,81500000.0,16.05,252400000.0,869500000.0,865800000.0,3700000.0,869500000.0,,2647200000.0,5570400000.0,875800000.0,,,,180400000.0,2647200000.0,2923200000.0,564300000.0,1240700000.0,1682500000.0,-564300000.0,1118200000.0,5570400000.0,52500000.0,51300000.0,52600000.0
Alliance Data Systems Corp,ADS,549300G8S4PO686J7H97,1101215,2019.0,Q2,2019-04-01,2019-06-30,2019-08-06 08:01:56+00:00,22500000.0,2.65,2.65,0.63,19300000.0,2.64,51400000.0,139000000.0,142400000.0,-3400000.0,139000000.0,,654800000.0,1348500000.0,257300000.0,,,,57300000.0,654800000.0,693700000.0,143500000.0,356400000.0,337300000.0,-143500000.0,193800000.0,1348500000.0,52500000.0,51300000.0,52600000.0
Alliance Data Systems Corp,ADS,549300G8S4PO686J7H97,1101215,2019.0,Q1,2019-01-01,2019-03-31,2020-05-06 08:24:10+00:00,25800000.0,2.81,2.81,0.63,20600000.0,2.8,34800000.0,149100000.0,178200000.0,-29100000.0,149100000.0,,640500000.0,1334200000.0,252100000.0,,,,38300000.0,640500000.0,693700000.0,143900000.0,336800000.0,356900000.0,-143900000.0,213000000.0,1334200000.0,53100000.0,53000000.0,53200000.0
Alliance Data Systems Corp,ADS,549300G8S4PO686J7H97,1101215,2019.0,Q1TTM,2018-04-01,2019-03-31,,109300000.0,17.41,17.41,0.63,82000000.0,17.34,240300000.0,948300000.0,947200000.0,1100000.0,948300000.0,,2586000000.0,5619100000.0,930400000.0,,,,169500000.0,2586000000.0,3033100000.0,554400000.0,1291200000.0,1741900000.0,-554400000.0,1187500000.0,5619100000.0,53100000.0,53000000.0,53200000.0
Alliance Data Systems Corp,ADS,549300G8S4PO686J7H97,1101215,2020.0,Q1TTM,2019-04-01,2020-03-31,,91800000.0,3.18,3.18,0.63,76700000.0,3.29,126400000.0,158900000.0,424400000.0,-265500000.0,158900000.0,,2546500000.0,5628900000.0,1663200000.0,,,,136200000.0,2546500000.0,3082400000.0,563700000.0,1967900000.0,1114500000.0,-563700000.0,550800000.0,5628900000.0,47600000.0,47600000.0,47700000.0
Alliance Data Systems Corp,ADS,549300G8S4PO686J7H97,1101215,2020.0,Q1,2020-01-01,2020-03-31,2020-05-06 08:24:10+00:00,21400000.0,0.63,0.63,0.63,17400000.0,0.63,-4600000.0,30000000.0,30000000.0,,30000000.0,,499200000.0,1381800000.0,655900000.0,,,,23900000.0,499200000.0,882600000.0,138600000.0,718600000.0,164000000.0,-138600000.0,25400000.0,1381800000.0,47600000.0,47600000.0,47700000.0
