company_name,company_ticker,company_lei,company_cik,year,quarter,start_date,end_date,filing_date,basicdilutedeps,basiceps,cashdividendspershare,dilutedeps,incometaxexpense,marketingexpense,netincome,netincomecontinuing,netincometocommon,netincometononcontrollinginterest,operatingcostofrevenue,operatingrevenue,otherincome,otheroperatingexpenses,otherspecialcharges,restructuringcharge,sgaexpense,totalcostofrevenue,totalgrossprofit,totalinterestexpense,totalinterestincome,totaloperatingexpenses,totaloperatingincome,totalotherincome,totalpretaxincome,totalrevenue,weightedavebasicdilutedsharesos,weightedavebasicsharesos,weightedavedilutedsharesos
Accenture PLC,ACN,,1467373,2008.0,FY,2007-09-01,2008-08-31,2010-10-25 19:06:01+00:00,2.77,2.77,0.42,2.64,910574000.0,2270789000.0,2197188000.0,2197188000.0,1691751000.0,505437000.0,18128241000.0,25313826000.0,-2213000.0,,,22872000.0,1880342000.0,18128241000.0,7185585000.0,22704000.0,121097000.0,4174003000.0,3011582000.0,96180000.0,3107762000.0,25313826000.0,610700000.0,610949205.0,824012720.0
Accenture PLC,ACN,,1467373,2009.0,Q4,2009-06-01,2009-08-31,,0.41,0.41,,0.39,116506000.0,552165000.0,305976000.0,305976000.0,254692000.0,51284000.0,3845095000.0,5505449000.0,-1078000.0,,,256001000.0,432602000.0,3845095000.0,1660354000.0,4222000.0,8196000.0,1240768000.0,419586000.0,2896000.0,422482000.0,5505449000.0,623500000.0,623007198.0,786891344.0
Accenture PLC,ACN,,1467373,2009.0,FY,2008-09-01,2009-08-31,2011-10-21 16:06:17+00:00,2.55,2.55,0.5,2.44,739590000.0,2159462000.0,1938146000.0,1938146000.0,1589963000.0,348183000.0,16329854000.0,23170968000.0,-3288000.0,,,249273000.0,1788514000.0,16329854000.0,6841114000.0,14121000.0,51280000.0,4197249000.0,2643865000.0,33871000.0,2677736000.0,23170968000.0,623500000.0,623007198.0,786891344.0
Accenture PLC,ACN,,1467373,2009.0,Q3YTD,2008-09-01,2009-05-31,,2.14,2.14,0.5,2.05,623084000.0,1607297000.0,1632170000.0,1632170000.0,1335271000.0,296899000.0,12484759000.0,17665519000.0,-2210000.0,,,-6728000.0,1355912000.0,12484759000.0,5180760000.0,9899000.0,43084000.0,2956481000.0,2224279000.0,30975000.0,2255254000.0,17665519000.0,625300000.0,623649189.0,784047232.0
Accenture PLC,ACN,,1467373,2009.0,Q3,2009-03-01,2009-05-31,2010-06-25 08:59:50+00:00,0.71,0.71,0.0,0.68,211242000.0,524879000.0,536529000.0,536529000.0,443969000.0,92560000.0,3866721000.0,5537348000.0,10524000.0,,,3176000.0,410532000.0,3866721000.0,1670627000.0,3285000.0,8492000.0,938587000.0,732040000.0,15731000.0,747771000.0,5537348000.0,625300000.0,623649189.0,784047232.0
Accenture PLC,ACN,,1467373,2009.0,Q2YTD,2008-09-01,2009-02-28,,1.43,1.43,0.5,1.37,411842000.0,1082418000.0,1095641000.0,1095641000.0,891302000.0,204339000.0,8618038000.0,12128171000.0,-12734000.0,,,-9904000.0,945380000.0,8618038000.0,3510133000.0,6614000.0,34592000.0,2017894000.0,1492239000.0,15244000.0,1507483000.0,12128171000.0,623400000.0,620461500.0,787147545.0
Accenture PLC,ACN,,1467373,2009.0,Q2,2008-12-01,2009-02-28,2010-03-26 16:04:45+00:00,0.66,0.66,0.0,0.63,196554000.0,519226000.0,502408000.0,502408000.0,411436000.0,90972000.0,4035238000.0,5657563000.0,13673000.0,,,-13009000.0,438641000.0,4035238000.0,1622325000.0,3214000.0,11036000.0,944858000.0,677467000.0,21495000.0,698962000.0,5657563000.0,623400000.0,620461500.0,787147545.0
Accenture PLC,ACN,,1467373,2009.0,Q1,2008-09-01,2008-11-30,2009-12-18 17:16:42+00:00,0.77,0.77,0.5,0.74,215288000.0,563192000.0,593233000.0,593233000.0,479866000.0,113367000.0,4582800000.0,6470608000.0,-26407000.0,,,3105000.0,506739000.0,4582800000.0,1887808000.0,3400000.0,23556000.0,1073036000.0,814772000.0,-6251000.0,808521000.0,6470608000.0,623200000.0,622243687.0,797586038.0
Accenture PLC,ACN,,1467373,2010.0,Q4,2010-06-01,2010-08-31,,0.7,0.7,,0.66,206331000.0,698325000.0,510263000.0,510263000.0,445482000.0,64781000.0,3988261000.0,5833073000.0,-1945000.0,,,60000.0,432793000.0,3988261000.0,1844812000.0,3616000.0,8521000.0,1131178000.0,713634000.0,2960000.0,716594000.0,5833073000.0,638200000.0,637170234.0,766578978.0
Accenture PLC,ACN,,1467373,2010.0,FY,2009-09-01,2010-08-31,2011-10-21 16:06:17+00:00,2.79,2.79,1.125,2.66,853910000.0,2658058000.0,2060459000.0,2060459000.0,1780656000.0,279803000.0,15843331000.0,23094078000.0,-15724000.0,,,9538000.0,1668306000.0,15843331000.0,7250747000.0,14677000.0,29925000.0,4335902000.0,2914845000.0,-476000.0,2914369000.0,23094078000.0,638200000.0,637170234.0,766578978.0
Accenture PLC,ACN,,1467373,2010.0,Q3YTD,2009-09-01,2010-05-31,,2.09,2.09,1.13,2.0,647579000.0,1959733000.0,1550196000.0,1550196000.0,1335174000.0,215022000.0,11855070000.0,17261005000.0,-13779000.0,,,9478000.0,1235513000.0,11855070000.0,5405935000.0,11061000.0,21404000.0,3204724000.0,2201211000.0,-3436000.0,2197775000.0,17261005000.0,645500000.0,641355607.0,767162321.0
Accenture PLC,ACN,,1467373,2010.0,Q3TTM,2009-06-01,2010-05-31,,2.5,2.5,1.13,2.39,764085000.0,2511898000.0,1856172000.0,1856172000.0,1589866000.0,266306000.0,15700165000.0,22766454000.0,-14857000.0,,,265479000.0,1668115000.0,15700165000.0,7066289000.0,15283000.0,29600000.0,4445492000.0,2620797000.0,-540000.0,2620257000.0,22766454000.0,645500000.0,641355607.0,767162321.0
Accenture PLC,ACN,,1467373,2010.0,Q3,2010-03-01,2010-05-31,2011-06-24 16:10:45+00:00,0.76,0.76,0.375,0.73,239761000.0,714487000.0,563519000.0,563519000.0,490597000.0,72922000.0,4043845000.0,5975495000.0,-5887000.0,,,3276000.0,410057000.0,4043845000.0,1931650000.0,2061000.0,7398000.0,1127820000.0,803830000.0,-550000.0,803280000.0,5975495000.0,645500000.0,641355607.0,767162321.0
Accenture PLC,ACN,,1467373,2010.0,Q2YTD,2009-09-01,2010-02-28,,1.33,1.33,0.75,1.27,407818000.0,1245246000.0,986677000.0,986677000.0,844577000.0,142100000.0,7811225000.0,11285510000.0,-7892000.0,,,6202000.0,825456000.0,7811225000.0,3474285000.0,9000000.0,14006000.0,2076904000.0,1397381000.0,-2886000.0,1394495000.0,11285510000.0,634500000.0,638695204.0,769188236.0
Accenture PLC,ACN,,1467373,2010.0,Q2TTM,2009-03-01,2010-02-28,,2.45,2.45,0.75,2.34,735566000.0,2322290000.0,1829182000.0,1829182000.0,1543238000.0,285944000.0,15523041000.0,22328307000.0,1554000.0,,,265379000.0,1668590000.0,15523041000.0,6805266000.0,16507000.0,30694000.0,4256259000.0,2549007000.0,15741000.0,2564748000.0,22328307000.0,634500000.0,638695204.0,769188236.0
Accenture PLC,ACN,,1467373,2010.0,Q2,2009-12-01,2010-02-28,2011-03-25 16:24:48+00:00,0.63,0.63,,0.6,177511000.0,623386000.0,461879000.0,461879000.0,399760000.0,62119000.0,3847492000.0,5537823000.0,-13791000.0,,,2637000.0,413335000.0,3847492000.0,1690331000.0,4519000.0,6727000.0,1039358000.0,650973000.0,-11583000.0,639390000.0,5537823000.0,634500000.0,638695204.0,769188236.0
Accenture PLC,ACN,,1467373,2010.0,Q1TTM,2008-12-01,2009-11-30,,2.48,2.48,0.75,2.37,754609000.0,2218130000.0,1869711000.0,1869711000.0,1554914000.0,314797000.0,15710787000.0,22448047000.0,29018000.0,,,249733000.0,1693896000.0,15710787000.0,6737260000.0,15202000.0,35003000.0,4161759000.0,2575501000.0,48819000.0,2624320000.0,22448047000.0,635500000.0,631527053.0,774377653.0
Accenture PLC,ACN,,1467373,2010.0,Q1,2009-09-01,2009-11-30,2010-12-20 16:24:46+00:00,0.7,0.7,0.75,0.67,230307000.0,621860000.0,524798000.0,524798000.0,444817000.0,79981000.0,3963733000.0,5747687000.0,5899000.0,,,3565000.0,412121000.0,3963733000.0,1783954000.0,4481000.0,7279000.0,1037546000.0,746408000.0,8697000.0,755105000.0,5747687000.0,635500000.0,631527053.0,774377653.0
Accenture PLC,ACN,,1467373,2011.0,Q4,2011-06-01,2011-08-31,,-2.58,0.95,,0.9,252533000.0,820841000.0,682865000.0,682865000.0,611933000.0,70932000.0,4958686000.0,7174073000.0,5008000.0,,,407000.0,471610000.0,4958686000.0,2215387000.0,3930000.0,11791000.0,1292858000.0,922529000.0,12869000.0,935398000.0,7174073000.0,,645631170.0,742823519.0
Accenture PLC,ACN,,1467373,2011.0,FY,2010-09-01,2011-08-31,2012-10-30 08:19:09+00:00,,3.53,0.9,3.39,958782000.0,3094465000.0,2553240000.0,2553240000.0,2277677000.0,275563000.0,18966195000.0,27352914000.0,16568000.0,,,1520000.0,1820277000.0,18966195000.0,8386719000.0,15000000.0,39997000.0,4916262000.0,3470457000.0,41565000.0,3512022000.0,27352914000.0,,645631170.0,742823519.0
Accenture PLC,ACN,,1467373,2011.0,Q3YTD,2010-09-01,2011-05-31,,2.58,2.58,0.9,2.49,706249000.0,2273624000.0,1870375000.0,1870375000.0,1665744000.0,204631000.0,14007509000.0,20178841000.0,11560000.0,,,1113000.0,1348667000.0,14007509000.0,6171332000.0,11070000.0,28206000.0,3623404000.0,2547928000.0,28696000.0,2576624000.0,20178841000.0,654200000.0,651339239.0,746204855.0
Accenture PLC,ACN,,1467373,2011.0,Q3TTM,2010-06-01,2011-05-31,,3.28,3.28,0.9,3.15,912580000.0,2971949000.0,2380638000.0,2380638000.0,2111226000.0,269412000.0,17995770000.0,26011914000.0,9615000.0,,,1173000.0,1781460000.0,17995770000.0,8016144000.0,14686000.0,36727000.0,4754582000.0,3261562000.0,31656000.0,3293218000.0,26011914000.0,654200000.0,651339239.0,746204855.0
Accenture PLC,ACN,,1467373,2011.0,Q3,2011-03-01,2011-05-31,2012-06-29 09:19:53+00:00,0.96,0.96,0.45,0.93,258780000.0,832374000.0,699069000.0,699069000.0,628013000.0,71056000.0,4894727000.0,7204355000.0,1421000.0,,,396000.0,527442000.0,4894727000.0,2309628000.0,2827000.0,9839000.0,1360212000.0,949416000.0,8433000.0,957849000.0,7204355000.0,654200000.0,651339239.0,746204855.0
Accenture PLC,ACN,,1467373,2011.0,Q2YTD,2010-09-01,2011-02-28,,1.62,1.62,0.45,1.56,447469000.0,1441250000.0,1171306000.0,1171306000.0,1037731000.0,133575000.0,9112782000.0,12974486000.0,10139000.0,,,717000.0,821225000.0,9112782000.0,3861704000.0,8243000.0,18367000.0,2263192000.0,1598512000.0,20263000.0,1618775000.0,12974486000.0,644900000.0,646292241.0,743505338.0
Accenture PLC,ACN,,1467373,2011.0,Q2TTM,2010-03-01,2011-02-28,,3.08,3.08,0.83,2.95,893561000.0,2854062000.0,2245088000.0,2245088000.0,1973810000.0,271278000.0,17144888000.0,24783054000.0,2307000.0,,,4053000.0,1664075000.0,17144888000.0,7638166000.0,13920000.0,34286000.0,4522190000.0,3115976000.0,22673000.0,3138649000.0,24783054000.0,644900000.0,646292241.0,743505338.0
Accenture PLC,ACN,,1467373,2011.0,Q2,2010-12-01,2011-02-28,2012-03-23 16:17:30+00:00,0.78,0.78,,0.75,208397000.0,709779000.0,565750000.0,565750000.0,503017000.0,62733000.0,4579069000.0,6496293000.0,-2948000.0,,,369000.0,435499000.0,4579069000.0,1917224000.0,3507000.0,9025000.0,1145647000.0,771577000.0,2570000.0,774147000.0,6496293000.0,644900000.0,646292241.0,743505338.0
Accenture PLC,ACN,,1467373,2011.0,Q1TTM,2009-12-01,2010-11-30,,2.93,2.93,0.83,2.8,862675000.0,2767669000.0,2141217000.0,2141217000.0,1870553000.0,270664000.0,16413311000.0,23824584000.0,-8536000.0,,,6321000.0,1641911000.0,16413311000.0,7411273000.0,14932000.0,31988000.0,4415901000.0,2995372000.0,8520000.0,3003892000.0,23824584000.0,636600000.0,637298491.0,743495265.0
Accenture PLC,ACN,,1467373,2011.0,Q1,2010-09-01,2010-11-30,2011-12-20 16:18:41+00:00,0.84,0.84,0.45,0.81,239072000.0,731471000.0,605556000.0,605556000.0,534714000.0,70842000.0,4533713000.0,6478193000.0,13087000.0,,,348000.0,385726000.0,4533713000.0,1944480000.0,4736000.0,9342000.0,1117545000.0,826935000.0,17693000.0,844628000.0,6478193000.0,636600000.0,637298491.0,743495265.0
Accenture PLC,ACN,,1467373,2012.0,Q4,2012-06-01,2012-08-31,,0.9,0.9,,0.88,309999000.0,839187000.0,636155000.0,636155000.0,578282000.0,57873000.0,5039369000.0,7288259000.0,-2498000.0,841000.0,,-408000.0,468920000.0,5039369000.0,2248890000.0,3186000.0,11488000.0,1308540000.0,940350000.0,5804000.0,946154000.0,7288259000.0,643200000.0,643132601.0,727011059.0
Accenture PLC,ACN,,1467373,2012.0,FY,2011-09-01,2012-08-31,2013-10-29 16:51:03+00:00,3.97,3.97,1.35,3.84,1079241000.0,3303478000.0,2824933000.0,2824933000.0,2553510000.0,271423000.0,20790284000.0,29777985000.0,5137000.0,1691000.0,,,1810984000.0,20790284000.0,8987701000.0,15061000.0,42550000.0,5116153000.0,3871548000.0,32626000.0,3904174000.0,29777985000.0,643200000.0,643132601.0,727011059.0
Accenture PLC,ACN,,1467373,2012.0,Q3,2012-03-01,2012-05-31,2013-06-28 06:51:07+00:00,1.07,1.07,0.675,1.03,303622000.0,854476000.0,762831000.0,762831000.0,689219000.0,73612000.0,5269885000.0,7640790000.0,-2115000.0,435000.0,,,455233000.0,5269885000.0,2370905000.0,3497000.0,11304000.0,1310144000.0,1060761000.0,5692000.0,1066453000.0,7640790000.0,644100000.0,645761617.0,729528085.0
Accenture PLC,ACN,,1467373,2012.0,Q3YTD,2011-09-01,2012-05-31,,3.07,3.07,1.35,2.96,769242000.0,2464291000.0,2188778000.0,2188778000.0,1975228000.0,213550000.0,15750915000.0,22489726000.0,7635000.0,850000.0,,408000.0,1342064000.0,15750915000.0,6738811000.0,11875000.0,31062000.0,3807613000.0,2931198000.0,26822000.0,2958020000.0,22489726000.0,644100000.0,645761617.0,729528085.0
Accenture PLC,ACN,,1467373,2012.0,Q3TTM,2011-06-01,2012-05-31,,0.49,4.02,1.35,3.86,1021775000.0,3285132000.0,2871643000.0,2871643000.0,2587161000.0,284482000.0,20709601000.0,29663799000.0,12643000.0,850000.0,,815000.0,1813674000.0,20709601000.0,8954198000.0,15805000.0,42853000.0,5100471000.0,3853727000.0,39691000.0,3893418000.0,29663799000.0,644100000.0,645761617.0,729528085.0
Accenture PLC,ACN,,1467373,2012.0,Q2YTD,2011-09-01,2012-02-29,,2.0,2.0,0.68,1.93,465620000.0,1609815000.0,1425947000.0,1425947000.0,1286009000.0,139938000.0,10481030000.0,14848936000.0,9750000.0,415000.0,,408000.0,886831000.0,10481030000.0,4367906000.0,8378000.0,19758000.0,2497469000.0,1870437000.0,21130000.0,1891567000.0,14848936000.0,643900000.0,646452990.0,729810080.0
Accenture PLC,ACN,,1467373,2012.0,Q2TTM,2011-03-01,2012-02-29,,0.38,3.91,1.13,3.76,976933000.0,3263030000.0,2807881000.0,2807881000.0,2525955000.0,281926000.0,20334443000.0,29227364000.0,16179000.0,415000.0,,1211000.0,1885883000.0,20334443000.0,8892921000.0,15135000.0,41388000.0,5150539000.0,3742382000.0,42432000.0,3784814000.0,29227364000.0,643900000.0,646452990.0,729810080.0
Accenture PLC,ACN,,1467373,2012.0,Q2,2011-12-01,2012-02-29,2013-03-28 09:09:54+00:00,1.0,1.0,0.0,0.97,184350000.0,772338000.0,714190000.0,714190000.0,643923000.0,70267000.0,5143462000.0,7259828000.0,4215000.0,415000.0,,,454314000.0,5143462000.0,2116366000.0,4220000.0,9246000.0,1227067000.0,889299000.0,9241000.0,898540000.0,7259828000.0,643900000.0,646452990.0,729810080.0
Accenture PLC,ACN,,1467373,2012.0,Q1TTM,2010-12-01,2011-11-30,,0.16,3.69,1.13,3.54,1000980000.0,3200471000.0,2659441000.0,2659441000.0,2385049000.0,274392000.0,19770050000.0,28463829000.0,9016000.0,,,1580000.0,1867068000.0,19770050000.0,8693779000.0,14422000.0,41167000.0,5069119000.0,3624660000.0,35761000.0,3660421000.0,28463829000.0,642100000.0,644285298.0,730745055.0
Accenture PLC,ACN,,1467373,2012.0,Q1,2011-09-01,2011-11-30,2012-12-20 07:05:08+00:00,1.0,1.0,0.675,0.96,281270000.0,837477000.0,711757000.0,711757000.0,642086000.0,69671000.0,5337568000.0,7589108000.0,5535000.0,,,408000.0,432517000.0,5337568000.0,2251540000.0,4158000.0,10512000.0,1270402000.0,981138000.0,11889000.0,993027000.0,7589108000.0,642100000.0,644285298.0,730745055.0
Accenture PLC,ACN,,1467373,2013.0,FY,2012-09-01,2013-08-31,2015-10-30 13:09:18+00:00,5.08,5.08,1.62,4.93,784775000.0,3481891000.0,3554519000.0,3554519000.0,3281878000.0,272641000.0,21010110000.0,30394285000.0,-18244000.0,-272042000.0,0.0,,1835646000.0,21010110000.0,9384175000.0,14035000.0,32893000.0,5045495000.0,4338680000.0,614000.0,4339294000.0,30394285000.0,646000000.0,645536995.0,713340470.0
Accenture PLC,ACN,,1467373,2013.0,Q4,2013-06-01,2013-08-31,,1.04,1.04,,1.01,237577000.0,893001000.0,727327000.0,727327000.0,671001000.0,56326000.0,5175394000.0,7524994000.0,-23358000.0,484000.0,,,472612000.0,5175394000.0,2349600000.0,2257000.0,7016000.0,1366097000.0,983503000.0,-18599000.0,964904000.0,7524994000.0,646000000.0,645536995.0,713340470.0
Accenture PLC,ACN,,1467373,2013.0,Q3YTD,2012-09-01,2013-05-31,,4.04,4.04,1.62,3.92,547198000.0,2588890000.0,2827192000.0,2827192000.0,2610877000.0,216315000.0,15834716000.0,22869291000.0,5114000.0,-272526000.0,,,1363034000.0,15834716000.0,7034575000.0,11778000.0,25877000.0,3679398000.0,3355177000.0,19213000.0,3374390000.0,22869291000.0,648200000.0,650625931.0,715628354.0
Accenture PLC,ACN,,1467373,2013.0,Q3TTM,2012-06-01,2013-05-31,,4.94,4.94,1.62,4.8,857197000.0,3428077000.0,3463347000.0,3463347000.0,3189159000.0,274188000.0,20874085000.0,30157550000.0,2616000.0,-271685000.0,,-408000.0,1831954000.0,20874085000.0,9283465000.0,14964000.0,37365000.0,4987938000.0,4295527000.0,25017000.0,4320544000.0,30157550000.0,648200000.0,650625931.0,715628354.0
Accenture PLC,ACN,,1467373,2013.0,Q3,2013-03-01,2013-05-31,2014-06-26 16:09:16+00:00,1.25,1.25,0.81,1.21,272522000.0,886641000.0,874063000.0,874063000.0,810258000.0,63805000.0,5269916000.0,7707935000.0,951000.0,-49224000.0,,,458631000.0,5269916000.0,2438019000.0,3588000.0,7251000.0,1296048000.0,1141971000.0,4614000.0,1146585000.0,7707935000.0,648200000.0,650625931.0,715628354.0
Accenture PLC,ACN,,1467373,2013.0,Q2YTD,2012-09-01,2013-02-28,,2.79,2.79,0.81,2.71,274676000.0,1702249000.0,1953129000.0,1953129000.0,1800619000.0,152510000.0,10564800000.0,15161356000.0,4163000.0,-223302000.0,,,904403000.0,10564800000.0,4596556000.0,8190000.0,18626000.0,2383350000.0,2213206000.0,14599000.0,2227805000.0,15161356000.0,648100000.0,649520337.0,715464436.0
Accenture PLC,ACN,,1467373,2013.0,Q2TTM,2012-03-01,2013-02-28,,4.76,4.76,1.49,4.62,888297000.0,3395912000.0,3352115000.0,3352115000.0,3068120000.0,283995000.0,20874054000.0,30090405000.0,-450000.0,-222026000.0,,-408000.0,1828556000.0,20874054000.0,9216351000.0,14873000.0,41418000.0,5002034000.0,4214317000.0,26095000.0,4240412000.0,30090405000.0,648100000.0,649520337.0,715464436.0
Accenture PLC,ACN,,1467373,2013.0,Q2,2012-12-01,2013-02-28,2014-03-27 07:07:06+00:00,1.7,1.7,0.0,1.65,-5749000.0,834047000.0,1187098000.0,1187098000.0,1101802000.0,85296000.0,5262957000.0,7493320000.0,10599000.0,-223767000.0,,,455551000.0,5262957000.0,2230363000.0,3641000.0,9859000.0,1065831000.0,1164532000.0,16817000.0,1181349000.0,7493320000.0,648100000.0,649520337.0,715464436.0
Accenture PLC,ACN,,1467373,2013.0,Q1TTM,2011-12-01,2012-11-30,,4.06,4.06,1.49,3.94,1078396000.0,3334203000.0,2879207000.0,2879207000.0,2610241000.0,268966000.0,20754559000.0,29856913000.0,-6834000.0,2156000.0,,-408000.0,1827319000.0,20754559000.0,9102354000.0,15452000.0,40805000.0,5163270000.0,3939084000.0,18519000.0,3957603000.0,29856913000.0,641100000.0,639659238.0,716892047.0
Accenture PLC,ACN,,1467373,2013.0,Q1,2012-09-01,2012-11-30,2013-12-19 16:22:52+00:00,1.09,1.09,0.81,1.06,280425000.0,868202000.0,766031000.0,766031000.0,698817000.0,67214000.0,5301843000.0,7668036000.0,-6436000.0,465000.0,,,448852000.0,5301843000.0,2366193000.0,4549000.0,8767000.0,1317519000.0,1048674000.0,-2218000.0,1046456000.0,7668036000.0,641100000.0,639659238.0,716892047.0
Accenture PLC,ACN,,1467373,2014.0,FY,2013-09-01,2014-08-31,2016-10-28 17:05:52+00:00,4.64,4.64,1.86,4.52,1121743000.0,3582833000.0,3175958000.0,3175958000.0,2941498000.0,234460000.0,22190212000.0,31874678000.0,-15560000.0,-18015000.0,0.0,,1819136000.0,22190212000.0,9684466000.0,17621000.0,30370000.0,5383954000.0,4300512000.0,-2811000.0,4297701000.0,31874678000.0,633900000.0,634216250.0,692389966.0
Accenture PLC,ACN,,1467373,2014.0,Q4,2014-06-01,2014-08-31,,1.11,1.11,,1.08,327890000.0,918118000.0,760168000.0,760168000.0,701016000.0,59152000.0,5798699000.0,8267319000.0,5877000.0,,,,471137000.0,5798699000.0,2468620000.0,5325000.0,8141000.0,1389255000.0,1079365000.0,8693000.0,1088058000.0,8267319000.0,633900000.0,634216250.0,692389966.0
Accenture PLC,ACN,,1467373,2014.0,Q3YTD,2013-09-01,2014-05-31,,3.53,3.53,1.86,3.44,793853000.0,2664715000.0,2415790000.0,2415790000.0,2240482000.0,175308000.0,16391513000.0,23607359000.0,-21437000.0,-18015000.0,,,1347999000.0,16391513000.0,7215846000.0,12296000.0,22229000.0,3994699000.0,3221147000.0,-11504000.0,3209643000.0,23607359000.0,633600000.0,633128417.0,691038145.0
Accenture PLC,ACN,,1467373,2014.0,Q3TTM,2013-06-01,2014-05-31,,4.57,4.57,1.86,4.45,1031430000.0,3557716000.0,3143117000.0,3143117000.0,2911483000.0,231634000.0,21566907000.0,31132353000.0,-44795000.0,-17531000.0,,,1820611000.0,21566907000.0,9565446000.0,14553000.0,29245000.0,5360796000.0,4204650000.0,-30103000.0,4174547000.0,31132353000.0,633600000.0,633128417.0,691038145.0
Accenture PLC,ACN,,1467373,2014.0,Q3,2014-03-01,2014-05-31,2015-06-25 16:06:38+00:00,1.29,1.29,0.93,1.26,294125000.0,899250000.0,881813000.0,881813000.0,817336000.0,64477000.0,5703823000.0,8240180000.0,-6051000.0,0.0,0.0,,458341000.0,5703823000.0,2536357000.0,4290000.0,7513000.0,1357591000.0,1178766000.0,-2828000.0,1175938000.0,8240180000.0,633600000.0,633128417.0,691038145.0
Accenture PLC,ACN,,1467373,2014.0,Q2YTD,2013-09-01,2014-02-28,,2.24,2.24,0.93,2.18,499728000.0,1765465000.0,1533977000.0,1533977000.0,1423146000.0,110831000.0,10687690000.0,15367179000.0,-15386000.0,-18015000.0,,,889658000.0,10687690000.0,4679489000.0,8006000.0,14716000.0,2637108000.0,2042381000.0,-8676000.0,2033705000.0,15367179000.0,633300000.0,635929351.0,693846206.0
Accenture PLC,ACN,,1467373,2014.0,Q2TTM,2013-03-01,2014-02-28,,4.53,4.53,1.74,4.4,1009827000.0,3545107000.0,3135367000.0,3135367000.0,2904405000.0,230962000.0,21133000000.0,30600108000.0,-37793000.0,-66755000.0,,,1820901000.0,21133000000.0,9467108000.0,13851000.0,28983000.0,5299253000.0,4167855000.0,-22661000.0,4145194000.0,30600108000.0,633300000.0,635929351.0,693846206.0
Accenture PLC,ACN,,1467373,2014.0,Q2,2013-12-01,2014-02-28,2015-03-26 16:16:10+00:00,1.06,1.06,0.0,1.03,227797000.0,837255000.0,722331000.0,722331000.0,671300000.0,51031000.0,5337341000.0,7567483000.0,-4766000.0,0.0,,,441605000.0,5337341000.0,2230142000.0,4348000.0,7960000.0,1278860000.0,951282000.0,-1154000.0,950128000.0,7567483000.0,633300000.0,635929351.0,693846206.0
Accenture PLC,ACN,,1467373,2014.0,Q1TTM,2012-12-01,2013-11-30,,5.17,5.17,1.74,5.02,776281000.0,3541899000.0,3600134000.0,3600134000.0,3334907000.0,265227000.0,21058616000.0,30525945000.0,-22428000.0,-290522000.0,,,1834847000.0,21058616000.0,9467329000.0,13144000.0,30882000.0,5086224000.0,4381105000.0,-4690000.0,4376415000.0,30525945000.0,637200000.0,636695545.0,698503895.0
Accenture PLC,ACN,,1467373,2014.0,Q1,2013-09-01,2013-11-30,2014-12-18 16:03:44+00:00,1.18,1.18,0.93,1.15,271931000.0,928210000.0,811646000.0,811646000.0,751846000.0,59800000.0,5350349000.0,7799696000.0,-10620000.0,-18015000.0,,,448053000.0,5350349000.0,2449347000.0,3658000.0,6756000.0,1358248000.0,1091099000.0,-7522000.0,1083577000.0,7799696000.0,637200000.0,636695545.0,698503895.0
Accenture PLC,ACN,,1467373,2015.0,FY,2014-09-01,2015-08-31,2017-10-26 16:27:21+00:00,4.87,4.87,2.04,4.76,1136741000.0,3505045000.0,3273789000.0,3273789000.0,3053581000.0,220208000.0,23105185000.0,32914424000.0,-44752000.0,,64382000.0,,1803943000.0,23105185000.0,9809239000.0,14578000.0,33991000.0,5373370000.0,4435869000.0,-25339000.0,4410530000.0,32914424000.0,627000000.0,626799586.0,678757070.0
Accenture PLC,ACN,,1467373,2015.0,Q4,2015-06-01,2015-08-31,,1.18,1.18,,1.15,293336000.0,924114000.0,788125000.0,788125000.0,737628000.0,50497000.0,5860106000.0,8364511000.0,-16426000.0,,,,486683000.0,5860106000.0,2504405000.0,3832000.0,8111000.0,1410797000.0,1093608000.0,-12147000.0,1081461000.0,8364511000.0,627000000.0,626799586.0,678757070.0
Accenture PLC,ACN,,1467373,2015.0,Q3,2015-03-01,2015-05-31,2016-06-23 16:18:49+00:00,1.27,1.27,1.02,1.24,281861000.0,874713000.0,850230000.0,850230000.0,793697000.0,56533000.0,5750161000.0,8275066000.0,-3839000.0,,64382000.0,,452291000.0,5750161000.0,2524905000.0,4030000.0,6441000.0,1391386000.0,1133519000.0,-1428000.0,1132091000.0,8275066000.0,625000000.0,625969418.0,677825768.0
Accenture PLC,ACN,,1467373,2015.0,Q3YTD,2014-09-01,2015-05-31,,3.69,3.69,2.04,3.61,843405000.0,2580931000.0,2485664000.0,2485664000.0,2315953000.0,169711000.0,17245079000.0,24549913000.0,-28326000.0,,64382000.0,,1317260000.0,17245079000.0,7304834000.0,10746000.0,25880000.0,3962573000.0,3342261000.0,-13192000.0,3329069000.0,24549913000.0,625000000.0,625969418.0,677825768.0
Accenture PLC,ACN,,1467373,2015.0,Q3TTM,2014-06-01,2015-05-31,,4.8,4.8,2.04,4.69,1171295000.0,3499049000.0,3245832000.0,3245832000.0,3016969000.0,228863000.0,23043778000.0,32817232000.0,-22449000.0,,64382000.0,,1788397000.0,23043778000.0,9773454000.0,16071000.0,34021000.0,5351828000.0,4421626000.0,-4499000.0,4417127000.0,32817232000.0,625000000.0,625969418.0,677825768.0
Accenture PLC,ACN,,1467373,2015.0,Q2,2014-12-01,2015-02-28,2016-03-24 16:18:21+00:00,1.1,1.1,0.0,1.08,261768000.0,798644000.0,743192000.0,743192000.0,690726000.0,52466000.0,5690951000.0,7931590000.0,-21508000.0,,,,420962000.0,5690951000.0,2240639000.0,3905000.0,9340000.0,1219606000.0,1021033000.0,-16073000.0,1004960000.0,7931590000.0,627900000.0,628254759.0,679165137.0
Accenture PLC,ACN,,1467373,2015.0,Q2YTD,2014-09-01,2015-02-28,,2.42,2.42,1.02,2.37,561544000.0,1706218000.0,1635434000.0,1635434000.0,1522256000.0,113178000.0,11494918000.0,16274847000.0,-24487000.0,,,,864969000.0,11494918000.0,4779929000.0,6716000.0,19439000.0,2571187000.0,2208742000.0,-11764000.0,2196978000.0,16274847000.0,627900000.0,628254759.0,679165137.0
Accenture PLC,ACN,,1467373,2015.0,Q2TTM,2014-03-01,2015-02-28,,4.82,4.82,1.95,4.71,1183559000.0,3523586000.0,3277415000.0,3277415000.0,3040608000.0,236807000.0,22997440000.0,32782346000.0,-24661000.0,,,,1794447000.0,22997440000.0,9784906000.0,16331000.0,35093000.0,5318033000.0,4466873000.0,-5899000.0,4460974000.0,32782346000.0,627900000.0,628254759.0,679165137.0
Accenture PLC,ACN,,1467373,2015.0,Q1,2014-09-01,2014-11-30,2015-12-17 16:15:04+00:00,1.32,1.32,1.02,1.29,299776000.0,907574000.0,892242000.0,892242000.0,831530000.0,60712000.0,5803967000.0,8343257000.0,-2979000.0,,,,444007000.0,5803967000.0,2539290000.0,2811000.0,10099000.0,1351581000.0,1187709000.0,4309000.0,1192018000.0,8343257000.0,629900000.0,628439218.0,682333149.0
Accenture PLC,ACN,,1467373,2015.0,Q1TTM,2013-12-01,2014-11-30,,4.78,4.78,1.95,4.66,1149588000.0,3562197000.0,3256554000.0,3256554000.0,3021182000.0,235372000.0,22643830000.0,32418239000.0,-7919000.0,,,,1815090000.0,22643830000.0,9774409000.0,16774000.0,33713000.0,5377287000.0,4397122000.0,9020000.0,4406142000.0,32418239000.0,629900000.0,628439218.0,682333149.0
Accenture PLC,ACN,,1467373,2016.0,FY,2015-09-01,2016-08-31,2018-10-24 17:05:52+00:00,6.58,6.58,2.2,6.45,1253969000.0,3580439000.0,4349603000.0,4349603000.0,4111892000.0,237711000.0,24520234000.0,34797661000.0,778901000.0,,0.0,,1886543000.0,24520234000.0,10277427000.0,16258000.0,30484000.0,5466982000.0,4810445000.0,793127000.0,5603572000.0,34797661000.0,624900000.0,624797820.0,667770274.0
Accenture PLC,ACN,,1467373,2016.0,Q4,2016-06-01,2016-08-31,,1.71,1.71,,1.68,328132000.0,940544000.0,1130781000.0,1130781000.0,1069226000.0,61555000.0,6310040000.0,8965580000.0,258715000.0,,,,519798000.0,6310040000.0,2655540000.0,3952000.0,8952000.0,1460342000.0,1195198000.0,263715000.0,1458913000.0,8965580000.0,624900000.0,624797820.0,667770274.0
Accenture PLC,ACN,,1467373,2016.0,Q3,2016-03-01,2016-05-31,2017-06-22 16:22:07+00:00,1.44,1.44,1.1,1.41,343421000.0,933770000.0,950283000.0,950283000.0,897247000.0,53036000.0,6279492000.0,8969044000.0,-16207000.0,,0.0,,449839000.0,6279492000.0,2689552000.0,3711000.0,7679000.0,1383609000.0,1305943000.0,-12239000.0,1293704000.0,8969044000.0,623100000.0,623725913.0,666403323.0
Accenture PLC,ACN,,1467373,2016.0,Q3YTD,2015-09-01,2016-05-31,,4.87,4.87,2.2,4.77,925837000.0,2639895000.0,3218822000.0,3218822000.0,3042666000.0,176156000.0,18210194000.0,25832081000.0,520186000.0,,,,1366745000.0,18210194000.0,7621887000.0,12306000.0,21532000.0,4006640000.0,3615247000.0,529412000.0,4144659000.0,25832081000.0,623100000.0,623725913.0,666403323.0
Accenture PLC,ACN,,1467373,2016.0,Q3TTM,2015-06-01,2016-05-31,,6.05,6.05,2.2,5.92,1219173000.0,3564009000.0,4006947000.0,4006947000.0,3780294000.0,226653000.0,24070300000.0,34196592000.0,503760000.0,,,,1853428000.0,24070300000.0,10126292000.0,16138000.0,29643000.0,5417437000.0,4708855000.0,517265000.0,5226120000.0,34196592000.0,623100000.0,623725913.0,666403323.0
Accenture PLC,ACN,,1467373,2016.0,Q2,2015-12-01,2016-02-29,2017-03-23 16:20:20+00:00,2.12,2.12,0.0,2.08,222734000.0,830332000.0,1399858000.0,1399858000.0,1326520000.0,73338000.0,6027237000.0,8397053000.0,532364000.0,,,,451440000.0,6027237000.0,2369816000.0,4543000.0,6727000.0,1281772000.0,1088044000.0,534548000.0,1622592000.0,8397053000.0,625700000.0,626523793.0,668125087.0
Accenture PLC,ACN,,1467373,2016.0,Q2YTD,2015-09-01,2016-02-29,,3.43,3.43,1.1,3.36,582416000.0,1706125000.0,2268539000.0,2268539000.0,2145419000.0,123120000.0,11930702000.0,16863037000.0,536393000.0,,,,916906000.0,11930702000.0,4932335000.0,8595000.0,13853000.0,2623031000.0,2309304000.0,541651000.0,2850955000.0,16863037000.0,625700000.0,626523793.0,668125087.0
Accenture PLC,ACN,,1467373,2016.0,Q2TTM,2015-03-01,2016-02-29,,5.88,5.88,2.12,5.75,1157613000.0,3504952000.0,3906894000.0,3906894000.0,3676744000.0,230150000.0,23540969000.0,33502614000.0,516128000.0,,64382000.0,,1855880000.0,23540969000.0,9961645000.0,16457000.0,28405000.0,5425214000.0,4536431000.0,528076000.0,5064507000.0,33502614000.0,625700000.0,626523793.0,668125087.0
Accenture PLC,ACN,,1467373,2016.0,Q1,2015-09-01,2015-11-30,2016-12-21 16:17:46+00:00,1.31,1.31,1.1,1.28,359682000.0,875793000.0,868681000.0,868681000.0,818899000.0,49782000.0,5903465000.0,8465984000.0,4029000.0,,,,465466000.0,5903465000.0,2562519000.0,4052000.0,7126000.0,1341259000.0,1221260000.0,7103000.0,1228363000.0,8465984000.0,625100000.0,626463124.0,671300744.0
Accenture PLC,ACN,,1467373,2016.0,Q1TTM,2014-12-01,2015-11-30,,4.86,4.86,2.12,4.75,1196647000.0,3473264000.0,3250228000.0,3250228000.0,3040950000.0,209278000.0,23204683000.0,33037151000.0,-37744000.0,,64382000.0,,1825402000.0,23204683000.0,9832468000.0,15819000.0,31018000.0,5363048000.0,4469420000.0,-22545000.0,4446875000.0,33037151000.0,625100000.0,626463124.0,671300744.0
Accenture PLC,ACN,,1467373,2017.0,Q4,2017-06-01,2017-08-31,,1.51,1.51,,1.48,308827000.0,1007769000.0,983174000.0,983174000.0,932453000.0,50721000.0,6754233000.0,9640906000.0,-12019000.0,509793000.0,-509793000.0,,582342000.0,6754233000.0,2886673000.0,4908000.0,12366000.0,1590111000.0,1296562000.0,-4561000.0,1292001000.0,9640906000.0,619600000.0,620104250.0,660463227.0
Accenture PLC,ACN,,1467373,2017.0,Q3,2017-03-01,2017-05-31,2018-06-28 16:19:09+00:00,1.08,1.08,1.21,1.05,169599000.0,986228000.0,704801000.0,704801000.0,669468000.0,35333000.0,6447156000.0,9356787000.0,4029000.0,,509793000.0,,548175000.0,6447156000.0,2909631000.0,3613000.0,8549000.0,2044196000.0,865435000.0,8965000.0,874400000.0,9356787000.0,619900000.0,619436804.0,658770425.0
Accenture PLC,ACN,,1467373,2017.0,Q3YTD,2016-09-01,2017-05-31,,4.05,4.05,2.42,3.96,672273000.0,2746544000.0,2651758000.0,2651758000.0,2512696000.0,139062000.0,18980753000.0,27124572000.0,-26953000.0,,509793000.0,,1551435000.0,18980753000.0,8143819000.0,10637000.0,25574000.0,4807772000.0,3336047000.0,-12016000.0,3324031000.0,27124572000.0,619900000.0,619436804.0,658770425.0
Accenture PLC,ACN,,1467373,2017.0,Q3TTM,2016-06-01,2017-05-31,,5.76,5.76,2.42,5.64,1000405000.0,3687088000.0,3782539000.0,3782539000.0,3581922000.0,200617000.0,25290793000.0,36090152000.0,231762000.0,,509793000.0,,2071233000.0,25290793000.0,10799359000.0,14589000.0,34526000.0,6268114000.0,4531245000.0,251699000.0,4782944000.0,36090152000.0,619900000.0,619436804.0,658770425.0
Accenture PLC,ACN,,1467373,2017.0,Q2,2016-12-01,2017-02-28,2018-03-22 16:32:16+00:00,1.35,1.35,0.0,1.33,231302000.0,871489000.0,887208000.0,887208000.0,838752000.0,48456000.0,6258026000.0,8762182000.0,-24895000.0,,,,494014000.0,6258026000.0,2504156000.0,3976000.0,8728000.0,1365503000.0,1138653000.0,-20143000.0,1118510000.0,8762182000.0,621300000.0,621999948.0,661079375.0
Accenture PLC,ACN,,1467373,2017.0,Q2YTD,2016-09-01,2017-02-28,,2.97,2.97,1.21,2.91,502674000.0,1760316000.0,1946957000.0,1946957000.0,1843228000.0,103729000.0,12533597000.0,17767785000.0,-30982000.0,,,,1003260000.0,12533597000.0,5234188000.0,7024000.0,17025000.0,2763576000.0,2470612000.0,-20981000.0,2449631000.0,17767785000.0,621300000.0,621999948.0,661079375.0
Accenture PLC,ACN,,1467373,2017.0,Q2TTM,2016-03-01,2017-02-28,,6.12,6.12,2.31,6.0,1174227000.0,3634630000.0,4028021000.0,4028021000.0,3809701000.0,218320000.0,25123129000.0,35702409000.0,211526000.0,,,,1972897000.0,25123129000.0,10579280000.0,14687000.0,33656000.0,5607527000.0,4971753000.0,230495000.0,5202248000.0,35702409000.0,621300000.0,621999948.0,661079375.0
Accenture PLC,ACN,,1467373,2017.0,Q1,2016-09-01,2016-11-30,2017-12-21 06:41:51+00:00,1.62,1.62,1.21,1.58,271372000.0,888827000.0,1059749000.0,1059749000.0,1004476000.0,55273000.0,6275571000.0,9005603000.0,-6087000.0,,,,509246000.0,6275571000.0,2730032000.0,3048000.0,8297000.0,1398073000.0,1331959000.0,-838000.0,1331121000.0,9005603000.0,620000000.0,621569764.0,663752830.0
Accenture PLC,ACN,,1467373,2017.0,Q1TTM,2015-12-01,2016-11-30,,6.89,6.89,2.31,6.75,1165659000.0,3593473000.0,4540671000.0,4540671000.0,4297469000.0,243202000.0,24892340000.0,35337280000.0,768785000.0,,,,1930323000.0,24892340000.0,10444940000.0,15254000.0,31655000.0,5523796000.0,4921144000.0,785186000.0,5706330000.0,35337280000.0,620000000.0,621569764.0,663752830.0
Accenture PLC,ACN,,1467373,2018.0,FY,2017-09-01,2018-08-31,2018-10-24 17:05:52+00:00,6.46,6.46,2.66,6.34,1593499000.0,4198557000.0,4214594000.0,4214594000.0,4059907000.0,154687000.0,29160515000.0,41603428000.0,-69746000.0,,0.0,,2403315000.0,29160515000.0,12442913000.0,19539000.0,56337000.0,6601872000.0,5841041000.0,-32948000.0,5808093000.0,41603428000.0,628500000.0,628451742.0,655296150.0
Accenture PLC,ACN,,1467373,2018.0,Q4,2018-06-01,2018-08-31,,1.61,1.61,,1.58,408243000.0,1091995000.0,1048371000.0,1048371000.0,1029524000.0,18847000.0,7927676000.0,11114881000.0,27066000.0,,,,683264000.0,7927676000.0,3187205000.0,5153000.0,22755000.0,1775259000.0,1411946000.0,44668000.0,1456614000.0,11114881000.0,628500000.0,628451742.0,655296150.0
Accenture PLC,ACN,,1467373,2018.0,Q3,2018-03-01,2018-05-31,2019-06-27 16:18:02+00:00,1.63,1.63,1.33,1.6,554417000.0,1106543000.0,1058141000.0,1058141000.0,1043020000.0,15121000.0,7362981000.0,10694996000.0,-29165000.0,,,,590597000.0,7362981000.0,3332015000.0,5839000.0,12687000.0,1697140000.0,1634875000.0,-22317000.0,1612558000.0,10694996000.0,639900000.0,639217344.0,654600026.0
Accenture PLC,ACN,,1467373,2018.0,Q3YTD,2017-09-01,2018-05-31,,4.85,4.85,2.66,4.76,1185256000.0,3106562000.0,3166223000.0,3166223000.0,3030383000.0,135840000.0,21232839000.0,30488547000.0,-96812000.0,,,,1720051000.0,21232839000.0,9255708000.0,14386000.0,33582000.0,4826613000.0,4429095000.0,-77616000.0,4351479000.0,30488547000.0,639900000.0,639217344.0,654600026.0
Accenture PLC,ACN,,1467373,2018.0,Q3TTM,2017-06-01,2018-05-31,,6.36,6.36,2.66,6.24,1494083000.0,4114331000.0,4149397000.0,4149397000.0,3962836000.0,186561000.0,27987072000.0,40129453000.0,-108831000.0,509793000.0,-509793000.0,,2302393000.0,27987072000.0,12142381000.0,19294000.0,45948000.0,6416724000.0,5725657000.0,-82177000.0,5643480000.0,40129453000.0,639900000.0,639217344.0,654600026.0
Accenture PLC,ACN,,1467373,2018.0,Q2,2017-12-01,2018-02-28,2019-03-28 16:27:34+00:00,1.4,1.4,0.0,1.37,325257000.0,998823000.0,919540000.0,919540000.0,863703000.0,55837000.0,7049698000.0,9909238000.0,-56866000.0,,,,564673000.0,7049698000.0,2859540000.0,3840000.0,9459000.0,1563496000.0,1296044000.0,-51247000.0,1244797000.0,9909238000.0,616900000.0,617854667.0,656118796.0
Accenture PLC,ACN,,1467373,2018.0,Q2YTD,2017-09-01,2018-02-28,,3.22,3.22,1.33,3.16,630839000.0,2000019000.0,2108082000.0,2108082000.0,1987363000.0,120719000.0,13869858000.0,19793551000.0,-67647000.0,,,,1129454000.0,13869858000.0,5923693000.0,8547000.0,20895000.0,3129473000.0,2794220000.0,-55299000.0,2738921000.0,19793551000.0,616900000.0,617854667.0,656118796.0
Accenture PLC,ACN,,1467373,2018.0,Q2TTM,2017-03-01,2018-02-28,,5.81,5.81,2.54,5.69,1109265000.0,3994016000.0,3796057000.0,3796057000.0,3589284000.0,206773000.0,27071247000.0,38791244000.0,-75637000.0,509793000.0,,,2259971000.0,27071247000.0,11719997000.0,17068000.0,41810000.0,6763780000.0,4956217000.0,-50895000.0,4905322000.0,38791244000.0,616900000.0,617854667.0,656118796.0
Accenture PLC,ACN,,1467373,2018.0,Q1,2017-09-01,2017-11-30,2018-12-20 16:24:56+00:00,1.82,1.82,1.33,1.79,305582000.0,1001196000.0,1188542000.0,1188542000.0,1123660000.0,64882000.0,6820160000.0,9884313000.0,-10781000.0,,,,564781000.0,6820160000.0,3064153000.0,4707000.0,11436000.0,1565977000.0,1498176000.0,-4052000.0,1494124000.0,9884313000.0,617400000.0,615835525.0,656671417.0
Accenture PLC,ACN,,1467373,2018.0,Q1TTM,2016-12-01,2017-11-30,,5.76,5.76,2.54,5.65,1015310000.0,3866682000.0,3763725000.0,3763725000.0,3564333000.0,199392000.0,26279575000.0,37644188000.0,-43666000.0,509793000.0,,,2189312000.0,26279575000.0,11364613000.0,17204000.0,41079000.0,6565787000.0,4798826000.0,-19791000.0,4779035000.0,37644188000.0,617400000.0,615835525.0,656671417.0
Accenture PLC,ACN,,1467373,2019.0,Q1,2019-09-01,2019-11-30,2019-12-19 06:54:55+00:00,2.13,2.13,0.8,2.09,425479000.0,1191123000.0,1375168000.0,1375168000.0,1356968000.0,18200000.0,7711199000.0,11358958000.0,11439000.0,,,,689373000.0,7711199000.0,3647759000.0,5474000.0,27419000.0,1880496000.0,1767263000.0,33384000.0,1800647000.0,11358958000.0,637100000.0,635722309.0,649389444.0
Accenture PLC,ACN,,1467373,2019.0,Q1TTM,2017-12-01,2019-11-30,,6.77,6.77,2.13,6.64,1713396000.0,4388484000.0,4401220000.0,4401220000.0,4293215000.0,108005000.0,30051554000.0,43078073000.0,-47526000.0,,,,2527907000.0,30051554000.0,13026519000.0,20306000.0,72320000.0,6916391000.0,6110128000.0,4488000.0,6114616000.0,43078073000.0,637100000.0,635722309.0,649389444.0
Accenture PLC,ACN,,1467373,2019.0,FY,2018-09-01,2019-08-31,2019-10-29 06:53:24+00:00,7.49,7.49,2.92,7.36,1405556000.0,4447456000.0,4846241000.0,4846241000.0,4779112000.0,67129000.0,29900325000.0,43215013000.0,-117822000.0,,0.0,,2562158000.0,29900325000.0,13314688000.0,22963000.0,87508000.0,7009614000.0,6305074000.0,-53277000.0,6251797000.0,43215013000.0,638100000.0,638098125.0,650204873.0
Accenture PLC,ACN,,1467373,2019.0,Q4,2019-06-01,2019-08-31,,1.64,1.64,0.66,1.61,308885000.0,1052133000.0,1061704000.0,1061704000.0,1048179000.0,13525000.0,7217956000.0,10302238000.0,-75737000.0,,,,598907000.0,7217956000.0,3084282000.0,6522000.0,19606000.0,1651040000.0,1433242000.0,-62653000.0,1370589000.0,10302238000.0,638100000.0,638098125.0,650204873.0
Accenture PLC,ACN,,1467373,2019.0,Q3,2019-03-01,2019-05-31,2020-06-25 07:11:26+00:00,1.96,1.96,1.46,1.93,435658000.0,1184164000.0,1268649000.0,1268649000.0,1249516000.0,19133000.0,7571390000.0,11099688000.0,-29690000.0,,,,626191000.0,7571390000.0,3528298000.0,5348000.0,21402000.0,1810355000.0,1717943000.0,-13636000.0,1704307000.0,11099688000.0,637500000.0,637831341.0,649297717.0
Accenture PLC,ACN,,1467373,2019.0,Q3YTD,2018-09-01,2019-05-31,,5.85,5.85,2.26,5.75,1096671000.0,3395323000.0,3784537000.0,3784537000.0,3730933000.0,53604000.0,22682369000.0,32912775000.0,-42085000.0,,,,1963251000.0,22682369000.0,10230406000.0,16441000.0,67902000.0,5358574000.0,4871832000.0,9376000.0,4881208000.0,32912775000.0,637500000.0,637831341.0,649297717.0
Accenture PLC,ACN,,1467373,2019.0,Q3TTM,2018-06-01,2019-05-31,,7.46,7.46,2.26,7.33,1504914000.0,4487318000.0,4832908000.0,4832908000.0,4760457000.0,72451000.0,30610045000.0,44027656000.0,-15019000.0,,,,2646515000.0,30610045000.0,13417611000.0,21594000.0,90657000.0,7133833000.0,6283778000.0,54044000.0,6337822000.0,44027656000.0,637500000.0,637831341.0,649297717.0
Accenture PLC,ACN,,1467373,2019.0,Q2,2018-12-01,2019-02-28,2020-03-19 06:58:06+00:00,1.76,1.76,0.0,1.73,235534000.0,1020036000.0,1140720000.0,1140720000.0,1124449000.0,16271000.0,7399780000.0,10454129000.0,-23834000.0,,,,647687000.0,7399780000.0,3054349000.0,5619000.0,19081000.0,1667723000.0,1386626000.0,-10372000.0,1376254000.0,10454129000.0,638900000.0,638639729.0,649170699.0
Accenture PLC,ACN,,1467373,2019.0,Q2YTD,2018-09-01,2019-02-28,,3.89,3.89,0.8,3.82,661013000.0,2211159000.0,2515888000.0,2515888000.0,2481417000.0,34471000.0,15110979000.0,21813087000.0,-12395000.0,,,,1337060000.0,15110979000.0,6702108000.0,11093000.0,46500000.0,3548219000.0,3153889000.0,23012000.0,3176901000.0,21813087000.0,638900000.0,638639729.0,649170699.0
Accenture PLC,ACN,,1467373,2019.0,Q2TTM,2018-03-01,2019-02-28,,7.13,7.13,2.13,7.0,1623673000.0,4409697000.0,4622400000.0,4622400000.0,4553961000.0,68439000.0,30401636000.0,43622964000.0,-14494000.0,,,,2610921000.0,30401636000.0,13221328000.0,22085000.0,81942000.0,7020618000.0,6200710000.0,45363000.0,6246073000.0,43622964000.0,638900000.0,638639729.0,649170699.0
Accenture PLC,ACN,,1467373,2020.0,Q3,2020-03-01,2020-05-31,2020-06-25 07:11:26+00:00,1.93,1.93,0.8,1.9,428134000.0,1118204000.0,1252639000.0,1252639000.0,1228202000.0,24437000.0,7462617000.0,10991305000.0,-39670000.0,,,,697751000.0,7462617000.0,3528688000.0,4961000.0,12671000.0,1815955000.0,1712733000.0,-31960000.0,1680773000.0,10991305000.0,636400000.0,636146240.0,645607914.0
Accenture PLC,ACN,,1467373,2020.0,Q2,2019-12-01,2020-02-29,2020-03-19 06:58:06+00:00,1.94,1.94,0.8,1.91,257474000.0,1162653000.0,1252082000.0,1252082000.0,1234740000.0,17342000.0,7782334000.0,11141505000.0,7792000.0,,,,707573000.0,7782334000.0,3359171000.0,8567000.0,21386000.0,1870226000.0,1488945000.0,20611000.0,1509556000.0,11141505000.0,636500000.0,637485626.0,648833880.0
