company_name,company_ticker,company_lei,company_cik,year,quarter,start_date,end_date,filing_date,amortizationexpense,basicdilutedeps,basiceps,cashdividendspershare,depreciationexpense,dilutedeps,incometaxexpense,marketingexpense,netincome,netincomecontinuing,netincomediscontinued,netincometocommon,operatingcostofrevenue,operatingrevenue,othergains,otherincome,otheroperatingexpenses,otherrevenue,preferreddividends,sgaexpense,totalcostofrevenue,totalgrossprofit,totalinterestexpense,totalinterestincome,totaloperatingexpenses,totaloperatingincome,totalotherincome,totalpretaxincome,totalrevenue,weightedavebasicdilutedsharesos,weightedavebasicsharesos,weightedavedilutedsharesos
Xcel Energy Inc,XEL,LGJNMI9GH8XIDG5RCM61,72903,2007.0,FY,2007-01-01,2007-12-31,2010-02-26 16:23:37+00:00,,1.38,1.38,0.91,805731000.0,1.35,294484000.0,,577348000.0,575899000.0,1449000.0,573107000.0,5708986000.0,9959724000.0,,9048000.0,379495000.0,74446000.0,4241000.0,1788885000.0,5708986000.0,4325184000.0,528845000.0,39107000.0,2974111000.0,1351073000.0,-480690000.0,870383000.0,10034170000.0,415300000.0,416139000.0,433131000.0
Xcel Energy Inc,XEL,LGJNMI9GH8XIDG5RCM61,72903,2008.0,FY,2008-01-01,2008-12-31,2010-02-26 16:23:37+00:00,,1.47,1.47,0.94,828379000.0,1.46,338686000.0,,645554000.0,645720000.0,-166000.0,641313000.0,6801760000.0,11125981000.0,,40406000.0,404293000.0,77175000.0,4241000.0,1777933000.0,6801760000.0,4401396000.0,513881000.0,67090000.0,3010605000.0,1390791000.0,-406385000.0,984406000.0,11203156000.0,436300000.0,437054000.0,441813000.0
Xcel Energy Inc,XEL,LGJNMI9GH8XIDG5RCM61,72903,2008.0,Q3,2008-07-01,2008-09-30,2009-10-30 16:27:16+00:00,27483000.0,0.51,0.51,0.24,209131000.0,0.51,121551000.0,,222789000.0,222695000.0,94000.0,221729000.0,1674267000.0,2835428000.0,349000.0,9736000.0,70245000.0,16252000.0,1060000.0,422560000.0,1674267000.0,1177413000.0,130152000.0,16319000.0,729419000.0,447994000.0,-104097000.0,343897000.0,2851680000.0,434800000.0,434131000.0,439397000.0
Xcel Energy Inc,XEL,LGJNMI9GH8XIDG5RCM61,72903,2008.0,Q2,2008-04-01,2008-06-30,2009-07-31 15:45:37+00:00,29226000.0,0.24,0.24,0.24,207774000.0,0.24,54819000.0,68562000.0,105572000.0,105473000.0,99000.0,104512000.0,1593336000.0,2597996000.0,483000.0,9161000.0,,17519000.0,1060000.0,456781000.0,1593336000.0,1022179000.0,124127000.0,14939000.0,762343000.0,259836000.0,-100027000.0,159809000.0,2615515000.0,435500000.0,430811000.0,435868000.0
Xcel Energy Inc,XEL,LGJNMI9GH8XIDG5RCM61,72903,2009.0,Q4,2009-10-01,2009-12-31,,,0.37,0.37,0.23,208767000.0,0.37,90733000.0,-73073000.0,168885000.0,170849000.0,-1964000.0,167824000.0,3341123000.0,2597058000.0,-7618000.0,5377000.0,198800000.0,21058000.0,1061000.0,-1410760000.0,3341123000.0,-723007000.0,131079000.0,41643000.0,-1076266000.0,353259000.0,-84059000.0,269200000.0,2618116000.0,457200000.0,456433000.0,457139000.0
Xcel Energy Inc,XEL,LGJNMI9GH8XIDG5RCM61,72903,2009.0,FY,2009-01-01,2009-12-31,2012-02-24 16:42:36+00:00,,1.48,1.48,0.97,818052000.0,1.48,371314000.0,,680887000.0,685524000.0,-4637000.0,676646000.0,6869134000.0,9570426000.0,,9771000.0,488545000.0,73877000.0,4241000.0,,6869134000.0,2775169000.0,521855000.0,100350000.0,1306597000.0,1468572000.0,-411734000.0,1056838000.0,9644303000.0,457200000.0,456433000.0,457139000.0
Xcel Energy Inc,XEL,LGJNMI9GH8XIDG5RCM61,72903,2009.0,Q3,2009-07-01,2009-09-30,2009-10-30 16:27:16+00:00,,0.48,0.48,0.25,198222000.0,0.48,135610000.0,,220828000.0,221793000.0,-965000.0,219768000.0,1058656000.0,2298556000.0,4363000.0,-977000.0,126071000.0,16006000.0,1060000.0,466465000.0,1058656000.0,1255906000.0,129749000.0,18618000.0,790758000.0,465148000.0,-112108000.0,353040000.0,2314562000.0,457900000.0,456769000.0,457453000.0
Xcel Energy Inc,XEL,LGJNMI9GH8XIDG5RCM61,72903,2009.0,Q3YTD,2009-01-01,2009-09-30,,,1.11,1.11,0.74,609285000.0,1.11,280581000.0,73073000.0,512002000.0,514675000.0,-2673000.0,508822000.0,3528011000.0,6973368000.0,7618000.0,4394000.0,289745000.0,52819000.0,3180000.0,1410760000.0,3528011000.0,3498176000.0,390776000.0,58707000.0,2382863000.0,1115313000.0,-327675000.0,787638000.0,7026187000.0,457900000.0,456769000.0,457453000.0
Xcel Energy Inc,XEL,LGJNMI9GH8XIDG5RCM61,72903,2009.0,Q2,2009-04-01,2009-06-30,2009-07-31 15:45:37+00:00,,0.25,0.25,0.25,202348000.0,0.25,57846000.0,73073000.0,117107000.0,117064000.0,43000.0,116047000.0,947476000.0,1999579000.0,3255000.0,3019000.0,41417000.0,16504000.0,1060000.0,472401000.0,947476000.0,1068607000.0,129452000.0,18720000.0,789239000.0,279368000.0,-107713000.0,171655000.0,2016083000.0,464200000.0,456307000.0,456766000.0
Xcel Energy Inc,XEL,LGJNMI9GH8XIDG5RCM61,72903,2009.0,Q2YTD,2009-01-01,2009-06-30,,,0.63,0.63,0.49,411063000.0,0.63,144971000.0,73073000.0,291174000.0,292882000.0,-1708000.0,289054000.0,2469355000.0,4674812000.0,3255000.0,5371000.0,163674000.0,36813000.0,2120000.0,944295000.0,2469355000.0,2242270000.0,261027000.0,40089000.0,1592105000.0,650165000.0,-215567000.0,434598000.0,4711625000.0,464200000.0,456307000.0,456766000.0
Xcel Energy Inc,XEL,LGJNMI9GH8XIDG5RCM61,72903,2009.0,Q1,2009-01-01,2009-03-31,2010-04-30 16:49:26+00:00,,0.38,0.38,0.24,208715000.0,0.38,87125000.0,,174067000.0,175818000.0,-1751000.0,173007000.0,1521879000.0,2675233000.0,,2352000.0,122257000.0,20309000.0,1060000.0,471894000.0,1521879000.0,1173663000.0,131575000.0,21369000.0,802866000.0,370797000.0,-107854000.0,262943000.0,2695542000.0,455300000.0,455192000.0,455952000.0
Xcel Energy Inc,XEL,LGJNMI9GH8XIDG5RCM61,72903,2010.0,Q4,2010-10-01,2010-12-31,,,0.29,0.29,0.25,219579000.0,0.29,71671000.0,,136634000.0,136503000.0,131000.0,135573000.0,3379137000.0,2547062000.0,,1009000.0,153095000.0,19872000.0,1061000.0,-1507247000.0,3379137000.0,-812203000.0,139122000.0,23917000.0,-1134573000.0,322370000.0,-114196000.0,208174000.0,2566934000.0,461100000.0,462052000.0,463391000.0
Xcel Energy Inc,XEL,LGJNMI9GH8XIDG5RCM61,72903,2010.0,FY,2010-01-01,2010-12-31,2013-02-22 16:14:24+00:00,,1.63,1.63,1.0,858882000.0,1.62,436635000.0,,755834000.0,751956000.0,3878000.0,751593000.0,7260375000.0,10234427000.0,,31143000.0,571721000.0,76520000.0,4241000.0,,7260375000.0,3050572000.0,548621000.0,86100000.0,1430603000.0,1619969000.0,-431378000.0,1188591000.0,10310947000.0,461100000.0,462052000.0,463391000.0
Xcel Energy Inc,XEL,LGJNMI9GH8XIDG5RCM61,72903,2010.0,Q3,2010-07-01,2010-09-30,2010-10-29 16:19:26+00:00,,0.68,0.68,0.25,221671000.0,0.67,166200000.0,,312306000.0,312488000.0,-182000.0,311246000.0,1186200000.0,2611511000.0,,27450000.0,142652000.0,17276000.0,1060000.0,509634000.0,1186200000.0,1442587000.0,138526000.0,21134000.0,873957000.0,568630000.0,-89942000.0,478688000.0,2628787000.0,457700000.0,460471000.0,462019000.0
Xcel Energy Inc,XEL,LGJNMI9GH8XIDG5RCM61,72903,2010.0,Q3YTD,2010-01-01,2010-09-30,,,1.34,1.34,0.75,639303000.0,1.33,364964000.0,,619200000.0,615453000.0,3747000.0,616020000.0,3881238000.0,7687365000.0,,30134000.0,418626000.0,56648000.0,3180000.0,1507247000.0,3881238000.0,3862775000.0,409499000.0,62183000.0,2565176000.0,1297599000.0,-317182000.0,980417000.0,7744013000.0,457700000.0,460471000.0,462019000.0
Xcel Energy Inc,XEL,LGJNMI9GH8XIDG5RCM61,72903,2010.0,Q3TTM,2009-10-01,2010-09-30,,,1.71,1.71,0.98,848070000.0,1.7,455697000.0,-73073000.0,788085000.0,786302000.0,1783000.0,783844000.0,7222361000.0,10284423000.0,-7618000.0,35511000.0,617426000.0,77706000.0,4241000.0,96487000.0,7222361000.0,3139768000.0,540578000.0,103826000.0,1488910000.0,1650858000.0,-401241000.0,1249617000.0,10362129000.0,457700000.0,460471000.0,462019000.0
Xcel Energy Inc,XEL,LGJNMI9GH8XIDG5RCM61,72903,2010.0,Q2,2010-04-01,2010-06-30,2010-07-30 17:00:16+00:00,,0.3,0.3,0.25,211506000.0,0.3,76866000.0,,139776000.0,135625000.0,4151000.0,138716000.0,1117755000.0,2290112000.0,,1709000.0,136559000.0,17652000.0,1060000.0,516640000.0,1117755000.0,1190009000.0,134880000.0,20358000.0,864705000.0,325304000.0,-112813000.0,212491000.0,2307764000.0,462400000.0,460041000.0,460432000.0
Xcel Energy Inc,XEL,LGJNMI9GH8XIDG5RCM61,72903,2010.0,Q2YTD,2010-01-01,2010-06-30,,,0.66,0.66,0.5,417632000.0,0.66,198764000.0,,306894000.0,302965000.0,3929000.0,304774000.0,2695038000.0,5075854000.0,,2684000.0,275974000.0,39372000.0,2120000.0,997613000.0,2695038000.0,2420188000.0,270973000.0,41049000.0,1691219000.0,728969000.0,-227240000.0,501729000.0,5115226000.0,462400000.0,460041000.0,460432000.0
Xcel Energy Inc,XEL,LGJNMI9GH8XIDG5RCM61,72903,2010.0,Q2TTM,2009-07-01,2010-06-30,,,1.51,1.51,0.98,824621000.0,1.51,425107000.0,-73073000.0,696607000.0,695607000.0,1000000.0,692366000.0,7094817000.0,9971468000.0,-3255000.0,7084000.0,600845000.0,76436000.0,4241000.0,53318000.0,7094817000.0,2953087000.0,531801000.0,101310000.0,1405711000.0,1547376000.0,-423407000.0,1123969000.0,10047904000.0,462400000.0,460041000.0,460432000.0
Xcel Energy Inc,XEL,LGJNMI9GH8XIDG5RCM61,72903,2010.0,Q1,2010-01-01,2010-03-31,2010-04-30 16:49:26+00:00,,0.36,0.36,0.25,206126000.0,0.36,121898000.0,,167118000.0,167340000.0,-222000.0,166058000.0,1577283000.0,2785742000.0,,975000.0,139415000.0,21720000.0,1060000.0,480973000.0,1577283000.0,1230179000.0,136093000.0,20691000.0,826514000.0,403665000.0,-114427000.0,289238000.0,2807462000.0,461300000.0,458918000.0,459697000.0
Xcel Energy Inc,XEL,LGJNMI9GH8XIDG5RCM61,72903,2010.0,Q1TTM,2009-04-01,2010-03-31,,,1.46,1.46,0.98,815463000.0,1.46,406087000.0,,673938000.0,677046000.0,-3108000.0,669697000.0,6924538000.0,9680935000.0,,8394000.0,505703000.0,75288000.0,4241000.0,9079000.0,6924538000.0,2831685000.0,526373000.0,99672000.0,1330245000.0,1501440000.0,-418307000.0,1083133000.0,9756223000.0,461300000.0,458918000.0,459697000.0
Xcel Energy Inc,XEL,LGJNMI9GH8XIDG5RCM61,72903,2011.0,Q4,2011-10-01,2011-12-31,,,0.28,0.28,0.26,194303000.0,0.28,78478000.0,,140509000.0,140941000.0,-432000.0,140509000.0,2374092000.0,2548909000.0,,960000.0,166041000.0,19501000.0,,-510027000.0,2374092000.0,194318000.0,145789000.0,20247000.0,-149683000.0,344001000.0,-124582000.0,219419000.0,2568410000.0,485100000.0,485039000.0,485615000.0
Xcel Energy Inc,XEL,LGJNMI9GH8XIDG5RCM61,72903,2011.0,FY,2011-01-01,2011-12-31,2013-02-22 16:14:24+00:00,,1.72,1.72,1.03,890619000.0,1.72,468316000.0,,841172000.0,841374000.0,-202000.0,834378000.0,7326356000.0,10578519000.0,,9255000.0,656193000.0,76251000.0,6794000.0,,7326356000.0,3328414000.0,562917000.0,81750000.0,1546812000.0,1781602000.0,-471912000.0,1309690000.0,10654770000.0,485100000.0,485039000.0,485615000.0
Xcel Energy Inc,XEL,LGJNMI9GH8XIDG5RCM61,72903,2011.0,Q3,2011-07-01,2011-09-30,2012-10-26 16:15:36+00:00,,0.69,0.69,0.26,242329000.0,0.69,193304000.0,,338332000.0,338295000.0,37000.0,333658000.0,1777475000.0,2814354000.0,,2550000.0,160298000.0,17244000.0,4674000.0,,1777475000.0,1054123000.0,141710000.0,19263000.0,402627000.0,651496000.0,-119897000.0,531599000.0,2831598000.0,483600000.0,485344000.0,485894000.0
Xcel Energy Inc,XEL,LGJNMI9GH8XIDG5RCM61,72903,2011.0,Q3YTD,2011-01-01,2011-09-30,,,1.44,1.44,0.77,696316000.0,1.44,389838000.0,,700663000.0,700433000.0,230000.0,693869000.0,4952264000.0,8029610000.0,,8295000.0,490152000.0,56750000.0,6794000.0,510027000.0,4952264000.0,3134096000.0,417128000.0,61503000.0,1696495000.0,1437601000.0,-347330000.0,1090271000.0,8086360000.0,483600000.0,485344000.0,485894000.0
Xcel Energy Inc,XEL,LGJNMI9GH8XIDG5RCM61,72903,2011.0,Q3TTM,2010-10-01,2011-09-30,,,1.73,1.73,1.02,915895000.0,1.73,461509000.0,,837297000.0,836936000.0,361000.0,829442000.0,8331401000.0,10576672000.0,,9304000.0,643247000.0,76622000.0,7855000.0,-997220000.0,8331401000.0,2321893000.0,556250000.0,85420000.0,561922000.0,1759971000.0,-461526000.0,1298445000.0,10653294000.0,483600000.0,485344000.0,485894000.0
Xcel Energy Inc,XEL,LGJNMI9GH8XIDG5RCM61,72903,2011.0,Q2,2011-04-01,2011-06-30,2012-08-03 15:41:35+00:00,,0.33,0.33,0.26,229264000.0,0.33,84533000.0,,158762000.0,158671000.0,91000.0,157702000.0,1691530000.0,2419935000.0,,979000.0,157986000.0,18287000.0,1060000.0,,1691530000.0,746692000.0,138500000.0,21283000.0,387250000.0,359442000.0,-116238000.0,243204000.0,2438222000.0,477900000.0,484918000.0,485241000.0
Xcel Energy Inc,XEL,LGJNMI9GH8XIDG5RCM61,72903,2011.0,Q2YTD,2011-01-01,2011-06-30,,,0.75,0.75,0.51,453987000.0,0.75,196534000.0,,362331000.0,362138000.0,193000.0,360211000.0,3174789000.0,5215256000.0,,5745000.0,329854000.0,39506000.0,2120000.0,510027000.0,3174789000.0,2079973000.0,275418000.0,42240000.0,1293868000.0,786105000.0,-227433000.0,558672000.0,5254762000.0,477900000.0,484918000.0,485241000.0
Xcel Energy Inc,XEL,LGJNMI9GH8XIDG5RCM61,72903,2011.0,Q2TTM,2010-07-01,2011-06-30,,,1.72,1.72,1.01,895237000.0,1.71,434405000.0,,811271000.0,811129000.0,142000.0,807030000.0,7740126000.0,10373829000.0,,34204000.0,625601000.0,76654000.0,4241000.0,-487586000.0,7740126000.0,2710357000.0,553066000.0,87291000.0,1033252000.0,1677105000.0,-431571000.0,1245534000.0,10450483000.0,477900000.0,484918000.0,485241000.0
Xcel Energy Inc,XEL,LGJNMI9GH8XIDG5RCM61,72903,2011.0,Q1,2011-01-01,2011-03-31,2011-04-29 16:12:23+00:00,,0.42,0.42,0.25,224723000.0,0.42,112001000.0,,203569000.0,203467000.0,102000.0,202509000.0,1483259000.0,2795321000.0,,4766000.0,171868000.0,21219000.0,1060000.0,510027000.0,1483259000.0,1333281000.0,136918000.0,20957000.0,906618000.0,426663000.0,-111195000.0,315468000.0,2816540000.0,482200000.0,483641000.0,484301000.0
Xcel Energy Inc,XEL,LGJNMI9GH8XIDG5RCM61,72903,2011.0,Q1TTM,2010-04-01,2011-03-31,,,1.69,1.69,1.0,877479000.0,1.68,426738000.0,,792285000.0,788083000.0,4202000.0,788044000.0,7166351000.0,10244006000.0,,34934000.0,604174000.0,76019000.0,4241000.0,29054000.0,7166351000.0,3153674000.0,549446000.0,86366000.0,1510707000.0,1642967000.0,-428146000.0,1214821000.0,10320025000.0,482200000.0,483641000.0,484301000.0
Xcel Energy Inc,XEL,LGJNMI9GH8XIDG5RCM61,72903,2012.0,FY,2012-01-01,2012-12-31,2014-02-21 16:07:31+00:00,,1.86,1.86,1.07,926053000.0,1.85,450203000.0,,905229000.0,905229000.0,,905229000.0,6710036000.0,10054670000.0,,6175000.0,669451000.0,73553000.0,0.0,,6710036000.0,3418187000.0,566237000.0,92811000.0,1595504000.0,1822683000.0,-467251000.0,1355432000.0,10128223000.0,486700000.0,487899000.0,488434000.0
Xcel Energy Inc,XEL,LGJNMI9GH8XIDG5RCM61,72903,2012.0,Q4,2012-10-01,2012-12-31,,,0.28,0.28,0.27,231689000.0,0.28,70042000.0,,140170000.0,140238000.0,-68000.0,140170000.0,1830732000.0,2531489000.0,,1222000.0,172317000.0,19646000.0,,,1830732000.0,720403000.0,133496000.0,26157000.0,404006000.0,316397000.0,-106117000.0,210280000.0,2551135000.0,486700000.0,487899000.0,488434000.0
Xcel Energy Inc,XEL,LGJNMI9GH8XIDG5RCM61,72903,2012.0,Q3,2012-07-01,2012-09-30,2012-10-26 16:15:36+00:00,,0.82,0.82,0.27,239051000.0,0.81,202845000.0,,398106000.0,398147000.0,-41000.0,398106000.0,1595300000.0,2707222000.0,,488000.0,169556000.0,17119000.0,0.0,,1595300000.0,1129041000.0,143280000.0,23350000.0,408607000.0,720434000.0,-119442000.0,600992000.0,2724341000.0,485500000.0,488084000.0,488578000.0
Xcel Energy Inc,XEL,LGJNMI9GH8XIDG5RCM61,72903,2012.0,Q3YTD,2012-01-01,2012-09-30,,,1.58,1.58,0.8,694364000.0,1.57,380161000.0,,765059000.0,764991000.0,68000.0,765059000.0,4879304000.0,7523181000.0,,4953000.0,497134000.0,53907000.0,,,4879304000.0,2697784000.0,432741000.0,66654000.0,1191498000.0,1506286000.0,-361134000.0,1145152000.0,7577088000.0,485500000.0,488084000.0,488578000.0
Xcel Energy Inc,XEL,LGJNMI9GH8XIDG5RCM61,72903,2012.0,Q3TTM,2011-10-01,2012-09-30,,,1.86,1.86,1.06,888667000.0,1.85,458639000.0,,905568000.0,905932000.0,-364000.0,905568000.0,7253396000.0,10072090000.0,,5913000.0,663175000.0,73408000.0,,-510027000.0,7253396000.0,2892102000.0,578530000.0,86901000.0,1041815000.0,1850287000.0,-485716000.0,1364571000.0,10145498000.0,485500000.0,488084000.0,488578000.0
Xcel Energy Inc,XEL,LGJNMI9GH8XIDG5RCM61,72903,2012.0,Q2,2012-04-01,2012-06-30,2012-08-03 15:41:35+00:00,,0.38,0.38,0.27,226641000.0,0.38,101801000.0,,183060000.0,183075000.0,-15000.0,183060000.0,1484090000.0,2258142000.0,,728000.0,158247000.0,16526000.0,0.0,,1484090000.0,790578000.0,144238000.0,22696000.0,384888000.0,405690000.0,-120814000.0,284876000.0,2274668000.0,481700000.0,487717000.0,488017000.0
Xcel Energy Inc,XEL,LGJNMI9GH8XIDG5RCM61,72903,2012.0,Q2YTD,2012-01-01,2012-06-30,,,0.76,0.76,0.53,455313000.0,0.76,177316000.0,,366953000.0,366844000.0,109000.0,366953000.0,3284004000.0,4815959000.0,,4465000.0,327578000.0,36788000.0,,,3284004000.0,1568743000.0,289461000.0,43304000.0,782891000.0,785852000.0,-241692000.0,544160000.0,4852747000.0,481700000.0,487717000.0,488017000.0
Xcel Energy Inc,XEL,LGJNMI9GH8XIDG5RCM61,72903,2012.0,Q2TTM,2011-07-01,2012-06-30,,,1.73,1.73,1.05,891945000.0,1.73,449098000.0,,845794000.0,846080000.0,-286000.0,841120000.0,7435571000.0,10179222000.0,,7975000.0,653917000.0,73533000.0,4674000.0,-510027000.0,7435571000.0,2817184000.0,576960000.0,82814000.0,1035835000.0,1781349000.0,-486171000.0,1295178000.0,10252755000.0,481700000.0,487717000.0,488017000.0
Xcel Energy Inc,XEL,LGJNMI9GH8XIDG5RCM61,72903,2012.0,Q1,2012-01-01,2012-03-31,2012-04-27 16:33:09+00:00,,0.38,0.38,0.26,228672000.0,0.38,75515000.0,,183893000.0,183769000.0,124000.0,183893000.0,1799914000.0,2557817000.0,,3737000.0,169331000.0,20262000.0,0.0,,1799914000.0,778165000.0,145223000.0,20608000.0,398003000.0,380162000.0,-120878000.0,259284000.0,2578079000.0,483900000.0,487360000.0,487995000.0
Xcel Energy Inc,XEL,LGJNMI9GH8XIDG5RCM61,72903,2012.0,Q1TTM,2011-04-01,2012-03-31,,,1.68,1.68,1.04,894568000.0,1.68,431830000.0,,821496000.0,821676000.0,-180000.0,815762000.0,7643011000.0,10341015000.0,,8226000.0,653656000.0,75294000.0,5734000.0,-510027000.0,7643011000.0,2773298000.0,571222000.0,81401000.0,1038197000.0,1735101000.0,-481595000.0,1253506000.0,10416309000.0,483900000.0,487360000.0,487995000.0
Xcel Energy Inc,XEL,LGJNMI9GH8XIDG5RCM61,72903,2013.0,Q4,2013-10-01,2013-12-31,,,0.3,0.3,0.28,256732000.0,0.3,73300000.0,,150055000.0,150228000.0,-173000.0,150055000.0,1980335000.0,2710451000.0,,-959000.0,168173000.0,20371000.0,,,1980335000.0,750487000.0,133272000.0,32177000.0,424905000.0,325582000.0,-102054000.0,223528000.0,2730822000.0,496500000.0,496073000.0,496532000.0
Xcel Energy Inc,XEL,LGJNMI9GH8XIDG5RCM61,72903,2013.0,FY,2013-01-01,2013-12-31,2015-02-20 16:02:27+00:00,,1.91,1.91,1.11,977863000.0,1.91,483976000.0,,948234000.0,948234000.0,,948234000.0,7408278000.0,10838724000.0,,2972000.0,681226000.0,76198000.0,,,7408278000.0,3506644000.0,536020000.0,117703000.0,1659089000.0,1847555000.0,-415345000.0,1432210000.0,10914922000.0,496500000.0,496073000.0,496532000.0
Xcel Energy Inc,XEL,LGJNMI9GH8XIDG5RCM61,72903,2013.0,Q3,2013-07-01,2013-09-30,2013-10-25 15:40:50+00:00,,0.73,0.73,0.28,228491000.0,0.73,193349000.0,,364752000.0,364536000.0,216000.0,364752000.0,1755636000.0,2805283000.0,,-404000.0,173098000.0,17055000.0,,,1755636000.0,1066702000.0,135381000.0,28557000.0,401589000.0,665113000.0,-107228000.0,557885000.0,2822338000.0,499700000.0,498149000.0,498641000.0
Xcel Energy Inc,XEL,LGJNMI9GH8XIDG5RCM61,72903,2013.0,Q3YTD,2013-01-01,2013-09-30,,,1.61,1.61,0.83,721131000.0,1.61,410676000.0,,798179000.0,798006000.0,173000.0,798179000.0,5427943000.0,8128273000.0,,3931000.0,513053000.0,55827000.0,,,5427943000.0,2756157000.0,402748000.0,85526000.0,1234184000.0,1521973000.0,-313291000.0,1208682000.0,8184100000.0,499700000.0,498149000.0,498641000.0
Xcel Energy Inc,XEL,LGJNMI9GH8XIDG5RCM61,72903,2013.0,Q3TTM,2012-10-01,2013-09-30,,,1.89,1.89,1.1,952820000.0,1.89,480718000.0,,938349000.0,938244000.0,105000.0,938349000.0,7258675000.0,10659762000.0,,5153000.0,685370000.0,75473000.0,,,7258675000.0,3476560000.0,536244000.0,111683000.0,1638190000.0,1838370000.0,-419408000.0,1418962000.0,10735235000.0,499700000.0,498149000.0,498641000.0
Xcel Energy Inc,XEL,LGJNMI9GH8XIDG5RCM61,72903,2013.0,Q2,2013-04-01,2013-06-30,2013-08-02 15:12:53+00:00,,0.4,0.4,0.28,243934000.0,0.4,98893000.0,,196857000.0,196882000.0,-25000.0,196857000.0,1770247000.0,2561198000.0,,413000.0,162496000.0,17715000.0,,,1770247000.0,808666000.0,136512000.0,29638000.0,406430000.0,402236000.0,-106461000.0,295775000.0,2578913000.0,492100000.0,497747000.0,498036000.0
Xcel Energy Inc,XEL,LGJNMI9GH8XIDG5RCM61,72903,2013.0,Q2YTD,2013-01-01,2013-06-30,,,0.88,0.88,0.55,492640000.0,0.88,217327000.0,,433427000.0,433470000.0,-43000.0,433427000.0,3672307000.0,5322990000.0,,4335000.0,339955000.0,38772000.0,,,3672307000.0,1689455000.0,267367000.0,56969000.0,832595000.0,856860000.0,-206063000.0,650797000.0,5361762000.0,492100000.0,497747000.0,498036000.0
Xcel Energy Inc,XEL,LGJNMI9GH8XIDG5RCM61,72903,2013.0,Q2TTM,2012-07-01,2013-06-30,,,1.98,1.98,1.09,963380000.0,1.97,490214000.0,,971703000.0,971855000.0,-152000.0,971703000.0,7098339000.0,10561701000.0,,6045000.0,681828000.0,75537000.0,,,7098339000.0,3538899000.0,544143000.0,106476000.0,1645208000.0,1893691000.0,-431622000.0,1462069000.0,10637238000.0,492100000.0,497747000.0,498036000.0
Xcel Energy Inc,XEL,LGJNMI9GH8XIDG5RCM61,72903,2013.0,Q1,2013-01-01,2013-03-31,2013-05-03 16:11:18+00:00,,0.48,0.48,0.27,248706000.0,0.48,118434000.0,,236570000.0,236588000.0,-18000.0,236570000.0,1902060000.0,2761792000.0,,3922000.0,177459000.0,21057000.0,,,1902060000.0,880789000.0,130855000.0,27331000.0,426165000.0,454624000.0,-99602000.0,355022000.0,2782849000.0,492900000.0,489781000.0,490531000.0
Xcel Energy Inc,XEL,LGJNMI9GH8XIDG5RCM61,72903,2013.0,Q1TTM,2012-04-01,2013-03-31,,,1.96,1.96,1.08,946087000.0,1.95,493122000.0,,957906000.0,958048000.0,-142000.0,957906000.0,6812182000.0,10258645000.0,,6360000.0,677579000.0,74348000.0,,,6812182000.0,3520811000.0,551869000.0,99534000.0,1623666000.0,1897145000.0,-445975000.0,1451170000.0,10332993000.0,492900000.0,489781000.0,490531000.0
Xcel Energy Inc,XEL,LGJNMI9GH8XIDG5RCM61,72903,2014.0,FY,2014-01-01,2014-12-31,2017-02-24 14:47:24+00:00,,2.03,2.03,1.2,1019045000.0,2.03,523815000.0,,1021306000.0,1021306000.0,,1021306000.0,7951352000.0,11608628000.0,,5296000.0,767608000.0,77507000.0,,,7951352000.0,3734783000.0,528206000.0,119901000.0,1786653000.0,1948130000.0,-403009000.0,1545121000.0,11686135000.0,503100000.0,503847000.0,504117000.0
Xcel Energy Inc,XEL,LGJNMI9GH8XIDG5RCM61,72903,2014.0,Q4,2014-10-01,2014-12-31,,,0.39,0.39,0.3,262400000.0,0.39,87817000.0,,196339000.0,196339000.0,,196339000.0,2089860000.0,2907465000.0,,609000.0,185118000.0,21163000.0,,,2089860000.0,838768000.0,136102000.0,28399000.0,447518000.0,391250000.0,-107094000.0,284156000.0,2928628000.0,503100000.0,503847000.0,504117000.0
Xcel Energy Inc,XEL,LGJNMI9GH8XIDG5RCM61,72903,2014.0,Q3,2014-07-01,2014-09-30,2015-10-30 15:53:33+00:00,,0.73,0.73,0.3,255395000.0,0.73,195969000.0,,368582000.0,368582000.0,,368582000.0,1755602000.0,2853000000.0,,1404000.0,193130000.0,16807000.0,,,1755602000.0,1114205000.0,133271000.0,30738000.0,448525000.0,665680000.0,-101129000.0,564551000.0,2869807000.0,504900000.0,506082000.0,506365000.0
Xcel Energy Inc,XEL,LGJNMI9GH8XIDG5RCM61,72903,2014.0,Q3YTD,2014-01-01,2014-09-30,,,1.64,1.64,0.9,756645000.0,1.64,435998000.0,,824967000.0,824967000.0,,824967000.0,5861492000.0,8701163000.0,,4687000.0,582490000.0,56344000.0,,,5861492000.0,2896015000.0,392104000.0,91502000.0,1339135000.0,1556880000.0,-295915000.0,1260965000.0,8757507000.0,504900000.0,506082000.0,506365000.0
Xcel Energy Inc,XEL,LGJNMI9GH8XIDG5RCM61,72903,2014.0,Q3TTM,2013-10-01,2014-09-30,,,1.94,1.94,1.18,1013377000.0,1.94,509298000.0,,975022000.0,975195000.0,-173000.0,975022000.0,7841827000.0,11411614000.0,,3728000.0,750663000.0,76715000.0,,,7841827000.0,3646502000.0,525376000.0,123679000.0,1764040000.0,1882462000.0,-397969000.0,1484493000.0,11488329000.0,504900000.0,506082000.0,506365000.0
Xcel Energy Inc,XEL,LGJNMI9GH8XIDG5RCM61,72903,2014.0,Q2,2014-04-01,2014-06-30,2015-07-31 15:11:48+00:00,,0.39,0.39,0.3,255307000.0,0.39,104258000.0,,195164000.0,195164000.0,,195164000.0,1845469000.0,2666765000.0,,82000.0,187112000.0,18331000.0,,,1845469000.0,839627000.0,129287000.0,31419000.0,442419000.0,397208000.0,-97786000.0,299422000.0,2685096000.0,500400000.0,503272000.0,503456000.0
Xcel Energy Inc,XEL,LGJNMI9GH8XIDG5RCM61,72903,2014.0,Q2YTD,2014-01-01,2014-06-30,,,0.91,0.91,0.6,501250000.0,0.91,240029000.0,,456385000.0,456385000.0,,456385000.0,4105890000.0,5848163000.0,,3283000.0,389360000.0,39537000.0,,,4105890000.0,1781810000.0,258833000.0,60764000.0,890610000.0,891200000.0,-194786000.0,696414000.0,5887700000.0,500400000.0,503272000.0,503456000.0
Xcel Energy Inc,XEL,LGJNMI9GH8XIDG5RCM61,72903,2014.0,Q2TTM,2013-07-01,2014-06-30,,,1.94,1.94,1.16,986473000.0,1.94,506678000.0,,971192000.0,971149000.0,43000.0,971192000.0,7841861000.0,11363897000.0,,1920000.0,730631000.0,76963000.0,,,7841861000.0,3598999000.0,527486000.0,121498000.0,1717104000.0,1881895000.0,-404068000.0,1477827000.0,11440860000.0,500400000.0,503272000.0,503456000.0
Xcel Energy Inc,XEL,LGJNMI9GH8XIDG5RCM61,72903,2014.0,Q1,2014-01-01,2014-03-31,2014-05-02 15:34:23+00:00,,0.52,0.52,0.3,245943000.0,0.52,135771000.0,,261221000.0,261221000.0,,261221000.0,2260421000.0,3181398000.0,,3201000.0,202248000.0,21206000.0,,,2260421000.0,942183000.0,129546000.0,29345000.0,448191000.0,493992000.0,-97000000.0,396992000.0,3202604000.0,502300000.0,499523000.0,499746000.0
Xcel Energy Inc,XEL,LGJNMI9GH8XIDG5RCM61,72903,2014.0,Q1TTM,2013-04-01,2014-03-31,,,1.95,1.95,1.14,975100000.0,1.95,501313000.0,,972885000.0,972867000.0,18000.0,972885000.0,7766639000.0,11258330000.0,,2251000.0,706015000.0,76347000.0,,,7766639000.0,3568038000.0,534711000.0,119717000.0,1681115000.0,1886923000.0,-412743000.0,1474180000.0,11334677000.0,502300000.0,499523000.0,499746000.0
Xcel Energy Inc,XEL,LGJNMI9GH8XIDG5RCM61,72903,2015.0,FY,2015-01-01,2015-12-31,2018-02-23 16:43:58+00:00,,1.94,1.94,1.28,1124000000.0,1.94,543000000.0,,984000000.0,984000000.0,,984000000.0,7034000000.0,10948000000.0,,6000000.0,866000000.0,76000000.0,,,7034000000.0,3990000000.0,569000000.0,90000000.0,1990000000.0,2000000000.0,-473000000.0,1527000000.0,11024000000.0,507200000.0,507800000.0,508000000.0
Xcel Energy Inc,XEL,LGJNMI9GH8XIDG5RCM61,72903,2015.0,Q4,2015-10-01,2015-12-31,,,0.41,0.41,0.32,296179000.0,0.41,110510000.0,,208540000.0,208540000.0,,208540000.0,1726819000.0,2626051000.0,,252000.0,181839000.0,19284000.0,,,1726819000.0,918516000.0,146612000.0,24912000.0,478018000.0,440498000.0,-121448000.0,319050000.0,2645335000.0,507200000.0,507800000.0,508000000.0
Xcel Energy Inc,XEL,LGJNMI9GH8XIDG5RCM61,72903,2015.0,Q3,2015-07-01,2015-09-30,2016-10-28 15:09:18+00:00,,0.84,0.84,0.32,280121000.0,0.84,239029000.0,,426463000.0,426463000.0,,426463000.0,1654984000.0,2883499000.0,,1626000.0,180395000.0,17813000.0,,,1654984000.0,1246328000.0,145535000.0,23589000.0,460516000.0,785812000.0,-120320000.0,665492000.0,2901312000.0,507700000.0,508031000.0,508427000.0
Xcel Energy Inc,XEL,LGJNMI9GH8XIDG5RCM61,72903,2015.0,Q3YTD,2015-01-01,2015-09-30,,,1.53,1.53,0.96,827821000.0,1.53,432490000.0,,775460000.0,775460000.0,,775460000.0,5307181000.0,8321949000.0,,5748000.0,684161000.0,56716000.0,,,5307181000.0,3071484000.0,422388000.0,65088000.0,1511982000.0,1559502000.0,-351552000.0,1207950000.0,8378665000.0,507700000.0,508031000.0,508427000.0
Xcel Energy Inc,XEL,LGJNMI9GH8XIDG5RCM61,72903,2015.0,Q3TTM,2014-10-01,2015-09-30,,,1.92,1.92,1.26,1090221000.0,1.92,520307000.0,,971799000.0,971799000.0,,971799000.0,7397041000.0,11229414000.0,,6357000.0,869279000.0,77879000.0,,,7397041000.0,3910252000.0,558490000.0,93487000.0,1959500000.0,1950752000.0,-458646000.0,1492106000.0,11307293000.0,507700000.0,508031000.0,508427000.0
Xcel Energy Inc,XEL,LGJNMI9GH8XIDG5RCM61,72903,2015.0,Q2,2015-04-01,2015-06-30,2016-08-04 15:57:20+00:00,,0.39,0.39,0.32,274602000.0,0.39,109881000.0,,196931000.0,196931000.0,,196931000.0,1633815000.0,2497591000.0,,961000.0,183872000.0,17543000.0,,,1633815000.0,881319000.0,138057000.0,21063000.0,458474000.0,422845000.0,-116033000.0,306812000.0,2515134000.0,505000000.0,507707000.0,508074000.0
Xcel Energy Inc,XEL,LGJNMI9GH8XIDG5RCM61,72903,2015.0,Q2YTD,2015-01-01,2015-06-30,,,0.69,0.69,0.64,547700000.0,0.69,193461000.0,,348997000.0,348997000.0,,348997000.0,3652197000.0,5438450000.0,,4122000.0,503766000.0,38903000.0,,,3652197000.0,1825156000.0,276853000.0,41499000.0,1051466000.0,773690000.0,-231232000.0,542458000.0,5477353000.0,505000000.0,507707000.0,508074000.0
Xcel Energy Inc,XEL,LGJNMI9GH8XIDG5RCM61,72903,2015.0,Q2TTM,2014-07-01,2015-06-30,,,1.81,1.81,1.24,1065495000.0,1.81,477247000.0,,913918000.0,913918000.0,,913918000.0,7497659000.0,11198915000.0,,6135000.0,882014000.0,76873000.0,,,7497659000.0,3778129000.0,546226000.0,100636000.0,1947509000.0,1830620000.0,-439455000.0,1391165000.0,11275788000.0,505000000.0,507707000.0,508074000.0
Xcel Energy Inc,XEL,LGJNMI9GH8XIDG5RCM61,72903,2015.0,Q1,2015-01-01,2015-03-31,2016-05-10 16:19:49+00:00,,0.3,0.3,0.32,273098000.0,0.3,83580000.0,,152066000.0,152066000.0,,152066000.0,2018382000.0,2940859000.0,,3161000.0,319894000.0,21360000.0,,,2018382000.0,943837000.0,138796000.0,20436000.0,592992000.0,350845000.0,-115199000.0,235646000.0,2962219000.0,506900000.0,506983000.0,507393000.0
Xcel Energy Inc,XEL,LGJNMI9GH8XIDG5RCM61,72903,2015.0,Q1TTM,2014-04-01,2015-03-31,,,1.81,1.81,1.22,1046200000.0,1.81,471624000.0,,912151000.0,912151000.0,,912151000.0,7709313000.0,11368089000.0,,5256000.0,885254000.0,77661000.0,,,7709313000.0,3736437000.0,537456000.0,110992000.0,1931454000.0,1804983000.0,-421208000.0,1383775000.0,11445750000.0,506900000.0,506983000.0,507393000.0
Xcel Energy Inc,XEL,LGJNMI9GH8XIDG5RCM61,72903,2016.0,FY,2016-01-01,2016-12-31,2019-02-22 13:40:24+00:00,,2.21,2.21,1.36,1303000000.0,2.21,581000000.0,,1123000000.0,1123000000.0,,1123000000.0,6787000000.0,11107000000.0,,-18000000.0,777000000.0,,,,6787000000.0,4320000000.0,620000000.0,102000000.0,2080000000.0,2240000000.0,-536000000.0,1704000000.0,11107000000.0,508100000.0,509000000.0,509000000.0
Xcel Energy Inc,XEL,LGJNMI9GH8XIDG5RCM61,72903,2016.0,Q4,2016-10-01,2016-12-31,,,0.45,0.45,0.34,331943000.0,0.45,109541000.0,,227098000.0,227098000.0,,227098000.0,1772541000.0,2851231000.0,,-24388000.0,198752000.0,-56500000.0,,,1772541000.0,1022190000.0,154926000.0,24458000.0,530695000.0,491495000.0,-154856000.0,336639000.0,2794731000.0,508100000.0,509000000.0,509000000.0
Xcel Energy Inc,XEL,LGJNMI9GH8XIDG5RCM61,72903,2016.0,Q3,2016-07-01,2016-09-30,2017-10-27 15:06:10+00:00,,0.9,0.9,0.34,328503000.0,0.9,238412000.0,,457795000.0,457795000.0,,457795000.0,1703486000.0,3021920000.0,,578000.0,181104000.0,18227000.0,,,1703486000.0,1336661000.0,158325000.0,26900000.0,509607000.0,827054000.0,-130847000.0,696207000.0,3040147000.0,508700000.0,508941000.0,509566000.0
Xcel Energy Inc,XEL,LGJNMI9GH8XIDG5RCM61,72903,2016.0,Q3YTD,2016-01-01,2016-09-30,,,1.76,1.76,1.02,971057000.0,1.76,471459000.0,,895902000.0,895902000.0,,895902000.0,5014459000.0,8255769000.0,,6388000.0,578248000.0,56500000.0,,,5014459000.0,3297810000.0,465074000.0,77542000.0,1549305000.0,1748505000.0,-381144000.0,1367361000.0,8312269000.0,508700000.0,508941000.0,509566000.0
Xcel Energy Inc,XEL,LGJNMI9GH8XIDG5RCM61,72903,2016.0,Q3TTM,2015-10-01,2016-09-30,,,2.17,2.17,1.34,1267236000.0,2.17,581969000.0,,1104442000.0,1104442000.0,,1104442000.0,6741278000.0,10881820000.0,,6640000.0,760087000.0,75784000.0,,,6741278000.0,4216326000.0,611686000.0,102454000.0,2027323000.0,2189003000.0,-502592000.0,1686411000.0,10957604000.0,508700000.0,508941000.0,509566000.0
Xcel Energy Inc,XEL,LGJNMI9GH8XIDG5RCM61,72903,2016.0,Q2,2016-04-01,2016-06-30,2017-07-28 15:13:23+00:00,,0.39,0.39,0.34,322534000.0,0.39,104397000.0,,196795000.0,196795000.0,,196795000.0,1551349000.0,2483041000.0,,1560000.0,194385000.0,16808000.0,,,1551349000.0,948500000.0,156296000.0,24347000.0,516919000.0,431581000.0,-130389000.0,301192000.0,2499849000.0,504600000.0,508930000.0,509490000.0
Xcel Energy Inc,XEL,LGJNMI9GH8XIDG5RCM61,72903,2016.0,Q2YTD,2016-01-01,2016-06-30,,,0.86,0.86,0.68,642554000.0,0.86,233047000.0,,438107000.0,438107000.0,,438107000.0,3310973000.0,5233849000.0,,5810000.0,397144000.0,38273000.0,,,3310973000.0,1961149000.0,306749000.0,50642000.0,1039698000.0,921451000.0,-250297000.0,671154000.0,5272122000.0,504600000.0,508930000.0,509490000.0
Xcel Energy Inc,XEL,LGJNMI9GH8XIDG5RCM61,72903,2016.0,Q2TTM,2015-07-01,2016-06-30,,,2.11,2.11,1.32,1218854000.0,2.11,582586000.0,,1073110000.0,1073110000.0,,1073110000.0,6692776000.0,10743399000.0,,7688000.0,759378000.0,75370000.0,,,6692776000.0,4125993000.0,598896000.0,99143000.0,1978232000.0,2147761000.0,-492065000.0,1655696000.0,10818769000.0,504600000.0,508930000.0,509490000.0
Xcel Energy Inc,XEL,LGJNMI9GH8XIDG5RCM61,72903,2016.0,Q1,2016-01-01,2016-03-31,2017-04-28 15:59:14+00:00,,0.47,0.47,0.34,320020000.0,0.47,128650000.0,,241312000.0,241312000.0,,241312000.0,1759624000.0,2750808000.0,,4250000.0,202759000.0,21465000.0,,,1759624000.0,1012649000.0,150453000.0,26295000.0,522779000.0,489870000.0,-119908000.0,369962000.0,2772273000.0,513400000.0,508667000.0,509150000.0
Xcel Energy Inc,XEL,LGJNMI9GH8XIDG5RCM61,72903,2016.0,Q1TTM,2015-04-01,2016-03-31,,,2.11,2.11,1.3,1170922000.0,2.11,588070000.0,,1073246000.0,1073246000.0,,1073246000.0,6775242000.0,10757949000.0,,7089000.0,748865000.0,76105000.0,,,6775242000.0,4058812000.0,580657000.0,95859000.0,1919787000.0,2139025000.0,-477709000.0,1661316000.0,10834054000.0,513400000.0,508667000.0,509150000.0
Xcel Energy Inc,XEL,LGJNMI9GH8XIDG5RCM61,72903,2017.0,FY,2017-01-01,2017-12-31,2020-02-21 15:32:33+00:00,,2.26,2.26,1.44,1479000000.0,2.25,542000000.0,,1148000000.0,1148000000.0,,1148000000.0,6884000000.0,11404000000.0,,-10000000.0,818000000.0,,,,6884000000.0,4520000000.0,628000000.0,105000000.0,2297000000.0,2223000000.0,-533000000.0,1690000000.0,11404000000.0,508000000.0,509000000.0,509000000.0
Xcel Energy Inc,XEL,LGJNMI9GH8XIDG5RCM61,72903,2017.0,Q4,2017-10-01,2017-12-31,,,0.37,0.37,0.36,377000000.0,0.36,118000000.0,,190000000.0,190000000.0,,190000000.0,2784000000.0,2834000000.0,,-6000000.0,-806000000.0,-38000000.0,,,2784000000.0,12000000.0,156000000.0,29000000.0,-429000000.0,441000000.0,-133000000.0,308000000.0,2796000000.0,508000000.0,509000000.0,509000000.0
Xcel Energy Inc,XEL,LGJNMI9GH8XIDG5RCM61,72903,2017.0,Q3,2017-07-01,2017-09-30,2018-10-26 16:31:58+00:00,,0.97,0.97,0.36,371000000.0,0.97,205000000.0,,492000000.0,492000000.0,,492000000.0,608000000.0,3017000000.0,,-1000000.0,1214000000.0,,,,608000000.0,2409000000.0,157000000.0,31000000.0,1585000000.0,824000000.0,-127000000.0,697000000.0,3017000000.0,507200000.0,508600000.0,509200000.0
Xcel Energy Inc,XEL,LGJNMI9GH8XIDG5RCM61,72903,2017.0,Q3YTD,2017-01-01,2017-09-30,,,1.89,1.89,1.08,1102000000.0,1.89,424000000.0,,958000000.0,958000000.0,,958000000.0,4100000000.0,8570000000.0,,-4000000.0,1624000000.0,38000000.0,,,4100000000.0,4508000000.0,472000000.0,76000000.0,2726000000.0,1782000000.0,-400000000.0,1382000000.0,8608000000.0,507200000.0,508600000.0,509200000.0
Xcel Energy Inc,XEL,LGJNMI9GH8XIDG5RCM61,72903,2017.0,Q3TTM,2016-10-01,2017-09-30,,,2.34,2.34,1.42,1433943000.0,2.34,533541000.0,,1185098000.0,1185098000.0,,1185098000.0,5872541000.0,11421231000.0,,-28388000.0,1822752000.0,-18500000.0,,,5872541000.0,5530190000.0,626926000.0,100458000.0,3256695000.0,2273495000.0,-554856000.0,1718639000.0,11402731000.0,507200000.0,508600000.0,509200000.0
Xcel Energy Inc,XEL,LGJNMI9GH8XIDG5RCM61,72903,2017.0,Q2,2017-04-01,2017-06-30,2018-07-27 15:15:19+00:00,,0.45,0.45,0.36,366000000.0,0.45,102000000.0,,227000000.0,227000000.0,,227000000.0,1613000000.0,2628000000.0,,-4000000.0,200000000.0,17000000.0,,,1613000000.0,1032000000.0,156000000.0,23000000.0,566000000.0,466000000.0,-137000000.0,329000000.0,2645000000.0,504400000.0,509000000.0,509000000.0
Xcel Energy Inc,XEL,LGJNMI9GH8XIDG5RCM61,72903,2017.0,Q2YTD,2017-01-01,2017-06-30,,,0.92,0.92,0.72,731000000.0,0.92,219000000.0,,466000000.0,466000000.0,,466000000.0,3492000000.0,5553000000.0,,-3000000.0,410000000.0,38000000.0,,,3492000000.0,2099000000.0,315000000.0,45000000.0,1141000000.0,958000000.0,-273000000.0,685000000.0,5591000000.0,504400000.0,509000000.0,509000000.0
Xcel Energy Inc,XEL,LGJNMI9GH8XIDG5RCM61,72903,2017.0,Q2TTM,2016-07-01,2017-06-30,,,2.27,2.27,1.4,1391446000.0,2.27,566953000.0,,1150893000.0,1150893000.0,,1150893000.0,6968027000.0,11426151000.0,,-26810000.0,789856000.0,-273000.0,,,6968027000.0,4457851000.0,628251000.0,96358000.0,2181302000.0,2276549000.0,-558703000.0,1717846000.0,11425878000.0,504400000.0,509000000.0,509000000.0
Xcel Energy Inc,XEL,LGJNMI9GH8XIDG5RCM61,72903,2017.0,Q1,2017-01-01,2017-03-31,2018-04-27 13:27:46+00:00,,0.47,0.47,0.36,365000000.0,0.47,117000000.0,,239000000.0,239000000.0,,239000000.0,1879000000.0,2925000000.0,,1000000.0,210000000.0,21000000.0,,,1879000000.0,1067000000.0,159000000.0,22000000.0,575000000.0,492000000.0,-136000000.0,356000000.0,2946000000.0,508500000.0,508300000.0,508800000.0
Xcel Energy Inc,XEL,LGJNMI9GH8XIDG5RCM61,72903,2017.0,Q1TTM,2016-04-01,2017-03-31,,,2.21,2.21,1.38,1347980000.0,2.21,569350000.0,,1120688000.0,1120688000.0,,1120688000.0,6906376000.0,11281192000.0,,-21250000.0,784241000.0,-465000.0,,,6906376000.0,4374351000.0,628547000.0,97705000.0,2132221000.0,2242130000.0,-552092000.0,1690038000.0,11280727000.0,508500000.0,508300000.0,508800000.0
Xcel Energy Inc,XEL,LGJNMI9GH8XIDG5RCM61,72903,2018.0,FY,2018-01-01,2018-12-31,2020-02-21 15:32:33+00:00,,2.47,2.47,1.52,1642000000.0,2.47,181000000.0,,1261000000.0,1261000000.0,,1261000000.0,7084000000.0,11537000000.0,,-14000000.0,846000000.0,,,,7084000000.0,4453000000.0,652000000.0,143000000.0,2488000000.0,1965000000.0,-523000000.0,1442000000.0,11537000000.0,510500000.0,511000000.0,511000000.0
Xcel Energy Inc,XEL,LGJNMI9GH8XIDG5RCM61,72903,2018.0,Q4,2018-10-01,2018-12-31,,,0.42,0.42,0.76,442000000.0,0.42,-5000000.0,,214000000.0,214000000.0,,214000000.0,3754000000.0,2880000000.0,,-6000000.0,-1655000000.0,,,,3754000000.0,-874000000.0,164000000.0,40000000.0,-1213000000.0,339000000.0,-130000000.0,209000000.0,2880000000.0,510500000.0,511000000.0,511000000.0
Xcel Energy Inc,XEL,LGJNMI9GH8XIDG5RCM61,72903,2018.0,Q3,2018-07-01,2018-09-30,2019-10-25 12:25:36+00:00,,0.96,0.96,,440000000.0,0.96,73000000.0,,491000000.0,491000000.0,,491000000.0,1700000000.0,3048000000.0,,-7000000.0,212000000.0,,,,1700000000.0,1348000000.0,164000000.0,39000000.0,652000000.0,696000000.0,-132000000.0,564000000.0,3048000000.0,511500000.0,510000000.0,511000000.0
Xcel Energy Inc,XEL,LGJNMI9GH8XIDG5RCM61,72903,2018.0,Q3YTD,2018-01-01,2018-09-30,,,2.05,2.05,0.76,1200000000.0,2.05,186000000.0,,1047000000.0,1047000000.0,,1047000000.0,3330000000.0,8657000000.0,,-8000000.0,2501000000.0,,,,3330000000.0,5327000000.0,488000000.0,103000000.0,3701000000.0,1626000000.0,-393000000.0,1233000000.0,8657000000.0,511500000.0,510000000.0,511000000.0
Xcel Energy Inc,XEL,LGJNMI9GH8XIDG5RCM61,72903,2018.0,Q3TTM,2017-10-01,2018-09-30,,,2.42,2.42,1.12,1577000000.0,2.41,304000000.0,,1237000000.0,1237000000.0,,1237000000.0,6114000000.0,11491000000.0,,-14000000.0,1695000000.0,-38000000.0,,,6114000000.0,5339000000.0,644000000.0,132000000.0,3272000000.0,2067000000.0,-526000000.0,1541000000.0,11453000000.0,511500000.0,510000000.0,511000000.0
Xcel Energy Inc,XEL,LGJNMI9GH8XIDG5RCM61,72903,2018.0,Q2,2018-04-01,2018-06-30,2019-08-01 16:33:06+00:00,,0.52,0.52,0.38,377000000.0,0.52,54000000.0,,265000000.0,265000000.0,,265000000.0,690000000.0,2658000000.0,,-2000000.0,1141000000.0,,,,690000000.0,1968000000.0,164000000.0,35000000.0,1518000000.0,450000000.0,-131000000.0,319000000.0,2658000000.0,509600000.0,510000000.0,510000000.0
Xcel Energy Inc,XEL,LGJNMI9GH8XIDG5RCM61,72903,2018.0,Q2YTD,2018-01-01,2018-06-30,,,1.09,1.09,0.76,760000000.0,1.09,113000000.0,,556000000.0,556000000.0,,556000000.0,1630000000.0,5609000000.0,,-1000000.0,2289000000.0,,,,1630000000.0,3979000000.0,324000000.0,64000000.0,3049000000.0,930000000.0,-261000000.0,669000000.0,5609000000.0,509600000.0,510000000.0,510000000.0
Xcel Energy Inc,XEL,LGJNMI9GH8XIDG5RCM61,72903,2018.0,Q2TTM,2017-07-01,2018-06-30,,,2.43,2.43,1.48,1508000000.0,2.42,436000000.0,,1238000000.0,1238000000.0,,1238000000.0,5022000000.0,11460000000.0,,-8000000.0,2697000000.0,-38000000.0,,,5022000000.0,6400000000.0,637000000.0,124000000.0,4205000000.0,2195000000.0,-521000000.0,1674000000.0,11422000000.0,509600000.0,510000000.0,510000000.0
Xcel Energy Inc,XEL,LGJNMI9GH8XIDG5RCM61,72903,2018.0,Q1,2018-01-01,2018-03-31,2019-04-26 16:27:38+00:00,,0.57,0.57,0.38,383000000.0,0.57,59000000.0,,291000000.0,291000000.0,,291000000.0,940000000.0,2951000000.0,,1000000.0,1148000000.0,,,,940000000.0,2011000000.0,160000000.0,29000000.0,1531000000.0,480000000.0,-130000000.0,350000000.0,2951000000.0,510500000.0,509000000.0,509000000.0
Xcel Energy Inc,XEL,LGJNMI9GH8XIDG5RCM61,72903,2018.0,Q1TTM,2017-04-01,2018-03-31,,,2.36,2.36,1.46,1497000000.0,2.35,484000000.0,,1200000000.0,1200000000.0,,1200000000.0,5945000000.0,11430000000.0,,-10000000.0,1756000000.0,-21000000.0,,,5945000000.0,5464000000.0,629000000.0,112000000.0,3253000000.0,2211000000.0,-527000000.0,1684000000.0,11409000000.0,510500000.0,509000000.0,509000000.0
Xcel Energy Inc,XEL,LGJNMI9GH8XIDG5RCM61,72903,2019.0,Q4,2019-10-01,2019-12-31,,,0.55,0.55,1.21,446000000.0,0.56,7000000.0,,292000000.0,292000000.0,,292000000.0,2502000000.0,2798000000.0,,2000000.0,-600000000.0,,,,2502000000.0,296000000.0,186000000.0,33000000.0,-154000000.0,450000000.0,-151000000.0,299000000.0,2798000000.0,519700000.0,519000000.0,520000000.0
Xcel Energy Inc,XEL,LGJNMI9GH8XIDG5RCM61,72903,2019.0,FY,2019-01-01,2019-12-31,2020-02-21 15:32:33+00:00,,2.64,2.64,1.62,1765000000.0,2.64,128000000.0,,1372000000.0,1372000000.0,,1372000000.0,6806000000.0,11529000000.0,,16000000.0,854000000.0,,,,6806000000.0,4723000000.0,736000000.0,116000000.0,2619000000.0,2104000000.0,-604000000.0,1500000000.0,11529000000.0,519700000.0,519000000.0,520000000.0
Xcel Energy Inc,XEL,LGJNMI9GH8XIDG5RCM61,72903,2019.0,Q3,2019-07-01,2019-09-30,2019-10-25 12:25:36+00:00,,1.02,1.02,,447000000.0,1.01,72000000.0,,527000000.0,527000000.0,,527000000.0,1596000000.0,3013000000.0,,8000000.0,212000000.0,,,,1596000000.0,1417000000.0,192000000.0,25000000.0,659000000.0,758000000.0,-159000000.0,599000000.0,3013000000.0,516700000.0,519000000.0,521000000.0
Xcel Energy Inc,XEL,LGJNMI9GH8XIDG5RCM61,72903,2019.0,Q3YTD,2019-01-01,2019-09-30,,,2.09,2.09,0.41,1319000000.0,2.08,121000000.0,,1080000000.0,1080000000.0,,1080000000.0,4304000000.0,8731000000.0,,14000000.0,1454000000.0,,,,4304000000.0,4427000000.0,550000000.0,83000000.0,2773000000.0,1654000000.0,-453000000.0,1201000000.0,8731000000.0,516700000.0,519000000.0,521000000.0
Xcel Energy Inc,XEL,LGJNMI9GH8XIDG5RCM61,72903,2019.0,Q3TTM,2018-10-01,2019-09-30,,,2.51,2.51,1.17,1761000000.0,2.5,116000000.0,,1294000000.0,1294000000.0,,1294000000.0,8058000000.0,11611000000.0,,8000000.0,-201000000.0,,,,8058000000.0,3553000000.0,714000000.0,123000000.0,1560000000.0,1993000000.0,-583000000.0,1410000000.0,11611000000.0,516700000.0,519000000.0,521000000.0
Xcel Energy Inc,XEL,LGJNMI9GH8XIDG5RCM61,72903,2019.0,Q2YTD,2019-01-01,2019-06-30,,,1.07,1.07,0.41,872000000.0,1.07,49000000.0,,553000000.0,553000000.0,,553000000.0,2708000000.0,5718000000.0,,6000000.0,1242000000.0,,,,2708000000.0,3010000000.0,358000000.0,58000000.0,2114000000.0,896000000.0,-294000000.0,602000000.0,5718000000.0,517400000.0,516000000.0,518000000.0
Xcel Energy Inc,XEL,LGJNMI9GH8XIDG5RCM61,72903,2019.0,Q2TTM,2018-07-01,2019-06-30,,,2.45,2.45,1.17,1754000000.0,2.45,117000000.0,,1258000000.0,1258000000.0,,1258000000.0,8162000000.0,11646000000.0,,-7000000.0,-201000000.0,,,,8162000000.0,3484000000.0,686000000.0,137000000.0,1553000000.0,1931000000.0,-556000000.0,1375000000.0,11646000000.0,517400000.0,516000000.0,518000000.0
Xcel Energy Inc,XEL,LGJNMI9GH8XIDG5RCM61,72903,2019.0,Q2,2019-04-01,2019-06-30,2019-08-01 16:33:06+00:00,,0.46,0.46,0.41,439000000.0,0.46,24000000.0,,238000000.0,238000000.0,,238000000.0,708000000.0,2577000000.0,,2000000.0,1020000000.0,,,,708000000.0,1869000000.0,179000000.0,29000000.0,1459000000.0,410000000.0,-148000000.0,262000000.0,2577000000.0,517400000.0,516000000.0,518000000.0
Xcel Energy Inc,XEL,LGJNMI9GH8XIDG5RCM61,72903,2019.0,Q1,2019-01-01,2019-03-31,2020-05-07 14:34:55+00:00,,0.61,0.61,0.41,433000000.0,0.61,25000000.0,,315000000.0,315000000.0,,315000000.0,2000000000.0,3141000000.0,,4000000.0,222000000.0,,,,2000000000.0,1141000000.0,179000000.0,29000000.0,655000000.0,486000000.0,-146000000.0,340000000.0,3141000000.0,516400000.0,515000000.0,516000000.0
Xcel Energy Inc,XEL,LGJNMI9GH8XIDG5RCM61,72903,2019.0,Q1TTM,2018-04-01,2019-03-31,,,2.51,2.51,1.14,1692000000.0,2.51,147000000.0,,1285000000.0,1285000000.0,,1285000000.0,8144000000.0,11727000000.0,,-11000000.0,-80000000.0,,,,8144000000.0,3583000000.0,671000000.0,143000000.0,1612000000.0,1971000000.0,-539000000.0,1432000000.0,11727000000.0,516400000.0,515000000.0,516000000.0
Xcel Energy Inc,XEL,LGJNMI9GH8XIDG5RCM61,72903,2020.0,Q1TTM,2019-04-01,2020-03-31,,,2.59,2.59,1.62,1795000000.0,2.59,97000000.0,,1352000000.0,1352000000.0,,1352000000.0,6476000000.0,11199000000.0,,1000000.0,855000000.0,,,,6476000000.0,4723000000.0,746000000.0,121000000.0,2650000000.0,2073000000.0,-624000000.0,1449000000.0,11199000000.0,526800000.0,526000000.0,527000000.0
Xcel Energy Inc,XEL,LGJNMI9GH8XIDG5RCM61,72903,2020.0,Q1,2020-01-01,2020-03-31,2020-05-07 14:34:55+00:00,,0.56,0.56,,463000000.0,0.56,-6000000.0,,295000000.0,295000000.0,,295000000.0,1670000000.0,2811000000.0,,-11000000.0,223000000.0,,,,1670000000.0,1141000000.0,189000000.0,34000000.0,686000000.0,455000000.0,-166000000.0,289000000.0,2811000000.0,526800000.0,526000000.0,527000000.0
