company_name,company_ticker,company_lei,company_cik,year,quarter,start_date,end_date,filing_date,basicdilutedeps,basiceps,dilutedeps,impairmentexpense,incometaxexpense,netincome,netincomecontinuing,netincomediscontinued,netincometocommon,netincometononcontrollinginterest,operatingcostofrevenue,operatingrevenue,otherincome,otheroperatingexpenses,otherspecialcharges,rdexpense,restructuringcharge,sgaexpense,totalcostofrevenue,totalgrossprofit,totalinterestexpense,totalinterestincome,totaloperatingexpenses,totaloperatingincome,totalotherincome,totalpretaxincome,totalrevenue,weightedavebasicdilutedsharesos,weightedavebasicsharesos,weightedavedilutedsharesos
Varian Medical Systems Inc,VAR,TK3LAKL7I0QNTCVWSY07,203527,2007.0,FY,2006-09-30,2007-09-28,2009-11-25 15:29:43+00:00,1.88,1.88,1.83,,103083000.0,239456000.0,242916000.0,-3460000.0,239456000.0,,1022209000.0,1755072000.0,,,,117320000.0,,276918000.0,1022209000.0,732863000.0,4791000.0,12165000.0,394238000.0,338625000.0,7374000.0,345999000.0,1755072000.0,127400000.0,127407000.0,130622000.0
Varian Medical Systems Inc,VAR,TK3LAKL7I0QNTCVWSY07,203527,2008.0,FY,2007-09-29,2008-09-26,2011-05-05 14:11:12+00:00,2.24,2.24,2.19,,130767000.0,279484000.0,295256000.0,-15772000.0,279484000.0,,1192198000.0,2069730000.0,,,,135599000.0,,322529000.0,1192198000.0,877532000.0,4879000.0,11498000.0,458128000.0,419404000.0,6619000.0,426023000.0,2069730000.0,124800000.0,124800000.0,127604000.0
Varian Medical Systems Inc,VAR,TK3LAKL7I0QNTCVWSY07,203527,2008.0,Q3,2008-03-29,2008-06-27,2009-08-11 13:44:24+00:00,0.6,0.6,0.58,,16380000.0,74180000.0,77056000.0,-2876000.0,74180000.0,,295083000.0,507417000.0,,,,35650000.0,,84546000.0,295083000.0,212334000.0,1304000.0,2602000.0,120196000.0,92138000.0,1298000.0,93436000.0,507417000.0,123600000.0,124617000.0,127065000.0
Varian Medical Systems Inc,VAR,TK3LAKL7I0QNTCVWSY07,203527,2009.0,Q4,2009-07-04,2009-10-02,,0.77,0.77,0.78,,53233000.0,97061000.0,97188000.0,-127000.0,97061000.0,,357012000.0,641929000.0,,,,38093000.0,,96141000.0,357012000.0,284917000.0,1030000.0,768000.0,134234000.0,150683000.0,-262000.0,150421000.0,641929000.0,124100000.0,124034000.0,124995000.0
Varian Medical Systems Inc,VAR,TK3LAKL7I0QNTCVWSY07,203527,2009.0,FY,2008-09-27,2009-10-02,2011-11-23 17:03:27+00:00,2.57,2.57,2.55,,143167000.0,319022000.0,331476000.0,-12454000.0,319022000.0,,1253555000.0,2214060000.0,,,,147375000.0,,338984000.0,1253555000.0,960505000.0,4097000.0,4594000.0,486359000.0,474146000.0,497000.0,474643000.0,2214060000.0,124100000.0,124034000.0,124995000.0
Varian Medical Systems Inc,VAR,TK3LAKL7I0QNTCVWSY07,203527,2009.0,Q3,2009-04-04,2009-07-03,2010-08-10 13:13:21+00:00,0.69,0.69,0.68,,16904000.0,85351000.0,85351000.0,,85351000.0,,293631000.0,509871000.0,,,,35325000.0,,78427000.0,293631000.0,216240000.0,920000.0,687000.0,113752000.0,102488000.0,-233000.0,102255000.0,509871000.0,123700000.0,124237000.0,124991000.0
Varian Medical Systems Inc,VAR,TK3LAKL7I0QNTCVWSY07,203527,2009.0,Q3YTD,2008-09-27,2009-07-03,,1.8,1.8,1.77,,89934000.0,221961000.0,234288000.0,-12327000.0,221961000.0,,896543000.0,1572131000.0,,,,109282000.0,,242843000.0,896543000.0,675588000.0,3067000.0,3826000.0,352125000.0,323463000.0,759000.0,324222000.0,1572131000.0,123700000.0,124237000.0,124991000.0
Varian Medical Systems Inc,VAR,TK3LAKL7I0QNTCVWSY07,203527,2009.0,Q2YTD,2008-09-27,2009-04-03,,1.11,1.11,1.09,,73030000.0,136610000.0,148937000.0,-12327000.0,136610000.0,,602912000.0,1062260000.0,,,,73957000.0,,164416000.0,602912000.0,459348000.0,2147000.0,3139000.0,238373000.0,220975000.0,992000.0,221967000.0,1062260000.0,123300000.0,123782000.0,124497000.0
Varian Medical Systems Inc,VAR,TK3LAKL7I0QNTCVWSY07,203527,2009.0,Q2,2009-01-03,2009-04-03,2010-05-11 15:48:33+00:00,0.55,0.55,0.54,,42554000.0,67813000.0,79358000.0,-11545000.0,67813000.0,,313200000.0,553591000.0,,,,36979000.0,,81183000.0,313200000.0,240391000.0,1194000.0,877000.0,118162000.0,122229000.0,-317000.0,121912000.0,553591000.0,123300000.0,123782000.0,124497000.0
Varian Medical Systems Inc,VAR,TK3LAKL7I0QNTCVWSY07,203527,2009.0,Q1,2008-09-27,2009-01-02,2010-02-09 14:31:11+00:00,0.56,0.56,0.55,,30476000.0,68797000.0,69579000.0,-782000.0,68797000.0,,289712000.0,508669000.0,,,,36978000.0,,83233000.0,289712000.0,218957000.0,953000.0,2262000.0,120211000.0,98746000.0,1309000.0,100055000.0,508669000.0,122900000.0,123818000.0,125167000.0
Varian Medical Systems Inc,VAR,TK3LAKL7I0QNTCVWSY07,203527,2010.0,Q4,2010-07-03,2010-10-01,,0.88,0.88,0.86,,43362000.0,105039000.0,105648000.0,-609000.0,105039000.0,,375791000.0,652057000.0,,,,40566000.0,,86906000.0,375791000.0,276266000.0,433000.0,649000.0,127472000.0,148794000.0,216000.0,149010000.0,652057000.0,121800000.0,121816000.0,124025000.0
Varian Medical Systems Inc,VAR,TK3LAKL7I0QNTCVWSY07,203527,2010.0,FY,2009-10-03,2010-10-01,2012-11-21 16:22:06+00:00,2.96,2.96,2.91,,165444000.0,360422000.0,367481000.0,-7059000.0,360422000.0,,1330943000.0,2356585000.0,,,,156748000.0,,334692000.0,1330943000.0,1025642000.0,4108000.0,2831000.0,491440000.0,534202000.0,-1277000.0,532925000.0,2356585000.0,121800000.0,121816000.0,124025000.0
Varian Medical Systems Inc,VAR,TK3LAKL7I0QNTCVWSY07,203527,2010.0,Q3YTD,2009-10-03,2010-07-02,,2.08,2.08,2.05,,122082000.0,255383000.0,261833000.0,-6450000.0,255383000.0,,955152000.0,1704528000.0,,,,116182000.0,,247786000.0,955152000.0,749376000.0,3675000.0,2182000.0,363968000.0,385408000.0,-1493000.0,383915000.0,1704528000.0,122100000.0,122072000.0,124511000.0
Varian Medical Systems Inc,VAR,TK3LAKL7I0QNTCVWSY07,203527,2010.0,Q3TTM,2009-07-04,2010-07-02,,2.85,2.85,2.83,,175315000.0,352444000.0,359021000.0,-6577000.0,352444000.0,,1312164000.0,2346457000.0,,,,154275000.0,,343927000.0,1312164000.0,1034293000.0,4705000.0,2950000.0,498202000.0,536091000.0,-1755000.0,534336000.0,2346457000.0,122100000.0,122072000.0,124511000.0
Varian Medical Systems Inc,VAR,TK3LAKL7I0QNTCVWSY07,203527,2010.0,Q3,2010-04-03,2010-07-02,2011-08-10 16:15:24+00:00,0.7,0.7,0.69,,38003000.0,85494000.0,91944000.0,-6450000.0,85494000.0,,323670000.0,578051000.0,,,,38874000.0,,84742000.0,323670000.0,254381000.0,1472000.0,654000.0,123616000.0,130765000.0,-818000.0,129947000.0,578051000.0,122100000.0,122072000.0,124511000.0
Varian Medical Systems Inc,VAR,TK3LAKL7I0QNTCVWSY07,203527,2010.0,Q2,2010-01-02,2010-04-02,2011-05-11 14:47:59+00:00,0.74,0.74,0.73,,44063000.0,91114000.0,91114000.0,,91114000.0,,331593000.0,585571000.0,,,,38920000.0,,79502000.0,331593000.0,253978000.0,1099000.0,720000.0,118422000.0,135556000.0,-379000.0,135177000.0,585571000.0,123100000.0,122938000.0,124337000.0
Varian Medical Systems Inc,VAR,TK3LAKL7I0QNTCVWSY07,203527,2010.0,Q2YTD,2009-10-03,2010-04-02,,1.38,1.38,1.36,,84079000.0,169889000.0,169889000.0,,169889000.0,,631482000.0,1126477000.0,,,,77308000.0,,163044000.0,631482000.0,494995000.0,2203000.0,1528000.0,240352000.0,254643000.0,-675000.0,253968000.0,1126477000.0,123100000.0,122938000.0,124337000.0
Varian Medical Systems Inc,VAR,TK3LAKL7I0QNTCVWSY07,203527,2010.0,Q1,2009-10-03,2010-01-01,2011-02-09 15:51:41+00:00,0.64,0.64,0.63,,40016000.0,78775000.0,78775000.0,0.0,78775000.0,,299889000.0,540906000.0,,,,38388000.0,,83542000.0,299889000.0,241017000.0,1104000.0,808000.0,121930000.0,119087000.0,-296000.0,118791000.0,540906000.0,123100000.0,123690000.0,125061000.0
Varian Medical Systems Inc,VAR,TK3LAKL7I0QNTCVWSY07,203527,2010.0,Q1TTM,2009-01-03,2010-01-01,,2.65,2.65,2.63,,152707000.0,329000000.0,340672000.0,-11672000.0,329000000.0,,1263732000.0,2246297000.0,,,,148785000.0,,339293000.0,1263732000.0,982565000.0,4248000.0,3140000.0,488078000.0,494487000.0,-1108000.0,493379000.0,2246297000.0,123100000.0,123690000.0,125061000.0
Varian Medical Systems Inc,VAR,TK3LAKL7I0QNTCVWSY07,203527,2011.0,Q4,2011-07-02,2011-09-30,,0.89,0.89,0.87,,49388000.0,100760000.0,110453000.0,-9693000.0,100760000.0,,418620000.0,718921000.0,,,,43924000.0,,96641000.0,418620000.0,300301000.0,731000.0,836000.0,140565000.0,159736000.0,105000.0,159841000.0,718921000.0,116600000.0,116703000.0,118735000.0
Varian Medical Systems Inc,VAR,TK3LAKL7I0QNTCVWSY07,203527,2011.0,FY,2010-10-02,2011-09-30,2013-11-26 16:46:24+00:00,3.42,3.42,3.36,,180084000.0,398933000.0,408626000.0,-9693000.0,398933000.0,,1460777000.0,2596666000.0,,,,170725000.0,,376713000.0,1460777000.0,1135889000.0,2599000.0,2858000.0,547438000.0,588451000.0,259000.0,588710000.0,2596666000.0,116600000.0,116703000.0,118735000.0
Varian Medical Systems Inc,VAR,TK3LAKL7I0QNTCVWSY07,203527,2011.0,Q3,2011-04-02,2011-07-01,2012-08-07 16:09:22+00:00,0.84,0.84,0.83,,41966000.0,98605000.0,98605000.0,,98605000.0,,369683000.0,649438000.0,,,,44426000.0,,94838000.0,369683000.0,279755000.0,504000.0,584000.0,139264000.0,140491000.0,80000.0,140571000.0,649438000.0,117400000.0,116874000.0,119064000.0
Varian Medical Systems Inc,VAR,TK3LAKL7I0QNTCVWSY07,203527,2011.0,Q3YTD,2010-10-02,2011-07-01,,2.53,2.53,2.49,,130696000.0,298173000.0,298173000.0,,298173000.0,,1042157000.0,1877745000.0,,,,126801000.0,,280072000.0,1042157000.0,835588000.0,1868000.0,2022000.0,406873000.0,428715000.0,154000.0,428869000.0,1877745000.0,117400000.0,116874000.0,119064000.0
Varian Medical Systems Inc,VAR,TK3LAKL7I0QNTCVWSY07,203527,2011.0,Q3TTM,2010-07-03,2011-07-01,,3.41,3.41,3.35,,174058000.0,403212000.0,403821000.0,-609000.0,403212000.0,,1417948000.0,2529802000.0,,,,167367000.0,,366978000.0,1417948000.0,1111854000.0,2301000.0,2671000.0,534345000.0,577509000.0,370000.0,577879000.0,2529802000.0,117400000.0,116874000.0,119064000.0
Varian Medical Systems Inc,VAR,TK3LAKL7I0QNTCVWSY07,203527,2011.0,Q2YTD,2010-10-02,2011-04-01,,1.69,1.69,1.66,,88730000.0,199568000.0,199568000.0,,199568000.0,,672474000.0,1228307000.0,,,,82375000.0,,185234000.0,672474000.0,555833000.0,1364000.0,1438000.0,267609000.0,288224000.0,74000.0,288298000.0,1228307000.0,118500000.0,117959000.0,120386000.0
Varian Medical Systems Inc,VAR,TK3LAKL7I0QNTCVWSY07,203527,2011.0,Q2TTM,2010-04-03,2011-04-01,,3.27,3.27,3.21,,170095000.0,390101000.0,397160000.0,-7059000.0,390101000.0,,1371935000.0,2458415000.0,,,,161815000.0,,356882000.0,1371935000.0,1086480000.0,3269000.0,2741000.0,518697000.0,567783000.0,-528000.0,567255000.0,2458415000.0,118500000.0,117959000.0,120386000.0
Varian Medical Systems Inc,VAR,TK3LAKL7I0QNTCVWSY07,203527,2011.0,Q2,2011-01-01,2011-04-01,2012-05-08 16:14:23+00:00,0.87,0.87,0.86,,48118000.0,103079000.0,103079000.0,,103079000.0,,359461000.0,648455000.0,,,,43873000.0,,93924000.0,359461000.0,288994000.0,809000.0,809000.0,137797000.0,151197000.0,,151197000.0,648455000.0,118500000.0,117959000.0,120386000.0
Varian Medical Systems Inc,VAR,TK3LAKL7I0QNTCVWSY07,203527,2011.0,Q1TTM,2010-01-02,2010-12-31,,3.14,3.14,3.08,,166040000.0,378136000.0,385195000.0,-7059000.0,378136000.0,,1344067000.0,2395531000.0,,,,156862000.0,,342460000.0,1344067000.0,1051464000.0,3559000.0,2652000.0,499322000.0,552142000.0,-907000.0,551235000.0,2395531000.0,117700000.0,118170000.0,121212000.0
Varian Medical Systems Inc,VAR,TK3LAKL7I0QNTCVWSY07,203527,2011.0,Q1,2010-10-02,2010-12-31,2012-02-07 17:06:04+00:00,0.82,0.82,0.8,,40612000.0,96489000.0,96489000.0,,96489000.0,,313013000.0,579852000.0,,,,38502000.0,,91310000.0,313013000.0,266839000.0,555000.0,629000.0,129812000.0,137027000.0,74000.0,137101000.0,579852000.0,117700000.0,118170000.0,121212000.0
Varian Medical Systems Inc,VAR,TK3LAKL7I0QNTCVWSY07,203527,2012.0,FY,2011-10-01,2012-09-28,2014-11-24 20:06:30+00:00,3.83,3.83,3.76,,168875000.0,427049000.0,427049000.0,,427049000.0,,1610679000.0,2807015000.0,,,,185742000.0,,416520000.0,1610679000.0,1196336000.0,3419000.0,5269000.0,602262000.0,594074000.0,1850000.0,595924000.0,2807015000.0,111500000.0,111376000.0,113473000.0
Varian Medical Systems Inc,VAR,TK3LAKL7I0QNTCVWSY07,203527,2012.0,Q4,2012-06-30,2012-09-28,,1.09,1.09,1.07,,48317000.0,120200000.0,120200000.0,,120200000.0,,432887000.0,756157000.0,,,,45967000.0,,109534000.0,432887000.0,323270000.0,950000.0,1698000.0,155501000.0,167769000.0,748000.0,168517000.0,756157000.0,111500000.0,111376000.0,113473000.0
Varian Medical Systems Inc,VAR,TK3LAKL7I0QNTCVWSY07,203527,2012.0,Q3YTD,2011-10-01,2012-06-29,,2.74,2.74,2.69,,120558000.0,306849000.0,306849000.0,,306849000.0,,1177792000.0,2050858000.0,,,,139775000.0,,306986000.0,1177792000.0,873066000.0,2469000.0,3571000.0,446761000.0,426305000.0,1102000.0,427407000.0,2050858000.0,111100000.0,111070000.0,112823000.0
Varian Medical Systems Inc,VAR,TK3LAKL7I0QNTCVWSY07,203527,2012.0,Q3TTM,2011-07-02,2012-06-29,,3.63,3.63,3.56,,169946000.0,407609000.0,417302000.0,-9693000.0,407609000.0,,1596412000.0,2769779000.0,,,,183699000.0,,403627000.0,1596412000.0,1173367000.0,3200000.0,4407000.0,587326000.0,586041000.0,1207000.0,587248000.0,2769779000.0,111100000.0,111070000.0,112823000.0
Varian Medical Systems Inc,VAR,TK3LAKL7I0QNTCVWSY07,203527,2012.0,Q3,2012-03-31,2012-06-29,2013-08-06 17:26:22+00:00,0.98,0.98,0.96,,45123000.0,108843000.0,108843000.0,,108843000.0,,397635000.0,705246000.0,,,,48943000.0,,105081000.0,397635000.0,307611000.0,933000.0,1312000.0,154024000.0,153587000.0,379000.0,153966000.0,705246000.0,111100000.0,111070000.0,112823000.0
Varian Medical Systems Inc,VAR,TK3LAKL7I0QNTCVWSY07,203527,2012.0,Q2YTD,2011-10-01,2012-03-30,,1.76,1.76,1.73,,75435000.0,198006000.0,198006000.0,,198006000.0,,780157000.0,1345612000.0,,,,90832000.0,,201905000.0,780157000.0,565455000.0,1536000.0,2259000.0,292737000.0,272718000.0,723000.0,273441000.0,1345612000.0,112300000.0,112354000.0,114513000.0
Varian Medical Systems Inc,VAR,TK3LAKL7I0QNTCVWSY07,203527,2012.0,Q2TTM,2011-04-02,2012-03-30,,3.49,3.49,3.43,,166789000.0,397371000.0,407064000.0,-9693000.0,397371000.0,,1568460000.0,2713971000.0,,,,179182000.0,,393384000.0,1568460000.0,1145511000.0,2771000.0,3679000.0,572566000.0,572945000.0,908000.0,573853000.0,2713971000.0,112300000.0,112354000.0,114513000.0
Varian Medical Systems Inc,VAR,TK3LAKL7I0QNTCVWSY07,203527,2012.0,Q2,2011-12-31,2012-03-30,2013-05-08 16:38:35+00:00,0.96,0.96,0.94,,36429000.0,107772000.0,107772000.0,,107772000.0,,423578000.0,720274000.0,,,,47067000.0,,105830000.0,423578000.0,296696000.0,707000.0,1109000.0,152897000.0,143799000.0,402000.0,144201000.0,720274000.0,112300000.0,112354000.0,114513000.0
Varian Medical Systems Inc,VAR,TK3LAKL7I0QNTCVWSY07,203527,2012.0,Q1TTM,2011-01-01,2011-12-30,,3.4,3.4,3.35,,178478000.0,392678000.0,402371000.0,-9693000.0,392678000.0,,1504343000.0,2642152000.0,,,,175988000.0,,381478000.0,1504343000.0,1137809000.0,2873000.0,3379000.0,557466000.0,580343000.0,506000.0,580849000.0,2642152000.0,112800000.0,112267000.0,114370000.0
Varian Medical Systems Inc,VAR,TK3LAKL7I0QNTCVWSY07,203527,2012.0,Q1,2011-10-01,2011-12-30,2013-02-05 16:03:53+00:00,0.8,0.8,0.79,,39006000.0,90234000.0,90234000.0,,90234000.0,,356579000.0,625338000.0,,,,43765000.0,,96075000.0,356579000.0,268759000.0,829000.0,1150000.0,139840000.0,128919000.0,321000.0,129240000.0,625338000.0,112800000.0,112267000.0,114370000.0
Varian Medical Systems Inc,VAR,TK3LAKL7I0QNTCVWSY07,203527,2013.0,FY,2012-09-29,2013-09-27,2015-11-25 17:12:08+00:00,4.04,4.04,3.98,,173835000.0,438248000.0,438248000.0,,438248000.0,0.0,1693210000.0,2942897000.0,,,,208208000.0,,432589000.0,1693210000.0,1249687000.0,4129000.0,7322000.0,640797000.0,608890000.0,3193000.0,612083000.0,2942897000.0,108500000.0,108352000.0,110053000.0
Varian Medical Systems Inc,VAR,TK3LAKL7I0QNTCVWSY07,203527,2013.0,Q4,2013-06-29,2013-09-27,,1.09,1.09,1.07,,44418000.0,117346000.0,117346000.0,,117346000.0,,441434000.0,769930000.0,,,,56853000.0,,110679000.0,441434000.0,328496000.0,1363000.0,2163000.0,167532000.0,160964000.0,800000.0,161764000.0,769930000.0,108500000.0,108352000.0,110053000.0
Varian Medical Systems Inc,VAR,TK3LAKL7I0QNTCVWSY07,203527,2013.0,Q3YTD,2012-09-29,2013-06-28,,2.95,2.95,2.91,,129417000.0,320902000.0,320902000.0,,320902000.0,,1251776000.0,2172967000.0,,,,151355000.0,,321910000.0,1251776000.0,921191000.0,2766000.0,5159000.0,473265000.0,447926000.0,2393000.0,450319000.0,2172967000.0,108500000.0,108158000.0,109760000.0
Varian Medical Systems Inc,VAR,TK3LAKL7I0QNTCVWSY07,203527,2013.0,Q3TTM,2012-06-30,2013-06-28,,4.04,4.04,3.98,,177734000.0,441102000.0,441102000.0,,441102000.0,,1684663000.0,2929124000.0,,,,197322000.0,,431444000.0,1684663000.0,1244461000.0,3716000.0,6857000.0,628766000.0,615695000.0,3141000.0,618836000.0,2929124000.0,108500000.0,108158000.0,109760000.0
Varian Medical Systems Inc,VAR,TK3LAKL7I0QNTCVWSY07,203527,2013.0,Q3,2013-03-30,2013-06-28,2014-08-05 17:15:51+00:00,1.04,1.04,1.03,,42942000.0,112831000.0,112831000.0,,112831000.0,,415746000.0,726211000.0,,,,53335000.0,,102398000.0,415746000.0,310465000.0,874000.0,1915000.0,155733000.0,154732000.0,1041000.0,155773000.0,726211000.0,108500000.0,108158000.0,109760000.0
Varian Medical Systems Inc,VAR,TK3LAKL7I0QNTCVWSY07,203527,2013.0,Q2YTD,2012-09-29,2013-03-29,,1.91,1.91,1.88,,86475000.0,208071000.0,208071000.0,,208071000.0,,836030000.0,1446756000.0,,,,98020000.0,,219512000.0,836030000.0,610726000.0,1892000.0,3244000.0,317532000.0,293194000.0,1352000.0,294546000.0,1446756000.0,108500000.0,108841000.0,110650000.0
Varian Medical Systems Inc,VAR,TK3LAKL7I0QNTCVWSY07,203527,2013.0,Q2TTM,2012-03-31,2013-03-29,,3.98,3.98,3.91,,179915000.0,437114000.0,437114000.0,,437114000.0,,1666552000.0,2908159000.0,,,,192930000.0,,434127000.0,1666552000.0,1241607000.0,3775000.0,6254000.0,627057000.0,614550000.0,2479000.0,617029000.0,2908159000.0,108500000.0,108841000.0,110650000.0
Varian Medical Systems Inc,VAR,TK3LAKL7I0QNTCVWSY07,203527,2013.0,Q2,2012-12-29,2013-03-29,2014-05-05 17:19:25+00:00,1.04,1.04,1.02,,43595000.0,112788000.0,112788000.0,,112788000.0,,448720000.0,768358000.0,,,,50903000.0,,113031000.0,448720000.0,319638000.0,1026000.0,1705000.0,163934000.0,155704000.0,679000.0,156383000.0,768358000.0,108500000.0,108841000.0,110650000.0
Varian Medical Systems Inc,VAR,TK3LAKL7I0QNTCVWSY07,203527,2013.0,Q1TTM,2011-12-31,2012-12-28,,3.9,3.9,3.83,,172749000.0,432098000.0,432098000.0,,432098000.0,,1641410000.0,2860075000.0,,,,189094000.0,,426926000.0,1641410000.0,1218665000.0,3456000.0,5658000.0,616020000.0,602645000.0,2202000.0,604847000.0,2860075000.0,109500000.0,109298000.0,111144000.0
Varian Medical Systems Inc,VAR,TK3LAKL7I0QNTCVWSY07,203527,2013.0,Q1,2012-09-29,2012-12-28,2014-01-30 16:30:50+00:00,0.87,0.87,0.86,,42880000.0,95283000.0,95283000.0,,95283000.0,,387310000.0,678398000.0,,,,47117000.0,,106481000.0,387310000.0,291088000.0,866000.0,1539000.0,153598000.0,137490000.0,673000.0,138163000.0,678398000.0,109500000.0,109298000.0,111144000.0
Varian Medical Systems Inc,VAR,TK3LAKL7I0QNTCVWSY07,203527,2014.0,FY,2013-09-28,2014-09-26,2016-11-23 17:13:02+00:00,3.88,3.88,3.83,,170800000.0,403700000.0,403700000.0,,403700000.0,0.0,1748100000.0,3049800000.0,,0.0,25100000.0,234800000.0,,470600000.0,1748100000.0,1301700000.0,7200000.0,10500000.0,730500000.0,571200000.0,3300000.0,574500000.0,3049800000.0,104000000.0,104000000.0,105300000.0
Varian Medical Systems Inc,VAR,TK3LAKL7I0QNTCVWSY07,203527,2014.0,Q4,2014-06-28,2014-09-26,,1.04,1.04,1.02,,54363000.0,105862000.0,105862000.0,,105862000.0,,472023000.0,812107000.0,,,-30000.0,59132000.0,,121824000.0,472023000.0,340084000.0,1665000.0,2732000.0,180926000.0,159158000.0,1067000.0,160225000.0,812107000.0,104000000.0,104000000.0,105300000.0
Varian Medical Systems Inc,VAR,TK3LAKL7I0QNTCVWSY07,203527,2014.0,Q3YTD,2013-09-28,2014-06-27,,2.84,2.84,2.81,,116437000.0,297838000.0,297838000.0,,297838000.0,,1276077000.0,2237693000.0,,,25130000.0,175668000.0,,348776000.0,1276077000.0,961616000.0,5535000.0,7768000.0,549574000.0,412042000.0,2233000.0,414275000.0,2237693000.0,104000000.0,103644000.0,104869000.0
Varian Medical Systems Inc,VAR,TK3LAKL7I0QNTCVWSY07,203527,2014.0,Q3TTM,2013-06-29,2014-06-27,,3.93,3.93,3.88,,160855000.0,415184000.0,415184000.0,,415184000.0,,1717511000.0,3007623000.0,,,25130000.0,232521000.0,,459455000.0,1717511000.0,1290112000.0,6898000.0,9931000.0,717106000.0,573006000.0,3033000.0,576039000.0,3007623000.0,104000000.0,103644000.0,104869000.0
Varian Medical Systems Inc,VAR,TK3LAKL7I0QNTCVWSY07,203527,2014.0,Q3,2014-03-29,2014-06-27,2015-08-11 16:43:12+00:00,1.03,1.03,1.02,,36672000.0,107090000.0,107090000.0,,107090000.0,0.0,423958000.0,747685000.0,,,0.0,56988000.0,,124235000.0,423958000.0,323727000.0,1787000.0,3045000.0,181223000.0,142504000.0,1258000.0,143762000.0,747685000.0,104000000.0,103644000.0,104869000.0
Varian Medical Systems Inc,VAR,TK3LAKL7I0QNTCVWSY07,203527,2014.0,Q2YTD,2013-09-28,2014-03-28,,1.81,1.81,1.79,,79765000.0,190748000.0,190748000.0,,190748000.0,,852119000.0,1490008000.0,,,25130000.0,118680000.0,,224541000.0,852119000.0,637889000.0,3748000.0,4723000.0,368351000.0,269538000.0,975000.0,270513000.0,1490008000.0,104300000.0,104152000.0,105446000.0
Varian Medical Systems Inc,VAR,TK3LAKL7I0QNTCVWSY07,203527,2014.0,Q2TTM,2013-03-30,2014-03-28,,3.94,3.94,3.89,,167125000.0,420925000.0,420925000.0,,420925000.0,,1709299000.0,2986149000.0,,,25130000.0,228868000.0,,437618000.0,1709299000.0,1276850000.0,5985000.0,8801000.0,691616000.0,585234000.0,2816000.0,588050000.0,2986149000.0,104300000.0,104152000.0,105446000.0
Varian Medical Systems Inc,VAR,TK3LAKL7I0QNTCVWSY07,203527,2014.0,Q2,2013-12-28,2014-03-28,2015-05-12 16:40:09+00:00,0.89,0.89,0.88,,35359000.0,92788000.0,92788000.0,,92788000.0,,450196000.0,778506000.0,,,25130000.0,60677000.0,,114959000.0,450196000.0,328310000.0,1855000.0,2458000.0,200766000.0,127544000.0,603000.0,128147000.0,778506000.0,104300000.0,104152000.0,105446000.0
Varian Medical Systems Inc,VAR,TK3LAKL7I0QNTCVWSY07,203527,2014.0,Q1TTM,2012-12-29,2013-12-27,,4.09,4.09,4.03,,175361000.0,440925000.0,440925000.0,,440925000.0,,1707823000.0,2976001000.0,,,,219094000.0,,435690000.0,1707823000.0,1268178000.0,5156000.0,8048000.0,654784000.0,613394000.0,2892000.0,616286000.0,2976001000.0,106500000.0,105986000.0,107449000.0
Varian Medical Systems Inc,VAR,TK3LAKL7I0QNTCVWSY07,203527,2014.0,Q1,2013-09-28,2013-12-27,2015-02-10 16:35:43+00:00,0.92,0.92,0.91,,44406000.0,97960000.0,97960000.0,,97960000.0,,401923000.0,711502000.0,,,,58003000.0,,109582000.0,401923000.0,309579000.0,1893000.0,2265000.0,167585000.0,141994000.0,372000.0,142366000.0,711502000.0,106500000.0,105986000.0,107449000.0
Varian Medical Systems Inc,VAR,TK3LAKL7I0QNTCVWSY07,203527,2015.0,FY,2014-09-27,2015-10-02,2017-11-27 17:29:12+00:00,4.13,4.13,4.09,0.0,89900000.0,412000000.0,311400000.0,100600000.0,411500000.0,500000.0,1458600000.0,2490700000.0,,,,195400000.0,,441000000.0,1458600000.0,1032100000.0,7900000.0,13500000.0,636400000.0,395700000.0,5600000.0,401300000.0,2490700000.0,99600000.0,99700000.0,100600000.0
Varian Medical Systems Inc,VAR,TK3LAKL7I0QNTCVWSY07,203527,2015.0,Q4,2015-07-04,2015-10-02,,1.0,1.0,0.99,,-20551000.0,99075000.0,-1525000.0,100600000.0,98711000.0,364000.0,141851000.0,209429000.0,,,,19002000.0,,72606000.0,141851000.0,67578000.0,1973000.0,3927000.0,91608000.0,-24030000.0,1954000.0,-22076000.0,209429000.0,99600000.0,99700000.0,100600000.0
Varian Medical Systems Inc,VAR,TK3LAKL7I0QNTCVWSY07,203527,2015.0,Q3,2015-04-04,2015-07-03,2016-08-09 16:37:46+00:00,1.14,1.14,1.13,,32210000.0,113642000.0,113642000.0,,113506000.0,136000.0,469035000.0,784011000.0,,,,60010000.0,,110722000.0,469035000.0,314976000.0,1881000.0,3489000.0,170732000.0,144244000.0,1608000.0,145852000.0,784011000.0,99600000.0,99721000.0,100454000.0
Varian Medical Systems Inc,VAR,TK3LAKL7I0QNTCVWSY07,203527,2015.0,Q3YTD,2014-09-27,2015-07-03,,3.13,3.13,3.1,,110451000.0,312925000.0,312925000.0,,312789000.0,136000.0,1316749000.0,2281271000.0,,,,176398000.0,,368394000.0,1316749000.0,964522000.0,5927000.0,9573000.0,544792000.0,419730000.0,3646000.0,423376000.0,2281271000.0,99600000.0,99721000.0,100454000.0
Varian Medical Systems Inc,VAR,TK3LAKL7I0QNTCVWSY07,203527,2015.0,Q3TTM,2014-06-28,2015-07-03,,4.17,4.17,4.12,,164814000.0,418787000.0,418787000.0,,418651000.0,136000.0,1788772000.0,3093378000.0,,,-30000.0,235530000.0,,490218000.0,1788772000.0,1304606000.0,7592000.0,12305000.0,725718000.0,578888000.0,4713000.0,583601000.0,3093378000.0,99600000.0,99721000.0,100454000.0
Varian Medical Systems Inc,VAR,TK3LAKL7I0QNTCVWSY07,203527,2015.0,Q2,2015-01-03,2015-04-03,2016-05-10 16:14:18+00:00,1.06,1.06,1.05,,41110000.0,105969000.0,105969000.0,,105969000.0,0.0,436868000.0,759406000.0,,,,59312000.0,,117190000.0,436868000.0,322538000.0,2001000.0,3044000.0,176502000.0,146036000.0,1043000.0,147079000.0,759406000.0,100000000.0,100157000.0,101026000.0
Varian Medical Systems Inc,VAR,TK3LAKL7I0QNTCVWSY07,203527,2015.0,Q2YTD,2014-09-27,2015-04-03,,1.99,1.99,1.97,,78241000.0,199283000.0,199283000.0,,199283000.0,,847714000.0,1497260000.0,,,,116388000.0,,257672000.0,847714000.0,649546000.0,4046000.0,6084000.0,374060000.0,275486000.0,2038000.0,277524000.0,1497260000.0,100000000.0,100157000.0,101026000.0
Varian Medical Systems Inc,VAR,TK3LAKL7I0QNTCVWSY07,203527,2015.0,Q2TTM,2014-03-29,2015-04-03,,4.06,4.06,4.01,,169276000.0,412235000.0,412235000.0,,412235000.0,,1743695000.0,3057052000.0,,,-30000.0,232508000.0,,503731000.0,1743695000.0,1313357000.0,7498000.0,11861000.0,736209000.0,577148000.0,4363000.0,581511000.0,3057052000.0,100000000.0,100157000.0,101026000.0
Varian Medical Systems Inc,VAR,TK3LAKL7I0QNTCVWSY07,203527,2015.0,Q1,2014-09-27,2015-01-02,2016-02-09 16:41:33+00:00,0.93,0.93,0.92,,37131000.0,93314000.0,93314000.0,,93314000.0,0.0,410846000.0,737854000.0,,,,57076000.0,,140482000.0,410846000.0,327008000.0,2045000.0,3040000.0,197558000.0,129450000.0,995000.0,130445000.0,737854000.0,100300000.0,100468000.0,101642000.0
Varian Medical Systems Inc,VAR,TK3LAKL7I0QNTCVWSY07,203527,2015.0,Q1TTM,2013-12-28,2015-01-02,,3.89,3.89,3.84,,163525000.0,399054000.0,399054000.0,,399054000.0,,1757023000.0,3076152000.0,,,25100000.0,233873000.0,,501500000.0,1757023000.0,1319129000.0,7352000.0,11275000.0,760473000.0,558656000.0,3923000.0,562579000.0,3076152000.0,100300000.0,100468000.0,101642000.0
Varian Medical Systems Inc,VAR,TK3LAKL7I0QNTCVWSY07,203527,2016.0,FY,2015-10-03,2016-09-30,2018-11-26 17:24:06+00:00,4.19,4.19,4.16,2200000.0,110100000.0,399700000.0,322300000.0,77400000.0,399300000.0,400000.0,1489000000.0,2593700000.0,,,,200400000.0,3100000.0,472200000.0,1489000000.0,1104700000.0,11600000.0,17200000.0,677900000.0,426800000.0,5600000.0,432400000.0,2593700000.0,95300000.0,95400000.0,96000000.0
Varian Medical Systems Inc,VAR,TK3LAKL7I0QNTCVWSY07,203527,2016.0,Q4,2016-07-02,2016-09-30,,1.22,1.22,1.2,,32100000.0,114800000.0,74200000.0,40600000.0,114500000.0,300000.0,325100000.0,578500000.0,,,,40300000.0,3100000.0,105000000.0,325100000.0,253400000.0,3200000.0,4500000.0,148400000.0,105000000.0,1300000.0,106300000.0,578500000.0,95300000.0,95400000.0,96000000.0
Varian Medical Systems Inc,VAR,TK3LAKL7I0QNTCVWSY07,203527,2016.0,Q3,2016-04-02,2016-07-01,2017-08-08 16:48:45+00:00,1.04,1.04,1.04,2200000.0,21800000.0,98900000.0,81900000.0,17000000.0,98800000.0,100000.0,359400000.0,642900000.0,,,,51100000.0,,128100000.0,359400000.0,283500000.0,2900000.0,4500000.0,181400000.0,102100000.0,1600000.0,103700000.0,642900000.0,95000000.0,94900000.0,95400000.0
Varian Medical Systems Inc,VAR,TK3LAKL7I0QNTCVWSY07,203527,2016.0,Q3YTD,2015-10-03,2016-07-01,,2.97,2.97,2.96,2200000.0,78000000.0,284900000.0,248100000.0,36800000.0,284800000.0,100000.0,1163900000.0,2015200000.0,,,,160100000.0,,367200000.0,1163900000.0,851300000.0,8400000.0,12700000.0,529500000.0,321800000.0,4300000.0,326100000.0,2015200000.0,95000000.0,94900000.0,95400000.0
Varian Medical Systems Inc,VAR,TK3LAKL7I0QNTCVWSY07,203527,2016.0,Q3TTM,2015-07-04,2016-07-01,,3.97,3.97,3.95,2200000.0,57449000.0,383975000.0,246575000.0,137400000.0,383511000.0,464000.0,1305751000.0,2224629000.0,,,,179102000.0,,439806000.0,1305751000.0,918878000.0,10373000.0,16627000.0,621108000.0,297770000.0,6254000.0,304024000.0,2224629000.0,95000000.0,94900000.0,95400000.0
Varian Medical Systems Inc,VAR,TK3LAKL7I0QNTCVWSY07,203527,2016.0,Q2,2016-01-02,2016-04-01,2017-05-09 16:57:01+00:00,1.01,1.01,1.01,0.0,26800000.0,97000000.0,77200000.0,19800000.0,97000000.0,0.0,357100000.0,615200000.0,,,,49000000.0,,106100000.0,357100000.0,258100000.0,3300000.0,4300000.0,155100000.0,103000000.0,1000000.0,104000000.0,615200000.0,96000000.0,95700000.0,96200000.0
Varian Medical Systems Inc,VAR,TK3LAKL7I0QNTCVWSY07,203527,2016.0,Q2YTD,2015-10-03,2016-04-01,,1.93,1.93,1.92,,56200000.0,186000000.0,166200000.0,19800000.0,186000000.0,,804500000.0,1372300000.0,,,,109000000.0,,239100000.0,804500000.0,567800000.0,5500000.0,8200000.0,348100000.0,219700000.0,2700000.0,222400000.0,1372300000.0,96000000.0,95700000.0,96200000.0
Varian Medical Systems Inc,VAR,TK3LAKL7I0QNTCVWSY07,203527,2016.0,Q2TTM,2015-04-04,2016-04-01,,4.07,4.07,4.04,,67859000.0,398717000.0,278317000.0,120400000.0,398217000.0,500000.0,1415386000.0,2365740000.0,,,,188012000.0,,422428000.0,1415386000.0,950354000.0,9354000.0,15616000.0,610440000.0,339914000.0,6262000.0,346176000.0,2365740000.0,96000000.0,95700000.0,96200000.0
Varian Medical Systems Inc,VAR,TK3LAKL7I0QNTCVWSY07,203527,2016.0,Q1,2015-10-03,2016-01-01,2017-02-07 17:17:37+00:00,0.92,0.92,0.91,0.0,29400000.0,89000000.0,89000000.0,,89000000.0,0.0,447400000.0,757100000.0,,0.0,,60000000.0,,133000000.0,447400000.0,309700000.0,2200000.0,3900000.0,193000000.0,116700000.0,1700000.0,118400000.0,757100000.0,96700000.0,97200000.0,97800000.0
Varian Medical Systems Inc,VAR,TK3LAKL7I0QNTCVWSY07,203527,2016.0,Q1TTM,2015-01-03,2016-01-01,,4.12,4.12,4.08,,82169000.0,407686000.0,307086000.0,100600000.0,407186000.0,500000.0,1495154000.0,2509946000.0,,,,198324000.0,,433518000.0,1495154000.0,1014792000.0,8055000.0,14360000.0,631842000.0,382950000.0,6305000.0,389255000.0,2509946000.0,96700000.0,97200000.0,97800000.0
Varian Medical Systems Inc,VAR,TK3LAKL7I0QNTCVWSY07,203527,2017.0,FY,2016-10-01,2017-09-29,2019-11-25 17:16:58+00:00,2.36,2.36,2.35,51400000.0,77100000.0,219200000.0,226000000.0,-6800000.0,218500000.0,700000.0,1505400000.0,2619300000.0,2400000.0,,,210000000.0,1900000.0,552800000.0,1505400000.0,1113900000.0,10700000.0,13600000.0,816100000.0,297800000.0,5300000.0,303100000.0,2619300000.0,92600000.0,92500000.0,93200000.0
Varian Medical Systems Inc,VAR,TK3LAKL7I0QNTCVWSY07,203527,2017.0,Q4,2017-07-01,2017-09-29,,0.85,0.85,0.85,13100000.0,26100000.0,78600000.0,78600000.0,,78600000.0,,416000000.0,721800000.0,2400000.0,,,51700000.0,800000.0,138400000.0,416000000.0,305800000.0,2700000.0,3200000.0,204000000.0,101800000.0,2900000.0,104700000.0,721800000.0,92600000.0,92500000.0,93200000.0
Varian Medical Systems Inc,VAR,TK3LAKL7I0QNTCVWSY07,203527,2017.0,Q3,2017-04-01,2017-06-30,2018-08-07 16:49:58+00:00,0.76,0.76,0.75,0.0,18800000.0,69900000.0,69900000.0,0.0,69700000.0,200000.0,367300000.0,632800000.0,,,,55100000.0,500000.0,121400000.0,367300000.0,265500000.0,2700000.0,2900000.0,177000000.0,88500000.0,200000.0,88700000.0,632800000.0,91700000.0,91700000.0,92400000.0
Varian Medical Systems Inc,VAR,TK3LAKL7I0QNTCVWSY07,203527,2017.0,Q3YTD,2016-10-01,2017-06-30,,1.51,1.51,1.5,38300000.0,51000000.0,140600000.0,147400000.0,-6800000.0,139900000.0,700000.0,1089400000.0,1897500000.0,,,,158300000.0,1100000.0,414400000.0,1089400000.0,808100000.0,8000000.0,10400000.0,612100000.0,196000000.0,2400000.0,198400000.0,1897500000.0,91700000.0,91700000.0,92400000.0
Varian Medical Systems Inc,VAR,TK3LAKL7I0QNTCVWSY07,203527,2017.0,Q3TTM,2016-07-02,2017-06-30,,2.73,2.73,2.7,38300000.0,83100000.0,255400000.0,221600000.0,33800000.0,254400000.0,1000000.0,1414500000.0,2476000000.0,,,,198600000.0,4200000.0,519400000.0,1414500000.0,1061500000.0,11200000.0,14900000.0,760500000.0,301000000.0,3700000.0,304700000.0,2476000000.0,91700000.0,91700000.0,92400000.0
Varian Medical Systems Inc,VAR,TK3LAKL7I0QNTCVWSY07,203527,2017.0,Q2,2016-12-31,2017-03-31,2018-05-08 17:18:00+00:00,0.6,0.6,0.6,0.0,20900000.0,56200000.0,69500000.0,-13300000.0,56300000.0,-100000.0,387600000.0,663200000.0,,,,53300000.0,600000.0,131600000.0,387600000.0,275600000.0,2400000.0,2700000.0,185500000.0,90100000.0,300000.0,90400000.0,663200000.0,93800000.0,93000000.0,93700000.0
Varian Medical Systems Inc,VAR,TK3LAKL7I0QNTCVWSY07,203527,2017.0,Q2YTD,2016-10-01,2017-03-31,,0.75,0.75,0.75,38300000.0,32200000.0,70700000.0,77500000.0,-6800000.0,70200000.0,500000.0,722100000.0,1264700000.0,,,,103200000.0,600000.0,293000000.0,722100000.0,542600000.0,5300000.0,7500000.0,435100000.0,107500000.0,2200000.0,109700000.0,1264700000.0,93800000.0,93000000.0,93700000.0
Varian Medical Systems Inc,VAR,TK3LAKL7I0QNTCVWSY07,203527,2017.0,Q2TTM,2016-04-02,2017-03-31,,3.01,3.01,2.99,40500000.0,86100000.0,284400000.0,233600000.0,50800000.0,283500000.0,900000.0,1406600000.0,2486100000.0,,,,194600000.0,3700000.0,526100000.0,1406600000.0,1079500000.0,11400000.0,16500000.0,764900000.0,314600000.0,5100000.0,319700000.0,2486100000.0,93800000.0,93000000.0,93700000.0
Varian Medical Systems Inc,VAR,TK3LAKL7I0QNTCVWSY07,203527,2017.0,Q1,2016-10-01,2016-12-30,2018-02-07 16:45:29+00:00,0.15,0.15,0.15,38300000.0,11300000.0,14500000.0,8000000.0,6500000.0,13900000.0,600000.0,334500000.0,601500000.0,,,,49900000.0,,161400000.0,334500000.0,267000000.0,2900000.0,4800000.0,249600000.0,17400000.0,1900000.0,19300000.0,601500000.0,92700000.0,93500000.0,94200000.0
Varian Medical Systems Inc,VAR,TK3LAKL7I0QNTCVWSY07,203527,2017.0,Q1TTM,2016-01-02,2016-12-30,,3.42,3.42,3.4,40500000.0,92000000.0,325200000.0,241300000.0,83900000.0,324200000.0,1000000.0,1376100000.0,2438100000.0,,,,190300000.0,3100000.0,500600000.0,1376100000.0,1062000000.0,12300000.0,18100000.0,734500000.0,327500000.0,5800000.0,333300000.0,2438100000.0,92700000.0,93500000.0,94200000.0
Varian Medical Systems Inc,VAR,TK3LAKL7I0QNTCVWSY07,203527,2018.0,FY,2017-09-30,2018-09-28,2019-11-25 17:16:58+00:00,1.64,1.64,1.62,22400000.0,301800000.0,150300000.0,150300000.0,0.0,149900000.0,400000.0,1645500000.0,2919100000.0,4200000.0,,,233900000.0,36400000.0,543500000.0,1645500000.0,1273600000.0,6800000.0,17300000.0,836200000.0,437400000.0,14700000.0,452100000.0,2919100000.0,91400000.0,91500000.0,92500000.0
Varian Medical Systems Inc,VAR,TK3LAKL7I0QNTCVWSY07,203527,2018.0,Q4,2018-06-30,2018-09-28,,1.27,1.27,1.26,300000.0,25200000.0,116800000.0,116800000.0,,116400000.0,400000.0,462900000.0,801600000.0,17700000.0,,,59600000.0,23700000.0,138400000.0,462900000.0,338700000.0,1100000.0,8700000.0,222000000.0,116700000.0,25300000.0,142000000.0,801600000.0,91400000.0,91500000.0,92500000.0
Varian Medical Systems Inc,VAR,TK3LAKL7I0QNTCVWSY07,203527,2018.0,Q3,2018-03-31,2018-06-29,2019-08-07 17:04:23+00:00,0.79,0.79,0.79,11000000.0,19500000.0,72500000.0,72500000.0,,72600000.0,-100000.0,395500000.0,709100000.0,1500000.0,,,59500000.0,12700000.0,140400000.0,395500000.0,313600000.0,1300000.0,1800000.0,223600000.0,90000000.0,2000000.0,92000000.0,709100000.0,91900000.0,91500000.0,92500000.0
Varian Medical Systems Inc,VAR,TK3LAKL7I0QNTCVWSY07,203527,2018.0,Q3YTD,2017-09-30,2018-06-29,,0.37,0.37,0.36,22100000.0,276600000.0,33500000.0,33500000.0,,33500000.0,,1182600000.0,2117500000.0,-13500000.0,,,174300000.0,12700000.0,405100000.0,1182600000.0,934900000.0,5700000.0,8600000.0,614200000.0,320700000.0,-10600000.0,310100000.0,2117500000.0,91900000.0,91500000.0,92500000.0
Varian Medical Systems Inc,VAR,TK3LAKL7I0QNTCVWSY07,203527,2018.0,Q3TTM,2017-07-01,2018-06-29,,1.22,1.22,1.21,35200000.0,302700000.0,112100000.0,112100000.0,,112100000.0,,1598600000.0,2839300000.0,-11100000.0,,,226000000.0,13500000.0,543500000.0,1598600000.0,1240700000.0,8400000.0,11800000.0,818200000.0,422500000.0,-7700000.0,414800000.0,2839300000.0,91900000.0,91500000.0,92500000.0
Varian Medical Systems Inc,VAR,TK3LAKL7I0QNTCVWSY07,203527,2018.0,Q2,2017-12-30,2018-03-30,2019-05-08 16:25:23+00:00,0.8,0.8,0.79,11100000.0,22400000.0,73200000.0,73200000.0,,73200000.0,0.0,411400000.0,729900000.0,-14800000.0,,,58900000.0,,139400000.0,411400000.0,318500000.0,2300000.0,3600000.0,209400000.0,109100000.0,-13500000.0,95600000.0,729900000.0,91500000.0,91500000.0,92600000.0
Varian Medical Systems Inc,VAR,TK3LAKL7I0QNTCVWSY07,203527,2018.0,Q2YTD,2017-09-30,2018-03-30,,-0.42,-0.42,-0.43,11100000.0,257100000.0,-39000000.0,-39000000.0,,-39100000.0,100000.0,787100000.0,1408400000.0,-15000000.0,,,114800000.0,,264700000.0,787100000.0,621300000.0,4400000.0,6800000.0,390600000.0,230700000.0,-12600000.0,218100000.0,1408400000.0,91500000.0,91500000.0,92600000.0
Varian Medical Systems Inc,VAR,TK3LAKL7I0QNTCVWSY07,203527,2018.0,Q2TTM,2017-04-01,2018-03-30,,1.19,1.19,1.17,24200000.0,302000000.0,109500000.0,109500000.0,,109200000.0,300000.0,1570400000.0,2763000000.0,-12600000.0,,,221600000.0,1300000.0,524500000.0,1570400000.0,1192600000.0,9800000.0,12900000.0,771600000.0,421000000.0,-9500000.0,411500000.0,2763000000.0,91500000.0,91500000.0,92600000.0
Varian Medical Systems Inc,VAR,TK3LAKL7I0QNTCVWSY07,203527,2018.0,Q1,2017-09-30,2017-12-29,2019-02-05 16:46:36+00:00,-1.22,-1.22,-1.22,,234700000.0,-112200000.0,-112200000.0,,-112300000.0,100000.0,375700000.0,678500000.0,-200000.0,,,55900000.0,,125300000.0,375700000.0,302800000.0,2100000.0,3200000.0,181200000.0,121600000.0,900000.0,122500000.0,678500000.0,92000000.0,91600000.0,91600000.0
Varian Medical Systems Inc,VAR,TK3LAKL7I0QNTCVWSY07,203527,2018.0,Q1TTM,2016-12-31,2017-12-29,,0.99,0.99,0.98,13100000.0,300500000.0,92500000.0,105800000.0,-13300000.0,92300000.0,200000.0,1546600000.0,2696300000.0,2200000.0,,,216000000.0,1900000.0,516700000.0,1546600000.0,1149700000.0,9900000.0,12000000.0,747700000.0,402000000.0,4300000.0,406300000.0,2696300000.0,92000000.0,91600000.0,91600000.0
Varian Medical Systems Inc,VAR,TK3LAKL7I0QNTCVWSY07,203527,2019.0,Q4,2019-06-29,2019-09-27,,0.79,0.79,0.78,,40000000.0,70400000.0,70400000.0,,70700000.0,-500000.0,494300000.0,878900000.0,900000.0,,,65200000.0,27000000.0,181600000.0,494300000.0,384600000.0,4800000.0,3500000.0,273800000.0,110800000.0,-400000.0,110400000.0,878900000.0,90900000.0,91000000.0,91900000.0
Varian Medical Systems Inc,VAR,TK3LAKL7I0QNTCVWSY07,203527,2019.0,FY,2018-09-29,2019-09-27,2019-11-25 17:16:58+00:00,3.21,3.21,3.18,50600000.0,128600000.0,292200000.0,292200000.0,0.0,291900000.0,300000.0,1854800000.0,3225100000.0,28300000.0,,,247600000.0,62800000.0,623100000.0,1854800000.0,1370300000.0,8800000.0,15100000.0,984100000.0,386200000.0,34600000.0,420800000.0,3225100000.0,90900000.0,91000000.0,91900000.0
Varian Medical Systems Inc,VAR,TK3LAKL7I0QNTCVWSY07,203527,2019.0,Q3YTD,2018-09-29,2019-06-28,,2.42,2.42,2.4,50600000.0,88600000.0,221800000.0,221800000.0,,221200000.0,800000.0,1360500000.0,2346200000.0,27400000.0,,,182400000.0,35800000.0,441500000.0,1360500000.0,985700000.0,4000000.0,11600000.0,710300000.0,275400000.0,35000000.0,310400000.0,2346200000.0,91900000.0,91000000.0,91800000.0
Varian Medical Systems Inc,VAR,TK3LAKL7I0QNTCVWSY07,203527,2019.0,Q3TTM,2018-06-30,2019-06-28,,3.69,3.69,3.66,50900000.0,113800000.0,338600000.0,338600000.0,,337600000.0,1200000.0,1823400000.0,3147800000.0,45100000.0,,,242000000.0,59500000.0,579900000.0,1823400000.0,1324400000.0,5100000.0,20300000.0,932300000.0,392100000.0,60300000.0,452400000.0,3147800000.0,91900000.0,91000000.0,91800000.0
Varian Medical Systems Inc,VAR,TK3LAKL7I0QNTCVWSY07,203527,2019.0,Q3,2019-03-30,2019-06-28,2019-08-07 17:04:23+00:00,0.32,0.32,0.32,50600000.0,30500000.0,29500000.0,29500000.0,,29400000.0,100000.0,474400000.0,825800000.0,4200000.0,,,62100000.0,31200000.0,153600000.0,474400000.0,351400000.0,1800000.0,3700000.0,297500000.0,53900000.0,6100000.0,60000000.0,825800000.0,91900000.0,91000000.0,91800000.0
Varian Medical Systems Inc,VAR,TK3LAKL7I0QNTCVWSY07,203527,2019.0,Q2,2018-12-29,2019-03-29,2020-05-12 16:49:08+00:00,0.97,0.97,0.96,0.0,24600000.0,88400000.0,88400000.0,,88600000.0,,461200000.0,779400000.0,200000.0,,,59400000.0,2200000.0,146800000.0,461200000.0,318200000.0,1000000.0,4000000.0,208400000.0,109800000.0,3200000.0,113000000.0,779400000.0,91300000.0,91000000.0,91900000.0
Varian Medical Systems Inc,VAR,TK3LAKL7I0QNTCVWSY07,203527,2019.0,Q2YTD,2018-09-29,2019-03-29,,2.1,2.1,2.08,,58100000.0,192300000.0,192300000.0,,191800000.0,700000.0,886100000.0,1520400000.0,23200000.0,,,120300000.0,4600000.0,287900000.0,886100000.0,634300000.0,2200000.0,7900000.0,412800000.0,221500000.0,28900000.0,250400000.0,1520400000.0,91300000.0,91000000.0,91900000.0
Varian Medical Systems Inc,VAR,TK3LAKL7I0QNTCVWSY07,203527,2019.0,Q2TTM,2018-03-31,2019-03-29,,4.16,4.16,4.13,11300000.0,102800000.0,381600000.0,381600000.0,,380800000.0,1000000.0,1744500000.0,3031100000.0,42400000.0,,,239400000.0,41000000.0,566700000.0,1744500000.0,1286600000.0,4600000.0,18400000.0,858400000.0,428200000.0,56200000.0,484400000.0,3031100000.0,91300000.0,91000000.0,91900000.0
Varian Medical Systems Inc,VAR,TK3LAKL7I0QNTCVWSY07,203527,2019.0,Q1TTM,2017-12-30,2018-12-28,,3.99,3.99,3.96,22400000.0,100600000.0,366400000.0,366400000.0,,365400000.0,1000000.0,1694700000.0,2981600000.0,27400000.0,,,238900000.0,38800000.0,559300000.0,1694700000.0,1286900000.0,5900000.0,18000000.0,859400000.0,427500000.0,39500000.0,467000000.0,2981600000.0,91300000.0,91000000.0,92000000.0
Varian Medical Systems Inc,VAR,TK3LAKL7I0QNTCVWSY07,203527,2020.0,Q2YTD,2019-09-28,2020-04-03,,1.45,1.45,1.43,40500000.0,33500000.0,132000000.0,132000000.0,,131400000.0,700000.0,919400000.0,1623400000.0,3500000.0,,,138100000.0,8200000.0,352300000.0,919400000.0,704000000.0,9000000.0,6100000.0,539100000.0,164900000.0,600000.0,165500000.0,1623400000.0,90000000.0,90700000.0,91400000.0
Varian Medical Systems Inc,VAR,TK3LAKL7I0QNTCVWSY07,203527,2020.0,Q2TTM,2019-03-30,2020-04-03,,2.56,2.56,2.53,91100000.0,104000000.0,231900000.0,231900000.0,,231500000.0,300000.0,1888100000.0,3328100000.0,8600000.0,,,265400000.0,66400000.0,687500000.0,1888100000.0,1440000000.0,15600000.0,13300000.0,1110400000.0,329600000.0,6300000.0,335900000.0,3328100000.0,90000000.0,90700000.0,91400000.0
Varian Medical Systems Inc,VAR,TK3LAKL7I0QNTCVWSY07,203527,2020.0,Q2,2020-01-04,2020-04-03,2020-05-12 16:49:08+00:00,0.48,0.48,0.47,40500000.0,9700000.0,43100000.0,43100000.0,,43200000.0,,457300000.0,794500000.0,-900000.0,,,71000000.0,-4500000.0,175300000.0,457300000.0,337200000.0,4300000.0,3100000.0,282300000.0,54900000.0,-2100000.0,52800000.0,794500000.0,90000000.0,90700000.0,91400000.0
Varian Medical Systems Inc,VAR,TK3LAKL7I0QNTCVWSY07,203527,2020.0,Q1TTM,2018-12-29,2020-01-03,,3.05,3.05,3.02,50600000.0,118900000.0,277200000.0,277200000.0,,276900000.0,300000.0,1892000000.0,3313000000.0,9700000.0,,,253800000.0,73100000.0,659000000.0,1892000000.0,1421000000.0,12300000.0,14200000.0,1036500000.0,384500000.0,11600000.0,396100000.0,3313000000.0,90900000.0,90900000.0,91700000.0
Varian Medical Systems Inc,VAR,TK3LAKL7I0QNTCVWSY07,203527,2020.0,Q1,2019-09-28,2020-01-03,2020-02-11 16:58:54+00:00,0.97,0.97,0.96,,23800000.0,88900000.0,88900000.0,,88200000.0,700000.0,462100000.0,828900000.0,4400000.0,,,67100000.0,12700000.0,177000000.0,462100000.0,366800000.0,4700000.0,3000000.0,256800000.0,110000000.0,2700000.0,112700000.0,828900000.0,90900000.0,90900000.0,91700000.0
