company_name,company_ticker,company_lei,company_cik,year,quarter,start_date,end_date,filing_date,basicdilutedeps,basiceps,cashdividendspershare,dilutedeps,incometaxexpense,netincome,netincomecontinuing,netincomediscontinued,netincometocommon,netincometononcontrollinginterest,operatingcostofrevenue,operatingrevenue,othergains,otherincome,otheroperatingexpenses,sgaexpense,totalcostofrevenue,totalgrossprofit,totalinterestexpense,totalinterestincome,totaloperatingexpenses,totaloperatingincome,totalotherincome,totalpretaxincome,totalrevenue,weightedavebasicdilutedsharesos,weightedavebasicsharesos,weightedavedilutedsharesos
Fiserv Inc,FISV,GI7UBEJLXYLGR2C7GV83,798354,2007.0,FY,2007-01-01,2007-12-31,2010-02-26 14:29:23+00:00,2.64,2.64,,2.6,255000000.0,439000000.0,412000000.0,27000000.0,439000000.0,,2428000000.0,3677000000.0,0.0,0.0,,513000000.0,2428000000.0,1249000000.0,76000000.0,7000000.0,513000000.0,736000000.0,-69000000.0,667000000.0,3677000000.0,166300000.0,166600000.0,168800000.0
Fiserv Inc,FISV,GI7UBEJLXYLGR2C7GV83,798354,2008.0,FY,2008-01-01,2008-12-31,2011-02-24 13:44:55+00:00,3.51,3.51,,3.49,288000000.0,569000000.0,358000000.0,211000000.0,569000000.0,,2866000000.0,4587000000.0,6000000.0,-21000000.0,,813000000.0,2866000000.0,1721000000.0,260000000.0,13000000.0,813000000.0,908000000.0,-268000000.0,640000000.0,4587000000.0,162100000.0,162000000.0,163100000.0
Fiserv Inc,FISV,GI7UBEJLXYLGR2C7GV83,798354,2008.0,Q3,2008-07-01,2008-09-30,2009-11-06 15:55:42+00:00,0.48,0.48,,0.48,107000000.0,78000000.0,75000000.0,3000000.0,78000000.0,,622000000.0,1038000000.0,3000000.0,19000000.0,,199000000.0,622000000.0,416000000.0,57000000.0,,199000000.0,217000000.0,-38000000.0,179000000.0,1038000000.0,162500000.0,162500000.0,163800000.0
Fiserv Inc,FISV,GI7UBEJLXYLGR2C7GV83,798354,2008.0,Q2,2008-04-01,2008-06-30,2009-08-06 15:00:07+00:00,0.61,0.61,,0.6,64000000.0,100000000.0,102000000.0,-2000000.0,100000000.0,,849000000.0,1292000000.0,0.0,,,216000000.0,849000000.0,443000000.0,61000000.0,,216000000.0,227000000.0,-61000000.0,166000000.0,1292000000.0,163900000.0,163400000.0,164800000.0
Fiserv Inc,FISV,GI7UBEJLXYLGR2C7GV83,798354,2009.0,Q4,2009-10-01,2009-12-31,,0.77,0.77,,0.76,79000000.0,118000000.0,128000000.0,-10000000.0,118000000.0,,611000000.0,1062000000.0,2000000.0,,,195000000.0,611000000.0,451000000.0,59000000.0,8000000.0,195000000.0,256000000.0,-51000000.0,205000000.0,1062000000.0,154500000.0,154500000.0,155400000.0
Fiserv Inc,FISV,GI7UBEJLXYLGR2C7GV83,798354,2009.0,FY,2009-01-01,2009-12-31,2012-02-24 12:26:48+00:00,3.08,3.08,,3.06,273000000.0,476000000.0,473000000.0,3000000.0,476000000.0,,2380000000.0,4077000000.0,12000000.0,,,751000000.0,2380000000.0,1697000000.0,220000000.0,8000000.0,751000000.0,946000000.0,-212000000.0,734000000.0,4077000000.0,154500000.0,154500000.0,155400000.0
Fiserv Inc,FISV,GI7UBEJLXYLGR2C7GV83,798354,2009.0,Q3YTD,2009-01-01,2009-09-30,,2.31,2.31,,2.3,194000000.0,358000000.0,345000000.0,13000000.0,358000000.0,,1769000000.0,3015000000.0,10000000.0,,,556000000.0,1769000000.0,1246000000.0,161000000.0,,556000000.0,690000000.0,-161000000.0,529000000.0,3015000000.0,153300000.0,153900000.0,155200000.0
Fiserv Inc,FISV,GI7UBEJLXYLGR2C7GV83,798354,2009.0,Q3,2009-07-01,2009-09-30,2010-11-05 14:56:23+00:00,0.75,0.75,,0.74,60000000.0,115000000.0,124000000.0,-9000000.0,115000000.0,,579000000.0,992000000.0,5000000.0,,,182000000.0,579000000.0,413000000.0,52000000.0,,182000000.0,231000000.0,-52000000.0,179000000.0,992000000.0,153300000.0,153900000.0,155200000.0
Fiserv Inc,FISV,GI7UBEJLXYLGR2C7GV83,798354,2009.0,Q2YTD,2009-01-01,2009-06-30,,1.56,1.56,,1.56,134000000.0,243000000.0,221000000.0,22000000.0,243000000.0,,1190000000.0,2023000000.0,5000000.0,,,374000000.0,1190000000.0,833000000.0,109000000.0,,374000000.0,459000000.0,-109000000.0,350000000.0,2023000000.0,155600000.0,155000000.0,155800000.0
Fiserv Inc,FISV,GI7UBEJLXYLGR2C7GV83,798354,2009.0,Q2,2009-04-01,2009-06-30,2010-08-05 12:13:45+00:00,0.9,0.9,,0.9,68000000.0,140000000.0,115000000.0,25000000.0,140000000.0,,590000000.0,1000000000.0,4000000.0,,,176000000.0,590000000.0,410000000.0,55000000.0,,176000000.0,234000000.0,-55000000.0,179000000.0,1000000000.0,155600000.0,155000000.0,155800000.0
Fiserv Inc,FISV,GI7UBEJLXYLGR2C7GV83,798354,2009.0,Q1,2009-01-01,2009-03-31,2010-05-06 15:29:57+00:00,0.66,0.66,,0.66,66000000.0,103000000.0,106000000.0,-3000000.0,103000000.0,,600000000.0,1023000000.0,1000000.0,,,198000000.0,600000000.0,423000000.0,54000000.0,,198000000.0,225000000.0,-54000000.0,171000000.0,1023000000.0,156100000.0,155500000.0,156000000.0
Fiserv Inc,FISV,GI7UBEJLXYLGR2C7GV83,798354,2010.0,Q4,2010-10-01,2010-12-31,,0.77,0.77,,0.77,77000000.0,116000000.0,119000000.0,-3000000.0,116000000.0,,613000000.0,1078000000.0,3000000.0,10000000.0,,198000000.0,613000000.0,465000000.0,84000000.0,,198000000.0,267000000.0,-74000000.0,193000000.0,1078000000.0,150300000.0,150400000.0,151700000.0
Fiserv Inc,FISV,GI7UBEJLXYLGR2C7GV83,798354,2010.0,FY,2010-01-01,2010-12-31,2013-02-22 16:37:10+00:00,3.3,3.3,,3.27,301000000.0,496000000.0,506000000.0,-10000000.0,496000000.0,,2386000000.0,4133000000.0,14000000.0,10000000.0,,740000000.0,2386000000.0,1747000000.0,224000000.0,,740000000.0,1007000000.0,-214000000.0,793000000.0,4133000000.0,150300000.0,150400000.0,151700000.0
Fiserv Inc,FISV,GI7UBEJLXYLGR2C7GV83,798354,2010.0,Q3YTD,2010-01-01,2010-09-30,,2.51,2.51,,2.49,224000000.0,380000000.0,387000000.0,-7000000.0,380000000.0,,1773000000.0,3055000000.0,11000000.0,,,542000000.0,1773000000.0,1282000000.0,140000000.0,,542000000.0,740000000.0,-140000000.0,600000000.0,3055000000.0,150000000.0,149700000.0,150900000.0
Fiserv Inc,FISV,GI7UBEJLXYLGR2C7GV83,798354,2010.0,Q3TTM,2009-10-01,2010-09-30,,3.28,3.28,,3.25,303000000.0,498000000.0,515000000.0,-17000000.0,498000000.0,,2384000000.0,4117000000.0,13000000.0,,,737000000.0,2384000000.0,1733000000.0,199000000.0,8000000.0,737000000.0,996000000.0,-191000000.0,805000000.0,4117000000.0,150000000.0,149700000.0,150900000.0
Fiserv Inc,FISV,GI7UBEJLXYLGR2C7GV83,798354,2010.0,Q3,2010-07-01,2010-09-30,2011-11-02 16:20:53+00:00,0.88,0.88,,0.87,73000000.0,132000000.0,134000000.0,-2000000.0,132000000.0,,589000000.0,1025000000.0,5000000.0,,,185000000.0,589000000.0,436000000.0,49000000.0,,185000000.0,251000000.0,-49000000.0,202000000.0,1025000000.0,150000000.0,149700000.0,150900000.0
Fiserv Inc,FISV,GI7UBEJLXYLGR2C7GV83,798354,2010.0,Q2YTD,2010-01-01,2010-06-30,,1.63,1.63,,1.62,151000000.0,248000000.0,253000000.0,-5000000.0,248000000.0,,1184000000.0,2030000000.0,6000000.0,,,357000000.0,1184000000.0,846000000.0,91000000.0,,357000000.0,489000000.0,-91000000.0,398000000.0,2030000000.0,151200000.0,151400000.0,152600000.0
Fiserv Inc,FISV,GI7UBEJLXYLGR2C7GV83,798354,2010.0,Q2TTM,2009-07-01,2010-06-30,,3.15,3.15,,3.12,290000000.0,481000000.0,505000000.0,-24000000.0,481000000.0,,2374000000.0,4084000000.0,13000000.0,,,734000000.0,2374000000.0,1710000000.0,202000000.0,8000000.0,734000000.0,976000000.0,-194000000.0,782000000.0,4084000000.0,151200000.0,151400000.0,152600000.0
Fiserv Inc,FISV,GI7UBEJLXYLGR2C7GV83,798354,2010.0,Q2,2010-04-01,2010-06-30,2011-08-02 15:39:14+00:00,0.84,0.84,,0.83,78000000.0,127000000.0,130000000.0,-3000000.0,127000000.0,,586000000.0,1022000000.0,3000000.0,,,185000000.0,586000000.0,436000000.0,46000000.0,,185000000.0,251000000.0,-46000000.0,205000000.0,1022000000.0,151200000.0,151400000.0,152600000.0
Fiserv Inc,FISV,GI7UBEJLXYLGR2C7GV83,798354,2010.0,Q1TTM,2009-04-01,2010-03-31,,3.21,3.21,,3.19,280000000.0,494000000.0,490000000.0,4000000.0,494000000.0,,2378000000.0,4062000000.0,14000000.0,,,725000000.0,2378000000.0,1684000000.0,211000000.0,8000000.0,725000000.0,959000000.0,-203000000.0,756000000.0,4062000000.0,153200000.0,152500000.0,153700000.0
Fiserv Inc,FISV,GI7UBEJLXYLGR2C7GV83,798354,2010.0,Q1,2010-01-01,2010-03-31,2011-05-04 14:50:43+00:00,0.79,0.79,,0.79,73000000.0,121000000.0,123000000.0,-2000000.0,121000000.0,,598000000.0,1008000000.0,3000000.0,,,172000000.0,598000000.0,410000000.0,45000000.0,,172000000.0,238000000.0,-45000000.0,193000000.0,1008000000.0,153200000.0,152500000.0,153700000.0
Fiserv Inc,FISV,GI7UBEJLXYLGR2C7GV83,798354,2011.0,Q4,2011-10-01,2011-12-31,,0.5,0.5,,0.5,86000000.0,143000000.0,149000000.0,-6000000.0,143000000.0,,625000000.0,1113000000.0,4000000.0,5000000.0,,213000000.0,625000000.0,488000000.0,49000000.0,,213000000.0,275000000.0,-44000000.0,231000000.0,1113000000.0,284300000.0,285100000.0,288400000.0
Fiserv Inc,FISV,GI7UBEJLXYLGR2C7GV83,798354,2011.0,FY,2011-01-01,2011-12-31,2014-02-20 16:55:08+00:00,1.66,1.66,,1.64,254000000.0,472000000.0,487000000.0,-15000000.0,472000000.0,,2504000000.0,4289000000.0,18000000.0,6000000.0,,795000000.0,2504000000.0,1785000000.0,273000000.0,,795000000.0,990000000.0,-267000000.0,723000000.0,4289000000.0,284300000.0,285100000.0,288400000.0
Fiserv Inc,FISV,GI7UBEJLXYLGR2C7GV83,798354,2011.0,Q3YTD,2011-01-01,2011-09-30,,2.33,2.33,,2.33,168000000.0,329000000.0,338000000.0,-9000000.0,329000000.0,,1879000000.0,3176000000.0,14000000.0,1000000.0,,582000000.0,1879000000.0,1297000000.0,224000000.0,,582000000.0,715000000.0,-223000000.0,492000000.0,3176000000.0,141100000.0,141100000.0,142600000.0
Fiserv Inc,FISV,GI7UBEJLXYLGR2C7GV83,798354,2011.0,Q3TTM,2010-10-01,2011-09-30,,3.15,3.15,,3.15,245000000.0,445000000.0,457000000.0,-12000000.0,445000000.0,,2492000000.0,4254000000.0,17000000.0,11000000.0,,780000000.0,2492000000.0,1762000000.0,308000000.0,,780000000.0,982000000.0,-297000000.0,685000000.0,4254000000.0,141100000.0,141100000.0,142600000.0
Fiserv Inc,FISV,GI7UBEJLXYLGR2C7GV83,798354,2011.0,Q3,2011-07-01,2011-09-30,2012-10-31 14:04:56+00:00,0.9,0.9,,0.89,55000000.0,127000000.0,127000000.0,,127000000.0,,631000000.0,1063000000.0,8000000.0,,,189000000.0,631000000.0,432000000.0,69000000.0,,189000000.0,243000000.0,-69000000.0,174000000.0,1063000000.0,141100000.0,141100000.0,142600000.0
Fiserv Inc,FISV,GI7UBEJLXYLGR2C7GV83,798354,2011.0,Q2YTD,2011-01-01,2011-06-30,,1.42,1.42,,1.42,113000000.0,202000000.0,211000000.0,-9000000.0,202000000.0,,1248000000.0,2113000000.0,6000000.0,1000000.0,,393000000.0,1248000000.0,865000000.0,155000000.0,,393000000.0,472000000.0,-154000000.0,318000000.0,2113000000.0,142900000.0,142500000.0,144200000.0
Fiserv Inc,FISV,GI7UBEJLXYLGR2C7GV83,798354,2011.0,Q2TTM,2010-07-01,2011-06-30,,3.16,3.16,,3.16,263000000.0,450000000.0,464000000.0,-14000000.0,450000000.0,,2450000000.0,4216000000.0,14000000.0,11000000.0,,776000000.0,2450000000.0,1766000000.0,288000000.0,,776000000.0,990000000.0,-277000000.0,713000000.0,4216000000.0,142900000.0,142500000.0,144200000.0
Fiserv Inc,FISV,GI7UBEJLXYLGR2C7GV83,798354,2011.0,Q2,2011-04-01,2011-06-30,2012-07-31 11:07:56+00:00,0.63,0.63,,0.62,49000000.0,90000000.0,97000000.0,-7000000.0,90000000.0,,624000000.0,1065000000.0,4000000.0,1000000.0,,190000000.0,624000000.0,441000000.0,110000000.0,,190000000.0,251000000.0,-109000000.0,142000000.0,1065000000.0,142900000.0,142500000.0,144200000.0
Fiserv Inc,FISV,GI7UBEJLXYLGR2C7GV83,798354,2011.0,Q1TTM,2010-04-01,2011-03-31,,3.34,3.34,,3.34,292000000.0,487000000.0,497000000.0,-10000000.0,487000000.0,,2412000000.0,4173000000.0,13000000.0,10000000.0,,771000000.0,2412000000.0,1761000000.0,224000000.0,,771000000.0,990000000.0,-214000000.0,776000000.0,4173000000.0,145500000.0,145900000.0,147700000.0
Fiserv Inc,FISV,GI7UBEJLXYLGR2C7GV83,798354,2011.0,Q1,2011-01-01,2011-03-31,2012-05-02 16:28:24+00:00,0.77,0.77,,0.76,64000000.0,112000000.0,114000000.0,-2000000.0,112000000.0,,624000000.0,1048000000.0,2000000.0,,,203000000.0,624000000.0,424000000.0,45000000.0,,203000000.0,221000000.0,-45000000.0,176000000.0,1048000000.0,145500000.0,145900000.0,147700000.0
Fiserv Inc,FISV,GI7UBEJLXYLGR2C7GV83,798354,2012.0,Q4,2012-10-01,2012-12-31,,0.66,0.66,,0.66,93000000.0,179000000.0,158000000.0,21000000.0,179000000.0,,649000000.0,1145000000.0,2000000.0,1000000.0,,209000000.0,649000000.0,496000000.0,39000000.0,,209000000.0,287000000.0,-38000000.0,249000000.0,1145000000.0,271600000.0,271600000.0,275000000.0
Fiserv Inc,FISV,GI7UBEJLXYLGR2C7GV83,798354,2012.0,FY,2012-01-01,2012-12-31,2015-02-20 16:13:12+00:00,2.25,2.25,,2.22,300000000.0,611000000.0,592000000.0,19000000.0,611000000.0,,2564000000.0,4436000000.0,11000000.0,7000000.0,,824000000.0,2564000000.0,1872000000.0,174000000.0,,824000000.0,1048000000.0,-167000000.0,881000000.0,4436000000.0,271600000.0,271600000.0,275000000.0
Fiserv Inc,FISV,GI7UBEJLXYLGR2C7GV83,798354,2012.0,Q3YTD,2012-01-01,2012-09-30,,3.2,3.2,,3.2,207000000.0,432000000.0,434000000.0,-2000000.0,432000000.0,,1915000000.0,3291000000.0,9000000.0,6000000.0,,615000000.0,1915000000.0,1376000000.0,135000000.0,,615000000.0,761000000.0,-129000000.0,632000000.0,3291000000.0,135000000.0,134900000.0,136600000.0
Fiserv Inc,FISV,GI7UBEJLXYLGR2C7GV83,798354,2012.0,Q3TTM,2011-10-01,2012-09-30,,4.26,4.26,,4.26,293000000.0,575000000.0,583000000.0,-8000000.0,575000000.0,,2540000000.0,4404000000.0,13000000.0,11000000.0,,828000000.0,2540000000.0,1864000000.0,184000000.0,,828000000.0,1036000000.0,-173000000.0,863000000.0,4404000000.0,135000000.0,134900000.0,136600000.0
Fiserv Inc,FISV,GI7UBEJLXYLGR2C7GV83,798354,2012.0,Q3,2012-07-01,2012-09-30,2013-10-30 13:54:57+00:00,1.03,1.03,,1.02,80000000.0,139000000.0,140000000.0,-1000000.0,139000000.0,,636000000.0,1107000000.0,3000000.0,,,206000000.0,636000000.0,471000000.0,48000000.0,,206000000.0,265000000.0,-48000000.0,217000000.0,1107000000.0,135000000.0,134900000.0,136600000.0
Fiserv Inc,FISV,GI7UBEJLXYLGR2C7GV83,798354,2012.0,Q2YTD,2012-01-01,2012-06-30,,2.15,2.15,,2.15,127000000.0,293000000.0,294000000.0,-1000000.0,293000000.0,,1279000000.0,2184000000.0,6000000.0,6000000.0,,409000000.0,1279000000.0,905000000.0,87000000.0,,409000000.0,496000000.0,-81000000.0,415000000.0,2184000000.0,136400000.0,136100000.0,137800000.0
Fiserv Inc,FISV,GI7UBEJLXYLGR2C7GV83,798354,2012.0,Q2TTM,2011-07-01,2012-06-30,,4.14,4.14,,4.14,268000000.0,563000000.0,570000000.0,-7000000.0,563000000.0,,2535000000.0,4360000000.0,18000000.0,11000000.0,,811000000.0,2535000000.0,1825000000.0,205000000.0,,811000000.0,1014000000.0,-194000000.0,820000000.0,4360000000.0,136400000.0,136100000.0,137800000.0
Fiserv Inc,FISV,GI7UBEJLXYLGR2C7GV83,798354,2012.0,Q2,2012-04-01,2012-06-30,2013-07-31 15:56:59+00:00,1.18,1.18,,1.17,60000000.0,161000000.0,162000000.0,-1000000.0,161000000.0,,626000000.0,1087000000.0,3000000.0,6000000.0,,204000000.0,626000000.0,461000000.0,44000000.0,,204000000.0,257000000.0,-38000000.0,219000000.0,1087000000.0,136400000.0,136100000.0,137800000.0
Fiserv Inc,FISV,GI7UBEJLXYLGR2C7GV83,798354,2012.0,Q1TTM,2011-04-01,2012-03-31,,3.55,3.55,,3.55,257000000.0,492000000.0,505000000.0,-13000000.0,492000000.0,,2533000000.0,4338000000.0,19000000.0,6000000.0,,797000000.0,2533000000.0,1805000000.0,271000000.0,,797000000.0,1008000000.0,-265000000.0,743000000.0,4338000000.0,138900000.0,138700000.0,140500000.0
Fiserv Inc,FISV,GI7UBEJLXYLGR2C7GV83,798354,2012.0,Q1,2012-01-01,2012-03-31,2013-05-01 15:15:17+00:00,0.95,0.95,,0.94,67000000.0,132000000.0,132000000.0,0.0,132000000.0,,653000000.0,1097000000.0,3000000.0,,,205000000.0,653000000.0,444000000.0,43000000.0,,205000000.0,239000000.0,-43000000.0,196000000.0,1097000000.0,138900000.0,138700000.0,140500000.0
Fiserv Inc,FISV,GI7UBEJLXYLGR2C7GV83,798354,2013.0,FY,2013-01-01,2013-12-31,2016-02-19 16:54:19+00:00,2.47,2.47,,2.44,328000000.0,648000000.0,650000000.0,-2000000.0,648000000.0,,2776000000.0,4814000000.0,80000000.0,,,977000000.0,2776000000.0,2038000000.0,163000000.0,,977000000.0,1061000000.0,-163000000.0,898000000.0,4814000000.0,262300000.0,262400000.0,266100000.0
Fiserv Inc,FISV,GI7UBEJLXYLGR2C7GV83,798354,2013.0,Q4,2013-10-01,2013-12-31,,0.84,0.84,,0.84,110000000.0,221000000.0,220000000.0,1000000.0,221000000.0,,700000000.0,1263000000.0,73000000.0,,,266000000.0,700000000.0,563000000.0,40000000.0,,266000000.0,297000000.0,-40000000.0,257000000.0,1263000000.0,262300000.0,262400000.0,266100000.0
Fiserv Inc,FISV,GI7UBEJLXYLGR2C7GV83,798354,2013.0,Q3YTD,2013-01-01,2013-09-30,,1.64,1.64,,1.64,218000000.0,427000000.0,430000000.0,-3000000.0,427000000.0,,2076000000.0,3551000000.0,7000000.0,,,711000000.0,2076000000.0,1475000000.0,123000000.0,,711000000.0,764000000.0,-123000000.0,641000000.0,3551000000.0,260700000.0,259900000.0,263700000.0
Fiserv Inc,FISV,GI7UBEJLXYLGR2C7GV83,798354,2013.0,Q3TTM,2012-10-01,2013-09-30,,2.33,2.33,,2.33,311000000.0,606000000.0,588000000.0,18000000.0,606000000.0,,2725000000.0,4696000000.0,9000000.0,1000000.0,,920000000.0,2725000000.0,1971000000.0,162000000.0,,920000000.0,1051000000.0,-161000000.0,890000000.0,4696000000.0,260700000.0,259900000.0,263700000.0
Fiserv Inc,FISV,GI7UBEJLXYLGR2C7GV83,798354,2013.0,Q3,2013-07-01,2013-09-30,2014-10-29 16:59:59+00:00,0.61,0.61,,0.6,79000000.0,159000000.0,161000000.0,-2000000.0,159000000.0,,684000000.0,1201000000.0,1000000.0,,,237000000.0,684000000.0,517000000.0,41000000.0,,237000000.0,280000000.0,-41000000.0,239000000.0,1201000000.0,260700000.0,259900000.0,263700000.0
Fiserv Inc,FISV,GI7UBEJLXYLGR2C7GV83,798354,2013.0,Q2YTD,2013-01-01,2013-06-30,,1.01,1.01,,1.01,139000000.0,268000000.0,269000000.0,-1000000.0,268000000.0,,1392000000.0,2350000000.0,6000000.0,,,474000000.0,1392000000.0,958000000.0,82000000.0,,474000000.0,484000000.0,-82000000.0,402000000.0,2350000000.0,264900000.0,265100000.0,268600000.0
Fiserv Inc,FISV,GI7UBEJLXYLGR2C7GV83,798354,2013.0,Q2TTM,2012-07-01,2013-06-30,,2.21,2.21,,2.21,312000000.0,586000000.0,567000000.0,19000000.0,586000000.0,,2677000000.0,4602000000.0,11000000.0,1000000.0,,889000000.0,2677000000.0,1925000000.0,169000000.0,,889000000.0,1036000000.0,-168000000.0,868000000.0,4602000000.0,264900000.0,265100000.0,268600000.0
Fiserv Inc,FISV,GI7UBEJLXYLGR2C7GV83,798354,2013.0,Q2,2013-04-01,2013-06-30,2014-07-30 16:06:04+00:00,0.57,0.57,,0.56,81000000.0,151000000.0,152000000.0,-1000000.0,151000000.0,,680000000.0,1198000000.0,1000000.0,,,245000000.0,680000000.0,518000000.0,41000000.0,,245000000.0,273000000.0,-41000000.0,232000000.0,1198000000.0,264900000.0,265100000.0,268600000.0
Fiserv Inc,FISV,GI7UBEJLXYLGR2C7GV83,798354,2013.0,Q1TTM,2012-04-01,2013-03-31,,2.23,2.23,,2.23,291000000.0,596000000.0,577000000.0,19000000.0,596000000.0,,2623000000.0,4491000000.0,13000000.0,7000000.0,,848000000.0,2623000000.0,1868000000.0,172000000.0,,848000000.0,1020000000.0,-165000000.0,855000000.0,4491000000.0,265900000.0,266800000.0,270300000.0
Fiserv Inc,FISV,GI7UBEJLXYLGR2C7GV83,798354,2013.0,Q1,2013-01-01,2013-03-31,2014-04-30 15:50:13+00:00,0.44,0.44,,0.43,58000000.0,117000000.0,117000000.0,0.0,117000000.0,,712000000.0,1152000000.0,5000000.0,,,229000000.0,712000000.0,440000000.0,41000000.0,,229000000.0,211000000.0,-41000000.0,170000000.0,1152000000.0,265900000.0,266800000.0,270300000.0
Fiserv Inc,FISV,GI7UBEJLXYLGR2C7GV83,798354,2014.0,FY,2014-01-01,2014-12-31,2017-02-23 16:49:12+00:00,3.03,3.03,,2.98,384000000.0,754000000.0,754000000.0,0.0,754000000.0,,2881000000.0,5066000000.0,91000000.0,,,975000000.0,2881000000.0,2185000000.0,164000000.0,1000000.0,975000000.0,1210000000.0,-163000000.0,1047000000.0,5066000000.0,248800000.0,248600000.0,252700000.0
Fiserv Inc,FISV,GI7UBEJLXYLGR2C7GV83,798354,2014.0,Q4,2014-10-01,2014-12-31,,0.73,0.73,,0.73,97000000.0,181000000.0,181000000.0,,181000000.0,,752000000.0,1316000000.0,2000000.0,,,247000000.0,752000000.0,564000000.0,41000000.0,,247000000.0,317000000.0,-41000000.0,276000000.0,1316000000.0,248800000.0,248600000.0,252700000.0
Fiserv Inc,FISV,GI7UBEJLXYLGR2C7GV83,798354,2014.0,Q3,2014-07-01,2014-09-30,2015-10-28 15:23:58+00:00,0.96,0.96,,0.95,120000000.0,239000000.0,239000000.0,0.0,239000000.0,,705000000.0,1263000000.0,85000000.0,,,243000000.0,705000000.0,558000000.0,41000000.0,0.0,243000000.0,315000000.0,-41000000.0,274000000.0,1263000000.0,249000000.0,247600000.0,251800000.0
Fiserv Inc,FISV,GI7UBEJLXYLGR2C7GV83,798354,2014.0,Q3YTD,2014-01-01,2014-09-30,,2.31,2.31,,2.31,287000000.0,573000000.0,573000000.0,,573000000.0,,2129000000.0,3750000000.0,89000000.0,,,728000000.0,2129000000.0,1621000000.0,123000000.0,1000000.0,728000000.0,893000000.0,-122000000.0,771000000.0,3750000000.0,249000000.0,247600000.0,251800000.0
Fiserv Inc,FISV,GI7UBEJLXYLGR2C7GV83,798354,2014.0,Q3TTM,2013-10-01,2014-09-30,,3.21,3.21,,3.21,397000000.0,794000000.0,793000000.0,1000000.0,794000000.0,,2829000000.0,5013000000.0,162000000.0,,,994000000.0,2829000000.0,2184000000.0,163000000.0,1000000.0,994000000.0,1190000000.0,-162000000.0,1028000000.0,5013000000.0,249000000.0,247600000.0,251800000.0
Fiserv Inc,FISV,GI7UBEJLXYLGR2C7GV83,798354,2014.0,Q2YTD,2014-01-01,2014-06-30,,1.34,1.34,,1.34,167000000.0,334000000.0,334000000.0,,334000000.0,,1424000000.0,2487000000.0,4000000.0,,,485000000.0,1424000000.0,1063000000.0,82000000.0,1000000.0,485000000.0,578000000.0,-81000000.0,497000000.0,2487000000.0,251500000.0,249300000.0,253400000.0
Fiserv Inc,FISV,GI7UBEJLXYLGR2C7GV83,798354,2014.0,Q2TTM,2013-07-01,2014-06-30,,2.86,2.86,,2.86,356000000.0,714000000.0,715000000.0,-1000000.0,714000000.0,,2808000000.0,4951000000.0,78000000.0,,,988000000.0,2808000000.0,2143000000.0,163000000.0,1000000.0,988000000.0,1155000000.0,-162000000.0,993000000.0,4951000000.0,251500000.0,249300000.0,253400000.0
Fiserv Inc,FISV,GI7UBEJLXYLGR2C7GV83,798354,2014.0,Q2,2014-04-01,2014-06-30,2015-07-30 16:01:52+00:00,0.66,0.66,,0.65,101000000.0,166000000.0,166000000.0,0.0,166000000.0,,703000000.0,1253000000.0,,,,243000000.0,703000000.0,550000000.0,41000000.0,1000000.0,243000000.0,307000000.0,-40000000.0,267000000.0,1253000000.0,251500000.0,249300000.0,253400000.0
Fiserv Inc,FISV,GI7UBEJLXYLGR2C7GV83,798354,2014.0,Q1TTM,2013-04-01,2014-03-31,,2.75,2.75,,2.75,336000000.0,699000000.0,701000000.0,-2000000.0,699000000.0,,2785000000.0,4896000000.0,79000000.0,,,990000000.0,2785000000.0,2111000000.0,163000000.0,,990000000.0,1121000000.0,-163000000.0,958000000.0,4896000000.0,254500000.0,254400000.0,258600000.0
Fiserv Inc,FISV,GI7UBEJLXYLGR2C7GV83,798354,2014.0,Q1,2014-01-01,2014-03-31,2015-05-06 15:44:26+00:00,0.66,0.66,,0.65,66000000.0,168000000.0,168000000.0,0.0,168000000.0,,721000000.0,1234000000.0,4000000.0,,,242000000.0,721000000.0,513000000.0,41000000.0,,242000000.0,271000000.0,-41000000.0,230000000.0,1234000000.0,254500000.0,254400000.0,258600000.0
Fiserv Inc,FISV,GI7UBEJLXYLGR2C7GV83,798354,2015.0,FY,2015-01-01,2015-12-31,2018-02-22 17:17:45+00:00,3.04,3.04,,2.99,377000000.0,712000000.0,712000000.0,0.0,712000000.0,,2909000000.0,5254000000.0,32000000.0,,0.0,1034000000.0,2909000000.0,2345000000.0,255000000.0,1000000.0,1034000000.0,1311000000.0,-254000000.0,1057000000.0,5254000000.0,234200000.0,233900000.0,238000000.0
Fiserv Inc,FISV,GI7UBEJLXYLGR2C7GV83,798354,2015.0,Q4,2015-10-01,2015-12-31,,0.81,0.81,,0.81,98000000.0,189000000.0,189000000.0,,189000000.0,,763000000.0,1368000000.0,-3000000.0,,,276000000.0,763000000.0,605000000.0,39000000.0,,276000000.0,329000000.0,-39000000.0,290000000.0,1368000000.0,234200000.0,233900000.0,238000000.0
Fiserv Inc,FISV,GI7UBEJLXYLGR2C7GV83,798354,2015.0,Q3,2015-07-01,2015-09-30,2016-10-27 14:17:49+00:00,0.94,0.94,,0.92,117000000.0,218000000.0,218000000.0,,218000000.0,,713000000.0,1313000000.0,34000000.0,,,258000000.0,713000000.0,600000000.0,41000000.0,0.0,258000000.0,342000000.0,-41000000.0,301000000.0,1313000000.0,231900000.0,232900000.0,237000000.0
Fiserv Inc,FISV,GI7UBEJLXYLGR2C7GV83,798354,2015.0,Q3YTD,2015-01-01,2015-09-30,,2.25,2.25,,2.25,279000000.0,523000000.0,523000000.0,,523000000.0,,2146000000.0,3886000000.0,35000000.0,,,758000000.0,2146000000.0,1740000000.0,216000000.0,1000000.0,758000000.0,982000000.0,-215000000.0,767000000.0,3886000000.0,231900000.0,232900000.0,237000000.0
Fiserv Inc,FISV,GI7UBEJLXYLGR2C7GV83,798354,2015.0,Q3TTM,2014-10-01,2015-09-30,,3.02,3.02,,3.02,376000000.0,704000000.0,704000000.0,,704000000.0,,2898000000.0,5202000000.0,37000000.0,,,1005000000.0,2898000000.0,2304000000.0,257000000.0,1000000.0,1005000000.0,1299000000.0,-256000000.0,1043000000.0,5202000000.0,231900000.0,232900000.0,237000000.0
Fiserv Inc,FISV,GI7UBEJLXYLGR2C7GV83,798354,2015.0,Q2,2015-04-01,2015-06-30,2016-08-03 15:13:37+00:00,0.54,0.54,,0.53,66000000.0,127000000.0,127000000.0,,127000000.0,,710000000.0,1298000000.0,1000000.0,,,262000000.0,710000000.0,588000000.0,134000000.0,0.0,262000000.0,326000000.0,-134000000.0,192000000.0,1298000000.0,235200000.0,236500000.0,240400000.0
Fiserv Inc,FISV,GI7UBEJLXYLGR2C7GV83,798354,2015.0,Q2YTD,2015-01-01,2015-06-30,,1.29,1.29,,1.29,162000000.0,305000000.0,305000000.0,,305000000.0,,1433000000.0,2573000000.0,1000000.0,,,500000000.0,1433000000.0,1140000000.0,175000000.0,1000000.0,500000000.0,640000000.0,-174000000.0,466000000.0,2573000000.0,235200000.0,236500000.0,240400000.0
Fiserv Inc,FISV,GI7UBEJLXYLGR2C7GV83,798354,2015.0,Q2TTM,2014-07-01,2015-06-30,,3.07,3.07,,3.07,379000000.0,725000000.0,725000000.0,,725000000.0,,2890000000.0,5152000000.0,88000000.0,,,990000000.0,2890000000.0,2262000000.0,257000000.0,1000000.0,990000000.0,1272000000.0,-256000000.0,1016000000.0,5152000000.0,235200000.0,236500000.0,240400000.0
Fiserv Inc,FISV,GI7UBEJLXYLGR2C7GV83,798354,2015.0,Q1,2015-01-01,2015-03-31,2016-05-06 15:52:07+00:00,0.75,0.75,,0.73,96000000.0,178000000.0,178000000.0,,178000000.0,,723000000.0,1275000000.0,0.0,,,238000000.0,723000000.0,552000000.0,41000000.0,1000000.0,238000000.0,314000000.0,-40000000.0,274000000.0,1275000000.0,237300000.0,238800000.0,243000000.0
Fiserv Inc,FISV,GI7UBEJLXYLGR2C7GV83,798354,2015.0,Q1TTM,2014-04-01,2015-03-31,,3.2,3.2,,3.2,414000000.0,764000000.0,764000000.0,,764000000.0,,2883000000.0,5107000000.0,87000000.0,,,971000000.0,2883000000.0,2224000000.0,164000000.0,2000000.0,971000000.0,1253000000.0,-162000000.0,1091000000.0,5107000000.0,237300000.0,238800000.0,243000000.0
Fiserv Inc,FISV,GI7UBEJLXYLGR2C7GV83,798354,2016.0,FY,2016-01-01,2016-12-31,2019-02-21 17:08:31+00:00,2.11,2.11,,2.08,492000000.0,930000000.0,930000000.0,0.0,930000000.0,,2959000000.0,5505000000.0,147000000.0,,0.0,1101000000.0,2959000000.0,2546000000.0,163000000.0,-7000000.0,1101000000.0,1445000000.0,-170000000.0,1275000000.0,5505000000.0,440800000.0,440600000.0,447800000.0
Fiserv Inc,FISV,GI7UBEJLXYLGR2C7GV83,798354,2016.0,Q4,2016-10-01,2016-12-31,,0.49,0.49,,0.49,119000000.0,215000000.0,215000000.0,,215000000.0,,761000000.0,1431000000.0,1000000.0,,,295000000.0,761000000.0,670000000.0,42000000.0,,295000000.0,375000000.0,-42000000.0,333000000.0,1431000000.0,440800000.0,440600000.0,447800000.0
Fiserv Inc,FISV,GI7UBEJLXYLGR2C7GV83,798354,2016.0,Q3,2016-07-01,2016-09-30,2017-11-01 16:42:25+00:00,0.98,0.98,,0.96,114000000.0,214000000.0,214000000.0,,214000000.0,,737000000.0,1380000000.0,0.0,,0.0,274000000.0,737000000.0,643000000.0,41000000.0,0.0,274000000.0,369000000.0,-41000000.0,328000000.0,1380000000.0,218400000.0,219200000.0,222700000.0
Fiserv Inc,FISV,GI7UBEJLXYLGR2C7GV83,798354,2016.0,Q3YTD,2016-01-01,2016-09-30,,3.26,3.26,,3.26,373000000.0,715000000.0,715000000.0,,715000000.0,,2198000000.0,4074000000.0,146000000.0,,,806000000.0,2198000000.0,1876000000.0,121000000.0,-7000000.0,806000000.0,1070000000.0,-128000000.0,942000000.0,4074000000.0,218400000.0,219200000.0,222700000.0
Fiserv Inc,FISV,GI7UBEJLXYLGR2C7GV83,798354,2016.0,Q3TTM,2015-10-01,2016-09-30,,4.12,4.12,,4.12,471000000.0,904000000.0,904000000.0,,904000000.0,,2961000000.0,5442000000.0,143000000.0,,,1082000000.0,2961000000.0,2481000000.0,160000000.0,-7000000.0,1082000000.0,1399000000.0,-167000000.0,1232000000.0,5442000000.0,218400000.0,219200000.0,222700000.0
Fiserv Inc,FISV,GI7UBEJLXYLGR2C7GV83,798354,2016.0,Q2,2016-04-01,2016-06-30,2017-08-02 15:31:57+00:00,0.95,0.95,,0.94,110000000.0,212000000.0,212000000.0,,212000000.0,,727000000.0,1363000000.0,0.0,,0.0,274000000.0,727000000.0,636000000.0,40000000.0,0.0,274000000.0,362000000.0,-40000000.0,322000000.0,1363000000.0,223200000.0,222000000.0,225600000.0
Fiserv Inc,FISV,GI7UBEJLXYLGR2C7GV83,798354,2016.0,Q2YTD,2016-01-01,2016-06-30,,2.26,2.26,,2.26,259000000.0,501000000.0,501000000.0,,501000000.0,,1461000000.0,2694000000.0,146000000.0,,,532000000.0,1461000000.0,1233000000.0,80000000.0,-7000000.0,532000000.0,701000000.0,-87000000.0,614000000.0,2694000000.0,223200000.0,222000000.0,225600000.0
Fiserv Inc,FISV,GI7UBEJLXYLGR2C7GV83,798354,2016.0,Q2TTM,2015-07-01,2016-06-30,,4.09,4.09,,4.09,474000000.0,908000000.0,908000000.0,,908000000.0,,2937000000.0,5375000000.0,177000000.0,,,1066000000.0,2937000000.0,2438000000.0,160000000.0,-7000000.0,1066000000.0,1372000000.0,-167000000.0,1205000000.0,5375000000.0,223200000.0,222000000.0,225600000.0
Fiserv Inc,FISV,GI7UBEJLXYLGR2C7GV83,798354,2016.0,Q1,2016-01-01,2016-03-31,2017-04-27 15:44:44+00:00,1.3,1.3,,1.27,149000000.0,289000000.0,289000000.0,,289000000.0,,734000000.0,1331000000.0,146000000.0,,,258000000.0,734000000.0,597000000.0,40000000.0,-7000000.0,258000000.0,339000000.0,-47000000.0,292000000.0,1331000000.0,222300000.0,223500000.0,227300000.0
Fiserv Inc,FISV,GI7UBEJLXYLGR2C7GV83,798354,2016.0,Q1TTM,2015-04-01,2016-03-31,,3.68,3.68,,3.68,430000000.0,823000000.0,823000000.0,,823000000.0,,2920000000.0,5310000000.0,178000000.0,,,1054000000.0,2920000000.0,2390000000.0,254000000.0,-7000000.0,1054000000.0,1336000000.0,-261000000.0,1075000000.0,5310000000.0,222300000.0,223500000.0,227300000.0
Fiserv Inc,FISV,GI7UBEJLXYLGR2C7GV83,798354,2017.0,FY,2017-01-01,2017-12-31,2020-02-27 17:10:23+00:00,2.95,2.95,,2.89,158000000.0,1246000000.0,1232000000.0,14000000.0,1246000000.0,0.0,3024000000.0,5696000000.0,32000000.0,1000000.0,-10000000.0,1150000000.0,3024000000.0,2672000000.0,175000000.0,,1140000000.0,1532000000.0,-174000000.0,1358000000.0,5696000000.0,422400000.0,422300000.0,431300000.0
Fiserv Inc,FISV,GI7UBEJLXYLGR2C7GV83,798354,2017.0,Q4,2017-10-01,2017-12-31,,1.29,1.29,,1.29,-151000000.0,546000000.0,532000000.0,14000000.0,546000000.0,,778000000.0,1516000000.0,1000000.0,-1000000.0,,313000000.0,778000000.0,738000000.0,44000000.0,,313000000.0,425000000.0,-45000000.0,380000000.0,1516000000.0,422400000.0,422300000.0,431300000.0
Fiserv Inc,FISV,GI7UBEJLXYLGR2C7GV83,798354,2017.0,Q3,2017-07-01,2017-09-30,2018-11-01 17:08:41+00:00,0.55,0.55,,0.54,98000000.0,232000000.0,232000000.0,,232000000.0,,746000000.0,1400000000.0,5000000.0,0.0,0.0,284000000.0,746000000.0,654000000.0,45000000.0,,284000000.0,370000000.0,-45000000.0,325000000.0,1400000000.0,421800000.0,420200000.0,429100000.0
Fiserv Inc,FISV,GI7UBEJLXYLGR2C7GV83,798354,2017.0,Q3YTD,2017-01-01,2017-09-30,,1.67,1.67,,1.67,309000000.0,700000000.0,700000000.0,,700000000.0,,2246000000.0,4180000000.0,31000000.0,2000000.0,-10000000.0,837000000.0,2246000000.0,1934000000.0,131000000.0,,827000000.0,1107000000.0,-129000000.0,978000000.0,4180000000.0,421800000.0,420200000.0,429100000.0
Fiserv Inc,FISV,GI7UBEJLXYLGR2C7GV83,798354,2017.0,Q3TTM,2016-10-01,2017-09-30,,2.18,2.18,,2.18,428000000.0,915000000.0,915000000.0,,915000000.0,,3007000000.0,5611000000.0,32000000.0,2000000.0,-10000000.0,1132000000.0,3007000000.0,2604000000.0,173000000.0,,1122000000.0,1482000000.0,-171000000.0,1311000000.0,5611000000.0,421800000.0,420200000.0,429100000.0
Fiserv Inc,FISV,GI7UBEJLXYLGR2C7GV83,798354,2017.0,Q2,2017-04-01,2017-06-30,2018-08-01 16:17:58+00:00,0.52,0.52,,0.51,109000000.0,221000000.0,221000000.0,,221000000.0,,748000000.0,1386000000.0,0.0,2000000.0,-10000000.0,276000000.0,748000000.0,638000000.0,44000000.0,,266000000.0,372000000.0,-42000000.0,330000000.0,1386000000.0,425000000.0,423600000.0,432500000.0
Fiserv Inc,FISV,GI7UBEJLXYLGR2C7GV83,798354,2017.0,Q2YTD,2017-01-01,2017-06-30,,1.1,1.1,,1.1,211000000.0,468000000.0,468000000.0,,468000000.0,,1500000000.0,2780000000.0,26000000.0,2000000.0,-10000000.0,553000000.0,1500000000.0,1280000000.0,86000000.0,,543000000.0,737000000.0,-84000000.0,653000000.0,2780000000.0,425000000.0,423600000.0,432500000.0
Fiserv Inc,FISV,GI7UBEJLXYLGR2C7GV83,798354,2017.0,Q2TTM,2016-07-01,2017-06-30,,2.12,2.12,,2.12,444000000.0,897000000.0,897000000.0,,897000000.0,,2998000000.0,5591000000.0,27000000.0,2000000.0,-10000000.0,1122000000.0,2998000000.0,2593000000.0,169000000.0,,1112000000.0,1481000000.0,-167000000.0,1314000000.0,5591000000.0,425000000.0,423600000.0,432500000.0
Fiserv Inc,FISV,GI7UBEJLXYLGR2C7GV83,798354,2017.0,Q1,2017-01-01,2017-03-31,2018-05-02 17:11:45+00:00,0.58,0.58,,0.56,102000000.0,247000000.0,247000000.0,,247000000.0,,752000000.0,1394000000.0,26000000.0,,0.0,277000000.0,752000000.0,642000000.0,42000000.0,,277000000.0,365000000.0,-42000000.0,323000000.0,1394000000.0,425900000.0,429100000.0,438500000.0
Fiserv Inc,FISV,GI7UBEJLXYLGR2C7GV83,798354,2017.0,Q1TTM,2016-04-01,2017-03-31,,2.07,2.07,,2.07,445000000.0,888000000.0,888000000.0,,888000000.0,,2977000000.0,5568000000.0,27000000.0,,,1120000000.0,2977000000.0,2591000000.0,165000000.0,,1120000000.0,1471000000.0,-165000000.0,1306000000.0,5568000000.0,425900000.0,429100000.0,438500000.0
Fiserv Inc,FISV,GI7UBEJLXYLGR2C7GV83,798354,2018.0,FY,2018-01-01,2018-12-31,2020-02-27 17:10:23+00:00,2.93,2.93,,2.87,378000000.0,1187000000.0,1187000000.0,0.0,1187000000.0,0.0,3069000000.0,5823000000.0,10000000.0,5000000.0,-227000000.0,1228000000.0,3069000000.0,2754000000.0,203000000.0,,1001000000.0,1753000000.0,-198000000.0,1555000000.0,5823000000.0,405100000.0,405500000.0,413700000.0
Fiserv Inc,FISV,GI7UBEJLXYLGR2C7GV83,798354,2018.0,Q4,2018-10-01,2018-12-31,,0.71,0.71,,0.71,88000000.0,286000000.0,286000000.0,,286000000.0,,822000000.0,1551000000.0,2000000.0,1000000.0,,298000000.0,822000000.0,729000000.0,60000000.0,,298000000.0,431000000.0,-59000000.0,372000000.0,1551000000.0,405100000.0,405500000.0,413700000.0
Fiserv Inc,FISV,GI7UBEJLXYLGR2C7GV83,798354,2018.0,Q3,2018-07-01,2018-09-30,2019-11-07 15:57:23+00:00,0.56,0.56,,0.55,78000000.0,227000000.0,227000000.0,,227000000.0,0.0,749000000.0,1412000000.0,1000000.0,1000000.0,2000000.0,305000000.0,749000000.0,663000000.0,53000000.0,,307000000.0,356000000.0,-52000000.0,304000000.0,1412000000.0,405400000.0,403800000.0,412000000.0
Fiserv Inc,FISV,GI7UBEJLXYLGR2C7GV83,798354,2018.0,Q3YTD,2018-01-01,2018-09-30,,2.23,2.23,,2.23,290000000.0,901000000.0,901000000.0,,901000000.0,,2247000000.0,4272000000.0,8000000.0,4000000.0,-227000000.0,930000000.0,2247000000.0,2025000000.0,143000000.0,,703000000.0,1322000000.0,-139000000.0,1183000000.0,4272000000.0,405400000.0,403800000.0,412000000.0
Fiserv Inc,FISV,GI7UBEJLXYLGR2C7GV83,798354,2018.0,Q3TTM,2017-10-01,2018-09-30,,3.58,3.58,,3.58,139000000.0,1447000000.0,1433000000.0,14000000.0,1447000000.0,,3025000000.0,5788000000.0,9000000.0,3000000.0,-227000000.0,1243000000.0,3025000000.0,2763000000.0,187000000.0,,1016000000.0,1747000000.0,-184000000.0,1563000000.0,5788000000.0,405400000.0,403800000.0,412000000.0
Fiserv Inc,FISV,GI7UBEJLXYLGR2C7GV83,798354,2018.0,Q2,2018-04-01,2018-06-30,2019-07-26 13:54:18+00:00,0.61,0.61,,0.6,72000000.0,251000000.0,251000000.0,,251000000.0,,739000000.0,1420000000.0,7000000.0,3000000.0,3000000.0,320000000.0,739000000.0,681000000.0,45000000.0,,323000000.0,358000000.0,-42000000.0,316000000.0,1420000000.0,411500000.0,408400000.0,416400000.0
Fiserv Inc,FISV,GI7UBEJLXYLGR2C7GV83,798354,2018.0,Q2YTD,2018-01-01,2018-06-30,,1.65,1.65,,1.65,212000000.0,674000000.0,674000000.0,,674000000.0,,1498000000.0,2860000000.0,7000000.0,3000000.0,-229000000.0,625000000.0,1498000000.0,1362000000.0,90000000.0,,396000000.0,966000000.0,-87000000.0,879000000.0,2860000000.0,411500000.0,408400000.0,416400000.0
Fiserv Inc,FISV,GI7UBEJLXYLGR2C7GV83,798354,2018.0,Q2TTM,2017-07-01,2018-06-30,,3.56,3.56,,3.56,159000000.0,1452000000.0,1438000000.0,14000000.0,1452000000.0,,3022000000.0,5776000000.0,13000000.0,2000000.0,-229000000.0,1222000000.0,3022000000.0,2754000000.0,179000000.0,,993000000.0,1761000000.0,-177000000.0,1584000000.0,5776000000.0,411500000.0,408400000.0,416400000.0
Fiserv Inc,FISV,GI7UBEJLXYLGR2C7GV83,798354,2018.0,Q1,2018-01-01,2018-03-31,2019-05-01 14:42:29+00:00,1.02,1.02,,1.0,140000000.0,423000000.0,423000000.0,,423000000.0,,759000000.0,1440000000.0,0.0,0.0,-232000000.0,305000000.0,759000000.0,681000000.0,45000000.0,,73000000.0,608000000.0,-45000000.0,563000000.0,1440000000.0,414700000.0,413100000.0,421600000.0
Fiserv Inc,FISV,GI7UBEJLXYLGR2C7GV83,798354,2018.0,Q1TTM,2017-04-01,2018-03-31,,3.44,3.44,,3.44,196000000.0,1422000000.0,1408000000.0,14000000.0,1422000000.0,,3031000000.0,5742000000.0,6000000.0,1000000.0,-242000000.0,1178000000.0,3031000000.0,2711000000.0,178000000.0,,936000000.0,1775000000.0,-177000000.0,1598000000.0,5742000000.0,414700000.0,413100000.0,421600000.0
Fiserv Inc,FISV,GI7UBEJLXYLGR2C7GV83,798354,2019.0,Q4,2019-10-01,2019-12-31,,0.48,0.48,0.14,0.48,54000000.0,241000000.0,241000000.0,,247000000.0,-6000000.0,2109000000.0,4045000000.0,17000000.0,-12000000.0,-5000000.0,1463000000.0,2109000000.0,1936000000.0,188000000.0,,1458000000.0,478000000.0,-200000000.0,278000000.0,4045000000.0,513200000.0,512300000.0,522600000.0
Fiserv Inc,FISV,GI7UBEJLXYLGR2C7GV83,798354,2019.0,FY,2019-01-01,2019-12-31,2020-02-27 17:10:23+00:00,1.74,1.74,,1.71,198000000.0,914000000.0,914000000.0,0.0,893000000.0,21000000.0,5309000000.0,10187000000.0,29000000.0,-6000000.0,-15000000.0,3284000000.0,5309000000.0,4878000000.0,520000000.0,,3269000000.0,1609000000.0,-526000000.0,1083000000.0,10187000000.0,513200000.0,512300000.0,522600000.0
Fiserv Inc,FISV,GI7UBEJLXYLGR2C7GV83,798354,2019.0,Q3YTD,2019-01-01,2019-09-30,,1.1,1.1,0.08,1.1,144000000.0,673000000.0,673000000.0,,646000000.0,27000000.0,3200000000.0,6142000000.0,12000000.0,6000000.0,-10000000.0,1821000000.0,3200000000.0,2942000000.0,332000000.0,,1811000000.0,1131000000.0,-326000000.0,805000000.0,6142000000.0,582400000.0,584800000.0,596900000.0
Fiserv Inc,FISV,GI7UBEJLXYLGR2C7GV83,798354,2019.0,Q3TTM,2018-10-01,2019-09-30,,1.59,1.59,0.08,1.59,232000000.0,959000000.0,959000000.0,,932000000.0,27000000.0,4022000000.0,7693000000.0,14000000.0,7000000.0,-10000000.0,2119000000.0,4022000000.0,3671000000.0,392000000.0,,2109000000.0,1562000000.0,-385000000.0,1177000000.0,7693000000.0,582400000.0,584800000.0,596900000.0
Fiserv Inc,FISV,GI7UBEJLXYLGR2C7GV83,798354,2019.0,Q3,2019-07-01,2019-09-30,2019-11-07 15:57:23+00:00,0.34,0.34,,0.33,53000000.0,225000000.0,225000000.0,,198000000.0,27000000.0,1617000000.0,3128000000.0,22000000.0,-3000000.0,0.0,1137000000.0,1617000000.0,1511000000.0,115000000.0,,1137000000.0,374000000.0,-118000000.0,256000000.0,3128000000.0,582400000.0,584800000.0,596900000.0
Fiserv Inc,FISV,GI7UBEJLXYLGR2C7GV83,798354,2019.0,Q2YTD,2019-01-01,2019-06-30,,1.14,1.14,,1.14,91000000.0,448000000.0,448000000.0,,448000000.0,,1583000000.0,3014000000.0,-10000000.0,9000000.0,-10000000.0,684000000.0,1583000000.0,1431000000.0,217000000.0,,674000000.0,757000000.0,-208000000.0,549000000.0,3014000000.0,391200000.0,392500000.0,399600000.0
Fiserv Inc,FISV,GI7UBEJLXYLGR2C7GV83,798354,2019.0,Q2TTM,2018-07-01,2019-06-30,,2.45,2.45,,2.45,257000000.0,961000000.0,961000000.0,,961000000.0,,3154000000.0,5977000000.0,-7000000.0,11000000.0,-8000000.0,1287000000.0,3154000000.0,2823000000.0,330000000.0,,1279000000.0,1544000000.0,-319000000.0,1225000000.0,5977000000.0,391200000.0,392500000.0,399600000.0
Fiserv Inc,FISV,GI7UBEJLXYLGR2C7GV83,798354,2019.0,Q2,2019-04-01,2019-06-30,2019-07-26 13:54:18+00:00,0.57,0.57,,0.56,60000000.0,223000000.0,223000000.0,,223000000.0,,785000000.0,1512000000.0,-8000000.0,8000000.0,0.0,343000000.0,785000000.0,727000000.0,101000000.0,,343000000.0,384000000.0,-93000000.0,291000000.0,1512000000.0,391200000.0,392500000.0,399600000.0
Fiserv Inc,FISV,GI7UBEJLXYLGR2C7GV83,798354,2019.0,Q1,2019-01-01,2019-03-31,2020-05-08 16:57:56+00:00,0.58,0.58,,0.56,31000000.0,225000000.0,225000000.0,,225000000.0,0.0,798000000.0,1502000000.0,-2000000.0,1000000.0,-10000000.0,341000000.0,798000000.0,704000000.0,116000000.0,,331000000.0,373000000.0,-115000000.0,258000000.0,1502000000.0,387900000.0,391700000.0,399100000.0
Fiserv Inc,FISV,GI7UBEJLXYLGR2C7GV83,798354,2019.0,Q1TTM,2018-04-01,2019-03-31,,2.52,2.52,,2.52,269000000.0,989000000.0,989000000.0,,989000000.0,,3108000000.0,5885000000.0,8000000.0,6000000.0,-5000000.0,1264000000.0,3108000000.0,2777000000.0,274000000.0,,1259000000.0,1518000000.0,-268000000.0,1250000000.0,5885000000.0,387900000.0,391700000.0,399100000.0
Fiserv Inc,FISV,GI7UBEJLXYLGR2C7GV83,798354,2020.0,Q1TTM,2019-04-01,2020-03-31,,1.56,1.56,0.21,1.56,246000000.0,1066000000.0,1066000000.0,,1060000000.0,6000000.0,6678000000.0,12454000000.0,25000000.0,13000000.0,-436000000.0,4347000000.0,6678000000.0,5776000000.0,591000000.0,,3911000000.0,1865000000.0,-578000000.0,1287000000.0,12454000000.0,675900000.0,678100000.0,691200000.0
Fiserv Inc,FISV,GI7UBEJLXYLGR2C7GV83,798354,2020.0,Q1,2020-01-01,2020-03-31,2020-05-08 16:57:56+00:00,0.58,0.58,,0.57,79000000.0,377000000.0,377000000.0,,392000000.0,-15000000.0,2167000000.0,3769000000.0,-6000000.0,20000000.0,-431000000.0,1404000000.0,2167000000.0,1602000000.0,187000000.0,,973000000.0,629000000.0,-167000000.0,462000000.0,3769000000.0,675900000.0,678100000.0,691200000.0
