company_name,company_ticker,company_lei,company_cik,year,quarter,start_date,end_date,filing_date,basicdilutedeps,basiceps,cashdividendspershare,depreciationexpense,dilutedeps,impairmentexpense,incometaxexpense,netincome,netincomecontinuing,netincometocommon,netincometononcontrollinginterest,operatingcostofrevenue,operatingrevenue,othercostofrevenue,otherincome,otherrevenue,otherspecialcharges,sgaexpense,totalcostofrevenue,totalgrossprofit,totalinterestexpense,totalinterestincome,totaloperatingexpenses,totaloperatingincome,totalotherincome,totalpretaxincome,totalrevenue,weightedavebasicdilutedsharesos,weightedavebasicsharesos,weightedavedilutedsharesos
Wynn Resorts Ltd,WYNN,,1174922,2008.0,FY,2008-01-01,2008-12-31,2011-02-28 20:55:43+00:00,1.94,1.94,,263213000.0,1.92,,-61561000.0,210479000.0,210479000.0,210479000.0,,1938308000.0,3217367000.0,49405000.0,-35742000.0,-230043000.0,104959000.0,319303000.0,1987713000.0,999611000.0,150346000.0,22870000.0,687475000.0,312136000.0,-163218000.0,148918000.0,2987324000.0,108500000.0,108408000.0,109441000.0
Wynn Resorts Ltd,WYNN,,1174922,2009.0,FY,2009-01-01,2009-12-31,2012-02-29 16:47:29+00:00,0.17,0.17,4.0,410547000.0,0.17,,2999000.0,39107000.0,39107000.0,20654000.0,18453000.0,1991049000.0,3309142000.0,13707000.0,-2067000.0,-263531000.0,30275000.0,365070000.0,2004756000.0,1040855000.0,192651000.0,1861000.0,805892000.0,234963000.0,-192857000.0,42106000.0,3045611000.0,121500000.0,119840000.0,120185000.0
Wynn Resorts Ltd,WYNN,,1174922,2009.0,Q3,2009-07-01,2009-09-30,2010-11-05 21:10:22+00:00,0.28,0.28,,101907000.0,0.28,,-9829000.0,34210000.0,34210000.0,34210000.0,,496473000.0,836905000.0,5150000.0,-5347000.0,-63834000.0,1055000.0,88987000.0,501623000.0,271448000.0,50140000.0,369000.0,191949000.0,79499000.0,-55118000.0,24381000.0,773071000.0,122200000.0,122200000.0,122610000.0
Wynn Resorts Ltd,WYNN,,1174922,2009.0,Q2,2009-04-01,2009-06-30,2010-08-06 19:08:59+00:00,0.21,0.21,0.0,102731000.0,0.21,-5938000.0,19547000.0,25479000.0,25479000.0,25479000.0,0.0,457760000.0,784552000.0,3935000.0,3548000.0,-61296000.0,40000.0,81930000.0,461695000.0,261561000.0,41811000.0,491000.0,178763000.0,82798000.0,-37772000.0,45026000.0,723256000.0,121300000.0,122161000.0,122386000.0
Wynn Resorts Ltd,WYNN,,1174922,2010.0,Q4,2010-10-01,2010-12-31,,0.92,0.92,8.0,100299000.0,0.92,,4438000.0,171874000.0,171874000.0,114242000.0,57632000.0,784180000.0,1322262000.0,13575000.0,8572000.0,-85074000.0,3270000.0,105555000.0,797755000.0,439433000.0,63438000.0,869000.0,209124000.0,230309000.0,-53997000.0,176312000.0,1237188000.0,123200000.0,122787000.0,123939000.0
Wynn Resorts Ltd,WYNN,,1174922,2010.0,FY,2010-01-01,2010-12-31,2013-03-01 16:09:00+00:00,1.3,1.3,8.5,405558000.0,1.29,,20447000.0,316596000.0,316596000.0,160127000.0,156469000.0,2699615000.0,4487835000.0,28304000.0,-655000.0,-303137000.0,34715000.0,391254000.0,2727919000.0,1456779000.0,290853000.0,3299000.0,831527000.0,625252000.0,-288209000.0,337043000.0,4184698000.0,123200000.0,122787000.0,123939000.0
Wynn Resorts Ltd,WYNN,,1174922,2010.0,Q3YTD,2010-01-01,2010-09-30,,0.38,0.38,0.5,305259000.0,0.37,,16009000.0,144722000.0,144722000.0,45885000.0,98837000.0,1915435000.0,3165573000.0,14729000.0,-9227000.0,-218063000.0,31445000.0,285699000.0,1930164000.0,1017346000.0,227415000.0,2430000.0,622403000.0,394943000.0,-234212000.0,160731000.0,2947510000.0,124100000.0,122771000.0,122771000.0
Wynn Resorts Ltd,WYNN,,1174922,2010.0,Q3,2010-07-01,2010-09-30,2011-11-09 14:29:38+00:00,-0.27,-0.27,0.25,99341000.0,-0.27,,9019000.0,-2054000.0,-2054000.0,-33508000.0,31454000.0,653158000.0,1082318000.0,859000.0,-1493000.0,-76369000.0,17612000.0,103030000.0,654017000.0,351932000.0,124556000.0,1065000.0,219983000.0,131949000.0,-124984000.0,6965000.0,1005949000.0,124100000.0,122771000.0,122771000.0
Wynn Resorts Ltd,WYNN,,1174922,2010.0,Q2YTD,2010-01-01,2010-06-30,,0.65,0.65,0.25,205918000.0,0.64,,6990000.0,146776000.0,146776000.0,79393000.0,67383000.0,1262277000.0,2083255000.0,13870000.0,-7734000.0,-141694000.0,13833000.0,182669000.0,1276147000.0,665414000.0,102859000.0,1365000.0,402420000.0,262994000.0,-109228000.0,153766000.0,1941561000.0,121900000.0,122521000.0,123816000.0
Wynn Resorts Ltd,WYNN,,1174922,2010.0,Q2,2010-04-01,2010-06-30,2011-08-09 15:27:09+00:00,0.43,0.43,0.25,101353000.0,0.42,,1921000.0,88917000.0,88917000.0,52405000.0,36512000.0,670983000.0,1104139000.0,6852000.0,-4396000.0,-71496000.0,9641000.0,95668000.0,677835000.0,354808000.0,53598000.0,686000.0,206662000.0,148146000.0,-57308000.0,90838000.0,1032643000.0,121900000.0,122521000.0,123816000.0
Wynn Resorts Ltd,WYNN,,1174922,2010.0,Q1,2010-01-01,2010-03-31,2011-05-09 17:04:47+00:00,0.22,0.22,,104565000.0,0.22,,5069000.0,57859000.0,57859000.0,26988000.0,30871000.0,591294000.0,979116000.0,7018000.0,-3338000.0,-70198000.0,4192000.0,87001000.0,598312000.0,310606000.0,49261000.0,679000.0,195758000.0,114848000.0,-51920000.0,62928000.0,908918000.0,122700000.0,122411000.0,122982000.0
Wynn Resorts Ltd,WYNN,,1174922,2011.0,Q4,2011-10-01,2011-12-31,,1.54,1.54,-1.0,94118000.0,1.51,,-31153000.0,258262000.0,258262000.0,190473000.0,67789000.0,851306000.0,1434615000.0,15509000.0,5020000.0,-90752000.0,6579000.0,101545000.0,866815000.0,477048000.0,55962000.0,3245000.0,202242000.0,274806000.0,-47697000.0,227109000.0,1343863000.0,124200000.0,124039000.0,125667000.0
Wynn Resorts Ltd,WYNN,,1174922,2011.0,FY,2011-01-01,2011-12-31,2014-02-28 16:54:40+00:00,4.94,4.94,,398039000.0,4.88,,-19546000.0,825113000.0,825113000.0,613371000.0,211742000.0,3310033000.0,5625102000.0,33778000.0,18119000.0,-355310000.0,130649000.0,389053000.0,3343811000.0,1925981000.0,229918000.0,9126000.0,917741000.0,1008240000.0,-202673000.0,805567000.0,5269792000.0,124200000.0,124039000.0,125667000.0
Wynn Resorts Ltd,WYNN,,1174922,2011.0,Q3YTD,2011-01-01,2011-09-30,,3.4,3.4,1.0,303921000.0,3.37,,11607000.0,566851000.0,566851000.0,422898000.0,143953000.0,2458727000.0,4190487000.0,18269000.0,13099000.0,-264558000.0,124070000.0,287508000.0,2476996000.0,1448933000.0,173956000.0,5881000.0,715499000.0,733434000.0,-154976000.0,578458000.0,3925929000.0,124600000.0,124176000.0,125860000.0
Wynn Resorts Ltd,WYNN,,1174922,2011.0,Q3TTM,2010-10-01,2011-09-30,,4.32,4.32,9.0,404220000.0,4.29,,16045000.0,738725000.0,738725000.0,537140000.0,201585000.0,3242907000.0,5512749000.0,31844000.0,21671000.0,-349632000.0,127340000.0,393063000.0,3274751000.0,1888366000.0,237394000.0,6750000.0,924623000.0,963743000.0,-208973000.0,754770000.0,5163117000.0,124600000.0,124176000.0,125860000.0
Wynn Resorts Ltd,WYNN,,1174922,2011.0,Q3,2011-07-01,2011-09-30,2012-11-09 16:24:21+00:00,1.02,1.02,0.5,100522000.0,1.01,,4270000.0,185185000.0,185185000.0,127063000.0,58122000.0,836016000.0,1388739000.0,4324000.0,4033000.0,-90435000.0,9662000.0,107935000.0,840340000.0,457964000.0,57462000.0,3039000.0,218119000.0,239845000.0,-50390000.0,189455000.0,1298304000.0,124600000.0,124176000.0,125860000.0
Wynn Resorts Ltd,WYNN,,1174922,2011.0,Q2YTD,2011-01-01,2011-06-30,,2.38,2.38,0.5,203399000.0,2.36,,7337000.0,381666000.0,381666000.0,295835000.0,85831000.0,1622711000.0,2801748000.0,13945000.0,9066000.0,-174123000.0,114408000.0,179573000.0,1636656000.0,990969000.0,116494000.0,2842000.0,497380000.0,493589000.0,-104586000.0,389003000.0,2627625000.0,124500000.0,123970000.0,125729000.0
Wynn Resorts Ltd,WYNN,,1174922,2011.0,Q2TTM,2010-07-01,2011-06-30,,3.03,3.03,8.75,403039000.0,3.01,,20794000.0,551486000.0,551486000.0,376569000.0,174917000.0,3060049000.0,5206328000.0,28379000.0,16145000.0,-335566000.0,135290000.0,388158000.0,3088428000.0,1782334000.0,304488000.0,4776000.0,926487000.0,855847000.0,-283567000.0,572280000.0,4870762000.0,124500000.0,123970000.0,125729000.0
Wynn Resorts Ltd,WYNN,,1174922,2011.0,Q2,2011-04-01,2011-06-30,2012-08-09 16:31:19+00:00,0.98,0.98,0.5,102052000.0,0.97,,5231000.0,155331000.0,155331000.0,122031000.0,33300000.0,845512000.0,1452244000.0,3784000.0,3919000.0,-84891000.0,111060000.0,91912000.0,849296000.0,518057000.0,58231000.0,1841000.0,305024000.0,213033000.0,-52471000.0,160562000.0,1367353000.0,124500000.0,123970000.0,125729000.0
Wynn Resorts Ltd,WYNN,,1174922,2011.0,Q1TTM,2010-04-01,2011-03-31,,2.48,2.48,8.5,402340000.0,2.46,,17484000.0,485072000.0,485072000.0,306943000.0,178129000.0,2885520000.0,4858223000.0,31447000.0,7830000.0,-322171000.0,33871000.0,391914000.0,2916967000.0,1619085000.0,299855000.0,3621000.0,828125000.0,790960000.0,-288404000.0,502556000.0,4536052000.0,124100000.0,123757000.0,125371000.0
Wynn Resorts Ltd,WYNN,,1174922,2011.0,Q1,2011-01-01,2011-03-31,2012-05-10 15:39:49+00:00,1.4,1.4,,101347000.0,1.39,,2106000.0,226335000.0,226335000.0,173804000.0,52531000.0,777199000.0,1349504000.0,10161000.0,5147000.0,-89232000.0,3348000.0,87661000.0,787360000.0,472912000.0,58263000.0,1001000.0,192356000.0,280556000.0,-52115000.0,228441000.0,1260272000.0,124100000.0,123757000.0,125371000.0
Wynn Resorts Ltd,WYNN,,1174922,2012.0,Q4,2012-10-01,2012-12-31,,1.12,1.12,-1.5,93057000.0,1.11,,16782000.0,165826000.0,165826000.0,111373000.0,54453000.0,801958000.0,1381617000.0,12023000.0,-1863000.0,-92533000.0,3897000.0,120187000.0,813981000.0,475103000.0,78402000.0,4911000.0,217141000.0,257962000.0,-75354000.0,182608000.0,1289084000.0,103100000.0,103092000.0,104249000.0
Wynn Resorts Ltd,WYNN,,1174922,2012.0,FY,2012-01-01,2012-12-31,2015-02-27 17:34:27+00:00,4.87,4.87,,373199000.0,4.82,,4299000.0,728699000.0,728699000.0,502036000.0,226663000.0,3251575000.0,5520388000.0,18091000.0,4003000.0,-366104000.0,40444000.0,441699000.0,3269666000.0,1884618000.0,313910000.0,13629000.0,855342000.0,1029276000.0,-296278000.0,732998000.0,5154284000.0,103100000.0,103092000.0,104249000.0
Wynn Resorts Ltd,WYNN,,1174922,2012.0,Q3YTD,2012-01-01,2012-09-30,,3.75,3.75,1.5,280142000.0,3.71,,-12483000.0,562873000.0,562873000.0,390663000.0,172210000.0,2449617000.0,4138771000.0,6068000.0,5866000.0,-273571000.0,36547000.0,321512000.0,2455685000.0,1409515000.0,235508000.0,8718000.0,638201000.0,771314000.0,-220924000.0,550390000.0,3865200000.0,100000000.0,99871000.0,100892000.0
Wynn Resorts Ltd,WYNN,,1174922,2012.0,Q3TTM,2011-10-01,2012-09-30,,5.29,5.29,0.5,374260000.0,5.22,,-43636000.0,821135000.0,821135000.0,581136000.0,239999000.0,3300923000.0,5573386000.0,21577000.0,10886000.0,-364323000.0,43126000.0,423057000.0,3322500000.0,1886563000.0,291470000.0,11963000.0,840443000.0,1046120000.0,-268621000.0,777499000.0,5209063000.0,100000000.0,99871000.0,100892000.0
Wynn Resorts Ltd,WYNN,,1174922,2012.0,Q3,2012-07-01,2012-09-30,2013-11-12 16:20:28+00:00,1.12,1.12,0.5,94274000.0,1.11,,-7626000.0,165171000.0,165171000.0,112035000.0,53136000.0,813340000.0,1390131000.0,5283000.0,1249000.0,-91636000.0,22721000.0,115785000.0,818623000.0,479872000.0,94745000.0,3949000.0,232780000.0,247092000.0,-89547000.0,157545000.0,1298495000.0,100000000.0,99871000.0,100892000.0
Wynn Resorts Ltd,WYNN,,1174922,2012.0,Q2YTD,2012-01-01,2012-06-30,,2.63,2.63,1.0,185868000.0,2.6,,-4857000.0,397702000.0,397702000.0,278628000.0,119074000.0,1636277000.0,2748640000.0,785000.0,4617000.0,-181935000.0,13826000.0,205727000.0,1637062000.0,929643000.0,140763000.0,4769000.0,405421000.0,524222000.0,-131377000.0,392845000.0,2566705000.0,100000000.0,99782000.0,101010000.0
Wynn Resorts Ltd,WYNN,,1174922,2012.0,Q2TTM,2011-07-01,2012-06-30,,5.19,5.19,0.5,380508000.0,5.12,,-31740000.0,841149000.0,841149000.0,596164000.0,244985000.0,3323599000.0,5571994000.0,20618000.0,13670000.0,-363122000.0,30067000.0,415207000.0,3344217000.0,1864655000.0,254187000.0,11053000.0,825782000.0,1038873000.0,-229464000.0,809409000.0,5208872000.0,100000000.0,99782000.0,101010000.0
Wynn Resorts Ltd,WYNN,,1174922,2012.0,Q2,2012-04-01,2012-06-30,2013-08-09 15:18:25+00:00,1.38,1.38,0.5,93463000.0,1.37,,-4740000.0,199293000.0,199293000.0,138064000.0,61229000.0,809583000.0,1340809000.0,-17279000.0,1565000.0,-87602000.0,3540000.0,99777000.0,792304000.0,460903000.0,73874000.0,2739000.0,196780000.0,264123000.0,-69570000.0,194553000.0,1253207000.0,100000000.0,99782000.0,101010000.0
Wynn Resorts Ltd,WYNN,,1174922,2012.0,Q1TTM,2011-04-01,2012-03-31,,4.79,4.79,0.5,389097000.0,4.72,,-21769000.0,797187000.0,797187000.0,580131000.0,217056000.0,3359528000.0,5683429000.0,41681000.0,16024000.0,-360411000.0,137587000.0,407342000.0,3401209000.0,1921809000.0,238544000.0,10155000.0,934026000.0,987783000.0,-212365000.0,775418000.0,5323018000.0,112500000.0,112704000.0,114008000.0
Wynn Resorts Ltd,WYNN,,1174922,2012.0,Q1,2012-01-01,2012-03-31,2013-05-10 15:57:32+00:00,1.25,1.25,0.5,92405000.0,1.23,,-117000.0,198409000.0,198409000.0,140564000.0,57845000.0,826694000.0,1407831000.0,18064000.0,3052000.0,-94333000.0,10286000.0,105950000.0,844758000.0,468740000.0,66889000.0,2030000.0,208641000.0,260099000.0,-61807000.0,198292000.0,1313498000.0,112500000.0,112704000.0,114008000.0
Wynn Resorts Ltd,WYNN,,1174922,2013.0,FY,2013-01-01,2013-12-31,2016-02-29 09:35:54+00:00,7.25,7.25,,371051000.0,7.17,,-17634000.0,1004157000.0,1004157000.0,728652000.0,275505000.0,3478822000.0,5988244000.0,11877000.0,19091000.0,-367308000.0,20307000.0,448788000.0,3490699000.0,2130237000.0,339457000.0,16798000.0,840146000.0,1290091000.0,-303568000.0,986523000.0,5620936000.0,100500000.0,100540000.0,101641000.0
Wynn Resorts Ltd,WYNN,,1174922,2013.0,Q4,2013-10-01,2013-12-31,,2.13,2.13,-3.0,91990000.0,2.1,,-6335000.0,290486000.0,290486000.0,213884000.0,76602000.0,933077000.0,1615855000.0,4773000.0,1575000.0,-95958000.0,5144000.0,116472000.0,937850000.0,582047000.0,90189000.0,4324000.0,213606000.0,368441000.0,-84290000.0,284151000.0,1519897000.0,100500000.0,100540000.0,101641000.0
Wynn Resorts Ltd,WYNN,,1174922,2013.0,Q3YTD,2013-01-01,2013-09-30,,5.12,5.12,3.0,279061000.0,5.07,,-11299000.0,713671000.0,713671000.0,514768000.0,198903000.0,2545745000.0,4372389000.0,7104000.0,17516000.0,-271350000.0,15163000.0,332316000.0,2552849000.0,1548190000.0,249268000.0,12474000.0,626540000.0,921650000.0,-219278000.0,702372000.0,4101039000.0,100600000.0,100685000.0,101547000.0
Wynn Resorts Ltd,WYNN,,1174922,2013.0,Q3TTM,2012-10-01,2013-09-30,,6.24,6.24,1.5,372118000.0,6.18,,5483000.0,879497000.0,879497000.0,626141000.0,253356000.0,3347703000.0,5754006000.0,19127000.0,15653000.0,-363883000.0,19060000.0,452503000.0,3366830000.0,2023293000.0,327670000.0,17385000.0,843681000.0,1179612000.0,-294632000.0,884980000.0,5390123000.0,100600000.0,100685000.0,101547000.0
Wynn Resorts Ltd,WYNN,,1174922,2013.0,Q3,2013-07-01,2013-09-30,2014-11-07 16:22:51+00:00,1.81,1.81,1.0,93325000.0,1.79,,-7281000.0,248811000.0,248811000.0,182020000.0,66791000.0,863139000.0,1486035000.0,11325000.0,-2402000.0,-95923000.0,3319000.0,105026000.0,874464000.0,515648000.0,73549000.0,3503000.0,201670000.0,313978000.0,-72448000.0,241530000.0,1390112000.0,100600000.0,100685000.0,101547000.0
Wynn Resorts Ltd,WYNN,,1174922,2013.0,Q2YTD,2013-01-01,2013-06-30,,3.31,3.31,2.0,185736000.0,3.28,,-4018000.0,464860000.0,464860000.0,332748000.0,132112000.0,1682606000.0,2886354000.0,-4221000.0,19918000.0,-175427000.0,11844000.0,227290000.0,1678385000.0,1032542000.0,175719000.0,8971000.0,424870000.0,607672000.0,-146830000.0,460842000.0,2710927000.0,100600000.0,100484000.0,101549000.0
Wynn Resorts Ltd,WYNN,,1174922,2013.0,Q2TTM,2012-07-01,2013-06-30,,5.55,5.55,1.0,373067000.0,5.5,,5138000.0,795857000.0,795857000.0,556156000.0,239701000.0,3297904000.0,5658102000.0,13085000.0,19304000.0,-359596000.0,38462000.0,463262000.0,3310989000.0,1987517000.0,348866000.0,17831000.0,874791000.0,1112726000.0,-311731000.0,800995000.0,5298506000.0,100600000.0,100484000.0,101549000.0
Wynn Resorts Ltd,WYNN,,1174922,2013.0,Q2,2013-04-01,2013-06-30,2014-08-08 16:16:28+00:00,1.29,1.29,1.0,93218000.0,1.28,,1124000.0,192716000.0,192716000.0,129785000.0,62931000.0,837829000.0,1418122000.0,-11225000.0,15609000.0,-85849000.0,6046000.0,132381000.0,826604000.0,505669000.0,100342000.0,4549000.0,231645000.0,274024000.0,-80184000.0,193840000.0,1332273000.0,100600000.0,100484000.0,101549000.0
Wynn Resorts Ltd,WYNN,,1174922,2013.0,Q1TTM,2012-04-01,2013-03-31,,5.64,5.64,0.5,373312000.0,5.59,,-726000.0,802434000.0,802434000.0,564435000.0,237999000.0,3269658000.0,5580789000.0,7031000.0,5260000.0,-361349000.0,35956000.0,430658000.0,3276689000.0,1942751000.0,322398000.0,16021000.0,839926000.0,1102825000.0,-301117000.0,801708000.0,5219440000.0,100500000.0,100237000.0,101373000.0
Wynn Resorts Ltd,WYNN,,1174922,2013.0,Q1,2013-01-01,2013-03-31,2014-05-09 16:41:55+00:00,2.02,2.02,1.0,92518000.0,2.0,,-5142000.0,272144000.0,272144000.0,202963000.0,69181000.0,844777000.0,1468232000.0,7004000.0,4309000.0,-89578000.0,5798000.0,94909000.0,851781000.0,526873000.0,75377000.0,4422000.0,193225000.0,333648000.0,-66646000.0,267002000.0,1378654000.0,100500000.0,100237000.0,101373000.0
Wynn Resorts Ltd,WYNN,,1174922,2014.0,FY,2014-01-01,2014-12-31,2017-02-24 09:07:32+00:00,0.03,7.25,,314119000.0,7.18,,-3782000.0,962644000.0,962644000.0,731554000.0,231090000.0,3316311000.0,5822865000.0,3906000.0,-4575000.0,-389204000.0,40583000.0,492464000.0,3320217000.0,2113444000.0,324631000.0,21790000.0,847166000.0,1266278000.0,-307416000.0,958862000.0,5433661000.0,24385100000.0,100927000.0,101931000.0
Wynn Resorts Ltd,WYNN,,1174922,2014.0,Q4,2014-10-01,2014-12-31,,-6.14,1.08,-3.75,80082000.0,1.08,,-12043000.0,148193000.0,148193000.0,109346000.0,38847000.0,699764000.0,1236656000.0,4649000.0,-2719000.0,-98681000.0,12117000.0,125833000.0,704413000.0,433562000.0,81206000.0,4545000.0,218032000.0,215530000.0,-79380000.0,136150000.0,1137975000.0,24385100000.0,100927000.0,101931000.0
Wynn Resorts Ltd,WYNN,,1174922,2014.0,Q3,2014-07-01,2014-09-30,2015-11-06 16:40:07+00:00,1.9,1.9,1.25,79027000.0,1.88,,4888000.0,253006000.0,253006000.0,191406000.0,61600000.0,818521000.0,1469010000.0,4695000.0,1559000.0,-99000000.0,8358000.0,126834000.0,823216000.0,546794000.0,82621000.0,6381000.0,214219000.0,332575000.0,-74681000.0,257894000.0,1370010000.0,100700000.0,100959000.0,101999000.0
Wynn Resorts Ltd,WYNN,,1174922,2014.0,Q3YTD,2014-01-01,2014-09-30,,6.17,6.17,3.75,234037000.0,6.1,,8261000.0,814451000.0,814451000.0,622208000.0,192243000.0,2616547000.0,4586209000.0,-743000.0,-1856000.0,-290523000.0,28466000.0,366631000.0,2615804000.0,1679882000.0,243425000.0,17245000.0,629134000.0,1050748000.0,-228036000.0,822712000.0,4295686000.0,100700000.0,100959000.0,101999000.0
Wynn Resorts Ltd,WYNN,,1174922,2014.0,Q3TTM,2013-10-01,2014-09-30,,8.3,8.3,0.75,326027000.0,8.2,,1926000.0,1104937000.0,1104937000.0,836092000.0,268845000.0,3549624000.0,6202064000.0,4030000.0,-281000.0,-386481000.0,33610000.0,483103000.0,3553654000.0,2261929000.0,333614000.0,21569000.0,842740000.0,1419189000.0,-312326000.0,1106863000.0,5815583000.0,100700000.0,100959000.0,101999000.0
Wynn Resorts Ltd,WYNN,,1174922,2014.0,Q2YTD,2014-01-01,2014-06-30,,4.27,4.27,2.5,155010000.0,4.22,,3373000.0,561445000.0,561445000.0,430802000.0,130643000.0,1798026000.0,3117199000.0,-5438000.0,-3415000.0,-191523000.0,20108000.0,239797000.0,1792588000.0,1133088000.0,160804000.0,10864000.0,414915000.0,718173000.0,-153355000.0,564818000.0,2925676000.0,100900000.0,100915000.0,102018000.0
Wynn Resorts Ltd,WYNN,,1174922,2014.0,Q2TTM,2013-07-01,2014-06-30,,8.21,8.21,0.5,340325000.0,8.11,,-10243000.0,1100742000.0,1100742000.0,826706000.0,274036000.0,3594242000.0,6219089000.0,10660000.0,-4242000.0,-383404000.0,28571000.0,461295000.0,3604902000.0,2230783000.0,324542000.0,18691000.0,830191000.0,1400592000.0,-310093000.0,1090499000.0,5835685000.0,100900000.0,100915000.0,102018000.0
Wynn Resorts Ltd,WYNN,,1174922,2014.0,Q2,2014-04-01,2014-06-30,2015-08-07 16:37:25+00:00,2.02,2.02,1.25,78351000.0,2.0,,764000.0,258402000.0,258402000.0,203906000.0,54496000.0,859459000.0,1505893000.0,-2710000.0,-3960000.0,-93830000.0,7101000.0,128520000.0,856749000.0,555314000.0,84019000.0,5803000.0,213972000.0,341342000.0,-82176000.0,259166000.0,1412063000.0,100900000.0,100915000.0,102018000.0
Wynn Resorts Ltd,WYNN,,1174922,2014.0,Q1TTM,2013-04-01,2014-03-31,,7.48,7.48,0.25,355192000.0,7.39,,-9883000.0,1035056000.0,1035056000.0,752585000.0,282471000.0,3572612000.0,6131318000.0,2145000.0,15327000.0,-375423000.0,27516000.0,465156000.0,3574757000.0,2181138000.0,340865000.0,17437000.0,847864000.0,1333274000.0,-308101000.0,1025173000.0,5755895000.0,100800000.0,100822000.0,102009000.0
Wynn Resorts Ltd,WYNN,,1174922,2014.0,Q1,2014-01-01,2014-03-31,2015-05-08 16:09:20+00:00,2.25,2.25,1.25,76659000.0,2.22,,2609000.0,303043000.0,303043000.0,226896000.0,76147000.0,938567000.0,1611306000.0,-2728000.0,545000.0,-97693000.0,13007000.0,111277000.0,935839000.0,577774000.0,76785000.0,5061000.0,200943000.0,376831000.0,-71179000.0,305652000.0,1513613000.0,100800000.0,100822000.0,102009000.0
Wynn Resorts Ltd,WYNN,,1174922,2015.0,FY,2015-01-01,2015-12-31,2018-02-28 17:06:26+00:00,1.93,1.93,,322629000.0,1.92,,7723000.0,281524000.0,281524000.0,195290000.0,86234000.0,2530374000.0,4418621000.0,11115000.0,48291000.0,-342738000.0,88158000.0,464793000.0,2541489000.0,1534394000.0,426910000.0,9052000.0,875580000.0,658814000.0,-369567000.0,289247000.0,4075883000.0,101200000.0,101163000.0,101671000.0
Wynn Resorts Ltd,WYNN,,1174922,2015.0,Q4,2015-10-01,2015-12-31,,1.8,0.86,-2.5,77201000.0,0.85,,-16190000.0,104794000.0,104794000.0,87221000.0,17573000.0,575983000.0,1030718000.0,-2151000.0,6023000.0,-83816000.0,31762000.0,112247000.0,573832000.0,373070000.0,73608000.0,4329000.0,221210000.0,151860000.0,-63256000.0,88604000.0,946902000.0,101200000.0,101163000.0,101671000.0
Wynn Resorts Ltd,WYNN,,1174922,2015.0,Q3,2015-07-01,2015-09-30,2016-11-04 16:26:22+00:00,0.05,0.95,0.5,80649000.0,0.95,,7418000.0,113429000.0,113429000.0,96210000.0,17219000.0,622884000.0,1080765000.0,2885000.0,46660000.0,-84480000.0,20454000.0,116639000.0,625769000.0,370516000.0,80050000.0,1463000.0,217742000.0,152774000.0,-31927000.0,120847000.0,996285000.0,1924200000.0,101161000.0,101581000.0
Wynn Resorts Ltd,WYNN,,1174922,2015.0,Q3YTD,2015-01-01,2015-09-30,,0.13,1.07,2.5,245428000.0,1.07,,23913000.0,176730000.0,176730000.0,108069000.0,68661000.0,1954391000.0,3387903000.0,13266000.0,42268000.0,-258922000.0,56396000.0,352546000.0,1967657000.0,1161324000.0,353302000.0,4723000.0,654370000.0,506954000.0,-306311000.0,200643000.0,3128981000.0,1924200000.0,101161000.0,101581000.0
Wynn Resorts Ltd,WYNN,,1174922,2015.0,Q3TTM,2014-10-01,2015-09-30,,-6.01,2.15,-1.25,325510000.0,2.15,,11870000.0,324923000.0,324923000.0,217415000.0,107508000.0,2654155000.0,4624559000.0,17915000.0,39549000.0,-357603000.0,68513000.0,478379000.0,2672070000.0,1594886000.0,434508000.0,9268000.0,872402000.0,722484000.0,-385691000.0,336793000.0,4266956000.0,1924200000.0,101161000.0,101581000.0
Wynn Resorts Ltd,WYNN,,1174922,2015.0,Q2,2015-04-01,2015-06-30,2016-08-09 16:04:25+00:00,0.04,0.56,0.5,81913000.0,0.56,,13298000.0,77203000.0,77203000.0,56460000.0,20743000.0,654068000.0,1122595000.0,4302000.0,-916000.0,-82137000.0,17347000.0,113707000.0,658370000.0,382088000.0,79075000.0,1371000.0,212967000.0,169121000.0,-78620000.0,90501000.0,1040458000.0,1411500000.0,101157000.0,101710000.0
Wynn Resorts Ltd,WYNN,,1174922,2015.0,Q2YTD,2015-01-01,2015-06-30,,0.08,0.12,2.0,164779000.0,0.12,,16495000.0,63301000.0,63301000.0,11859000.0,51442000.0,1331507000.0,2307138000.0,10381000.0,-4392000.0,-174442000.0,35942000.0,235907000.0,1341888000.0,790808000.0,273252000.0,3260000.0,436628000.0,354180000.0,-274384000.0,79796000.0,2132696000.0,1411500000.0,101157000.0,101710000.0
Wynn Resorts Ltd,WYNN,,1174922,2015.0,Q2TTM,2014-07-01,2015-06-30,,-4.16,3.1,-0.5,323888000.0,3.08,,9340000.0,464500000.0,464500000.0,312611000.0,151889000.0,2849792000.0,5012804000.0,19725000.0,-5552000.0,-372123000.0,56417000.0,488574000.0,2869517000.0,1771164000.0,437079000.0,14186000.0,868879000.0,902285000.0,-428445000.0,473840000.0,4640681000.0,1411500000.0,101157000.0,101710000.0
Wynn Resorts Ltd,WYNN,,1174922,2015.0,Q1,2015-01-01,2015-03-31,2016-05-06 16:15:23+00:00,0.04,-0.44,1.5,82866000.0,-0.44,,3197000.0,-13902000.0,-13902000.0,-44601000.0,30699000.0,677439000.0,1184543000.0,6079000.0,-3476000.0,-92305000.0,18595000.0,122200000.0,683518000.0,408720000.0,194177000.0,1889000.0,223661000.0,185059000.0,-195764000.0,-10705000.0,1092238000.0,-1115000000.0,101135000.0,101135000.0
Wynn Resorts Ltd,WYNN,,1174922,2015.0,Q1TTM,2014-04-01,2015-03-31,,-2.18,4.56,0.25,320326000.0,4.52,,-3194000.0,645699000.0,645699000.0,460057000.0,185642000.0,3055183000.0,5396102000.0,12713000.0,-8596000.0,-383816000.0,46171000.0,503387000.0,3067896000.0,1944390000.0,442023000.0,18618000.0,869884000.0,1074506000.0,-432001000.0,642505000.0,5012286000.0,-1115000000.0,101135000.0,101135000.0
Wynn Resorts Ltd,WYNN,,1174922,2016.0,FY,2016-01-01,2016-12-31,2019-02-28 16:41:29+00:00,2.39,2.39,2.0,404730000.0,2.38,,8128000.0,302469000.0,302469000.0,241975000.0,60494000.0,2653520000.0,4345797000.0,8203000.0,64764000.0,,209539000.0,548143000.0,2661723000.0,1684074000.0,289365000.0,13536000.0,1162412000.0,521662000.0,-211065000.0,310597000.0,4345797000.0,101200000.0,101445000.0,101855000.0
Wynn Resorts Ltd,WYNN,,1174922,2016.0,Q4,2016-10-01,2016-12-31,,1.85,1.13,-1.5,140543000.0,1.12,,6983000.0,126566000.0,126566000.0,113800000.0,12766000.0,698445000.0,924814000.0,7387000.0,86742000.0,255119000.0,27677000.0,166987000.0,705832000.0,474101000.0,95667000.0,3580000.0,335207000.0,138894000.0,-5345000.0,133549000.0,1179933000.0,101200000.0,101445000.0,101855000.0
Wynn Resorts Ltd,WYNN,,1174922,2016.0,Q3,2016-07-01,2016-09-30,2017-11-08 16:46:27+00:00,0.18,-0.17,0.5,106467000.0,-0.17,,120000.0,-19331000.0,-19331000.0,-17437000.0,-1894000.0,695294000.0,1202054000.0,-2368000.0,-20151000.0,-92232000.0,89292000.0,144206000.0,692926000.0,416896000.0,79669000.0,3678000.0,339965000.0,76931000.0,-96142000.0,-19211000.0,1109822000.0,-96900000.0,101439000.0,101439000.0
Wynn Resorts Ltd,WYNN,,1174922,2016.0,Q3YTD,2016-01-01,2016-09-30,,0.54,1.26,1.5,264187000.0,1.26,,1145000.0,175903000.0,175903000.0,128175000.0,47728000.0,1955075000.0,3420983000.0,816000.0,-21978000.0,-255119000.0,181862000.0,381156000.0,1955891000.0,1209973000.0,193698000.0,9956000.0,827205000.0,382768000.0,-205720000.0,177048000.0,3165864000.0,-96900000.0,101439000.0,101439000.0
Wynn Resorts Ltd,WYNN,,1174922,2016.0,Q3TTM,2015-10-01,2016-09-30,,2.34,2.12,-1.0,341388000.0,2.11,,-15045000.0,280697000.0,280697000.0,215396000.0,65301000.0,2531058000.0,4451701000.0,-1335000.0,-15955000.0,-338935000.0,213624000.0,493403000.0,2529723000.0,1583043000.0,267306000.0,14285000.0,1048415000.0,534628000.0,-268976000.0,265652000.0,4112766000.0,-96900000.0,101439000.0,101439000.0
Wynn Resorts Ltd,WYNN,,1174922,2016.0,Q2,2016-04-01,2016-06-30,2017-08-04 16:35:08+00:00,0.18,0.69,0.5,79749000.0,0.69,,-2893000.0,89442000.0,89442000.0,70391000.0,19051000.0,651813000.0,1138168000.0,2478000.0,5484000.0,-79804000.0,57280000.0,119505000.0,654291000.0,404073000.0,69257000.0,2783000.0,256534000.0,147539000.0,-60990000.0,86549000.0,1058364000.0,391100000.0,101438000.0,101881000.0
Wynn Resorts Ltd,WYNN,,1174922,2016.0,Q2YTD,2016-01-01,2016-06-30,,0.36,1.43,1.0,157720000.0,1.43,,1025000.0,195234000.0,195234000.0,145612000.0,49622000.0,1259781000.0,2218929000.0,3184000.0,-1827000.0,-162887000.0,92570000.0,236950000.0,1262965000.0,793077000.0,114029000.0,6278000.0,487240000.0,305837000.0,-109578000.0,196259000.0,2056042000.0,391100000.0,101438000.0,101881000.0
Wynn Resorts Ltd,WYNN,,1174922,2016.0,Q2TTM,2015-07-01,2016-06-30,,2.21,3.24,-1.0,315570000.0,3.23,,-7747000.0,413457000.0,413457000.0,329043000.0,84414000.0,2458648000.0,4330412000.0,3918000.0,50856000.0,-331183000.0,144786000.0,465836000.0,2462566000.0,1536663000.0,267687000.0,12070000.0,926192000.0,610471000.0,-204761000.0,405710000.0,3999229000.0,391100000.0,101438000.0,101881000.0
Wynn Resorts Ltd,WYNN,,1174922,2016.0,Q1,2016-01-01,2016-03-31,2017-05-04 08:08:27+00:00,0.18,0.74,0.5,77971000.0,0.74,,3918000.0,105792000.0,105792000.0,75221000.0,30571000.0,607968000.0,1080761000.0,706000.0,-7311000.0,-83083000.0,35290000.0,117445000.0,608674000.0,389004000.0,44772000.0,3495000.0,230706000.0,158298000.0,-48588000.0,109710000.0,997678000.0,417900000.0,101392000.0,101686000.0
Wynn Resorts Ltd,WYNN,,1174922,2016.0,Q1TTM,2015-04-01,2016-03-31,,2.07,3.11,-1.0,317734000.0,3.1,,8444000.0,401218000.0,401218000.0,315112000.0,86106000.0,2460903000.0,4314839000.0,5742000.0,44456000.0,-333516000.0,104853000.0,460038000.0,2466645000.0,1514678000.0,277505000.0,10658000.0,882625000.0,632053000.0,-222391000.0,409662000.0,3981323000.0,417900000.0,101392000.0,101686000.0
Wynn Resorts Ltd,WYNN,,1174922,2017.0,FY,2017-01-01,2017-12-31,2020-02-28 16:32:03+00:00,7.32,7.32,2.0,552368000.0,7.28,,-328985000.0,889254000.0,889254000.0,747181000.0,142073000.0,3727185000.0,6070160000.0,-6711000.0,-82465000.0,,56268000.0,685485000.0,3720474000.0,2349686000.0,444024000.0,31193000.0,1294121000.0,1055565000.0,-495296000.0,560269000.0,6070160000.0,102100000.0,102071000.0,102598000.0
Wynn Resorts Ltd,WYNN,,1174922,2017.0,Q4,2017-10-01,2017-12-31,,4.82,4.82,0.5,136880000.0,4.78,,-334025000.0,543964000.0,543964000.0,491682000.0,52282000.0,1004804000.0,1622164000.0,-2118000.0,8413000.0,,-1671000.0,182850000.0,1002686000.0,619478000.0,109088000.0,9195000.0,318059000.0,301419000.0,-91480000.0,209939000.0,1622164000.0,102100000.0,102071000.0,102598000.0
Wynn Resorts Ltd,WYNN,,1174922,2017.0,Q3,2017-07-01,2017-09-30,2018-11-07 17:20:14+00:00,0.78,0.78,0.5,137982000.0,0.78,,-457000.0,105969000.0,105969000.0,79767000.0,26202000.0,940677000.0,1551347000.0,1656000.0,-43614000.0,,35201000.0,178504000.0,942333000.0,609014000.0,116648000.0,8447000.0,351687000.0,257327000.0,-151815000.0,105512000.0,1551347000.0,102300000.0,102173000.0,102794000.0
Wynn Resorts Ltd,WYNN,,1174922,2017.0,Q3YTD,2017-01-01,2017-09-30,,2.5,2.5,1.5,415488000.0,2.5,,5040000.0,345290000.0,345290000.0,255499000.0,89791000.0,2722381000.0,4447996000.0,-4593000.0,-90878000.0,,57939000.0,502635000.0,2717788000.0,1730208000.0,334936000.0,21998000.0,976062000.0,754146000.0,-403816000.0,350330000.0,4447996000.0,102300000.0,102173000.0,102794000.0
Wynn Resorts Ltd,WYNN,,1174922,2017.0,Q3TTM,2016-10-01,2017-09-30,,4.35,3.63,,556031000.0,3.62,,12023000.0,471856000.0,471856000.0,369299000.0,102557000.0,3420826000.0,5372810000.0,2794000.0,-4136000.0,255119000.0,85616000.0,669622000.0,3423620000.0,2204309000.0,430603000.0,25578000.0,1311269000.0,893040000.0,-409161000.0,483879000.0,5627929000.0,102300000.0,102173000.0,102794000.0
Wynn Resorts Ltd,WYNN,,1174922,2017.0,Q2,2017-04-01,2017-06-30,2018-08-08 16:27:18+00:00,0.73,0.73,0.5,137686000.0,0.73,,2607000.0,106796000.0,106796000.0,74916000.0,31880000.0,912308000.0,1472892000.0,-2083000.0,-24540000.0,,13923000.0,164169000.0,910225000.0,562667000.0,120026000.0,7080000.0,315778000.0,246889000.0,-137486000.0,109403000.0,1472892000.0,102600000.0,101944000.0,102494000.0
Wynn Resorts Ltd,WYNN,,1174922,2017.0,Q2YTD,2017-01-01,2017-06-30,,1.72,1.72,1.0,277506000.0,1.72,,5497000.0,239321000.0,239321000.0,175732000.0,63589000.0,1781704000.0,2896649000.0,-6249000.0,-47264000.0,,22738000.0,324131000.0,1775455000.0,1121194000.0,218288000.0,13551000.0,624375000.0,496819000.0,-252001000.0,244818000.0,2896649000.0,102600000.0,101944000.0,102494000.0
Wynn Resorts Ltd,WYNN,,1174922,2017.0,Q2TTM,2016-07-01,2017-06-30,,3.75,2.68,,524516000.0,2.67,,12600000.0,346556000.0,346556000.0,272095000.0,74461000.0,3175443000.0,5023517000.0,-1230000.0,19327000.0,162887000.0,139707000.0,635324000.0,3174213000.0,2012191000.0,393624000.0,20809000.0,1299547000.0,712644000.0,-353488000.0,359156000.0,5186404000.0,102600000.0,101944000.0,102494000.0
Wynn Resorts Ltd,WYNN,,1174922,2017.0,Q1,2017-01-01,2017-03-31,2018-05-09 16:30:13+00:00,0.99,0.99,0.5,139820000.0,0.99,,2890000.0,132525000.0,132525000.0,100816000.0,31709000.0,869396000.0,1423757000.0,-4166000.0,-22724000.0,,8815000.0,159962000.0,865230000.0,558527000.0,98262000.0,6471000.0,308597000.0,249930000.0,-114515000.0,135415000.0,1423757000.0,101800000.0,101753000.0,102069000.0
Wynn Resorts Ltd,WYNN,,1174922,2017.0,Q1TTM,2016-04-01,2017-03-31,,3.2,2.64,,466579000.0,2.63,,7100000.0,329202000.0,329202000.0,267570000.0,61632000.0,2914948000.0,4688793000.0,3331000.0,49351000.0,83083000.0,183064000.0,590660000.0,2918279000.0,1853597000.0,342855000.0,16512000.0,1240303000.0,613294000.0,-276992000.0,336302000.0,4771876000.0,101800000.0,101753000.0,102069000.0
Wynn Resorts Ltd,WYNN,,1174922,2018.0,FY,2018-01-01,2018-12-31,2020-02-28 16:32:03+00:00,5.37,5.37,2.75,550596000.0,5.35,,-497344000.0,803084000.0,803084000.0,572430000.0,230654000.0,4086275000.0,6717660000.0,6527000.0,-77925000.0,,577303000.0,761415000.0,4092802000.0,2624858000.0,381745000.0,29866000.0,1889314000.0,735544000.0,-429804000.0,305740000.0,6717660000.0,106600000.0,106529000.0,107032000.0
Wynn Resorts Ltd,WYNN,,1174922,2018.0,Q4,2018-10-01,2018-12-31,,4.48,4.48,0.75,138911000.0,4.46,,-372713000.0,515510000.0,515510000.0,464866000.0,50644000.0,1034760000.0,1687586000.0,3941000.0,-9579000.0,,47819000.0,215872000.0,1038701000.0,648885000.0,102744000.0,8837000.0,402602000.0,246283000.0,-103486000.0,142797000.0,1687586000.0,106600000.0,106529000.0,107032000.0
Wynn Resorts Ltd,WYNN,,1174922,2018.0,Q3,2018-07-01,2018-09-30,2019-11-06 17:13:20+00:00,1.44,1.44,0.75,137458000.0,1.44,,-3884000.0,219772000.0,219772000.0,156115000.0,63657000.0,1052475000.0,1709072000.0,3285000.0,11162000.0,,32544000.0,192327000.0,1055760000.0,653312000.0,93205000.0,6948000.0,362329000.0,290983000.0,-75095000.0,215888000.0,1709072000.0,108400000.0,108064000.0,108533000.0
Wynn Resorts Ltd,WYNN,,1174922,2018.0,Q3YTD,2018-01-01,2018-09-30,,0.89,0.89,2.0,411685000.0,0.89,,-124631000.0,287574000.0,287574000.0,107564000.0,180010000.0,3051515000.0,5030074000.0,2586000.0,-68346000.0,,529484000.0,545543000.0,3054101000.0,1975973000.0,279001000.0,21029000.0,1486712000.0,489261000.0,-326318000.0,162943000.0,5030074000.0,108400000.0,108064000.0,108533000.0
Wynn Resorts Ltd,WYNN,,1174922,2018.0,Q3TTM,2017-10-01,2018-09-30,,5.71,5.71,2.5,548565000.0,5.67,,-458656000.0,831538000.0,831538000.0,599246000.0,232292000.0,4056319000.0,6652238000.0,468000.0,-59933000.0,,527813000.0,728393000.0,4056787000.0,2595451000.0,388089000.0,30224000.0,1804771000.0,790680000.0,-417798000.0,372882000.0,6652238000.0,108400000.0,108064000.0,108533000.0
Wynn Resorts Ltd,WYNN,,1174922,2018.0,Q2,2018-04-01,2018-06-30,2019-08-08 16:20:17+00:00,1.44,1.44,0.75,137870000.0,1.44,,-9702000.0,205280000.0,205280000.0,155756000.0,49524000.0,985754000.0,1605424000.0,-1390000.0,-957000.0,,19987000.0,183631000.0,984364000.0,621060000.0,89898000.0,6861000.0,341488000.0,279572000.0,-83994000.0,195578000.0,1605424000.0,108200000.0,107792000.0,108405000.0
Wynn Resorts Ltd,WYNN,,1174922,2018.0,Q2YTD,2018-01-01,2018-06-30,,-0.55,-0.55,1.25,274227000.0,-0.55,,-120747000.0,67802000.0,67802000.0,-48551000.0,116353000.0,1999040000.0,3321002000.0,-699000.0,-79508000.0,,496940000.0,353216000.0,1998341000.0,1322661000.0,185796000.0,14081000.0,1124383000.0,198278000.0,-251223000.0,-52945000.0,3321002000.0,108200000.0,107792000.0,108405000.0
Wynn Resorts Ltd,WYNN,,1174922,2018.0,Q2TTM,2017-07-01,2018-06-30,,5.05,5.05,2.25,549089000.0,5.01,,-455229000.0,717735000.0,717735000.0,522898000.0,194837000.0,3944521000.0,6494513000.0,-1161000.0,-114709000.0,,530470000.0,714570000.0,3943360000.0,2551153000.0,411532000.0,31723000.0,1794129000.0,757024000.0,-494518000.0,262506000.0,6494513000.0,108200000.0,107792000.0,108405000.0
Wynn Resorts Ltd,WYNN,,1174922,2018.0,Q1,2018-01-01,2018-03-31,2019-05-09 17:23:24+00:00,-1.99,-1.99,0.5,136357000.0,-1.99,,-111045000.0,-137478000.0,-137478000.0,-204307000.0,66829000.0,1013286000.0,1715578000.0,691000.0,-78551000.0,,476953000.0,169585000.0,1013977000.0,701601000.0,95898000.0,7220000.0,782895000.0,-81294000.0,-167229000.0,-248523000.0,1715578000.0,102700000.0,102570000.0,102570000.0
Wynn Resorts Ltd,WYNN,,1174922,2018.0,Q1TTM,2017-04-01,2018-03-31,,4.34,4.34,2.0,548905000.0,4.3,,-442920000.0,619251000.0,619251000.0,442058000.0,177193000.0,3871075000.0,6361981000.0,-1854000.0,-138292000.0,,524406000.0,695108000.0,3869221000.0,2492760000.0,441660000.0,31942000.0,1768419000.0,724341000.0,-548010000.0,176331000.0,6361981000.0,102700000.0,102570000.0,102570000.0
Wynn Resorts Ltd,WYNN,,1174922,2019.0,Q4,2019-10-01,2019-12-31,,-0.68,-0.68,1.0,175054000.0,-0.68,,157419000.0,-17470000.0,-17470000.0,-72942000.0,55472000.0,1007123000.0,1653459000.0,8859000.0,22191000.0,,5163000.0,230682000.0,1015982000.0,637477000.0,113290000.0,4470000.0,410899000.0,226578000.0,-86629000.0,139949000.0,1653459000.0,106900000.0,106745000.0,106985000.0
Wynn Resorts Ltd,WYNN,,1174922,2019.0,FY,2019-01-01,2019-12-31,2020-02-28 16:32:03+00:00,1.15,1.15,3.75,624878000.0,1.15,,176840000.0,311378000.0,311378000.0,122985000.0,188393000.0,4067053000.0,6611099000.0,21898000.0,11931000.0,,122295000.0,896670000.0,4088951000.0,2522148000.0,426467000.0,24449000.0,1643843000.0,878305000.0,-390087000.0,488218000.0,6611099000.0,106900000.0,106745000.0,106985000.0
Wynn Resorts Ltd,WYNN,,1174922,2019.0,Q3YTD,2019-01-01,2019-09-30,,1.83,1.83,2.75,449824000.0,1.83,,19421000.0,328848000.0,328848000.0,195927000.0,132921000.0,3059930000.0,4957640000.0,13039000.0,-10260000.0,,117132000.0,665988000.0,3072969000.0,1884671000.0,313177000.0,19979000.0,1232944000.0,651727000.0,-303458000.0,348269000.0,4957640000.0,116500000.0,106707000.0,106707000.0
Wynn Resorts Ltd,WYNN,,1174922,2019.0,Q3TTM,2018-10-01,2019-09-30,,6.31,6.31,3.5,588735000.0,6.29,,-353292000.0,844358000.0,844358000.0,660793000.0,183565000.0,4094690000.0,6645226000.0,16980000.0,-19839000.0,,164951000.0,881860000.0,4111670000.0,2533556000.0,415921000.0,28816000.0,1635546000.0,898010000.0,-406944000.0,491066000.0,6645226000.0,116500000.0,106707000.0,106707000.0
Wynn Resorts Ltd,WYNN,,1174922,2019.0,Q3,2019-07-01,2019-09-30,2019-11-06 17:13:20+00:00,-0.03,-0.03,1.0,172998000.0,-0.03,,19727000.0,26883000.0,26883000.0,-3496000.0,30379000.0,1036619000.0,1647762000.0,4036000.0,-10804000.0,,9832000.0,246442000.0,1040655000.0,607107000.0,126848000.0,6427000.0,429272000.0,177835000.0,-131225000.0,46610000.0,1647762000.0,116500000.0,106707000.0,106707000.0
Wynn Resorts Ltd,WYNN,,1174922,2019.0,Q2YTD,2019-01-01,2019-06-30,,1.86,1.86,1.75,276826000.0,1.86,,-306000.0,301965000.0,301965000.0,199423000.0,102542000.0,2023311000.0,3309878000.0,9003000.0,544000.0,,107300000.0,419546000.0,2032314000.0,1277564000.0,186329000.0,13552000.0,803672000.0,473892000.0,-172233000.0,301659000.0,3309878000.0,107400000.0,106876000.0,107141000.0
Wynn Resorts Ltd,WYNN,,1174922,2019.0,Q2TTM,2018-07-01,2019-06-30,,7.78,7.78,3.25,553195000.0,7.76,,-376903000.0,1037247000.0,1037247000.0,820404000.0,216843000.0,4110546000.0,6706536000.0,16229000.0,2127000.0,,187663000.0,827745000.0,4126775000.0,2579761000.0,382278000.0,29337000.0,1568603000.0,1011158000.0,-350814000.0,660344000.0,6706536000.0,107400000.0,106876000.0,107141000.0
Wynn Resorts Ltd,WYNN,,1174922,2019.0,Q2,2019-04-01,2019-06-30,2019-08-08 16:20:17+00:00,0.88,0.88,1.0,140269000.0,0.88,,-1991000.0,142234000.0,142234000.0,94551000.0,47683000.0,1016729000.0,1658332000.0,3581000.0,8411000.0,,76813000.0,202224000.0,1020310000.0,638022000.0,93149000.0,6265000.0,419306000.0,218716000.0,-78473000.0,140243000.0,1658332000.0,107400000.0,106876000.0,107141000.0
Wynn Resorts Ltd,WYNN,,1174922,2019.0,Q1,2019-01-01,2019-03-31,2020-05-08 16:32:00+00:00,0.98,0.98,0.75,136557000.0,0.98,,1685000.0,159731000.0,159731000.0,104872000.0,54859000.0,1006582000.0,1651546000.0,5422000.0,-7867000.0,,30487000.0,217322000.0,1012004000.0,639542000.0,93180000.0,7287000.0,384366000.0,255176000.0,-93760000.0,161416000.0,1651546000.0,107000000.0,106792000.0,107073000.0
Wynn Resorts Ltd,WYNN,,1174922,2019.0,Q1TTM,2018-04-01,2019-03-31,,8.34,8.34,3.0,550796000.0,8.32,,-384614000.0,1100293000.0,1100293000.0,881609000.0,218684000.0,4079571000.0,6653628000.0,11258000.0,-7241000.0,,130837000.0,809152000.0,4090829000.0,2562799000.0,379027000.0,29933000.0,1490785000.0,1072014000.0,-356335000.0,715679000.0,6653628000.0,107000000.0,106792000.0,107073000.0
Wynn Resorts Ltd,WYNN,,1174922,2020.0,Q1TTM,2019-04-01,2020-03-31,,-3.6,-3.6,4.0,667067000.0,-3.6,,250955000.0,-298606000.0,-298606000.0,-383924000.0,85318000.0,3798131000.0,5913269000.0,37089000.0,14473000.0,,121588000.0,913676000.0,3835220000.0,2078049000.0,462957000.0,25115000.0,1702331000.0,375718000.0,-423369000.0,-47651000.0,5913269000.0,106600000.0,106663000.0,106663000.0
Wynn Resorts Ltd,WYNN,,1174922,2020.0,Q1,2020-01-01,2020-03-31,2020-05-08 16:32:00+00:00,-3.77,-3.77,1.0,178746000.0,-3.77,,75800000.0,-450253000.0,-450253000.0,-402037000.0,-48216000.0,737660000.0,953716000.0,20613000.0,-5325000.0,,29780000.0,234328000.0,758273000.0,195443000.0,129670000.0,7953000.0,442854000.0,-247411000.0,-127042000.0,-374453000.0,953716000.0,106600000.0,106663000.0,106663000.0
