company_name,company_ticker,company_lei,company_cik,year,quarter,start_date,end_date,filing_date,basicdilutedeps,basiceps,cashdividendspershare,dilutedeps,incometaxexpense,netincome,netincomecontinuing,netincometocommon,netincometononcontrollinginterest,operatingcostofrevenue,operatingrevenue,otherincome,otherrevenue,rdexpense,sgaexpense,totalcostofrevenue,totalgrossprofit,totalinterestexpense,totaloperatingexpenses,totaloperatingincome,totalotherincome,totalpretaxincome,totalrevenue,weightedavebasicdilutedsharesos,weightedavebasicsharesos,weightedavedilutedsharesos
Gilead Sciences Inc,GILD,549300WTZWR07K8MNV44,882095,2007.0,FY,2007-01-01,2007-12-31,2010-03-01 16:28:09+00:00,1.71,1.71,,1.64,635355000.0,1575794000.0,1575794000.0,1584902000.0,-9108000.0,768771000.0,4201264000.0,109823000.0,28781000.0,591026000.0,705741000.0,768771000.0,3461274000.0,63181000.0,1296767000.0,2164507000.0,46642000.0,2211149000.0,4230045000.0,926800000.0,929133000.0,964356000.0
Gilead Sciences Inc,GILD,549300WTZWR07K8MNV44,882095,2008.0,FY,2008-01-01,2008-12-31,2011-02-28 16:40:37+00:00,2.15,2.15,,2.06,702363000.0,1970335000.0,1970335000.0,1978899000.0,-8564000.0,1127246000.0,5302976000.0,59401000.0,32774000.0,732619000.0,797344000.0,1127246000.0,4208504000.0,65244000.0,1529963000.0,2678541000.0,-5843000.0,2672698000.0,5335750000.0,920400000.0,920693000.0,958825000.0
Gilead Sciences Inc,GILD,549300WTZWR07K8MNV44,882095,2008.0,Q3,2008-07-01,2008-09-30,2009-11-05 16:44:04+00:00,0.54,0.54,,0.52,187396000.0,493693000.0,493693000.0,495853000.0,-2160000.0,300183000.0,1363663000.0,3637000.0,7605000.0,188062000.0,189189000.0,300183000.0,1071085000.0,16382000.0,377251000.0,693834000.0,-12745000.0,681089000.0,1371268000.0,918200000.0,920807000.0,960585000.0
Gilead Sciences Inc,GILD,549300WTZWR07K8MNV44,882095,2008.0,Q2,2008-04-01,2008-06-30,2009-08-05 16:44:30+00:00,0.47,0.47,,0.45,170490000.0,432623000.0,432623000.0,434783000.0,-2160000.0,265684000.0,1267824000.0,14026000.0,10301000.0,187393000.0,219533000.0,265684000.0,1012441000.0,16428000.0,406926000.0,605515000.0,-2402000.0,603113000.0,1278125000.0,925100000.0,922796000.0,965663000.0
Gilead Sciences Inc,GILD,549300WTZWR07K8MNV44,882095,2009.0,Q4,2009-10-01,2009-12-31,,0.88,0.88,,0.86,260054000.0,799393000.0,799393000.0,802212000.0,-2819000.0,473399000.0,2027146000.0,11299000.0,5233000.0,239645000.0,253897000.0,473399000.0,1558980000.0,17290000.0,493542000.0,1065438000.0,-5991000.0,1059447000.0,2032379000.0,905800000.0,904604000.0,934109000.0
Gilead Sciences Inc,GILD,549300WTZWR07K8MNV44,882095,2009.0,FY,2009-01-01,2009-12-31,2012-02-23 16:18:06+00:00,2.91,2.91,,2.82,876364000.0,2625592000.0,2625592000.0,2635755000.0,-10163000.0,1595558000.0,6961129000.0,42397000.0,50254000.0,939918000.0,946686000.0,1595558000.0,5415825000.0,69662000.0,1886604000.0,3529221000.0,-27265000.0,3501956000.0,7011383000.0,905800000.0,904604000.0,934109000.0
Gilead Sciences Inc,GILD,549300WTZWR07K8MNV44,882095,2009.0,Q3YTD,2009-01-01,2009-09-30,,2.03,2.03,0.09,2.03,616310000.0,1826199000.0,1826199000.0,1833543000.0,-7344000.0,1122159000.0,4933983000.0,31098000.0,45021000.0,700273000.0,692789000.0,1122159000.0,3856845000.0,52372000.0,1393062000.0,2463783000.0,-21274000.0,2442509000.0,4979004000.0,897400000.0,903319000.0,932424000.0
Gilead Sciences Inc,GILD,549300WTZWR07K8MNV44,882095,2009.0,Q3,2009-07-01,2009-09-30,2010-11-08 17:02:32+00:00,0.75,0.75,,0.72,220728000.0,670478000.0,670478000.0,673033000.0,-2555000.0,409700000.0,1791088000.0,14017000.0,10301000.0,269856000.0,227427000.0,409700000.0,1391689000.0,17217000.0,497283000.0,894406000.0,-3200000.0,891206000.0,1801389000.0,897400000.0,903319000.0,932424000.0
Gilead Sciences Inc,GILD,549300WTZWR07K8MNV44,882095,2009.0,Q2YTD,2009-01-01,2009-06-30,,1.28,1.28,0.07,1.28,395582000.0,1155721000.0,1155721000.0,1160510000.0,-4789000.0,712459000.0,3142895000.0,17081000.0,34720000.0,430417000.0,465362000.0,712459000.0,2465156000.0,35155000.0,895779000.0,1569377000.0,-18074000.0,1551303000.0,3177615000.0,907000000.0,905611000.0,934478000.0
Gilead Sciences Inc,GILD,549300WTZWR07K8MNV44,882095,2009.0,Q2,2009-04-01,2009-06-30,2010-08-09 06:20:57+00:00,0.63,0.63,,0.61,186355000.0,569145000.0,569145000.0,571398000.0,-2253000.0,383045000.0,1642273000.0,12923000.0,4882000.0,241638000.0,261411000.0,383045000.0,1264110000.0,18484000.0,503049000.0,761061000.0,-5561000.0,755500000.0,1647155000.0,907000000.0,905611000.0,934478000.0
Gilead Sciences Inc,GILD,549300WTZWR07K8MNV44,882095,2009.0,Q1,2009-01-01,2009-03-31,2010-05-10 16:16:12+00:00,0.65,0.65,,0.63,209227000.0,586576000.0,586576000.0,589112000.0,-2536000.0,329414000.0,1500622000.0,4158000.0,29838000.0,188779000.0,203951000.0,329414000.0,1201046000.0,16671000.0,392730000.0,808316000.0,-12513000.0,795803000.0,1530460000.0,906300000.0,909780000.0,942479000.0
Gilead Sciences Inc,GILD,549300WTZWR07K8MNV44,882095,2010.0,Q4,2010-10-01,2010-12-31,,0.37,0.37,-0.05,0.37,173158000.0,626365000.0,626365000.0,629419000.0,-3054000.0,496337000.0,1995379000.0,10764000.0,3308000.0,392760000.0,280209000.0,496337000.0,1502350000.0,40622000.0,672969000.0,829381000.0,-29858000.0,799523000.0,1998687000.0,1716700000.0,1712120000.0,1746792000.0
Gilead Sciences Inc,GILD,549300WTZWR07K8MNV44,882095,2010.0,FY,2010-01-01,2010-12-31,2013-02-27 16:36:05+00:00,1.69,1.69,,1.66,1023799000.0,2889749000.0,2889749000.0,2901257000.0,-11508000.0,1869876000.0,7935891000.0,60287000.0,13529000.0,1072930000.0,1044392000.0,1869876000.0,6079544000.0,108961000.0,2117322000.0,3962222000.0,-48674000.0,3913548000.0,7949420000.0,1716700000.0,1712120000.0,1746792000.0
Gilead Sciences Inc,GILD,549300WTZWR07K8MNV44,882095,2010.0,Q3YTD,2010-01-01,2010-09-30,,2.73,2.73,-0.05,2.73,850641000.0,2263384000.0,2263384000.0,2271838000.0,-8454000.0,1373539000.0,5940512000.0,49523000.0,10221000.0,680170000.0,764183000.0,1373539000.0,4577194000.0,68339000.0,1444353000.0,3132841000.0,-18816000.0,3114025000.0,5950733000.0,829300000.0,833006000.0,847228000.0
Gilead Sciences Inc,GILD,549300WTZWR07K8MNV44,882095,2010.0,Q3TTM,2009-10-01,2010-09-30,,3.69,3.69,-0.09,3.69,1110695000.0,3062777000.0,3062777000.0,3074050000.0,-11273000.0,1846938000.0,7967658000.0,60822000.0,15454000.0,919815000.0,1018080000.0,1846938000.0,6136174000.0,85629000.0,1937895000.0,4198279000.0,-24807000.0,4173472000.0,7983112000.0,829300000.0,833006000.0,847228000.0
Gilead Sciences Inc,GILD,549300WTZWR07K8MNV44,882095,2010.0,Q3,2010-07-01,2010-09-30,2011-11-04 16:50:58+00:00,0.85,0.85,,0.83,258883000.0,702163000.0,702163000.0,704876000.0,-2713000.0,477584000.0,1934917000.0,15593000.0,2739000.0,230440000.0,250559000.0,477584000.0,1460072000.0,33620000.0,480999000.0,979073000.0,-18027000.0,961046000.0,1937656000.0,829300000.0,833006000.0,847228000.0
Gilead Sciences Inc,GILD,549300WTZWR07K8MNV44,882095,2010.0,Q2YTD,2010-01-01,2010-06-30,,1.78,1.78,-0.01,1.78,591758000.0,1561221000.0,1561221000.0,1566962000.0,-5741000.0,895955000.0,4005595000.0,33930000.0,7482000.0,449730000.0,513624000.0,895955000.0,3117122000.0,34719000.0,963354000.0,2153768000.0,-789000.0,2152979000.0,4013077000.0,879100000.0,881802000.0,898753000.0
Gilead Sciences Inc,GILD,549300WTZWR07K8MNV44,882095,2010.0,Q2TTM,2009-07-01,2010-06-30,,3.45,3.45,-0.03,3.45,1072540000.0,3031092000.0,3031092000.0,3042207000.0,-11115000.0,1779054000.0,7823829000.0,59246000.0,23016000.0,959231000.0,994948000.0,1779054000.0,6067791000.0,69226000.0,1954179000.0,4113612000.0,-9980000.0,4103632000.0,7846845000.0,879100000.0,881802000.0,898753000.0
Gilead Sciences Inc,GILD,549300WTZWR07K8MNV44,882095,2010.0,Q2,2010-04-01,2010-06-30,2011-08-05 16:48:22+00:00,0.81,0.81,,0.79,284021000.0,709127000.0,709127000.0,712061000.0,-2934000.0,455525000.0,1923851000.0,18285000.0,3373000.0,231066000.0,248006000.0,455525000.0,1471699000.0,17764000.0,479072000.0,992627000.0,521000.0,993148000.0,1927224000.0,879100000.0,881802000.0,898753000.0
Gilead Sciences Inc,GILD,549300WTZWR07K8MNV44,882095,2010.0,Q1TTM,2009-04-01,2010-03-31,,3.22,3.22,0.05,3.22,974874000.0,2891110000.0,2891110000.0,2901544000.0,-10434000.0,1706574000.0,7542251000.0,53884000.0,24525000.0,969803000.0,1008353000.0,1706574000.0,5860202000.0,69946000.0,1978156000.0,3882046000.0,-16062000.0,3865984000.0,7566776000.0,899900000.0,901606000.0,928368000.0
Gilead Sciences Inc,GILD,549300WTZWR07K8MNV44,882095,2010.0,Q1,2010-01-01,2010-03-31,2011-05-09 16:35:41+00:00,0.95,0.95,,0.92,307737000.0,852094000.0,852094000.0,854901000.0,-2807000.0,440430000.0,2081744000.0,15645000.0,4109000.0,218664000.0,265618000.0,440430000.0,1645423000.0,16955000.0,484282000.0,1161141000.0,-1310000.0,1159831000.0,2085853000.0,899900000.0,901606000.0,928368000.0
Gilead Sciences Inc,GILD,549300WTZWR07K8MNV44,882095,2011.0,Q4,2011-10-01,2011-12-31,,0.43,0.43,-0.01,0.43,157084000.0,661759000.0,661759000.0,665145000.0,-3386000.0,584447000.0,2197546000.0,26365000.0,2832000.0,402236000.0,346219000.0,584447000.0,1615931000.0,74998000.0,748455000.0,867476000.0,-48633000.0,818843000.0,2200378000.0,1549000000.0,1549806000.0,1580236000.0
Gilead Sciences Inc,GILD,549300WTZWR07K8MNV44,882095,2011.0,FY,2011-01-01,2011-12-31,2014-02-25 16:10:01+00:00,1.81,1.81,,1.77,861945000.0,2789059000.0,2789059000.0,2803637000.0,-14578000.0,2124410000.0,8371186000.0,66581000.0,14199000.0,1229151000.0,1241983000.0,2124410000.0,6260975000.0,205418000.0,2471134000.0,3789841000.0,-138837000.0,3651004000.0,8385385000.0,1549000000.0,1549806000.0,1580236000.0
Gilead Sciences Inc,GILD,549300WTZWR07K8MNV44,882095,2011.0,Q3YTD,2011-01-01,2011-09-30,,2.79,2.79,0.17,2.79,704861000.0,2127300000.0,2127300000.0,2138492000.0,-11192000.0,1539963000.0,6173640000.0,40216000.0,11367000.0,826915000.0,895764000.0,1539963000.0,4645044000.0,130420000.0,1722679000.0,2922365000.0,-90204000.0,2832161000.0,6185007000.0,764000000.0,767033000.0,781312000.0
Gilead Sciences Inc,GILD,549300WTZWR07K8MNV44,882095,2011.0,Q3TTM,2010-10-01,2011-09-30,,3.61,3.61,0.05,3.61,878019000.0,2753665000.0,2753665000.0,2767911000.0,-14246000.0,2036300000.0,8169019000.0,50980000.0,14675000.0,1219675000.0,1175973000.0,2036300000.0,6147394000.0,171042000.0,2395648000.0,3751746000.0,-120062000.0,3631684000.0,8183694000.0,764000000.0,767033000.0,781312000.0
Gilead Sciences Inc,GILD,549300WTZWR07K8MNV44,882095,2011.0,Q3,2011-07-01,2011-09-30,2012-11-06 16:06:03+00:00,0.97,0.97,,0.95,237449000.0,737538000.0,737538000.0,741124000.0,-3586000.0,531989000.0,2117488000.0,14406000.0,4172000.0,290066000.0,295927000.0,531989000.0,1589671000.0,43097000.0,585993000.0,1003678000.0,-28691000.0,974987000.0,2121660000.0,764000000.0,767033000.0,781312000.0
Gilead Sciences Inc,GILD,549300WTZWR07K8MNV44,882095,2011.0,Q2YTD,2011-01-01,2011-06-30,,1.78,1.78,0.11,1.78,467412000.0,1389762000.0,1389762000.0,1397368000.0,-7606000.0,1007974000.0,4056152000.0,25810000.0,7195000.0,536849000.0,599837000.0,1007974000.0,3055373000.0,87323000.0,1136686000.0,1918687000.0,-61513000.0,1857174000.0,4063347000.0,785500000.0,784807000.0,800800000.0
Gilead Sciences Inc,GILD,549300WTZWR07K8MNV44,882095,2011.0,Q2TTM,2010-07-01,2011-06-30,,3.48,3.48,-0.05,3.48,899453000.0,2718290000.0,2718290000.0,2731663000.0,-13373000.0,1981895000.0,7986448000.0,52167000.0,13242000.0,1160049000.0,1130605000.0,1981895000.0,6017795000.0,161565000.0,2290654000.0,3727141000.0,-109398000.0,3617743000.0,7999690000.0,785500000.0,784807000.0,800800000.0
Gilead Sciences Inc,GILD,549300WTZWR07K8MNV44,882095,2011.0,Q2,2011-04-01,2011-06-30,2012-08-01 15:58:47+00:00,0.95,0.95,,0.93,240130000.0,742459000.0,742459000.0,746227000.0,-3768000.0,533863000.0,2133909000.0,11978000.0,3344000.0,282403000.0,304269000.0,533863000.0,1603390000.0,46107000.0,586672000.0,1016718000.0,-34129000.0,982589000.0,2137253000.0,785500000.0,784807000.0,800800000.0
Gilead Sciences Inc,GILD,549300WTZWR07K8MNV44,882095,2011.0,Q1TTM,2010-04-01,2011-03-31,,3.39,3.39,-0.1,3.39,943344000.0,2684958000.0,2684958000.0,2697497000.0,-12539000.0,1903557000.0,7776390000.0,58474000.0,13271000.0,1108712000.0,1074342000.0,1903557000.0,5886104000.0,133222000.0,2183054000.0,3703050000.0,-74748000.0,3628302000.0,7789661000.0,794100000.0,796115000.0,811857000.0
Gilead Sciences Inc,GILD,549300WTZWR07K8MNV44,882095,2011.0,Q1,2011-01-01,2011-03-31,2012-05-04 16:26:19+00:00,0.82,0.82,,0.8,227282000.0,647303000.0,647303000.0,651141000.0,-3838000.0,474111000.0,1922243000.0,13832000.0,3851000.0,254446000.0,295568000.0,474111000.0,1451983000.0,41216000.0,550014000.0,901969000.0,-27384000.0,874585000.0,1926094000.0,794100000.0,796115000.0,811857000.0
Gilead Sciences Inc,GILD,549300WTZWR07K8MNV44,882095,2012.0,Q4,2012-10-01,2012-12-31,,0.5,0.5,-0.07,0.5,263123000.0,759360000.0,759360000.0,762975000.0,-3615000.0,675455000.0,2598314000.0,1665000.0,-10546000.0,439714000.0,365791000.0,675455000.0,1912313000.0,85990000.0,805505000.0,1106808000.0,-84325000.0,1022483000.0,2587768000.0,1515800000.0,1515000000.0,1583000000.0
Gilead Sciences Inc,GILD,549300WTZWR07K8MNV44,882095,2012.0,FY,2012-01-01,2012-12-31,2015-02-25 16:05:20+00:00,1.71,1.71,,1.64,1038000000.0,2574000000.0,2574000000.0,2592000000.0,-18000000.0,2471000000.0,9702000000.0,-37000000.0,,1760000000.0,1461000000.0,2471000000.0,7231000000.0,361000000.0,3221000000.0,4010000000.0,-398000000.0,3612000000.0,9702000000.0,1515800000.0,1515000000.0,1583000000.0
Gilead Sciences Inc,GILD,549300WTZWR07K8MNV44,882095,2012.0,Q3YTD,2012-01-01,2012-09-30,,1.21,1.21,-0.02,1.21,774877000.0,1814640000.0,1814640000.0,1829025000.0,-14385000.0,1795545000.0,7103686000.0,-38665000.0,10546000.0,1320286000.0,1095209000.0,1795545000.0,5318687000.0,275010000.0,2415495000.0,2903192000.0,-313675000.0,2589517000.0,7114232000.0,1501100000.0,1514770000.0,1584608000.0
Gilead Sciences Inc,GILD,549300WTZWR07K8MNV44,882095,2012.0,Q3TTM,2011-10-01,2012-09-30,,1.65,1.65,-0.03,1.65,931961000.0,2476399000.0,2476399000.0,2494170000.0,-17771000.0,2379992000.0,9301232000.0,-12300000.0,13378000.0,1722522000.0,1441428000.0,2379992000.0,6934618000.0,350008000.0,3163950000.0,3770668000.0,-362308000.0,3408360000.0,9314610000.0,1501100000.0,1514770000.0,1584608000.0
Gilead Sciences Inc,GILD,549300WTZWR07K8MNV44,882095,2012.0,Q3,2012-07-01,2012-09-30,2013-10-31 16:40:08+00:00,0.45,0.45,,0.43,280052000.0,671035000.0,671035000.0,675505000.0,-4470000.0,597269000.0,2421893000.0,-3505000.0,4704000.0,465831000.0,319583000.0,597269000.0,1829328000.0,89322000.0,785414000.0,1043914000.0,-92827000.0,951087000.0,2426597000.0,1501100000.0,1514770000.0,1584608000.0
Gilead Sciences Inc,GILD,549300WTZWR07K8MNV44,882095,2012.0,Q2YTD,2012-01-01,2012-06-30,,0.76,0.76,0.02,0.76,494825000.0,1143605000.0,1143605000.0,1153520000.0,-9915000.0,1198276000.0,4681793000.0,-35160000.0,5842000.0,854455000.0,775626000.0,1198276000.0,3489359000.0,185688000.0,1630081000.0,1859278000.0,-220848000.0,1638430000.0,4687635000.0,1514000000.0,1513902000.0,1561012000.0
Gilead Sciences Inc,GILD,549300WTZWR07K8MNV44,882095,2012.0,Q2TTM,2011-07-01,2012-06-30,,1.69,1.69,0.04,1.69,889358000.0,2542902000.0,2542902000.0,2559789000.0,-16887000.0,2314712000.0,8996827000.0,5611000.0,12846000.0,1546757000.0,1417772000.0,2314712000.0,6694961000.0,303783000.0,2964529000.0,3730432000.0,-298172000.0,3432260000.0,9009673000.0,1514000000.0,1513902000.0,1561012000.0
Gilead Sciences Inc,GILD,549300WTZWR07K8MNV44,882095,2012.0,Q2,2012-04-01,2012-06-30,2013-08-01 16:11:19+00:00,0.47,0.47,,0.46,263525000.0,706074000.0,706074000.0,711564000.0,-5490000.0,617345000.0,2402346000.0,-1075000.0,2840000.0,396244000.0,332505000.0,617345000.0,1787841000.0,88418000.0,728749000.0,1059092000.0,-89493000.0,969599000.0,2405186000.0,1514000000.0,1513902000.0,1561012000.0
Gilead Sciences Inc,GILD,549300WTZWR07K8MNV44,882095,2012.0,Q1TTM,2011-04-01,2012-03-31,,1.72,1.72,0.11,1.72,865963000.0,2579287000.0,2579287000.0,2594452000.0,-15165000.0,2231230000.0,8728390000.0,18664000.0,13350000.0,1432916000.0,1389536000.0,2231230000.0,6510510000.0,261472000.0,2822452000.0,3688058000.0,-242808000.0,3445250000.0,8741740000.0,1524000000.0,1512572000.0,1554776000.0
Gilead Sciences Inc,GILD,549300WTZWR07K8MNV44,882095,2012.0,Q1,2012-01-01,2012-03-31,2013-05-08 17:15:40+00:00,0.29,0.29,,0.28,231300000.0,437531000.0,437531000.0,441956000.0,-4425000.0,580931000.0,2279447000.0,-34085000.0,3002000.0,458211000.0,443121000.0,580931000.0,1701518000.0,97270000.0,901332000.0,800186000.0,-131355000.0,668831000.0,2282449000.0,1524000000.0,1512572000.0,1554776000.0
Gilead Sciences Inc,GILD,549300WTZWR07K8MNV44,882095,2013.0,FY,2013-01-01,2013-12-31,2016-02-24 17:01:48+00:00,2.01,2.01,0.0,1.81,1151000000.0,3057000000.0,3057000000.0,3075000000.0,-18000000.0,2859000000.0,11202000000.0,-9000000.0,,2120000000.0,1699000000.0,2859000000.0,8343000000.0,307000000.0,3819000000.0,4524000000.0,-316000000.0,4208000000.0,11202000000.0,1529900000.0,1529000000.0,1695000000.0
Gilead Sciences Inc,GILD,549300WTZWR07K8MNV44,882095,2013.0,Q4,2013-10-01,2013-12-31,,0.52,0.52,-0.05,0.52,326108000.0,786456000.0,786456000.0,791603000.0,-5147000.0,858021000.0,3120138000.0,-11222000.0,,552222000.0,512853000.0,858021000.0,2262117000.0,73256000.0,1065075000.0,1197042000.0,-84478000.0,1112564000.0,3120138000.0,1529900000.0,1529000000.0,1695000000.0
Gilead Sciences Inc,GILD,549300WTZWR07K8MNV44,882095,2013.0,Q3YTD,2013-01-01,2013-09-30,,1.49,1.49,-0.05,1.49,824892000.0,2270544000.0,2270544000.0,2283397000.0,-12853000.0,2000979000.0,8081862000.0,2222000.0,,1567778000.0,1186147000.0,2000979000.0,6080883000.0,233744000.0,2753925000.0,3326958000.0,-231522000.0,3095436000.0,8081862000.0,1546300000.0,1532105000.0,1691898000.0
Gilead Sciences Inc,GILD,549300WTZWR07K8MNV44,882095,2013.0,Q3TTM,2012-10-01,2013-09-30,,1.99,1.99,-0.12,1.99,1088015000.0,3029904000.0,3029904000.0,3046372000.0,-16468000.0,2676434000.0,10680176000.0,3887000.0,-10546000.0,2007492000.0,1551938000.0,2676434000.0,7993196000.0,319734000.0,3559430000.0,4433766000.0,-315847000.0,4117919000.0,10669630000.0,1546300000.0,1532105000.0,1691898000.0
Gilead Sciences Inc,GILD,549300WTZWR07K8MNV44,882095,2013.0,Q3,2013-07-01,2013-09-30,2014-11-05 16:28:30+00:00,0.51,0.51,,0.47,294473000.0,785216000.0,785216000.0,788606000.0,-3390000.0,681868000.0,2782833000.0,5777000.0,,546244000.0,406860000.0,681868000.0,2100965000.0,73949000.0,953104000.0,1147861000.0,-68172000.0,1079689000.0,2782833000.0,1546300000.0,1532105000.0,1691898000.0
Gilead Sciences Inc,GILD,549300WTZWR07K8MNV44,882095,2013.0,Q2YTD,2013-01-01,2013-06-30,,0.98,0.98,-0.01,0.98,530419000.0,1485328000.0,1485328000.0,1494791000.0,-9463000.0,1319111000.0,5299029000.0,-3555000.0,,1021534000.0,779287000.0,1319111000.0,3979918000.0,159795000.0,1800821000.0,2179097000.0,-163350000.0,2015747000.0,5299029000.0,1514900000.0,1526945000.0,1694577000.0
Gilead Sciences Inc,GILD,549300WTZWR07K8MNV44,882095,2013.0,Q2TTM,2012-07-01,2013-06-30,,1.92,1.92,-0.12,1.92,1073594000.0,2915723000.0,2915723000.0,2933271000.0,-17548000.0,2591835000.0,10319236000.0,-5395000.0,-5842000.0,1927079000.0,1464661000.0,2591835000.0,7721559000.0,335107000.0,3391740000.0,4329819000.0,-340502000.0,3989317000.0,10313394000.0,1514900000.0,1526945000.0,1694577000.0
Gilead Sciences Inc,GILD,549300WTZWR07K8MNV44,882095,2013.0,Q2,2013-04-01,2013-06-30,2014-08-04 17:19:21+00:00,0.51,0.51,,0.46,307981000.0,767618000.0,767618000.0,772605000.0,-4987000.0,684663000.0,2767394000.0,-231000.0,,523902000.0,404991000.0,684663000.0,2082731000.0,78008000.0,928893000.0,1153838000.0,-78239000.0,1075599000.0,2767394000.0,1514900000.0,1526945000.0,1694577000.0
Gilead Sciences Inc,GILD,549300WTZWR07K8MNV44,882095,2013.0,Q1TTM,2012-04-01,2013-03-31,,1.89,1.89,-0.14,1.89,1029138000.0,2854179000.0,2854179000.0,2872230000.0,-18051000.0,2524517000.0,9954188000.0,-6239000.0,-3002000.0,1799421000.0,1392175000.0,2524517000.0,7426669000.0,345517000.0,3191596000.0,4235073000.0,-351756000.0,3883317000.0,9951186000.0,1536600000.0,1521372000.0,1665060000.0
Gilead Sciences Inc,GILD,549300WTZWR07K8MNV44,882095,2013.0,Q1,2013-01-01,2013-03-31,2014-05-07 17:19:48+00:00,0.47,0.47,,0.43,222438000.0,717710000.0,717710000.0,722186000.0,-4476000.0,634448000.0,2531635000.0,-3324000.0,,497632000.0,374296000.0,634448000.0,1897187000.0,81787000.0,871928000.0,1025259000.0,-85111000.0,940148000.0,2531635000.0,1536600000.0,1521372000.0,1665060000.0
Gilead Sciences Inc,GILD,549300WTZWR07K8MNV44,882095,2014.0,FY,2014-01-01,2014-12-31,2017-02-27 16:23:29+00:00,7.95,7.95,0.0,7.35,2797000000.0,12059000000.0,12059000000.0,12101000000.0,-42000000.0,3788000000.0,24474000000.0,3000000.0,416000000.0,2854000000.0,2983000000.0,3788000000.0,21102000000.0,412000000.0,5837000000.0,15265000000.0,-409000000.0,14856000000.0,24890000000.0,1522100000.0,1522000000.0,1647000000.0
Gilead Sciences Inc,GILD,549300WTZWR07K8MNV44,882095,2014.0,Q4,2014-10-01,2014-12-31,,2.29,2.29,-0.06,2.29,768000000.0,3462000000.0,3462000000.0,3487000000.0,-25000000.0,1063000000.0,6898000000.0,30000000.0,416000000.0,1045000000.0,876000000.0,1063000000.0,6251000000.0,130000000.0,1921000000.0,4330000000.0,-100000000.0,4230000000.0,7314000000.0,1522100000.0,1522000000.0,1647000000.0
Gilead Sciences Inc,GILD,549300WTZWR07K8MNV44,882095,2014.0,Q3,2014-07-01,2014-09-30,2015-11-04 16:02:41+00:00,1.8,1.8,0.0,1.67,647000000.0,2724000000.0,2724000000.0,2731000000.0,-7000000.0,987000000.0,6042000000.0,-5000000.0,,630000000.0,945000000.0,987000000.0,5055000000.0,104000000.0,1575000000.0,3480000000.0,-109000000.0,3371000000.0,6042000000.0,1517200000.0,1514000000.0,1637000000.0
Gilead Sciences Inc,GILD,549300WTZWR07K8MNV44,882095,2014.0,Q3YTD,2014-01-01,2014-09-30,,5.69,5.69,0.04,5.69,2029000000.0,8597000000.0,8597000000.0,8614000000.0,-17000000.0,2725000000.0,17576000000.0,-27000000.0,,1809000000.0,2107000000.0,2725000000.0,14851000000.0,282000000.0,3916000000.0,10935000000.0,-309000000.0,10626000000.0,17576000000.0,1517200000.0,1514000000.0,1637000000.0
Gilead Sciences Inc,GILD,549300WTZWR07K8MNV44,882095,2014.0,Q3TTM,2013-10-01,2014-09-30,,6.21,6.21,-0.01,6.21,2355108000.0,9383456000.0,9383456000.0,9405603000.0,-22147000.0,3583021000.0,20696138000.0,-38222000.0,,2361222000.0,2619853000.0,3583021000.0,17113117000.0,355256000.0,4981075000.0,12132042000.0,-393478000.0,11738564000.0,20696138000.0,1517200000.0,1514000000.0,1637000000.0
Gilead Sciences Inc,GILD,549300WTZWR07K8MNV44,882095,2014.0,Q2YTD,2014-01-01,2014-06-30,,3.84,3.84,0.02,3.84,1382000000.0,5873000000.0,5873000000.0,5883000000.0,-10000000.0,1738000000.0,11534000000.0,-22000000.0,,1179000000.0,1162000000.0,1738000000.0,9796000000.0,178000000.0,2341000000.0,7455000000.0,-200000000.0,7255000000.0,11534000000.0,1529700000.0,1533000000.0,1664000000.0
Gilead Sciences Inc,GILD,549300WTZWR07K8MNV44,882095,2014.0,Q2TTM,2013-07-01,2014-06-30,,4.87,4.87,-0.07,4.87,2002581000.0,7444672000.0,7444672000.0,7463209000.0,-18537000.0,3277889000.0,17436971000.0,-27445000.0,,2277466000.0,2081713000.0,3277889000.0,14159082000.0,325205000.0,4359179000.0,9799903000.0,-352650000.0,9447253000.0,17436971000.0,1529700000.0,1533000000.0,1664000000.0
Gilead Sciences Inc,GILD,549300WTZWR07K8MNV44,882095,2014.0,Q2,2014-04-01,2014-06-30,2015-08-05 16:19:50+00:00,2.39,2.39,0.0,2.2,656000000.0,3650000000.0,3650000000.0,3656000000.0,-6000000.0,925000000.0,6535000000.0,-4000000.0,,584000000.0,614000000.0,925000000.0,5610000000.0,102000000.0,1198000000.0,4412000000.0,-106000000.0,4306000000.0,6535000000.0,1529700000.0,1533000000.0,1664000000.0
Gilead Sciences Inc,GILD,549300WTZWR07K8MNV44,882095,2014.0,Q1TTM,2013-04-01,2014-03-31,,2.98,2.98,-0.06,2.98,1654562000.0,4562290000.0,4562290000.0,4579814000.0,-17524000.0,3037552000.0,13669365000.0,-23676000.0,,2217368000.0,1872704000.0,3037552000.0,10631813000.0,301213000.0,4090072000.0,6541741000.0,-324889000.0,6216852000.0,13669365000.0,1535900000.0,1537000000.0,1680000000.0
Gilead Sciences Inc,GILD,549300WTZWR07K8MNV44,882095,2014.0,Q1,2014-01-01,2014-03-31,2015-05-08 16:30:06+00:00,1.45,1.45,,1.33,726000000.0,2223000000.0,2223000000.0,2227000000.0,-4000000.0,813000000.0,4999000000.0,-18000000.0,,595000000.0,548000000.0,813000000.0,4186000000.0,76000000.0,1143000000.0,3043000000.0,-94000000.0,2949000000.0,4999000000.0,1535900000.0,1537000000.0,1680000000.0
Gilead Sciences Inc,GILD,549300WTZWR07K8MNV44,882095,2015.0,FY,2015-01-01,2015-12-31,2018-02-26 17:57:33+00:00,12.37,12.37,1.29,11.91,3553000000.0,18106000000.0,18106000000.0,18108000000.0,-2000000.0,4006000000.0,32151000000.0,154000000.0,488000000.0,3014000000.0,3426000000.0,4006000000.0,28633000000.0,688000000.0,6440000000.0,22193000000.0,-534000000.0,21659000000.0,32639000000.0,1463900000.0,1464000000.0,1521000000.0
Gilead Sciences Inc,GILD,549300WTZWR07K8MNV44,882095,2015.0,Q4,2015-10-01,2015-12-31,,3.27,3.27,0.43,3.17,752000000.0,4685000000.0,4685000000.0,4683000000.0,2000000.0,1062000000.0,8018000000.0,46000000.0,488000000.0,757000000.0,1066000000.0,1062000000.0,7444000000.0,230000000.0,1823000000.0,5621000000.0,-184000000.0,5437000000.0,8506000000.0,1463900000.0,1464000000.0,1521000000.0
Gilead Sciences Inc,GILD,549300WTZWR07K8MNV44,882095,2015.0,Q3,2015-07-01,2015-09-30,2016-11-07 16:45:11+00:00,3.14,3.14,0.43,3.06,880000000.0,4592000000.0,4592000000.0,4600000000.0,-8000000.0,1064000000.0,8295000000.0,52000000.0,,743000000.0,903000000.0,1064000000.0,7231000000.0,165000000.0,1646000000.0,5585000000.0,-113000000.0,5472000000.0,8295000000.0,1465000000.0,1463000000.0,1503000000.0
Gilead Sciences Inc,GILD,549300WTZWR07K8MNV44,882095,2015.0,Q3YTD,2015-01-01,2015-09-30,,9.18,9.18,0.76,9.18,2801000000.0,13421000000.0,13421000000.0,13425000000.0,-4000000.0,2944000000.0,24133000000.0,108000000.0,,2257000000.0,2360000000.0,2944000000.0,21189000000.0,458000000.0,4617000000.0,16572000000.0,-350000000.0,16222000000.0,24133000000.0,1465000000.0,1463000000.0,1503000000.0
Gilead Sciences Inc,GILD,549300WTZWR07K8MNV44,882095,2015.0,Q3TTM,2014-10-01,2015-09-30,,11.56,11.56,0.7,11.56,3569000000.0,16883000000.0,16883000000.0,16912000000.0,-29000000.0,4007000000.0,31031000000.0,138000000.0,416000000.0,3302000000.0,3236000000.0,4007000000.0,27440000000.0,588000000.0,6538000000.0,20902000000.0,-450000000.0,20452000000.0,31447000000.0,1465000000.0,1463000000.0,1503000000.0
Gilead Sciences Inc,GILD,549300WTZWR07K8MNV44,882095,2015.0,Q2,2015-04-01,2015-06-30,2016-08-05 16:12:17+00:00,3.05,3.05,0.43,2.92,1014000000.0,4497000000.0,4497000000.0,4492000000.0,5000000.0,998000000.0,8244000000.0,35000000.0,,818000000.0,812000000.0,998000000.0,7246000000.0,140000000.0,1630000000.0,5616000000.0,-105000000.0,5511000000.0,8244000000.0,1472800000.0,1472000000.0,1540000000.0
Gilead Sciences Inc,GILD,549300WTZWR07K8MNV44,882095,2015.0,Q2YTD,2015-01-01,2015-06-30,,6.0,6.0,0.46,6.0,1921000000.0,8829000000.0,8829000000.0,8825000000.0,4000000.0,1880000000.0,15838000000.0,56000000.0,,1514000000.0,1457000000.0,1880000000.0,13958000000.0,293000000.0,2971000000.0,10987000000.0,-237000000.0,10750000000.0,15838000000.0,1472800000.0,1472000000.0,1540000000.0
Gilead Sciences Inc,GILD,549300WTZWR07K8MNV44,882095,2015.0,Q2TTM,2014-07-01,2015-06-30,,10.22,10.22,0.42,10.22,3336000000.0,15015000000.0,15015000000.0,15043000000.0,-28000000.0,3930000000.0,28778000000.0,81000000.0,416000000.0,3189000000.0,3278000000.0,3930000000.0,25264000000.0,527000000.0,6467000000.0,18797000000.0,-446000000.0,18351000000.0,29194000000.0,1472800000.0,1472000000.0,1540000000.0
Gilead Sciences Inc,GILD,549300WTZWR07K8MNV44,882095,2015.0,Q1,2015-01-01,2015-03-31,2016-05-06 16:15:07+00:00,2.91,2.91,0.0,2.76,907000000.0,4332000000.0,4332000000.0,4333000000.0,-1000000.0,882000000.0,7594000000.0,21000000.0,,696000000.0,645000000.0,882000000.0,6712000000.0,153000000.0,1341000000.0,5371000000.0,-132000000.0,5239000000.0,7594000000.0,1489000000.0,1488000000.0,1569000000.0
Gilead Sciences Inc,GILD,549300WTZWR07K8MNV44,882095,2015.0,Q1TTM,2014-04-01,2015-03-31,,9.55,9.55,-0.07,9.55,2978000000.0,14168000000.0,14168000000.0,14207000000.0,-39000000.0,3857000000.0,27069000000.0,42000000.0,416000000.0,2955000000.0,3080000000.0,3857000000.0,23628000000.0,489000000.0,6035000000.0,17593000000.0,-447000000.0,17146000000.0,27485000000.0,1489000000.0,1488000000.0,1569000000.0
Gilead Sciences Inc,GILD,549300WTZWR07K8MNV44,882095,2016.0,FY,2016-01-01,2016-12-31,2019-02-25 20:02:58+00:00,10.08,10.08,1.84,9.94,3609000000.0,13488000000.0,13488000000.0,13501000000.0,-13000000.0,4261000000.0,30390000000.0,428000000.0,,5098000000.0,3398000000.0,4261000000.0,26129000000.0,964000000.0,8496000000.0,17633000000.0,-536000000.0,17097000000.0,30390000000.0,1339400000.0,1339000000.0,1358000000.0
Gilead Sciences Inc,GILD,549300WTZWR07K8MNV44,882095,2016.0,Q4,2016-10-01,2016-12-31,,2.36,2.36,0.47,2.34,821000000.0,3099000000.0,3099000000.0,3108000000.0,-9000000.0,1075000000.0,7540000000.0,140000000.0,-220000000.0,1208000000.0,992000000.0,1075000000.0,6245000000.0,265000000.0,2200000000.0,4045000000.0,-125000000.0,3920000000.0,7320000000.0,1339400000.0,1339000000.0,1358000000.0
Gilead Sciences Inc,GILD,549300WTZWR07K8MNV44,882095,2016.0,Q3,2016-07-01,2016-09-30,2017-11-06 18:07:06+00:00,2.52,2.52,0.47,2.49,951000000.0,3325000000.0,3325000000.0,3330000000.0,-5000000.0,1129000000.0,7405000000.0,119000000.0,95000000.0,1141000000.0,831000000.0,1129000000.0,6371000000.0,242000000.0,1972000000.0,4399000000.0,-123000000.0,4276000000.0,7500000000.0,1321400000.0,1322000000.0,1339000000.0
Gilead Sciences Inc,GILD,549300WTZWR07K8MNV44,882095,2016.0,Q3YTD,2016-01-01,2016-09-30,,7.72,7.72,1.37,7.6,2788000000.0,10389000000.0,10389000000.0,10393000000.0,-4000000.0,3186000000.0,22850000000.0,288000000.0,220000000.0,3890000000.0,2406000000.0,3186000000.0,19884000000.0,699000000.0,6296000000.0,13588000000.0,-411000000.0,13177000000.0,23070000000.0,1321400000.0,1322000000.0,1339000000.0
Gilead Sciences Inc,GILD,549300WTZWR07K8MNV44,882095,2016.0,Q3TTM,2015-10-01,2016-09-30,,10.99,10.99,1.8,10.77,3540000000.0,15074000000.0,15074000000.0,15076000000.0,-2000000.0,4248000000.0,30868000000.0,334000000.0,708000000.0,4647000000.0,3472000000.0,4248000000.0,27328000000.0,929000000.0,8119000000.0,19209000000.0,-595000000.0,18614000000.0,31576000000.0,1321400000.0,1322000000.0,1339000000.0
Gilead Sciences Inc,GILD,549300WTZWR07K8MNV44,882095,2016.0,Q2,2016-04-01,2016-06-30,2017-08-07 16:31:01+00:00,2.62,2.62,0.47,2.58,902000000.0,3497000000.0,3497000000.0,3497000000.0,0.0,864000000.0,7651000000.0,88000000.0,125000000.0,1484000000.0,890000000.0,864000000.0,6912000000.0,227000000.0,2374000000.0,4538000000.0,-139000000.0,4399000000.0,7776000000.0,1334700000.0,1335000000.0,1355000000.0
Gilead Sciences Inc,GILD,549300WTZWR07K8MNV44,882095,2016.0,Q2YTD,2016-01-01,2016-06-30,,5.2,5.2,0.9,5.11,1837000000.0,7064000000.0,7064000000.0,7063000000.0,1000000.0,2057000000.0,15445000000.0,169000000.0,125000000.0,2749000000.0,1575000000.0,2057000000.0,13513000000.0,457000000.0,4324000000.0,9189000000.0,-288000000.0,8901000000.0,15570000000.0,1334700000.0,1335000000.0,1355000000.0
Gilead Sciences Inc,GILD,549300WTZWR07K8MNV44,882095,2016.0,Q2TTM,2015-07-01,2016-06-30,,11.61,11.61,1.76,11.34,3469000000.0,16341000000.0,16341000000.0,16346000000.0,-5000000.0,4183000000.0,31758000000.0,267000000.0,613000000.0,4249000000.0,3544000000.0,4183000000.0,28188000000.0,852000000.0,7793000000.0,20395000000.0,-585000000.0,19810000000.0,32371000000.0,1334700000.0,1335000000.0,1355000000.0
Gilead Sciences Inc,GILD,549300WTZWR07K8MNV44,882095,2016.0,Q1,2016-01-01,2016-03-31,2017-05-09 19:35:16+00:00,2.58,2.58,0.43,2.53,935000000.0,3567000000.0,3567000000.0,3566000000.0,1000000.0,1193000000.0,7794000000.0,81000000.0,,1265000000.0,685000000.0,1193000000.0,6601000000.0,230000000.0,1950000000.0,4651000000.0,-149000000.0,4502000000.0,7794000000.0,1382200000.0,1383000000.0,1412000000.0
Gilead Sciences Inc,GILD,549300WTZWR07K8MNV44,882095,2016.0,Q1TTM,2015-04-01,2016-03-31,,12.04,12.04,1.72,11.68,3581000000.0,17341000000.0,17341000000.0,17341000000.0,,4317000000.0,32351000000.0,214000000.0,488000000.0,3583000000.0,3466000000.0,4317000000.0,28522000000.0,765000000.0,7049000000.0,21473000000.0,-551000000.0,20922000000.0,32839000000.0,1382200000.0,1383000000.0,1412000000.0
Gilead Sciences Inc,GILD,549300WTZWR07K8MNV44,882095,2017.0,FY,2017-01-01,2017-12-31,2020-02-24 17:38:25+00:00,3.54,3.54,2.08,3.51,8885000000.0,4644000000.0,4644000000.0,4628000000.0,16000000.0,4371000000.0,26107000000.0,523000000.0,,3734000000.0,3878000000.0,4371000000.0,21736000000.0,1118000000.0,7612000000.0,14124000000.0,-595000000.0,13529000000.0,26107000000.0,1307300000.0,1307000000.0,1319000000.0
Gilead Sciences Inc,GILD,549300WTZWR07K8MNV44,882095,2017.0,Q4,2017-10-01,2017-12-31,,-2.96,-2.96,0.52,-2.93,5962000000.0,-3836000000.0,-3836000000.0,-3865000000.0,29000000.0,1256000000.0,6077000000.0,132000000.0,-128000000.0,1150000000.0,1252000000.0,1256000000.0,4693000000.0,297000000.0,2402000000.0,2291000000.0,-165000000.0,2126000000.0,5949000000.0,1307300000.0,1307000000.0,1319000000.0
Gilead Sciences Inc,GILD,549300WTZWR07K8MNV44,882095,2017.0,Q3,2017-07-01,2017-09-30,2018-11-06 16:14:13+00:00,2.08,2.08,0.52,2.06,959000000.0,2712000000.0,2712000000.0,2718000000.0,-6000000.0,1032000000.0,6512000000.0,150000000.0,,789000000.0,879000000.0,1032000000.0,5480000000.0,291000000.0,1668000000.0,3812000000.0,-141000000.0,3671000000.0,6512000000.0,1306700000.0,1306000000.0,1319000000.0
Gilead Sciences Inc,GILD,549300WTZWR07K8MNV44,882095,2017.0,Q3YTD,2017-01-01,2017-09-30,,6.5,6.5,1.56,6.44,2923000000.0,8480000000.0,8480000000.0,8493000000.0,-13000000.0,3115000000.0,20030000000.0,391000000.0,128000000.0,2584000000.0,2626000000.0,3115000000.0,17043000000.0,821000000.0,5210000000.0,11833000000.0,-430000000.0,11403000000.0,20158000000.0,1306700000.0,1306000000.0,1319000000.0
Gilead Sciences Inc,GILD,549300WTZWR07K8MNV44,882095,2017.0,Q3TTM,2016-10-01,2017-09-30,,8.86,8.86,2.03,8.78,3744000000.0,11579000000.0,11579000000.0,11601000000.0,-22000000.0,4190000000.0,27570000000.0,531000000.0,-92000000.0,3792000000.0,3618000000.0,4190000000.0,23288000000.0,1086000000.0,7410000000.0,15878000000.0,-555000000.0,15323000000.0,27478000000.0,1306700000.0,1306000000.0,1319000000.0
Gilead Sciences Inc,GILD,549300WTZWR07K8MNV44,882095,2017.0,Q2,2017-04-01,2017-06-30,2018-08-06 16:16:07+00:00,2.35,2.35,0.52,2.33,1046000000.0,3069000000.0,3069000000.0,3073000000.0,-4000000.0,1126000000.0,7141000000.0,130000000.0,,864000000.0,897000000.0,1126000000.0,6015000000.0,269000000.0,1761000000.0,4254000000.0,-139000000.0,4115000000.0,7141000000.0,1307700000.0,1307000000.0,1317000000.0
Gilead Sciences Inc,GILD,549300WTZWR07K8MNV44,882095,2017.0,Q2YTD,2017-01-01,2017-06-30,,4.42,4.42,1.04,4.38,1964000000.0,5768000000.0,5768000000.0,5775000000.0,-7000000.0,2083000000.0,13518000000.0,241000000.0,128000000.0,1795000000.0,1747000000.0,2083000000.0,11563000000.0,530000000.0,3542000000.0,8021000000.0,-289000000.0,7732000000.0,13646000000.0,1307700000.0,1307000000.0,1317000000.0
Gilead Sciences Inc,GILD,549300WTZWR07K8MNV44,882095,2017.0,Q2TTM,2016-07-01,2017-06-30,,9.3,9.3,1.98,9.21,3736000000.0,12192000000.0,12192000000.0,12213000000.0,-21000000.0,4287000000.0,28463000000.0,500000000.0,3000000.0,4144000000.0,3570000000.0,4287000000.0,24179000000.0,1037000000.0,7714000000.0,16465000000.0,-537000000.0,15928000000.0,28466000000.0,1307700000.0,1307000000.0,1317000000.0
Gilead Sciences Inc,GILD,549300WTZWR07K8MNV44,882095,2017.0,Q1,2017-01-01,2017-03-31,2018-05-08 18:54:26+00:00,2.07,2.07,0.52,2.05,918000000.0,2699000000.0,2699000000.0,2702000000.0,-3000000.0,957000000.0,6377000000.0,111000000.0,128000000.0,931000000.0,850000000.0,957000000.0,5548000000.0,261000000.0,1781000000.0,3767000000.0,-150000000.0,3617000000.0,6505000000.0,1305300000.0,1308000000.0,1320000000.0
Gilead Sciences Inc,GILD,549300WTZWR07K8MNV44,882095,2017.0,Q1TTM,2016-04-01,2017-03-31,,9.57,9.57,1.93,9.46,3592000000.0,12620000000.0,12620000000.0,12637000000.0,-17000000.0,4025000000.0,28973000000.0,458000000.0,128000000.0,4764000000.0,3563000000.0,4025000000.0,25076000000.0,995000000.0,8327000000.0,16749000000.0,-537000000.0,16212000000.0,29101000000.0,1305300000.0,1308000000.0,1320000000.0
Gilead Sciences Inc,GILD,549300WTZWR07K8MNV44,882095,2018.0,FY,2018-01-01,2018-12-31,2020-02-24 17:38:25+00:00,4.2,4.2,2.28,4.17,2339000000.0,5460000000.0,5460000000.0,5455000000.0,5000000.0,4853000000.0,22127000000.0,676000000.0,,5018000000.0,4056000000.0,4853000000.0,17274000000.0,1077000000.0,9074000000.0,8200000000.0,-401000000.0,7799000000.0,22127000000.0,1298800000.0,1298000000.0,1308000000.0
Gilead Sciences Inc,GILD,549300WTZWR07K8MNV44,882095,2018.0,Q4,2018-10-01,2018-12-31,,,,0.57,0.01,1013000000.0,3000000.0,3000000.0,3000000.0,,1570000000.0,5795000000.0,129000000.0,,1950000000.0,1131000000.0,1570000000.0,4225000000.0,257000000.0,3081000000.0,1144000000.0,-128000000.0,1016000000.0,5795000000.0,1298800000.0,1298000000.0,1308000000.0
Gilead Sciences Inc,GILD,549300WTZWR07K8MNV44,882095,2018.0,Q3,2018-07-01,2018-09-30,2019-11-05 17:16:04+00:00,1.62,1.62,0.57,1.6,565000000.0,2099000000.0,2099000000.0,2097000000.0,2000000.0,1086000000.0,5596000000.0,305000000.0,,939000000.0,948000000.0,1086000000.0,4510000000.0,264000000.0,1887000000.0,2623000000.0,41000000.0,2664000000.0,5596000000.0,1294400000.0,1296000000.0,1307000000.0
Gilead Sciences Inc,GILD,549300WTZWR07K8MNV44,882095,2018.0,Q3YTD,2018-01-01,2018-09-30,,4.2,4.2,1.71,4.16,1326000000.0,5457000000.0,5457000000.0,5452000000.0,5000000.0,3283000000.0,16332000000.0,547000000.0,,3068000000.0,2925000000.0,3283000000.0,13049000000.0,820000000.0,5993000000.0,7056000000.0,-273000000.0,6783000000.0,16332000000.0,1294400000.0,1296000000.0,1307000000.0
Gilead Sciences Inc,GILD,549300WTZWR07K8MNV44,882095,2018.0,Q3TTM,2017-10-01,2018-09-30,,1.24,1.24,2.23,1.23,7288000000.0,1621000000.0,1621000000.0,1587000000.0,34000000.0,4539000000.0,22409000000.0,679000000.0,-128000000.0,4218000000.0,4177000000.0,4539000000.0,17742000000.0,1117000000.0,8395000000.0,9347000000.0,-438000000.0,8909000000.0,22281000000.0,1294400000.0,1296000000.0,1307000000.0
Gilead Sciences Inc,GILD,549300WTZWR07K8MNV44,882095,2018.0,Q2,2018-04-01,2018-06-30,2019-08-06 16:26:19+00:00,1.4,1.4,0.57,1.39,267000000.0,1819000000.0,1819000000.0,1817000000.0,2000000.0,1196000000.0,5648000000.0,72000000.0,,1192000000.0,980000000.0,1196000000.0,4452000000.0,266000000.0,2172000000.0,2280000000.0,-194000000.0,2086000000.0,5648000000.0,1297900000.0,1298000000.0,1308000000.0
Gilead Sciences Inc,GILD,549300WTZWR07K8MNV44,882095,2018.0,Q2YTD,2018-01-01,2018-06-30,,2.58,2.58,1.14,2.56,761000000.0,3358000000.0,3358000000.0,3355000000.0,3000000.0,2197000000.0,10736000000.0,242000000.0,,2129000000.0,1977000000.0,2197000000.0,8539000000.0,556000000.0,4106000000.0,4433000000.0,-314000000.0,4119000000.0,10736000000.0,1297900000.0,1298000000.0,1308000000.0
Gilead Sciences Inc,GILD,549300WTZWR07K8MNV44,882095,2018.0,Q2TTM,2017-07-01,2018-06-30,,1.7,1.7,2.18,1.69,7682000000.0,2234000000.0,2234000000.0,2208000000.0,26000000.0,4485000000.0,23325000000.0,524000000.0,-128000000.0,4068000000.0,4108000000.0,4485000000.0,18712000000.0,1144000000.0,8176000000.0,10536000000.0,-620000000.0,9916000000.0,23197000000.0,1297900000.0,1298000000.0,1308000000.0
Gilead Sciences Inc,GILD,549300WTZWR07K8MNV44,882095,2018.0,Q1,2018-01-01,2018-03-31,2019-05-07 19:16:59+00:00,1.18,1.18,0.57,1.17,494000000.0,1539000000.0,1539000000.0,1538000000.0,1000000.0,1001000000.0,5088000000.0,170000000.0,,937000000.0,997000000.0,1001000000.0,4087000000.0,290000000.0,1934000000.0,2153000000.0,-120000000.0,2033000000.0,5088000000.0,1303400000.0,1307000000.0,1320000000.0
Gilead Sciences Inc,GILD,549300WTZWR07K8MNV44,882095,2018.0,Q1TTM,2017-04-01,2018-03-31,,2.65,2.65,2.13,2.63,8461000000.0,3484000000.0,3484000000.0,3464000000.0,20000000.0,4415000000.0,24818000000.0,582000000.0,-128000000.0,3740000000.0,4025000000.0,4415000000.0,20275000000.0,1147000000.0,7765000000.0,12510000000.0,-565000000.0,11945000000.0,24690000000.0,1303400000.0,1307000000.0,1320000000.0
Gilead Sciences Inc,GILD,549300WTZWR07K8MNV44,882095,2019.0,Q4,2019-10-01,2019-12-31,,2.13,2.13,0.63,2.13,-788000000.0,2689000000.0,2689000000.0,2696000000.0,-7000000.0,1683000000.0,5879000000.0,1051000000.0,,1899000000.0,1204000000.0,1683000000.0,4196000000.0,243000000.0,3103000000.0,1093000000.0,808000000.0,1901000000.0,5879000000.0,1270300000.0,1270000000.0,1277000000.0
Gilead Sciences Inc,GILD,549300WTZWR07K8MNV44,882095,2019.0,FY,2019-01-01,2019-12-31,2020-02-24 17:38:25+00:00,4.24,4.24,2.52,4.22,-204000000.0,5364000000.0,5364000000.0,5386000000.0,-22000000.0,4675000000.0,22449000000.0,1868000000.0,,9106000000.0,4381000000.0,4675000000.0,17774000000.0,995000000.0,13487000000.0,4287000000.0,873000000.0,5160000000.0,22449000000.0,1270300000.0,1270000000.0,1277000000.0
Gilead Sciences Inc,GILD,549300WTZWR07K8MNV44,882095,2019.0,Q3YTD,2019-01-01,2019-09-30,,2.11,2.11,1.89,2.09,584000000.0,2675000000.0,2675000000.0,2690000000.0,-15000000.0,2992000000.0,16570000000.0,817000000.0,,7207000000.0,3177000000.0,2992000000.0,13578000000.0,752000000.0,10384000000.0,3194000000.0,65000000.0,3259000000.0,16570000000.0,1266300000.0,1267000000.0,1267000000.0
Gilead Sciences Inc,GILD,549300WTZWR07K8MNV44,882095,2019.0,Q3TTM,2018-10-01,2019-09-30,,2.11,2.11,2.46,2.1,1597000000.0,2678000000.0,2678000000.0,2693000000.0,-15000000.0,4562000000.0,22365000000.0,946000000.0,,9157000000.0,4308000000.0,4562000000.0,17803000000.0,1009000000.0,13465000000.0,4338000000.0,-63000000.0,4275000000.0,22365000000.0,1266300000.0,1267000000.0,1267000000.0
Gilead Sciences Inc,GILD,549300WTZWR07K8MNV44,882095,2019.0,Q3,2019-07-01,2019-09-30,2019-11-05 17:16:04+00:00,-0.92,-0.92,0.63,-0.92,-333000000.0,-1168000000.0,-1168000000.0,-1165000000.0,-3000000.0,1035000000.0,5604000000.0,222000000.0,,4990000000.0,1052000000.0,1035000000.0,4569000000.0,250000000.0,6042000000.0,-1473000000.0,-28000000.0,-1501000000.0,5604000000.0,1266300000.0,1267000000.0,1267000000.0
Gilead Sciences Inc,GILD,549300WTZWR07K8MNV44,882095,2019.0,Q2YTD,2019-01-01,2019-06-30,,3.03,3.03,1.26,3.01,917000000.0,3843000000.0,3843000000.0,3855000000.0,-12000000.0,1957000000.0,10966000000.0,595000000.0,,2217000000.0,2125000000.0,1957000000.0,9009000000.0,502000000.0,4342000000.0,4667000000.0,93000000.0,4760000000.0,10966000000.0,1270300000.0,1270000000.0,1277000000.0
Gilead Sciences Inc,GILD,549300WTZWR07K8MNV44,882095,2019.0,Q2TTM,2018-07-01,2019-06-30,,4.65,4.65,2.4,4.62,2495000000.0,5945000000.0,5945000000.0,5955000000.0,-10000000.0,4613000000.0,22357000000.0,1029000000.0,,5106000000.0,4204000000.0,4613000000.0,17744000000.0,1023000000.0,9310000000.0,8434000000.0,6000000.0,8440000000.0,22357000000.0,1270300000.0,1270000000.0,1277000000.0
Gilead Sciences Inc,GILD,549300WTZWR07K8MNV44,882095,2019.0,Q2,2019-04-01,2019-06-30,2019-08-06 16:26:19+00:00,1.48,1.48,0.63,1.47,535000000.0,1875000000.0,1875000000.0,1880000000.0,-5000000.0,1000000000.0,5685000000.0,228000000.0,,1160000000.0,1095000000.0,1000000000.0,4685000000.0,248000000.0,2255000000.0,2430000000.0,-20000000.0,2410000000.0,5685000000.0,1270300000.0,1270000000.0,1277000000.0
Gilead Sciences Inc,GILD,549300WTZWR07K8MNV44,882095,2019.0,Q1,2019-01-01,2019-03-31,2020-05-05 19:03:19+00:00,1.55,1.55,0.63,1.54,382000000.0,1968000000.0,1968000000.0,1975000000.0,-7000000.0,957000000.0,5281000000.0,367000000.0,,1057000000.0,1030000000.0,957000000.0,4324000000.0,254000000.0,2087000000.0,2237000000.0,113000000.0,2350000000.0,5281000000.0,1274200000.0,1276000000.0,1283000000.0
Gilead Sciences Inc,GILD,549300WTZWR07K8MNV44,882095,2019.0,Q1TTM,2018-04-01,2019-03-31,,4.57,4.57,2.34,4.54,2227000000.0,5889000000.0,5889000000.0,5892000000.0,-3000000.0,4809000000.0,22320000000.0,873000000.0,,5138000000.0,4089000000.0,4809000000.0,17511000000.0,1041000000.0,9227000000.0,8284000000.0,-168000000.0,8116000000.0,22320000000.0,1274200000.0,1276000000.0,1283000000.0
Gilead Sciences Inc,GILD,549300WTZWR07K8MNV44,882095,2020.0,Q1TTM,2019-04-01,2020-03-31,,3.92,3.92,2.57,3.9,-121000000.0,4934000000.0,4934000000.0,4962000000.0,-28000000.0,4687000000.0,22716000000.0,1343000000.0,,9150000000.0,4427000000.0,4687000000.0,18029000000.0,982000000.0,13577000000.0,4452000000.0,361000000.0,4813000000.0,22716000000.0,1261000000.0,1262000000.0,1270000000.0
Gilead Sciences Inc,GILD,549300WTZWR07K8MNV44,882095,2020.0,Q1,2020-01-01,2020-03-31,2020-05-05 19:03:19+00:00,1.23,1.23,0.68,1.22,465000000.0,1538000000.0,1538000000.0,1551000000.0,-13000000.0,969000000.0,5548000000.0,-158000000.0,,1101000000.0,1076000000.0,969000000.0,4579000000.0,241000000.0,2177000000.0,2402000000.0,-399000000.0,2003000000.0,5548000000.0,1261000000.0,1262000000.0,1270000000.0
