company_name,company_ticker,company_lei,company_cik,year,quarter,start_date,end_date,filing_date,basicdilutedeps,basiceps,cashdividendspershare,depreciationexpense,dilutedeps,impairmentexpense,incometaxexpense,netincome,netincomecontinuing,netincomediscontinued,netincometocommon,netincometononcontrollinginterest,operatingcostofrevenue,operatingrevenue,otheradjustmentstoconsolidatednetincome,otheradjustmentstonetincometocommon,othergains,otherincome,otheroperatingexpenses,otherrevenue,otherspecialcharges,preferreddividends,restructuringcharge,sgaexpense,totalcostofrevenue,totalgrossprofit,totalinterestexpense,totalinterestincome,totaloperatingexpenses,totaloperatingincome,totalotherincome,totalpretaxincome,totalrevenue,weightedavebasicdilutedsharesos,weightedavebasicsharesos,weightedavedilutedsharesos
Peabody Energy Corp,BTU,EJCO258LNNVSKAR2JX59,1064728,2007.0,FY,2007-01-01,2007-12-31,2010-02-24 17:14:10+00:00,0.99,0.99,0.24,346300000.0,0.97,,-70700000.0,261500000.0,441600000.0,-180100000.0,263800000.0,-2300000.0,3510100000.0,4313900000.0,,,,,23700000.0,209900000.0,-88600000.0,,,147100000.0,3510100000.0,1013700000.0,235800000.0,21500000.0,428500000.0,585200000.0,-214300000.0,370900000.0,4523800000.0,266500000.0,266500000.0,272000000.0
Peabody Energy Corp,BTU,EJCO258LNNVSKAR2JX59,1064728,2008.0,FY,2008-01-01,2008-12-31,2011-02-28 11:25:23+00:00,3.52,3.52,0.24,402400000.0,3.5,,191400000.0,959100000.0,987900000.0,-28800000.0,952900000.0,6200000.0,4589700000.0,6004000000.0,,,,,48200000.0,557000000.0,-72900000.0,,,197300000.0,4589700000.0,1971300000.0,227000000.0,10000000.0,575000000.0,1396300000.0,-217000000.0,1179300000.0,6561000000.0,268900000.0,268900000.0,268900000.0
Peabody Energy Corp,BTU,EJCO258LNNVSKAR2JX59,1064728,2008.0,Q3,2008-07-01,2008-09-30,2009-11-06 11:05:50+00:00,1.36,1.36,0.06,101700000.0,1.35,,62500000.0,371800000.0,383200000.0,-11400000.0,369500000.0,2300000.0,1232900000.0,1744200000.0,,,,,15500000.0,145400000.0,-4800000.0,,,44200000.0,1232900000.0,656700000.0,54400000.0,0.0,156600000.0,500100000.0,-54400000.0,445700000.0,1889600000.0,271700000.0,271700000.0,273700000.0
Peabody Energy Corp,BTU,EJCO258LNNVSKAR2JX59,1064728,2008.0,Q2,2008-04-01,2008-06-30,2009-08-07 11:38:14+00:00,0.86,0.86,0.06,92800000.0,0.85,,45400000.0,235800000.0,244300000.0,-8500000.0,233300000.0,2500000.0,1044200000.0,1418900000.0,,,,,9000000.0,108000000.0,-3600000.0,,,43100000.0,1044200000.0,482700000.0,57900000.0,6200000.0,141300000.0,341400000.0,-51700000.0,289700000.0,1526900000.0,271300000.0,271300000.0,274500000.0
Peabody Energy Corp,BTU,EJCO258LNNVSKAR2JX59,1064728,2009.0,Q4,2009-10-01,2009-12-31,,0.34,0.34,0.07,95000000.0,0.34,,20600000.0,95000000.0,98800000.0,-3800000.0,92200000.0,2800000.0,1026100000.0,1279600000.0,,,,,8100000.0,109200000.0,-7000000.0,,,53200000.0,1026100000.0,362700000.0,49500000.0,-44500000.0,149300000.0,213400000.0,-94000000.0,119400000.0,1388800000.0,265500000.0,265500000.0,265500000.0
Peabody Energy Corp,BTU,EJCO258LNNVSKAR2JX59,1064728,2009.0,FY,2009-01-01,2009-12-31,2012-02-27 12:31:55+00:00,1.68,1.68,0.25,400500000.0,1.66,,186200000.0,463000000.0,443200000.0,19800000.0,448200000.0,14800000.0,4339200000.0,5303100000.0,,,,,39900000.0,543900000.0,-23200000.0,,0.0,199100000.0,4339200000.0,1507800000.0,201100000.0,-61000000.0,616300000.0,891500000.0,-262100000.0,629400000.0,5847000000.0,265500000.0,265500000.0,265500000.0
Peabody Energy Corp,BTU,EJCO258LNNVSKAR2JX59,1064728,2009.0,Q3YTD,2009-01-01,2009-09-30,,1.34,1.34,0.18,305500000.0,1.32,,165600000.0,368000000.0,344400000.0,23600000.0,356000000.0,12000000.0,3313100000.0,4023500000.0,,,,,31800000.0,434700000.0,-16200000.0,,,145900000.0,3313100000.0,1145100000.0,151600000.0,-16500000.0,467000000.0,678100000.0,-168100000.0,510000000.0,4458200000.0,265700000.0,265700000.0,265700000.0
Peabody Energy Corp,BTU,EJCO258LNNVSKAR2JX59,1064728,2009.0,Q3,2009-07-01,2009-09-30,2010-11-05 12:24:14+00:00,0.4,0.4,0.06,108000000.0,0.4,,57000000.0,110800000.0,113200000.0,-2400000.0,106800000.0,4000000.0,1262500000.0,1537000000.0,,,,,12800000.0,130000000.0,-2800000.0,,,54200000.0,1262500000.0,404500000.0,52300000.0,-9800000.0,172200000.0,232300000.0,-62100000.0,170200000.0,1667000000.0,265700000.0,265700000.0,265700000.0
Peabody Energy Corp,BTU,EJCO258LNNVSKAR2JX59,1064728,2009.0,Q2YTD,2009-01-01,2009-06-30,,0.94,0.94,0.12,197500000.0,0.92,,108600000.0,257200000.0,231200000.0,26000000.0,249200000.0,8000000.0,2050600000.0,2486500000.0,,,,,19000000.0,304700000.0,-13400000.0,,,91700000.0,2050600000.0,740600000.0,99300000.0,-6700000.0,294800000.0,445800000.0,-106000000.0,339800000.0,2791200000.0,265300000.0,265300000.0,265300000.0
Peabody Energy Corp,BTU,EJCO258LNNVSKAR2JX59,1064728,2009.0,Q2,2009-04-01,2009-06-30,2010-08-06 11:55:52+00:00,0.3,0.3,0.06,101200000.0,0.29,,78400000.0,82000000.0,90000000.0,-8000000.0,79200000.0,2800000.0,969900000.0,1206500000.0,,,,,9600000.0,131700000.0,-10100000.0,,,45600000.0,969900000.0,368300000.0,48200000.0,-5400000.0,146300000.0,222000000.0,-53600000.0,168400000.0,1338200000.0,265300000.0,265300000.0,265300000.0
Peabody Energy Corp,BTU,EJCO258LNNVSKAR2JX59,1064728,2009.0,Q1,2009-01-01,2009-03-31,2010-05-07 17:27:48+00:00,0.64,0.64,0.06,96300000.0,0.63,,30200000.0,175200000.0,141200000.0,34000000.0,170000000.0,5200000.0,1080700000.0,1280000000.0,,,,,9400000.0,173000000.0,-3300000.0,,,46100000.0,1080700000.0,372300000.0,51100000.0,-1300000.0,148500000.0,223800000.0,-52400000.0,171400000.0,1453000000.0,265600000.0,265600000.0,269800000.0
Peabody Energy Corp,BTU,EJCO258LNNVSKAR2JX59,1064728,2010.0,Q4,2010-10-01,2010-12-31,,0.77,0.77,0.08,531700000.0,0.75,,370200000.0,1017200000.0,1060600000.0,-43400000.0,1811000000.0,33200000.0,5748700000.0,1521300000.0,,-827000000.0,,6668200000.0,61500000.0,105200000.0,-44400000.0,,,300800000.0,5748700000.0,-4122200000.0,273900000.0,8300000.0,849600000.0,-4971800000.0,6402600000.0,1430800000.0,1626500000.0,824700000.0,824700000.0,836300000.0
Peabody Energy Corp,BTU,EJCO258LNNVSKAR2JX59,1064728,2010.0,FY,2010-01-01,2010-12-31,2013-02-25 15:03:00+00:00,2.88,2.88,0.295,859000000.0,2.84,,627400000.0,1604400000.0,1650000000.0,-45600000.0,2375000000.0,56400000.0,9275400000.0,6139600000.0,,-827000000.0,,6668200000.0,91800000.0,528600000.0,-59800000.0,,0.0,464400000.0,9275400000.0,-2607200000.0,444000000.0,15800000.0,1355400000.0,-3962600000.0,6240000000.0,2277400000.0,6668200000.0,824700000.0,824700000.0,836300000.0
Peabody Energy Corp,BTU,EJCO258LNNVSKAR2JX59,1064728,2010.0,Q3YTD,2010-01-01,2010-09-30,,2.11,2.11,0.21,327300000.0,2.09,,257200000.0,587200000.0,589400000.0,-2200000.0,564000000.0,23200000.0,3526700000.0,4618300000.0,,,,,30300000.0,423400000.0,-15400000.0,,,163600000.0,3526700000.0,1515000000.0,170100000.0,7500000.0,505800000.0,1009200000.0,-162600000.0,846600000.0,5041700000.0,267100000.0,267100000.0,267100000.0
Peabody Energy Corp,BTU,EJCO258LNNVSKAR2JX59,1064728,2010.0,Q3TTM,2009-10-01,2010-09-30,,2.45,2.45,0.28,422300000.0,2.43,,277800000.0,682200000.0,688200000.0,-6000000.0,656200000.0,26000000.0,4552800000.0,5897900000.0,,,,,38400000.0,532600000.0,-22400000.0,,,216800000.0,4552800000.0,1877700000.0,219600000.0,-37000000.0,655100000.0,1222600000.0,-256600000.0,966000000.0,6430500000.0,267100000.0,267100000.0,267100000.0
Peabody Energy Corp,BTU,EJCO258LNNVSKAR2JX59,1064728,2010.0,Q3,2010-07-01,2010-09-30,2011-11-04 15:56:53+00:00,0.84,0.84,0.07,116700000.0,0.83,,147700000.0,236300000.0,237600000.0,-1300000.0,224100000.0,12200000.0,1243300000.0,1663400000.0,,,,,9900000.0,201300000.0,-6700000.0,,,54100000.0,1243300000.0,621400000.0,62200000.0,100000.0,174000000.0,447400000.0,-62100000.0,385300000.0,1864700000.0,267100000.0,267100000.0,267100000.0
Peabody Energy Corp,BTU,EJCO258LNNVSKAR2JX59,1064728,2010.0,Q2TTM,2009-07-01,2010-06-30,,2.01,2.01,0.27,413600000.0,2.0,,187100000.0,556700000.0,563800000.0,-7100000.0,538900000.0,17800000.0,4572000000.0,5771500000.0,,,,,41300000.0,461300000.0,-18500000.0,,,216900000.0,4572000000.0,1660800000.0,209700000.0,-46900000.0,653300000.0,1007500000.0,-256600000.0,750900000.0,6232800000.0,266600000.0,266600000.0,266600000.0
Peabody Energy Corp,BTU,EJCO258LNNVSKAR2JX59,1064728,2010.0,Q2,2010-04-01,2010-06-30,2011-08-05 14:53:46+00:00,0.77,0.77,0.07,105100000.0,0.76,,53400000.0,214200000.0,214700000.0,-500000.0,206200000.0,8000000.0,1174700000.0,1569800000.0,,,,,10900000.0,91600000.0,-1400000.0,,,54100000.0,1174700000.0,486700000.0,57900000.0,8000000.0,168700000.0,318000000.0,-49900000.0,268100000.0,1661400000.0,266600000.0,266600000.0,266600000.0
Peabody Energy Corp,BTU,EJCO258LNNVSKAR2JX59,1064728,2010.0,Q1TTM,2009-04-01,2010-03-31,,1.54,1.54,0.26,409700000.0,1.53,,212100000.0,424500000.0,439100000.0,-14600000.0,411900000.0,12600000.0,4367200000.0,5408200000.0,,,,,40000000.0,501400000.0,-27200000.0,,,208400000.0,4367200000.0,1542400000.0,200000000.0,-60300000.0,630900000.0,911500000.0,-260300000.0,651200000.0,5909600000.0,266500000.0,266500000.0,266500000.0
Peabody Energy Corp,BTU,EJCO258LNNVSKAR2JX59,1064728,2010.0,Q1,2010-01-01,2010-03-31,2011-05-06 17:15:49+00:00,0.5,0.5,0.07,105500000.0,0.5,,56100000.0,136700000.0,137100000.0,-400000.0,133700000.0,3000000.0,1108700000.0,1385100000.0,,,,,9500000.0,130500000.0,-7300000.0,,,55400000.0,1108700000.0,406900000.0,50000000.0,-600000.0,163100000.0,243800000.0,-50600000.0,193200000.0,1515600000.0,266500000.0,266500000.0,266500000.0
Peabody Energy Corp,BTU,EJCO258LNNVSKAR2JX59,1064728,2011.0,Q4,2011-10-01,2011-12-31,,0.81,0.81,0.08,154100000.0,0.82,,125100000.0,193900000.0,219200000.0,-25300000.0,222300000.0,-28400000.0,1485300000.0,1945500000.0,,,,,9000000.0,246200000.0,-45500000.0,,85200000.0,76800000.0,1485300000.0,706400000.0,79500000.0,-3000000.0,279600000.0,426800000.0,-82500000.0,344300000.0,2191700000.0,269100000.0,269100000.0,269100000.0
Peabody Energy Corp,BTU,EJCO258LNNVSKAR2JX59,1064728,2011.0,FY,2011-01-01,2011-12-31,2014-02-21 15:32:17+00:00,3.53,3.53,0.34,474300000.0,3.52,,363200000.0,946300000.0,1012800000.0,-66500000.0,957700000.0,-11400000.0,5477600000.0,7013000000.0,,,,,52600000.0,882900000.0,-76900000.0,,85200000.0,268200000.0,5477600000.0,2418300000.0,238600000.0,-300000.0,803400000.0,1614900000.0,-238900000.0,1376000000.0,7895900000.0,269100000.0,269100000.0,269100000.0
Peabody Energy Corp,BTU,EJCO258LNNVSKAR2JX59,1064728,2011.0,Q3YTD,2011-01-01,2011-09-30,,2.72,2.72,0.26,320200000.0,2.7,,238100000.0,752400000.0,793600000.0,-41200000.0,735400000.0,17000000.0,3992300000.0,5067500000.0,,,,,43600000.0,636700000.0,-31400000.0,,,191400000.0,3992300000.0,1711900000.0,159100000.0,2700000.0,523800000.0,1188100000.0,-156400000.0,1031700000.0,5704200000.0,269200000.0,269200000.0,269200000.0
Peabody Energy Corp,BTU,EJCO258LNNVSKAR2JX59,1064728,2011.0,Q3TTM,2010-10-01,2011-09-30,,3.49,3.49,0.34,851900000.0,3.45,,608300000.0,1769600000.0,1854200000.0,-84600000.0,2546400000.0,50200000.0,9741000000.0,6588800000.0,,-827000000.0,,6668200000.0,105100000.0,741900000.0,-75800000.0,,,492200000.0,9741000000.0,-2410300000.0,433000000.0,11000000.0,1373400000.0,-3783700000.0,6246200000.0,2462500000.0,7330700000.0,269200000.0,269200000.0,269200000.0
Peabody Energy Corp,BTU,EJCO258LNNVSKAR2JX59,1064728,2011.0,Q3,2011-07-01,2011-09-30,2012-11-07 12:37:45+00:00,1.01,1.01,0.085,108400000.0,1.0,,39200000.0,281500000.0,291200000.0,-9700000.0,274100000.0,7400000.0,1399400000.0,1682200000.0,,,,,14600000.0,298400000.0,-1700000.0,,,71200000.0,1399400000.0,581200000.0,59200000.0,900000.0,192500000.0,388700000.0,-58300000.0,330400000.0,1980600000.0,269200000.0,269200000.0,269200000.0
Peabody Energy Corp,BTU,EJCO258LNNVSKAR2JX59,1064728,2011.0,Q2YTD,2011-01-01,2011-06-30,,1.71,1.71,0.17,211800000.0,1.7,,198900000.0,470900000.0,502400000.0,-31500000.0,461300000.0,9600000.0,2592900000.0,3385300000.0,,,,,29000000.0,338300000.0,-29700000.0,,,120200000.0,2592900000.0,1130700000.0,99900000.0,1800000.0,331300000.0,799400000.0,-98100000.0,701300000.0,3723600000.0,269000000.0,269000000.0,269000000.0
Peabody Energy Corp,BTU,EJCO258LNNVSKAR2JX59,1064728,2011.0,Q2TTM,2010-07-01,2011-06-30,,3.32,3.32,0.33,860200000.0,3.28,,716800000.0,1724400000.0,1800600000.0,-76200000.0,2496400000.0,55000000.0,9584900000.0,6570000000.0,,-827000000.0,,6668200000.0,100400000.0,644800000.0,-80800000.0,,,475100000.0,9584900000.0,-2370100000.0,436000000.0,10200000.0,1354900000.0,-3725000000.0,6242400000.0,2517400000.0,7214800000.0,269000000.0,269000000.0,269000000.0
Peabody Energy Corp,BTU,EJCO258LNNVSKAR2JX59,1064728,2011.0,Q2,2011-04-01,2011-06-30,2012-08-03 10:32:15+00:00,1.05,1.05,0.085,104100000.0,1.05,,126100000.0,292200000.0,307800000.0,-15600000.0,284800000.0,7400000.0,1345700000.0,1773300000.0,,,,,15700000.0,207200000.0,-25700000.0,,,58600000.0,1345700000.0,634800000.0,48900000.0,700000.0,152700000.0,482100000.0,-48200000.0,433900000.0,1980500000.0,269000000.0,269000000.0,269000000.0
Peabody Energy Corp,BTU,EJCO258LNNVSKAR2JX59,1064728,2011.0,Q1TTM,2010-04-01,2011-03-31,,3.04,3.04,0.31,861200000.0,2.99,,644100000.0,1646400000.0,1707500000.0,-61100000.0,2417800000.0,55600000.0,9413900000.0,6366500000.0,,-827000000.0,,6668200000.0,95600000.0,529200000.0,-56500000.0,,,470600000.0,9413900000.0,-2518200000.0,445000000.0,17500000.0,1370900000.0,-3889100000.0,6240700000.0,2351600000.0,6895700000.0,268900000.0,268900000.0,268900000.0
Peabody Energy Corp,BTU,EJCO258LNNVSKAR2JX59,1064728,2011.0,Q1,2011-01-01,2011-03-31,2012-05-04 15:12:11+00:00,0.66,0.66,0.085,107700000.0,0.65,,72800000.0,178700000.0,194600000.0,-15900000.0,176500000.0,2200000.0,1247200000.0,1612000000.0,,,,,13300000.0,131100000.0,-4000000.0,,,61600000.0,1247200000.0,495900000.0,51000000.0,1100000.0,178600000.0,317300000.0,-49900000.0,267400000.0,1743100000.0,268900000.0,268900000.0,268900000.0
Peabody Energy Corp,BTU,EJCO258LNNVSKAR2JX59,1064728,2012.0,Q4,2012-10-01,2012-12-31,,-3.73,-3.73,0.08,-135100000.0,-3.73,-15400000.0,165700000.0,-1252200000.0,-1328700000.0,76500000.0,-1545100000.0,1400000.0,-1423700000.0,1759700000.0,,291500000.0,,-4039900000.0,-24600000.0,257200000.0,-5900000.0,,929000000.0,-65000000.0,-1423700000.0,3440600000.0,-109000000.0,10300000.0,683000000.0,2757600000.0,-3920600000.0,-1163000000.0,2016900000.0,268000000.0,268000000.0,268000000.0
Peabody Energy Corp,BTU,EJCO258LNNVSKAR2JX59,1064728,2012.0,FY,2012-01-01,2012-12-31,2015-02-25 16:29:09+00:00,-2.19,-2.19,0.34,663400000.0,-2.19,,262300000.0,-575100000.0,-470900000.0,-104200000.0,-585700000.0,10600000.0,5932700000.0,7041700000.0,,,,,67000000.0,1035800000.0,-17100000.0,,929000000.0,268800000.0,5932700000.0,2144800000.0,405600000.0,-36700000.0,1911100000.0,233700000.0,-442300000.0,-208600000.0,8077500000.0,268000000.0,268000000.0,268000000.0
Peabody Energy Corp,BTU,EJCO258LNNVSKAR2JX59,1064728,2012.0,Q3YTD,2012-01-01,2012-09-30,,1.54,1.54,0.26,798500000.0,1.54,15400000.0,96600000.0,677100000.0,857800000.0,-180700000.0,959400000.0,9200000.0,7356400000.0,5282000000.0,,-291500000.0,,4039900000.0,91600000.0,778600000.0,-11200000.0,,,333800000.0,7356400000.0,-1295800000.0,514600000.0,-47000000.0,1228100000.0,-2523900000.0,3478300000.0,954400000.0,6060600000.0,1267500000.0,1267500000.0,1267500000.0
Peabody Energy Corp,BTU,EJCO258LNNVSKAR2JX59,1064728,2012.0,Q3TTM,2011-10-01,2012-09-30,,2.35,2.35,0.34,952600000.0,2.36,15400000.0,221700000.0,871000000.0,1077000000.0,-206000000.0,1181700000.0,-19200000.0,8841700000.0,7227500000.0,,-291500000.0,,4039900000.0,100600000.0,1024800000.0,-56700000.0,,85200000.0,410600000.0,8841700000.0,-589400000.0,594100000.0,-50000000.0,1507700000.0,-2097100000.0,3395800000.0,1298700000.0,8252300000.0,1267500000.0,1267500000.0,1267500000.0
Peabody Energy Corp,BTU,EJCO258LNNVSKAR2JX59,1064728,2012.0,Q3,2012-07-01,2012-09-30,2013-11-08 10:43:44+00:00,0.16,0.16,0.085,345000000.0,0.16,15400000.0,98600000.0,83200000.0,245800000.0,-162600000.0,202800000.0,-2600000.0,3002600000.0,1797200000.0,,-117000000.0,,2058800000.0,42200000.0,261600000.0,-400000.0,,,137400000.0,3002600000.0,-943800000.0,198800000.0,-32200000.0,539600000.0,-1483400000.0,1827800000.0,344400000.0,2058800000.0,1267500000.0,1267500000.0,1267500000.0
Peabody Energy Corp,BTU,EJCO258LNNVSKAR2JX59,1064728,2012.0,Q2YTD,2012-01-01,2012-06-30,,1.38,1.38,0.17,453500000.0,1.38,,-2000000.0,593900000.0,612000000.0,-18100000.0,756600000.0,11800000.0,4353800000.0,3484800000.0,,-174500000.0,,1981100000.0,49400000.0,517000000.0,-10800000.0,,,196400000.0,4353800000.0,-352000000.0,315800000.0,-14800000.0,688500000.0,-1040500000.0,1650500000.0,610000000.0,4001800000.0,778500000.0,778500000.0,778500000.0
Peabody Energy Corp,BTU,EJCO258LNNVSKAR2JX59,1064728,2012.0,Q2TTM,2011-07-01,2012-06-30,,3.2,3.2,0.34,716000000.0,3.2,,162300000.0,1069300000.0,1122400000.0,-53100000.0,1253000000.0,-9200000.0,7238500000.0,7112500000.0,,-174500000.0,,1981100000.0,73000000.0,1061600000.0,-58000000.0,,85200000.0,344400000.0,7238500000.0,935600000.0,454500000.0,-16900000.0,1160600000.0,-225000000.0,1509700000.0,1284700000.0,8174100000.0,778500000.0,778500000.0,778500000.0
Peabody Energy Corp,BTU,EJCO258LNNVSKAR2JX59,1064728,2012.0,Q2,2012-04-01,2012-06-30,2013-08-08 16:27:56+00:00,0.75,0.75,0.085,310600000.0,0.75,0.0,-76400000.0,415600000.0,429000000.0,-13400000.0,583900000.0,6200000.0,2932000000.0,1699700000.0,,-174500000.0,,1981100000.0,34400000.0,281400000.0,-6800000.0,,,125400000.0,2932000000.0,-950900000.0,213800000.0,-200000.0,463600000.0,-1414500000.0,1767100000.0,352600000.0,1981100000.0,778500000.0,778500000.0,778500000.0
Peabody Energy Corp,BTU,EJCO258LNNVSKAR2JX59,1064728,2012.0,Q1TTM,2011-04-01,2012-03-31,,3.5,3.5,0.34,509500000.0,3.5,,364800000.0,945900000.0,1001200000.0,-55300000.0,953900000.0,-8000000.0,5652200000.0,7186100000.0,,,,,54300000.0,987400000.0,-76900000.0,,85200000.0,277600000.0,5652200000.0,2521300000.0,289600000.0,-16000000.0,849700000.0,1671600000.0,-305600000.0,1366000000.0,8173500000.0,270100000.0,270100000.0,270100000.0
Peabody Energy Corp,BTU,EJCO258LNNVSKAR2JX59,1064728,2012.0,Q1,2012-01-01,2012-03-31,2013-05-08 12:24:49+00:00,0.63,0.63,0.085,142900000.0,0.63,,74400000.0,178300000.0,183000000.0,-4700000.0,172700000.0,5600000.0,1421800000.0,1785100000.0,,,,,15000000.0,235600000.0,-4000000.0,,,71000000.0,1421800000.0,598900000.0,102000000.0,-14600000.0,224900000.0,374000000.0,-116600000.0,257400000.0,2020700000.0,270100000.0,270100000.0,270100000.0
Peabody Energy Corp,BTU,EJCO258LNNVSKAR2JX59,1064728,2013.0,FY,2013-01-01,2013-12-31,2016-03-15 21:04:02+00:00,-29.53,-29.53,5.1,740300000.0,-29.53,,-448300000.0,-512600000.0,-286000000.0,-226600000.0,-524900000.0,12300000.0,5729100000.0,6380000000.0,,,,,66500000.0,633700000.0,-22000000.0,,540200000.0,244200000.0,5729100000.0,1284600000.0,425200000.0,-24500000.0,1569200000.0,-284600000.0,-449700000.0,-734300000.0,7013700000.0,17800000.0,17800000.0,17800000.0
Peabody Energy Corp,BTU,EJCO258LNNVSKAR2JX59,1064728,2013.0,Q4,2013-10-01,2013-12-31,,-29.67,-29.67,4.85,26800000.0,-29.67,,-252400000.0,-541800000.0,-390800000.0,-151000000.0,-457500000.0,500000.0,1470400000.0,1592800000.0,,-84800000.0,,,-3200000.0,150000000.0,30500000.0,,518700000.0,-5000000.0,1470400000.0,272400000.0,-5000000.0,-352800000.0,567800000.0,-295400000.0,-347800000.0,-643200000.0,1742800000.0,17800000.0,17800000.0,17800000.0
Peabody Energy Corp,BTU,EJCO258LNNVSKAR2JX59,1064728,2013.0,Q3YTD,2013-01-01,2013-09-30,,0.14,0.14,0.26,713500000.0,0.14,,-195900000.0,29200000.0,104800000.0,-75600000.0,-67400000.0,11800000.0,4258700000.0,4787200000.0,,84800000.0,,,69700000.0,483700000.0,-52500000.0,,21500000.0,249200000.0,4258700000.0,1012200000.0,430200000.0,328300000.0,1001400000.0,10800000.0,-101900000.0,-91100000.0,5270900000.0,267200000.0,267200000.0,267200000.0
Peabody Energy Corp,BTU,EJCO258LNNVSKAR2JX59,1064728,2013.0,Q3TTM,2012-10-01,2013-09-30,,-3.59,-3.59,0.34,578400000.0,-3.59,-15400000.0,-30200000.0,-1223000000.0,-1223900000.0,900000.0,-1612500000.0,13200000.0,2835000000.0,6546900000.0,,376300000.0,,-4039900000.0,45100000.0,740900000.0,-58400000.0,,950500000.0,184200000.0,2835000000.0,4452800000.0,321200000.0,338600000.0,1684400000.0,2768400000.0,-4022500000.0,-1254100000.0,7287800000.0,267200000.0,267200000.0,267200000.0
Peabody Energy Corp,BTU,EJCO258LNNVSKAR2JX59,1064728,2013.0,Q3,2013-07-01,2013-09-30,2014-11-06 16:06:17+00:00,-0.1,-0.1,0.085,186400000.0,-0.1,,-18600000.0,-19100000.0,24000000.0,-43100000.0,-26100000.0,7000000.0,1432100000.0,1621400000.0,,,,,13400000.0,176200000.0,-4100000.0,,0.0,55000000.0,1432100000.0,365500000.0,111000000.0,1600000.0,250700000.0,114800000.0,-109400000.0,5400000.0,1797600000.0,267200000.0,267200000.0,267200000.0
Peabody Energy Corp,BTU,EJCO258LNNVSKAR2JX59,1064728,2013.0,Q2YTD,2013-01-01,2013-06-30,,0.24,0.24,0.17,527100000.0,0.24,,-177300000.0,48300000.0,80800000.0,-32500000.0,-41300000.0,4800000.0,2826600000.0,3165800000.0,,84800000.0,,,56300000.0,307500000.0,-48400000.0,,21500000.0,194200000.0,2826600000.0,646700000.0,319200000.0,326700000.0,750700000.0,-104000000.0,7500000.0,-96500000.0,3473300000.0,266900000.0,266900000.0,266900000.0
Peabody Energy Corp,BTU,EJCO258LNNVSKAR2JX59,1064728,2013.0,Q2TTM,2012-07-01,2013-06-30,,-3.33,-3.33,0.34,737000000.0,-3.33,,87000000.0,-1120700000.0,-1002100000.0,-118600000.0,-1383600000.0,3600000.0,4405500000.0,6722700000.0,,259300000.0,,-1981100000.0,73900000.0,826300000.0,-54700000.0,,950500000.0,266600000.0,4405500000.0,3143500000.0,409000000.0,304800000.0,1973300000.0,1170200000.0,-2085300000.0,-915100000.0,7549000000.0,266900000.0,266900000.0,266900000.0
Peabody Energy Corp,BTU,EJCO258LNNVSKAR2JX59,1064728,2013.0,Q2,2013-04-01,2013-06-30,2014-08-08 10:37:02+00:00,0.33,0.33,0.085,185700000.0,0.33,,-184700000.0,87100000.0,101400000.0,-14300000.0,90300000.0,-3200000.0,1437200000.0,1588600000.0,,,,,18300000.0,136700000.0,-43200000.0,,21500000.0,64000000.0,1437200000.0,288100000.0,110800000.0,-14300000.0,246300000.0,41800000.0,-125100000.0,-83300000.0,1725300000.0,266900000.0,266900000.0,266900000.0
Peabody Energy Corp,BTU,EJCO258LNNVSKAR2JX59,1064728,2013.0,Q1TTM,2012-04-01,2013-03-31,,-2.91,-2.91,0.34,861900000.0,-2.91,,195300000.0,-792200000.0,-674500000.0,-117700000.0,-890000000.0,13000000.0,5900300000.0,6833800000.0,,84800000.0,,,90000000.0,971000000.0,-18300000.0,,929000000.0,328000000.0,5900300000.0,1904500000.0,512000000.0,318900000.0,2190600000.0,-286100000.0,-193100000.0,-479200000.0,7804800000.0,1462200000.0,1462200000.0,1462200000.0
Peabody Energy Corp,BTU,EJCO258LNNVSKAR2JX59,1064728,2013.0,Q1,2013-01-01,2013-03-31,2014-05-12 11:14:10+00:00,-0.09,-0.09,0.085,341400000.0,-0.09,,7400000.0,-38800000.0,-20600000.0,-18200000.0,-131600000.0,8000000.0,1389400000.0,1577200000.0,,84800000.0,,,38000000.0,170800000.0,-5200000.0,,,130200000.0,1389400000.0,358600000.0,208400000.0,341000000.0,504400000.0,-145800000.0,132600000.0,-13200000.0,1748000000.0,1462200000.0,1462200000.0,1462200000.0
Peabody Energy Corp,BTU,EJCO258LNNVSKAR2JX59,1064728,2014.0,FY,2014-01-01,2014-12-31,2017-08-14 07:03:31+00:00,-41.08,-41.08,5.1,655700000.0,-41.08,,147400000.0,-723500000.0,-695300000.0,-28200000.0,-733200000.0,9700000.0,5716900000.0,6132700000.0,,,,0.0,81000000.0,659500000.0,-41400000.0,,180400000.0,227100000.0,5716900000.0,1075300000.0,428200000.0,-92200000.0,1102800000.0,-27500000.0,-520400000.0,-547900000.0,6792200000.0,17900000.0,17900000.0,17900000.0
Peabody Energy Corp,BTU,EJCO258LNNVSKAR2JX59,1064728,2014.0,Q4,2014-10-01,2014-12-31,,-32.46,-32.19,3.66,14600000.0,-32.19,,169000000.0,-415100000.0,-380700000.0,-34400000.0,-451900000.0,-2800000.0,1401200000.0,1513400000.0,,39600000.0,,,18900000.0,171100000.0,-5700000.0,,180400000.0,-4000000.0,1401200000.0,283300000.0,211300000.0,-79500000.0,204200000.0,79100000.0,-290800000.0,-211700000.0,1684500000.0,17900000.0,17900000.0,17900000.0
Peabody Energy Corp,BTU,EJCO258LNNVSKAR2JX59,1064728,2014.0,Q3,2014-07-01,2014-09-30,2016-03-08 17:37:53+00:00,-8.44,-8.44,1.275,163600000.0,-8.44,,79400000.0,-149000000.0,-154000000.0,5000000.0,-150600000.0,1600000.0,1453300000.0,1550500000.0,,,,,15000000.0,172400000.0,-13900000.0,,0.0,52900000.0,1453300000.0,269600000.0,114500000.0,-12100000.0,217600000.0,52000000.0,-126600000.0,-74600000.0,1722900000.0,17900000.0,17900000.0,17900000.0
Peabody Energy Corp,BTU,EJCO258LNNVSKAR2JX59,1064728,2014.0,Q3YTD,2014-01-01,2014-09-30,,-8.62,-8.89,1.44,641100000.0,-8.89,,-21600000.0,-308400000.0,-314600000.0,6200000.0,-281300000.0,12500000.0,4315700000.0,4619300000.0,,-39600000.0,,,62100000.0,488400000.0,-35700000.0,,,231100000.0,4315700000.0,792000000.0,216900000.0,-12700000.0,898600000.0,-106600000.0,-229600000.0,-336200000.0,5107700000.0,17900000.0,17900000.0,17900000.0
Peabody Energy Corp,BTU,EJCO258LNNVSKAR2JX59,1064728,2014.0,Q3TTM,2013-10-01,2014-09-30,,-38.29,-38.56,6.29,667900000.0,-38.56,,-274000000.0,-850200000.0,-705400000.0,-144800000.0,-738800000.0,13000000.0,5786100000.0,6212100000.0,,-124400000.0,,,58900000.0,638400000.0,-5200000.0,,518700000.0,226100000.0,5786100000.0,1064400000.0,211900000.0,-365500000.0,1466400000.0,-402000000.0,-577400000.0,-979400000.0,6850500000.0,17900000.0,17900000.0,17900000.0
Peabody Energy Corp,BTU,EJCO258LNNVSKAR2JX59,1064728,2014.0,Q2YTD,2014-01-01,2014-06-30,,-0.18,-0.45,0.17,477500000.0,-0.45,,-101000000.0,-159400000.0,-160600000.0,1200000.0,-130700000.0,10900000.0,2862400000.0,3068800000.0,,-39600000.0,,,47100000.0,316000000.0,-21800000.0,,,178200000.0,2862400000.0,522400000.0,102400000.0,-600000.0,681000000.0,-158600000.0,-103000000.0,-261600000.0,3384800000.0,,271500000.0,271500000.0
Peabody Energy Corp,BTU,EJCO258LNNVSKAR2JX59,1064728,2014.0,Q2TTM,2013-07-01,2014-06-30,,-29.95,-30.22,5.1,690700000.0,-30.22,,-372000000.0,-720300000.0,-527400000.0,-192900000.0,-614300000.0,18400000.0,5764900000.0,6283000000.0,,-124400000.0,,,57300000.0,642200000.0,4600000.0,,518700000.0,228200000.0,5764900000.0,1160300000.0,208400000.0,-351800000.0,1499500000.0,-339200000.0,-560200000.0,-899400000.0,6925200000.0,,271500000.0,271500000.0
Peabody Energy Corp,BTU,EJCO258LNNVSKAR2JX59,1064728,2014.0,Q2,2014-04-01,2014-06-30,2015-08-07 12:01:36+00:00,,-0.27,0.085,163100000.0,-0.27,,4000000.0,-71200000.0,-72000000.0,800000.0,-73300000.0,2100000.0,1467600000.0,1598600000.0,,,,,15900000.0,159400000.0,-2200000.0,,0.0,59200000.0,1467600000.0,290400000.0,105200000.0,-17200000.0,236000000.0,54400000.0,-122400000.0,-68000000.0,1758000000.0,,271500000.0,271500000.0
Peabody Energy Corp,BTU,EJCO258LNNVSKAR2JX59,1064728,2014.0,Q1TTM,2013-04-01,2014-03-31,,-29.62,-29.62,5.1,713300000.0,-29.62,,-560700000.0,-562000000.0,-354000000.0,-208000000.0,-450700000.0,13100000.0,5734500000.0,6273000000.0,,-124400000.0,,,59700000.0,619500000.0,-36400000.0,,540200000.0,233000000.0,5734500000.0,1158000000.0,214000000.0,-348900000.0,1509800000.0,-351800000.0,-562900000.0,-914700000.0,6892500000.0,318900000.0,318900000.0,318900000.0
Peabody Energy Corp,BTU,EJCO258LNNVSKAR2JX59,1064728,2014.0,Q1,2014-01-01,2014-03-31,2015-05-05 14:30:35+00:00,-0.18,-0.18,0.085,314400000.0,-0.18,,-105000000.0,-88200000.0,-88600000.0,400000.0,-57400000.0,8800000.0,1394800000.0,1470200000.0,,-39600000.0,,,31200000.0,156600000.0,-19600000.0,,,119000000.0,1394800000.0,232000000.0,-2800000.0,16600000.0,445000000.0,-213000000.0,19400000.0,-193600000.0,1626800000.0,318900000.0,318900000.0,318900000.0
Peabody Energy Corp,BTU,EJCO258LNNVSKAR2JX59,1064728,2015.0,Q3,2015-07-01,2015-09-30,2016-11-03 10:13:16+00:00,-16.73,-16.73,0.0,136000000.0,-16.73,0.0,6900000.0,-301900000.0,-144400000.0,-157500000.0,-304700000.0,2800000.0,1254000000.0,1277400000.0,,,,0.0,12300000.0,141500000.0,-7900000.0,,1800000.0,37800000.0,1254000000.0,164900000.0,118500000.0,-3900000.0,180000000.0,-15100000.0,-122400000.0,-137500000.0,1418900000.0,18200000.0,18200000.0,18200000.0
Peabody Energy Corp,BTU,EJCO258LNNVSKAR2JX59,1064728,2015.0,Q3YTD,2015-01-01,2015-09-30,,-74.32,-84.13,0.08,430600000.0,-84.13,900800000.0,-83200000.0,-1518700000.0,-1316000000.0,-202700000.0,-1526600000.0,7900000.0,3774400000.0,3922900000.0,,,,,40400000.0,373200000.0,-20200000.0,,23000000.0,128800000.0,3774400000.0,521700000.0,411800000.0,-5700000.0,1503400000.0,-981700000.0,-417500000.0,-1399200000.0,4296100000.0,18200000.0,18200000.0,18200000.0
Peabody Energy Corp,BTU,EJCO258LNNVSKAR2JX59,1064728,2015.0,Q3TTM,2014-10-01,2015-09-30,,-106.78,-116.32,3.73,445200000.0,-116.32,900800000.0,85800000.0,-1933800000.0,-1696700000.0,-237100000.0,-1978500000.0,5100000.0,5175600000.0,5436300000.0,,39600000.0,,,59300000.0,544300000.0,-25900000.0,,203400000.0,124800000.0,5175600000.0,805000000.0,623100000.0,-85200000.0,1707600000.0,-902600000.0,-708300000.0,-1610900000.0,5980600000.0,18200000.0,18200000.0,18200000.0
Peabody Energy Corp,BTU,EJCO258LNNVSKAR2JX59,1064728,2015.0,Q2,2015-04-01,2015-06-30,2016-08-08 17:23:26+00:00,-57.59,-57.59,0.0375,147100000.0,-57.59,900800000.0,-93100000.0,-1043500000.0,-1007200000.0,-36300000.0,-1045300000.0,1800000.0,1198800000.0,1226800000.0,,,,0.0,13900000.0,112500000.0,-12200000.0,,21200000.0,41600000.0,1198800000.0,140500000.0,127200000.0,-1200000.0,1112400000.0,-971900000.0,-128400000.0,-1100300000.0,1339300000.0,18200000.0,18200000.0,18200000.0
Peabody Energy Corp,BTU,EJCO258LNNVSKAR2JX59,1064728,2015.0,Q2YTD,2015-01-01,2015-06-30,,-57.59,-67.4,0.08,294600000.0,-67.4,900800000.0,-90100000.0,-1216800000.0,-1171600000.0,-45200000.0,-1221900000.0,5100000.0,2520400000.0,2645500000.0,,,,,28100000.0,231700000.0,-12300000.0,,21200000.0,91000000.0,2520400000.0,356800000.0,293300000.0,-1800000.0,1323400000.0,-966600000.0,-295100000.0,-1261700000.0,2877200000.0,18200000.0,18200000.0,18200000.0
Peabody Energy Corp,BTU,EJCO258LNNVSKAR2JX59,1064728,2015.0,Q2TTM,2014-07-01,2015-06-30,,-98.49,-108.03,5.0,472800000.0,-108.03,900800000.0,158300000.0,-1780900000.0,-1706300000.0,-74600000.0,-1824400000.0,3900000.0,5374900000.0,5709400000.0,,39600000.0,,,62000000.0,575200000.0,-31900000.0,,201600000.0,139900000.0,5374900000.0,909700000.0,619100000.0,-93400000.0,1745200000.0,-835500000.0,-712500000.0,-1548000000.0,6284600000.0,18200000.0,18200000.0,18200000.0
Peabody Energy Corp,BTU,EJCO258LNNVSKAR2JX59,1064728,2015.0,Q1,2015-01-01,2015-03-31,2016-05-06 16:43:29+00:00,,-9.81,0.0375,147500000.0,-9.81,,3000000.0,-173300000.0,-164400000.0,-8900000.0,-176600000.0,3300000.0,1321600000.0,1418700000.0,,,,,14200000.0,119200000.0,-100000.0,,0.0,49400000.0,1321600000.0,216300000.0,166100000.0,-600000.0,211000000.0,5300000.0,-166700000.0,-161400000.0,1537900000.0,,18000000.0,18000000.0
Peabody Energy Corp,BTU,EJCO258LNNVSKAR2JX59,1064728,2015.0,Q1TTM,2014-04-01,2015-03-31,,-40.9,-50.71,5.05,488800000.0,-50.71,,255400000.0,-808600000.0,-771100000.0,-37500000.0,-852400000.0,4200000.0,5643700000.0,6081200000.0,,39600000.0,,,64000000.0,622100000.0,-21900000.0,,180400000.0,157500000.0,5643700000.0,1059600000.0,597100000.0,-109400000.0,868800000.0,190800000.0,-706500000.0,-515700000.0,6703300000.0,,18000000.0,18000000.0
Peabody Energy Corp,BTU,EJCO258LNNVSKAR2JX59,1064728,2016.0,FY,2016-01-01,2016-12-31,2018-02-26 16:32:26+00:00,0.0,-39.87,0.0,465400000.0,-39.87,,-94500000.0,-721400000.0,0.0,-57600000.0,0.0,7900000.0,4107600000.0,4087900000.0,-663800000.0,-729300000.0,663800000.0,-159000000.0,41800000.0,627400000.0,-23200000.0,0.0,263400000.0,153400000.0,4107600000.0,607700000.0,328100000.0,21900000.0,900800000.0,-293100000.0,-465200000.0,-758300000.0,4715300000.0,,0.0,0.0
Peabody Energy Corp,BTU,EJCO258LNNVSKAR2JX59,1064728,2016.0,Q3,2016-07-01,2016-09-30,2017-11-03 16:09:19+00:00,-7.53,-7.53,0.0,117800000.0,-7.53,0.0,-10800000.0,-135800000.0,-97700000.0,-38100000.0,-137600000.0,1800000.0,1064800000.0,1207100000.0,,,,-29700000.0,12700000.0,,-1900000.0,0.0,300000.0,32100000.0,1064800000.0,142300000.0,58500000.0,-1600000.0,161000000.0,-18700000.0,-89800000.0,-108500000.0,1207100000.0,18300000.0,18300000.0,18300000.0
Peabody Energy Corp,BTU,EJCO258LNNVSKAR2JX59,1064728,2016.0,Q1,2016-01-01,2016-03-31,2017-08-14 07:12:05+00:00,-9.03,-9.35,0.0,111800000.0,-9.35,17200000.0,-59800000.0,-171100000.0,-167700000.0,-3400000.0,-171100000.0,0.0,920200000.0,879800000.0,,,,0.0,13100000.0,147400000.0,-1800000.0,,12100000.0,48300000.0,920200000.0,107000000.0,126200000.0,-7600000.0,200700000.0,-93700000.0,-133800000.0,-227500000.0,1027200000.0,18300000.0,18300000.0,18300000.0
Peabody Energy Corp,BTU,EJCO258LNNVSKAR2JX59,1064728,2017.0,Q3,2017-07-01,2017-09-30,2017-11-03 16:09:19+00:00,1.48,1.48,0.0,194500000.0,1.47,0.0,-84100000.0,230000000.0,233700000.0,-3700000.0,201400000.0,5100000.0,1044900000.0,1477200000.0,,,,0.0,11300000.0,,-400000.0,23500000.0,1100000.0,33400000.0,1044900000.0,432300000.0,55300000.0,12500000.0,239900000.0,192400000.0,-42800000.0,149600000.0,1477200000.0,136100000.0,136100000.0,137000000.0
Peabody Energy Corp,BTU,EJCO258LNNVSKAR2JX59,1064728,2017.0,Q3YTD,2017-01-01,2017-09-30,,1.48,1.27,,342800000.0,1.26,,-79400000.0,328700000.0,335100000.0,-6400000.0,181200000.0,8900000.0,1979700000.0,2536800000.0,,,,,22300000.0,198700000.0,-900000.0,138600000.0,1100000.0,67800000.0,1979700000.0,755800000.0,96700000.0,29700000.0,433100000.0,322700000.0,-67000000.0,255700000.0,2735500000.0,136100000.0,136100000.0,137000000.0
Peabody Energy Corp,BTU,EJCO258LNNVSKAR2JX59,1064728,2017.0,Q2,2017-04-02,2017-06-30,2017-08-14 07:21:05+00:00,0.0,-0.21,0.0,148300000.0,-0.21,0.0,4700000.0,98700000.0,101400000.0,-2700000.0,-20200000.0,3800000.0,934800000.0,1059600000.0,,,,0.0,11000000.0,198700000.0,-500000.0,115100000.0,0.0,34400000.0,934800000.0,323500000.0,41400000.0,17200000.0,193200000.0,130300000.0,-24200000.0,106100000.0,1258300000.0,,96200000.0,96200000.0
Peabody Energy Corp,BTU,EJCO258LNNVSKAR2JX59,1064728,2017.0,Q2YTD,2017-01-01,2017-06-30,,,-0.21,,148300000.0,-0.21,,4700000.0,98700000.0,101400000.0,-2700000.0,-20200000.0,3800000.0,934800000.0,1059600000.0,,,,,11000000.0,198700000.0,-500000.0,115100000.0,,34400000.0,934800000.0,323500000.0,41400000.0,17200000.0,193200000.0,130300000.0,-24200000.0,106100000.0,1258300000.0,,96200000.0,96200000.0
Peabody Energy Corp,BTU,EJCO258LNNVSKAR2JX59,1064728,2017.0,Q1,2017-01-01,2017-03-31,2018-05-10 06:12:33+00:00,0.0,0.0,0.0,0.0,0.0,0.0,0.0,0.0,0.0,0.0,0.0,0.0,0.0,0.0,,,,0.0,0.0,0.0,0.0,0.0,,0.0,,,0.0,0.0,,,,0.0,,,,
Peabody Energy Corp,BTU,EJCO258LNNVSKAR2JX59,1064728,2017.0,Q1TTM,2016-04-01,2017-03-31,,9.03,-30.52,,353600000.0,-30.52,-17200000.0,-34700000.0,-550300000.0,167700000.0,-54200000.0,171100000.0,7900000.0,3187400000.0,3208100000.0,-663800000.0,-729300000.0,663800000.0,-159000000.0,28700000.0,480000000.0,-21400000.0,,251300000.0,105100000.0,3187400000.0,500700000.0,201900000.0,29500000.0,700100000.0,-199400000.0,-331400000.0,-530800000.0,3688100000.0,,,
Peabody Energy Corp,BTU,EJCO258LNNVSKAR2JX59,1064728,2018.0,FY,2018-01-01,2018-12-31,2020-02-21 17:04:35+00:00,4.5,4.5,,679000000.0,4.43,0.0,18400000.0,663800000.0,645700000.0,18100000.0,544400000.0,16900000.0,4155900000.0,5581800000.0,,,,138300000.0,53000000.0,,-48200000.0,102500000.0,8600000.0,158100000.0,4155900000.0,1425900000.0,151300000.0,101700000.0,850500000.0,575400000.0,88700000.0,664100000.0,5581800000.0,119300000.0,119300000.0,119300000.0
Peabody Energy Corp,BTU,EJCO258LNNVSKAR2JX59,1064728,2018.0,Q4,2018-10-01,2018-12-31,,3.9,2.16,-0.36,175900000.0,2.12,,-12900000.0,260600000.0,233500000.0,27100000.0,252600000.0,8000000.0,1041400000.0,1569200000.0,,,,125500000.0,15100000.0,-172100000.0,1600000.0,,6100000.0,38400000.0,1041400000.0,355700000.0,36500000.0,13000000.0,237100000.0,118600000.0,102000000.0,220600000.0,1397100000.0,119300000.0,119300000.0,119300000.0
Peabody Energy Corp,BTU,EJCO258LNNVSKAR2JX59,1064728,2018.0,Q3,2018-07-01,2018-09-30,2019-11-05 17:06:24+00:00,0.6,0.6,0.125,169600000.0,0.59,0.0,13800000.0,79800000.0,83900000.0,-4100000.0,71500000.0,8300000.0,1101700000.0,1412600000.0,,,,0.0,12400000.0,,-20800000.0,0.0,2500000.0,38600000.0,1101700000.0,310900000.0,38200000.0,27300000.0,202300000.0,108600000.0,-10900000.0,97700000.0,1412600000.0,118600000.0,118600000.0,118600000.0
Peabody Energy Corp,BTU,EJCO258LNNVSKAR2JX59,1064728,2018.0,Q2,2018-04-01,2018-06-30,2018-08-03 16:35:12+00:00,0.0,0.91,0.115,163900000.0,0.9,0.0,7400000.0,116400000.0,120000000.0,-3600000.0,113700000.0,2700000.0,951100000.0,1137300000.0,,,,0.0,13200000.0,172100000.0,1600000.0,0.0,,44100000.0,951100000.0,358300000.0,40300000.0,32200000.0,222800000.0,135500000.0,-8100000.0,127400000.0,1309400000.0,,124900000.0,126300000.0
Peabody Energy Corp,BTU,EJCO258LNNVSKAR2JX59,1064728,2018.0,Q1,2018-01-01,2018-03-31,2018-05-10 06:12:33+00:00,0.0,0.83,0.115,169600000.0,0.82,0.0,10100000.0,207000000.0,208300000.0,-1300000.0,106600000.0,-2100000.0,1061700000.0,1462700000.0,,,,12800000.0,12300000.0,0.0,-30600000.0,102500000.0,,37000000.0,1061700000.0,401000000.0,36300000.0,29200000.0,188300000.0,212700000.0,5700000.0,218400000.0,1462700000.0,,128400000.0,130000000.0
Peabody Energy Corp,BTU,EJCO258LNNVSKAR2JX59,1064728,2019.0,Q4,2019-10-01,2019-12-31,,-2.72,-2.72,-2.27,121600000.0,-2.69,250200000.0,20000000.0,-276400000.0,-290200000.0,13800000.0,-289800000.0,13400000.0,887300000.0,1117400000.0,,,,-19300000.0,13800000.0,,700000.0,,35900000.0,37200000.0,887300000.0,230100000.0,37000000.0,15400000.0,459400000.0,-229300000.0,-40900000.0,-270200000.0,1117400000.0,103700000.0,103700000.0,103700000.0
Peabody Energy Corp,BTU,EJCO258LNNVSKAR2JX59,1064728,2019.0,FY,2019-01-01,2019-12-31,2020-02-21 17:04:35+00:00,-2.04,-2.04,,601000000.0,-2.04,270200000.0,46000000.0,-185100000.0,-188300000.0,3200000.0,-211300000.0,26200000.0,3639200000.0,4623400000.0,,,,-19300000.0,58400000.0,,-127100000.0,0.0,45900000.0,145000000.0,3639200000.0,984200000.0,144200000.0,30400000.0,993400000.0,-9200000.0,-133100000.0,-142300000.0,4623400000.0,103700000.0,103700000.0,103700000.0
Peabody Energy Corp,BTU,EJCO258LNNVSKAR2JX59,1064728,2019.0,Q3YTD,2019-01-01,2019-09-30,,0.68,0.68,2.27,479400000.0,0.65,20000000.0,26000000.0,91300000.0,101900000.0,-10600000.0,78500000.0,12800000.0,2751900000.0,3506000000.0,,,,,44600000.0,,-127800000.0,,10000000.0,107800000.0,2751900000.0,754100000.0,107200000.0,15000000.0,534000000.0,220100000.0,-92200000.0,127900000.0,3506000000.0,102200000.0,102200000.0,102200000.0
Peabody Energy Corp,BTU,EJCO258LNNVSKAR2JX59,1064728,2019.0,Q3TTM,2018-10-01,2019-09-30,,4.58,2.84,1.91,655300000.0,2.77,20000000.0,13100000.0,351900000.0,335400000.0,16500000.0,331100000.0,20800000.0,3793300000.0,5075200000.0,,,,125500000.0,59700000.0,-172100000.0,-126200000.0,,16100000.0,146200000.0,3793300000.0,1109800000.0,143700000.0,28000000.0,771100000.0,338700000.0,9800000.0,348500000.0,4903100000.0,102200000.0,102200000.0,102200000.0
Peabody Energy Corp,BTU,EJCO258LNNVSKAR2JX59,1064728,2019.0,Q3,2019-07-01,2019-09-30,2019-11-05 17:06:24+00:00,-0.81,-0.81,0.145,141500000.0,-0.81,20000000.0,4200000.0,-78100000.0,-74300000.0,-3800000.0,-82800000.0,4700000.0,911100000.0,1106400000.0,,,,0.0,15500000.0,,-1100000.0,0.0,8200000.0,32200000.0,911100000.0,195300000.0,35400000.0,-13700000.0,216300000.0,-21000000.0,-49100000.0,-70100000.0,1106400000.0,102200000.0,102200000.0,102200000.0
Peabody Energy Corp,BTU,EJCO258LNNVSKAR2JX59,1064728,2019.0,Q2YTD,2019-01-01,2019-06-30,,1.49,1.49,2.12,337900000.0,1.46,,21800000.0,169400000.0,176200000.0,-6800000.0,161300000.0,8100000.0,1840800000.0,2399600000.0,,,,,29100000.0,,-126700000.0,,1800000.0,75600000.0,1840800000.0,558800000.0,71800000.0,28700000.0,317700000.0,241100000.0,-43100000.0,198000000.0,2399600000.0,107000000.0,107000000.0,107000000.0
Peabody Energy Corp,BTU,EJCO258LNNVSKAR2JX59,1064728,2019.0,Q2TTM,2018-07-01,2019-06-30,,5.99,4.25,1.89,683400000.0,4.17,,22700000.0,509800000.0,493600000.0,16200000.0,485400000.0,24400000.0,3983900000.0,5381400000.0,,,,125500000.0,56600000.0,-172100000.0,-145900000.0,,10400000.0,152600000.0,3983900000.0,1225400000.0,146500000.0,69000000.0,757100000.0,468300000.0,48000000.0,516300000.0,5209300000.0,107000000.0,107000000.0,107000000.0
Peabody Energy Corp,BTU,EJCO258LNNVSKAR2JX59,1064728,2019.0,Q2,2019-04-01,2019-06-30,2019-08-08 06:26:36+00:00,0.35,0.35,0.14,165400000.0,0.34,,3000000.0,39500000.0,42900000.0,-3400000.0,37100000.0,2400000.0,863000000.0,1149000000.0,,,,0.0,15300000.0,,-200000.0,0.0,1600000.0,38900000.0,863000000.0,286000000.0,36000000.0,16900000.0,221000000.0,65000000.0,-19100000.0,45900000.0,1149000000.0,107000000.0,107000000.0,107000000.0
Peabody Energy Corp,BTU,EJCO258LNNVSKAR2JX59,1064728,2019.0,Q1,2019-01-01,2019-03-31,2020-05-06 16:51:17+00:00,1.14,1.14,1.98,172500000.0,1.12,,18800000.0,129900000.0,133300000.0,-3400000.0,124200000.0,5700000.0,977800000.0,1250600000.0,,,,,13800000.0,,-126500000.0,,200000.0,36700000.0,977800000.0,272800000.0,35800000.0,11800000.0,96700000.0,176100000.0,-24000000.0,152100000.0,1250600000.0,108500000.0,108500000.0,108500000.0
Peabody Energy Corp,BTU,EJCO258LNNVSKAR2JX59,1064728,2019.0,Q1TTM,2018-04-01,2019-03-31,,5.64,4.81,1.87,681900000.0,4.73,,27100000.0,586700000.0,570700000.0,16000000.0,562000000.0,24700000.0,4072000000.0,5369700000.0,,,,125500000.0,54500000.0,,-144100000.0,,8800000.0,157800000.0,4072000000.0,1297700000.0,150800000.0,84300000.0,758900000.0,538800000.0,59000000.0,597800000.0,5369700000.0,108500000.0,108500000.0,108500000.0
Peabody Energy Corp,BTU,EJCO258LNNVSKAR2JX59,1064728,2020.0,Q1TTM,2019-04-01,2020-03-31,,-4.51,-4.51,-1.98,534500000.0,-4.49,270200000.0,30200000.0,-446500000.0,-450900000.0,4400000.0,-465200000.0,18700000.0,3443700000.0,4219000000.0,,,,-19300000.0,62200000.0,,-8700000.0,,56400000.0,133200000.0,3443700000.0,775300000.0,141500000.0,12600000.0,1047800000.0,-272500000.0,-148200000.0,-420700000.0,4219000000.0,97200000.0,97200000.0,97200000.0
Peabody Energy Corp,BTU,EJCO258LNNVSKAR2JX59,1064728,2020.0,Q1,2020-01-01,2020-03-31,2020-05-06 16:51:17+00:00,-1.33,-1.33,0.0,106000000.0,-1.33,,3000000.0,-131500000.0,-129300000.0,-2200000.0,-129700000.0,-1800000.0,782300000.0,846200000.0,,,,,17600000.0,,-8100000.0,,10700000.0,24900000.0,782300000.0,63900000.0,33100000.0,-6000000.0,151100000.0,-87200000.0,-39100000.0,-126300000.0,846200000.0,97200000.0,97200000.0,97200000.0
