company_name,company_ticker,company_lei,company_cik,year,quarter,start_date,end_date,filing_date,amortizationexpense,basicdilutedeps,basiceps,cashdividendspershare,depreciationexpense,dilutedeps,explorationexpense,extraordinaryincome,impairmentexpense,incometaxexpense,marketingexpense,netincome,netincomecontinuing,netincomediscontinued,netincometocommon,netincometononcontrollinginterest,operatingcostofrevenue,operatingrevenue,otheradjustmentstoconsolidatednetincome,othercostofrevenue,othergains,otherincome,otheroperatingexpenses,otherrevenue,otherspecialcharges,preferreddividends,rdexpense,restructuringcharge,sgaexpense,totalcostofrevenue,totalgrossprofit,totalinterestexpense,totalinterestincome,totaloperatingexpenses,totaloperatingincome,totalotherincome,totalpretaxincome,totalrevenue,weightedavebasicdilutedsharesos,weightedavebasicsharesos,weightedavedilutedsharesos
Sysco Corp,SYY,5RGWIFLMGH3YS7KWI652,96021,2008.0,Q2,2008-09-28,2008-12-27,2010-02-02 08:00:55+00:00,,0.4,0.4,0.24,,0.4,,,,161033000.0,,237654000.0,237654000.0,,237654000.0,,7399690000.0,9149803000.0,,,,5223000.0,,,,,,,1328249000.0,7399690000.0,1750113000.0,28400000.0,,1328249000.0,421864000.0,-23177000.0,398687000.0,9149803000.0,594100000.0,597549831.0,598233384.0
Sysco Corp,SYY,5RGWIFLMGH3YS7KWI652,96021,2008.0,Q1,2008-06-29,2008-09-27,2009-11-03 08:05:13+00:00,0.0,0.46,0.46,0.22,0.0,0.46,0.0,0.0,0.0,204341000.0,0.0,0.0,0.0,0.0,,0.0,7990873000.0,9877429000.0,0.0,0.0,-276814000.0,2813000.0,0.0,0.0,0.0,0.0,0.0,0.0,1381804000.0,7990873000.0,1886556000.0,26410000.0,0.0,1381804000.0,504752000.0,-23597000.0,481155000.0,9877429000.0,0.0,602257425.0,605707175.0
Sysco Corp,SYY,5RGWIFLMGH3YS7KWI652,96021,2008.0,FY,2007-07-01,2008-06-28,2010-08-31 08:01:43+00:00,,1.83,1.83,0.85,,1.81,,,,685187000.0,,1106151000.0,1106151000.0,,1106151000.0,,30327254000.0,37522111000.0,,,,22930000.0,,,,,,,5314908000.0,30327254000.0,7194857000.0,111541000.0,,5314908000.0,1879949000.0,-88611000.0,1791338000.0,37522111000.0,604500000.0,605905545.0,610970783.0
Sysco Corp,SYY,5RGWIFLMGH3YS7KWI652,96021,2009.0,Q2TTM,2008-12-28,2009-12-26,,,1.97,1.97,0.88,,1.95,,,,622766000.0,,1463051000.0,1463051000.0,,1463051000.0,,29444370000.0,36444804000.0,,,276814000.0,18044000.0,,,,,,,5087422000.0,29444370000.0,7000434000.0,122053000.0,,5087422000.0,1913012000.0,-104009000.0,1809003000.0,36444804000.0,596300000.0,592651712.0,593372477.0
Sysco Corp,SYY,5RGWIFLMGH3YS7KWI652,96021,2009.0,Q2,2009-09-27,2009-12-26,2011-02-08 08:01:28+00:00,,0.45,0.45,0.25,,0.45,,,,163618000.0,,268349000.0,268349000.0,,268349000.0,,7173612000.0,8868499000.0,,,,1138000.0,,,,,,,1232536000.0,7173612000.0,1694887000.0,31522000.0,,1232536000.0,462351000.0,-30384000.0,431967000.0,8868499000.0,596300000.0,592651712.0,593372477.0
Sysco Corp,SYY,5RGWIFLMGH3YS7KWI652,96021,2009.0,Q2YTD,2009-06-28,2009-12-26,,,1.0,1.0,0.49,,1.0,,,,302953000.0,,594554000.0,594554000.0,,594554000.0,,14507679000.0,17949925000.0,,,,3150000.0,,,,,,,2482567000.0,14507679000.0,3442246000.0,65322000.0,,2482567000.0,959679000.0,-62172000.0,897507000.0,17949925000.0,596300000.0,592651712.0,593372477.0
Sysco Corp,SYY,5RGWIFLMGH3YS7KWI652,96021,2009.0,Q1TTM,2008-09-28,2009-09-26,,,1.92,1.92,0.87,,1.9,,,,620181000.0,,1432356000.0,1432356000.0,,1432356000.0,,29670448000.0,36726108000.0,,,276814000.0,22129000.0,,,,,,,5183135000.0,29670448000.0,7055660000.0,118931000.0,,5183135000.0,1872525000.0,-96802000.0,1775723000.0,36726108000.0,593100000.0,591568212.0,591983474.0
Sysco Corp,SYY,5RGWIFLMGH3YS7KWI652,96021,2009.0,Q1,2009-06-28,2009-09-26,2010-11-09 08:01:04+00:00,,0.55,0.55,0.24,,0.55,,,,139335000.0,,326205000.0,326205000.0,,326205000.0,,7334067000.0,9081426000.0,,,,2012000.0,,,,,,,1250031000.0,7334067000.0,1747359000.0,33800000.0,,1250031000.0,497328000.0,-31788000.0,465540000.0,9081426000.0,593100000.0,591568212.0,591983474.0
Sysco Corp,SYY,5RGWIFLMGH3YS7KWI652,96021,2009.0,Q4,2009-03-29,2009-06-27,,,0.53,0.53,0.24,,0.53,,,,195074000.0,,315314000.0,315314000.0,,315314000.0,,7324162000.0,9086748000.0,,,,3395000.0,,,,,,,1222314000.0,7324162000.0,1762586000.0,33279000.0,,1222314000.0,540272000.0,-29884000.0,510388000.0,9086748000.0,596600000.0,595127577.0,596069204.0
Sysco Corp,SYY,5RGWIFLMGH3YS7KWI652,96021,2009.0,Q3,2008-12-28,2009-03-28,2010-05-04 08:00:32+00:00,,0.38,0.38,0.24,,0.38,,,,154438000.0,,226166000.0,226166000.0,,226166000.0,,7102274000.0,8739350000.0,,,,3514000.0,,,,,,,1231753000.0,7102274000.0,1637076000.0,28233000.0,,1231753000.0,405323000.0,-24719000.0,380604000.0,8739350000.0,595200000.0,590152592.0,590667577.0
Sysco Corp,SYY,5RGWIFLMGH3YS7KWI652,96021,2009.0,Q3YTD,2008-06-29,2009-03-28,,,1.38,1.38,0.73,,1.38,,,,457391000.0,,820720000.0,820720000.0,,820720000.0,,21609953000.0,26689275000.0,,,,6664000.0,,,,,,,3714320000.0,21609953000.0,5079322000.0,93555000.0,,3714320000.0,1365002000.0,-86891000.0,1278111000.0,26689275000.0,595200000.0,590152592.0,590667577.0
Sysco Corp,SYY,5RGWIFLMGH3YS7KWI652,96021,2010.0,Q4,2010-03-28,2010-07-03,,,0.57,0.57,0.25,,0.57,,,,210880000.0,,337781000.0,337781000.0,,337781000.0,,8285788000.0,10348477000.0,,,,-2924000.0,,,,,,,1478603000.0,8285788000.0,2062689000.0,32501000.0,,1478603000.0,584086000.0,-35425000.0,548661000.0,10348477000.0,593000000.0,592157221.0,593590042.0
Sysco Corp,SYY,5RGWIFLMGH3YS7KWI652,96021,2010.0,FY,2009-06-28,2010-07-03,2012-08-27 18:21:50+00:00,,1.99,1.99,0.99,,1.99,,,,669606000.0,,1179983000.0,1179983000.0,,1179983000.0,,30055188000.0,37243495000.0,,,,-802000.0,,,,,,,5212439000.0,30055188000.0,7188307000.0,125477000.0,,5212439000.0,1975868000.0,-126279000.0,1849589000.0,37243495000.0,593000000.0,592157221.0,593590042.0
Sysco Corp,SYY,5RGWIFLMGH3YS7KWI652,96021,2010.0,Q3,2009-12-27,2010-03-27,2011-05-10 11:24:31+00:00,,0.42,0.42,0.25,,0.42,,,,155773000.0,,247648000.0,247648000.0,,247648000.0,,7261721000.0,8945093000.0,,,,-1028000.0,,,,,,,1251269000.0,7261721000.0,1683372000.0,27654000.0,,1251269000.0,432103000.0,-28682000.0,403421000.0,8945093000.0,589600000.0,593129783.0,594833736.0
Sysco Corp,SYY,5RGWIFLMGH3YS7KWI652,96021,2010.0,Q3YTD,2009-06-28,2010-03-27,,,1.42,1.42,0.74,,1.42,,,,458726000.0,,842202000.0,842202000.0,,842202000.0,,21769400000.0,26895018000.0,,,,2122000.0,,,,,,,3733836000.0,21769400000.0,5125618000.0,92976000.0,,3733836000.0,1391782000.0,-90854000.0,1300928000.0,26895018000.0,589600000.0,593129783.0,594833736.0
Sysco Corp,SYY,5RGWIFLMGH3YS7KWI652,96021,2010.0,Q3TTM,2009-03-29,2010-03-27,,,1.95,1.95,0.98,,1.95,,,,653800000.0,,1157516000.0,1157516000.0,,1157516000.0,,29093562000.0,35981766000.0,,,,5517000.0,,,,,,,4956150000.0,29093562000.0,6888204000.0,126255000.0,,4956150000.0,1932054000.0,-120738000.0,1811316000.0,35981766000.0,589600000.0,593129783.0,594833736.0
Sysco Corp,SYY,5RGWIFLMGH3YS7KWI652,96021,2010.0,Q2YTD,2009-06-28,2009-12-26,,,1.0,1.0,0.49,,1.0,,,,302953000.0,,594554000.0,594554000.0,,594554000.0,,14507679000.0,17949925000.0,,,,3150000.0,,,,,,,2482567000.0,14507679000.0,3442246000.0,65322000.0,,2482567000.0,959679000.0,-62172000.0,897507000.0,17949925000.0,596300000.0,592651712.0,593372477.0
Sysco Corp,SYY,5RGWIFLMGH3YS7KWI652,96021,2010.0,Q2TTM,2008-12-28,2009-12-26,,,1.91,1.91,0.97,,1.91,,,,652465000.0,,1136034000.0,1136034000.0,,1136034000.0,,28934115000.0,35776023000.0,,,,10059000.0,,,,,,,4936634000.0,28934115000.0,6841908000.0,126834000.0,,4936634000.0,1905274000.0,-116775000.0,1788499000.0,35776023000.0,596300000.0,592651712.0,593372477.0
Sysco Corp,SYY,5RGWIFLMGH3YS7KWI652,96021,2010.0,Q1TTM,2009-09-27,2009-09-26,,,,,,,,,,,,,,,,,,,,,,,,,,,,,,,,,,,,,,,,593100000.0,591568212.0,591983474.0
Sysco Corp,SYY,5RGWIFLMGH3YS7KWI652,96021,2011.0,Q4,2011-04-03,2011-07-02,,,0.13,0.57,0.26,,0.57,,,,198584000.0,,336310000.0,336310000.0,,336310000.0,,8471311000.0,10425703000.0,,,,4278000.0,,,,,,,1393642000.0,8471311000.0,1954392000.0,30134000.0,,1393642000.0,560750000.0,-25856000.0,534894000.0,10425703000.0,587800000.0,586526142.0,588691546.0
Sysco Corp,SYY,5RGWIFLMGH3YS7KWI652,96021,2011.0,FY,2010-07-04,2011-07-02,2013-08-26 17:57:33+00:00,,1.96,1.96,1.03,,1.96,,,,675424000.0,,1152030000.0,1152030000.0,,1152030000.0,,31928777000.0,39323489000.0,,,,14219000.0,,,,,,,5463210000.0,31928777000.0,7394712000.0,118267000.0,,5463210000.0,1931502000.0,-104048000.0,1827454000.0,39323489000.0,587800000.0,586526142.0,588691546.0
Sysco Corp,SYY,5RGWIFLMGH3YS7KWI652,96021,2011.0,Q3,2011-01-02,2011-04-02,2012-05-08 08:05:53+00:00,,0.88,0.44,0.26,,0.44,,,,146994000.0,,258478000.0,258478000.0,,258478000.0,,7929111000.0,9761660000.0,,,,6957000.0,,,,,,,1405062000.0,7929111000.0,1832549000.0,28972000.0,,1405062000.0,427487000.0,-22015000.0,405472000.0,9761660000.0,293700000.0,583722009.0,585421864.0
Sysco Corp,SYY,5RGWIFLMGH3YS7KWI652,96021,2011.0,Q3YTD,2010-07-04,2011-04-02,,,1.83,1.39,0.77,,1.39,,,,476840000.0,,815720000.0,815720000.0,,815720000.0,,23457466000.0,28897786000.0,,,,9941000.0,,,,,,,4069568000.0,23457466000.0,5440320000.0,88133000.0,,4069568000.0,1370752000.0,-78192000.0,1292560000.0,28897786000.0,293700000.0,583722009.0,585421864.0
Sysco Corp,SYY,5RGWIFLMGH3YS7KWI652,96021,2011.0,Q3TTM,2010-03-28,2011-04-02,,,2.87,2.43,1.25,,2.43,,,,816600000.0,,1438461000.0,1438461000.0,,1438461000.0,,37984299000.0,47005155000.0,,,,6155000.0,,,,,,,6617501000.0,37984299000.0,9020856000.0,154449000.0,,6617501000.0,2403355000.0,-148294000.0,2255061000.0,47005155000.0,293700000.0,583722009.0,585421864.0
Sysco Corp,SYY,5RGWIFLMGH3YS7KWI652,96021,2011.0,Q2,2010-10-03,2011-01-01,2012-02-07 08:02:14+00:00,,0.44,0.44,0.26,,0.44,,,,152092000.0,,258173000.0,258173000.0,,258173000.0,,7623185000.0,9384852000.0,,,,1300000.0,,,,,,,1324642000.0,7623185000.0,1761667000.0,28060000.0,,1324642000.0,437025000.0,-26760000.0,410265000.0,9384852000.0,586800000.0,584943749.0,587110338.0
Sysco Corp,SYY,5RGWIFLMGH3YS7KWI652,96021,2011.0,Q2YTD,2010-07-04,2011-01-01,,,0.95,0.95,0.51,,0.95,,,,329846000.0,,557242000.0,557242000.0,,557242000.0,,15528355000.0,19136126000.0,,,,2984000.0,,,,,,,2664506000.0,15528355000.0,3607771000.0,59161000.0,,2664506000.0,943265000.0,-56177000.0,887088000.0,19136126000.0,586800000.0,584943749.0,587110338.0
Sysco Corp,SYY,5RGWIFLMGH3YS7KWI652,96021,2011.0,Q2TTM,2009-12-27,2011-01-01,,,1.94,1.94,1.01,,1.94,,,,696499000.0,,1142671000.0,1142671000.0,,1142671000.0,,31075864000.0,38429696000.0,,,,-968000.0,,,,,,,5394378000.0,31075864000.0,7353832000.0,119316000.0,,5394378000.0,1959454000.0,-120284000.0,1839170000.0,38429696000.0,586800000.0,584943749.0,587110338.0
Sysco Corp,SYY,5RGWIFLMGH3YS7KWI652,96021,2011.0,Q1,2010-07-04,2010-10-02,2011-11-08 08:00:45+00:00,,0.51,0.51,0.25,,0.51,,,,177754000.0,,299069000.0,299069000.0,,299069000.0,,7905170000.0,9751274000.0,,,,1684000.0,,,,,,,1339864000.0,7905170000.0,1846104000.0,31101000.0,,1339864000.0,506240000.0,-29417000.0,476823000.0,9751274000.0,586400000.0,588711412.0,591103346.0
Sysco Corp,SYY,5RGWIFLMGH3YS7KWI652,96021,2011.0,Q1TTM,2009-09-27,2010-10-02,,,1.95,1.95,1.0,,1.95,,,,708025000.0,,1152847000.0,1152847000.0,,1152847000.0,,30626291000.0,37913343000.0,,,,-1130000.0,,,,,,,5302272000.0,30626291000.0,7287052000.0,122778000.0,,5302272000.0,1984780000.0,-123908000.0,1860872000.0,37913343000.0,586400000.0,588711412.0,591103346.0
Sysco Corp,SYY,5RGWIFLMGH3YS7KWI652,96021,2012.0,Q4,2012-04-01,2012-06-30,,,0.53,0.53,0.27,,0.52,,,,180183000.0,,309269000.0,309269000.0,,309269000.0,,8930974000.0,11045382000.0,,,,1296000.0,,,,,,,1598944000.0,8930974000.0,2114408000.0,27308000.0,,1598944000.0,515464000.0,-26012000.0,489452000.0,11045382000.0,587200000.0,587726343.0,588991441.0
Sysco Corp,SYY,5RGWIFLMGH3YS7KWI652,96021,2012.0,FY,2011-07-03,2012-06-30,2014-08-25 17:58:41+00:00,,1.91,1.91,1.07,,1.9,,,,662417000.0,,1121585000.0,1121585000.0,,1121585000.0,,34601665000.0,42380939000.0,,,,6766000.0,,,,,,,5888642000.0,34601665000.0,7779274000.0,113396000.0,,5888642000.0,1890632000.0,-106630000.0,1784002000.0,42380939000.0,587200000.0,587726343.0,588991441.0
Sysco Corp,SYY,5RGWIFLMGH3YS7KWI652,96021,2012.0,Q3,2012-01-01,2012-03-31,2013-05-06 20:10:39+00:00,,0.44,0.44,0.27,,0.44,,,,153238000.0,,259550000.0,259550000.0,,259550000.0,,8633130000.0,10504746000.0,,,,2248000.0,,,,,,,1432786000.0,8633130000.0,1871616000.0,28290000.0,,1432786000.0,438830000.0,-26042000.0,412788000.0,10504746000.0,589900000.0,585823393.0,587214691.0
Sysco Corp,SYY,5RGWIFLMGH3YS7KWI652,96021,2012.0,Q3YTD,2011-07-03,2012-03-31,,,1.38,1.38,0.8,,1.38,,,,482234000.0,,812316000.0,812316000.0,,812316000.0,,25670691000.0,31335557000.0,,,,5470000.0,,,,,,,4289698000.0,25670691000.0,5664866000.0,86088000.0,,4289698000.0,1375168000.0,-80618000.0,1294550000.0,31335557000.0,589900000.0,585823393.0,587214691.0
Sysco Corp,SYY,5RGWIFLMGH3YS7KWI652,96021,2012.0,Q3TTM,2011-04-03,2012-03-31,,,1.51,1.95,1.06,,1.95,,,,680818000.0,,1148626000.0,1148626000.0,,1148626000.0,,34142002000.0,41761260000.0,,,,9748000.0,,,,,,,5683340000.0,34142002000.0,7619258000.0,116222000.0,,5683340000.0,1935918000.0,-106474000.0,1829444000.0,41761260000.0,589900000.0,585823393.0,587214691.0
Sysco Corp,SYY,5RGWIFLMGH3YS7KWI652,96021,2012.0,Q2,2011-10-02,2011-12-31,2013-02-04 17:41:17+00:00,,0.43,0.43,0.27,,0.43,,,,152033000.0,,250113000.0,250113000.0,,250113000.0,,8398771000.0,10244421000.0,,,,3472000.0,,,,,,,1418652000.0,8398771000.0,1845650000.0,28324000.0,,1418652000.0,426998000.0,-24852000.0,402146000.0,10244421000.0,581700000.0,586188302.0,587034204.0
Sysco Corp,SYY,5RGWIFLMGH3YS7KWI652,96021,2012.0,Q2YTD,2011-07-03,2011-12-31,,,0.94,0.94,0.53,,0.94,,,,328996000.0,,552766000.0,552766000.0,,552766000.0,,17037561000.0,20830811000.0,,,,3222000.0,,,,,,,2856912000.0,17037561000.0,3793250000.0,57798000.0,,2856912000.0,936338000.0,-54576000.0,881762000.0,20830811000.0,581700000.0,586188302.0,587034204.0
Sysco Corp,SYY,5RGWIFLMGH3YS7KWI652,96021,2012.0,Q2TTM,2011-01-02,2011-12-31,,,1.95,1.95,1.05,,1.95,,,,674574000.0,,1147554000.0,1147554000.0,,1147554000.0,,33437983000.0,41018174000.0,,,,14457000.0,,,,,,,5655616000.0,33437983000.0,7580191000.0,116904000.0,,5655616000.0,1924575000.0,-102447000.0,1822128000.0,41018174000.0,581700000.0,586188302.0,587034204.0
Sysco Corp,SYY,5RGWIFLMGH3YS7KWI652,96021,2012.0,Q1,2011-07-03,2011-10-01,2012-11-05 18:20:28+00:00,,0.51,0.51,0.26,,0.51,,,,176963000.0,,302653000.0,302653000.0,,302653000.0,,8638790000.0,10586390000.0,,,,-250000.0,,,,,,,1438260000.0,8638790000.0,1947600000.0,29474000.0,,1438260000.0,509340000.0,-29724000.0,479616000.0,10586390000.0,593400000.0,592003631.0,593449101.0
Sysco Corp,SYY,5RGWIFLMGH3YS7KWI652,96021,2012.0,Q1TTM,2010-10-03,2011-10-01,,,1.96,1.96,1.04,,1.96,,,,674633000.0,,1155614000.0,1155614000.0,,1155614000.0,,32662397000.0,40158605000.0,,,,12285000.0,,,,,,,5561606000.0,32662397000.0,7496208000.0,116640000.0,,5561606000.0,1934602000.0,-104355000.0,1830247000.0,40158605000.0,593400000.0,592003631.0,593449101.0
Sysco Corp,SYY,5RGWIFLMGH3YS7KWI652,96021,2013.0,Q4,2013-03-31,2013-06-29,,,0.47,0.47,0.28,,0.46,,,,155462000.0,,283043000.0,283043000.0,,283043000.0,,9528836000.0,11601056000.0,,,,9832000.0,,,,,,,1612377000.0,9528836000.0,2072220000.0,31170000.0,,1612377000.0,459843000.0,-21338000.0,438505000.0,11601056000.0,590700000.0,589397807.0,592675110.0
Sysco Corp,SYY,5RGWIFLMGH3YS7KWI652,96021,2013.0,FY,2012-07-01,2013-06-29,2015-08-24 18:06:29+00:00,,1.68,1.68,1.11,,1.67,,,,555028000.0,,992427000.0,992427000.0,,992427000.0,,36414626000.0,44411233000.0,,,,17472000.0,,,,,,,6338129000.0,36414626000.0,7996607000.0,128495000.0,,6338129000.0,1658478000.0,-111023000.0,1547455000.0,44411233000.0,590700000.0,589397807.0,592675110.0
Sysco Corp,SYY,5RGWIFLMGH3YS7KWI652,96021,2013.0,Q3,2012-12-30,2013-03-30,2014-05-05 17:57:05+00:00,,0.34,0.34,0.28,,0.34,,,,104980000.0,,201417000.0,201417000.0,,201417000.0,,8983889000.0,10926371000.0,,,,3410000.0,,,,,,,1605280000.0,8983889000.0,1942482000.0,34215000.0,,1605280000.0,337202000.0,-30805000.0,306397000.0,10926371000.0,592400000.0,589149731.0,592903799.0
Sysco Corp,SYY,5RGWIFLMGH3YS7KWI652,96021,2013.0,Q3YTD,2012-07-01,2013-03-30,,,1.21,1.21,0.83,,1.21,,,,399566000.0,,709384000.0,709384000.0,,709384000.0,,26885790000.0,32810177000.0,,,,7640000.0,,,,,,,4725752000.0,26885790000.0,5924387000.0,97325000.0,,4725752000.0,1198635000.0,-89685000.0,1108950000.0,32810177000.0,592400000.0,589149731.0,592903799.0
Sysco Corp,SYY,5RGWIFLMGH3YS7KWI652,96021,2013.0,Q3TTM,2012-04-01,2013-03-30,,,1.74,1.74,1.1,,1.73,,,,579749000.0,,1018653000.0,1018653000.0,,1018653000.0,,35816764000.0,43855559000.0,,,,8936000.0,,,,,,,6324696000.0,35816764000.0,8038795000.0,124633000.0,,6324696000.0,1714099000.0,-115697000.0,1598402000.0,43855559000.0,592400000.0,589149731.0,592903799.0
Sysco Corp,SYY,5RGWIFLMGH3YS7KWI652,96021,2013.0,Q2,2012-09-30,2012-12-29,2014-02-03 18:01:10+00:00,,0.38,0.38,0.28,,0.38,,,,130793000.0,,221369000.0,221369000.0,,221369000.0,,8844780000.0,10796890000.0,,,,1753000.0,,,,,,,1569459000.0,8844780000.0,1952110000.0,32242000.0,,1569459000.0,382651000.0,-30489000.0,352162000.0,10796890000.0,582600000.0,587091968.0,589751933.0
Sysco Corp,SYY,5RGWIFLMGH3YS7KWI652,96021,2013.0,Q2YTD,2012-07-01,2012-12-29,,,0.87,0.87,0.55,,0.87,,,,294586000.0,,507967000.0,507967000.0,,507967000.0,,17901901000.0,21883806000.0,,,,4230000.0,,,,,,,3120472000.0,17901901000.0,3981905000.0,63110000.0,,3120472000.0,861433000.0,-58880000.0,802553000.0,21883806000.0,582600000.0,587091968.0,589751933.0
Sysco Corp,SYY,5RGWIFLMGH3YS7KWI652,96021,2013.0,Q2TTM,2012-01-01,2012-12-29,,,1.84,1.84,1.09,,1.83,,,,628007000.0,,1076786000.0,1076786000.0,,1076786000.0,,35466005000.0,43433934000.0,,,,7774000.0,,,,,,,6152202000.0,35466005000.0,7967929000.0,118708000.0,,6152202000.0,1815727000.0,-110934000.0,1704793000.0,43433934000.0,582600000.0,587091968.0,589751933.0
Sysco Corp,SYY,5RGWIFLMGH3YS7KWI652,96021,2013.0,Q1,2012-07-01,2012-09-29,2013-11-04 20:40:29+00:00,,0.49,0.49,0.27,,0.49,,,,163793000.0,,286598000.0,286598000.0,,286598000.0,,9057121000.0,11086916000.0,,,,2477000.0,,,,,,,1551013000.0,9057121000.0,2029795000.0,30868000.0,,1551013000.0,478782000.0,-28391000.0,450391000.0,11086916000.0,584900000.0,587757832.0,589838819.0
Sysco Corp,SYY,5RGWIFLMGH3YS7KWI652,96021,2013.0,Q1TTM,2011-10-02,2012-09-29,,,1.89,1.89,1.08,,1.88,,,,649247000.0,,1105530000.0,1105530000.0,,1105530000.0,,35019996000.0,42881465000.0,,,,9493000.0,,,,,,,6001395000.0,35019996000.0,7861469000.0,114790000.0,,6001395000.0,1860074000.0,-105297000.0,1754777000.0,42881465000.0,584900000.0,587757832.0,589838819.0
Sysco Corp,SYY,5RGWIFLMGH3YS7KWI652,96021,2014.0,FY,2013-06-30,2014-06-28,2016-08-29 19:02:33+00:00,,1.59,1.59,1.15,,1.58,,,,544091000.0,,931533000.0,931533000.0,,931533000.0,,38335677000.0,46516712000.0,,,,12243000.0,,,,,,,6593913000.0,38335677000.0,8181035000.0,123741000.0,,6593913000.0,1587122000.0,-111498000.0,1475624000.0,46516712000.0,585900000.0,585988084.0,590216220.0
Sysco Corp,SYY,5RGWIFLMGH3YS7KWI652,96021,2014.0,Q4,2014-03-30,2014-06-28,,,0.43,0.43,0.29,,0.43,,,,146362000.0,,254171000.0,254171000.0,,254171000.0,,10131136000.0,12286992000.0,,,,7216000.0,,,,,,,1731334000.0,10131136000.0,2155856000.0,31205000.0,,1731334000.0,424522000.0,-23989000.0,400533000.0,12286992000.0,585900000.0,585988084.0,590216220.0
Sysco Corp,SYY,5RGWIFLMGH3YS7KWI652,96021,2014.0,Q3YTD,2013-06-30,2014-03-29,,,1.16,1.16,0.86,,1.15,,,,397729000.0,,677362000.0,677362000.0,,677362000.0,,28204541000.0,34229720000.0,,,,5027000.0,,,,,,,4862579000.0,28204541000.0,6025179000.0,92536000.0,,4862579000.0,1162600000.0,-87509000.0,1075091000.0,34229720000.0,583700000.0,585885137.0,590470283.0
Sysco Corp,SYY,5RGWIFLMGH3YS7KWI652,96021,2014.0,Q3TTM,2013-03-31,2014-03-29,,,1.63,1.63,1.14,,1.61,,,,553191000.0,,960405000.0,960405000.0,,960405000.0,,37733377000.0,45830776000.0,,,,14859000.0,,,,,,,6474956000.0,37733377000.0,8097399000.0,123706000.0,,6474956000.0,1622443000.0,-108847000.0,1513596000.0,45830776000.0,583700000.0,585885137.0,590470283.0
Sysco Corp,SYY,5RGWIFLMGH3YS7KWI652,96021,2014.0,Q3,2013-12-29,2014-03-29,2015-05-04 17:59:55+00:00,,0.31,0.31,0.29,,0.31,,,,115746000.0,,180937000.0,180937000.0,,180937000.0,,9282743000.0,11277484000.0,,,,-3718000.0,,,,,,,1662116000.0,9282743000.0,1994741000.0,32224000.0,,1662116000.0,332625000.0,-35942000.0,296683000.0,11277484000.0,583700000.0,585885137.0,590470283.0
Sysco Corp,SYY,5RGWIFLMGH3YS7KWI652,96021,2014.0,Q2YTD,2013-06-30,2013-12-28,,,0.85,0.85,0.57,,0.84,,,,281983000.0,,496425000.0,496425000.0,,496425000.0,,18921798000.0,22952236000.0,,,,8745000.0,,,,,,,3200463000.0,18921798000.0,4030438000.0,60312000.0,,3200463000.0,829975000.0,-51567000.0,778408000.0,22952236000.0,585700000.0,584253842.0,587926287.0
Sysco Corp,SYY,5RGWIFLMGH3YS7KWI652,96021,2014.0,Q2TTM,2012-12-30,2013-12-28,,,1.66,1.66,1.13,,1.64,,,,542425000.0,,980885000.0,980885000.0,,980885000.0,,37434523000.0,45479663000.0,,,,21987000.0,,,,,,,6418120000.0,37434523000.0,8045140000.0,125697000.0,,6418120000.0,1627020000.0,-103710000.0,1523310000.0,45479663000.0,585700000.0,584253842.0,587926287.0
Sysco Corp,SYY,5RGWIFLMGH3YS7KWI652,96021,2014.0,Q2,2013-09-29,2013-12-28,2015-02-02 19:58:44+00:00,,0.36,0.36,0.29,,0.36,,,,115369000.0,,210835000.0,210835000.0,,210835000.0,,9273018000.0,11237969000.0,,,,4211000.0,,,,,,,1613174000.0,9273018000.0,1964951000.0,29784000.0,,1613174000.0,351777000.0,-25573000.0,326204000.0,11237969000.0,585700000.0,584253842.0,587926287.0
Sysco Corp,SYY,5RGWIFLMGH3YS7KWI652,96021,2014.0,Q1TTM,2012-09-30,2013-09-28,,,1.68,1.68,1.12,,1.66,,,,557849000.0,,991419000.0,991419000.0,,991419000.0,,37006285000.0,45038584000.0,,,,19529000.0,,,,,,,6374405000.0,37006285000.0,8032299000.0,128155000.0,,6374405000.0,1657894000.0,-108626000.0,1549268000.0,45038584000.0,582800000.0,587621529.0,591458948.0
Sysco Corp,SYY,5RGWIFLMGH3YS7KWI652,96021,2014.0,Q1,2013-06-30,2013-09-28,2014-11-03 17:56:25+00:00,,0.49,0.49,0.28,,0.48,,,,166614000.0,,285590000.0,285590000.0,,285590000.0,,9648780000.0,11714267000.0,,,,4534000.0,,,,,,,1587289000.0,9648780000.0,2065487000.0,30528000.0,,1587289000.0,478198000.0,-25994000.0,452204000.0,11714267000.0,582800000.0,587621529.0,591458948.0
Sysco Corp,SYY,5RGWIFLMGH3YS7KWI652,96021,2015.0,FY,2014-06-29,2015-06-27,2017-08-29 20:45:41+00:00,,1.16,1.16,1.19,,1.15,,,,321374000.0,,686773000.0,686773000.0,,686773000.0,,40129236000.0,48680752000.0,,,,33592000.0,,,,,,,7322154000.0,40129236000.0,8551516000.0,254807000.0,,7322154000.0,1229362000.0,-221215000.0,1008147000.0,48680752000.0,592000000.0,592072308.0,596849034.0
Sysco Corp,SYY,5RGWIFLMGH3YS7KWI652,96021,2015.0,Q4,2015-03-29,2015-06-27,,,0.12,0.12,0.3,,0.11,,,,-4278000.0,,73026000.0,73026000.0,,73026000.0,,10181774000.0,12401938000.0,,,,25034000.0,,,,,,,2099169000.0,10181774000.0,2220164000.0,77281000.0,,2099169000.0,120995000.0,-52247000.0,68748000.0,12401938000.0,592000000.0,592072308.0,596849034.0
Sysco Corp,SYY,5RGWIFLMGH3YS7KWI652,96021,2015.0,Q3,2014-12-28,2015-03-28,2016-05-02 18:10:53+00:00,,0.3,0.3,0.3,,0.3,,,,89380000.0,,176955000.0,176955000.0,,176955000.0,,9689161000.0,11746659000.0,,,,8577000.0,,,,,,,1730190000.0,9689161000.0,2057498000.0,69550000.0,,1730190000.0,327308000.0,-60973000.0,266335000.0,11746659000.0,589900000.0,594030427.0,598921070.0
Sysco Corp,SYY,5RGWIFLMGH3YS7KWI652,96021,2015.0,Q3YTD,2014-06-29,2015-03-28,,,1.04,1.04,0.89,,1.04,,,,325652000.0,,613747000.0,613747000.0,,613747000.0,,29947462000.0,36278814000.0,,,,8558000.0,,,,,,,5222985000.0,29947462000.0,6331352000.0,177526000.0,,5222985000.0,1108367000.0,-168968000.0,939399000.0,36278814000.0,589900000.0,594030427.0,598921070.0
Sysco Corp,SYY,5RGWIFLMGH3YS7KWI652,96021,2015.0,Q3TTM,2014-03-30,2015-03-28,,,1.47,1.47,1.18,,1.47,,,,472014000.0,,867918000.0,867918000.0,,867918000.0,,40078598000.0,48565806000.0,,,,15774000.0,,,,,,,6954319000.0,40078598000.0,8487208000.0,208731000.0,,6954319000.0,1532889000.0,-192957000.0,1339932000.0,48565806000.0,589900000.0,594030427.0,598921070.0
Sysco Corp,SYY,5RGWIFLMGH3YS7KWI652,96021,2015.0,Q2,2014-09-28,2014-12-27,2016-02-01 18:15:46+00:00,,0.27,0.27,0.3,,0.27,,,,78218000.0,,157979000.0,157979000.0,,157979000.0,,10001937000.0,12087074000.0,,,,-2207000.0,,,,,,,1769691000.0,10001937000.0,2085137000.0,77042000.0,,1769691000.0,315446000.0,-79249000.0,236197000.0,12087074000.0,585100000.0,590723351.0,595911680.0
Sysco Corp,SYY,5RGWIFLMGH3YS7KWI652,96021,2015.0,Q2YTD,2014-06-29,2014-12-27,,,0.74,0.74,0.59,,0.74,,,,236272000.0,,436792000.0,436792000.0,,436792000.0,,20258301000.0,24532155000.0,,,,-19000.0,,,,,,,3492795000.0,20258301000.0,4273854000.0,107976000.0,,3492795000.0,781059000.0,-107995000.0,673064000.0,24532155000.0,585100000.0,590723351.0,595911680.0
Sysco Corp,SYY,5RGWIFLMGH3YS7KWI652,96021,2015.0,Q2TTM,2013-12-29,2014-12-27,,,1.48,1.48,1.17,,1.48,,,,498380000.0,,871900000.0,871900000.0,,871900000.0,,39672180000.0,48096631000.0,,,,3479000.0,,,,,,,6886245000.0,39672180000.0,8424451000.0,171405000.0,,6886245000.0,1538206000.0,-167926000.0,1370280000.0,48096631000.0,585100000.0,590723351.0,595911680.0
Sysco Corp,SYY,5RGWIFLMGH3YS7KWI652,96021,2015.0,Q1,2014-06-29,2014-09-27,2015-11-02 18:09:48+00:00,,0.47,0.47,0.29,,0.47,,,,158054000.0,,278813000.0,278813000.0,,278813000.0,,10256364000.0,12445081000.0,,,,2188000.0,,,,,,,1723104000.0,10256364000.0,2188717000.0,30934000.0,,1723104000.0,465613000.0,-28746000.0,436867000.0,12445081000.0,593200000.0,588277056.0,593309750.0
Sysco Corp,SYY,5RGWIFLMGH3YS7KWI652,96021,2015.0,Q1TTM,2013-09-29,2014-09-27,,,1.57,1.57,1.16,,1.57,,,,535531000.0,,924756000.0,924756000.0,,924756000.0,,38943261000.0,47247526000.0,,,,9897000.0,,,,,,,6729728000.0,38943261000.0,8304265000.0,124147000.0,,6729728000.0,1574537000.0,-114250000.0,1460287000.0,47247526000.0,593200000.0,588277056.0,593309750.0
Sysco Corp,SYY,5RGWIFLMGH3YS7KWI652,96021,2016.0,FY,2015-06-28,2016-07-02,2018-08-24 17:41:35+00:00,,1.66,1.66,1.23,,1.64,,,,483385000.0,,949622000.0,949622000.0,,949622000.0,,41326447000.0,50366919000.0,,,,-111347000.0,,,,,,,7189972000.0,41326447000.0,9040472000.0,306146000.0,,7189972000.0,1850500000.0,-417493000.0,1433007000.0,50366919000.0,572100000.0,573057406.0,577391406.0
Sysco Corp,SYY,5RGWIFLMGH3YS7KWI652,96021,2016.0,Q4,2016-03-27,2016-07-02,,,0.39,0.39,0.31,,0.37,,,,115550000.0,,215667000.0,215667000.0,,215667000.0,,11145053000.0,13647891000.0,,,,-141303000.0,,,,,,,1956013000.0,11145053000.0,2502838000.0,74305000.0,,1956013000.0,546825000.0,-215608000.0,331217000.0,13647891000.0,572100000.0,573057406.0,577391406.0
Sysco Corp,SYY,5RGWIFLMGH3YS7KWI652,96021,2016.0,Q3,2015-12-27,2016-03-26,2017-05-08 18:26:58+00:00,,0.38,0.38,0.31,,0.38,,,,109735000.0,,217136000.0,217136000.0,,217136000.0,,9859966000.0,12002791000.0,,,,6952000.0,,,,,,,1765207000.0,9859966000.0,2142825000.0,57699000.0,,1765207000.0,377618000.0,-50747000.0,326871000.0,12002791000.0,571400000.0,566487516.0,570814798.0
Sysco Corp,SYY,5RGWIFLMGH3YS7KWI652,96021,2016.0,Q3YTD,2015-06-28,2016-03-26,,,1.27,1.27,0.92,,1.27,,,,367835000.0,,733955000.0,733955000.0,,733955000.0,,30181394000.0,36719028000.0,,,,29956000.0,,,,,,,5233959000.0,30181394000.0,6537634000.0,231841000.0,,5233959000.0,1303675000.0,-201885000.0,1101790000.0,36719028000.0,571400000.0,566487516.0,570814798.0
Sysco Corp,SYY,5RGWIFLMGH3YS7KWI652,96021,2016.0,Q3TTM,2015-03-29,2016-03-26,,,1.39,1.39,1.22,,1.38,,,,363557000.0,,806981000.0,806981000.0,,806981000.0,,40363168000.0,49120966000.0,,,,54990000.0,,,,,,,7333128000.0,40363168000.0,8757798000.0,309122000.0,,7333128000.0,1424670000.0,-254132000.0,1170538000.0,49120966000.0,571400000.0,566487516.0,570814798.0
Sysco Corp,SYY,5RGWIFLMGH3YS7KWI652,96021,2016.0,Q2,2015-09-27,2015-12-26,2017-02-06 18:03:40+00:00,,0.48,0.48,0.31,,0.48,,,,120713000.0,,272399000.0,272399000.0,,272399000.0,,9996812000.0,12153626000.0,,,,7764000.0,,,,,,,1724231000.0,9996812000.0,2156814000.0,47235000.0,,1724231000.0,432583000.0,-39471000.0,393112000.0,12153626000.0,567500000.0,566881538.0,571452124.0
Sysco Corp,SYY,5RGWIFLMGH3YS7KWI652,96021,2016.0,Q2YTD,2015-06-28,2015-12-26,,,0.89,0.89,0.61,,0.89,,,,258100000.0,,516819000.0,516819000.0,,516819000.0,,20321428000.0,24716237000.0,,,,23004000.0,,,,,,,3468752000.0,20321428000.0,4394809000.0,174142000.0,,3468752000.0,926057000.0,-151138000.0,774919000.0,24716237000.0,567500000.0,566881538.0,571452124.0
Sysco Corp,SYY,5RGWIFLMGH3YS7KWI652,96021,2016.0,Q2TTM,2014-12-28,2015-12-26,,,1.31,1.31,1.21,,1.3,,,,343202000.0,,766800000.0,766800000.0,,766800000.0,,40192363000.0,48864834000.0,,,,56615000.0,,,,,,,7298111000.0,40192363000.0,8672471000.0,320973000.0,,7298111000.0,1374360000.0,-264358000.0,1110002000.0,48864834000.0,567500000.0,566881538.0,571452124.0
Sysco Corp,SYY,5RGWIFLMGH3YS7KWI652,96021,2016.0,Q1,2015-06-28,2015-09-26,2016-11-07 19:35:46+00:00,,0.41,0.41,0.3,,0.41,,,,137387000.0,,244420000.0,244420000.0,,244420000.0,,10324616000.0,12562611000.0,,,,15240000.0,,,,,,,1744521000.0,10324616000.0,2237995000.0,126907000.0,,1744521000.0,493474000.0,-111667000.0,381807000.0,12562611000.0,596100000.0,596698935.0,600789913.0
Sysco Corp,SYY,5RGWIFLMGH3YS7KWI652,96021,2016.0,Q1TTM,2014-09-28,2015-09-26,,,1.1,1.1,1.2,,1.09,,,,300707000.0,,652380000.0,652380000.0,,652380000.0,,40197488000.0,48798282000.0,,,,46644000.0,,,,,,,7343571000.0,40197488000.0,8600794000.0,350780000.0,,7343571000.0,1257223000.0,-304136000.0,953087000.0,48798282000.0,596100000.0,596698935.0,600789913.0
Sysco Corp,SYY,5RGWIFLMGH3YS7KWI652,96021,2017.0,FY,2016-07-03,2017-07-01,2019-08-23 18:05:47+00:00,,2.1,2.1,1.3,,2.08,,,,623727000.0,,1142503000.0,1142503000.0,,1142503000.0,,44813632000.0,55371139000.0,,,,14492000.0,,,,,,,8502891000.0,44813632000.0,10557507000.0,302878000.0,,8502891000.0,2054616000.0,-288386000.0,1766230000.0,55371139000.0,544000000.0,543496816.0,548545027.0
Sysco Corp,SYY,5RGWIFLMGH3YS7KWI652,96021,2017.0,Q4,2017-04-02,2017-07-01,,,0.58,0.58,0.33,,0.56,,,,178354000.0,,305171000.0,305171000.0,,305171000.0,,11661455000.0,14421045000.0,,,,141000.0,,,,,,,2200186000.0,11661455000.0,2759590000.0,76020000.0,,2200186000.0,559404000.0,-75879000.0,483525000.0,14421045000.0,544000000.0,543496816.0,548545027.0
Sysco Corp,SYY,5RGWIFLMGH3YS7KWI652,96021,2017.0,Q3,2017-01-01,2017-04-01,2018-05-07 18:15:07+00:00,,0.44,0.44,0.33,,0.44,,,,121495000.0,,238278000.0,238278000.0,,238278000.0,,10990037000.0,13524172000.0,,,,4815000.0,,,,,,,2098173000.0,10990037000.0,2534135000.0,81004000.0,,2098173000.0,435962000.0,-76189000.0,359773000.0,13524172000.0,541500000.0,539291561.0,544068915.0
Sysco Corp,SYY,5RGWIFLMGH3YS7KWI652,96021,2017.0,Q3YTD,2016-07-03,2017-04-01,,,1.52,1.52,0.97,,1.52,,,,445373000.0,,837332000.0,837332000.0,,837332000.0,,33152177000.0,40950094000.0,,,,14351000.0,,,,,,,6302705000.0,33152177000.0,7797917000.0,226858000.0,,6302705000.0,1495212000.0,-212507000.0,1282705000.0,40950094000.0,541500000.0,539291561.0,544068915.0
Sysco Corp,SYY,5RGWIFLMGH3YS7KWI652,96021,2017.0,Q3TTM,2016-03-27,2017-04-01,,,1.91,1.91,1.28,,1.89,,,,560923000.0,,1052999000.0,1052999000.0,,1052999000.0,,44297230000.0,54597985000.0,,,,-126952000.0,,,,,,,8258718000.0,44297230000.0,10300755000.0,301163000.0,,8258718000.0,2042037000.0,-428115000.0,1613922000.0,54597985000.0,541500000.0,539291561.0,544068915.0
Sysco Corp,SYY,5RGWIFLMGH3YS7KWI652,96021,2017.0,Q2,2016-10-02,2016-12-31,2018-02-05 21:20:10+00:00,,0.5,0.5,0.33,,0.5,,,,147339000.0,,275167000.0,275167000.0,,275167000.0,,10885405000.0,13457268000.0,,,,2320000.0,,,,,,,2079446000.0,10885405000.0,2571863000.0,72231000.0,,2079446000.0,492417000.0,-69911000.0,422506000.0,13457268000.0,550300000.0,545132762.0,550372067.0
Sysco Corp,SYY,5RGWIFLMGH3YS7KWI652,96021,2017.0,Q2YTD,2016-07-03,2016-12-31,,,1.08,1.08,0.64,,1.08,,,,323878000.0,,599054000.0,599054000.0,,599054000.0,,22162140000.0,27425922000.0,,,,9536000.0,,,,,,,4204532000.0,22162140000.0,5263782000.0,145854000.0,,4204532000.0,1059250000.0,-136318000.0,922932000.0,27425922000.0,550300000.0,545132762.0,550372067.0
Sysco Corp,SYY,5RGWIFLMGH3YS7KWI652,96021,2017.0,Q2TTM,2015-12-27,2016-12-31,,,1.85,1.85,1.26,,1.83,,,,549163000.0,,1031857000.0,1031857000.0,,1031857000.0,,43167159000.0,53076604000.0,,,,-124815000.0,,,,,,,7925752000.0,43167159000.0,9909445000.0,277858000.0,,7925752000.0,1983693000.0,-402673000.0,1581020000.0,53076604000.0,550300000.0,545132762.0,550372067.0
Sysco Corp,SYY,5RGWIFLMGH3YS7KWI652,96021,2017.0,Q1,2016-07-03,2016-10-01,2017-11-09 08:15:31+00:00,,0.58,0.58,0.31,,0.58,,,,176539000.0,,323887000.0,323887000.0,,323887000.0,,11276735000.0,13968654000.0,,,,7216000.0,,,,,,,2125086000.0,11276735000.0,2691919000.0,73623000.0,,2125086000.0,566833000.0,-66407000.0,500426000.0,13968654000.0,558400000.0,555437764.0,560954068.0
Sysco Corp,SYY,5RGWIFLMGH3YS7KWI652,96021,2017.0,Q1TTM,2015-09-27,2016-10-01,,,1.83,1.83,1.24,,1.81,,,,522537000.0,,1029089000.0,1029089000.0,,1029089000.0,,42278566000.0,51772962000.0,,,,-119371000.0,,,,,,,7570537000.0,42278566000.0,9494396000.0,252862000.0,,7570537000.0,1923859000.0,-372233000.0,1551626000.0,51772962000.0,558400000.0,555437764.0,560954068.0
Sysco Corp,SYY,5RGWIFLMGH3YS7KWI652,96021,2018.0,FY,2017-07-02,2018-06-30,2019-08-23 18:05:47+00:00,,2.74,2.74,1.41,,2.7,,,,525458000.0,,1430766000.0,1430766000.0,,1430766000.0,,47641933000.0,58727324000.0,,,,37651000.0,,,,,,,8771335000.0,47641933000.0,11085391000.0,395483000.0,,8771335000.0,2314056000.0,-357832000.0,1956224000.0,58727324000.0,522200000.0,522926914.0,529089854.0
Sysco Corp,SYY,5RGWIFLMGH3YS7KWI652,96021,2018.0,Q4,2018-04-01,2018-06-30,,,0.86,0.86,0.36,,0.84,,,,144228000.0,,448928000.0,448928000.0,,448928000.0,,12399197000.0,15315906000.0,,,,1688000.0,,,,,,,2232773000.0,12399197000.0,2916709000.0,92468000.0,,2232773000.0,683936000.0,-90780000.0,593156000.0,15315906000.0,522200000.0,522926914.0,529089854.0
Sysco Corp,SYY,5RGWIFLMGH3YS7KWI652,96021,2018.0,Q3,2017-12-31,2018-03-31,2019-05-06 18:09:16+00:00,,0.63,0.63,0.36,,0.63,,,,34799000.0,,330085000.0,330085000.0,,330085000.0,,11673876000.0,14349504000.0,,,,18826000.0,,,,,,,2193425000.0,11673876000.0,2675628000.0,136145000.0,,2193425000.0,482203000.0,-117319000.0,364884000.0,14349504000.0,523900000.0,521832671.0,527990563.0
Sysco Corp,SYY,5RGWIFLMGH3YS7KWI652,96021,2018.0,Q3YTD,2017-07-02,2018-03-31,,,1.88,1.88,1.05,,1.86,,,,381230000.0,,981838000.0,981838000.0,,981838000.0,,35242736000.0,43411418000.0,,,,35963000.0,,,,,,,6538562000.0,35242736000.0,8168682000.0,303015000.0,,6538562000.0,1630120000.0,-267052000.0,1363068000.0,43411418000.0,523900000.0,521832671.0,527990563.0
Sysco Corp,SYY,5RGWIFLMGH3YS7KWI652,96021,2018.0,Q3TTM,2017-04-02,2018-03-31,,,2.46,2.46,1.38,,2.42,,,,559584000.0,,1287009000.0,1287009000.0,,1287009000.0,,46904191000.0,57832463000.0,,,,36104000.0,,,,,,,8738748000.0,46904191000.0,10928272000.0,379035000.0,,8738748000.0,2189524000.0,-342931000.0,1846593000.0,57832463000.0,523900000.0,521832671.0,527990563.0
Sysco Corp,SYY,5RGWIFLMGH3YS7KWI652,96021,2018.0,Q2,2017-10-01,2017-12-30,2019-02-04 17:53:46+00:00,,0.55,0.55,0.36,,0.54,,,,167615000.0,,284113000.0,284113000.0,,284113000.0,,11712104000.0,14411490000.0,,,,9162000.0,,,,,,,2170834000.0,11712104000.0,2699386000.0,85986000.0,,2170834000.0,528552000.0,-76824000.0,451728000.0,14411490000.0,516600000.0,521284182.0,527249587.0
Sysco Corp,SYY,5RGWIFLMGH3YS7KWI652,96021,2018.0,Q2YTD,2017-07-02,2017-12-30,,,1.25,1.25,0.69,,1.23,,,,346431000.0,,651753000.0,651753000.0,,651753000.0,,23568860000.0,29061914000.0,,,,17137000.0,,,,,,,4345137000.0,23568860000.0,5493054000.0,166870000.0,,4345137000.0,1147917000.0,-149733000.0,998184000.0,29061914000.0,516600000.0,521284182.0,527249587.0
Sysco Corp,SYY,5RGWIFLMGH3YS7KWI652,96021,2018.0,Q2TTM,2017-01-01,2017-12-30,,,2.27,2.27,1.35,,2.23,,,,646280000.0,,1195202000.0,1195202000.0,,1195202000.0,,46220352000.0,57007131000.0,,,,22093000.0,,,,,,,8643496000.0,46220352000.0,10786779000.0,323894000.0,,8643496000.0,2143283000.0,-301801000.0,1841482000.0,57007131000.0,516600000.0,521284182.0,527249587.0
Sysco Corp,SYY,5RGWIFLMGH3YS7KWI652,96021,2018.0,Q1,2017-07-02,2017-09-30,2018-11-05 17:42:30+00:00,,0.7,0.7,0.33,,0.69,,,,178816000.0,,367640000.0,367640000.0,,367640000.0,,11856756000.0,14650424000.0,,,,7975000.0,,,,,,,2174303000.0,11856756000.0,2793668000.0,80884000.0,,2174303000.0,619365000.0,-72909000.0,546456000.0,14650424000.0,525200000.0,527289675.0,533063426.0
Sysco Corp,SYY,5RGWIFLMGH3YS7KWI652,96021,2018.0,Q1TTM,2016-10-02,2017-09-30,,,2.22,2.22,1.32,,2.19,,,,626004000.0,,1186256000.0,1186256000.0,,1186256000.0,,45393653000.0,56052909000.0,,,,15251000.0,,,,,,,8552108000.0,45393653000.0,10659256000.0,310139000.0,,8552108000.0,2107148000.0,-294888000.0,1812260000.0,56052909000.0,525200000.0,527289675.0,533063426.0
Sysco Corp,SYY,5RGWIFLMGH3YS7KWI652,96021,2019.0,Q4,2019-03-31,2019-06-29,,,1.03,1.03,1.53,,1.03,,,,146542000.0,,535766000.0,535766000.0,,535766000.0,,12495670000.0,15474862000.0,,,,51558000.0,,,,,,,2258662000.0,12495670000.0,2979192000.0,89780000.0,,2258662000.0,720530000.0,-38222000.0,682308000.0,15474862000.0,516800000.0,516890581.0,523381124.0
Sysco Corp,SYY,5RGWIFLMGH3YS7KWI652,96021,2019.0,FY,2018-07-01,2019-06-29,2019-08-23 18:05:47+00:00,,3.24,3.24,1.53,,3.2,,,,331565000.0,,1674271000.0,1674271000.0,,1674271000.0,,48704935000.0,60113922000.0,,,,36109000.0,,,,,,,9078837000.0,48704935000.0,11408987000.0,360423000.0,,9078837000.0,2330150000.0,-324314000.0,2005836000.0,60113922000.0,516800000.0,516890581.0,523381124.0
Sysco Corp,SYY,5RGWIFLMGH3YS7KWI652,96021,2019.0,Q3,2018-12-30,2019-03-30,2020-05-05 18:19:28+00:00,,0.86,0.86,,,0.85,,,,-9132000.0,,440083000.0,440083000.0,,440083000.0,,11903776000.0,14658074000.0,,,,-4120000.0,,,,,,,2224713000.0,11903776000.0,2754298000.0,94514000.0,,2224713000.0,529585000.0,-98634000.0,430951000.0,14658074000.0,511700000.0,514185453.0,519821311.0
Sysco Corp,SYY,5RGWIFLMGH3YS7KWI652,96021,2019.0,Q3YTD,2018-07-01,2019-03-30,,,2.21,2.21,,,2.17,,,,185023000.0,,1138505000.0,1138505000.0,,1138505000.0,,36209265000.0,44639060000.0,,,,-15449000.0,,,,,,,6820175000.0,36209265000.0,8429795000.0,270643000.0,,6820175000.0,1609620000.0,-286092000.0,1323528000.0,44639060000.0,511700000.0,514185453.0,519821311.0
Sysco Corp,SYY,5RGWIFLMGH3YS7KWI652,96021,2019.0,Q3TTM,2018-04-01,2019-03-30,,,3.07,3.07,0.36,,3.01,,,,329251000.0,,1587433000.0,1587433000.0,,1587433000.0,,48608462000.0,59954966000.0,,,,-13761000.0,,,,,,,9052948000.0,48608462000.0,11346504000.0,363111000.0,,9052948000.0,2293556000.0,-376872000.0,1916684000.0,59954966000.0,511700000.0,514185453.0,519821311.0
Sysco Corp,SYY,5RGWIFLMGH3YS7KWI652,96021,2019.0,Q2,2018-09-30,2018-12-29,2020-02-04 18:12:14+00:00,,0.52,0.52,,,0.51,,,,87205000.0,,267380000.0,267380000.0,,267380000.0,,11993995000.0,14765707000.0,,,,-10197000.0,,,,,,,2319817000.0,11993995000.0,2771712000.0,87113000.0,,2319817000.0,451895000.0,-97310000.0,354585000.0,14765707000.0,514200000.0,517871328.0,524600510.0
Sysco Corp,SYY,5RGWIFLMGH3YS7KWI652,96021,2019.0,Q2YTD,2018-07-01,2018-12-29,,,1.35,1.35,,,1.32,,,,194155000.0,,698422000.0,698422000.0,,698422000.0,,24305489000.0,29980986000.0,,,,-11329000.0,,,,,,,4595462000.0,24305489000.0,5675497000.0,176129000.0,,4595462000.0,1080035000.0,-187458000.0,892577000.0,29980986000.0,514200000.0,517871328.0,524600510.0
Sysco Corp,SYY,5RGWIFLMGH3YS7KWI652,96021,2019.0,Q2TTM,2017-12-31,2018-12-29,,,2.84,2.84,0.72,,2.79,,,,373182000.0,,1477435000.0,1477435000.0,,1477435000.0,,48378562000.0,59646396000.0,,,,9185000.0,,,,,,,9021660000.0,48378562000.0,11267834000.0,404742000.0,,9021660000.0,2246174000.0,-395557000.0,1850617000.0,59646396000.0,514200000.0,517871328.0,524600510.0
Sysco Corp,SYY,5RGWIFLMGH3YS7KWI652,96021,2019.0,Q1,2018-07-01,2018-09-29,2019-11-04 18:31:25+00:00,,0.83,0.83,0.36,,0.81,,,,106950000.0,,431042000.0,431042000.0,,431042000.0,,12311494000.0,15215279000.0,,,,-1132000.0,,,,,,,2275645000.0,12311494000.0,2903785000.0,89016000.0,,2275645000.0,628140000.0,-90148000.0,537992000.0,15215279000.0,519300000.0,520856599.0,529034470.0
Sysco Corp,SYY,5RGWIFLMGH3YS7KWI652,96021,2019.0,Q1TTM,2017-10-01,2018-09-29,,,2.87,2.87,1.08,,2.82,,,,453592000.0,,1494168000.0,1494168000.0,,1494168000.0,,48096671000.0,59292179000.0,,,,28544000.0,,,,,,,8872677000.0,48096671000.0,11195508000.0,403615000.0,,8872677000.0,2322831000.0,-375071000.0,1947760000.0,59292179000.0,519300000.0,520856599.0,529034470.0
Sysco Corp,SYY,5RGWIFLMGH3YS7KWI652,96021,2020.0,Q3YTD,2019-06-30,2020-03-28,,,1.62,1.62,,,1.6,,,,195735000.0,,833894000.0,833894000.0,,833894000.0,,35690737000.0,44026746000.0,,,,-7505000.0,,,,,,,7054924000.0,35690737000.0,8336009000.0,243951000.0,,7054924000.0,1281085000.0,-251456000.0,1029629000.0,44026746000.0,329700000.0,508745253.0,512657657.0
Sysco Corp,SYY,5RGWIFLMGH3YS7KWI652,96021,2020.0,Q3TTM,2019-03-31,2020-03-28,,,2.65,2.65,1.53,,2.63,,,,342277000.0,,1369660000.0,1369660000.0,,1369660000.0,,48186407000.0,59501608000.0,,,,44053000.0,,,,,,,9313586000.0,48186407000.0,11315201000.0,333731000.0,,9313586000.0,2001615000.0,-289678000.0,1711937000.0,59501608000.0,329700000.0,508745253.0,512657657.0
Sysco Corp,SYY,5RGWIFLMGH3YS7KWI652,96021,2020.0,Q3,2019-12-29,2020-03-28,2020-05-05 18:19:28+00:00,,-0.01,-0.01,,,-0.01,,,,-25483000.0,,-3297000.0,-3297000.0,,-3297000.0,,11134459000.0,13698699000.0,,,,-5200000.0,,,,,,,2503966000.0,11134459000.0,2564240000.0,83854000.0,,2503966000.0,60274000.0,-89054000.0,-28780000.0,13698699000.0,329700000.0,508745253.0,512657657.0
Sysco Corp,SYY,5RGWIFLMGH3YS7KWI652,96021,2020.0,Q2YTD,2019-06-30,2019-12-28,,,1.63,1.63,,,1.61,,,,221218000.0,,837191000.0,837191000.0,,837191000.0,,24556278000.0,30328047000.0,,,,-2305000.0,,,,,,,4550958000.0,24556278000.0,5771769000.0,160097000.0,,4550958000.0,1220811000.0,-162402000.0,1058409000.0,30328047000.0,511200000.0,509984743.0,515517792.0
Sysco Corp,SYY,5RGWIFLMGH3YS7KWI652,96021,2020.0,Q2TTM,2018-12-30,2019-12-28,,,3.52,3.52,1.53,,3.49,,,,358628000.0,,1813040000.0,1813040000.0,,1813040000.0,,48955724000.0,60460983000.0,,,,45133000.0,,,,,,,9034333000.0,48955724000.0,11505259000.0,344391000.0,,9034333000.0,2470926000.0,-299258000.0,2171668000.0,60460983000.0,511200000.0,509984743.0,515517792.0
Sysco Corp,SYY,5RGWIFLMGH3YS7KWI652,96021,2020.0,Q2,2019-09-29,2019-12-28,2020-02-04 18:12:14+00:00,,0.75,0.75,,,0.74,,,,93128000.0,,383410000.0,383410000.0,,383410000.0,,12196643000.0,15025042000.0,,,,807000.0,,,,,,,2275906000.0,12196643000.0,2828399000.0,76762000.0,,2275906000.0,552493000.0,-75955000.0,476538000.0,15025042000.0,511200000.0,509984743.0,515517792.0
Sysco Corp,SYY,5RGWIFLMGH3YS7KWI652,96021,2020.0,Q1,2019-06-30,2019-09-28,2019-11-04 18:31:25+00:00,,0.88,0.88,0.39,,0.87,,,,128090000.0,,453781000.0,453781000.0,,453781000.0,,12359635000.0,15303005000.0,,,,-3112000.0,,,,,,,2275052000.0,12359635000.0,2943370000.0,83335000.0,,2275052000.0,668318000.0,-86447000.0,581871000.0,15303005000.0,515700000.0,513496296.0,518761456.0
Sysco Corp,SYY,5RGWIFLMGH3YS7KWI652,96021,2020.0,Q1TTM,2018-09-30,2019-09-28,,,3.29,3.29,1.53,,3.26,,,,352705000.0,,1697010000.0,1697010000.0,,1697010000.0,,48753076000.0,60201648000.0,,,,34129000.0,,,,,,,9078244000.0,48753076000.0,11448572000.0,354742000.0,,9078244000.0,2370328000.0,-320613000.0,2049715000.0,60201648000.0,515700000.0,513496296.0,518761456.0
