company_name,company_ticker,company_lei,company_cik,year,quarter,start_date,end_date,filing_date,amortizationexpense,basicdilutedeps,basiceps,cashdividendspershare,dilutedeps,incometaxexpense,netincome,netincomecontinuing,netincometocommon,operatingcostofrevenue,operatingrevenue,otheradjustmentstoconsolidatednetincome,othergains,otherincome,otherspecialcharges,rdexpense,restructuringcharge,sgaexpense,totalcostofrevenue,totalgrossprofit,totalinterestexpense,totalinterestincome,totaloperatingexpenses,totaloperatingincome,totalotherincome,totalpretaxincome,totalrevenue,weightedavebasicdilutedsharesos,weightedavebasicsharesos,weightedavedilutedsharesos
Corning Inc,GLW,549300X2937PB0CJ7I56,24741,2007.0,FY,2007-01-01,2007-12-31,2010-02-10 16:04:52+00:00,10000000.0,1.37,1.37,0.1,1.34,121000000.0,2150000000.0,2150000000.0,2150000000.0,3111000000.0,5860000000.0,,,144000000.0,185000000.0,565000000.0,-4000000.0,912000000.0,3111000000.0,2749000000.0,82000000.0,1128000000.0,1668000000.0,1081000000.0,1190000000.0,2271000000.0,5860000000.0,1569300000.0,1569300000.0,1604500000.0
Corning Inc,GLW,549300X2937PB0CJ7I56,24741,2008.0,FY,2008-01-01,2008-12-31,2011-02-10 16:06:53+00:00,11000000.0,3.37,3.37,0.2,3.32,-2375000000.0,5257000000.0,5257000000.0,5257000000.0,3210000000.0,5948000000.0,,,-22000000.0,-340000000.0,627000000.0,19000000.0,901000000.0,3210000000.0,2738000000.0,59000000.0,1443000000.0,1218000000.0,1520000000.0,1362000000.0,2882000000.0,5948000000.0,1560000000.0,1560000000.0,1560000000.0
Corning Inc,GLW,549300X2937PB0CJ7I56,24741,2008.0,Q3,2008-07-01,2008-09-30,2009-11-02 16:01:17+00:00,2000000.0,0.49,0.49,0.05,0.49,-51000000.0,768000000.0,768000000.0,768000000.0,820000000.0,1555000000.0,,,-30000000.0,6000000.0,160000000.0,-2000000.0,220000000.0,820000000.0,735000000.0,15000000.0,413000000.0,386000000.0,349000000.0,368000000.0,717000000.0,1555000000.0,1567300000.0,1567300000.0,1567300000.0
Corning Inc,GLW,549300X2937PB0CJ7I56,24741,2008.0,Q2,2008-04-01,2008-06-30,2009-07-29 16:03:05+00:00,3000000.0,2.05,2.05,0.05,2.01,-2381000000.0,3211000000.0,3211000000.0,3211000000.0,840000000.0,1692000000.0,,,39000000.0,9000000.0,163000000.0,0.0,260000000.0,840000000.0,852000000.0,15000000.0,389000000.0,435000000.0,417000000.0,413000000.0,830000000.0,1692000000.0,1566300000.0,1566300000.0,1597500000.0
Corning Inc,GLW,549300X2937PB0CJ7I56,24741,2009.0,FY,2009-01-01,2009-12-31,2012-02-13 16:08:03+00:00,10000000.0,1.3,1.3,0.2,1.28,-74000000.0,2008000000.0,2008000000.0,2008000000.0,3302000000.0,5395000000.0,,,171000000.0,20000000.0,563000000.0,228000000.0,881000000.0,3302000000.0,2093000000.0,82000000.0,1454000000.0,1702000000.0,391000000.0,1543000000.0,1934000000.0,5395000000.0,1550000000.0,1550000000.0,1550000000.0
Corning Inc,GLW,549300X2937PB0CJ7I56,24741,2009.0,Q4,2009-10-01,2009-12-31,,2000000.0,0.49,0.49,0.05,0.47,-36000000.0,740000000.0,740000000.0,740000000.0,883000000.0,1532000000.0,,,64000000.0,5000000.0,145000000.0,53000000.0,244000000.0,883000000.0,649000000.0,24000000.0,464000000.0,449000000.0,200000000.0,504000000.0,704000000.0,1532000000.0,1550000000.0,1550000000.0,1550000000.0
Corning Inc,GLW,549300X2937PB0CJ7I56,24741,2009.0,Q3YTD,2009-01-01,2009-09-30,,8000000.0,0.81,0.81,0.15,0.81,-38000000.0,1268000000.0,1268000000.0,1268000000.0,2419000000.0,3863000000.0,,,107000000.0,15000000.0,418000000.0,175000000.0,637000000.0,2419000000.0,1444000000.0,58000000.0,990000000.0,1253000000.0,191000000.0,1039000000.0,1230000000.0,3863000000.0,1550000000.0,1550000000.0,1550000000.0
Corning Inc,GLW,549300X2937PB0CJ7I56,24741,2009.0,Q3,2009-07-01,2009-09-30,2010-11-01 16:02:29+00:00,3000000.0,0.41,0.41,0.05,0.41,32000000.0,643000000.0,643000000.0,643000000.0,880000000.0,1479000000.0,,,47000000.0,6000000.0,131000000.0,10000000.0,219000000.0,880000000.0,599000000.0,24000000.0,422000000.0,369000000.0,230000000.0,445000000.0,675000000.0,1479000000.0,1550000000.0,1550000000.0,1550000000.0
Corning Inc,GLW,549300X2937PB0CJ7I56,24741,2009.0,Q2YTD,2009-01-01,2009-06-30,,5000000.0,0.4,0.4,0.1,0.4,-70000000.0,625000000.0,625000000.0,625000000.0,1539000000.0,2384000000.0,,,60000000.0,9000000.0,287000000.0,165000000.0,418000000.0,1539000000.0,845000000.0,34000000.0,568000000.0,884000000.0,-39000000.0,594000000.0,555000000.0,2384000000.0,1550000000.0,1550000000.0,1550000000.0
Corning Inc,GLW,549300X2937PB0CJ7I56,24741,2009.0,Q2,2009-04-01,2009-06-30,2010-07-30 16:01:40+00:00,2000000.0,0.39,0.39,0.05,0.39,-4000000.0,611000000.0,611000000.0,611000000.0,820000000.0,1395000000.0,,,40000000.0,5000000.0,136000000.0,,211000000.0,820000000.0,575000000.0,20000000.0,366000000.0,354000000.0,221000000.0,386000000.0,607000000.0,1395000000.0,1550000000.0,1550000000.0,1550000000.0
Corning Inc,GLW,549300X2937PB0CJ7I56,24741,2009.0,Q1,2009-01-01,2009-03-31,2010-04-30 16:00:53+00:00,3000000.0,0.01,0.01,0.05,0.01,-66000000.0,14000000.0,14000000.0,14000000.0,719000000.0,989000000.0,,,20000000.0,4000000.0,151000000.0,165000000.0,207000000.0,719000000.0,270000000.0,14000000.0,202000000.0,530000000.0,-260000000.0,208000000.0,-52000000.0,989000000.0,1400000000.0,1400000000.0,1400000000.0
Corning Inc,GLW,549300X2937PB0CJ7I56,24741,2010.0,Q4,2010-10-01,2010-12-31,,2000000.0,0.67,0.67,0.05,0.65,145000000.0,1044000000.0,1044000000.0,1044000000.0,998000000.0,1765000000.0,,,54000000.0,-8000000.0,166000000.0,-326000000.0,284000000.0,998000000.0,767000000.0,28000000.0,514000000.0,118000000.0,649000000.0,540000000.0,1189000000.0,1765000000.0,1558000000.0,1558000000.0,1558000000.0
Corning Inc,GLW,549300X2937PB0CJ7I56,24741,2010.0,FY,2010-01-01,2010-12-31,2013-02-13 16:06:18+00:00,8000000.0,2.28,2.28,0.2,2.25,287000000.0,3558000000.0,3558000000.0,3558000000.0,3583000000.0,6632000000.0,,,184000000.0,-49000000.0,603000000.0,-329000000.0,1015000000.0,3583000000.0,3049000000.0,109000000.0,1969000000.0,1248000000.0,1801000000.0,2044000000.0,3845000000.0,6632000000.0,1558000000.0,1558000000.0,1558000000.0
Corning Inc,GLW,549300X2937PB0CJ7I56,24741,2010.0,Q3,2010-07-01,2010-09-30,2011-10-27 16:02:15+00:00,2000000.0,0.5,0.5,0.05,0.5,14000000.0,785000000.0,785000000.0,785000000.0,878000000.0,1602000000.0,,,2000000.0,6000000.0,148000000.0,-1000000.0,250000000.0,878000000.0,724000000.0,29000000.0,507000000.0,405000000.0,319000000.0,480000000.0,799000000.0,1602000000.0,1557000000.0,1557000000.0,1557000000.0
Corning Inc,GLW,549300X2937PB0CJ7I56,24741,2010.0,Q3YTD,2010-01-01,2010-09-30,,6000000.0,1.61,1.61,0.15,1.6,142000000.0,2514000000.0,2514000000.0,2514000000.0,2585000000.0,4867000000.0,,,130000000.0,-41000000.0,437000000.0,-3000000.0,731000000.0,2585000000.0,2282000000.0,81000000.0,1455000000.0,1130000000.0,1152000000.0,1504000000.0,2656000000.0,4867000000.0,1557000000.0,1557000000.0,1557000000.0
Corning Inc,GLW,549300X2937PB0CJ7I56,24741,2010.0,Q3TTM,2009-10-01,2010-09-30,,8000000.0,2.1,2.1,0.2,2.07,106000000.0,3254000000.0,3254000000.0,3254000000.0,3468000000.0,6399000000.0,,,194000000.0,-36000000.0,582000000.0,50000000.0,975000000.0,3468000000.0,2931000000.0,105000000.0,1919000000.0,1579000000.0,1352000000.0,2008000000.0,3360000000.0,6399000000.0,1557000000.0,1557000000.0,1557000000.0
Corning Inc,GLW,549300X2937PB0CJ7I56,24741,2010.0,Q2,2010-04-01,2010-06-30,2011-07-29 16:11:55+00:00,2000000.0,0.59,0.59,0.05,0.58,31000000.0,913000000.0,913000000.0,913000000.0,885000000.0,1712000000.0,,,64000000.0,5000000.0,144000000.0,,246000000.0,885000000.0,827000000.0,26000000.0,476000000.0,397000000.0,430000000.0,514000000.0,944000000.0,1712000000.0,1558000000.0,1558000000.0,1558000000.0
Corning Inc,GLW,549300X2937PB0CJ7I56,24741,2010.0,Q2YTD,2010-01-01,2010-06-30,,4000000.0,1.11,1.11,0.1,1.1,128000000.0,1729000000.0,1729000000.0,1729000000.0,1707000000.0,3265000000.0,,,128000000.0,-47000000.0,289000000.0,-2000000.0,481000000.0,1707000000.0,1558000000.0,52000000.0,948000000.0,725000000.0,833000000.0,1024000000.0,1857000000.0,3265000000.0,1558000000.0,1558000000.0,1558000000.0
Corning Inc,GLW,549300X2937PB0CJ7I56,24741,2010.0,Q2TTM,2009-07-01,2010-06-30,,9000000.0,2.01,2.01,0.2,1.98,124000000.0,3112000000.0,3112000000.0,3112000000.0,3470000000.0,6276000000.0,,,239000000.0,-36000000.0,565000000.0,61000000.0,944000000.0,3470000000.0,2806000000.0,100000000.0,1834000000.0,1543000000.0,1263000000.0,1973000000.0,3236000000.0,6276000000.0,1558000000.0,1558000000.0,1558000000.0
Corning Inc,GLW,549300X2937PB0CJ7I56,24741,2010.0,Q1,2010-01-01,2010-03-31,2011-04-29 16:02:35+00:00,2000000.0,0.52,0.52,0.05,0.52,97000000.0,816000000.0,816000000.0,816000000.0,822000000.0,1553000000.0,,,64000000.0,-52000000.0,145000000.0,-2000000.0,235000000.0,822000000.0,731000000.0,26000000.0,472000000.0,328000000.0,403000000.0,510000000.0,913000000.0,1553000000.0,1555000000.0,1555000000.0,1555000000.0
Corning Inc,GLW,549300X2937PB0CJ7I56,24741,2010.0,Q1TTM,2009-04-01,2010-03-31,,9000000.0,1.81,1.81,0.2,1.79,89000000.0,2810000000.0,2810000000.0,2810000000.0,3405000000.0,5959000000.0,,,215000000.0,-36000000.0,557000000.0,61000000.0,909000000.0,3405000000.0,2554000000.0,94000000.0,1724000000.0,1500000000.0,1054000000.0,1845000000.0,2899000000.0,5959000000.0,1555000000.0,1555000000.0,1555000000.0
Corning Inc,GLW,549300X2937PB0CJ7I56,24741,2011.0,Q4,2011-10-01,2011-12-31,,4000000.0,0.32,0.32,0.08,0.33,67000000.0,503000000.0,503000000.0,503000000.0,1052000000.0,1887000000.0,,,21000000.0,9000000.0,174000000.0,129000000.0,278000000.0,1052000000.0,835000000.0,17000000.0,325000000.0,594000000.0,241000000.0,329000000.0,570000000.0,1887000000.0,1562000000.0,1562000000.0,1562000000.0
Corning Inc,GLW,549300X2937PB0CJ7I56,24741,2011.0,FY,2011-01-01,2011-12-31,2014-02-10 12:09:06+00:00,15000000.0,1.8,1.8,0.23,1.78,414000000.0,2817000000.0,2817000000.0,2817000000.0,4314000000.0,7890000000.0,,,118000000.0,24000000.0,668000000.0,129000000.0,1028000000.0,4314000000.0,3576000000.0,89000000.0,1490000000.0,1864000000.0,1712000000.0,1519000000.0,3231000000.0,7890000000.0,1562000000.0,1562000000.0,1562000000.0
Corning Inc,GLW,549300X2937PB0CJ7I56,24741,2011.0,Q3YTD,2011-01-01,2011-09-30,,11000000.0,1.48,1.48,0.15,1.45,347000000.0,2314000000.0,2314000000.0,2314000000.0,3262000000.0,6003000000.0,,,97000000.0,15000000.0,494000000.0,,750000000.0,3262000000.0,2741000000.0,72000000.0,1165000000.0,1270000000.0,1471000000.0,1190000000.0,2661000000.0,6003000000.0,1569000000.0,1569000000.0,1569000000.0
Corning Inc,GLW,549300X2937PB0CJ7I56,24741,2011.0,Q3TTM,2010-10-01,2011-09-30,,13000000.0,2.15,2.15,0.2,2.1,492000000.0,3358000000.0,3358000000.0,3358000000.0,4260000000.0,7768000000.0,,,151000000.0,7000000.0,660000000.0,-326000000.0,1034000000.0,4260000000.0,3508000000.0,100000000.0,1679000000.0,1388000000.0,2120000000.0,1730000000.0,3850000000.0,7768000000.0,1569000000.0,1569000000.0,1569000000.0
Corning Inc,GLW,549300X2937PB0CJ7I56,24741,2011.0,Q2YTD,2011-01-01,2011-06-30,,7000000.0,0.96,0.96,0.1,0.94,237000000.0,1503000000.0,1503000000.0,1503000000.0,2165000000.0,3928000000.0,,,70000000.0,10000000.0,328000000.0,,534000000.0,2165000000.0,1763000000.0,49000000.0,835000000.0,879000000.0,884000000.0,856000000.0,1740000000.0,3928000000.0,1572900000.0,1572900000.0,1606400000.0
Corning Inc,GLW,549300X2937PB0CJ7I56,24741,2011.0,Q2TTM,2010-07-01,2011-06-30,,11000000.0,2.13,2.13,0.2,2.09,396000000.0,3332000000.0,3332000000.0,3332000000.0,4041000000.0,7295000000.0,,,126000000.0,8000000.0,642000000.0,-327000000.0,1068000000.0,4041000000.0,3254000000.0,106000000.0,1856000000.0,1402000000.0,1852000000.0,1876000000.0,3728000000.0,7295000000.0,1572900000.0,1572900000.0,1606400000.0
Corning Inc,GLW,549300X2937PB0CJ7I56,24741,2011.0,Q2,2011-04-01,2011-06-30,2012-07-27 16:02:15+00:00,4000000.0,0.48,0.48,0.05,0.47,123000000.0,755000000.0,755000000.0,755000000.0,1116000000.0,2005000000.0,,,43000000.0,5000000.0,172000000.0,,284000000.0,1116000000.0,889000000.0,22000000.0,433000000.0,465000000.0,424000000.0,454000000.0,878000000.0,2005000000.0,1572900000.0,1572900000.0,1606400000.0
Corning Inc,GLW,549300X2937PB0CJ7I56,24741,2011.0,Q1TTM,2010-04-01,2011-03-31,,9000000.0,2.24,2.24,0.2,2.2,304000000.0,3490000000.0,3490000000.0,3490000000.0,3810000000.0,7002000000.0,,,147000000.0,8000000.0,614000000.0,-327000000.0,1030000000.0,3810000000.0,3192000000.0,110000000.0,1899000000.0,1334000000.0,1858000000.0,1936000000.0,3794000000.0,7002000000.0,1565000000.0,1565000000.0,1565000000.0
Corning Inc,GLW,549300X2937PB0CJ7I56,24741,2011.0,Q1,2011-01-01,2011-03-31,2012-04-27 16:03:08+00:00,3000000.0,0.48,0.48,0.05,0.47,114000000.0,748000000.0,748000000.0,748000000.0,1049000000.0,1923000000.0,,,27000000.0,5000000.0,156000000.0,,250000000.0,1049000000.0,874000000.0,27000000.0,402000000.0,414000000.0,460000000.0,402000000.0,862000000.0,1923000000.0,1565000000.0,1565000000.0,1565000000.0
Corning Inc,GLW,549300X2937PB0CJ7I56,24741,2012.0,Q4,2012-10-01,2012-12-31,,6000000.0,0.48,0.12,0.09,0.11,27000000.0,155000000.0,155000000.0,155000000.0,1348000000.0,2146000000.0,,,41000000.0,5000000.0,218000000.0,133000000.0,357000000.0,1348000000.0,798000000.0,35000000.0,97000000.0,719000000.0,79000000.0,103000000.0,182000000.0,2146000000.0,1494000000.0,1494000000.0,1494000000.0
Corning Inc,GLW,549300X2937PB0CJ7I56,24741,2012.0,FY,2012-01-01,2012-12-31,2015-02-13 10:22:33+00:00,19000000.0,1.1,1.1,0.32,1.09,339000000.0,1636000000.0,1636000000.0,1636000000.0,4693000000.0,8012000000.0,,,83000000.0,14000000.0,769000000.0,133000000.0,1205000000.0,4693000000.0,3319000000.0,111000000.0,824000000.0,2140000000.0,1179000000.0,796000000.0,1975000000.0,8012000000.0,1494000000.0,1494000000.0,1494000000.0
Corning Inc,GLW,549300X2937PB0CJ7I56,24741,2012.0,Q3YTD,2012-01-01,2012-09-30,,13000000.0,0.62,0.98,0.22,0.98,312000000.0,1481000000.0,1481000000.0,1481000000.0,3345000000.0,5866000000.0,,,42000000.0,9000000.0,551000000.0,,848000000.0,3345000000.0,2521000000.0,76000000.0,727000000.0,1421000000.0,1100000000.0,693000000.0,1793000000.0,5866000000.0,53300000000.0,1483000000.0,1483000000.0
Corning Inc,GLW,549300X2937PB0CJ7I56,24741,2012.0,Q3TTM,2011-10-01,2012-09-30,,17000000.0,0.94,1.3,0.31,1.31,379000000.0,1984000000.0,1984000000.0,1984000000.0,4397000000.0,7753000000.0,,,63000000.0,18000000.0,725000000.0,129000000.0,1126000000.0,4397000000.0,3356000000.0,93000000.0,1052000000.0,2015000000.0,1341000000.0,1022000000.0,2363000000.0,7753000000.0,53300000000.0,1483000000.0,1483000000.0
Corning Inc,GLW,549300X2937PB0CJ7I56,24741,2012.0,Q3,2012-07-01,2012-09-30,2013-10-30 16:03:34+00:00,4000000.0,0.01,0.36,0.075,0.36,94000000.0,533000000.0,533000000.0,533000000.0,1149000000.0,2038000000.0,,,5000000.0,3000000.0,182000000.0,,289000000.0,1149000000.0,889000000.0,32000000.0,243000000.0,478000000.0,411000000.0,216000000.0,627000000.0,2038000000.0,53300000000.0,1483000000.0,1483000000.0
Corning Inc,GLW,549300X2937PB0CJ7I56,24741,2012.0,Q2YTD,2012-01-01,2012-06-30,,9000000.0,0.61,0.62,0.15,0.62,218000000.0,948000000.0,948000000.0,948000000.0,2196000000.0,3828000000.0,,,37000000.0,6000000.0,369000000.0,,559000000.0,2196000000.0,1632000000.0,44000000.0,484000000.0,943000000.0,689000000.0,477000000.0,1166000000.0,3828000000.0,1506000000.0,1506000000.0,1506000000.0
Corning Inc,GLW,549300X2937PB0CJ7I56,24741,2012.0,Q2TTM,2011-07-01,2012-06-30,,17000000.0,1.45,1.46,0.28,1.46,395000000.0,2262000000.0,2262000000.0,2262000000.0,4345000000.0,7790000000.0,,,85000000.0,20000000.0,709000000.0,129000000.0,1053000000.0,4345000000.0,3445000000.0,84000000.0,1139000000.0,1928000000.0,1517000000.0,1140000000.0,2657000000.0,7790000000.0,1506000000.0,1506000000.0,1506000000.0
Corning Inc,GLW,549300X2937PB0CJ7I56,24741,2012.0,Q2,2012-04-01,2012-06-30,2013-07-31 08:02:17+00:00,4000000.0,0.31,0.31,0.075,0.31,100000000.0,474000000.0,474000000.0,474000000.0,1100000000.0,1908000000.0,,,8000000.0,5000000.0,185000000.0,,286000000.0,1100000000.0,808000000.0,24000000.0,262000000.0,480000000.0,328000000.0,246000000.0,574000000.0,1908000000.0,1506000000.0,1506000000.0,1506000000.0
Corning Inc,GLW,549300X2937PB0CJ7I56,24741,2012.0,Q1TTM,2011-04-01,2012-03-31,,17000000.0,1.62,1.63,0.26,1.62,418000000.0,2543000000.0,2543000000.0,2543000000.0,4361000000.0,7887000000.0,,,120000000.0,20000000.0,696000000.0,129000000.0,1051000000.0,4361000000.0,3526000000.0,82000000.0,1310000000.0,1913000000.0,1613000000.0,1348000000.0,2961000000.0,7887000000.0,1516000000.0,1516000000.0,1516000000.0
Corning Inc,GLW,549300X2937PB0CJ7I56,24741,2012.0,Q1,2012-01-01,2012-03-31,2013-04-26 16:03:53+00:00,5000000.0,0.3,0.31,0.075,0.31,118000000.0,474000000.0,474000000.0,474000000.0,1096000000.0,1920000000.0,,,29000000.0,1000000.0,184000000.0,,273000000.0,1096000000.0,824000000.0,20000000.0,222000000.0,463000000.0,361000000.0,231000000.0,592000000.0,1920000000.0,1516000000.0,1516000000.0,1516000000.0
Corning Inc,GLW,549300X2937PB0CJ7I56,24741,2013.0,FY,2013-01-01,2013-12-31,2016-02-12 15:31:03+00:00,31000000.0,1.35,1.35,0.39,1.34,512000000.0,1961000000.0,1961000000.0,1961000000.0,4495000000.0,7819000000.0,,,667000000.0,19000000.0,710000000.0,67000000.0,1126000000.0,4495000000.0,3324000000.0,120000000.0,555000000.0,1953000000.0,1371000000.0,1102000000.0,2473000000.0,7819000000.0,1452000000.0,1452000000.0,1452000000.0
Corning Inc,GLW,549300X2937PB0CJ7I56,24741,2013.0,Q4,2013-10-01,2013-12-31,,8000000.0,0.31,0.31,0.1,0.3,146000000.0,421000000.0,421000000.0,421000000.0,1186000000.0,1956000000.0,,,338000000.0,6000000.0,169000000.0,67000000.0,336000000.0,1186000000.0,770000000.0,28000000.0,73000000.0,586000000.0,184000000.0,383000000.0,567000000.0,1956000000.0,1452000000.0,1452000000.0,1452000000.0
Corning Inc,GLW,549300X2937PB0CJ7I56,24741,2013.0,Q3YTD,2013-01-01,2013-09-30,,23000000.0,1.04,1.04,0.29,1.04,366000000.0,1540000000.0,1540000000.0,1540000000.0,3309000000.0,5863000000.0,,,329000000.0,13000000.0,541000000.0,,790000000.0,3309000000.0,2554000000.0,92000000.0,482000000.0,1367000000.0,1187000000.0,719000000.0,1906000000.0,5863000000.0,1454000000.0,1454000000.0,1454000000.0
Corning Inc,GLW,549300X2937PB0CJ7I56,24741,2013.0,Q3TTM,2012-10-01,2013-09-30,,29000000.0,1.52,1.16,0.39,1.15,393000000.0,1695000000.0,1695000000.0,1695000000.0,4657000000.0,8009000000.0,,,370000000.0,18000000.0,759000000.0,133000000.0,1147000000.0,4657000000.0,3352000000.0,127000000.0,579000000.0,2086000000.0,1266000000.0,822000000.0,2088000000.0,8009000000.0,1454000000.0,1454000000.0,1454000000.0
Corning Inc,GLW,549300X2937PB0CJ7I56,24741,2013.0,Q3,2013-07-01,2013-09-30,2014-10-29 11:53:26+00:00,8000000.0,0.28,0.28,0.1,0.28,141000000.0,408000000.0,408000000.0,408000000.0,1166000000.0,2067000000.0,,,-1000000.0,5000000.0,184000000.0,,265000000.0,1166000000.0,901000000.0,28000000.0,139000000.0,462000000.0,439000000.0,110000000.0,549000000.0,2067000000.0,1454000000.0,1454000000.0,1454000000.0
Corning Inc,GLW,549300X2937PB0CJ7I56,24741,2013.0,Q2YTD,2013-01-01,2013-06-30,,15000000.0,0.76,0.76,0.19,0.76,225000000.0,1132000000.0,1132000000.0,1132000000.0,2143000000.0,3796000000.0,,,330000000.0,8000000.0,357000000.0,,525000000.0,2143000000.0,1653000000.0,64000000.0,343000000.0,905000000.0,748000000.0,609000000.0,1357000000.0,3796000000.0,1469000000.0,1469000000.0,1469000000.0
Corning Inc,GLW,549300X2937PB0CJ7I56,24741,2013.0,Q2TTM,2012-07-01,2013-06-30,,25000000.0,1.25,1.24,0.36,1.23,346000000.0,1820000000.0,1820000000.0,1820000000.0,4640000000.0,7980000000.0,,,376000000.0,16000000.0,757000000.0,133000000.0,1171000000.0,4640000000.0,3340000000.0,131000000.0,683000000.0,2102000000.0,1238000000.0,928000000.0,2166000000.0,7980000000.0,1469000000.0,1469000000.0,1469000000.0
Corning Inc,GLW,549300X2937PB0CJ7I56,24741,2013.0,Q2,2013-04-01,2013-06-30,2014-07-31 16:02:34+00:00,8000000.0,0.43,0.43,0.1,0.43,191000000.0,638000000.0,638000000.0,638000000.0,1099000000.0,1982000000.0,,,265000000.0,6000000.0,179000000.0,,266000000.0,1099000000.0,883000000.0,28000000.0,168000000.0,459000000.0,424000000.0,405000000.0,829000000.0,1982000000.0,1469000000.0,1469000000.0,1469000000.0
Corning Inc,GLW,549300X2937PB0CJ7I56,24741,2013.0,Q1TTM,2012-04-01,2013-03-31,,21000000.0,1.13,1.12,0.34,1.11,255000000.0,1656000000.0,1656000000.0,1656000000.0,4641000000.0,7906000000.0,,,119000000.0,15000000.0,763000000.0,133000000.0,1191000000.0,4641000000.0,3265000000.0,127000000.0,777000000.0,2123000000.0,1142000000.0,769000000.0,1911000000.0,7906000000.0,1472000000.0,1472000000.0,1472000000.0
Corning Inc,GLW,549300X2937PB0CJ7I56,24741,2013.0,Q1,2013-01-01,2013-03-31,2014-04-28 16:52:21+00:00,7000000.0,0.33,0.33,0.09,0.33,34000000.0,494000000.0,494000000.0,494000000.0,1044000000.0,1814000000.0,,,65000000.0,2000000.0,178000000.0,,259000000.0,1044000000.0,770000000.0,36000000.0,175000000.0,446000000.0,324000000.0,204000000.0,528000000.0,1814000000.0,1472000000.0,1472000000.0,1472000000.0
Corning Inc,GLW,549300X2937PB0CJ7I56,24741,2014.0,FY,2014-01-01,2014-12-31,2017-02-06 16:27:25+00:00,33000000.0,1.82,1.82,0.52,1.73,1096000000.0,2472000000.0,2472000000.0,2472000000.0,5663000000.0,9715000000.0,,,1468000000.0,,815000000.0,71000000.0,1202000000.0,5663000000.0,4052000000.0,123000000.0,292000000.0,2121000000.0,1931000000.0,1637000000.0,3568000000.0,9715000000.0,1305000000.0,1305000000.0,1428900000.0
Corning Inc,GLW,549300X2937PB0CJ7I56,24741,2014.0,Q4,2014-10-01,2014-12-31,,8000000.0,0.73,0.73,0.22,0.7,349000000.0,988000000.0,988000000.0,988000000.0,1408000000.0,2404000000.0,,,805000000.0,,210000000.0,20000000.0,222000000.0,1408000000.0,996000000.0,32000000.0,28000000.0,460000000.0,536000000.0,801000000.0,1337000000.0,2404000000.0,1305000000.0,1305000000.0,1428900000.0
Corning Inc,GLW,549300X2937PB0CJ7I56,24741,2014.0,Q3,2014-07-01,2014-09-30,2015-10-27 16:28:18+00:00,9000000.0,0.77,0.77,0.1,0.72,395000000.0,1014000000.0,1014000000.0,1014000000.0,1451000000.0,2540000000.0,,,720000000.0,,199000000.0,,261000000.0,1451000000.0,1089000000.0,31000000.0,100000000.0,469000000.0,620000000.0,789000000.0,1409000000.0,2540000000.0,1284000000.0,1284000000.0,1408300000.0
Corning Inc,GLW,549300X2937PB0CJ7I56,24741,2014.0,Q3YTD,2014-01-01,2014-09-30,,25000000.0,1.09,1.09,0.3,1.03,747000000.0,1484000000.0,1484000000.0,1484000000.0,4255000000.0,7311000000.0,,,663000000.0,,605000000.0,51000000.0,980000000.0,4255000000.0,3056000000.0,91000000.0,264000000.0,1661000000.0,1395000000.0,836000000.0,2231000000.0,7311000000.0,1284000000.0,1284000000.0,1408300000.0
Corning Inc,GLW,549300X2937PB0CJ7I56,24741,2014.0,Q3TTM,2013-10-01,2014-09-30,,33000000.0,1.4,1.4,0.4,1.33,893000000.0,1905000000.0,1905000000.0,1905000000.0,5441000000.0,9267000000.0,,,1001000000.0,6000000.0,774000000.0,118000000.0,1316000000.0,5441000000.0,3826000000.0,119000000.0,337000000.0,2247000000.0,1579000000.0,1219000000.0,2798000000.0,9267000000.0,1284000000.0,1284000000.0,1408300000.0
Corning Inc,GLW,549300X2937PB0CJ7I56,24741,2014.0,Q2YTD,2014-01-01,2014-06-30,,16000000.0,0.32,0.32,0.2,0.31,352000000.0,470000000.0,470000000.0,470000000.0,2804000000.0,4771000000.0,,,-57000000.0,,406000000.0,51000000.0,719000000.0,2804000000.0,1967000000.0,60000000.0,164000000.0,1192000000.0,775000000.0,47000000.0,822000000.0,4771000000.0,1536400000.0,1536400000.0,1536400000.0
Corning Inc,GLW,549300X2937PB0CJ7I56,24741,2014.0,Q2TTM,2013-07-01,2014-06-30,,32000000.0,0.91,0.91,0.4,0.89,639000000.0,1299000000.0,1299000000.0,1299000000.0,5156000000.0,8794000000.0,,,280000000.0,11000000.0,759000000.0,118000000.0,1320000000.0,5156000000.0,3638000000.0,116000000.0,376000000.0,2240000000.0,1398000000.0,540000000.0,1938000000.0,8794000000.0,1536400000.0,1536400000.0,1536400000.0
Corning Inc,GLW,549300X2937PB0CJ7I56,24741,2014.0,Q2,2014-04-01,2014-06-30,2015-07-30 10:29:21+00:00,8000000.0,0.11,0.11,0.1,0.11,172000000.0,169000000.0,169000000.0,169000000.0,1450000000.0,2482000000.0,,,-155000000.0,,208000000.0,34000000.0,322000000.0,1450000000.0,1032000000.0,30000000.0,66000000.0,572000000.0,460000000.0,-119000000.0,341000000.0,2482000000.0,1536400000.0,1536400000.0,1536400000.0
Corning Inc,GLW,549300X2937PB0CJ7I56,24741,2014.0,Q1TTM,2013-04-01,2014-03-31,,32000000.0,1.23,1.23,0.4,1.21,658000000.0,1768000000.0,1768000000.0,1768000000.0,4805000000.0,8294000000.0,,,700000000.0,17000000.0,730000000.0,84000000.0,1264000000.0,4805000000.0,3489000000.0,114000000.0,478000000.0,2127000000.0,1362000000.0,1064000000.0,2426000000.0,8294000000.0,1433300000.0,1433300000.0,1505000000.0
Corning Inc,GLW,549300X2937PB0CJ7I56,24741,2014.0,Q1,2014-01-01,2014-03-31,2015-05-01 09:00:06+00:00,8000000.0,0.21,0.21,0.1,0.2,180000000.0,301000000.0,301000000.0,301000000.0,1354000000.0,2289000000.0,,,98000000.0,,198000000.0,17000000.0,397000000.0,1354000000.0,935000000.0,30000000.0,98000000.0,620000000.0,315000000.0,166000000.0,481000000.0,2289000000.0,1433300000.0,1433300000.0,1505000000.0
Corning Inc,GLW,549300X2937PB0CJ7I56,24741,2015.0,FY,2015-01-01,2015-12-31,2018-02-15 07:34:29+00:00,54000000.0,1.02,1.02,0.36,1.0,147000000.0,1339000000.0,1339000000.0,1339000000.0,5458000000.0,9111000000.0,,,-16000000.0,,769000000.0,0.0,1508000000.0,5458000000.0,3653000000.0,140000000.0,320000000.0,2331000000.0,1322000000.0,164000000.0,1486000000.0,9111000000.0,1312700000.0,1312700000.0,1339000000.0
Corning Inc,GLW,549300X2937PB0CJ7I56,24741,2015.0,Q4,2015-10-01,2015-12-31,,14000000.0,0.18,0.18,0.12,0.2,-55000000.0,224000000.0,224000000.0,224000000.0,1374000000.0,2231000000.0,,,12000000.0,,208000000.0,,548000000.0,1374000000.0,857000000.0,39000000.0,109000000.0,770000000.0,87000000.0,82000000.0,169000000.0,2231000000.0,1312700000.0,1312700000.0,1339000000.0
Corning Inc,GLW,549300X2937PB0CJ7I56,24741,2015.0,Q3,2015-07-01,2015-09-30,2016-10-27 10:02:21+00:00,12000000.0,0.16,0.16,0.12,0.15,6000000.0,212000000.0,212000000.0,212000000.0,1380000000.0,2272000000.0,,,-181000000.0,,181000000.0,0.0,307000000.0,1380000000.0,892000000.0,38000000.0,45000000.0,500000000.0,392000000.0,-174000000.0,218000000.0,2272000000.0,1325000000.0,1325000000.0,1413300000.0
Corning Inc,GLW,549300X2937PB0CJ7I56,24741,2015.0,Q3YTD,2015-01-01,2015-09-30,,40000000.0,0.84,0.84,0.24,0.8,202000000.0,1115000000.0,1115000000.0,1115000000.0,4084000000.0,6880000000.0,,,-28000000.0,,561000000.0,,960000000.0,4084000000.0,2796000000.0,101000000.0,211000000.0,1561000000.0,1235000000.0,82000000.0,1317000000.0,6880000000.0,1325000000.0,1325000000.0,1413300000.0
Corning Inc,GLW,549300X2937PB0CJ7I56,24741,2015.0,Q3TTM,2014-10-01,2015-09-30,,48000000.0,1.57,1.57,0.46,1.5,551000000.0,2103000000.0,2103000000.0,2103000000.0,5492000000.0,9284000000.0,,,777000000.0,,771000000.0,20000000.0,1182000000.0,5492000000.0,3792000000.0,133000000.0,239000000.0,2021000000.0,1771000000.0,883000000.0,2654000000.0,9284000000.0,1325000000.0,1325000000.0,1413300000.0
Corning Inc,GLW,549300X2937PB0CJ7I56,24741,2015.0,Q2,2015-04-01,2015-06-30,2016-07-27 11:35:01+00:00,16000000.0,0.38,0.38,0.12,0.36,110000000.0,496000000.0,496000000.0,496000000.0,1368000000.0,2343000000.0,,,141000000.0,,191000000.0,0.0,337000000.0,1368000000.0,975000000.0,33000000.0,67000000.0,544000000.0,431000000.0,175000000.0,606000000.0,2343000000.0,1246000000.0,1246000000.0,1377800000.0
Corning Inc,GLW,549300X2937PB0CJ7I56,24741,2015.0,Q2YTD,2015-01-01,2015-06-30,,28000000.0,0.68,0.68,0.12,0.65,196000000.0,903000000.0,903000000.0,903000000.0,2704000000.0,4608000000.0,,,153000000.0,,380000000.0,,653000000.0,2704000000.0,1904000000.0,63000000.0,166000000.0,1061000000.0,843000000.0,256000000.0,1099000000.0,4608000000.0,1246000000.0,1246000000.0,1377800000.0
Corning Inc,GLW,549300X2937PB0CJ7I56,24741,2015.0,Q2TTM,2014-07-01,2015-06-30,,45000000.0,2.18,2.18,0.44,2.07,940000000.0,2905000000.0,2905000000.0,2905000000.0,5563000000.0,9552000000.0,,,1678000000.0,,789000000.0,20000000.0,1136000000.0,5563000000.0,3989000000.0,126000000.0,294000000.0,1990000000.0,1999000000.0,1846000000.0,3845000000.0,9552000000.0,1246000000.0,1246000000.0,1377800000.0
Corning Inc,GLW,549300X2937PB0CJ7I56,24741,2015.0,Q1,2015-01-01,2015-03-31,2016-04-29 10:51:00+00:00,12000000.0,0.3,0.3,0.0,0.29,86000000.0,407000000.0,407000000.0,407000000.0,1336000000.0,2265000000.0,,,12000000.0,,189000000.0,,316000000.0,1336000000.0,929000000.0,30000000.0,99000000.0,517000000.0,412000000.0,81000000.0,493000000.0,2265000000.0,1356700000.0,1356700000.0,1403400000.0
Corning Inc,GLW,549300X2937PB0CJ7I56,24741,2015.0,Q1TTM,2014-04-01,2015-03-31,,37000000.0,1.91,1.91,0.42,1.82,1002000000.0,2578000000.0,2578000000.0,2578000000.0,5645000000.0,9691000000.0,,,1382000000.0,,806000000.0,54000000.0,1121000000.0,5645000000.0,4046000000.0,123000000.0,293000000.0,2018000000.0,2028000000.0,1552000000.0,3580000000.0,9691000000.0,1356700000.0,1356700000.0,1403400000.0
Corning Inc,GLW,549300X2937PB0CJ7I56,24741,2016.0,FY,2016-01-01,2016-12-31,2019-02-12 13:00:22+00:00,64000000.0,3.53,3.53,0.54,3.23,-3000000.0,3695000000.0,3695000000.0,3695000000.0,5627000000.0,9390000000.0,,,2111000000.0,,736000000.0,77000000.0,1462000000.0,5627000000.0,3763000000.0,159000000.0,316000000.0,2339000000.0,1424000000.0,2268000000.0,3692000000.0,9390000000.0,1020000000.0,1020000000.0,1144000000.0
Corning Inc,GLW,549300X2937PB0CJ7I56,24741,2016.0,Q4,2016-10-01,2016-12-31,,18000000.0,1.56,1.56,0.14,1.46,-3000000.0,1572000000.0,2407000000.0,1572000000.0,1469000000.0,2476000000.0,-835000000.0,-2725000000.0,4406000000.0,,167000000.0,-1000000.0,358000000.0,1469000000.0,1007000000.0,37000000.0,295000000.0,542000000.0,465000000.0,4664000000.0,5129000000.0,2476000000.0,1020000000.0,1020000000.0,1144000000.0
Corning Inc,GLW,549300X2937PB0CJ7I56,24741,2016.0,Q3,2016-07-01,2016-09-30,2017-10-26 13:17:36+00:00,17000000.0,0.27,0.27,0.135,0.26,,284000000.0,257000000.0,284000000.0,1466000000.0,2507000000.0,27000000.0,-9000000.0,-237000000.0,,187000000.0,,302000000.0,1466000000.0,1041000000.0,41000000.0,9000000.0,506000000.0,535000000.0,-269000000.0,266000000.0,2507000000.0,1051900000.0,1051900000.0,1092300000.0
Corning Inc,GLW,549300X2937PB0CJ7I56,24741,2016.0,Q3YTD,2016-01-01,2016-09-30,,46000000.0,1.97,1.97,0.41,1.77,,2123000000.0,1288000000.0,2123000000.0,4158000000.0,6914000000.0,835000000.0,2725000000.0,-2295000000.0,,569000000.0,78000000.0,1104000000.0,4158000000.0,2756000000.0,122000000.0,21000000.0,1797000000.0,959000000.0,-2396000000.0,-1437000000.0,6914000000.0,1051900000.0,1051900000.0,1092300000.0
Corning Inc,GLW,549300X2937PB0CJ7I56,24741,2016.0,Q3TTM,2015-10-01,2016-09-30,,60000000.0,2.15,2.15,0.53,1.97,-55000000.0,2347000000.0,1512000000.0,2347000000.0,5532000000.0,9145000000.0,835000000.0,2725000000.0,-2283000000.0,,777000000.0,78000000.0,1652000000.0,5532000000.0,3613000000.0,161000000.0,130000000.0,2567000000.0,1046000000.0,-2314000000.0,-1268000000.0,9145000000.0,1051900000.0,1051900000.0,1092300000.0
Corning Inc,GLW,549300X2937PB0CJ7I56,24741,2016.0,Q2,2016-04-01,2016-06-30,2017-07-26 16:11:07+00:00,15000000.0,2.06,2.06,0.135,1.87,,2207000000.0,1703000000.0,2207000000.0,1409000000.0,2360000000.0,504000000.0,2691000000.0,-1201000000.0,,192000000.0,-2000000.0,499000000.0,1409000000.0,951000000.0,40000000.0,6000000.0,704000000.0,247000000.0,-1235000000.0,-988000000.0,2360000000.0,1059000000.0,1059000000.0,1180200000.0
Corning Inc,GLW,549300X2937PB0CJ7I56,24741,2016.0,Q2YTD,2016-01-01,2016-06-30,,29000000.0,1.7,1.7,0.27,1.51,,1839000000.0,1031000000.0,1839000000.0,2692000000.0,4407000000.0,808000000.0,2734000000.0,-2058000000.0,,382000000.0,78000000.0,802000000.0,2692000000.0,1715000000.0,81000000.0,12000000.0,1291000000.0,424000000.0,-2127000000.0,-1703000000.0,4407000000.0,1059000000.0,1059000000.0,1180200000.0
Corning Inc,GLW,549300X2937PB0CJ7I56,24741,2016.0,Q2TTM,2015-07-01,2016-06-30,,55000000.0,2.04,2.04,0.51,1.86,-49000000.0,2275000000.0,1467000000.0,2275000000.0,5446000000.0,8910000000.0,808000000.0,2734000000.0,-2227000000.0,,771000000.0,78000000.0,1657000000.0,5446000000.0,3464000000.0,158000000.0,166000000.0,2561000000.0,903000000.0,-2219000000.0,-1316000000.0,8910000000.0,1059000000.0,1059000000.0,1180200000.0
Corning Inc,GLW,549300X2937PB0CJ7I56,24741,2016.0,Q1,2016-01-01,2016-03-31,2017-04-25 16:21:09+00:00,14000000.0,-0.36,-0.36,0.135,-0.36,,-368000000.0,-672000000.0,-368000000.0,1283000000.0,2047000000.0,304000000.0,43000000.0,-857000000.0,,190000000.0,80000000.0,303000000.0,1283000000.0,764000000.0,41000000.0,6000000.0,587000000.0,177000000.0,-892000000.0,-715000000.0,2047000000.0,1022200000.0,1022200000.0,1022200000.0
Corning Inc,GLW,549300X2937PB0CJ7I56,24741,2016.0,Q1TTM,2015-04-01,2016-03-31,,56000000.0,0.36,0.36,0.5,0.35,61000000.0,564000000.0,260000000.0,564000000.0,5405000000.0,8893000000.0,304000000.0,43000000.0,-885000000.0,,770000000.0,80000000.0,1495000000.0,5405000000.0,3488000000.0,151000000.0,227000000.0,2401000000.0,1087000000.0,-809000000.0,278000000.0,8893000000.0,1022200000.0,1022200000.0,1022200000.0
Corning Inc,GLW,549300X2937PB0CJ7I56,24741,2017.0,FY,2017-01-01,2017-12-31,2020-02-14 17:54:02+00:00,75000000.0,-0.66,-0.66,0.62,-0.66,2154000000.0,-497000000.0,-497000000.0,-497000000.0,6096000000.0,10116000000.0,,,-202000000.0,,864000000.0,,1473000000.0,6096000000.0,4020000000.0,155000000.0,406000000.0,2412000000.0,1608000000.0,49000000.0,1657000000.0,10116000000.0,753000000.0,753000000.0,753000000.0
Corning Inc,GLW,549300X2937PB0CJ7I56,24741,2017.0,Q4,2017-10-01,2017-12-31,,22000000.0,-1.6,-1.6,0.15,-1.54,1978000000.0,-1412000000.0,-1412000000.0,-1412000000.0,1605000000.0,2637000000.0,,,16000000.0,,241000000.0,,401000000.0,1605000000.0,1032000000.0,43000000.0,225000000.0,664000000.0,368000000.0,198000000.0,566000000.0,2637000000.0,753000000.0,753000000.0,753000000.0
Corning Inc,GLW,549300X2937PB0CJ7I56,24741,2017.0,Q3,2017-07-01,2017-09-30,2018-10-24 16:05:32+00:00,18000000.0,0.41,0.41,0.155,0.39,89000000.0,390000000.0,390000000.0,390000000.0,1557000000.0,2607000000.0,,,33000000.0,,215000000.0,,375000000.0,1557000000.0,1050000000.0,37000000.0,41000000.0,608000000.0,442000000.0,37000000.0,479000000.0,2607000000.0,951200000.0,951200000.0,1000000000.0
Corning Inc,GLW,549300X2937PB0CJ7I56,24741,2017.0,Q3YTD,2017-01-01,2017-09-30,,53000000.0,0.94,0.94,0.47,0.88,176000000.0,915000000.0,915000000.0,915000000.0,4491000000.0,7479000000.0,,,-218000000.0,,623000000.0,,1072000000.0,4491000000.0,2988000000.0,112000000.0,181000000.0,1748000000.0,1240000000.0,-149000000.0,1091000000.0,7479000000.0,951200000.0,951200000.0,1000000000.0
Corning Inc,GLW,549300X2937PB0CJ7I56,24741,2017.0,Q3TTM,2016-10-01,2017-09-30,,71000000.0,2.5,2.5,0.6,2.34,173000000.0,2487000000.0,3322000000.0,2487000000.0,5960000000.0,9955000000.0,-835000000.0,-2725000000.0,4188000000.0,,790000000.0,-1000000.0,1430000000.0,5960000000.0,3995000000.0,149000000.0,476000000.0,2290000000.0,1705000000.0,4515000000.0,6220000000.0,9955000000.0,951200000.0,951200000.0,1000000000.0
Corning Inc,GLW,549300X2937PB0CJ7I56,24741,2017.0,Q2,2017-04-01,2017-06-30,2018-07-27 11:26:47+00:00,18000000.0,0.46,0.46,0.155,0.42,153000000.0,439000000.0,439000000.0,439000000.0,1510000000.0,2497000000.0,,,197000000.0,,206000000.0,,378000000.0,1510000000.0,987000000.0,38000000.0,48000000.0,602000000.0,385000000.0,207000000.0,592000000.0,2497000000.0,908000000.0,908000000.0,1045200000.0
Corning Inc,GLW,549300X2937PB0CJ7I56,24741,2017.0,Q2YTD,2017-01-01,2017-06-30,,35000000.0,0.53,0.53,0.31,0.49,87000000.0,525000000.0,525000000.0,525000000.0,2934000000.0,4872000000.0,,,-251000000.0,,408000000.0,,697000000.0,2934000000.0,1938000000.0,75000000.0,140000000.0,1140000000.0,798000000.0,-186000000.0,612000000.0,4872000000.0,908000000.0,908000000.0,1045200000.0
Corning Inc,GLW,549300X2937PB0CJ7I56,24741,2017.0,Q2TTM,2016-07-01,2017-06-30,,70000000.0,2.36,2.36,0.58,2.21,84000000.0,2381000000.0,3189000000.0,2381000000.0,5869000000.0,9855000000.0,-808000000.0,-2734000000.0,3918000000.0,,762000000.0,-1000000.0,1357000000.0,5869000000.0,3986000000.0,153000000.0,444000000.0,2188000000.0,1798000000.0,4209000000.0,6007000000.0,9855000000.0,908000000.0,908000000.0,1045200000.0
Corning Inc,GLW,549300X2937PB0CJ7I56,24741,2017.0,Q1,2017-01-01,2017-03-31,2018-04-26 16:59:41+00:00,17000000.0,0.07,0.07,0.155,0.07,-66000000.0,86000000.0,86000000.0,86000000.0,1424000000.0,2375000000.0,,,-448000000.0,,202000000.0,,319000000.0,1424000000.0,951000000.0,37000000.0,92000000.0,538000000.0,413000000.0,-393000000.0,20000000.0,2375000000.0,1228600000.0,1228600000.0,1228600000.0
Corning Inc,GLW,549300X2937PB0CJ7I56,24741,2017.0,Q1TTM,2016-04-01,2017-03-31,,67000000.0,3.96,3.96,0.56,3.66,-69000000.0,4149000000.0,4453000000.0,4149000000.0,5768000000.0,9718000000.0,-304000000.0,-43000000.0,2520000000.0,,748000000.0,-3000000.0,1478000000.0,5768000000.0,3950000000.0,155000000.0,402000000.0,2290000000.0,1660000000.0,2767000000.0,4427000000.0,9718000000.0,1228600000.0,1228600000.0,1228600000.0
Corning Inc,GLW,549300X2937PB0CJ7I56,24741,2018.0,FY,2018-01-01,2018-12-31,2020-02-14 17:54:02+00:00,94000000.0,1.19,1.19,0.72,1.13,437000000.0,1066000000.0,1066000000.0,1066000000.0,6829000000.0,11290000000.0,,,-309000000.0,,993000000.0,,1799000000.0,6829000000.0,4461000000.0,191000000.0,428000000.0,2886000000.0,1575000000.0,-72000000.0,1503000000.0,11290000000.0,895800000.0,895800000.0,943400000.0
Corning Inc,GLW,549300X2937PB0CJ7I56,24741,2018.0,Q4,2018-10-01,2018-12-31,,26000000.0,0.29,0.29,0.18,0.4,54000000.0,292000000.0,292000000.0,292000000.0,1833000000.0,3035000000.0,,,-364000000.0,,265000000.0,,447000000.0,1833000000.0,1202000000.0,51000000.0,297000000.0,738000000.0,464000000.0,-118000000.0,346000000.0,3035000000.0,895800000.0,895800000.0,943400000.0
Corning Inc,GLW,549300X2937PB0CJ7I56,24741,2018.0,Q3,2018-07-01,2018-09-30,2019-10-30 07:53:36+00:00,27000000.0,0.75,0.75,0.18,0.67,133000000.0,625000000.0,625000000.0,625000000.0,1776000000.0,3008000000.0,,,242000000.0,,244000000.0,,439000000.0,1776000000.0,1232000000.0,45000000.0,39000000.0,710000000.0,522000000.0,236000000.0,758000000.0,3008000000.0,805000000.0,805000000.0,932800000.0
Corning Inc,GLW,549300X2937PB0CJ7I56,24741,2018.0,Q3YTD,2018-01-01,2018-09-30,,68000000.0,0.9,0.9,0.54,0.73,383000000.0,774000000.0,774000000.0,774000000.0,4996000000.0,8255000000.0,,,55000000.0,,728000000.0,,1352000000.0,4996000000.0,3259000000.0,140000000.0,131000000.0,2148000000.0,1111000000.0,46000000.0,1157000000.0,8255000000.0,805000000.0,805000000.0,932800000.0
Corning Inc,GLW,549300X2937PB0CJ7I56,24741,2018.0,Q3TTM,2017-10-01,2018-09-30,,90000000.0,-0.7,-0.7,0.69,-0.81,2361000000.0,-638000000.0,-638000000.0,-638000000.0,6601000000.0,10892000000.0,,,71000000.0,,969000000.0,,1753000000.0,6601000000.0,4291000000.0,183000000.0,356000000.0,2812000000.0,1479000000.0,244000000.0,1723000000.0,10892000000.0,805000000.0,805000000.0,932800000.0
Corning Inc,GLW,549300X2937PB0CJ7I56,24741,2018.0,Q2,2018-04-01,2018-06-30,2019-07-31 15:01:51+00:00,22000000.0,0.87,0.87,0.18,0.78,126000000.0,738000000.0,738000000.0,738000000.0,1675000000.0,2747000000.0,,,472000000.0,,243000000.0,,412000000.0,1675000000.0,1072000000.0,43000000.0,40000000.0,677000000.0,395000000.0,469000000.0,864000000.0,2747000000.0,819000000.0,819000000.0,946200000.0
Corning Inc,GLW,549300X2937PB0CJ7I56,24741,2018.0,Q2YTD,2018-01-01,2018-06-30,,41000000.0,0.15,0.15,0.36,0.06,250000000.0,149000000.0,149000000.0,149000000.0,3220000000.0,5247000000.0,,,-187000000.0,,484000000.0,,913000000.0,3220000000.0,2027000000.0,95000000.0,92000000.0,1438000000.0,589000000.0,-190000000.0,399000000.0,5247000000.0,819000000.0,819000000.0,946200000.0
Corning Inc,GLW,549300X2937PB0CJ7I56,24741,2018.0,Q2TTM,2017-07-01,2018-06-30,,81000000.0,-1.04,-1.04,0.67,-1.09,2317000000.0,-873000000.0,-873000000.0,-873000000.0,6382000000.0,10491000000.0,,,-138000000.0,,940000000.0,,1689000000.0,6382000000.0,4109000000.0,175000000.0,358000000.0,2710000000.0,1399000000.0,45000000.0,1444000000.0,10491000000.0,819000000.0,819000000.0,946200000.0
Corning Inc,GLW,549300X2937PB0CJ7I56,24741,2018.0,Q1,2018-01-01,2018-03-31,2019-05-03 12:36:20+00:00,19000000.0,-0.72,-0.72,0.18,-0.72,124000000.0,-589000000.0,-589000000.0,-589000000.0,1545000000.0,2500000000.0,,,-659000000.0,,241000000.0,,501000000.0,1545000000.0,955000000.0,52000000.0,52000000.0,761000000.0,194000000.0,-659000000.0,-465000000.0,2500000000.0,848000000.0,848000000.0,848000000.0
Corning Inc,GLW,549300X2937PB0CJ7I56,24741,2018.0,Q1TTM,2017-04-01,2018-03-31,,77000000.0,-1.45,-1.45,0.65,-1.45,2344000000.0,-1172000000.0,-1172000000.0,-1172000000.0,6217000000.0,10241000000.0,,,-413000000.0,,903000000.0,,1655000000.0,6217000000.0,4024000000.0,170000000.0,366000000.0,2635000000.0,1389000000.0,-217000000.0,1172000000.0,10241000000.0,848000000.0,848000000.0,848000000.0
Corning Inc,GLW,549300X2937PB0CJ7I56,24741,2019.0,Q4,2019-10-01,2019-12-31,,28000000.0,0.01,0.01,0.2,0.05,-15000000.0,32000000.0,32000000.0,32000000.0,1963000000.0,2817000000.0,,,-11000000.0,,278000000.0,,401000000.0,1963000000.0,854000000.0,60000000.0,-59000000.0,707000000.0,147000000.0,-130000000.0,17000000.0,2817000000.0,864900000.0,864900000.0,897200000.0
Corning Inc,GLW,549300X2937PB0CJ7I56,24741,2019.0,FY,2019-01-01,2019-12-31,2020-02-14 17:54:02+00:00,113000000.0,1.11,1.11,0.8,1.07,256000000.0,960000000.0,960000000.0,960000000.0,7468000000.0,11503000000.0,,,93000000.0,,1031000000.0,,1585000000.0,7468000000.0,4035000000.0,221000000.0,38000000.0,2729000000.0,1306000000.0,-90000000.0,1216000000.0,11503000000.0,864900000.0,864900000.0,897200000.0
Corning Inc,GLW,549300X2937PB0CJ7I56,24741,2019.0,Q3YTD,2019-01-01,2019-09-30,,85000000.0,1.1,1.1,0.6,1.02,271000000.0,928000000.0,928000000.0,928000000.0,5505000000.0,8686000000.0,,,104000000.0,,753000000.0,,1184000000.0,5505000000.0,3181000000.0,161000000.0,97000000.0,2022000000.0,1159000000.0,40000000.0,1199000000.0,8686000000.0,842500000.0,842500000.0,886800000.0
Corning Inc,GLW,549300X2937PB0CJ7I56,24741,2019.0,Q3TTM,2018-10-01,2019-09-30,,111000000.0,1.39,1.39,0.78,1.42,325000000.0,1220000000.0,1220000000.0,1220000000.0,7338000000.0,11721000000.0,,,-260000000.0,,1018000000.0,,1631000000.0,7338000000.0,4383000000.0,212000000.0,394000000.0,2760000000.0,1623000000.0,-78000000.0,1545000000.0,11721000000.0,842500000.0,842500000.0,886800000.0
Corning Inc,GLW,549300X2937PB0CJ7I56,24741,2019.0,Q3,2019-07-01,2019-09-30,2019-10-30 07:53:36+00:00,28000000.0,0.4,0.4,0.2,0.38,71000000.0,337000000.0,337000000.0,337000000.0,1917000000.0,2934000000.0,,,71000000.0,,255000000.0,,369000000.0,1917000000.0,1017000000.0,55000000.0,27000000.0,652000000.0,365000000.0,43000000.0,408000000.0,2934000000.0,842500000.0,842500000.0,886800000.0
Corning Inc,GLW,549300X2937PB0CJ7I56,24741,2019.0,Q2YTD,2019-01-01,2019-06-30,,57000000.0,0.7,0.7,0.4,0.64,200000000.0,591000000.0,591000000.0,591000000.0,3588000000.0,5752000000.0,,,33000000.0,,498000000.0,,815000000.0,3588000000.0,2164000000.0,106000000.0,70000000.0,1370000000.0,794000000.0,-3000000.0,791000000.0,5752000000.0,1022200000.0,1022200000.0,1022200000.0
Corning Inc,GLW,549300X2937PB0CJ7I56,24741,2019.0,Q2TTM,2018-07-01,2019-06-30,,110000000.0,1.74,1.74,0.76,1.71,387000000.0,1508000000.0,1508000000.0,1508000000.0,7197000000.0,11795000000.0,,,-89000000.0,,1007000000.0,,1701000000.0,7197000000.0,4598000000.0,202000000.0,406000000.0,2818000000.0,1780000000.0,115000000.0,1895000000.0,11795000000.0,1022200000.0,1022200000.0,1022200000.0
Corning Inc,GLW,549300X2937PB0CJ7I56,24741,2019.0,Q2,2019-04-01,2019-06-30,2019-07-31 15:01:51+00:00,28000000.0,0.09,0.09,0.2,0.09,124000000.0,92000000.0,92000000.0,92000000.0,1875000000.0,2940000000.0,,,-142000000.0,,249000000.0,,414000000.0,1875000000.0,1065000000.0,54000000.0,38000000.0,691000000.0,374000000.0,-158000000.0,216000000.0,2940000000.0,1022200000.0,1022200000.0,1022200000.0
Corning Inc,GLW,549300X2937PB0CJ7I56,24741,2019.0,Q1,2019-01-01,2019-03-31,2020-05-05 16:42:29+00:00,29000000.0,0.61,0.61,0.2,0.55,76000000.0,499000000.0,499000000.0,499000000.0,1713000000.0,2812000000.0,,,175000000.0,,249000000.0,,401000000.0,1713000000.0,1099000000.0,52000000.0,32000000.0,679000000.0,420000000.0,155000000.0,575000000.0,2812000000.0,784000000.0,784000000.0,907300000.0
Corning Inc,GLW,549300X2937PB0CJ7I56,24741,2019.0,Q1TTM,2018-04-01,2019-03-31,,104000000.0,2.52,2.52,0.74,2.4,389000000.0,2154000000.0,2154000000.0,2154000000.0,6997000000.0,11602000000.0,,,525000000.0,,1001000000.0,,1699000000.0,6997000000.0,4605000000.0,191000000.0,408000000.0,2804000000.0,1801000000.0,742000000.0,2543000000.0,11602000000.0,784000000.0,784000000.0,907300000.0
Corning Inc,GLW,549300X2937PB0CJ7I56,24741,2020.0,Q1TTM,2019-04-01,2020-03-31,,110000000.0,0.34,0.34,0.82,0.36,168000000.0,365000000.0,365000000.0,365000000.0,7585000000.0,11082000000.0,,,-25000000.0,,1043000000.0,,1579000000.0,7585000000.0,3497000000.0,233000000.0,26000000.0,2732000000.0,765000000.0,-232000000.0,533000000.0,11082000000.0,600000000.0,600000000.0,600000000.0
Corning Inc,GLW,549300X2937PB0CJ7I56,24741,2020.0,Q1,2020-01-01,2020-03-31,2020-05-05 16:42:29+00:00,26000000.0,-0.16,-0.16,0.22,-0.16,-12000000.0,-96000000.0,-96000000.0,-96000000.0,1830000000.0,2391000000.0,,,57000000.0,,261000000.0,,395000000.0,1830000000.0,561000000.0,64000000.0,20000000.0,682000000.0,-121000000.0,13000000.0,-108000000.0,2391000000.0,600000000.0,600000000.0,600000000.0
