company_name,company_ticker,company_lei,company_cik,year,quarter,start_date,end_date,filing_date,basicdilutedeps,basiceps,cashdividendspershare,dilutedeps,incometaxexpense,netincome,netincomecontinuing,netincomediscontinued,netincometocommon,netincometononcontrollinginterest,operatingcostofrevenue,operatingrevenue,otheradjustmentstoconsolidatednetincome,otheradjustmentstonetincometocommon,othergains,otherincome,otheroperatingexpenses,otherspecialcharges,restructuringcharge,sgaexpense,totalcostofrevenue,totalgrossprofit,totalinterestexpense,totalinterestincome,totaloperatingexpenses,totaloperatingincome,totalotherincome,totalpretaxincome,totalrevenue,weightedavebasicdilutedsharesos,weightedavebasicsharesos,weightedavedilutedsharesos
Henry Schein Inc,HSIC,VGO3WGL8H45T73F4RR92,1000228,2008.0,FY,2007-12-30,2008-12-27,2011-02-22 12:01:27+00:00,2.69,2.69,,2.63,131210000.0,261374000.0,269276000.0,-7902000.0,239457000.0,21917000.0,4506118000.0,6380413000.0,,,5037000.0,-5587000.0,,,23240000.0,1431769000.0,4506118000.0,1874295000.0,34605000.0,16355000.0,1455009000.0,419286000.0,-23837000.0,395449000.0,6380413000.0,89000000.0,89080000.0,91221000.0
Henry Schein Inc,HSIC,VGO3WGL8H45T73F4RR92,1000228,2009.0,Q3,2009-06-28,2009-09-26,2010-10-29 11:37:50+00:00,1.09,1.09,,1.05,15864000.0,100748000.0,98375000.0,2373000.0,96421000.0,4327000.0,1183166000.0,1659433000.0,,,1200000.0,1938000.0,,,0.0,362382000.0,1183166000.0,476267000.0,5171000.0,2387000.0,362382000.0,113885000.0,-846000.0,113039000.0,1659433000.0,88500000.0,88796000.0,91513000.0
Henry Schein Inc,HSIC,VGO3WGL8H45T73F4RR92,1000228,2009.0,Q2,2009-03-29,2009-06-27,2010-08-02 12:58:47+00:00,0.83,0.83,,0.81,38689000.0,80425000.0,80200000.0,225000.0,73473000.0,6952000.0,1131516000.0,1607434000.0,,,1212000.0,-373000.0,,,0.0,353948000.0,1131516000.0,475918000.0,6406000.0,2486000.0,353948000.0,121970000.0,-4293000.0,117677000.0,1607434000.0,88500000.0,88815000.0,90534000.0
Henry Schein Inc,HSIC,VGO3WGL8H45T73F4RR92,1000228,2010.0,Q4,2010-09-26,2010-12-25,,-2.58,-2.58,,-2.5,-115885000.0,-254905000.0,-254905000.0,,-232794000.0,-22111000.0,-3907089000.0,-5503222000.0,,,-7047000.0,-388000.0,,,-12285000.0,-1204715000.0,-3907089000.0,-1596133000.0,-26096000.0,-10318000.0,-1217000000.0,-379133000.0,15390000.0,-363743000.0,-5503222000.0,,,
Henry Schein Inc,HSIC,VGO3WGL8H45T73F4RR92,1000228,2010.0,Q3,2010-06-27,2010-09-25,2011-11-01 16:14:47+00:00,0.97,0.97,,0.94,42226000.0,94490000.0,94490000.0,,87893000.0,6597000.0,1356055000.0,1893511000.0,,,3721000.0,29000.0,,,0.0,400088000.0,1356055000.0,537456000.0,7824000.0,3422000.0,400088000.0,137368000.0,-4373000.0,132995000.0,1893511000.0,90600000.0,90326000.0,93270000.0
Henry Schein Inc,HSIC,VGO3WGL8H45T73F4RR92,1000228,2010.0,Q3YTD,2009-12-27,2010-09-25,,2.58,2.58,,2.5,115885000.0,254905000.0,254905000.0,,232794000.0,22111000.0,3907089000.0,5503222000.0,,,7047000.0,388000.0,,,12285000.0,1204715000.0,3907089000.0,1596133000.0,26096000.0,10318000.0,1217000000.0,379133000.0,-15390000.0,363743000.0,5503222000.0,90600000.0,90326000.0,93270000.0
Henry Schein Inc,HSIC,VGO3WGL8H45T73F4RR92,1000228,2010.0,Q2,2010-03-28,2010-06-26,2011-08-02 11:47:28+00:00,0.93,0.93,,0.9,41435000.0,93163000.0,93163000.0,,84001000.0,9162000.0,1303757000.0,1849401000.0,,,1795000.0,474000.0,,,0.0,407638000.0,1303757000.0,545644000.0,9185000.0,3508000.0,407638000.0,138006000.0,-5203000.0,132803000.0,1849401000.0,90300000.0,90021000.0,93352000.0
Henry Schein Inc,HSIC,VGO3WGL8H45T73F4RR92,1000228,2010.0,Q2YTD,2009-12-27,2010-06-26,,1.61,1.61,,1.56,73659000.0,160415000.0,160415000.0,,144901000.0,15514000.0,2551034000.0,3609711000.0,,,3326000.0,359000.0,,,12285000.0,804627000.0,2551034000.0,1058677000.0,18272000.0,6896000.0,816912000.0,241765000.0,-11017000.0,230748000.0,3609711000.0,90300000.0,90021000.0,93352000.0
Henry Schein Inc,HSIC,VGO3WGL8H45T73F4RR92,1000228,2010.0,Q1,2009-12-27,2010-03-27,2011-05-03 11:33:26+00:00,0.68,0.68,,0.66,32224000.0,67252000.0,67252000.0,,60900000.0,6352000.0,1247277000.0,1760310000.0,,,1531000.0,-115000.0,,,12285000.0,396989000.0,1247277000.0,513033000.0,9087000.0,3388000.0,409274000.0,103759000.0,-5814000.0,97945000.0,1760310000.0,89600000.0,89508000.0,92721000.0
Henry Schein Inc,HSIC,VGO3WGL8H45T73F4RR92,1000228,2011.0,FY,2010-12-26,2011-12-31,2014-02-11 15:13:53+00:00,4.08,4.08,,3.97,180212000.0,404656000.0,404656000.0,,367661000.0,36995000.0,6112187000.0,8530242000.0,,,15561000.0,1942000.0,,,0.0,1835906000.0,6112187000.0,2418055000.0,30377000.0,15593000.0,1835906000.0,582149000.0,-12842000.0,569307000.0,8530242000.0,90100000.0,90120000.0,92620000.0
Henry Schein Inc,HSIC,VGO3WGL8H45T73F4RR92,1000228,2011.0,Q4,2011-09-25,2011-12-31,,1.18,1.18,,1.15,49458000.0,198792000.0,198792000.0,,104730000.0,11091000.0,1687559000.0,2340148000.0,,82971000.0,88187000.0,629000.0,,,,489216000.0,1687559000.0,652589000.0,7577000.0,3638000.0,489216000.0,163373000.0,-3310000.0,160063000.0,2340148000.0,90100000.0,90120000.0,92620000.0
Henry Schein Inc,HSIC,VGO3WGL8H45T73F4RR92,1000228,2011.0,Q3YTD,2010-12-26,2011-09-24,,2.9,2.9,,2.82,130754000.0,205864000.0,205864000.0,,262931000.0,25904000.0,4424628000.0,6190094000.0,,-82971000.0,-72626000.0,1313000.0,,,,1346690000.0,4424628000.0,1765466000.0,22800000.0,11955000.0,1346690000.0,418776000.0,-9532000.0,409244000.0,6190094000.0,90200000.0,90251000.0,92869000.0
Henry Schein Inc,HSIC,VGO3WGL8H45T73F4RR92,1000228,2011.0,Q3TTM,2010-09-26,2011-09-24,,0.32,0.32,,0.32,14869000.0,-49041000.0,-49041000.0,,30137000.0,3793000.0,517539000.0,686872000.0,,-82971000.0,-79673000.0,925000.0,,,-12285000.0,141975000.0,517539000.0,169333000.0,-3296000.0,1637000.0,129690000.0,39643000.0,5858000.0,45501000.0,686872000.0,90200000.0,90251000.0,92869000.0
Henry Schein Inc,HSIC,VGO3WGL8H45T73F4RR92,1000228,2011.0,Q3,2011-06-26,2011-09-24,2012-11-07 12:18:58+00:00,1.02,1.02,,0.99,44261000.0,100808000.0,100808000.0,,91961000.0,8847000.0,1524273000.0,2111693000.0,,,4559000.0,232000.0,,,0.0,444159000.0,1524273000.0,587420000.0,6813000.0,3830000.0,444159000.0,143261000.0,-2751000.0,140510000.0,2111693000.0,90200000.0,90251000.0,92869000.0
Henry Schein Inc,HSIC,VGO3WGL8H45T73F4RR92,1000228,2011.0,Q2YTD,2010-12-26,2011-06-25,,1.88,1.88,,1.83,86493000.0,105056000.0,105056000.0,,170970000.0,17057000.0,2900355000.0,4078401000.0,,-82971000.0,-77185000.0,1081000.0,,,,902531000.0,2900355000.0,1178046000.0,15987000.0,8125000.0,902531000.0,275515000.0,-6781000.0,268734000.0,4078401000.0,90800000.0,90766000.0,93446000.0
Henry Schein Inc,HSIC,VGO3WGL8H45T73F4RR92,1000228,2011.0,Q2TTM,2010-06-27,2011-06-25,,0.27,0.27,,0.27,12834000.0,-55359000.0,-55359000.0,,26069000.0,1543000.0,349321000.0,468690000.0,,-82971000.0,-80511000.0,722000.0,,,-12285000.0,97904000.0,349321000.0,119369000.0,-2285000.0,1229000.0,85619000.0,33750000.0,4236000.0,37986000.0,468690000.0,90800000.0,90766000.0,93446000.0
Henry Schein Inc,HSIC,VGO3WGL8H45T73F4RR92,1000228,2011.0,Q2,2011-03-27,2011-06-25,2012-08-02 13:16:14+00:00,1.04,1.04,,1.01,47340000.0,105056000.0,105056000.0,,94475000.0,10581000.0,1518416000.0,2130640000.0,,,4133000.0,758000.0,,,0.0,461009000.0,1518416000.0,612224000.0,7902000.0,4192000.0,461009000.0,151215000.0,-2952000.0,148263000.0,2130640000.0,90800000.0,90766000.0,93446000.0
Henry Schein Inc,HSIC,VGO3WGL8H45T73F4RR92,1000228,2011.0,Q1TTM,2010-03-28,2011-03-26,,0.16,0.16,,0.16,6929000.0,-67252000.0,-67252000.0,,15595000.0,124000.0,134662000.0,187451000.0,,-82971000.0,-82849000.0,438000.0,,,-12285000.0,44533000.0,134662000.0,52789000.0,-1002000.0,545000.0,32248000.0,20541000.0,1985000.0,22526000.0,187451000.0,91100000.0,90615000.0,93161000.0
Henry Schein Inc,HSIC,VGO3WGL8H45T73F4RR92,1000228,2012.0,Q4,2012-09-30,2012-12-29,,1.3,1.3,,1.27,54108000.0,121715000.0,121715000.0,,112467000.0,9248000.0,1744943000.0,2408438000.0,,,-840000.0,392000.0,,,,482153000.0,1744943000.0,663495000.0,8243000.0,3172000.0,482153000.0,181342000.0,-4679000.0,176663000.0,2408438000.0,87400000.0,87499000.0,89823000.0
Henry Schein Inc,HSIC,VGO3WGL8H45T73F4RR92,1000228,2012.0,FY,2012-01-01,2012-12-29,2015-02-11 13:37:28+00:00,4.44,4.44,,4.32,187858000.0,423388000.0,423388000.0,,388076000.0,35312000.0,6432454000.0,8939967000.0,,,7058000.0,2735000.0,,,15192000.0,1873360000.0,6432454000.0,2507513000.0,30902000.0,13394000.0,1888552000.0,618961000.0,-14773000.0,604188000.0,8939967000.0,87400000.0,87499000.0,89823000.0
Henry Schein Inc,HSIC,VGO3WGL8H45T73F4RR92,1000228,2012.0,Q3YTD,2012-01-01,2012-09-29,,3.14,3.14,,3.05,133750000.0,301673000.0,301673000.0,,275609000.0,26064000.0,4687511000.0,6531529000.0,,,7898000.0,2343000.0,,,15192000.0,1391207000.0,4687511000.0,1844018000.0,22659000.0,10222000.0,1406399000.0,437619000.0,-10094000.0,427525000.0,6531529000.0,87200000.0,87465000.0,89647000.0
Henry Schein Inc,HSIC,VGO3WGL8H45T73F4RR92,1000228,2012.0,Q3TTM,2011-09-25,2012-09-29,,4.32,4.32,,4.2,183208000.0,500465000.0,500465000.0,,380339000.0,37155000.0,6375070000.0,8871677000.0,,82971000.0,96085000.0,2972000.0,,,15192000.0,1880423000.0,6375070000.0,2496607000.0,30236000.0,13860000.0,1895615000.0,600992000.0,-13404000.0,587588000.0,8871677000.0,87200000.0,87465000.0,89647000.0
Henry Schein Inc,HSIC,VGO3WGL8H45T73F4RR92,1000228,2012.0,Q3,2012-07-01,2012-09-29,2013-11-05 11:53:29+00:00,1.11,1.11,,1.08,44709000.0,105310000.0,105310000.0,,96771000.0,8539000.0,1622014000.0,2231058000.0,,,3434000.0,988000.0,,,0.0,459422000.0,1622014000.0,609044000.0,7308000.0,3283000.0,459422000.0,149622000.0,-3037000.0,146585000.0,2231058000.0,87200000.0,87465000.0,89647000.0
Henry Schein Inc,HSIC,VGO3WGL8H45T73F4RR92,1000228,2012.0,Q2YTD,2012-01-01,2012-06-30,,2.03,2.03,,1.97,89041000.0,196363000.0,196363000.0,,178838000.0,17525000.0,3065497000.0,4300471000.0,,,4464000.0,1355000.0,,,15192000.0,931785000.0,3065497000.0,1234974000.0,15351000.0,6939000.0,946977000.0,287997000.0,-7057000.0,280940000.0,4300471000.0,88400000.0,88490000.0,90553000.0
Henry Schein Inc,HSIC,VGO3WGL8H45T73F4RR92,1000228,2012.0,Q2TTM,2011-06-26,2012-06-30,,4.23,4.23,,4.11,182760000.0,495963000.0,495963000.0,,375529000.0,37463000.0,6277329000.0,8752312000.0,,82971000.0,97210000.0,2216000.0,,,15192000.0,1865160000.0,6277329000.0,2474983000.0,29741000.0,14407000.0,1880352000.0,594631000.0,-13118000.0,581513000.0,8752312000.0,88400000.0,88490000.0,90553000.0
Henry Schein Inc,HSIC,VGO3WGL8H45T73F4RR92,1000228,2012.0,Q2,2012-04-01,2012-06-30,2013-08-06 12:11:31+00:00,1.11,1.11,,1.08,47201000.0,107302000.0,107302000.0,,98086000.0,9216000.0,1577057000.0,2201452000.0,,,3073000.0,830000.0,,,3360000.0,466333000.0,1577057000.0,624395000.0,7711000.0,3609000.0,469693000.0,154702000.0,-3272000.0,151430000.0,2201452000.0,88400000.0,88490000.0,90553000.0
Henry Schein Inc,HSIC,VGO3WGL8H45T73F4RR92,1000228,2012.0,Q1TTM,2011-03-27,2012-03-31,,4.16,4.16,,4.04,182899000.0,493717000.0,493717000.0,,371918000.0,38828000.0,6218688000.0,8681500000.0,,82971000.0,98270000.0,2144000.0,,,11832000.0,1859836000.0,6218688000.0,2462812000.0,29932000.0,14990000.0,1871668000.0,591144000.0,-12798000.0,578346000.0,8681500000.0,87800000.0,88216000.0,90666000.0
Henry Schein Inc,HSIC,VGO3WGL8H45T73F4RR92,1000228,2012.0,Q1,2012-01-01,2012-03-31,2013-05-07 12:11:16+00:00,0.92,0.92,,0.89,41840000.0,89061000.0,89061000.0,,80752000.0,8309000.0,1488440000.0,2099019000.0,,,1391000.0,525000.0,,,11832000.0,465452000.0,1488440000.0,610579000.0,7640000.0,3330000.0,477284000.0,133295000.0,-3785000.0,129510000.0,2099019000.0,87800000.0,88216000.0,90666000.0
Henry Schein Inc,HSIC,VGO3WGL8H45T73F4RR92,1000228,2013.0,Q4,2013-09-29,2013-12-28,,1.45,1.45,,1.44,55604000.0,134969000.0,147504000.0,,124268000.0,10701000.0,1826850000.0,2526370000.0,-12535000.0,,16520000.0,1466000.0,,,,512637000.0,1826850000.0,699520000.0,4870000.0,3109000.0,512637000.0,186883000.0,-295000.0,186588000.0,2526370000.0,86000000.0,85926000.0,87622000.0
Henry Schein Inc,HSIC,VGO3WGL8H45T73F4RR92,1000228,2013.0,FY,2012-12-30,2013-12-28,2015-02-11 13:37:28+00:00,5.02,5.02,,4.93,190891000.0,471462000.0,483997000.0,,431554000.0,39908000.0,6904633000.0,9560647000.0,-12535000.0,,10194000.0,2325000.0,,,0.0,1978960000.0,6904633000.0,2656014000.0,27538000.0,12853000.0,1978960000.0,677054000.0,-12360000.0,664694000.0,9560647000.0,86000000.0,85926000.0,87622000.0
Henry Schein Inc,HSIC,VGO3WGL8H45T73F4RR92,1000228,2013.0,Q3YTD,2012-12-30,2013-09-28,,3.57,3.57,,3.49,135287000.0,336493000.0,336493000.0,,307286000.0,29207000.0,5077783000.0,7034277000.0,,,-6326000.0,859000.0,,,,1466323000.0,5077783000.0,1956494000.0,22668000.0,9744000.0,1466323000.0,490171000.0,-12065000.0,478106000.0,7034277000.0,85900000.0,85646000.0,87404000.0
Henry Schein Inc,HSIC,VGO3WGL8H45T73F4RR92,1000228,2013.0,Q3TTM,2012-09-30,2013-09-28,,4.87,4.87,,4.76,189395000.0,458208000.0,458208000.0,,419753000.0,38455000.0,6822726000.0,9442715000.0,,,-7166000.0,1251000.0,,,,1948476000.0,6822726000.0,2619989000.0,30911000.0,12916000.0,1948476000.0,671513000.0,-16744000.0,654769000.0,9442715000.0,85900000.0,85646000.0,87404000.0
Henry Schein Inc,HSIC,VGO3WGL8H45T73F4RR92,1000228,2013.0,Q3,2013-06-30,2013-09-28,2014-11-06 13:13:37+00:00,1.25,1.25,,1.23,34660000.0,116372000.0,116372000.0,,107378000.0,8994000.0,1709309000.0,2348956000.0,,,-8893000.0,1263000.0,,,,479170000.0,1709309000.0,639647000.0,5051000.0,3236000.0,479170000.0,160477000.0,-552000.0,159925000.0,2348956000.0,85900000.0,85646000.0,87404000.0
Henry Schein Inc,HSIC,VGO3WGL8H45T73F4RR92,1000228,2013.0,Q2YTD,2012-12-30,2013-06-29,,2.32,2.32,,2.26,100627000.0,220121000.0,220121000.0,,199908000.0,20213000.0,3368474000.0,4685321000.0,,,2567000.0,-404000.0,,,,987153000.0,3368474000.0,1316847000.0,17617000.0,6508000.0,987153000.0,329694000.0,-11513000.0,318181000.0,4685321000.0,86100000.0,86370000.0,87968000.0
Henry Schein Inc,HSIC,VGO3WGL8H45T73F4RR92,1000228,2013.0,Q2TTM,2012-07-01,2013-06-29,,4.73,4.73,,4.61,199444000.0,447146000.0,447146000.0,,409146000.0,38000000.0,6735431000.0,9324817000.0,,,5161000.0,976000.0,,,,1928728000.0,6735431000.0,2589386000.0,33168000.0,12963000.0,1928728000.0,660658000.0,-19229000.0,641429000.0,9324817000.0,86100000.0,86370000.0,87968000.0
Henry Schein Inc,HSIC,VGO3WGL8H45T73F4RR92,1000228,2013.0,Q2,2013-03-31,2013-06-29,2014-08-04 12:28:28+00:00,1.26,1.26,,1.23,54775000.0,121435000.0,121435000.0,,108430000.0,13005000.0,1721954000.0,2391810000.0,,,1766000.0,-34000.0,,,,493791000.0,1721954000.0,669856000.0,4890000.0,3303000.0,493791000.0,176065000.0,-1621000.0,174444000.0,2391810000.0,86100000.0,86370000.0,87968000.0
Henry Schein Inc,HSIC,VGO3WGL8H45T73F4RR92,1000228,2013.0,Q1TTM,2012-04-01,2013-03-30,,4.58,4.58,,4.46,191870000.0,433013000.0,433013000.0,,398802000.0,34211000.0,6590534000.0,9134459000.0,,,6468000.0,1840000.0,,,3360000.0,1901270000.0,6590534000.0,2543925000.0,35989000.0,13269000.0,1904630000.0,639295000.0,-20880000.0,618415000.0,9134459000.0,86300000.0,86654000.0,88792000.0
Henry Schein Inc,HSIC,VGO3WGL8H45T73F4RR92,1000228,2013.0,Q1,2012-12-30,2013-03-30,2014-05-06 12:25:41+00:00,1.06,1.06,,1.03,45852000.0,98686000.0,98686000.0,,91478000.0,7208000.0,1646520000.0,2293511000.0,,,801000.0,-370000.0,,,,493362000.0,1646520000.0,646991000.0,12727000.0,3205000.0,493362000.0,153629000.0,-9892000.0,143737000.0,2293511000.0,86300000.0,86654000.0,88792000.0
Henry Schein Inc,HSIC,VGO3WGL8H45T73F4RR92,1000228,2014.0,FY,2013-12-29,2014-12-27,2017-02-21 15:57:15+00:00,5.53,5.53,,5.44,215610000.0,505436000.0,505436000.0,,466077000.0,39359000.0,7460075000.0,10371390000.0,,,11734000.0,4572000.0,,,0.0,2196173000.0,7460075000.0,2911315000.0,24057000.0,13655000.0,2196173000.0,715142000.0,-5830000.0,709312000.0,10371390000.0,84300000.0,84265000.0,85740000.0
Henry Schein Inc,HSIC,VGO3WGL8H45T73F4RR92,1000228,2014.0,Q4,2014-09-28,2014-12-27,,1.58,1.58,1.28,1.58,59363000.0,143955000.0,143955000.0,,132966000.0,10989000.0,1937632000.0,2702096000.0,,,3449000.0,444000.0,,,,561522000.0,1937632000.0,764464000.0,6849000.0,3332000.0,561522000.0,202942000.0,-3073000.0,199869000.0,2702096000.0,84300000.0,84265000.0,85740000.0
Henry Schein Inc,HSIC,VGO3WGL8H45T73F4RR92,1000228,2014.0,Q3,2014-06-29,2014-09-27,2015-11-04 14:09:34+00:00,1.36,1.36,,1.34,51302000.0,124236000.0,124236000.0,,114776000.0,9460000.0,1902063000.0,2623729000.0,,,4762000.0,-484000.0,,,0.0,547578000.0,1902063000.0,721666000.0,6280000.0,3452000.0,547578000.0,174088000.0,-3312000.0,170776000.0,2623729000.0,84400000.0,84095000.0,85450000.0
Henry Schein Inc,HSIC,VGO3WGL8H45T73F4RR92,1000228,2014.0,Q3YTD,2013-12-29,2014-09-27,,3.96,3.96,0.27,3.96,156247000.0,361481000.0,361481000.0,,333111000.0,28370000.0,5522443000.0,7669294000.0,,,8285000.0,4128000.0,,,,1634651000.0,5522443000.0,2146851000.0,17208000.0,10323000.0,1634651000.0,512200000.0,-2757000.0,509443000.0,7669294000.0,84400000.0,84095000.0,85450000.0
Henry Schein Inc,HSIC,VGO3WGL8H45T73F4RR92,1000228,2014.0,Q3TTM,2013-09-29,2014-09-27,,5.44,5.44,0.22,5.44,211851000.0,496450000.0,508985000.0,,457379000.0,39071000.0,7349293000.0,10195664000.0,-12535000.0,,24805000.0,5594000.0,,,,2147288000.0,7349293000.0,2846371000.0,22078000.0,13432000.0,2147288000.0,699083000.0,-3052000.0,696031000.0,10195664000.0,84400000.0,84095000.0,85450000.0
Henry Schein Inc,HSIC,VGO3WGL8H45T73F4RR92,1000228,2014.0,Q2YTD,2013-12-29,2014-06-28,,2.57,2.57,,2.53,104945000.0,237245000.0,237245000.0,,218335000.0,18910000.0,3620380000.0,5045565000.0,,,3523000.0,4612000.0,,,,1087073000.0,3620380000.0,1425185000.0,10928000.0,6871000.0,1087073000.0,338112000.0,555000.0,338667000.0,5045565000.0,84800000.0,84620000.0,85980000.0
Henry Schein Inc,HSIC,VGO3WGL8H45T73F4RR92,1000228,2014.0,Q2TTM,2013-06-30,2014-06-28,,5.27,5.27,,5.2,195209000.0,488586000.0,501121000.0,,449981000.0,38605000.0,7156539000.0,9920891000.0,-12535000.0,,11150000.0,7341000.0,,,,2078880000.0,7156539000.0,2764352000.0,20849000.0,13216000.0,2078880000.0,685472000.0,-292000.0,685180000.0,9920891000.0,84800000.0,84620000.0,85980000.0
Henry Schein Inc,HSIC,VGO3WGL8H45T73F4RR92,1000228,2014.0,Q2,2014-03-30,2014-06-28,2015-07-29 15:10:46+00:00,1.37,1.37,,1.35,55322000.0,127117000.0,127117000.0,,116236000.0,10881000.0,1886934000.0,2615406000.0,,,2817000.0,1032000.0,,,0.0,547628000.0,1886934000.0,728472000.0,5670000.0,3416000.0,547628000.0,180844000.0,-1222000.0,179622000.0,2615406000.0,84800000.0,84620000.0,85980000.0
Henry Schein Inc,HSIC,VGO3WGL8H45T73F4RR92,1000228,2014.0,Q1TTM,2013-03-31,2014-03-29,,5.16,5.16,,5.08,194662000.0,482904000.0,495439000.0,,442175000.0,40729000.0,6991559000.0,9697295000.0,-12535000.0,,10099000.0,6275000.0,,,,2025043000.0,6991559000.0,2705736000.0,20069000.0,13103000.0,2025043000.0,680693000.0,-691000.0,680002000.0,9697295000.0,85100000.0,84808000.0,86518000.0
Henry Schein Inc,HSIC,VGO3WGL8H45T73F4RR92,1000228,2014.0,Q1,2013-12-29,2014-03-29,2015-05-04 14:13:13+00:00,1.2,1.2,,1.18,49623000.0,110128000.0,110128000.0,,102099000.0,8029000.0,1733446000.0,2430159000.0,,,706000.0,3580000.0,,,0.0,539445000.0,1733446000.0,696713000.0,5258000.0,3455000.0,539445000.0,157268000.0,1777000.0,159045000.0,2430159000.0,85100000.0,84808000.0,86518000.0
Henry Schein Inc,HSIC,VGO3WGL8H45T73F4RR92,1000228,2015.0,FY,2014-12-28,2015-12-26,2018-02-21 13:51:40+00:00,2.89,2.89,,2.85,211391000.0,523427000.0,523427000.0,,479058000.0,44369000.0,7622765000.0,10629719000.0,,,14060000.0,-141000.0,,,34931000.0,2238051000.0,7622765000.0,3006954000.0,26008000.0,12935000.0,2272982000.0,733972000.0,-13214000.0,720758000.0,10629719000.0,165800000.0,165687000.0,168250000.0
Henry Schein Inc,HSIC,VGO3WGL8H45T73F4RR92,1000228,2015.0,Q4,2015-09-27,2015-12-26,,0.78,0.78,0.56,0.78,59248000.0,140843000.0,140843000.0,,129948000.0,10895000.0,2056945000.0,2850918000.0,,,3269000.0,193000.0,,,12409000.0,580871000.0,2056945000.0,793973000.0,7158000.0,3094000.0,593280000.0,200693000.0,-3871000.0,196822000.0,2850918000.0,165800000.0,165687000.0,168250000.0
Henry Schein Inc,HSIC,VGO3WGL8H45T73F4RR92,1000228,2015.0,Q3,2015-06-28,2015-09-26,2016-11-02 13:16:00+00:00,1.54,1.54,,1.52,49232000.0,141396000.0,141396000.0,,127735000.0,13661000.0,1936927000.0,2685835000.0,,,5191000.0,-277000.0,,,8438000.0,551588000.0,1936927000.0,748908000.0,6297000.0,3129000.0,560026000.0,188882000.0,-3445000.0,185437000.0,2685835000.0,82900000.0,82858000.0,84084000.0
Henry Schein Inc,HSIC,VGO3WGL8H45T73F4RR92,1000228,2015.0,Q3YTD,2014-12-28,2015-09-26,,4.21,4.21,0.27,4.21,152143000.0,382584000.0,382584000.0,,349110000.0,33474000.0,5565820000.0,7778801000.0,,,10791000.0,-334000.0,,,22522000.0,1657180000.0,5565820000.0,2212981000.0,18850000.0,9841000.0,1679702000.0,533279000.0,-9343000.0,523936000.0,7778801000.0,82900000.0,82858000.0,84084000.0
Henry Schein Inc,HSIC,VGO3WGL8H45T73F4RR92,1000228,2015.0,Q3TTM,2014-09-28,2015-09-26,,5.82,5.82,1.57,5.82,211506000.0,526539000.0,526539000.0,,482076000.0,44463000.0,7503452000.0,10480897000.0,,,14240000.0,110000.0,,,22522000.0,2218702000.0,7503452000.0,2977445000.0,25699000.0,13173000.0,2241224000.0,736221000.0,-12416000.0,723805000.0,10480897000.0,82900000.0,82858000.0,84084000.0
Henry Schein Inc,HSIC,VGO3WGL8H45T73F4RR92,1000228,2015.0,Q2,2015-03-29,2015-06-27,2016-08-04 12:33:10+00:00,1.42,1.42,,1.4,53784000.0,129608000.0,129608000.0,,117928000.0,11680000.0,1878642000.0,2629320000.0,,,3572000.0,-177000.0,,,7222000.0,560426000.0,1878642000.0,750678000.0,6290000.0,3257000.0,567648000.0,183030000.0,-3210000.0,179820000.0,2629320000.0,83000000.0,83053000.0,84249000.0
Henry Schein Inc,HSIC,VGO3WGL8H45T73F4RR92,1000228,2015.0,Q2YTD,2014-12-28,2015-06-27,,2.67,2.67,0.18,2.67,102911000.0,241188000.0,241188000.0,,221375000.0,19813000.0,3628893000.0,5092966000.0,,,5600000.0,-57000.0,,,14084000.0,1105592000.0,3628893000.0,1464073000.0,12553000.0,6712000.0,1119676000.0,344397000.0,-5898000.0,338499000.0,5092966000.0,83000000.0,83053000.0,84249000.0
Henry Schein Inc,HSIC,VGO3WGL8H45T73F4RR92,1000228,2015.0,Q2TTM,2014-06-29,2015-06-27,,5.65,5.65,1.53,5.65,213576000.0,509379000.0,509379000.0,,469117000.0,40262000.0,7468588000.0,10418791000.0,,,13811000.0,-97000.0,,,14084000.0,2214692000.0,7468588000.0,2950203000.0,25682000.0,13496000.0,2228776000.0,721427000.0,-12283000.0,709144000.0,10418791000.0,83000000.0,83053000.0,84249000.0
Henry Schein Inc,HSIC,VGO3WGL8H45T73F4RR92,1000228,2015.0,Q1,2014-12-28,2015-03-28,2016-05-03 15:00:39+00:00,1.24,1.24,,1.22,49127000.0,111580000.0,111580000.0,,103447000.0,8133000.0,1750251000.0,2463646000.0,,,2028000.0,120000.0,,,6862000.0,545166000.0,1750251000.0,713395000.0,6263000.0,3455000.0,552028000.0,161367000.0,-2688000.0,158679000.0,2463646000.0,83400000.0,83230000.0,84715000.0
Henry Schein Inc,HSIC,VGO3WGL8H45T73F4RR92,1000228,2015.0,Q1TTM,2014-03-30,2015-03-28,,5.62,5.62,1.56,5.62,215114000.0,506888000.0,506888000.0,,467425000.0,39463000.0,7476880000.0,10404877000.0,,,13056000.0,1112000.0,,,6862000.0,2201894000.0,7476880000.0,2927997000.0,25062000.0,13655000.0,2208756000.0,719241000.0,-10295000.0,708946000.0,10404877000.0,83400000.0,83230000.0,84715000.0
Henry Schein Inc,HSIC,VGO3WGL8H45T73F4RR92,1000228,2016.0,FY,2015-12-27,2016-12-31,2019-02-20 15:59:15+00:00,3.14,3.14,,3.1,217958000.0,556395000.0,556395000.0,,506778000.0,49617000.0,8345195000.0,11571668000.0,,,18518000.0,2879000.0,0.0,0.0,45891000.0,2409008000.0,8345195000.0,3226473000.0,31893000.0,13275000.0,2454899000.0,771574000.0,-15739000.0,755835000.0,11571668000.0,161400000.0,161641000.0,163723000.0
Henry Schein Inc,HSIC,VGO3WGL8H45T73F4RR92,1000228,2016.0,Q4,2016-09-25,2016-12-31,,0.86,0.86,0.49,0.86,58859000.0,153473000.0,153473000.0,,139216000.0,14257000.0,2261447000.0,3120934000.0,,,5358000.0,-327000.0,,,16080000.0,629425000.0,2261447000.0,859487000.0,9911000.0,3230000.0,645505000.0,213982000.0,-7008000.0,206974000.0,3120934000.0,161400000.0,161641000.0,163723000.0
Henry Schein Inc,HSIC,VGO3WGL8H45T73F4RR92,1000228,2016.0,Q3,2016-06-26,2016-09-24,2017-11-06 14:10:52+00:00,0.83,0.83,,0.82,56601000.0,145291000.0,145291000.0,,133713000.0,11578000.0,2077473000.0,2865148000.0,,,5717000.0,-199000.0,,,5370000.0,581584000.0,2077473000.0,787675000.0,7488000.0,3141000.0,586954000.0,200721000.0,-4546000.0,196175000.0,2865148000.0,161100000.0,161791000.0,163710000.0
Henry Schein Inc,HSIC,VGO3WGL8H45T73F4RR92,1000228,2016.0,Q3YTD,2015-12-27,2016-09-24,,2.27,2.27,0.16,2.27,159099000.0,402922000.0,402922000.0,,367562000.0,35360000.0,6083748000.0,8450734000.0,,,13160000.0,3206000.0,,,29811000.0,1779583000.0,6083748000.0,2366986000.0,21982000.0,10045000.0,1809394000.0,557592000.0,-8731000.0,548861000.0,8450734000.0,161100000.0,161791000.0,163710000.0
Henry Schein Inc,HSIC,VGO3WGL8H45T73F4RR92,1000228,2016.0,Q3TTM,2015-09-27,2016-09-24,,3.08,3.08,0.74,3.08,218347000.0,543765000.0,543765000.0,,497510000.0,46255000.0,8140693000.0,11301652000.0,,,16429000.0,3399000.0,,,42220000.0,2360454000.0,8140693000.0,3160959000.0,29140000.0,13139000.0,2402674000.0,758285000.0,-12602000.0,745683000.0,11301652000.0,161100000.0,161791000.0,163710000.0
Henry Schein Inc,HSIC,VGO3WGL8H45T73F4RR92,1000228,2016.0,Q2,2016-03-27,2016-06-25,2017-08-08 11:39:58+00:00,1.47,1.47,,1.46,48965000.0,133098000.0,133098000.0,,120097000.0,13001000.0,2071161000.0,2872630000.0,,,4929000.0,268000.0,,,20383000.0,600409000.0,2071161000.0,801469000.0,7367000.0,3556000.0,620792000.0,180677000.0,-3543000.0,177134000.0,2872630000.0,81700000.0,81458000.0,82394000.0
Henry Schein Inc,HSIC,VGO3WGL8H45T73F4RR92,1000228,2016.0,Q2YTD,2015-12-27,2016-06-25,,2.87,2.87,0.25,2.87,102498000.0,257631000.0,257631000.0,,233849000.0,23782000.0,4006275000.0,5585586000.0,,,7443000.0,3405000.0,,,24441000.0,1197999000.0,4006275000.0,1579311000.0,14494000.0,6904000.0,1222440000.0,356871000.0,-4185000.0,352686000.0,5585586000.0,81700000.0,81458000.0,82394000.0
Henry Schein Inc,HSIC,VGO3WGL8H45T73F4RR92,1000228,2016.0,Q2TTM,2015-06-28,2016-06-25,,6.03,6.03,1.48,6.03,210978000.0,539870000.0,539870000.0,,491532000.0,48338000.0,8000147000.0,11122339000.0,,,15903000.0,3321000.0,,,45288000.0,2330458000.0,8000147000.0,3122192000.0,27949000.0,13127000.0,2375746000.0,746446000.0,-11501000.0,734945000.0,11122339000.0,81700000.0,81458000.0,82394000.0
Henry Schein Inc,HSIC,VGO3WGL8H45T73F4RR92,1000228,2016.0,Q1,2015-12-27,2016-03-26,2017-05-09 14:36:44+00:00,1.39,1.39,,1.37,53533000.0,124533000.0,124533000.0,,113752000.0,10781000.0,1935114000.0,2712956000.0,,,2514000.0,3137000.0,,,4058000.0,597590000.0,1935114000.0,777842000.0,7127000.0,3348000.0,601648000.0,176194000.0,-642000.0,175552000.0,2712956000.0,81800000.0,81568000.0,82739000.0
Henry Schein Inc,HSIC,VGO3WGL8H45T73F4RR92,1000228,2016.0,Q1TTM,2015-03-29,2016-03-26,,6.0,6.0,1.4,6.0,215797000.0,536380000.0,536380000.0,,489363000.0,47017000.0,7807628000.0,10879029000.0,,,14546000.0,2876000.0,,,32127000.0,2290475000.0,7807628000.0,3071401000.0,26872000.0,12828000.0,2322602000.0,748799000.0,-11168000.0,737631000.0,10879029000.0,81800000.0,81568000.0,82739000.0
Henry Schein Inc,HSIC,VGO3WGL8H45T73F4RR92,1000228,2017.0,FY,2017-01-01,2017-12-30,2019-02-20 15:59:15+00:00,2.59,2.59,,2.57,362506000.0,459293000.0,476929000.0,,406299000.0,52994000.0,9062440000.0,12461543000.0,-17636000.0,,16587000.0,-420000.0,0.0,5325000.0,0.0,2534409000.0,9062440000.0,3399103000.0,53654000.0,17553000.0,2539734000.0,859369000.0,-36521000.0,822848000.0,12461543000.0,156900000.0,156787000.0,158208000.0
Henry Schein Inc,HSIC,VGO3WGL8H45T73F4RR92,1000228,2017.0,Q4,2017-10-01,2017-12-30,,-0.05,-0.05,0.26,-0.05,206230000.0,8510000.0,26146000.0,,-8535000.0,17045000.0,2417098000.0,3318054000.0,-17636000.0,,4343000.0,-909000.0,,5325000.0,,654440000.0,2417098000.0,900956000.0,16598000.0,4349000.0,659765000.0,241191000.0,-13158000.0,228033000.0,3318054000.0,156900000.0,156787000.0,158208000.0
Henry Schein Inc,HSIC,VGO3WGL8H45T73F4RR92,1000228,2017.0,Q3,2017-07-02,2017-09-30,2018-11-06 12:35:43+00:00,0.88,0.88,,0.87,59340000.0,150948000.0,150948000.0,,138031000.0,12917000.0,2325029000.0,3161083000.0,,,5569000.0,-194000.0,0.0,0.0,0.0,622506000.0,2325029000.0,836054000.0,13428000.0,4793000.0,622506000.0,213548000.0,-8829000.0,204719000.0,3161083000.0,156900000.0,156914000.0,158271000.0
Henry Schein Inc,HSIC,VGO3WGL8H45T73F4RR92,1000228,2017.0,Q3YTD,2017-01-01,2017-09-30,,2.64,2.64,0.15,2.64,156276000.0,450783000.0,450783000.0,,414834000.0,35949000.0,6645342000.0,9143489000.0,,,12244000.0,489000.0,,,,1879969000.0,6645342000.0,2498147000.0,37056000.0,13204000.0,1879969000.0,618178000.0,-23363000.0,594815000.0,9143489000.0,156900000.0,156914000.0,158271000.0
Henry Schein Inc,HSIC,VGO3WGL8H45T73F4RR92,1000228,2017.0,Q3TTM,2016-09-25,2017-09-30,,3.53,3.53,0.65,3.53,215135000.0,604256000.0,604256000.0,,554050000.0,50206000.0,8906789000.0,12264423000.0,,,17602000.0,162000.0,,,16080000.0,2509394000.0,8906789000.0,3357634000.0,46967000.0,16434000.0,2525474000.0,832160000.0,-30371000.0,801789000.0,12264423000.0,156900000.0,156914000.0,158271000.0
Henry Schein Inc,HSIC,VGO3WGL8H45T73F4RR92,1000228,2017.0,Q2,2017-04-02,2017-07-01,2018-08-06 16:33:17+00:00,0.86,0.86,,0.86,58306000.0,149582000.0,149582000.0,,136055000.0,13527000.0,2220285000.0,3059458000.0,,,4589000.0,728000.0,0.0,,0.0,628511000.0,2220285000.0,839173000.0,12198000.0,4107000.0,628511000.0,210662000.0,-7363000.0,203299000.0,3059458000.0,158200000.0,157748000.0,159076000.0
Henry Schein Inc,HSIC,VGO3WGL8H45T73F4RR92,1000228,2017.0,Q2YTD,2017-01-01,2017-07-01,,1.75,1.75,0.12,1.75,96936000.0,299835000.0,299835000.0,,276803000.0,23032000.0,4320313000.0,5982406000.0,,,6675000.0,683000.0,,,,1257463000.0,4320313000.0,1662093000.0,23628000.0,8411000.0,1257463000.0,404630000.0,-14534000.0,390096000.0,5982406000.0,158200000.0,157748000.0,159076000.0
Henry Schein Inc,HSIC,VGO3WGL8H45T73F4RR92,1000228,2017.0,Q2TTM,2016-06-26,2017-07-01,,3.48,3.48,0.66,3.48,212396000.0,598599000.0,598599000.0,,549732000.0,48867000.0,8659233000.0,11968488000.0,,,17750000.0,157000.0,,,21450000.0,2468472000.0,8659233000.0,3309255000.0,41027000.0,14782000.0,2489922000.0,819333000.0,-26088000.0,793245000.0,11968488000.0,158200000.0,157748000.0,159076000.0
Henry Schein Inc,HSIC,VGO3WGL8H45T73F4RR92,1000228,2017.0,Q1,2017-01-01,2017-04-01,2018-05-08 14:31:32+00:00,0.89,0.89,,0.88,38630000.0,150253000.0,150253000.0,,140748000.0,9505000.0,2100028000.0,2922948000.0,,,2086000.0,-45000.0,,,0.0,628952000.0,2100028000.0,822920000.0,11430000.0,4304000.0,628952000.0,193968000.0,-7171000.0,186797000.0,2922948000.0,158100000.0,157715000.0,159758000.0
Henry Schein Inc,HSIC,VGO3WGL8H45T73F4RR92,1000228,2017.0,Q1TTM,2016-03-27,2017-04-01,,3.38,3.38,0.67,3.38,203055000.0,582115000.0,582115000.0,,533774000.0,48341000.0,8510109000.0,11781660000.0,,,18090000.0,-303000.0,,,41833000.0,2440370000.0,8510109000.0,3271551000.0,36196000.0,14231000.0,2482203000.0,789348000.0,-22268000.0,767080000.0,11781660000.0,158100000.0,157715000.0,159758000.0
Henry Schein Inc,HSIC,VGO3WGL8H45T73F4RR92,1000228,2018.0,Q4,2018-09-30,2018-12-29,,0.87,0.87,2.54,0.87,68838000.0,139010000.0,236571000.0,-97561000.0,132973000.0,6037000.0,4821680000.0,6256948000.0,,,7441000.0,1619000.0,38756000.0,,43189000.0,1042888000.0,4821680000.0,1435268000.0,24217000.0,10131000.0,1124833000.0,310435000.0,-12467000.0,297968000.0,6256948000.0,152700000.0,152656000.0,153707000.0
Henry Schein Inc,HSIC,VGO3WGL8H45T73F4RR92,1000228,2018.0,FY,2017-12-31,2018-12-29,2019-02-20 15:59:15+00:00,3.51,3.51,,3.49,155492000.0,562126000.0,562126000.0,,535881000.0,26245000.0,9606911000.0,13201995000.0,,,22270000.0,-154000.0,38756000.0,38488000.0,62912000.0,2701876000.0,9606911000.0,3595084000.0,78786000.0,21236000.0,2842032000.0,753052000.0,-57704000.0,695348000.0,13201995000.0,152700000.0,152656000.0,153707000.0
Henry Schein Inc,HSIC,VGO3WGL8H45T73F4RR92,1000228,2018.0,Q3,2018-07-01,2018-09-29,2019-11-05 12:31:14+00:00,0.8,0.8,,0.79,16633000.0,126976000.0,96247000.0,30729000.0,121478000.0,5498000.0,1633206000.0,2355565000.0,,,6699000.0,-586000.0,,38488000.0,8551000.0,552051000.0,1633206000.0,722359000.0,20430000.0,3928000.0,599090000.0,123269000.0,-17088000.0,106181000.0,2355565000.0,151800000.0,152533000.0,153614000.0
Henry Schein Inc,HSIC,VGO3WGL8H45T73F4RR92,1000228,2018.0,Q3YTD,2017-12-31,2018-09-29,,2.64,2.64,1.96,2.64,86654000.0,423116000.0,325555000.0,97561000.0,402908000.0,20208000.0,4785231000.0,6945047000.0,,,14829000.0,-1773000.0,,38488000.0,19723000.0,1658988000.0,4785231000.0,2159816000.0,54569000.0,11105000.0,1717199000.0,442617000.0,-45237000.0,397380000.0,6945047000.0,151800000.0,152533000.0,153614000.0
Henry Schein Inc,HSIC,VGO3WGL8H45T73F4RR92,1000228,2018.0,Q3TTM,2017-10-01,2018-09-29,,2.59,2.59,2.22,2.59,292884000.0,431626000.0,351701000.0,97561000.0,394373000.0,37253000.0,7202329000.0,10263101000.0,-17636000.0,,19172000.0,-2682000.0,,43813000.0,19723000.0,2313428000.0,7202329000.0,3060772000.0,71167000.0,15454000.0,2376964000.0,683808000.0,-58395000.0,625413000.0,10263101000.0,151800000.0,152533000.0,153614000.0
Henry Schein Inc,HSIC,VGO3WGL8H45T73F4RR92,1000228,2018.0,Q2,2018-04-01,2018-06-30,2019-08-06 17:12:59+00:00,0.92,0.92,,0.92,33879000.0,147509000.0,114591000.0,32918000.0,141212000.0,6297000.0,1597704000.0,2316032000.0,,,5310000.0,-437000.0,,,8497000.0,552723000.0,1597704000.0,718328000.0,17235000.0,3724000.0,561220000.0,157108000.0,-13948000.0,143160000.0,2316032000.0,153500000.0,153353000.0,154189000.0
Henry Schein Inc,HSIC,VGO3WGL8H45T73F4RR92,1000228,2018.0,Q2YTD,2017-12-31,2018-06-30,,1.84,1.84,1.93,1.84,70021000.0,296140000.0,229308000.0,66832000.0,281430000.0,14710000.0,3152025000.0,4589482000.0,,,8130000.0,-1187000.0,,,11172000.0,1106937000.0,3152025000.0,1437457000.0,34139000.0,7177000.0,1118109000.0,319348000.0,-28149000.0,291199000.0,4589482000.0,153500000.0,153353000.0,154189000.0
Henry Schein Inc,HSIC,VGO3WGL8H45T73F4RR92,1000228,2018.0,Q2TTM,2017-07-02,2018-06-30,,2.68,2.68,2.22,2.68,335591000.0,455598000.0,406402000.0,66832000.0,410926000.0,44672000.0,7894152000.0,11068619000.0,-17636000.0,,18042000.0,-2290000.0,,5325000.0,11172000.0,2383883000.0,7894152000.0,3174467000.0,64165000.0,16319000.0,2400380000.0,774087000.0,-50136000.0,723951000.0,11068619000.0,153500000.0,153353000.0,154189000.0
Henry Schein Inc,HSIC,VGO3WGL8H45T73F4RR92,1000228,2018.0,Q1,2017-12-31,2018-03-31,2019-05-07 15:17:04+00:00,0.92,0.92,,0.91,36142000.0,148631000.0,114717000.0,33914000.0,140218000.0,8413000.0,1554321000.0,2273450000.0,,,2820000.0,-750000.0,,,2675000.0,554214000.0,1554321000.0,719129000.0,16904000.0,3453000.0,556889000.0,162240000.0,-14201000.0,148039000.0,2273450000.0,152400000.0,153106000.0,154130000.0
Henry Schein Inc,HSIC,VGO3WGL8H45T73F4RR92,1000228,2018.0,Q1TTM,2017-04-02,2018-03-31,,2.65,2.65,0.56,2.65,360018000.0,457671000.0,441393000.0,33914000.0,405769000.0,51902000.0,8516733000.0,11812045000.0,-17636000.0,,17321000.0,-1125000.0,,5325000.0,2675000.0,2459671000.0,8516733000.0,3295312000.0,59128000.0,16702000.0,2467671000.0,827641000.0,-43551000.0,784090000.0,11812045000.0,152400000.0,153106000.0,154130000.0
Henry Schein Inc,HSIC,VGO3WGL8H45T73F4RR92,1000228,2019.0,Q3YTD,2018-12-30,2019-09-28,,2.48,2.48,0.77,2.48,117326000.0,382693000.0,388269000.0,-5576000.0,364872000.0,17821000.0,5036574000.0,7316862000.0,,,14771000.0,-2012000.0,,,15764000.0,1742597000.0,5036574000.0,2280288000.0,41459000.0,12368000.0,1758361000.0,521927000.0,-31103000.0,490824000.0,7316862000.0,146400000.0,147136000.0,148575000.0
Henry Schein Inc,HSIC,VGO3WGL8H45T73F4RR92,1000228,2019.0,Q3TTM,2018-09-30,2019-09-28,,3.38,3.38,3.4,3.38,186164000.0,521703000.0,624840000.0,-103137000.0,497845000.0,23858000.0,9858254000.0,13573810000.0,,,22212000.0,-393000.0,38756000.0,,58953000.0,2785485000.0,9858254000.0,3715556000.0,65676000.0,22499000.0,2883194000.0,832362000.0,-43570000.0,788792000.0,13573810000.0,146400000.0,147136000.0,148575000.0
Henry Schein Inc,HSIC,VGO3WGL8H45T73F4RR92,1000228,2019.0,Q3,2019-06-30,2019-09-28,2019-11-05 12:31:14+00:00,0.96,0.96,,0.95,41964000.0,148853000.0,143212000.0,5641000.0,140557000.0,8296000.0,1747600000.0,2508767000.0,,,6585000.0,-177000.0,,0.0,-802000.0,574771000.0,1747600000.0,761167000.0,12373000.0,3943000.0,573969000.0,187198000.0,-8607000.0,178591000.0,2508767000.0,146400000.0,147136000.0,148575000.0
Henry Schein Inc,HSIC,VGO3WGL8H45T73F4RR92,1000228,2019.0,Q2,2019-03-31,2019-06-29,2019-08-06 17:12:59+00:00,0.77,0.77,,0.77,35880000.0,119196000.0,121417000.0,-2221000.0,114532000.0,4664000.0,1680396000.0,2447827000.0,,,5556000.0,-1416000.0,,,11925000.0,593218000.0,1680396000.0,767431000.0,12785000.0,3654000.0,605143000.0,162288000.0,-10547000.0,151741000.0,2447827000.0,148700000.0,148148000.0,149423000.0
Henry Schein Inc,HSIC,VGO3WGL8H45T73F4RR92,1000228,2019.0,Q2YTD,2018-12-30,2019-06-29,,1.51,1.51,1.1,1.51,75362000.0,233840000.0,245057000.0,-11217000.0,224315000.0,9525000.0,3288974000.0,4808095000.0,,,8186000.0,-1835000.0,,,16566000.0,1167826000.0,3288974000.0,1519121000.0,29086000.0,8425000.0,1184392000.0,334729000.0,-22496000.0,312233000.0,4808095000.0,148700000.0,148148000.0,149423000.0
Henry Schein Inc,HSIC,VGO3WGL8H45T73F4RR92,1000228,2019.0,Q2TTM,2018-07-01,2019-06-29,,3.23,3.23,3.74,3.23,160833000.0,499826000.0,577875000.0,-78049000.0,478766000.0,21060000.0,9743860000.0,13420608000.0,,,22326000.0,-802000.0,38756000.0,38488000.0,68306000.0,2762765000.0,9743860000.0,3676748000.0,73733000.0,22484000.0,2908315000.0,768433000.0,-52051000.0,716382000.0,13420608000.0,148700000.0,148148000.0,149423000.0
Henry Schein Inc,HSIC,VGO3WGL8H45T73F4RR92,1000228,2019.0,Q1,2018-12-30,2019-03-30,2020-05-05 13:47:10+00:00,0.73,0.73,,0.73,39482000.0,114644000.0,123640000.0,-8996000.0,109783000.0,4861000.0,1608578000.0,2360268000.0,,,2630000.0,-419000.0,,,4641000.0,574608000.0,1608578000.0,751690000.0,16301000.0,4771000.0,579249000.0,172441000.0,-11949000.0,160492000.0,2360268000.0,150400000.0,150257000.0,151156000.0
Henry Schein Inc,HSIC,VGO3WGL8H45T73F4RR92,1000228,2019.0,Q1TTM,2018-04-01,2019-03-30,,3.36,3.36,5.55,3.36,158832000.0,528139000.0,571049000.0,-42910000.0,505446000.0,22693000.0,9661168000.0,13288813000.0,,,22080000.0,177000.0,38756000.0,38488000.0,64878000.0,2722270000.0,9661168000.0,3627645000.0,78183000.0,22554000.0,2864392000.0,763253000.0,-55452000.0,707801000.0,13288813000.0,150400000.0,150257000.0,151156000.0
Henry Schein Inc,HSIC,VGO3WGL8H45T73F4RR92,1000228,2020.0,Q1,2019-12-29,2020-03-28,2020-05-05 13:47:10+00:00,0.91,0.91,,0.91,37910000.0,133565000.0,133847000.0,-282000.0,130261000.0,3304000.0,1682832000.0,2428871000.0,,,2734000.0,-220000.0,,,4787000.0,567387000.0,1682832000.0,746039000.0,7812000.0,3190000.0,572174000.0,173865000.0,-4842000.0,169023000.0,2428871000.0,143100000.0,142967000.0,143095000.0
