company_name,company_ticker,company_lei,company_cik,year,quarter,start_date,end_date,filing_date,amortizationexpense,basicdilutedeps,basiceps,cashdividendspershare,depreciationexpense,dilutedeps,explorationexpense,impairmentexpense,incometaxexpense,netincome,netincomecontinuing,netincomediscontinued,netincometocommon,netincometononcontrollinginterest,operatingcostofrevenue,operatingrevenue,otheradjustmentstoconsolidatednetincome,otheradjustmentstonetincometocommon,othergains,otherincome,otheroperatingexpenses,otherrevenue,otherspecialcharges,preferreddividends,restructuringcharge,sgaexpense,totalcostofrevenue,totalgrossprofit,totalinterestexpense,totaloperatingexpenses,totaloperatingincome,totalotherincome,totalpretaxincome,totalrevenue,weightedavebasicdilutedsharesos,weightedavebasicsharesos,weightedavedilutedsharesos
Apache Corp,APA,72ZZ1XRHOOU9P9X16K08,6769,2007.0,FY,2007-01-01,2007-12-31,2010-02-26 17:10:45+00:00,,8.45,8.45,0.6,2347791000.0,8.39,,,1860254000.0,2812358000.0,2812358000.0,,2806678000.0,,1790262000.0,9961982000.0,,,,,694085000.0,37770000.0,,5680000.0,,275065000.0,1790262000.0,8209490000.0,219937000.0,3316941000.0,4892549000.0,-219937000.0,4672612000.0,9999752000.0,332200000.0,332200000.0,334500000.0
Apache Corp,APA,72ZZ1XRHOOU9P9X16K08,6769,2008.0,FY,2008-01-01,2008-12-31,2011-04-07 17:25:20+00:00,,2.11,2.11,0.7,2516000000.0,2.09,,5334000000.0,220000000.0,712000000.0,712000000.0,,706000000.0,,2067000000.0,12328000000.0,,,,,1086000000.0,62000000.0,,6000000.0,,289000000.0,2067000000.0,10323000000.0,166000000.0,9225000000.0,1098000000.0,-166000000.0,932000000.0,12390000000.0,334000000.0,334000000.0,334000000.0
Apache Corp,APA,72ZZ1XRHOOU9P9X16K08,6769,2008.0,Q3,2008-07-01,2008-09-30,2009-11-06 15:57:37+00:00,,3.55,3.55,,600887000.0,3.52,,,622529000.0,1190825000.0,1190825000.0,,1189405000.0,,530541000.0,3368882000.0,,,,,329250000.0,-3998000.0,,1420000.0,,57561000.0,530541000.0,2834343000.0,33291000.0,987698000.0,1846645000.0,-33291000.0,1813354000.0,3364884000.0,335000000.0,335000000.0,337900000.0
Apache Corp,APA,72ZZ1XRHOOU9P9X16K08,6769,2008.0,Q2,2008-04-01,2008-06-30,2009-08-07 17:26:10+00:00,,4.32,4.32,,627668000.0,4.28,,,898640000.0,1445229000.0,1445229000.0,,1443809000.0,,486505000.0,3904118000.0,,,,,324227000.0,-3927000.0,,1420000.0,,78872000.0,486505000.0,3413686000.0,39050000.0,1030767000.0,2382919000.0,-39050000.0,2343869000.0,3900191000.0,334200000.0,334200000.0,337300000.0
Apache Corp,APA,72ZZ1XRHOOU9P9X16K08,6769,2009.0,Q4,2009-10-01,2009-12-31,,,1.75,1.75,0.6,615126000.0,1.77,,-161000.0,536898000.0,585204000.0,585204000.0,,582464000.0,,851142000.0,2570337000.0,,,,,-178974000.0,-14971000.0,,2740000.0,,85557000.0,851142000.0,1704224000.0,60574000.0,521548000.0,1182676000.0,-60574000.0,1122102000.0,2555366000.0,335600000.0,336000000.0,336000000.0
Apache Corp,APA,72ZZ1XRHOOU9P9X16K08,6769,2009.0,FY,2009-01-01,2009-12-31,2012-02-28 19:30:55+00:00,,-0.87,-0.87,0.6,2395000000.0,-0.87,,2818000000.0,611000000.0,-285000000.0,-285000000.0,,-292000000.0,,1805000000.0,8574000000.0,,,,,685000000.0,41000000.0,,7000000.0,,344000000.0,1805000000.0,6810000000.0,242000000.0,6242000000.0,568000000.0,-242000000.0,326000000.0,8615000000.0,335600000.0,336000000.0,336000000.0
Apache Corp,APA,72ZZ1XRHOOU9P9X16K08,6769,2009.0,Q3,2009-07-01,2009-09-30,2010-11-09 10:18:49+00:00,,1.31,1.31,,625898000.0,1.3,,0.0,428590000.0,442016000.0,442016000.0,,440596000.0,,481767000.0,2325705000.0,,,,,209984000.0,6726000.0,,1420000.0,,82492000.0,481767000.0,1850664000.0,61684000.0,918374000.0,932290000.0,-61684000.0,870606000.0,2332431000.0,336300000.0,336300000.0,338900000.0
Apache Corp,APA,72ZZ1XRHOOU9P9X16K08,6769,2009.0,Q3YTD,2009-01-01,2009-09-30,,,-2.62,-2.62,,1779874000.0,-2.64,,2818161000.0,74102000.0,-870204000.0,-870204000.0,,-874464000.0,,953858000.0,6003663000.0,,,,,863974000.0,55971000.0,,4260000.0,,258443000.0,953858000.0,5105776000.0,181426000.0,5720452000.0,-614676000.0,-181426000.0,-796102000.0,6059634000.0,336300000.0,336300000.0,338900000.0
Apache Corp,APA,72ZZ1XRHOOU9P9X16K08,6769,2009.0,Q2YTD,2009-01-01,2009-06-30,,,-3.93,-3.93,,1153976000.0,-3.94,,2818161000.0,-354488000.0,-1312220000.0,-1312220000.0,,-1315060000.0,,472091000.0,3677958000.0,,,,,653990000.0,49245000.0,,2840000.0,,175951000.0,472091000.0,3255112000.0,119742000.0,4802078000.0,-1546966000.0,-119742000.0,-1666708000.0,3727203000.0,336000000.0,336000000.0,336000000.0
Apache Corp,APA,72ZZ1XRHOOU9P9X16K08,6769,2009.0,Q2,2009-04-01,2009-06-30,2010-08-17 08:53:36+00:00,,1.32,1.32,,573359000.0,1.31,,,342063000.0,444720000.0,444720000.0,,443300000.0,,438752000.0,2074344000.0,,,,,142424000.0,19034000.0,,1420000.0,,90905000.0,438752000.0,1654626000.0,61155000.0,806688000.0,847938000.0,-61155000.0,786783000.0,2093378000.0,336000000.0,336000000.0,336000000.0
Apache Corp,APA,72ZZ1XRHOOU9P9X16K08,6769,2009.0,Q1,2009-01-01,2009-03-31,2010-05-07 12:56:30+00:00,,-5.25,-5.25,,580617000.0,-5.25,,2818161000.0,-696551000.0,-1756940000.0,-1756940000.0,,-1758360000.0,,33339000.0,1603614000.0,,,,,511566000.0,30211000.0,,1420000.0,,85046000.0,33339000.0,1600486000.0,58587000.0,3995390000.0,-2394904000.0,-58587000.0,-2453491000.0,1633825000.0,334900000.0,334900000.0,334900000.0
Apache Corp,APA,72ZZ1XRHOOU9P9X16K08,6769,2010.0,Q4,2010-10-01,2010-12-31,,,1.75,1.75,0.3,928502000.0,1.73,,,579196000.0,689019000.0,689019000.0,,670019000.0,,1130635000.0,3473375000.0,,,,,-235186000.0,-39626000.0,,19000000.0,167000000.0,119850000.0,1130635000.0,2303114000.0,54733000.0,980166000.0,1322948000.0,-54733000.0,1268215000.0,3433749000.0,351700000.0,352000000.0,359000000.0
Apache Corp,APA,72ZZ1XRHOOU9P9X16K08,6769,2010.0,FY,2010-01-01,2010-12-31,2013-02-28 18:34:31+00:00,,8.53,8.53,0.6,3083000000.0,8.46,,,2174000000.0,3032000000.0,3032000000.0,,3000000000.0,,2210000000.0,12183000000.0,,,,,801000000.0,-91000000.0,,32000000.0,183000000.0,380000000.0,2210000000.0,9882000000.0,229000000.0,4447000000.0,5435000000.0,-229000000.0,5206000000.0,12092000000.0,351700000.0,352000000.0,359000000.0
Apache Corp,APA,72ZZ1XRHOOU9P9X16K08,6769,2010.0,Q3,2010-07-01,2010-09-30,2011-11-08 17:30:26+00:00,,2.14,2.14,0.15,787000000.0,2.12,,,559000000.0,778000000.0,778000000.0,,765000000.0,,550000000.0,3047000000.0,,,,,183000000.0,-34000000.0,,13000000.0,8000000.0,89000000.0,550000000.0,2463000000.0,59000000.0,1067000000.0,1396000000.0,-59000000.0,1337000000.0,3013000000.0,357500000.0,357000000.0,367000000.0
Apache Corp,APA,72ZZ1XRHOOU9P9X16K08,6769,2010.0,Q3YTD,2010-01-01,2010-09-30,,,6.78,6.78,0.3,2154498000.0,6.73,,,1594804000.0,2342981000.0,2342981000.0,,2329981000.0,,1079365000.0,8709625000.0,,,,,1036186000.0,-51374000.0,,13000000.0,16000000.0,260150000.0,1079365000.0,7578886000.0,174267000.0,3466834000.0,4112052000.0,-174267000.0,3937785000.0,8658251000.0,357500000.0,357000000.0,367000000.0
Apache Corp,APA,72ZZ1XRHOOU9P9X16K08,6769,2010.0,Q3TTM,2009-10-01,2010-09-30,,,8.53,8.53,0.9,2769624000.0,8.5,,-161000.0,2131702000.0,2928185000.0,2928185000.0,,2912445000.0,,1930507000.0,11279962000.0,,,,,857212000.0,-66345000.0,,15740000.0,16000000.0,345707000.0,1930507000.0,9283110000.0,234841000.0,3988382000.0,5294728000.0,-234841000.0,5059887000.0,11213617000.0,357500000.0,357000000.0,367000000.0
Apache Corp,APA,72ZZ1XRHOOU9P9X16K08,6769,2010.0,Q2,2010-04-01,2010-06-30,2011-08-08 16:58:10+00:00,,2.55,2.55,0.15,729000000.0,2.53,,,534000000.0,860000000.0,860000000.0,,860000000.0,,489000000.0,2969000000.0,,,,,212000000.0,3000000.0,,0.0,8000000.0,84000000.0,489000000.0,2483000000.0,56000000.0,1033000000.0,1450000000.0,-56000000.0,1394000000.0,2972000000.0,337300000.0,338000000.0,339000000.0
Apache Corp,APA,72ZZ1XRHOOU9P9X16K08,6769,2010.0,Q2YTD,2010-01-01,2010-06-30,,,4.64,4.64,0.15,1367498000.0,4.61,,,1035804000.0,1564981000.0,1564981000.0,,1564981000.0,,529365000.0,5662625000.0,,,,,853186000.0,-17374000.0,,,8000000.0,171150000.0,529365000.0,5115886000.0,115267000.0,2399834000.0,2716052000.0,-115267000.0,2600785000.0,5645251000.0,337300000.0,338000000.0,339000000.0
Apache Corp,APA,72ZZ1XRHOOU9P9X16K08,6769,2010.0,Q2TTM,2009-07-01,2010-06-30,,,7.7,7.7,0.75,2608522000.0,7.68,,-161000.0,2001292000.0,2592201000.0,2592201000.0,,2588041000.0,,1862274000.0,10558667000.0,,,,,884196000.0,-25619000.0,,4160000.0,8000000.0,339199000.0,1862274000.0,8670774000.0,237525000.0,3839756000.0,4831018000.0,-237525000.0,4593493000.0,10533048000.0,337300000.0,338000000.0,339000000.0
Apache Corp,APA,72ZZ1XRHOOU9P9X16K08,6769,2010.0,Q1,2010-01-01,2010-03-31,2010-05-07 12:56:30+00:00,,2.09,2.09,,638498000.0,2.08,,0.0,501804000.0,704981000.0,704981000.0,,704981000.0,,40365000.0,2693625000.0,,,,,641186000.0,-20374000.0,,0.0,,87150000.0,40365000.0,2632886000.0,59267000.0,1366834000.0,1266052000.0,-59267000.0,1206785000.0,2673251000.0,337300000.0,337300000.0,338900000.0
Apache Corp,APA,72ZZ1XRHOOU9P9X16K08,6769,2010.0,Q1TTM,2009-04-01,2010-03-31,,,6.47,6.47,0.6,2452881000.0,6.46,,-161000.0,1809355000.0,2176921000.0,2176921000.0,,2171341000.0,,1812026000.0,9664011000.0,,,,,814620000.0,-9585000.0,,5580000.0,,346104000.0,1812026000.0,7842400000.0,242680000.0,3613444000.0,4228956000.0,-242680000.0,3986276000.0,9654426000.0,337300000.0,337300000.0,338900000.0
Apache Corp,APA,72ZZ1XRHOOU9P9X16K08,6769,2011.0,Q4,2011-10-01,2011-12-31,,,5.96,5.96,0.3,1065000000.0,5.8,,109000000.0,902000000.0,1189000000.0,2323000000.0,,1170000000.0,,1433000000.0,8220000000.0,-1134000000.0,,1284000000.0,-1927000000.0,276000000.0,2000000.0,,19000000.0,5000000.0,132000000.0,1433000000.0,6789000000.0,35000000.0,2841000000.0,3948000000.0,-80000000.0,1941000000.0,8222000000.0,383700000.0,384000000.0,400000000.0
Apache Corp,APA,72ZZ1XRHOOU9P9X16K08,6769,2011.0,FY,2011-01-01,2011-12-31,2014-02-28 16:59:38+00:00,,11.75,11.75,0.6,4095000000.0,11.47,,109000000.0,3509000000.0,4584000000.0,4584000000.0,,4508000000.0,,2901000000.0,16810000000.0,,,,,1053000000.0,78000000.0,,76000000.0,20000000.0,459000000.0,2901000000.0,13987000000.0,158000000.0,5736000000.0,8251000000.0,-158000000.0,8093000000.0,16888000000.0,383700000.0,384000000.0,400000000.0
Apache Corp,APA,72ZZ1XRHOOU9P9X16K08,6769,2011.0,Q3,2011-07-01,2011-09-30,2011-11-08 17:30:26+00:00,,2.56,2.56,0.15,1065000000.0,2.5,,,1092000000.0,1002000000.0,1002000000.0,,983000000.0,,733000000.0,4282000000.0,,,,,283000000.0,46000000.0,,19000000.0,4000000.0,112000000.0,733000000.0,3595000000.0,37000000.0,1464000000.0,2131000000.0,-37000000.0,2094000000.0,4328000000.0,384000000.0,384000000.0,400000000.0
Apache Corp,APA,72ZZ1XRHOOU9P9X16K08,6769,2011.0,Q3YTD,2011-01-01,2011-09-30,,,5.79,5.79,0.3,3030000000.0,5.67,,,2607000000.0,3395000000.0,2261000000.0,,3338000000.0,,1468000000.0,8590000000.0,1134000000.0,,-1284000000.0,1927000000.0,777000000.0,76000000.0,,57000000.0,15000000.0,327000000.0,1468000000.0,7198000000.0,123000000.0,2895000000.0,4303000000.0,-78000000.0,6152000000.0,8666000000.0,384000000.0,384000000.0,400000000.0
Apache Corp,APA,72ZZ1XRHOOU9P9X16K08,6769,2011.0,Q3TTM,2010-10-01,2011-09-30,,,7.54,7.54,0.6,3958502000.0,7.4,,,3186196000.0,4084019000.0,2950019000.0,,4008019000.0,,2598635000.0,12063375000.0,1134000000.0,,-1284000000.0,1927000000.0,541814000.0,36374000.0,,76000000.0,182000000.0,446850000.0,2598635000.0,9501114000.0,177733000.0,3875166000.0,5625948000.0,-132733000.0,7420215000.0,12099749000.0,384000000.0,384000000.0,400000000.0
Apache Corp,APA,72ZZ1XRHOOU9P9X16K08,6769,2011.0,Q2,2011-04-01,2011-06-30,2011-08-08 16:58:10+00:00,,3.23,3.23,0.15,1029000000.0,3.17,,,872000000.0,1259000000.0,1259000000.0,,1240000000.0,,735000000.0,4355000000.0,,,,,293000000.0,-17000000.0,,19000000.0,6000000.0,103000000.0,735000000.0,3603000000.0,41000000.0,1431000000.0,2172000000.0,-41000000.0,2131000000.0,4338000000.0,383900000.0,384000000.0,397000000.0
Apache Corp,APA,72ZZ1XRHOOU9P9X16K08,6769,2011.0,Q2YTD,2011-01-01,2011-06-30,,,3.23,3.23,0.15,1965000000.0,3.17,,,1515000000.0,2393000000.0,1259000000.0,,2355000000.0,,735000000.0,4308000000.0,1134000000.0,,-1284000000.0,1927000000.0,494000000.0,30000000.0,,38000000.0,11000000.0,215000000.0,735000000.0,3603000000.0,86000000.0,1431000000.0,2172000000.0,-41000000.0,4058000000.0,4338000000.0,383900000.0,384000000.0,397000000.0
Apache Corp,APA,72ZZ1XRHOOU9P9X16K08,6769,2011.0,Q2TTM,2010-07-01,2011-06-30,,,7.12,7.12,0.6,3680502000.0,7.02,,,2653196000.0,3860019000.0,2726019000.0,,3790019000.0,,2415635000.0,10828375000.0,1134000000.0,,-1284000000.0,1927000000.0,441814000.0,-43626000.0,,70000000.0,186000000.0,423850000.0,2415635000.0,8369114000.0,199733000.0,3478166000.0,4890948000.0,-154733000.0,6663215000.0,10784749000.0,383900000.0,384000000.0,397000000.0
Apache Corp,APA,72ZZ1XRHOOU9P9X16K08,6769,2011.0,Q1TTM,2010-04-01,2011-03-31,,,9.35,9.35,0.75,3380000000.0,9.24,,,2465000000.0,3461000000.0,3461000000.0,,3410000000.0,,2429000000.0,13368000000.0,,,,,801000000.0,-24000000.0,,51000000.0,188000000.0,405000000.0,2429000000.0,10915000000.0,215000000.0,4774000000.0,6141000000.0,-215000000.0,5926000000.0,13344000000.0,383200000.0,383000000.0,397000000.0
Apache Corp,APA,72ZZ1XRHOOU9P9X16K08,6769,2012.0,Q4,2012-10-01,2012-12-31,,172000000.0,1.65,1.65,0.17,3078000000.0,1.65,,-1898000000.0,950000000.0,668000000.0,654000000.0,14000000.0,649000000.0,,666000000.0,3874000000.0,,,,,247000000.0,3000000.0,,19000000.0,2000000.0,131000000.0,666000000.0,3211000000.0,-125000000.0,1732000000.0,1479000000.0,125000000.0,1604000000.0,3877000000.0,388900000.0,389000000.0,391000000.0
Apache Corp,APA,72ZZ1XRHOOU9P9X16K08,6769,2012.0,FY,2012-01-01,2012-12-31,2015-02-27 17:31:33+00:00,172000000.0,4.95,4.95,0.68,6881000000.0,4.92,,0.0,2853000000.0,2001000000.0,1987000000.0,14000000.0,1925000000.0,,3079000000.0,16428000000.0,,,,,1046000000.0,136000000.0,,76000000.0,31000000.0,515000000.0,3079000000.0,13485000000.0,,8645000000.0,4840000000.0,,4840000000.0,16564000000.0,388900000.0,389000000.0,391000000.0
Apache Corp,APA,72ZZ1XRHOOU9P9X16K08,6769,2012.0,Q3,2012-07-01,2012-09-30,2012-11-07 17:28:10+00:00,,0.41,0.41,0.17,1300000000.0,0.41,,729000000.0,685000000.0,180000000.0,180000000.0,,161000000.0,,887000000.0,4141000000.0,,,,,227000000.0,38000000.0,,19000000.0,7000000.0,124000000.0,887000000.0,3292000000.0,40000000.0,2387000000.0,905000000.0,-40000000.0,865000000.0,4179000000.0,392700000.0,391000000.0,393000000.0
Apache Corp,APA,72ZZ1XRHOOU9P9X16K08,6769,2012.0,Q3YTD,2012-01-01,2012-09-30,,,3.3,3.3,0.51,3803000000.0,3.27,,1898000000.0,1903000000.0,1333000000.0,1333000000.0,,1276000000.0,,2413000000.0,12554000000.0,,,,,799000000.0,133000000.0,,57000000.0,29000000.0,384000000.0,2413000000.0,10274000000.0,125000000.0,6913000000.0,3361000000.0,-125000000.0,3236000000.0,12687000000.0,392700000.0,391000000.0,393000000.0
Apache Corp,APA,72ZZ1XRHOOU9P9X16K08,6769,2012.0,Q3TTM,2011-10-01,2012-09-30,,,9.26,9.26,0.81,4868000000.0,9.07,,2007000000.0,2805000000.0,2522000000.0,3656000000.0,,2446000000.0,,3846000000.0,20774000000.0,-1134000000.0,,1284000000.0,-1927000000.0,1075000000.0,135000000.0,,76000000.0,34000000.0,516000000.0,3846000000.0,17063000000.0,160000000.0,9754000000.0,7309000000.0,-205000000.0,5177000000.0,20909000000.0,392700000.0,391000000.0,393000000.0
Apache Corp,APA,72ZZ1XRHOOU9P9X16K08,6769,2012.0,Q2,2012-04-01,2012-06-30,2012-08-07 17:26:10+00:00,,0.87,0.87,0.17,1284000000.0,0.86,,648000000.0,455000000.0,356000000.0,356000000.0,,337000000.0,,776000000.0,3956000000.0,,,,,260000000.0,16000000.0,,19000000.0,16000000.0,132000000.0,776000000.0,3196000000.0,45000000.0,2340000000.0,856000000.0,-45000000.0,811000000.0,3972000000.0,387400000.0,389000000.0,390000000.0
Apache Corp,APA,72ZZ1XRHOOU9P9X16K08,6769,2012.0,Q2YTD,2012-01-01,2012-06-30,,,2.89,2.89,0.34,2503000000.0,2.86,,1169000000.0,1218000000.0,1153000000.0,1153000000.0,,1115000000.0,,1526000000.0,8413000000.0,,,,,572000000.0,95000000.0,,38000000.0,22000000.0,260000000.0,1526000000.0,6982000000.0,85000000.0,4526000000.0,2456000000.0,-85000000.0,2371000000.0,8508000000.0,387400000.0,389000000.0,390000000.0
Apache Corp,APA,72ZZ1XRHOOU9P9X16K08,6769,2012.0,Q2TTM,2011-07-01,2012-06-30,,,11.41,11.41,0.79,4633000000.0,11.16,,1278000000.0,3212000000.0,3344000000.0,4478000000.0,,3268000000.0,,3692000000.0,20915000000.0,-1134000000.0,,1284000000.0,-1927000000.0,1131000000.0,143000000.0,,76000000.0,31000000.0,504000000.0,3692000000.0,17366000000.0,157000000.0,8831000000.0,8535000000.0,-202000000.0,6406000000.0,21058000000.0,387400000.0,389000000.0,390000000.0
Apache Corp,APA,72ZZ1XRHOOU9P9X16K08,6769,2012.0,Q1,2012-01-01,2012-03-31,2012-05-08 17:28:12+00:00,,2.02,2.02,0.17,1219000000.0,2.0,,521000000.0,763000000.0,797000000.0,797000000.0,,778000000.0,,750000000.0,4457000000.0,,,,,312000000.0,79000000.0,,19000000.0,6000000.0,128000000.0,750000000.0,3786000000.0,40000000.0,2186000000.0,1600000000.0,-40000000.0,1560000000.0,4536000000.0,385100000.0,385000000.0,399000000.0
Apache Corp,APA,72ZZ1XRHOOU9P9X16K08,6769,2012.0,Q1TTM,2011-04-01,2012-03-31,,,13.77,13.77,0.77,4378000000.0,13.47,,630000000.0,3629000000.0,4247000000.0,5381000000.0,,4171000000.0,,3651000000.0,21314000000.0,-1134000000.0,,1284000000.0,-1927000000.0,1164000000.0,110000000.0,,76000000.0,21000000.0,475000000.0,3651000000.0,17773000000.0,153000000.0,7922000000.0,9851000000.0,-198000000.0,7726000000.0,21424000000.0,385100000.0,385000000.0,399000000.0
Apache Corp,APA,72ZZ1XRHOOU9P9X16K08,6769,2013.0,FY,2013-01-01,2013-12-31,2014-02-28 16:59:38+00:00,,5.53,5.53,0.8,5524000000.0,5.5,,1176000000.0,1928000000.0,2288000000.0,2288000000.0,,2188000000.0,56000000.0,3353000000.0,16402000000.0,,,,,1075000000.0,-348000000.0,,44000000.0,33000000.0,503000000.0,3353000000.0,12701000000.0,174000000.0,8311000000.0,4390000000.0,-174000000.0,4216000000.0,16054000000.0,395700000.0,395000000.0,406000000.0
Apache Corp,APA,72ZZ1XRHOOU9P9X16K08,6769,2013.0,Q4,2013-10-01,2013-12-31,,,0.41,0.41,0.2,809000000.0,0.45,,1111000000.0,508000000.0,230000000.0,99000000.0,131000000.0,174000000.0,56000000.0,797000000.0,3967000000.0,,,,,293000000.0,-157000000.0,,,33000000.0,141000000.0,797000000.0,3013000000.0,19000000.0,2387000000.0,626000000.0,-19000000.0,607000000.0,3810000000.0,395700000.0,395000000.0,406000000.0
Apache Corp,APA,72ZZ1XRHOOU9P9X16K08,6769,2013.0,Q3YTD,2013-01-01,2013-09-30,,,5.12,5.12,0.6,4715000000.0,5.05,,65000000.0,1420000000.0,2058000000.0,2189000000.0,-131000000.0,2014000000.0,,2556000000.0,12435000000.0,,,,,782000000.0,-191000000.0,,44000000.0,,362000000.0,2556000000.0,9688000000.0,155000000.0,5924000000.0,3764000000.0,-155000000.0,3609000000.0,12244000000.0,400000000.0,399000000.0,401000000.0
Apache Corp,APA,72ZZ1XRHOOU9P9X16K08,6769,2013.0,Q3TTM,2012-10-01,2013-09-30,,172000000.0,6.77,6.77,0.77,7793000000.0,6.7,,-1833000000.0,2370000000.0,2726000000.0,2843000000.0,-117000000.0,2663000000.0,,3222000000.0,16309000000.0,,,,,1029000000.0,-188000000.0,,63000000.0,2000000.0,493000000.0,3222000000.0,12899000000.0,30000000.0,7656000000.0,5243000000.0,-30000000.0,5213000000.0,16121000000.0,400000000.0,399000000.0,401000000.0
Apache Corp,APA,72ZZ1XRHOOU9P9X16K08,6769,2013.0,Q3,2013-07-01,2013-09-30,2014-11-06 17:05:39+00:00,,0.75,0.75,0.2,1995000000.0,0.75,,,206000000.0,306000000.0,435000000.0,-129000000.0,300000000.0,,853000000.0,4288000000.0,,,,,241000000.0,-388000000.0,,6000000.0,,120000000.0,853000000.0,3047000000.0,50000000.0,2356000000.0,691000000.0,-50000000.0,641000000.0,3900000000.0,400000000.0,399000000.0,401000000.0
Apache Corp,APA,72ZZ1XRHOOU9P9X16K08,6769,2013.0,Q2YTD,2013-01-01,2013-06-30,,,4.37,4.37,0.4,2720000000.0,4.3,,65000000.0,1214000000.0,1752000000.0,1754000000.0,-2000000.0,1714000000.0,,1703000000.0,8147000000.0,,,,,541000000.0,197000000.0,,38000000.0,,242000000.0,1703000000.0,6641000000.0,105000000.0,3568000000.0,3073000000.0,-105000000.0,2968000000.0,8344000000.0,392300000.0,392000000.0,408000000.0
Apache Corp,APA,72ZZ1XRHOOU9P9X16K08,6769,2013.0,Q2TTM,2012-07-01,2013-06-30,,172000000.0,6.43,6.43,0.74,7098000000.0,6.36,,-1104000000.0,2849000000.0,2600000000.0,2588000000.0,12000000.0,2524000000.0,,3256000000.0,16162000000.0,,,,,1015000000.0,238000000.0,,76000000.0,9000000.0,497000000.0,3256000000.0,13144000000.0,20000000.0,7687000000.0,5457000000.0,-20000000.0,5437000000.0,16400000000.0,392300000.0,392000000.0,408000000.0
Apache Corp,APA,72ZZ1XRHOOU9P9X16K08,6769,2013.0,Q2,2013-04-01,2013-06-30,2014-08-08 12:53:32+00:00,,2.59,2.59,0.2,1350000000.0,2.54,,,611000000.0,1035000000.0,1037000000.0,-2000000.0,1016000000.0,,858000000.0,4001000000.0,,,,,234000000.0,267000000.0,,19000000.0,,126000000.0,858000000.0,3410000000.0,52000000.0,1710000000.0,1700000000.0,-52000000.0,1648000000.0,4268000000.0,392300000.0,392000000.0,408000000.0
Apache Corp,APA,72ZZ1XRHOOU9P9X16K08,6769,2013.0,Q1,2013-01-01,2013-03-31,2013-05-09 15:15:52+00:00,,1.78,1.78,0.2,1370000000.0,1.76,,65000000.0,603000000.0,717000000.0,717000000.0,,698000000.0,,845000000.0,4146000000.0,,,,,307000000.0,-70000000.0,,19000000.0,0.0,116000000.0,845000000.0,3231000000.0,53000000.0,1858000000.0,1373000000.0,-53000000.0,1320000000.0,4076000000.0,392100000.0,392000000.0,408000000.0
Apache Corp,APA,72ZZ1XRHOOU9P9X16K08,6769,2013.0,Q1TTM,2012-04-01,2013-03-31,,172000000.0,4.71,4.71,0.71,7032000000.0,4.68,,-456000000.0,2693000000.0,1921000000.0,1907000000.0,14000000.0,1845000000.0,,3174000000.0,16117000000.0,,,,,1041000000.0,-13000000.0,,76000000.0,25000000.0,503000000.0,3174000000.0,12930000000.0,13000000.0,8317000000.0,4613000000.0,-13000000.0,4600000000.0,16104000000.0,392100000.0,392000000.0,408000000.0
Apache Corp,APA,72ZZ1XRHOOU9P9X16K08,6769,2014.0,FY,2014-01-01,2014-12-31,2017-02-24 12:08:16+00:00,413000000.0,-21.76,-21.76,1.0,4526000000.0,-21.76,2499000000.0,7102000000.0,-518000000.0,-8019000000.0,-6312000000.0,-1707000000.0,-8360000000.0,341000000.0,2511000000.0,13080000000.0,,,,-1608000000.0,731000000.0,,,,67000000.0,453000000.0,2511000000.0,10569000000.0,,15791000000.0,-5222000000.0,-1608000000.0,-6830000000.0,13080000000.0,384200000.0,384000000.0,384000000.0
Apache Corp,APA,72ZZ1XRHOOU9P9X16K08,6769,2014.0,Q4,2014-10-01,2014-12-31,,274000000.0,-20.17,-20.17,0.25,-773000000.0,-20.17,2499000000.0,7102000000.0,-2218000000.0,-7725000000.0,-6635000000.0,-1090000000.0,-7771000000.0,46000000.0,563000000.0,2695000000.0,,,,-1608000000.0,128000000.0,-20000000.0,,,1000000.0,126000000.0,563000000.0,2112000000.0,,9357000000.0,-7245000000.0,-1608000000.0,-8853000000.0,2675000000.0,384200000.0,384000000.0,384000000.0
Apache Corp,APA,72ZZ1XRHOOU9P9X16K08,6769,2014.0,Q3,2014-07-01,2014-09-30,2015-11-05 18:56:31+00:00,60000000.0,-3.5,-3.5,0.25,2735000000.0,-3.5,,,768000000.0,-1241000000.0,-1085000000.0,-156000000.0,-1330000000.0,89000000.0,655000000.0,3441000000.0,,,,,163000000.0,,,,34000000.0,111000000.0,655000000.0,2786000000.0,,3103000000.0,-317000000.0,,-317000000.0,3441000000.0,380000000.0,381000000.0,381000000.0
Apache Corp,APA,72ZZ1XRHOOU9P9X16K08,6769,2014.0,Q3YTD,2014-01-01,2014-09-30,,139000000.0,-1.59,-1.59,0.75,5299000000.0,-1.59,,,1700000000.0,-294000000.0,323000000.0,-617000000.0,-589000000.0,295000000.0,1948000000.0,10385000000.0,,,,,603000000.0,20000000.0,,,66000000.0,327000000.0,1948000000.0,8457000000.0,,6434000000.0,2023000000.0,,2023000000.0,10405000000.0,380000000.0,381000000.0,381000000.0
Apache Corp,APA,72ZZ1XRHOOU9P9X16K08,6769,2014.0,Q3TTM,2013-10-01,2014-09-30,,139000000.0,-1.18,-1.18,0.95,6108000000.0,-1.14,,1111000000.0,2208000000.0,-64000000.0,422000000.0,-486000000.0,-415000000.0,351000000.0,2745000000.0,14352000000.0,,,,,896000000.0,-137000000.0,,,99000000.0,468000000.0,2745000000.0,11470000000.0,19000000.0,8821000000.0,2649000000.0,-19000000.0,2630000000.0,14215000000.0,380000000.0,381000000.0,381000000.0
Apache Corp,APA,72ZZ1XRHOOU9P9X16K08,6769,2014.0,Q2YTD,2014-01-01,2014-06-30,,79000000.0,1.91,1.91,0.5,2564000000.0,1.91,,,932000000.0,947000000.0,1408000000.0,-461000000.0,741000000.0,206000000.0,1293000000.0,6944000000.0,,,,,440000000.0,20000000.0,,,32000000.0,216000000.0,1293000000.0,5671000000.0,,3331000000.0,2340000000.0,,2340000000.0,6964000000.0,385500000.0,385000000.0,387000000.0
Apache Corp,APA,72ZZ1XRHOOU9P9X16K08,6769,2014.0,Q2TTM,2013-07-01,2014-06-30,,79000000.0,3.07,3.07,0.9,5368000000.0,3.11,,1111000000.0,1646000000.0,1483000000.0,1942000000.0,-459000000.0,1215000000.0,262000000.0,2943000000.0,15199000000.0,,,,,974000000.0,-525000000.0,,6000000.0,65000000.0,477000000.0,2943000000.0,11731000000.0,69000000.0,8074000000.0,3657000000.0,-69000000.0,3588000000.0,14674000000.0,385500000.0,385000000.0,387000000.0
Apache Corp,APA,72ZZ1XRHOOU9P9X16K08,6769,2014.0,Q2,2014-04-01,2014-06-30,2015-08-06 19:53:22+00:00,52000000.0,1.31,1.31,0.25,1358000000.0,1.31,,,354000000.0,613000000.0,557000000.0,56000000.0,505000000.0,108000000.0,626000000.0,3297000000.0,,,,,215000000.0,-8000000.0,,,14000000.0,113000000.0,626000000.0,2663000000.0,,1752000000.0,911000000.0,,911000000.0,3289000000.0,385500000.0,385000000.0,387000000.0
Apache Corp,APA,72ZZ1XRHOOU9P9X16K08,6769,2014.0,Q1TTM,2013-04-01,2014-03-31,,27000000.0,4.35,4.35,0.85,5360000000.0,4.34,,1111000000.0,1903000000.0,1905000000.0,2422000000.0,-517000000.0,1726000000.0,154000000.0,3175000000.0,15903000000.0,,,,,993000000.0,-250000000.0,,25000000.0,51000000.0,490000000.0,3175000000.0,12478000000.0,121000000.0,8032000000.0,4446000000.0,-121000000.0,4325000000.0,15653000000.0,393300000.0,394000000.0,396000000.0
Apache Corp,APA,72ZZ1XRHOOU9P9X16K08,6769,2014.0,Q1,2014-01-01,2014-03-31,2015-05-07 21:05:27+00:00,27000000.0,0.6,0.6,0.25,1206000000.0,0.6,,,578000000.0,334000000.0,851000000.0,-517000000.0,236000000.0,98000000.0,667000000.0,3647000000.0,,,,,225000000.0,28000000.0,,,18000000.0,103000000.0,667000000.0,3008000000.0,,1579000000.0,1429000000.0,,1429000000.0,3675000000.0,393300000.0,394000000.0,396000000.0
Apache Corp,APA,72ZZ1XRHOOU9P9X16K08,6769,2015.0,FY,2015-01-01,2015-12-31,2018-02-22 17:41:29+00:00,511000000.0,-27.4,-27.4,1.0,3300000000.0,-27.4,2771000000.0,9472000000.0,-1010000000.0,-10667000000.0,-11159000000.0,492000000.0,-10352000000.0,-315000000.0,2065000000.0,6889000000.0,,,,,427000000.0,0.0,,,132000000.0,380000000.0,2065000000.0,4824000000.0,,16993000000.0,-12169000000.0,,-12169000000.0,6889000000.0,377800000.0,378000000.0,378000000.0
Apache Corp,APA,72ZZ1XRHOOU9P9X16K08,6769,2015.0,Q4,2015-10-01,2015-12-31,,165000000.0,14.72,-1.83,0.25,-5796000000.0,-1.83,2323000000.0,5057000000.0,1530000000.0,-1098000000.0,-1619000000.0,521000000.0,-698000000.0,-400000000.0,504000000.0,1709000000.0,,,,650000000.0,85000000.0,,,,12000000.0,98000000.0,504000000.0,1205000000.0,,1944000000.0,-739000000.0,650000000.0,-89000000.0,1709000000.0,377800000.0,378000000.0,378000000.0
Apache Corp,APA,72ZZ1XRHOOU9P9X16K08,6769,2015.0,Q3,2015-07-01,2015-09-30,2016-11-03 17:41:16+00:00,160000000.0,-14.95,-10.95,0.25,,-10.95,223000000.0,3903000000.0,-251000000.0,-4136000000.0,-4119000000.0,-17000000.0,-4143000000.0,7000000.0,508000000.0,1531000000.0,,,,-877000000.0,141000000.0,,,,0.0,89000000.0,508000000.0,1023000000.0,,4516000000.0,-3493000000.0,-877000000.0,-4370000000.0,1531000000.0,277100000.0,378000000.0,378000000.0
Apache Corp,APA,72ZZ1XRHOOU9P9X16K08,6769,2015.0,Q3YTD,2015-01-01,2015-09-30,,346000000.0,-42.12,-25.57,0.75,9096000000.0,-25.57,448000000.0,4415000000.0,-2540000000.0,-9569000000.0,-9540000000.0,-29000000.0,-9654000000.0,85000000.0,1561000000.0,5180000000.0,,,,-650000000.0,342000000.0,,,,120000000.0,282000000.0,1561000000.0,3619000000.0,,15049000000.0,-11430000000.0,-650000000.0,-12080000000.0,5180000000.0,277100000.0,378000000.0,378000000.0
Apache Corp,APA,72ZZ1XRHOOU9P9X16K08,6769,2015.0,Q3TTM,2014-10-01,2015-09-30,,620000000.0,-62.29,-45.74,1.0,8323000000.0,-45.74,2947000000.0,11517000000.0,-4758000000.0,-17294000000.0,-16175000000.0,-1119000000.0,-17425000000.0,131000000.0,2124000000.0,7875000000.0,,,,-2258000000.0,470000000.0,-20000000.0,,,121000000.0,408000000.0,2124000000.0,5731000000.0,,24406000000.0,-18675000000.0,-2258000000.0,-20933000000.0,7855000000.0,277100000.0,378000000.0,378000000.0
Apache Corp,APA,72ZZ1XRHOOU9P9X16K08,6769,2015.0,Q2,2015-04-01,2015-06-30,2016-08-04 17:25:24+00:00,117000000.0,-14.83,-2.28,0.25,794000000.0,-2.28,225000000.0,512000000.0,731000000.0,-797000000.0,-917000000.0,120000000.0,-860000000.0,63000000.0,516000000.0,2019000000.0,,,,227000000.0,91000000.0,,,,66000000.0,111000000.0,516000000.0,1503000000.0,,1916000000.0,-413000000.0,227000000.0,-186000000.0,2019000000.0,58000000.0,378000000.0,378000000.0
Apache Corp,APA,72ZZ1XRHOOU9P9X16K08,6769,2015.0,Q2YTD,2015-01-01,2015-06-30,,186000000.0,-27.17,-14.62,0.5,9096000000.0,-14.62,225000000.0,512000000.0,-2289000000.0,-5433000000.0,-5421000000.0,-12000000.0,-5511000000.0,78000000.0,1053000000.0,3649000000.0,,,,227000000.0,201000000.0,,,,120000000.0,193000000.0,1053000000.0,2596000000.0,,10533000000.0,-7937000000.0,227000000.0,-7710000000.0,3649000000.0,58000000.0,378000000.0,378000000.0
Apache Corp,APA,72ZZ1XRHOOU9P9X16K08,6769,2015.0,Q2TTM,2014-07-01,2015-06-30,,520000000.0,-50.84,-38.29,1.0,11058000000.0,-38.29,2724000000.0,7614000000.0,-3739000000.0,-14399000000.0,-13141000000.0,-1258000000.0,-14612000000.0,213000000.0,2271000000.0,9785000000.0,,,,-1381000000.0,492000000.0,-20000000.0,,,155000000.0,430000000.0,2271000000.0,7494000000.0,,22993000000.0,-15499000000.0,-1381000000.0,-16880000000.0,9765000000.0,58000000.0,378000000.0,378000000.0
Apache Corp,APA,72ZZ1XRHOOU9P9X16K08,6769,2015.0,Q1,2015-01-01,2015-03-31,2016-05-05 20:06:49+00:00,69000000.0,-12.34,-12.34,0.25,8302000000.0,-12.34,,,-3020000000.0,-4636000000.0,-4504000000.0,-132000000.0,-4651000000.0,15000000.0,537000000.0,1630000000.0,,,,,110000000.0,,,,54000000.0,82000000.0,537000000.0,1093000000.0,,8617000000.0,-7524000000.0,,-7524000000.0,1630000000.0,376900000.0,377000000.0,377000000.0
Apache Corp,APA,72ZZ1XRHOOU9P9X16K08,6769,2015.0,Q1TTM,2014-04-01,2015-03-31,,455000000.0,-34.7,-34.7,1.0,11622000000.0,-34.7,2499000000.0,7102000000.0,-4116000000.0,-12989000000.0,-11667000000.0,-1322000000.0,-13247000000.0,258000000.0,2381000000.0,11063000000.0,,,,-1608000000.0,616000000.0,-28000000.0,,,103000000.0,432000000.0,2381000000.0,8654000000.0,,22829000000.0,-14175000000.0,-1608000000.0,-15783000000.0,11035000000.0,376900000.0,377000000.0,377000000.0
Apache Corp,APA,72ZZ1XRHOOU9P9X16K08,6769,2016.0,Q3,2016-07-01,2016-09-30,2017-11-02 18:07:05+00:00,102000000.0,-1.6,-1.6,0.25,648000000.0,-1.6,161000000.0,836000000.0,-379000000.0,-559000000.0,-526000000.0,-33000000.0,-607000000.0,48000000.0,433000000.0,-6000000.0,,,1439000000.0,,49000000.0,0.0,-5000000.0,,12000000.0,102000000.0,433000000.0,-439000000.0,,1905000000.0,-2344000000.0,,-2344000000.0,-6000000.0,379400000.0,380000000.0,380000000.0
Apache Corp,APA,72ZZ1XRHOOU9P9X16K08,6769,2016.0,Q3YTD,2016-01-01,2016-09-30,,311000000.0,-3.23,-3.23,0.75,1317000000.0,-3.23,347000000.0,1009000000.0,-471000000.0,-1130000000.0,-1097000000.0,-33000000.0,-1223000000.0,93000000.0,1274000000.0,2443000000.0,,,1439000000.0,-678000000.0,201000000.0,,-21000000.0,,36000000.0,298000000.0,1274000000.0,1169000000.0,,3498000000.0,-2329000000.0,-678000000.0,-3007000000.0,2443000000.0,379400000.0,380000000.0,380000000.0
Apache Corp,APA,72ZZ1XRHOOU9P9X16K08,6769,2016.0,Q3TTM,2015-10-01,2016-09-30,,476000000.0,11.49,-5.06,1.0,-4479000000.0,-5.06,2670000000.0,6066000000.0,1059000000.0,-2228000000.0,-2716000000.0,488000000.0,-1921000000.0,-307000000.0,1778000000.0,4152000000.0,,,1439000000.0,-28000000.0,286000000.0,,-21000000.0,,48000000.0,396000000.0,1778000000.0,2374000000.0,,5442000000.0,-3068000000.0,-28000000.0,-3096000000.0,4152000000.0,379400000.0,380000000.0,380000000.0
Apache Corp,APA,72ZZ1XRHOOU9P9X16K08,6769,2016.0,Q2,2016-04-01,2016-06-30,2017-08-03 19:37:45+00:00,104000000.0,-0.65,-0.65,0.25,669000000.0,-0.65,91000000.0,173000000.0,-81000000.0,-200000000.0,-200000000.0,,-244000000.0,44000000.0,411000000.0,1365000000.0,,,,,103000000.0,,-17000000.0,,9000000.0,103000000.0,411000000.0,954000000.0,,1235000000.0,-281000000.0,,-281000000.0,1365000000.0,375400000.0,379000000.0,379000000.0
Apache Corp,APA,72ZZ1XRHOOU9P9X16K08,6769,2016.0,Q2YTD,2016-01-01,2016-06-30,,209000000.0,-1.63,-1.63,0.5,669000000.0,-1.63,186000000.0,173000000.0,-92000000.0,-571000000.0,-571000000.0,,-616000000.0,45000000.0,841000000.0,2449000000.0,,,,-678000000.0,152000000.0,,-16000000.0,,24000000.0,196000000.0,841000000.0,1608000000.0,,1593000000.0,15000000.0,-678000000.0,-663000000.0,2449000000.0,375400000.0,379000000.0,379000000.0
Apache Corp,APA,72ZZ1XRHOOU9P9X16K08,6769,2016.0,Q2TTM,2015-07-01,2016-06-30,,534000000.0,-1.86,-14.41,1.0,-5127000000.0,-14.41,2732000000.0,9133000000.0,1187000000.0,-5805000000.0,-6309000000.0,504000000.0,-5457000000.0,-348000000.0,1853000000.0,5689000000.0,,,,-905000000.0,378000000.0,,-16000000.0,,36000000.0,383000000.0,1853000000.0,3836000000.0,,8053000000.0,-4217000000.0,-905000000.0,-5122000000.0,5689000000.0,375400000.0,379000000.0,379000000.0
Apache Corp,APA,72ZZ1XRHOOU9P9X16K08,6769,2016.0,Q1,2016-01-01,2016-03-31,2017-05-04 17:37:31+00:00,105000000.0,-0.98,-0.98,0.25,,-0.98,95000000.0,0.0,-11000000.0,-371000000.0,-371000000.0,,-372000000.0,1000000.0,430000000.0,1084000000.0,,,,-678000000.0,49000000.0,,1000000.0,,15000000.0,93000000.0,430000000.0,654000000.0,,358000000.0,296000000.0,-678000000.0,-382000000.0,1084000000.0,379600000.0,378000000.0,378000000.0
Apache Corp,APA,72ZZ1XRHOOU9P9X16K08,6769,2016.0,Q1TTM,2015-04-01,2016-03-31,,547000000.0,-16.04,-16.04,1.0,-5002000000.0,-16.04,2866000000.0,9472000000.0,1999000000.0,-6402000000.0,-7026000000.0,624000000.0,-6073000000.0,-329000000.0,1958000000.0,6343000000.0,,,,-678000000.0,366000000.0,,1000000.0,,93000000.0,391000000.0,1958000000.0,4385000000.0,,8734000000.0,-4349000000.0,-678000000.0,-5027000000.0,6343000000.0,379600000.0,378000000.0,378000000.0
Apache Corp,APA,72ZZ1XRHOOU9P9X16K08,6769,2017.0,FY,2017-01-01,2017-12-31,2020-02-27 17:43:42+00:00,,3.42,3.42,1.0,2280000000.0,3.41,549000000.0,8000000.0,-585000000.0,1503000000.0,1503000000.0,,1304000000.0,199000000.0,1579000000.0,5796000000.0,,,,627000000.0,281000000.0,,,,16000000.0,395000000.0,1579000000.0,4217000000.0,397000000.0,3529000000.0,688000000.0,230000000.0,918000000.0,5796000000.0,381300000.0,381000000.0,383000000.0
Apache Corp,APA,72ZZ1XRHOOU9P9X16K08,6769,2017.0,Q2,2017-04-01,2017-06-30,2018-08-02 16:43:26+00:00,,1.5,1.5,0.25,,1.5,108000000.0,0.0,-604000000.0,613000000.0,613000000.0,,572000000.0,41000000.0,420000000.0,1405000000.0,,,,-593000000.0,66000000.0,,,,4000000.0,106000000.0,420000000.0,985000000.0,99000000.0,284000000.0,701000000.0,-692000000.0,9000000.0,1405000000.0,381300000.0,381000000.0,383000000.0
Apache Corp,APA,72ZZ1XRHOOU9P9X16K08,6769,2017.0,Q2YTD,2017-01-01,2017-06-30,,,2.06,2.06,0.5,576000000.0,2.06,200000000.0,8000000.0,-333000000.0,880000000.0,880000000.0,,785000000.0,95000000.0,813000000.0,2942000000.0,,,,-252000000.0,144000000.0,,,,-6000000.0,209000000.0,813000000.0,2129000000.0,199000000.0,1131000000.0,998000000.0,-451000000.0,547000000.0,2942000000.0,381300000.0,381000000.0,383000000.0
Apache Corp,APA,72ZZ1XRHOOU9P9X16K08,6769,2017.0,Q1,2017-01-01,2017-03-31,2018-05-03 15:20:04+00:00,,0.56,0.56,0.25,576000000.0,0.56,92000000.0,8000000.0,271000000.0,267000000.0,267000000.0,,213000000.0,54000000.0,393000000.0,1537000000.0,,,,341000000.0,78000000.0,,,,-10000000.0,103000000.0,393000000.0,1144000000.0,100000000.0,847000000.0,297000000.0,241000000.0,538000000.0,1537000000.0,380400000.0,380000000.0,383000000.0
Apache Corp,APA,72ZZ1XRHOOU9P9X16K08,6769,2018.0,FY,2018-01-01,2018-12-31,2020-02-27 17:43:42+00:00,,0.11,0.11,1.0,2405000000.0,0.11,503000000.0,511000000.0,672000000.0,286000000.0,286000000.0,,40000000.0,246000000.0,1787000000.0,7401000000.0,,,,23000000.0,323000000.0,,,,28000000.0,431000000.0,1787000000.0,5614000000.0,478000000.0,4201000000.0,1413000000.0,-455000000.0,958000000.0,7401000000.0,363600000.0,382000000.0,384000000.0
Apache Corp,APA,72ZZ1XRHOOU9P9X16K08,6769,2018.0,Q3,2018-07-01,2018-09-30,2019-10-31 16:13:14+00:00,,0.21,0.21,,610000000.0,0.21,99000000.0,10000000.0,245000000.0,161000000.0,161000000.0,,81000000.0,80000000.0,474000000.0,2005000000.0,,,,1000000.0,85000000.0,-23000000.0,,,8000000.0,99000000.0,474000000.0,1508000000.0,192000000.0,911000000.0,597000000.0,-191000000.0,406000000.0,1982000000.0,385700000.0,383000000.0,385000000.0
Apache Corp,APA,72ZZ1XRHOOU9P9X16K08,6769,2018.0,Q1,2018-01-01,2018-03-31,2019-05-02 18:08:50+00:00,,0.38,0.38,0.25,553000000.0,0.38,76000000.0,,182000000.0,206000000.0,206000000.0,,145000000.0,61000000.0,435000000.0,1738000000.0,,,,7000000.0,82000000.0,2000000.0,,,0.0,114000000.0,435000000.0,1305000000.0,99000000.0,825000000.0,480000000.0,-92000000.0,388000000.0,1740000000.0,381600000.0,382000000.0,384000000.0
Apache Corp,APA,72ZZ1XRHOOU9P9X16K08,6769,2018.0,Q1TTM,2017-04-01,2018-03-31,,,3.24,3.24,1.0,2257000000.0,3.23,533000000.0,,-674000000.0,1442000000.0,1442000000.0,,1236000000.0,206000000.0,1621000000.0,5997000000.0,,,,293000000.0,285000000.0,2000000.0,,,26000000.0,406000000.0,1621000000.0,4378000000.0,396000000.0,3507000000.0,871000000.0,-103000000.0,768000000.0,5999000000.0,381600000.0,382000000.0,384000000.0
Apache Corp,APA,72ZZ1XRHOOU9P9X16K08,6769,2019.0,Q3,2019-07-01,2019-09-30,2019-10-31 16:13:14+00:00,,-0.45,-0.45,,711000000.0,-0.45,56000000.0,9000000.0,131000000.0,-117000000.0,-117000000.0,,-170000000.0,53000000.0,416000000.0,1479000000.0,,,,0.0,71000000.0,-2000000.0,,,7000000.0,98000000.0,416000000.0,1061000000.0,95000000.0,952000000.0,109000000.0,-95000000.0,14000000.0,1477000000.0,377800000.0,377000000.0,377000000.0
Apache Corp,APA,72ZZ1XRHOOU9P9X16K08,6769,2019.0,Q1TTM,2018-04-01,2019-03-31,,,-0.39,-0.39,0.77,2498000000.0,-0.39,496000000.0,511000000.0,657000000.0,78000000.0,78000000.0,,-152000000.0,140000000.0,1827000000.0,9019000000.0,,90000000.0,,-1653000000.0,319000000.0,-32000000.0,,,32000000.0,440000000.0,1827000000.0,7160000000.0,476000000.0,4296000000.0,2864000000.0,-2129000000.0,735000000.0,8987000000.0,391700000.0,376000000.0,376000000.0
