company_name,company_ticker,company_lei,company_cik,year,quarter,start_date,end_date,filing_date,basicdilutedeps,basiceps,cashdividendspershare,dilutedeps,incometaxexpense,netincome,netincomecontinuing,netincomediscontinued,netincometocommon,operatingcostofrevenue,operatingrevenue,othergains,otherincome,sgaexpense,totalcostofrevenue,totalgrossprofit,totalinterestexpense,totaloperatingexpenses,totaloperatingincome,totalotherincome,totalpretaxincome,totalrevenue,weightedavebasicdilutedsharesos,weightedavebasicsharesos,weightedavedilutedsharesos
Avery Dennison Corp,AVY,549300PW7VPFCYKLIV37,8818,2008.0,FY,2007-12-30,2008-12-27,2011-02-25 18:05:39+00:00,2.7,2.7,1.64,2.7,4500000.0,266100000.0,266100000.0,,266100000.0,4983400000.0,6710400000.0,,-36200000.0,1304300000.0,4983400000.0,1727000000.0,115900000.0,1304300000.0,422700000.0,-152100000.0,270600000.0,6710400000.0,98600000.0,98400000.0,98700000.0
Avery Dennison Corp,AVY,549300PW7VPFCYKLIV37,8818,2009.0,FY,2008-12-28,2010-01-02,2011-02-25 18:05:39+00:00,-7.21,-7.21,1.22,-7.21,-44200000.0,-746700000.0,-746700000.0,,-746700000.0,4366200000.0,5952700000.0,,-1023300000.0,1268800000.0,4366200000.0,1586500000.0,85300000.0,1268800000.0,317700000.0,-1108600000.0,-790900000.0,5952700000.0,103600000.0,103600000.0,103600000.0
Avery Dennison Corp,AVY,549300PW7VPFCYKLIV37,8818,2009.0,Q3,2009-07-05,2009-10-03,2010-11-10 06:01:48+00:00,,0.59,0.2,0.59,-4200000.0,62500000.0,62500000.0,,62500000.0,1113300000.0,1549300000.0,,-35500000.0,323100000.0,1113300000.0,436000000.0,19100000.0,323100000.0,112900000.0,-54600000.0,58300000.0,1549300000.0,,105100000.0,106000000.0
Avery Dennison Corp,AVY,549300PW7VPFCYKLIV37,8818,2009.0,Q2,2009-04-05,2009-07-04,2010-08-11 16:37:05+00:00,0.38,0.38,0.41,0.38,400000.0,39800000.0,39800000.0,,39800000.0,1065100000.0,1455400000.0,,-29600000.0,300100000.0,1065100000.0,390300000.0,20400000.0,300100000.0,90200000.0,-50000000.0,40200000.0,1455400000.0,104700000.0,105000000.0,105700000.0
Avery Dennison Corp,AVY,549300PW7VPFCYKLIV37,8818,2010.0,Q4,2010-10-03,2011-01-01,,1.69,1.08,0.2,1.08,-79800000.0,114200000.0,39100000.0,75100000.0,114200000.0,776800000.0,906400000.0,,1800000.0,153500000.0,776800000.0,129600000.0,18600000.0,153500000.0,-23900000.0,-16800000.0,-40700000.0,906400000.0,105600000.0,105800000.0,106800000.0
Avery Dennison Corp,AVY,549300PW7VPFCYKLIV37,8818,2010.0,FY,2010-01-03,2011-01-01,2013-02-27 15:37:52+00:00,3.0,3.0,0.8,2.97,-2800000.0,316900000.0,241800000.0,75100000.0,316900000.0,4268200000.0,5782000000.0,,-19600000.0,1178900000.0,4268200000.0,1513800000.0,76300000.0,1178900000.0,334900000.0,-95900000.0,239000000.0,5782000000.0,105600000.0,105800000.0,106800000.0
Avery Dennison Corp,AVY,549300PW7VPFCYKLIV37,8818,2010.0,Q3,2010-07-04,2010-10-02,2010-11-10 06:01:48+00:00,,0.61,0.2,0.6,12800000.0,64200000.0,64200000.0,,64200000.0,1187800000.0,1640800000.0,,-10500000.0,346400000.0,1187800000.0,453000000.0,19100000.0,346400000.0,106600000.0,-29600000.0,77000000.0,1640800000.0,,105800000.0,107100000.0
Avery Dennison Corp,AVY,549300PW7VPFCYKLIV37,8818,2010.0,Q3YTD,2010-01-03,2010-10-02,,1.31,1.92,0.6,1.89,77000000.0,202700000.0,202700000.0,,202700000.0,3491400000.0,4875600000.0,,-21400000.0,1025400000.0,3491400000.0,1384200000.0,57700000.0,1025400000.0,358800000.0,-79100000.0,279700000.0,4875600000.0,,105800000.0,107100000.0
Avery Dennison Corp,AVY,549300PW7VPFCYKLIV37,8818,2010.0,Q2,2010-04-04,2010-07-03,2010-08-11 16:37:05+00:00,0.79,0.79,0.2,0.78,42000000.0,83800000.0,83800000.0,,83800000.0,1189700000.0,1680100000.0,,-4600000.0,338900000.0,1189700000.0,490400000.0,21100000.0,338900000.0,151500000.0,-25700000.0,125800000.0,1680100000.0,106100000.0,105600000.0,106800000.0
Avery Dennison Corp,AVY,549300PW7VPFCYKLIV37,8818,2010.0,Q2YTD,2010-01-03,2010-07-03,,1.31,1.31,0.4,1.29,64200000.0,138500000.0,138500000.0,,138500000.0,2303600000.0,3234800000.0,,-10900000.0,679000000.0,2303600000.0,931200000.0,38600000.0,679000000.0,252200000.0,-49500000.0,202700000.0,3234800000.0,106100000.0,105600000.0,106800000.0
Avery Dennison Corp,AVY,549300PW7VPFCYKLIV37,8818,2010.0,Q1,2010-01-03,2010-04-03,2011-05-10 16:48:51+00:00,0.52,0.52,0.2,0.51,22200000.0,54700000.0,54700000.0,,54700000.0,1113900000.0,1554700000.0,,-6300000.0,340100000.0,1113900000.0,440800000.0,17500000.0,340100000.0,100700000.0,-23800000.0,76900000.0,1554700000.0,105200000.0,105400000.0,106400000.0
Avery Dennison Corp,AVY,549300PW7VPFCYKLIV37,8818,2011.0,Q4,2011-10-02,2011-12-31,,0.21,0.21,0.25,0.2,-9700000.0,22200000.0,-26200000.0,48400000.0,22200000.0,646000000.0,760300000.0,,-14100000.0,118500000.0,646000000.0,114300000.0,17600000.0,118500000.0,-4200000.0,-31700000.0,-35900000.0,760300000.0,105600000.0,105800000.0,106800000.0
Avery Dennison Corp,AVY,549300PW7VPFCYKLIV37,8818,2011.0,FY,2011-01-02,2011-12-31,2014-02-26 15:48:56+00:00,1.8,1.8,1.0,1.78,71500000.0,190100000.0,141700000.0,48400000.0,190100000.0,4369600000.0,5844900000.0,,-51600000.0,1139400000.0,4369600000.0,1475300000.0,71100000.0,1139400000.0,335900000.0,-122700000.0,213200000.0,5844900000.0,105600000.0,105800000.0,106800000.0
Avery Dennison Corp,AVY,549300PW7VPFCYKLIV37,8818,2011.0,Q3TTM,2010-10-03,2011-10-01,,3.28,2.67,0.95,2.66,1400000.0,282100000.0,207000000.0,75100000.0,282100000.0,4500400000.0,5991000000.0,,-35700000.0,1174400000.0,4500400000.0,1490600000.0,72100000.0,1174400000.0,316200000.0,-107800000.0,208400000.0,5991000000.0,106000000.0,106000000.0,106600000.0
Avery Dennison Corp,AVY,549300PW7VPFCYKLIV37,8818,2011.0,Q3,2011-07-03,2011-10-01,2011-11-08 17:24:10+00:00,0.47,0.47,0.25,0.47,21100000.0,49800000.0,49800000.0,,49800000.0,1263900000.0,1699600000.0,,-20500000.0,326400000.0,1263900000.0,435700000.0,17900000.0,326400000.0,109300000.0,-38400000.0,70900000.0,1699600000.0,106000000.0,106000000.0,106600000.0
Avery Dennison Corp,AVY,549300PW7VPFCYKLIV37,8818,2011.0,Q3YTD,2011-01-02,2011-10-01,,1.59,1.59,0.75,1.58,81200000.0,167900000.0,167900000.0,,167900000.0,3723600000.0,5084600000.0,,-37500000.0,1020900000.0,3723600000.0,1361000000.0,53500000.0,1020900000.0,340100000.0,-91000000.0,249100000.0,5084600000.0,106000000.0,106000000.0,106600000.0
Avery Dennison Corp,AVY,549300PW7VPFCYKLIV37,8818,2011.0,Q2TTM,2010-07-04,2011-07-02,,2.81,2.81,0.9,2.79,-6900000.0,296500000.0,221400000.0,75100000.0,296500000.0,4424300000.0,5932200000.0,,-25700000.0,1194400000.0,4424300000.0,1507900000.0,73300000.0,1194400000.0,313500000.0,-99000000.0,214500000.0,5932200000.0,106200000.0,105700000.0,106900000.0
Avery Dennison Corp,AVY,549300PW7VPFCYKLIV37,8818,2011.0,Q2,2011-04-03,2011-07-02,2011-08-08 21:35:54+00:00,0.69,0.69,0.25,0.69,37500000.0,73300000.0,73300000.0,,73300000.0,1254800000.0,1725700000.0,,-12400000.0,330000000.0,1254800000.0,470900000.0,17700000.0,330000000.0,140900000.0,-30100000.0,110800000.0,1725700000.0,106200000.0,105700000.0,106900000.0
Avery Dennison Corp,AVY,549300PW7VPFCYKLIV37,8818,2011.0,Q2YTD,2011-01-02,2011-07-02,,1.12,1.12,0.5,1.11,60100000.0,118100000.0,118100000.0,,118100000.0,2459700000.0,3385000000.0,,-17000000.0,694500000.0,2459700000.0,925300000.0,35600000.0,694500000.0,230800000.0,-52600000.0,178200000.0,3385000000.0,106200000.0,105700000.0,106900000.0
Avery Dennison Corp,AVY,549300PW7VPFCYKLIV37,8818,2011.0,Q1,2011-01-02,2011-04-02,2011-05-10 16:48:51+00:00,0.43,0.43,0.25,0.42,22600000.0,44800000.0,44800000.0,,44800000.0,1204900000.0,1659300000.0,,-4600000.0,364500000.0,1204900000.0,454400000.0,17900000.0,364500000.0,89900000.0,-22500000.0,67400000.0,1659300000.0,104200000.0,105400000.0,107000000.0
Avery Dennison Corp,AVY,549300PW7VPFCYKLIV37,8818,2012.0,Q4,2012-09-30,2012-12-29,,0.48,0.48,0.27,0.48,15400000.0,49000000.0,21900000.0,27100000.0,49000000.0,1011300000.0,1360100000.0,,-27700000.0,265800000.0,1011300000.0,348800000.0,18000000.0,265800000.0,83000000.0,-45700000.0,37300000.0,1360100000.0,102600000.0,102600000.0,103500000.0
Avery Dennison Corp,AVY,549300PW7VPFCYKLIV37,8818,2012.0,FY,2012-01-01,2012-12-29,2015-02-25 16:00:17+00:00,2.1,2.1,1.08,2.08,80000000.0,215400000.0,157600000.0,57800000.0,215400000.0,4335300000.0,5863500000.0,,-68800000.0,1148900000.0,4335300000.0,1528200000.0,72900000.0,1148900000.0,379300000.0,-141700000.0,237600000.0,5863500000.0,102600000.0,102600000.0,103500000.0
Avery Dennison Corp,AVY,549300PW7VPFCYKLIV37,8818,2012.0,Q3TTM,2011-10-02,2012-09-29,,1.83,1.83,1.06,1.8,54900000.0,188600000.0,109500000.0,79100000.0,188600000.0,3970000000.0,5263700000.0,,-55200000.0,1001600000.0,3970000000.0,1293700000.0,72500000.0,1001600000.0,292100000.0,-127700000.0,164400000.0,5263700000.0,100500000.0,101100000.0,102200000.0
Avery Dennison Corp,AVY,549300PW7VPFCYKLIV37,8818,2012.0,Q3,2012-07-01,2012-09-29,2012-11-06 13:16:42+00:00,0.58,0.58,0.27,0.57,20100000.0,58300000.0,38100000.0,20200000.0,58300000.0,1095800000.0,1487800000.0,,-21900000.0,293900000.0,1095800000.0,392000000.0,18000000.0,293900000.0,98100000.0,-39900000.0,58200000.0,1487800000.0,100500000.0,101100000.0,102200000.0
Avery Dennison Corp,AVY,549300PW7VPFCYKLIV37,8818,2012.0,Q3YTD,2012-01-01,2012-09-29,,1.62,1.62,0.81,1.6,64600000.0,166400000.0,135700000.0,30700000.0,166400000.0,3324000000.0,4503400000.0,,-41100000.0,883100000.0,3324000000.0,1179400000.0,54900000.0,883100000.0,296300000.0,-96000000.0,200300000.0,4503400000.0,100500000.0,101100000.0,102200000.0
Avery Dennison Corp,AVY,549300PW7VPFCYKLIV37,8818,2012.0,Q2TTM,2011-07-03,2012-06-30,,1.72,1.72,1.04,1.7,55900000.0,180100000.0,121200000.0,58900000.0,180100000.0,4138100000.0,5475500000.0,,-53800000.0,1034100000.0,4138100000.0,1337400000.0,72400000.0,1034100000.0,303300000.0,-126200000.0,177100000.0,5475500000.0,103500000.0,103400000.0,104300000.0
Avery Dennison Corp,AVY,549300PW7VPFCYKLIV37,8818,2012.0,Q2,2012-04-01,2012-06-30,2012-08-06 21:09:22+00:00,0.62,0.62,0.27,0.62,25700000.0,64200000.0,51300000.0,12900000.0,64200000.0,1132500000.0,1532300000.0,,-11500000.0,292700000.0,1132500000.0,399800000.0,18600000.0,292700000.0,107100000.0,-30100000.0,77000000.0,1532300000.0,103500000.0,103400000.0,104300000.0
Avery Dennison Corp,AVY,549300PW7VPFCYKLIV37,8818,2012.0,Q2YTD,2012-01-01,2012-06-30,,1.04,1.04,0.54,1.03,44500000.0,108100000.0,97600000.0,10500000.0,108100000.0,2228200000.0,3015600000.0,,-19200000.0,589200000.0,2228200000.0,787400000.0,36900000.0,589200000.0,198200000.0,-56100000.0,142100000.0,3015600000.0,103500000.0,103400000.0,104300000.0
Avery Dennison Corp,AVY,549300PW7VPFCYKLIV37,8818,2012.0,Q1TTM,2011-04-03,2012-03-31,,1.79,1.79,1.02,1.77,67700000.0,189200000.0,143200000.0,46000000.0,189200000.0,4260400000.0,5668900000.0,,-54700000.0,1071400000.0,4260400000.0,1408500000.0,71500000.0,1071400000.0,337100000.0,-126200000.0,210900000.0,5668900000.0,104500000.0,105700000.0,106200000.0
Avery Dennison Corp,AVY,549300PW7VPFCYKLIV37,8818,2012.0,Q1,2012-01-01,2012-03-31,2012-05-07 20:35:11+00:00,0.42,0.42,0.27,0.41,18800000.0,43900000.0,46300000.0,-2400000.0,43900000.0,1095700000.0,1483300000.0,,-7700000.0,296500000.0,1095700000.0,387600000.0,18300000.0,296500000.0,91100000.0,-26000000.0,65100000.0,1483300000.0,104500000.0,105700000.0,106200000.0
Avery Dennison Corp,AVY,549300PW7VPFCYKLIV37,8818,2013.0,Q4,2013-09-29,2013-12-28,,0.45,0.45,0.29,0.44,53000000.0,42700000.0,44700000.0,-2000000.0,42700000.0,1167600000.0,1583900000.0,,-3700000.0,298900000.0,1167600000.0,416300000.0,16000000.0,298900000.0,117400000.0,-19700000.0,97700000.0,1583900000.0,98500000.0,98400000.0,100100000.0
Avery Dennison Corp,AVY,549300PW7VPFCYKLIV37,8818,2013.0,FY,2012-12-30,2013-12-28,2015-02-25 16:00:17+00:00,2.19,2.19,1.14,2.16,118800000.0,215800000.0,244300000.0,-28500000.0,215800000.0,4502300000.0,6140000000.0,,-36600000.0,1179000000.0,4502300000.0,1637700000.0,59000000.0,1179000000.0,458700000.0,-95600000.0,363100000.0,6140000000.0,98500000.0,98400000.0,100100000.0
Avery Dennison Corp,AVY,549300PW7VPFCYKLIV37,8818,2013.0,Q3TTM,2012-09-30,2013-09-28,,2.22,2.22,1.12,2.2,81200000.0,222100000.0,221500000.0,600000.0,222100000.0,4346000000.0,5916200000.0,,-60600000.0,1145900000.0,4346000000.0,1570200000.0,61000000.0,1145900000.0,424300000.0,-121600000.0,302700000.0,5916200000.0,98900000.0,97900000.0,99600000.0
Avery Dennison Corp,AVY,549300PW7VPFCYKLIV37,8818,2013.0,Q3,2013-06-30,2013-09-28,2013-11-04 16:25:37+00:00,0.47,0.47,0.29,0.47,12800000.0,46500000.0,62000000.0,-15500000.0,46500000.0,1102700000.0,1504900000.0,,-25700000.0,285700000.0,1102700000.0,402200000.0,16000000.0,285700000.0,116500000.0,-41700000.0,74800000.0,1504900000.0,98900000.0,97900000.0,99600000.0
Avery Dennison Corp,AVY,549300PW7VPFCYKLIV37,8818,2013.0,Q3YTD,2012-12-30,2013-09-28,,1.74,1.74,0.85,1.72,65800000.0,173100000.0,199600000.0,-26500000.0,173100000.0,3334700000.0,4556100000.0,,-32900000.0,880100000.0,3334700000.0,1221400000.0,43000000.0,880100000.0,341300000.0,-75900000.0,265400000.0,4556100000.0,98900000.0,97900000.0,99600000.0
Avery Dennison Corp,AVY,549300PW7VPFCYKLIV37,8818,2013.0,Q2TTM,2012-07-01,2013-06-29,,2.33,2.33,1.1,2.3,88500000.0,233900000.0,197600000.0,36300000.0,233900000.0,4339100000.0,5899100000.0,,-56800000.0,1154100000.0,4339100000.0,1560000000.0,63000000.0,1154100000.0,405900000.0,-119800000.0,286100000.0,5899100000.0,99700000.0,99300000.0,100800000.0
Avery Dennison Corp,AVY,549300PW7VPFCYKLIV37,8818,2013.0,Q2,2013-03-31,2013-06-29,2013-08-06 19:57:03+00:00,0.69,0.69,0.29,0.68,38700000.0,68800000.0,70800000.0,-2000000.0,68800000.0,1134800000.0,1552300000.0,,300000.0,293500000.0,1134800000.0,417500000.0,14800000.0,293500000.0,124000000.0,-14500000.0,109500000.0,1552300000.0,99700000.0,99300000.0,100800000.0
Avery Dennison Corp,AVY,549300PW7VPFCYKLIV37,8818,2013.0,Q2YTD,2012-12-30,2013-06-29,,1.27,1.27,0.56,1.25,53000000.0,126600000.0,137600000.0,-11000000.0,126600000.0,2232000000.0,3051200000.0,,-7200000.0,594400000.0,2232000000.0,819200000.0,27000000.0,594400000.0,224800000.0,-34200000.0,190600000.0,3051200000.0,99700000.0,99300000.0,100800000.0
Avery Dennison Corp,AVY,549300PW7VPFCYKLIV37,8818,2013.0,Q1TTM,2012-04-01,2013-03-30,,2.26,2.26,1.08,2.24,75500000.0,229300000.0,178100000.0,51200000.0,229300000.0,4336800000.0,5879100000.0,,-68600000.0,1153300000.0,4336800000.0,1542300000.0,66800000.0,1153300000.0,389000000.0,-135400000.0,253600000.0,5879100000.0,99700000.0,100100000.0,101500000.0
Avery Dennison Corp,AVY,549300PW7VPFCYKLIV37,8818,2013.0,Q1,2012-12-30,2013-03-30,2013-05-06 21:01:52+00:00,0.58,0.58,0.27,0.57,14300000.0,57800000.0,66800000.0,-9000000.0,57800000.0,1097200000.0,1498900000.0,,-7500000.0,300900000.0,1097200000.0,401700000.0,12200000.0,300900000.0,100800000.0,-19700000.0,81100000.0,1498900000.0,99700000.0,100100000.0,101500000.0
Avery Dennison Corp,AVY,549300PW7VPFCYKLIV37,8818,2014.0,FY,2013-12-29,2015-01-03,2017-02-23 15:14:02+00:00,2.61,2.61,1.34,2.56,113500000.0,245100000.0,247300000.0,-2200000.0,245100000.0,4679100000.0,6330300000.0,,-68200000.0,1158900000.0,4679100000.0,1651200000.0,63300000.0,1158900000.0,492300000.0,-131500000.0,360800000.0,6330300000.0,93900000.0,93800000.0,95700000.0
Avery Dennison Corp,AVY,549300PW7VPFCYKLIV37,8818,2014.0,Q4,2014-09-28,2015-01-03,,0.73,0.77,0.35,0.76,26400000.0,71200000.0,70400000.0,800000.0,71200000.0,1189700000.0,1604800000.0,,-14600000.0,286800000.0,1189700000.0,415100000.0,16900000.0,286800000.0,128300000.0,-31500000.0,96800000.0,1604800000.0,93900000.0,93800000.0,95700000.0
Avery Dennison Corp,AVY,549300PW7VPFCYKLIV37,8818,2014.0,Q3TTM,2013-09-29,2014-09-27,,2.33,2.29,1.28,2.24,140100000.0,216600000.0,221600000.0,-5000000.0,216600000.0,4657000000.0,6309400000.0,,-57300000.0,1171000000.0,4657000000.0,1652400000.0,62400000.0,1171000000.0,481400000.0,-119700000.0,361700000.0,6309400000.0,87200000.0,93300000.0,95200000.0
Avery Dennison Corp,AVY,549300PW7VPFCYKLIV37,8818,2014.0,Q3,2014-06-29,2014-09-27,2015-11-03 16:32:21+00:00,0.69,0.65,0.35,0.63,38200000.0,60200000.0,60900000.0,-700000.0,60200000.0,1158900000.0,1559600000.0,,-7800000.0,278400000.0,1158900000.0,400700000.0,15400000.0,278400000.0,122300000.0,-23200000.0,99100000.0,1559600000.0,87200000.0,93300000.0,95200000.0
Avery Dennison Corp,AVY,549300PW7VPFCYKLIV37,8818,2014.0,Q3YTD,2013-12-29,2014-09-27,,1.88,1.84,0.99,1.8,87100000.0,173900000.0,176900000.0,-3000000.0,173900000.0,3489400000.0,4725500000.0,,-53600000.0,872100000.0,3489400000.0,1236100000.0,46400000.0,872100000.0,364000000.0,-100000000.0,264000000.0,4725500000.0,87200000.0,93300000.0,95200000.0
Avery Dennison Corp,AVY,549300PW7VPFCYKLIV37,8818,2014.0,Q2TTM,2013-06-30,2014-06-28,,2.11,2.11,1.22,2.08,114700000.0,202900000.0,222700000.0,-19800000.0,202900000.0,4600800000.0,6254700000.0,,-75200000.0,1178300000.0,4600800000.0,1653900000.0,63000000.0,1178300000.0,475600000.0,-138200000.0,337400000.0,6254700000.0,94400000.0,94900000.0,96700000.0
Avery Dennison Corp,AVY,549300PW7VPFCYKLIV37,8818,2014.0,Q2,2014-03-30,2014-06-28,2015-08-04 14:14:14+00:00,0.45,0.45,0.35,0.44,32700000.0,42500000.0,44400000.0,-1900000.0,42500000.0,1187600000.0,1615800000.0,,-38500000.0,297000000.0,1187600000.0,428200000.0,15600000.0,297000000.0,131200000.0,-54100000.0,77100000.0,1615800000.0,94400000.0,94900000.0,96700000.0
Avery Dennison Corp,AVY,549300PW7VPFCYKLIV37,8818,2014.0,Q2YTD,2013-12-29,2014-06-28,,1.19,1.19,0.64,1.17,48900000.0,113700000.0,116000000.0,-2300000.0,113700000.0,2330500000.0,3165900000.0,,-45800000.0,593700000.0,2330500000.0,835400000.0,31000000.0,593700000.0,241700000.0,-76800000.0,164900000.0,3165900000.0,94400000.0,94900000.0,96700000.0
Avery Dennison Corp,AVY,549300PW7VPFCYKLIV37,8818,2014.0,Q1TTM,2013-03-31,2014-03-29,,2.35,2.35,1.16,2.32,120700000.0,229200000.0,249100000.0,-19900000.0,229200000.0,4548000000.0,6191200000.0,,-36400000.0,1174800000.0,4548000000.0,1643200000.0,62200000.0,1174800000.0,468400000.0,-98600000.0,369800000.0,6191200000.0,96200000.0,96100000.0,98000000.0
Avery Dennison Corp,AVY,549300PW7VPFCYKLIV37,8818,2014.0,Q1,2013-12-29,2014-03-29,2014-05-05 14:45:26+00:00,0.74,0.74,0.29,0.73,16200000.0,71200000.0,71600000.0,-400000.0,71200000.0,1142900000.0,1550100000.0,,-7300000.0,296700000.0,1142900000.0,407200000.0,15400000.0,296700000.0,110500000.0,-22700000.0,87800000.0,1550100000.0,96200000.0,96100000.0,98000000.0
Avery Dennison Corp,AVY,549300PW7VPFCYKLIV37,8818,2015.0,FY,2015-01-04,2016-01-02,2018-02-21 17:19:35+00:00,3.01,3.01,1.46,2.95,134500000.0,274300000.0,274400000.0,-100000.0,274300000.0,4321100000.0,5966900000.0,,-68300000.0,1108100000.0,4321100000.0,1645800000.0,60500000.0,1108100000.0,537700000.0,-128800000.0,408900000.0,5966900000.0,91100000.0,91000000.0,92900000.0
Avery Dennison Corp,AVY,549300PW7VPFCYKLIV37,8818,2015.0,Q4,2015-10-04,2016-01-02,,0.64,0.63,0.37,0.61,35000000.0,57000000.0,56500000.0,500000.0,57000000.0,1062500000.0,1454800000.0,,-19300000.0,266300000.0,1062500000.0,392300000.0,15200000.0,266300000.0,126000000.0,-34500000.0,91500000.0,1454800000.0,91100000.0,91000000.0,92900000.0
Avery Dennison Corp,AVY,549300PW7VPFCYKLIV37,8818,2015.0,Q3,2015-07-05,2015-10-03,2016-11-01 16:12:05+00:00,0.89,0.89,0.37,0.88,34800000.0,81700000.0,81300000.0,400000.0,81700000.0,1062200000.0,1468100000.0,,-7000000.0,268100000.0,1062200000.0,405900000.0,14700000.0,268100000.0,137800000.0,-21700000.0,116100000.0,1468100000.0,91800000.0,91500000.0,93200000.0
Avery Dennison Corp,AVY,549300PW7VPFCYKLIV37,8818,2015.0,Q3YTD,2015-01-04,2015-10-03,,2.37,2.38,1.09,2.34,99500000.0,217300000.0,217900000.0,-600000.0,217300000.0,3258600000.0,4512100000.0,,-49000000.0,841800000.0,3258600000.0,1253500000.0,45300000.0,841800000.0,411700000.0,-94300000.0,317400000.0,4512100000.0,91800000.0,91500000.0,93200000.0
Avery Dennison Corp,AVY,549300PW7VPFCYKLIV37,8818,2015.0,Q3TTM,2014-09-28,2015-10-03,,3.1,3.15,1.44,3.1,125900000.0,288500000.0,288300000.0,200000.0,288500000.0,4448300000.0,6116900000.0,,-63600000.0,1128600000.0,4448300000.0,1668600000.0,62200000.0,1128600000.0,540000000.0,-125800000.0,414200000.0,6116900000.0,91800000.0,91500000.0,93200000.0
Avery Dennison Corp,AVY,549300PW7VPFCYKLIV37,8818,2015.0,Q2,2015-04-05,2015-07-04,2016-08-02 16:25:56+00:00,0.69,0.7,0.37,0.68,36600000.0,63700000.0,64700000.0,-1000000.0,63700000.0,1098400000.0,1516000000.0,,-27700000.0,273300000.0,1098400000.0,417600000.0,15300000.0,273300000.0,144300000.0,-43000000.0,101300000.0,1516000000.0,92300000.0,91200000.0,93000000.0
Avery Dennison Corp,AVY,549300PW7VPFCYKLIV37,8818,2015.0,Q2YTD,2015-01-04,2015-07-04,,1.48,1.49,0.72,1.46,64700000.0,135600000.0,136600000.0,-1000000.0,135600000.0,2196400000.0,3044000000.0,,-42000000.0,573700000.0,2196400000.0,847600000.0,30600000.0,573700000.0,273900000.0,-72600000.0,201300000.0,3044000000.0,92300000.0,91200000.0,93000000.0
Avery Dennison Corp,AVY,549300PW7VPFCYKLIV37,8818,2015.0,Q2TTM,2014-06-29,2015-07-04,,2.9,2.91,1.42,2.85,129300000.0,267000000.0,267900000.0,-900000.0,267000000.0,4545000000.0,6208400000.0,,-64400000.0,1138900000.0,4545000000.0,1663400000.0,62900000.0,1138900000.0,524500000.0,-127300000.0,397200000.0,6208400000.0,92300000.0,91200000.0,93000000.0
Avery Dennison Corp,AVY,549300PW7VPFCYKLIV37,8818,2015.0,Q1,2015-01-04,2015-04-04,2016-05-03 16:06:50+00:00,0.79,0.79,0.35,0.78,28100000.0,71900000.0,71900000.0,,71900000.0,1098000000.0,1528000000.0,,-14300000.0,300400000.0,1098000000.0,430000000.0,15300000.0,300400000.0,129600000.0,-29600000.0,100000000.0,1528000000.0,91000000.0,90600000.0,92400000.0
Avery Dennison Corp,AVY,549300PW7VPFCYKLIV37,8818,2015.0,Q1TTM,2014-03-30,2015-04-04,,2.66,2.66,1.4,2.61,125400000.0,245800000.0,247600000.0,-1800000.0,245800000.0,4634200000.0,6308200000.0,,-75200000.0,1162600000.0,4634200000.0,1674000000.0,63200000.0,1162600000.0,511400000.0,-138400000.0,373000000.0,6308200000.0,91000000.0,90600000.0,92400000.0
Avery Dennison Corp,AVY,549300PW7VPFCYKLIV37,8818,2016.0,FY,2016-01-03,2016-12-31,2019-02-27 16:13:31+00:00,3.6,3.6,1.6,3.54,156400000.0,320700000.0,320700000.0,,320700000.0,4386800000.0,6086500000.0,0.0,-77000000.0,1085700000.0,4386800000.0,1699700000.0,59900000.0,1085700000.0,614000000.0,-136900000.0,477100000.0,6086500000.0,89100000.0,89100000.0,90700000.0
Avery Dennison Corp,AVY,549300PW7VPFCYKLIV37,8818,2016.0,Q4,2016-10-02,2016-12-31,,0.7,0.7,0.41,0.7,64300000.0,62000000.0,62000000.0,,62000000.0,1125400000.0,1550800000.0,,-16600000.0,268000000.0,1125400000.0,425400000.0,14500000.0,268000000.0,157400000.0,-31100000.0,126300000.0,1550800000.0,89100000.0,89100000.0,90700000.0
Avery Dennison Corp,AVY,549300PW7VPFCYKLIV37,8818,2016.0,Q3,2016-07-03,2016-10-01,2017-10-31 15:03:26+00:00,1.0,1.0,0.41,0.98,38900000.0,89100000.0,89100000.0,,89100000.0,1091100000.0,1508700000.0,,-4600000.0,270300000.0,1091100000.0,417600000.0,14700000.0,270300000.0,147300000.0,-19300000.0,128000000.0,1508700000.0,89100000.0,89100000.0,90600000.0
Avery Dennison Corp,AVY,549300PW7VPFCYKLIV37,8818,2016.0,Q3YTD,2016-01-03,2016-10-01,,2.9,2.9,1.19,2.84,92100000.0,258700000.0,258700000.0,,258700000.0,3261400000.0,4535700000.0,,-60400000.0,817700000.0,3261400000.0,1274300000.0,45400000.0,817700000.0,456600000.0,-105800000.0,350800000.0,4535700000.0,89100000.0,89100000.0,90600000.0
Avery Dennison Corp,AVY,549300PW7VPFCYKLIV37,8818,2016.0,Q3TTM,2015-10-04,2016-10-01,,3.54,3.53,1.56,3.45,127100000.0,315700000.0,315200000.0,500000.0,315700000.0,4323900000.0,5990500000.0,,-79700000.0,1084000000.0,4323900000.0,1666600000.0,60600000.0,1084000000.0,582600000.0,-140300000.0,442300000.0,5990500000.0,89100000.0,89100000.0,90600000.0
Avery Dennison Corp,AVY,549300PW7VPFCYKLIV37,8818,2016.0,Q2,2016-04-03,2016-07-02,2017-08-01 15:44:32+00:00,0.9,0.9,0.41,0.88,19300000.0,80000000.0,80000000.0,,80000000.0,1107400000.0,1541500000.0,,-50200000.0,269200000.0,1107400000.0,434100000.0,15400000.0,269200000.0,164900000.0,-65600000.0,99300000.0,1541500000.0,88900000.0,89100000.0,90700000.0
Avery Dennison Corp,AVY,549300PW7VPFCYKLIV37,8818,2016.0,Q2YTD,2016-01-03,2016-07-02,,1.9,1.9,0.78,1.86,53200000.0,169600000.0,169600000.0,,169600000.0,2170300000.0,3027000000.0,,-55800000.0,547400000.0,2170300000.0,856700000.0,30700000.0,547400000.0,309300000.0,-86500000.0,222800000.0,3027000000.0,88900000.0,89100000.0,90700000.0
Avery Dennison Corp,AVY,549300PW7VPFCYKLIV37,8818,2016.0,Q2TTM,2015-07-05,2016-07-02,,3.43,3.42,1.52,3.35,123000000.0,308300000.0,307400000.0,900000.0,308300000.0,4295000000.0,5949900000.0,,-82100000.0,1081800000.0,4295000000.0,1654900000.0,60600000.0,1081800000.0,573100000.0,-142700000.0,430400000.0,5949900000.0,88900000.0,89100000.0,90700000.0
Avery Dennison Corp,AVY,549300PW7VPFCYKLIV37,8818,2016.0,Q1,2016-01-03,2016-04-02,2017-05-02 15:20:23+00:00,1.0,1.0,0.37,0.98,33900000.0,89600000.0,89600000.0,,89600000.0,1062900000.0,1485500000.0,,-5600000.0,278200000.0,1062900000.0,422600000.0,15300000.0,278200000.0,144400000.0,-20900000.0,123500000.0,1485500000.0,89600000.0,89400000.0,91100000.0
Avery Dennison Corp,AVY,549300PW7VPFCYKLIV37,8818,2016.0,Q1TTM,2015-04-05,2016-04-02,,3.22,3.22,1.48,3.15,140300000.0,292000000.0,292100000.0,-100000.0,292000000.0,4286000000.0,5924400000.0,,-59600000.0,1085900000.0,4286000000.0,1638400000.0,60500000.0,1085900000.0,552500000.0,-120100000.0,432400000.0,5924400000.0,89600000.0,89400000.0,91100000.0
Avery Dennison Corp,AVY,549300PW7VPFCYKLIV37,8818,2017.0,FY,2017-01-01,2017-12-30,2020-02-26 16:02:37+00:00,3.19,3.19,1.76,3.13,307700000.0,281800000.0,281800000.0,,281800000.0,4801600000.0,6613800000.0,,-54500000.0,1105200000.0,4801600000.0,1812200000.0,63000000.0,1105200000.0,707000000.0,-117500000.0,589500000.0,6613800000.0,88300000.0,88300000.0,90100000.0
Avery Dennison Corp,AVY,549300PW7VPFCYKLIV37,8818,2017.0,Q4,2017-10-01,2017-12-30,,-0.68,-0.68,0.45,-0.66,216900000.0,-59600000.0,-59600000.0,,-59600000.0,1269700000.0,1735300000.0,,-13900000.0,281100000.0,1269700000.0,465600000.0,13300000.0,281100000.0,184500000.0,-27200000.0,157300000.0,1735300000.0,88300000.0,88300000.0,90100000.0
Avery Dennison Corp,AVY,549300PW7VPFCYKLIV37,8818,2017.0,Q3,2017-07-02,2017-09-30,2018-10-30 17:00:08+00:00,1.23,1.23,0.45,1.2,38500000.0,108300000.0,108300000.0,,108300000.0,1227900000.0,1679500000.0,0.0,-14500000.0,273500000.0,1227900000.0,451600000.0,16800000.0,273500000.0,178100000.0,-31300000.0,146800000.0,1679500000.0,88000000.0,88300000.0,89900000.0
Avery Dennison Corp,AVY,549300PW7VPFCYKLIV37,8818,2017.0,Q3YTD,2017-01-01,2017-09-30,,3.87,3.87,1.31,3.79,90800000.0,341400000.0,341400000.0,,341400000.0,3531900000.0,4878500000.0,,-40600000.0,824100000.0,3531900000.0,1346600000.0,49700000.0,824100000.0,522500000.0,-90300000.0,432200000.0,4878500000.0,88000000.0,88300000.0,89900000.0
Avery Dennison Corp,AVY,549300PW7VPFCYKLIV37,8818,2017.0,Q3TTM,2016-10-02,2017-09-30,,4.57,4.57,1.72,4.49,155100000.0,403400000.0,403400000.0,,403400000.0,4657300000.0,6429300000.0,,-57200000.0,1092100000.0,4657300000.0,1772000000.0,64200000.0,1092100000.0,679900000.0,-121400000.0,558500000.0,6429300000.0,88000000.0,88300000.0,89900000.0
Avery Dennison Corp,AVY,549300PW7VPFCYKLIV37,8818,2017.0,Q2,2017-04-02,2017-07-01,2018-07-31 15:45:45+00:00,1.37,1.37,0.45,1.34,28600000.0,120900000.0,120900000.0,,120900000.0,1174300000.0,1626900000.0,,-16100000.0,270800000.0,1174300000.0,452600000.0,16200000.0,270800000.0,181800000.0,-32300000.0,149500000.0,1626900000.0,88200000.0,88500000.0,89900000.0
Avery Dennison Corp,AVY,549300PW7VPFCYKLIV37,8818,2017.0,Q2YTD,2017-01-01,2017-07-01,,2.64,2.64,0.86,2.59,52300000.0,233100000.0,233100000.0,,233100000.0,2304000000.0,3199000000.0,,-26100000.0,550600000.0,2304000000.0,895000000.0,32900000.0,550600000.0,344400000.0,-59000000.0,285400000.0,3199000000.0,88200000.0,88500000.0,89900000.0
Avery Dennison Corp,AVY,549300PW7VPFCYKLIV37,8818,2017.0,Q2TTM,2016-07-03,2017-07-01,,4.34,4.34,1.68,4.27,155500000.0,384200000.0,384200000.0,,384200000.0,4520500000.0,6258500000.0,,-47300000.0,1088900000.0,4520500000.0,1738000000.0,62100000.0,1088900000.0,649100000.0,-109400000.0,539700000.0,6258500000.0,88200000.0,88500000.0,89900000.0
Avery Dennison Corp,AVY,549300PW7VPFCYKLIV37,8818,2017.0,Q1,2017-01-01,2017-04-01,2018-05-01 16:01:41+00:00,1.27,1.27,0.41,1.25,23700000.0,112200000.0,112200000.0,,112200000.0,1129700000.0,1572100000.0,,-10000000.0,279800000.0,1129700000.0,442400000.0,16700000.0,279800000.0,162600000.0,-26700000.0,135900000.0,1572100000.0,88300000.0,88400000.0,90000000.0
Avery Dennison Corp,AVY,549300PW7VPFCYKLIV37,8818,2017.0,Q1TTM,2016-04-03,2017-04-01,,3.87,3.87,1.64,3.81,146200000.0,343300000.0,343300000.0,,343300000.0,4453600000.0,6173100000.0,,-81400000.0,1087300000.0,4453600000.0,1719500000.0,61300000.0,1087300000.0,632200000.0,-142700000.0,489500000.0,6173100000.0,88300000.0,88400000.0,90000000.0
Avery Dennison Corp,AVY,549300PW7VPFCYKLIV37,8818,2018.0,FY,2017-12-31,2018-12-29,2020-02-26 16:02:37+00:00,5.35,5.35,2.01,5.28,85400000.0,467400000.0,467400000.0,,467400000.0,5243500000.0,7159000000.0,-2000000.0,-174700000.0,1127500000.0,5243500000.0,1915500000.0,58500000.0,1127500000.0,788000000.0,-233200000.0,554800000.0,7159000000.0,87400000.0,87300000.0,88600000.0
Avery Dennison Corp,AVY,549300PW7VPFCYKLIV37,8818,2018.0,Q4,2018-09-30,2018-12-29,,1.13,1.13,0.52,1.12,-9500000.0,97100000.0,97100000.0,,97100000.0,1297200000.0,1768700000.0,-200000.0,-92900000.0,274500000.0,1297200000.0,471500000.0,16300000.0,274500000.0,197000000.0,-109200000.0,87800000.0,1768700000.0,87400000.0,87300000.0,88600000.0
Avery Dennison Corp,AVY,549300PW7VPFCYKLIV37,8818,2018.0,Q3,2018-07-01,2018-09-29,2018-10-30 17:00:08+00:00,1.71,1.71,0.52,1.69,17700000.0,149500000.0,149500000.0,,149500000.0,1300500000.0,1759700000.0,-800000.0,-6000000.0,270500000.0,1300500000.0,459200000.0,14700000.0,270500000.0,188700000.0,-20700000.0,168000000.0,1759700000.0,87400000.0,87300000.0,88500000.0
Avery Dennison Corp,AVY,549300PW7VPFCYKLIV37,8818,2018.0,Q3YTD,2017-12-31,2018-09-29,,4.22,4.22,1.49,4.16,94900000.0,370300000.0,370300000.0,,370300000.0,3946300000.0,5390300000.0,-1800000.0,-81800000.0,853000000.0,3946300000.0,1444000000.0,42200000.0,853000000.0,591000000.0,-124000000.0,467000000.0,5390300000.0,87400000.0,87300000.0,88500000.0
Avery Dennison Corp,AVY,549300PW7VPFCYKLIV37,8818,2018.0,Q3TTM,2017-10-01,2018-09-29,,3.54,3.54,1.94,3.5,311800000.0,310700000.0,310700000.0,,310700000.0,5216000000.0,7125600000.0,-1800000.0,-95700000.0,1134100000.0,5216000000.0,1909600000.0,55500000.0,1134100000.0,775500000.0,-151200000.0,624300000.0,7125600000.0,87400000.0,87300000.0,88500000.0
Avery Dennison Corp,AVY,549300PW7VPFCYKLIV37,8818,2018.0,Q2,2018-04-01,2018-06-30,2019-07-30 16:39:19+00:00,1.09,1.09,0.52,1.07,43900000.0,95600000.0,95600000.0,,95600000.0,1352800000.0,1854200000.0,-400000.0,-59700000.0,287500000.0,1352800000.0,501400000.0,14300000.0,287500000.0,213900000.0,-74000000.0,139900000.0,1854200000.0,87700000.0,87900000.0,89000000.0
Avery Dennison Corp,AVY,549300PW7VPFCYKLIV37,8818,2018.0,Q2YTD,2017-12-31,2018-06-30,,2.51,2.51,0.97,2.47,77200000.0,220800000.0,220800000.0,,220800000.0,2645800000.0,3630600000.0,-1000000.0,-75800000.0,582500000.0,2645800000.0,984800000.0,27500000.0,582500000.0,402300000.0,-103300000.0,299000000.0,3630600000.0,87700000.0,87900000.0,89000000.0
Avery Dennison Corp,AVY,549300PW7VPFCYKLIV37,8818,2018.0,Q2TTM,2017-07-02,2018-06-30,,3.06,3.06,1.87,3.01,332600000.0,269500000.0,269500000.0,,269500000.0,5143400000.0,7045400000.0,-1000000.0,-104200000.0,1137100000.0,5143400000.0,1902000000.0,57600000.0,1137100000.0,764900000.0,-161800000.0,603100000.0,7045400000.0,87700000.0,87900000.0,89000000.0
Avery Dennison Corp,AVY,549300PW7VPFCYKLIV37,8818,2018.0,Q1,2017-12-31,2018-03-31,2019-04-30 16:30:09+00:00,1.42,1.42,0.45,1.4,33300000.0,125200000.0,125200000.0,,125200000.0,1293000000.0,1776400000.0,-600000.0,-16100000.0,295000000.0,1293000000.0,483400000.0,13200000.0,295000000.0,188400000.0,-29300000.0,159100000.0,1776400000.0,88200000.0,88000000.0,89600000.0
Avery Dennison Corp,AVY,549300PW7VPFCYKLIV37,8818,2018.0,Q1TTM,2017-04-02,2018-03-31,,3.34,3.34,1.8,3.28,317300000.0,294800000.0,294800000.0,,294800000.0,4964900000.0,6818100000.0,-600000.0,-60600000.0,1120400000.0,4964900000.0,1853200000.0,59500000.0,1120400000.0,732800000.0,-120100000.0,612700000.0,6818100000.0,88200000.0,88000000.0,89600000.0
Avery Dennison Corp,AVY,549300PW7VPFCYKLIV37,8818,2019.0,Q4,2019-09-29,2019-12-28,,1.93,1.93,0.58,1.91,2200000.0,162500000.0,162500000.0,,162500000.0,1288200000.0,1772900000.0,-600000.0,-28500000.0,273100000.0,1288200000.0,484700000.0,17800000.0,273100000.0,211600000.0,-46300000.0,165300000.0,1772900000.0,84100000.0,84000000.0,85000000.0
Avery Dennison Corp,AVY,549300PW7VPFCYKLIV37,8818,2019.0,FY,2018-12-30,2019-12-28,2020-02-26 16:02:37+00:00,3.61,3.61,2.26,3.57,-56700000.0,303600000.0,303600000.0,,303600000.0,5166000000.0,7070100000.0,-2600000.0,-498400000.0,1080400000.0,5166000000.0,1904100000.0,75800000.0,1080400000.0,823700000.0,-574200000.0,249500000.0,7070100000.0,84100000.0,84000000.0,85000000.0
Avery Dennison Corp,AVY,549300PW7VPFCYKLIV37,8818,2019.0,Q3YTD,2018-12-30,2019-09-28,,1.68,1.68,1.68,1.66,-58900000.0,141100000.0,141100000.0,,141100000.0,3877800000.0,5297200000.0,-2000000.0,-469900000.0,807300000.0,3877800000.0,1419400000.0,58000000.0,807300000.0,612100000.0,-527900000.0,84200000.0,5297200000.0,84100000.0,84000000.0,84800000.0
Avery Dennison Corp,AVY,549300PW7VPFCYKLIV37,8818,2019.0,Q3TTM,2018-09-30,2019-09-28,,2.81,2.81,2.2,2.78,-68400000.0,238200000.0,238200000.0,,238200000.0,5175000000.0,7065900000.0,-2200000.0,-562800000.0,1081800000.0,5175000000.0,1890900000.0,74300000.0,1081800000.0,809100000.0,-637100000.0,172000000.0,7065900000.0,84100000.0,84000000.0,84800000.0
Avery Dennison Corp,AVY,549300PW7VPFCYKLIV37,8818,2019.0,Q3,2019-06-30,2019-09-28,2019-10-29 15:01:35+00:00,1.72,1.72,0.58,1.71,34600000.0,144600000.0,144600000.0,,144600000.0,1289700000.0,1761400000.0,-700000.0,-7500000.0,265300000.0,1289700000.0,471700000.0,19000000.0,265300000.0,206400000.0,-26500000.0,179900000.0,1761400000.0,84100000.0,84000000.0,84800000.0
Avery Dennison Corp,AVY,549300PW7VPFCYKLIV37,8818,2019.0,Q2YTD,2018-12-30,2019-06-29,,-0.04,-0.04,1.1,-0.05,-93500000.0,-3500000.0,-3500000.0,,-3500000.0,2588100000.0,3535800000.0,-1300000.0,-462400000.0,542000000.0,2588100000.0,947700000.0,39000000.0,542000000.0,405700000.0,-501400000.0,-95700000.0,3535800000.0,84400000.0,84300000.0,85100000.0
Avery Dennison Corp,AVY,549300PW7VPFCYKLIV37,8818,2019.0,Q2TTM,2018-07-01,2019-06-29,,2.8,2.8,2.14,2.76,-85300000.0,243100000.0,243100000.0,,243100000.0,5185800000.0,7064200000.0,-2300000.0,-561300000.0,1087000000.0,5185800000.0,1878400000.0,70000000.0,1087000000.0,791400000.0,-631300000.0,160100000.0,7064200000.0,84400000.0,84300000.0,85100000.0
Avery Dennison Corp,AVY,549300PW7VPFCYKLIV37,8818,2019.0,Q2,2019-03-31,2019-06-29,2019-07-30 16:39:19+00:00,1.7,1.7,0.58,1.69,44900000.0,143400000.0,143400000.0,,143400000.0,1313400000.0,1795700000.0,-400000.0,-8400000.0,265700000.0,1313400000.0,482300000.0,19500000.0,265700000.0,216600000.0,-27900000.0,188700000.0,1795700000.0,84400000.0,84300000.0,85100000.0
Avery Dennison Corp,AVY,549300PW7VPFCYKLIV37,8818,2019.0,Q1,2018-12-30,2019-03-30,2020-05-01 16:52:56+00:00,-1.74,-1.74,0.52,-1.74,-138400000.0,-146900000.0,-146900000.0,,-146900000.0,1274700000.0,1740100000.0,-900000.0,-454000000.0,276300000.0,1274700000.0,465400000.0,19500000.0,276300000.0,189100000.0,-473500000.0,-284400000.0,1740100000.0,84400000.0,84300000.0,84300000.0
Avery Dennison Corp,AVY,549300PW7VPFCYKLIV37,8818,2019.0,Q1TTM,2018-04-01,2019-03-30,,2.19,2.19,2.08,2.14,-86300000.0,195300000.0,195300000.0,,195300000.0,5225200000.0,7122700000.0,-2300000.0,-612600000.0,1108800000.0,5225200000.0,1897500000.0,64800000.0,1108800000.0,788700000.0,-677400000.0,111300000.0,7122700000.0,84400000.0,84300000.0,84300000.0
Avery Dennison Corp,AVY,549300PW7VPFCYKLIV37,8818,2020.0,Q1TTM,2019-03-31,2020-03-28,,6.96,6.96,2.32,6.91,128000000.0,584700000.0,584700000.0,,584700000.0,5129200000.0,7053000000.0,-2100000.0,-48800000.0,1085100000.0,5129200000.0,1923800000.0,75100000.0,1085100000.0,838700000.0,-123900000.0,714800000.0,7053000000.0,83400000.0,83300000.0,84100000.0
Avery Dennison Corp,AVY,549300PW7VPFCYKLIV37,8818,2020.0,Q1,2019-12-29,2020-03-28,2020-05-01 16:52:56+00:00,1.61,1.61,0.58,1.6,46300000.0,134200000.0,134200000.0,,134200000.0,1237900000.0,1723000000.0,-400000.0,-4400000.0,281000000.0,1237900000.0,485100000.0,18800000.0,281000000.0,204100000.0,-23200000.0,180900000.0,1723000000.0,83400000.0,83300000.0,84100000.0
