company_name,company_ticker,company_lei,company_cik,year,quarter,start_date,end_date,filing_date,basicdilutedeps,basiceps,cashdividendspershare,depreciationexpense,dilutedeps,explorationexpense,impairmentexpense,incometaxexpense,netincome,netincomecontinuing,netincomediscontinued,netincometocommon,operatingcostofrevenue,operatingrevenue,otheradjustmentstoconsolidatednetincome,otheradjustmentstonetincometocommon,othercostofrevenue,othergains,otherincome,otheroperatingexpenses,otherspecialcharges,restructuringcharge,sgaexpense,totalcostofrevenue,totalgrossprofit,totalinterestexpense,totaloperatingexpenses,totaloperatingincome,totalotherincome,totalpretaxincome,totalrevenue,weightedavebasicdilutedsharesos,weightedavebasicsharesos,weightedavedilutedsharesos
Concho Resources Inc,CXO,SYHS7HRDXLL4I0IQ8776,1358071,2008.0,FY,2008-01-01,2008-12-31,2011-02-25 16:06:30+00:00,3.52,3.52,,117406000.0,3.46,,49990000.0,157434000.0,278702000.0,270222000.0,8480000.0,278702000.0,81836000.0,498085000.0,,,2905000.0,,1432000.0,-250445000.0,,,41130000.0,84741000.0,413344000.0,29039000.0,-41919000.0,455263000.0,-27607000.0,427656000.0,498085000.0,79200000.0,79206000.0,80587000.0
Concho Resources Inc,CXO,SYHS7HRDXLL4I0IQ8776,1358071,2009.0,FY,2009-01-01,2009-12-31,2011-02-25 16:06:30+00:00,-0.12,-0.12,,196736000.0,-0.12,,18512000.0,-21510000.0,-9802000.0,-11527000.0,1725000.0,-9802000.0,98782000.0,519601000.0,,,-1035000.0,,-414000.0,157774000.0,,,53163000.0,97747000.0,421854000.0,28292000.0,426185000.0,-4331000.0,-28706000.0,-33037000.0,519601000.0,81700000.0,84912000.0,84912000.0
Concho Resources Inc,CXO,SYHS7HRDXLL4I0IQ8776,1358071,2009.0,Q3,2009-07-01,2009-09-30,2010-11-04 09:17:25+00:00,0.23,0.23,,54835000.0,0.23,,3907000.0,21824000.0,19762000.0,19762000.0,,19762000.0,25439000.0,153494000.0,,,,,-200000.0,8003000.0,,,12715000.0,25439000.0,128055000.0,6809000.0,79460000.0,48595000.0,-7009000.0,41586000.0,153494000.0,85900000.0,85061000.0,86088000.0
Concho Resources Inc,CXO,SYHS7HRDXLL4I0IQ8776,1358071,2009.0,Q2,2009-04-01,2009-06-30,2010-08-06 08:13:21+00:00,-0.39,-0.39,,52402000.0,-0.39,,5923000.0,-25691000.0,-33218000.0,-33218000.0,,-33218000.0,25817000.0,127332000.0,,,,,180000.0,81907000.0,,,14172000.0,25817000.0,101515000.0,6200000.0,154404000.0,-52889000.0,-6020000.0,-58909000.0,127332000.0,85200000.0,84799000.0,84799000.0
Concho Resources Inc,CXO,SYHS7HRDXLL4I0IQ8776,1358071,2010.0,Q4,2010-10-01,2010-12-31,,-0.14,-0.14,,45327000.0,-0.14,10130000.0,-868000.0,-21976000.0,-8116000.0,-62853000.0,54737000.0,-8116000.0,24249000.0,196064000.0,,,331000.0,,-6415000.0,149515000.0,,,20039000.0,24580000.0,171484000.0,25794000.0,224143000.0,-52620000.0,-32209000.0,-84829000.0,196064000.0,92500000.0,92542000.0,93837000.0
Concho Resources Inc,CXO,SYHS7HRDXLL4I0IQ8776,1358071,2010.0,FY,2010-01-01,2010-12-31,2013-02-22 17:01:13+00:00,2.21,2.21,,211487000.0,2.18,10130000.0,11614000.0,101613000.0,204370000.0,147426000.0,56944000.0,204370000.0,143099000.0,851443000.0,,,870000.0,,-10313000.0,88404000.0,,,66400000.0,143969000.0,707474000.0,60087000.0,388035000.0,319439000.0,-70400000.0,249039000.0,851443000.0,92500000.0,92542000.0,93837000.0
Concho Resources Inc,CXO,SYHS7HRDXLL4I0IQ8776,1358071,2010.0,Q3,2010-07-01,2010-09-30,2010-11-04 09:17:25+00:00,0.23,0.23,,61900000.0,0.22,,5547000.0,10082000.0,20775000.0,20775000.0,,20775000.0,45072000.0,240496000.0,,,,,-3521000.0,66512000.0,,,15045000.0,45072000.0,195424000.0,12036000.0,149004000.0,46414000.0,-15557000.0,30857000.0,240496000.0,90300000.0,91182000.0,92440000.0
Concho Resources Inc,CXO,SYHS7HRDXLL4I0IQ8776,1358071,2010.0,Q3YTD,2010-01-01,2010-09-30,,2.35,2.35,,166160000.0,2.32,,12482000.0,123589000.0,212486000.0,210279000.0,2207000.0,212486000.0,118850000.0,655379000.0,,,539000.0,,-3898000.0,-61111000.0,,,46361000.0,119389000.0,535990000.0,34293000.0,163892000.0,372059000.0,-38191000.0,333868000.0,655379000.0,90300000.0,91182000.0,92440000.0
Concho Resources Inc,CXO,SYHS7HRDXLL4I0IQ8776,1358071,2010.0,Q2,2010-04-01,2010-06-30,2010-08-06 08:13:21+00:00,1.36,1.36,,54101000.0,1.35,,5570000.0,74744000.0,124171000.0,124171000.0,,124171000.0,40448000.0,215710000.0,,,,,-304000.0,-112391000.0,,,17538000.0,40448000.0,175262000.0,11192000.0,-35182000.0,210411000.0,-11496000.0,198915000.0,215710000.0,91300000.0,91044000.0,92297000.0
Concho Resources Inc,CXO,SYHS7HRDXLL4I0IQ8776,1358071,2010.0,Q2YTD,2010-01-01,2010-06-30,,2.12,2.12,,104260000.0,2.1,,6935000.0,113507000.0,191711000.0,189504000.0,2207000.0,191711000.0,73778000.0,414883000.0,,,539000.0,,-377000.0,-127623000.0,,,31316000.0,74317000.0,340566000.0,22257000.0,14888000.0,325645000.0,-22634000.0,303011000.0,414883000.0,91300000.0,91044000.0,92297000.0
Concho Resources Inc,CXO,SYHS7HRDXLL4I0IQ8776,1358071,2010.0,Q1,2010-01-01,2010-03-31,2011-05-06 09:01:03+00:00,0.76,0.76,,50159000.0,0.75,,1365000.0,38763000.0,67540000.0,65333000.0,2207000.0,67540000.0,33330000.0,199173000.0,,,539000.0,,-73000.0,-15232000.0,,,13778000.0,33869000.0,165304000.0,11065000.0,50070000.0,115234000.0,-11138000.0,104096000.0,199173000.0,88900000.0,88831000.0,90130000.0
Concho Resources Inc,CXO,SYHS7HRDXLL4I0IQ8776,1358071,2011.0,Q4,2011-10-01,2011-12-31,,-4.9,-0.81,,95123000.0,-0.82,-3498000.0,10631000.0,-72200000.0,-82825000.0,-120240000.0,37415000.0,-82825000.0,60644000.0,356231000.0,,,,,616000.0,320586000.0,,,31642000.0,60644000.0,295587000.0,34159000.0,454484000.0,-158897000.0,-33543000.0,-192440000.0,356231000.0,438500000.0,102581000.0,103653000.0
Concho Resources Inc,CXO,SYHS7HRDXLL4I0IQ8776,1358071,2011.0,FY,2011-01-01,2011-12-31,2014-02-20 17:55:34+00:00,1.25,5.34,,400022000.0,5.28,,11833000.0,261800000.0,548137000.0,419534000.0,128603000.0,548137000.0,277929000.0,1617771000.0,,,,,-3974000.0,25794000.0,,,98525000.0,277929000.0,1339842000.0,118360000.0,536174000.0,803668000.0,-122334000.0,681334000.0,1617771000.0,438500000.0,102581000.0,103653000.0
Concho Resources Inc,CXO,SYHS7HRDXLL4I0IQ8776,1358071,2011.0,Q3,2011-07-01,2011-09-30,2011-11-03 16:34:59+00:00,3.47,3.47,,115730000.0,3.44,3498000.0,,221199000.0,356205000.0,356205000.0,0.0,356205000.0,84050000.0,454468000.0,,,,,-2503000.0,-384471000.0,,,22873000.0,84050000.0,370418000.0,32881000.0,-242370000.0,612788000.0,-35384000.0,577404000.0,454468000.0,102700000.0,102733000.0,103696000.0
Concho Resources Inc,CXO,SYHS7HRDXLL4I0IQ8776,1358071,2011.0,Q3YTD,2011-01-01,2011-09-30,,6.15,6.15,,304899000.0,6.1,3498000.0,1202000.0,334000000.0,630962000.0,539774000.0,91188000.0,630962000.0,217285000.0,1261540000.0,,,,,-4590000.0,-294792000.0,,,66883000.0,217285000.0,1044255000.0,84201000.0,81690000.0,962565000.0,-88791000.0,873774000.0,1261540000.0,102700000.0,102733000.0,103696000.0
Concho Resources Inc,CXO,SYHS7HRDXLL4I0IQ8776,1358071,2011.0,Q3TTM,2010-10-01,2011-09-30,,6.01,6.01,,350226000.0,5.96,13628000.0,334000.0,312024000.0,622846000.0,476921000.0,145925000.0,622846000.0,241534000.0,1457604000.0,,,331000.0,,-11005000.0,-145277000.0,,,86922000.0,241865000.0,1215739000.0,109995000.0,305833000.0,909945000.0,-121000000.0,788945000.0,1457604000.0,102700000.0,102733000.0,103696000.0
Concho Resources Inc,CXO,SYHS7HRDXLL4I0IQ8776,1358071,2011.0,Q2,2011-04-01,2011-06-30,2011-08-05 15:09:35+00:00,2.26,2.26,,98881000.0,2.24,,476000.0,143270000.0,232182000.0,232182000.0,,232182000.0,69577000.0,446232000.0,,,,,-1735000.0,-144167000.0,,,22618000.0,69577000.0,376655000.0,21660000.0,-22192000.0,398847000.0,-23395000.0,375452000.0,446232000.0,102700000.0,102569000.0,103638000.0
Concho Resources Inc,CXO,SYHS7HRDXLL4I0IQ8776,1358071,2011.0,Q2YTD,2011-01-01,2011-06-30,,2.68,2.68,,189169000.0,2.66,,1202000.0,112801000.0,274757000.0,183569000.0,91188000.0,274757000.0,133235000.0,807072000.0,,,,,-2087000.0,89679000.0,,,44010000.0,133235000.0,673837000.0,51320000.0,324060000.0,349777000.0,-53407000.0,296370000.0,807072000.0,102700000.0,102569000.0,103638000.0
Concho Resources Inc,CXO,SYHS7HRDXLL4I0IQ8776,1358071,2011.0,Q2TTM,2010-07-01,2011-06-30,,2.77,2.77,,296396000.0,2.74,10130000.0,5881000.0,100907000.0,287416000.0,141491000.0,145925000.0,287416000.0,202556000.0,1243632000.0,,,331000.0,,-12023000.0,305706000.0,,,79094000.0,202887000.0,1040745000.0,89150000.0,697207000.0,343571000.0,-101173000.0,242398000.0,1243632000.0,102700000.0,102569000.0,103638000.0
Concho Resources Inc,CXO,SYHS7HRDXLL4I0IQ8776,1358071,2011.0,Q1,2011-01-01,2011-03-31,2011-05-06 09:01:03+00:00,0.42,0.42,,90288000.0,0.42,,726000.0,-30469000.0,42575000.0,-48613000.0,91188000.0,42575000.0,63658000.0,360840000.0,,,,,-352000.0,233846000.0,,,21392000.0,63658000.0,297182000.0,29660000.0,346252000.0,-49070000.0,-30012000.0,-79082000.0,360840000.0,101400000.0,102242000.0,102242000.0
Concho Resources Inc,CXO,SYHS7HRDXLL4I0IQ8776,1358071,2011.0,Q1TTM,2010-04-01,2011-03-31,,1.87,1.87,,251616000.0,1.85,10130000.0,10975000.0,32381000.0,179405000.0,33480000.0,145925000.0,179405000.0,173427000.0,1013110000.0,,,331000.0,,-10592000.0,337482000.0,,,74014000.0,173758000.0,839352000.0,78682000.0,684217000.0,155135000.0,-89274000.0,65861000.0,1013110000.0,101400000.0,102242000.0,102242000.0
Concho Resources Inc,CXO,SYHS7HRDXLL4I0IQ8776,1358071,2012.0,Q4,2012-10-01,2012-12-31,,-3.24,0.72,,140188000.0,0.72,-27335000.0,39840000.0,30206000.0,75287000.0,51828000.0,23459000.0,75287000.0,67238000.0,381666000.0,,,,,-3670000.0,-17169000.0,,,39568000.0,67238000.0,314428000.0,53632000.0,175092000.0,139336000.0,-57302000.0,82034000.0,381666000.0,1962200000.0,103190000.0,103190000.0
Concho Resources Inc,CXO,SYHS7HRDXLL4I0IQ8776,1358071,2012.0,FY,2012-01-01,2012-12-31,2015-02-26 08:41:52+00:00,0.22,4.18,,575128000.0,4.15,,39840000.0,251041000.0,431689000.0,408230000.0,23459000.0,431689000.0,343743000.0,1819814000.0,,,,,-8587000.0,-123256000.0,,,133796000.0,343743000.0,1476071000.0,182705000.0,625508000.0,850563000.0,-191292000.0,659271000.0,1819814000.0,1962200000.0,103190000.0,103190000.0
Concho Resources Inc,CXO,SYHS7HRDXLL4I0IQ8776,1358071,2012.0,Q3,2012-07-01,2012-09-30,2012-11-08 17:14:57+00:00,0.06,0.06,,157621000.0,0.06,6958000.0,0.0,4155000.0,5988000.0,5988000.0,0.0,5988000.0,96666000.0,497547000.0,,,,,-3114000.0,136835000.0,,,34873000.0,96666000.0,400881000.0,51337000.0,336287000.0,64594000.0,-54451000.0,10143000.0,497547000.0,99800000.0,103292000.0,104040000.0
Concho Resources Inc,CXO,SYHS7HRDXLL4I0IQ8776,1358071,2012.0,Q3YTD,2012-01-01,2012-09-30,,3.46,3.46,,434940000.0,3.43,27335000.0,,220835000.0,356402000.0,356402000.0,,356402000.0,276505000.0,1438148000.0,,,,,-4917000.0,-106087000.0,,,94228000.0,276505000.0,1161643000.0,129073000.0,450416000.0,711227000.0,-133990000.0,577237000.0,1438148000.0,99800000.0,103292000.0,104040000.0
Concho Resources Inc,CXO,SYHS7HRDXLL4I0IQ8776,1358071,2012.0,Q3TTM,2011-10-01,2012-09-30,,-1.44,2.65,,530063000.0,2.61,23837000.0,10631000.0,148635000.0,273577000.0,236162000.0,37415000.0,273577000.0,337149000.0,1794379000.0,,,,,-4301000.0,214499000.0,,,125870000.0,337149000.0,1457230000.0,163232000.0,904900000.0,552330000.0,-167533000.0,384797000.0,1794379000.0,99800000.0,103292000.0,104040000.0
Concho Resources Inc,CXO,SYHS7HRDXLL4I0IQ8776,1358071,2012.0,Q2,2012-04-01,2012-06-30,2012-08-08 06:11:19+00:00,3.1,3.1,,141450000.0,3.07,14398000.0,,197563000.0,319297000.0,319297000.0,,319297000.0,87689000.0,432796000.0,,,,,-535000.0,-402003000.0,,,31968000.0,87689000.0,345107000.0,41899000.0,-214187000.0,559294000.0,-42434000.0,516860000.0,432796000.0,103000000.0,103114000.0,103880000.0
Concho Resources Inc,CXO,SYHS7HRDXLL4I0IQ8776,1358071,2012.0,Q2YTD,2012-01-01,2012-06-30,,3.4,3.4,,277319000.0,3.37,20377000.0,,216680000.0,350414000.0,350414000.0,,350414000.0,179839000.0,940601000.0,,,,,-1803000.0,-242922000.0,,,59355000.0,179839000.0,760762000.0,77736000.0,114129000.0,646633000.0,-79539000.0,567094000.0,940601000.0,103000000.0,103114000.0,103880000.0
Concho Resources Inc,CXO,SYHS7HRDXLL4I0IQ8776,1358071,2012.0,Q2TTM,2011-07-01,2012-06-30,,1.97,6.06,,488172000.0,5.99,20377000.0,10631000.0,365679000.0,623794000.0,586379000.0,37415000.0,623794000.0,324533000.0,1751300000.0,,,,,-3690000.0,-306807000.0,,,113870000.0,324533000.0,1426767000.0,144776000.0,326243000.0,1100524000.0,-148466000.0,952058000.0,1751300000.0,103000000.0,103114000.0,103880000.0
Concho Resources Inc,CXO,SYHS7HRDXLL4I0IQ8776,1358071,2012.0,Q1,2012-01-01,2012-03-31,2012-05-03 16:17:32+00:00,0.3,0.3,,135869000.0,0.3,5979000.0,,19117000.0,31117000.0,31117000.0,,31117000.0,92150000.0,507805000.0,,,,,-1268000.0,159081000.0,,,27387000.0,92150000.0,415655000.0,35837000.0,328316000.0,87339000.0,-37105000.0,50234000.0,507805000.0,103700000.0,102854000.0,103770000.0
Concho Resources Inc,CXO,SYHS7HRDXLL4I0IQ8776,1358071,2012.0,Q1TTM,2011-04-01,2012-03-31,,1.13,5.22,,445603000.0,5.16,5979000.0,11107000.0,311386000.0,536679000.0,499264000.0,37415000.0,536679000.0,306421000.0,1764736000.0,,,,,-4890000.0,-48971000.0,,,104520000.0,306421000.0,1458315000.0,124537000.0,518238000.0,940077000.0,-129427000.0,810650000.0,1764736000.0,103700000.0,102854000.0,103770000.0
Concho Resources Inc,CXO,SYHS7HRDXLL4I0IQ8776,1358071,2013.0,Q4,2013-10-01,2013-12-31,,-0.18,1.0,,214833000.0,1.0,-37797000.0,109549000.0,32214000.0,105789000.0,105789000.0,,105789000.0,127141000.0,632086000.0,,,,,-11275000.0,-32014000.0,,,44695000.0,127141000.0,504945000.0,56401000.0,299266000.0,205679000.0,-67676000.0,138003000.0,632086000.0,2281800000.0,103744000.0,103744000.0
Concho Resources Inc,CXO,SYHS7HRDXLL4I0IQ8776,1358071,2013.0,FY,2013-01-01,2013-12-31,2015-02-26 08:41:52+00:00,0.11,2.39,,772608000.0,2.39,,174924000.0,118237000.0,251003000.0,238922000.0,12081000.0,251003000.0,455436000.0,2319919000.0,,,,,-13081000.0,129699000.0,,,169815000.0,455436000.0,1864483000.0,247197000.0,1247046000.0,617437000.0,-260278000.0,357159000.0,2319919000.0,2281800000.0,103744000.0,103744000.0
Concho Resources Inc,CXO,SYHS7HRDXLL4I0IQ8776,1358071,2013.0,Q3,2013-07-01,2013-09-30,2013-11-07 16:37:31+00:00,0.0,0.29,,200625000.0,0.29,10992000.0,0.0,21695000.0,30421000.0,30421000.0,0.0,30421000.0,120231000.0,652920000.0,,,,,-1941000.0,170184000.0,,,40836000.0,120231000.0,532689000.0,55995000.0,422637000.0,110052000.0,-57936000.0,52116000.0,652920000.0,,103801000.0,103801000.0
Concho Resources Inc,CXO,SYHS7HRDXLL4I0IQ8776,1358071,2013.0,Q3YTD,2013-01-01,2013-09-30,,0.29,1.39,,557775000.0,1.39,37797000.0,65375000.0,86023000.0,145214000.0,133133000.0,12081000.0,145214000.0,328295000.0,1687833000.0,,,,,-1806000.0,161713000.0,,,125120000.0,328295000.0,1359538000.0,190796000.0,947780000.0,411758000.0,-192602000.0,219156000.0,1687833000.0,,103801000.0,103801000.0
Concho Resources Inc,CXO,SYHS7HRDXLL4I0IQ8776,1358071,2013.0,Q3TTM,2012-10-01,2013-09-30,,-2.95,2.11,,697963000.0,2.11,10462000.0,105215000.0,116229000.0,220501000.0,184961000.0,35540000.0,220501000.0,395533000.0,2069499000.0,,,,,-5476000.0,144544000.0,,,164688000.0,395533000.0,1673966000.0,244428000.0,1122872000.0,551094000.0,-249904000.0,301190000.0,2069499000.0,,103801000.0,103801000.0
Concho Resources Inc,CXO,SYHS7HRDXLL4I0IQ8776,1358071,2013.0,Q2,2013-04-01,2013-06-30,2013-08-08 16:58:45+00:00,0.0,0.81,,188730000.0,0.81,8398000.0,65375000.0,53351000.0,84700000.0,85153000.0,-453000.0,84700000.0,107219000.0,562786000.0,,,,,244000.0,-68882000.0,,,40991000.0,107219000.0,455567000.0,82695000.0,234612000.0,220955000.0,-82451000.0,138504000.0,562786000.0,,103734000.0,103734000.0
Concho Resources Inc,CXO,SYHS7HRDXLL4I0IQ8776,1358071,2013.0,Q2YTD,2013-01-01,2013-06-30,,0.29,1.1,,357150000.0,1.1,26805000.0,65375000.0,64328000.0,114793000.0,102712000.0,12081000.0,114793000.0,208064000.0,1034913000.0,,,,,135000.0,-8471000.0,,,84284000.0,208064000.0,826849000.0,134801000.0,525143000.0,301706000.0,-134666000.0,167040000.0,1034913000.0,,103734000.0,103734000.0
Concho Resources Inc,CXO,SYHS7HRDXLL4I0IQ8776,1358071,2013.0,Q2TTM,2012-07-01,2013-06-30,,-2.89,1.88,,654959000.0,1.88,6428000.0,105215000.0,98689000.0,196068000.0,160528000.0,35540000.0,196068000.0,371968000.0,1914126000.0,,,,,-6649000.0,111195000.0,,,158725000.0,371968000.0,1542158000.0,239770000.0,1036522000.0,505636000.0,-246419000.0,259217000.0,1914126000.0,,103734000.0,103734000.0
Concho Resources Inc,CXO,SYHS7HRDXLL4I0IQ8776,1358071,2013.0,Q1,2013-01-01,2013-03-31,2013-07-03 16:49:17+00:00,0.29,0.29,,168420000.0,0.29,18407000.0,,10977000.0,30093000.0,17559000.0,12534000.0,30093000.0,100845000.0,472127000.0,,,,,-109000.0,60411000.0,,,43293000.0,100845000.0,371282000.0,52106000.0,290531000.0,80751000.0,-52215000.0,28536000.0,472127000.0,103800000.0,103631000.0,104345000.0
Concho Resources Inc,CXO,SYHS7HRDXLL4I0IQ8776,1358071,2013.0,Q1TTM,2012-04-01,2013-03-31,,0.21,4.17,,607679000.0,4.14,12428000.0,39840000.0,242901000.0,430665000.0,394672000.0,35993000.0,430665000.0,352438000.0,1784136000.0,,,,,-7428000.0,-221926000.0,,,149702000.0,352438000.0,1431698000.0,198974000.0,587723000.0,843975000.0,-206402000.0,637573000.0,1784136000.0,103800000.0,103631000.0,104345000.0
Concho Resources Inc,CXO,SYHS7HRDXLL4I0IQ8776,1358071,2014.0,FY,2014-01-01,2014-12-31,2017-02-22 16:35:17+00:00,4.89,4.89,,979740000.0,4.88,284821000.0,447151000.0,317785000.0,538175000.0,538175000.0,,538175000.0,538374000.0,2660147000.0,,,,,-3500000.0,-874537000.0,,,204161000.0,538374000.0,2121773000.0,220977000.0,1041336000.0,1080437000.0,-224477000.0,855960000.0,2660147000.0,108844000.0,108844000.0,108844000.0
Concho Resources Inc,CXO,SYHS7HRDXLL4I0IQ8776,1358071,2014.0,Q4,2014-10-01,2014-12-31,,1.21,1.21,,264138000.0,1.21,267839000.0,378012000.0,69032000.0,129896000.0,129896000.0,,129896000.0,135781000.0,594223000.0,,,,,3333000.0,-753792000.0,,,54113000.0,135781000.0,458442000.0,52537000.0,210310000.0,248132000.0,-49204000.0,198928000.0,594223000.0,108844000.0,108844000.0,108844000.0
Concho Resources Inc,CXO,SYHS7HRDXLL4I0IQ8776,1358071,2014.0,Q3,2014-07-01,2014-09-30,2015-11-05 16:17:30+00:00,2.7,2.7,,256765000.0,2.69,16982000.0,15476000.0,186363000.0,305203000.0,305203000.0,,305203000.0,140725000.0,700263000.0,,,,,2155000.0,-324460000.0,,,52763000.0,140725000.0,559538000.0,52601000.0,17526000.0,542012000.0,-50446000.0,491566000.0,700263000.0,111680000.0,111680000.0,111680000.0
Concho Resources Inc,CXO,SYHS7HRDXLL4I0IQ8776,1358071,2014.0,Q3YTD,2014-01-01,2014-09-30,,3.68,3.68,,715602000.0,3.67,16982000.0,69139000.0,248753000.0,408279000.0,408279000.0,,408279000.0,402593000.0,2065924000.0,,,,,-6833000.0,-120745000.0,,,150048000.0,402593000.0,1663331000.0,168440000.0,831026000.0,832305000.0,-175273000.0,657032000.0,2065924000.0,111680000.0,111680000.0,111680000.0
Concho Resources Inc,CXO,SYHS7HRDXLL4I0IQ8776,1358071,2014.0,Q3TTM,2013-10-01,2014-09-30,,3.5,4.68,,930435000.0,4.67,-20815000.0,178688000.0,280967000.0,514068000.0,514068000.0,,514068000.0,529734000.0,2698010000.0,,,,,-18108000.0,-152759000.0,,,194743000.0,529734000.0,2168276000.0,224841000.0,1130292000.0,1037984000.0,-242949000.0,795035000.0,2698010000.0,111680000.0,111680000.0,111680000.0
Concho Resources Inc,CXO,SYHS7HRDXLL4I0IQ8776,1358071,2014.0,Q2YTD,2014-01-01,2014-06-30,,0.98,0.98,,458837000.0,0.98,,53663000.0,62390000.0,103076000.0,103076000.0,,103076000.0,261868000.0,1365661000.0,,,,,-8988000.0,203715000.0,,,97285000.0,261868000.0,1103793000.0,115839000.0,813500000.0,290293000.0,-124827000.0,165466000.0,1365661000.0,107733000.0,107733000.0,107733000.0
Concho Resources Inc,CXO,SYHS7HRDXLL4I0IQ8776,1358071,2014.0,Q2TTM,2013-07-01,2014-06-30,,0.8,2.27,,874295000.0,2.27,-26805000.0,163212000.0,116299000.0,239286000.0,239286000.0,,239286000.0,509240000.0,2650667000.0,,,,,-22204000.0,341885000.0,,,182816000.0,509240000.0,2141427000.0,228235000.0,1535403000.0,606024000.0,-250439000.0,355585000.0,2650667000.0,107733000.0,107733000.0,107733000.0
Concho Resources Inc,CXO,SYHS7HRDXLL4I0IQ8776,1358071,2014.0,Q2,2014-04-01,2014-06-30,2015-07-30 16:18:48+00:00,0.11,0.11,,237445000.0,0.11,,28288000.0,7059000.0,11769000.0,11769000.0,,11769000.0,134944000.0,704702000.0,,,,,-9529000.0,166429000.0,,,49535000.0,134944000.0,569758000.0,59704000.0,481697000.0,88061000.0,-69233000.0,18828000.0,704702000.0,107733000.0,107733000.0,107733000.0
Concho Resources Inc,CXO,SYHS7HRDXLL4I0IQ8776,1358071,2014.0,Q1,2014-01-01,2014-03-31,2015-05-05 16:17:33+00:00,0.87,0.87,,221392000.0,0.87,,25375000.0,55331000.0,91307000.0,91307000.0,,91307000.0,126924000.0,660959000.0,,,,,541000.0,37286000.0,,,47750000.0,126924000.0,534035000.0,56135000.0,331803000.0,202232000.0,-55594000.0,146638000.0,660959000.0,103949000.0,103949000.0,103949000.0
Concho Resources Inc,CXO,SYHS7HRDXLL4I0IQ8776,1358071,2014.0,Q1TTM,2013-04-01,2014-03-31,,0.69,2.97,,825580000.0,2.97,-18407000.0,200299000.0,162591000.0,312217000.0,312670000.0,-453000.0,312217000.0,481515000.0,2508751000.0,,,,,-12431000.0,106574000.0,,,174272000.0,481515000.0,2027236000.0,251226000.0,1288318000.0,738918000.0,-263657000.0,475261000.0,2508751000.0,103949000.0,103949000.0,103949000.0
Concho Resources Inc,CXO,SYHS7HRDXLL4I0IQ8776,1358071,2015.0,FY,2015-01-01,2015-12-31,2018-02-21 16:24:34+00:00,0.54,0.54,,1223000000.0,0.54,59000000.0,61000000.0,31000000.0,66000000.0,66000000.0,,66000000.0,390000000.0,1804000000.0,,,,,-15000000.0,-541000000.0,54000000.0,,231000000.0,390000000.0,1414000000.0,215000000.0,1087000000.0,327000000.0,-230000000.0,97000000.0,1804000000.0,119926000.0,119926000.0,119926000.0
Concho Resources Inc,CXO,SYHS7HRDXLL4I0IQ8776,1358071,2015.0,Q3,2015-07-01,2015-09-30,2016-11-09 09:02:38+00:00,1.49,1.49,,329467000.0,1.49,14791000.0,7588000.0,91873000.0,179659000.0,179659000.0,,179659000.0,138125000.0,463474000.0,,,,,524000.0,-411309000.0,,,60052000.0,138125000.0,325349000.0,53752000.0,589000.0,324760000.0,-53228000.0,271532000.0,463474000.0,119058000.0,119058000.0,119058000.0
Concho Resources Inc,CXO,SYHS7HRDXLL4I0IQ8776,1358071,2015.0,Q3YTD,2015-01-01,2015-09-30,,0.54,0.54,,901474000.0,0.53,32566000.0,7588000.0,25315000.0,66688000.0,66688000.0,,66688000.0,405925000.0,1414421000.0,,,,,-7914000.0,-373628000.0,,,179776000.0,405925000.0,1008496000.0,160803000.0,747776000.0,260681000.0,-168717000.0,92003000.0,1414421000.0,119058000.0,119058000.0,119058000.0
Concho Resources Inc,CXO,SYHS7HRDXLL4I0IQ8776,1358071,2015.0,Q3TTM,2014-10-01,2015-09-30,,1.75,1.75,,1165612000.0,1.74,300405000.0,385600000.0,94347000.0,196584000.0,196584000.0,,196584000.0,541706000.0,2008644000.0,,,,,-4581000.0,-1127420000.0,,,233889000.0,541706000.0,1466938000.0,213340000.0,958086000.0,508813000.0,-217921000.0,290931000.0,2008644000.0,119058000.0,119058000.0,119058000.0
Concho Resources Inc,CXO,SYHS7HRDXLL4I0IQ8776,1358071,2015.0,Q2,2015-04-01,2015-06-30,2016-08-03 16:34:41+00:00,-1.02,-1.02,,304802000.0,-1.02,12020000.0,0.0,-70708000.0,-120483000.0,-120483000.0,,-120483000.0,142265000.0,537425000.0,,,,,-4097000.0,151027000.0,,,60923000.0,142265000.0,395160000.0,53482000.0,528772000.0,-133612000.0,-57579000.0,-191191000.0,537425000.0,117637000.0,117637000.0,117637000.0
Concho Resources Inc,CXO,SYHS7HRDXLL4I0IQ8776,1358071,2015.0,Q2YTD,2015-01-01,2015-06-30,,-0.95,-0.95,,572007000.0,-0.96,17775000.0,,-66558000.0,-112971000.0,-112971000.0,,-112971000.0,267800000.0,950947000.0,,,,,-8438000.0,37681000.0,,,119724000.0,267800000.0,683147000.0,107051000.0,747187000.0,-64079000.0,-115489000.0,-179529000.0,950947000.0,117637000.0,117637000.0,117637000.0
Concho Resources Inc,CXO,SYHS7HRDXLL4I0IQ8776,1358071,2015.0,Q2TTM,2014-07-01,2015-06-30,,2.96,2.96,,1092910000.0,2.94,302596000.0,393488000.0,188837000.0,322128000.0,322128000.0,,322128000.0,544306000.0,2245433000.0,,,,,-2950000.0,-1040571000.0,,,226600000.0,544306000.0,1701127000.0,212189000.0,975023000.0,726065000.0,-215139000.0,510965000.0,2245433000.0,117637000.0,117637000.0,117637000.0
Concho Resources Inc,CXO,SYHS7HRDXLL4I0IQ8776,1358071,2015.0,Q1,2015-01-01,2015-03-31,2016-05-05 16:18:49+00:00,0.07,0.07,,267205000.0,0.06,5755000.0,0.0,4150000.0,7512000.0,7512000.0,,7512000.0,125535000.0,413522000.0,,,,,-4341000.0,-113346000.0,,,58801000.0,125535000.0,287987000.0,53569000.0,218415000.0,69533000.0,-57910000.0,11662000.0,413522000.0,107300000.0,107300000.0,125200000.0
Concho Resources Inc,CXO,SYHS7HRDXLL4I0IQ8776,1358071,2015.0,Q1TTM,2014-04-01,2015-03-31,,4.09,4.09,,1025553000.0,4.07,290576000.0,421776000.0,266604000.0,454380000.0,454380000.0,,454380000.0,536985000.0,2412710000.0,,,,,-8382000.0,-1025169000.0,,,215212000.0,536985000.0,1875725000.0,218411000.0,927948000.0,947738000.0,-226793000.0,720984000.0,2412710000.0,107300000.0,107300000.0,125200000.0
Concho Resources Inc,CXO,SYHS7HRDXLL4I0IQ8776,1358071,2016.0,FY,2016-01-01,2016-12-31,2018-02-21 16:24:34+00:00,-10.85,-10.85,,1167000000.0,-10.85,77000000.0,1525000000.0,-876000000.0,-1462000000.0,-1462000000.0,,-1462000000.0,320000000.0,1635000000.0,,,,,-9000000.0,507000000.0,-118000000.0,,226000000.0,320000000.0,1315000000.0,260000000.0,3384000000.0,-2069000000.0,-269000000.0,-2338000000.0,1635000000.0,134755000.0,134755000.0,134755000.0
Concho Resources Inc,CXO,SYHS7HRDXLL4I0IQ8776,1358071,2016.0,Q4,2016-10-01,2016-12-31,,-0.48,-0.48,,277000000.0,-0.48,23000000.0,,-94000000.0,-176000000.0,-176000000.0,,-176000000.0,80000000.0,525000000.0,,,,-51000000.0,,346000000.0,-118000000.0,,66000000.0,80000000.0,445000000.0,70000000.0,594000000.0,-149000000.0,-70000000.0,-219000000.0,525000000.0,134755000.0,134755000.0,134755000.0
Concho Resources Inc,CXO,SYHS7HRDXLL4I0IQ8776,1358071,2016.0,Q3,2016-07-01,2016-09-30,2017-11-01 16:31:50+00:00,-0.38,-0.38,,299000000.0,-0.38,10000000.0,0.0,-30000000.0,,0.0,0.0,,71000000.0,430000000.0,,,0.0,51000000.0,-2000000.0,-5000000.0,,,53000000.0,71000000.0,359000000.0,81000000.0,357000000.0,2000000.0,-83000000.0,-81000000.0,430000000.0,,,
Concho Resources Inc,CXO,SYHS7HRDXLL4I0IQ8776,1358071,2016.0,Q3YTD,2016-01-01,2016-09-30,,-10.37,-10.37,,890000000.0,-10.37,54000000.0,1525000000.0,-782000000.0,-1286000000.0,-1286000000.0,,-1286000000.0,240000000.0,1110000000.0,,,,51000000.0,-9000000.0,161000000.0,,,160000000.0,240000000.0,870000000.0,190000000.0,2790000000.0,-1920000000.0,-199000000.0,-2119000000.0,1110000000.0,,,
Concho Resources Inc,CXO,SYHS7HRDXLL4I0IQ8776,1358071,2016.0,Q3TTM,2015-10-01,2016-09-30,,-10.37,-10.37,,1211526000.0,-10.36,80434000.0,1578412000.0,-776315000.0,-1286688000.0,-1286688000.0,,-1286688000.0,224075000.0,1499579000.0,,,,51000000.0,-16086000.0,-6372000.0,54000000.0,,211224000.0,224075000.0,1275504000.0,244197000.0,3129224000.0,-1853681000.0,-260283000.0,-2114003000.0,1499579000.0,,,
Concho Resources Inc,CXO,SYHS7HRDXLL4I0IQ8776,1358071,2016.0,Q2,2016-04-01,2016-06-30,2017-08-03 16:19:07+00:00,-2.04,-2.04,,281000000.0,-2.04,21000000.0,0.0,-158000000.0,-266000000.0,-266000000.0,,-266000000.0,77000000.0,396000000.0,,,,,0.0,333000000.0,,,53000000.0,77000000.0,319000000.0,55000000.0,688000000.0,-369000000.0,-55000000.0,-424000000.0,396000000.0,130400000.0,130400000.0,130400000.0
Concho Resources Inc,CXO,SYHS7HRDXLL4I0IQ8776,1358071,2016.0,Q2YTD,2016-01-01,2016-06-30,,-9.99,-9.99,,591000000.0,-9.99,44000000.0,1525000000.0,-752000000.0,-1286000000.0,-1286000000.0,,-1286000000.0,169000000.0,680000000.0,,,,,-7000000.0,166000000.0,,,107000000.0,169000000.0,511000000.0,109000000.0,2433000000.0,-1922000000.0,-116000000.0,-2038000000.0,680000000.0,130400000.0,130400000.0,130400000.0
Concho Resources Inc,CXO,SYHS7HRDXLL4I0IQ8776,1358071,2016.0,Q2TTM,2015-07-01,2016-06-30,,-8.5,-8.5,,1241993000.0,-8.49,85225000.0,1586000000.0,-654442000.0,-1107029000.0,-1107029000.0,,-1107029000.0,291200000.0,1533053000.0,,,,,-13562000.0,-412681000.0,54000000.0,,218276000.0,291200000.0,1241853000.0,216949000.0,2772813000.0,-1530921000.0,-230511000.0,-1761471000.0,1533053000.0,130400000.0,130400000.0,130400000.0
Concho Resources Inc,CXO,SYHS7HRDXLL4I0IQ8776,1358071,2016.0,Q1,2016-01-01,2016-03-31,2017-05-04 16:36:15+00:00,-7.95,-7.95,,310000000.0,-7.95,23000000.0,1525000000.0,-594000000.0,-1020000000.0,-1020000000.0,,-1020000000.0,92000000.0,284000000.0,,,,,-7000000.0,-167000000.0,,,54000000.0,92000000.0,192000000.0,54000000.0,1745000000.0,-1553000000.0,-61000000.0,-1614000000.0,284000000.0,128396000.0,128396000.0,128396000.0
Concho Resources Inc,CXO,SYHS7HRDXLL4I0IQ8776,1358071,2016.0,Q1TTM,2015-04-01,2016-03-31,,-7.48,-7.48,,1265795000.0,-7.47,76245000.0,1586000000.0,-567150000.0,-961512000.0,-961512000.0,,-961512000.0,356465000.0,1674478000.0,,,,,-17659000.0,-594654000.0,54000000.0,,226199000.0,356465000.0,1318013000.0,215431000.0,2613585000.0,-1295533000.0,-233090000.0,-1528662000.0,1674478000.0,128396000.0,128396000.0,128396000.0
Concho Resources Inc,CXO,SYHS7HRDXLL4I0IQ8776,1358071,2017.0,FY,2017-01-01,2017-12-31,2020-02-19 16:09:53+00:00,6.44,6.44,,1146000000.0,6.41,59000000.0,0.0,-75000000.0,956000000.0,956000000.0,,956000000.0,408000000.0,494000000.0,,,,,22000000.0,-1759000000.0,-678000000.0,3000000.0,244000000.0,408000000.0,86000000.0,212000000.0,-985000000.0,1071000000.0,-190000000.0,881000000.0,494000000.0,147320000.0,147320000.0,147320000.0
Concho Resources Inc,CXO,SYHS7HRDXLL4I0IQ8776,1358071,2017.0,Q4,2017-10-01,2017-12-31,,1.03,1.8,,298000000.0,1.79,10000000.0,,-473000000.0,267000000.0,154000000.0,,154000000.0,221000000.0,-685000000.0,113000000.0,113000000.0,,-113000000.0,27000000.0,-655000000.0,-678000000.0,3000000.0,,221000000.0,-906000000.0,-76000000.0,-647000000.0,-105000000.0,-126000000.0,-206000000.0,-685000000.0,147320000.0,147320000.0,147320000.0
Concho Resources Inc,CXO,SYHS7HRDXLL4I0IQ8776,1358071,2017.0,Q3YTD,2017-01-01,2017-09-30,,4.64,4.64,,848000000.0,4.62,42000000.0,,398000000.0,689000000.0,689000000.0,,689000000.0,293000000.0,1806000000.0,,,,,18000000.0,-810000000.0,,,180000000.0,293000000.0,1513000000.0,184000000.0,260000000.0,1253000000.0,-166000000.0,1087000000.0,1806000000.0,147557000.0,147557000.0,147557000.0
Concho Resources Inc,CXO,SYHS7HRDXLL4I0IQ8776,1358071,2017.0,Q3TTM,2016-10-01,2017-09-30,,4.16,4.16,,1125000000.0,4.14,65000000.0,,304000000.0,564000000.0,564000000.0,,564000000.0,373000000.0,2331000000.0,,,,,18000000.0,-464000000.0,-118000000.0,,246000000.0,373000000.0,1958000000.0,254000000.0,854000000.0,1104000000.0,-236000000.0,868000000.0,2331000000.0,147557000.0,147557000.0,147557000.0
Concho Resources Inc,CXO,SYHS7HRDXLL4I0IQ8776,1358071,2017.0,Q2,2017-04-01,2017-06-30,2018-08-02 16:25:30+00:00,1.02,1.02,,281000000.0,1.02,20000000.0,,93000000.0,152000000.0,152000000.0,,152000000.0,100000000.0,567000000.0,,,,,16000000.0,-163000000.0,,,60000000.0,100000000.0,467000000.0,40000000.0,198000000.0,269000000.0,-24000000.0,245000000.0,567000000.0,147304000.0,147304000.0,147304000.0
Concho Resources Inc,CXO,SYHS7HRDXLL4I0IQ8776,1358071,2017.0,Q2YTD,2017-01-01,2017-06-30,,5.41,5.41,,564000000.0,5.39,35000000.0,,464000000.0,802000000.0,802000000.0,,802000000.0,187000000.0,1179000000.0,,,,,16000000.0,-1053000000.0,,,116000000.0,187000000.0,992000000.0,80000000.0,-338000000.0,1330000000.0,-64000000.0,1266000000.0,1179000000.0,147304000.0,147304000.0,147304000.0
Concho Resources Inc,CXO,SYHS7HRDXLL4I0IQ8776,1358071,2017.0,Q2TTM,2016-07-01,2017-06-30,,4.55,4.55,,1140000000.0,4.53,68000000.0,,340000000.0,626000000.0,626000000.0,,626000000.0,338000000.0,2134000000.0,,,,,14000000.0,-712000000.0,-118000000.0,,235000000.0,338000000.0,1796000000.0,231000000.0,613000000.0,1183000000.0,-217000000.0,966000000.0,2134000000.0,147304000.0,147304000.0,147304000.0
Concho Resources Inc,CXO,SYHS7HRDXLL4I0IQ8776,1358071,2017.0,Q1,2017-01-01,2017-03-31,2018-05-02 16:27:23+00:00,4.39,4.39,,283000000.0,4.37,15000000.0,,371000000.0,650000000.0,650000000.0,,650000000.0,87000000.0,612000000.0,,,,,0.0,-890000000.0,,,56000000.0,87000000.0,525000000.0,40000000.0,-536000000.0,1061000000.0,-40000000.0,1021000000.0,612000000.0,146838000.0,146838000.0,146838000.0
Concho Resources Inc,CXO,SYHS7HRDXLL4I0IQ8776,1358071,2017.0,Q1TTM,2016-04-01,2017-03-31,,1.49,1.49,,1140000000.0,1.47,69000000.0,,89000000.0,208000000.0,208000000.0,,208000000.0,315000000.0,1963000000.0,,,,,-2000000.0,-216000000.0,-118000000.0,,228000000.0,315000000.0,1648000000.0,246000000.0,1103000000.0,545000000.0,-248000000.0,297000000.0,1963000000.0,146838000.0,146838000.0,146838000.0
Concho Resources Inc,CXO,SYHS7HRDXLL4I0IQ8776,1358071,2018.0,FY,2018-01-01,2018-12-31,2020-02-19 16:09:53+00:00,13.28,13.28,,1478000000.0,13.25,65000000.0,0.0,603000000.0,2286000000.0,2286000000.0,,2286000000.0,645000000.0,708000000.0,,,,,108000000.0,-3960000000.0,-800000000.0,39000000.0,311000000.0,645000000.0,63000000.0,149000000.0,-2867000000.0,2930000000.0,-41000000.0,2889000000.0,708000000.0,170925000.0,170925000.0,170925000.0
Concho Resources Inc,CXO,SYHS7HRDXLL4I0IQ8776,1358071,2018.0,Q4,2018-10-01,2018-12-31,,7.81,7.81,,445000000.0,7.8,29000000.0,,378000000.0,1513000000.0,1513000000.0,,1513000000.0,193000000.0,169000000.0,,,,,,-1725000000.0,-800000000.0,,90000000.0,193000000.0,-24000000.0,46000000.0,-1961000000.0,1937000000.0,-46000000.0,1891000000.0,169000000.0,170925000.0,170925000.0,170925000.0
Concho Resources Inc,CXO,SYHS7HRDXLL4I0IQ8776,1358071,2018.0,Q3,2018-07-01,2018-09-30,2019-10-30 16:06:05+00:00,-1.05,-1.05,,406000000.0,-1.05,10000000.0,0.0,-69000000.0,-199000000.0,-199000000.0,,-199000000.0,172000000.0,235000000.0,,,,,3000000.0,-235000000.0,,23000000.0,84000000.0,172000000.0,63000000.0,46000000.0,288000000.0,-225000000.0,-43000000.0,-268000000.0,235000000.0,188953000.0,188953000.0,188953000.0
Concho Resources Inc,CXO,SYHS7HRDXLL4I0IQ8776,1358071,2018.0,Q3YTD,2018-01-01,2018-09-30,,5.47,5.47,,1033000000.0,5.45,36000000.0,,225000000.0,773000000.0,773000000.0,,773000000.0,452000000.0,539000000.0,,,,,108000000.0,-2235000000.0,,39000000.0,221000000.0,452000000.0,87000000.0,103000000.0,-906000000.0,993000000.0,5000000.0,998000000.0,539000000.0,188953000.0,188953000.0,188953000.0
Concho Resources Inc,CXO,SYHS7HRDXLL4I0IQ8776,1358071,2018.0,Q3TTM,2017-10-01,2018-09-30,,6.5,7.27,,1331000000.0,7.24,46000000.0,,-248000000.0,1040000000.0,927000000.0,,927000000.0,673000000.0,-146000000.0,113000000.0,113000000.0,,-113000000.0,135000000.0,-2890000000.0,-678000000.0,42000000.0,221000000.0,673000000.0,-819000000.0,27000000.0,-1553000000.0,888000000.0,-121000000.0,792000000.0,-146000000.0,188953000.0,188953000.0,188953000.0
Concho Resources Inc,CXO,SYHS7HRDXLL4I0IQ8776,1358071,2018.0,Q2,2018-04-01,2018-06-30,2019-08-01 16:07:02+00:00,0.92,0.92,,310000000.0,0.92,8000000.0,0.0,40000000.0,137000000.0,137000000.0,,137000000.0,139000000.0,150000000.0,,,,,1000000.0,-591000000.0,,9000000.0,72000000.0,139000000.0,11000000.0,27000000.0,-192000000.0,203000000.0,-26000000.0,177000000.0,150000000.0,148900000.0,148900000.0,148900000.0
Concho Resources Inc,CXO,SYHS7HRDXLL4I0IQ8776,1358071,2018.0,Q2YTD,2018-01-01,2018-06-30,,6.52,6.52,,627000000.0,6.5,26000000.0,,294000000.0,972000000.0,972000000.0,,972000000.0,280000000.0,304000000.0,,,,,105000000.0,-2000000000.0,,16000000.0,137000000.0,280000000.0,24000000.0,57000000.0,-1194000000.0,1218000000.0,48000000.0,1266000000.0,304000000.0,148900000.0,148900000.0,148900000.0
Concho Resources Inc,CXO,SYHS7HRDXLL4I0IQ8776,1358071,2018.0,Q2TTM,2017-07-01,2018-06-30,,7.55,7.55,,1209000000.0,7.52,50000000.0,,-245000000.0,1126000000.0,1126000000.0,,1126000000.0,501000000.0,-381000000.0,,,,,111000000.0,-2706000000.0,-678000000.0,19000000.0,265000000.0,501000000.0,-882000000.0,189000000.0,-1841000000.0,959000000.0,-78000000.0,881000000.0,-381000000.0,148900000.0,148900000.0,148900000.0
Concho Resources Inc,CXO,SYHS7HRDXLL4I0IQ8776,1358071,2018.0,Q1,2018-01-01,2018-03-31,2019-05-01 16:12:02+00:00,5.6,5.6,,317000000.0,5.58,18000000.0,,254000000.0,835000000.0,835000000.0,,835000000.0,141000000.0,154000000.0,,,,,104000000.0,-1409000000.0,,7000000.0,65000000.0,141000000.0,13000000.0,30000000.0,-1002000000.0,1015000000.0,74000000.0,1089000000.0,154000000.0,149100000.0,149100000.0,149600000.0
Concho Resources Inc,CXO,SYHS7HRDXLL4I0IQ8776,1358071,2018.0,Q1TTM,2017-04-01,2018-03-31,,7.65,7.65,,1180000000.0,7.62,62000000.0,,-192000000.0,1141000000.0,1141000000.0,,1141000000.0,462000000.0,36000000.0,,,,,126000000.0,-2278000000.0,-678000000.0,10000000.0,253000000.0,462000000.0,-426000000.0,202000000.0,-1451000000.0,1025000000.0,-76000000.0,949000000.0,36000000.0,149100000.0,149100000.0,149600000.0
Concho Resources Inc,CXO,SYHS7HRDXLL4I0IQ8776,1358071,2019.0,Q4,2019-10-01,2019-12-31,,-2.36,-2.36,0.25,533000000.0,-2.36,111000000.0,203000000.0,-129000000.0,-471000000.0,-471000000.0,,-471000000.0,206000000.0,127000000.0,,,,,2000000.0,-270000000.0,-170000000.0,,72000000.0,206000000.0,-79000000.0,44000000.0,479000000.0,-558000000.0,-42000000.0,-600000000.0,127000000.0,198984000.0,198984000.0,198984000.0
Concho Resources Inc,CXO,SYHS7HRDXLL4I0IQ8776,1358071,2019.0,FY,2019-01-01,2019-12-31,2020-02-19 16:09:53+00:00,-3.55,-3.55,0.5,1964000000.0,-3.55,201000000.0,1172000000.0,-154000000.0,-705000000.0,-705000000.0,,-705000000.0,831000000.0,466000000.0,,,,,313000000.0,-2872000000.0,-170000000.0,1000000.0,326000000.0,831000000.0,-365000000.0,185000000.0,622000000.0,-987000000.0,128000000.0,-859000000.0,466000000.0,198984000.0,198984000.0,198984000.0
Concho Resources Inc,CXO,SYHS7HRDXLL4I0IQ8776,1358071,2019.0,Q3YTD,2019-01-01,2019-09-30,,-1.19,-1.19,0.25,1431000000.0,-1.19,90000000.0,969000000.0,-25000000.0,-234000000.0,-234000000.0,,-234000000.0,625000000.0,339000000.0,,,,,311000000.0,-2602000000.0,,1000000.0,254000000.0,625000000.0,-286000000.0,141000000.0,143000000.0,-429000000.0,170000000.0,-259000000.0,339000000.0,199448000.0,199448000.0,199448000.0
Concho Resources Inc,CXO,SYHS7HRDXLL4I0IQ8776,1358071,2019.0,Q3TTM,2018-10-01,2019-09-30,,6.62,6.62,0.25,1876000000.0,6.61,119000000.0,969000000.0,353000000.0,1279000000.0,1279000000.0,,1279000000.0,818000000.0,508000000.0,,,,,311000000.0,-4327000000.0,-800000000.0,1000000.0,344000000.0,818000000.0,-310000000.0,187000000.0,-1818000000.0,1508000000.0,124000000.0,1632000000.0,508000000.0,199448000.0,199448000.0,199448000.0
Concho Resources Inc,CXO,SYHS7HRDXLL4I0IQ8776,1358071,2019.0,Q3,2019-07-01,2019-09-30,2019-10-30 16:06:05+00:00,2.78,2.78,0.125,488000000.0,2.78,26000000.0,101000000.0,222000000.0,558000000.0,558000000.0,,558000000.0,215000000.0,92000000.0,,,,,4000000.0,-1635000000.0,,0.0,75000000.0,215000000.0,-123000000.0,46000000.0,-945000000.0,822000000.0,-42000000.0,780000000.0,92000000.0,199448000.0,199448000.0,199448000.0
Concho Resources Inc,CXO,SYHS7HRDXLL4I0IQ8776,1358071,2019.0,Q2,2019-04-01,2019-06-30,2019-08-01 16:07:02+00:00,-0.48,-0.48,,478000000.0,-0.48,17000000.0,868000000.0,-53000000.0,-97000000.0,-97000000.0,,-97000000.0,210000000.0,78000000.0,,,,,303000000.0,-1179000000.0,,1000000.0,88000000.0,210000000.0,-132000000.0,48000000.0,273000000.0,-405000000.0,255000000.0,-150000000.0,78000000.0,202100000.0,202100000.0,202100000.0
Concho Resources Inc,CXO,SYHS7HRDXLL4I0IQ8776,1358071,2019.0,Q2YTD,2019-01-01,2019-06-30,,-3.97,-3.97,0.13,943000000.0,-3.97,64000000.0,868000000.0,-247000000.0,-792000000.0,-792000000.0,,-792000000.0,410000000.0,247000000.0,,,,,307000000.0,-967000000.0,,1000000.0,179000000.0,410000000.0,-163000000.0,95000000.0,1088000000.0,-1251000000.0,212000000.0,-1039000000.0,247000000.0,202100000.0,202100000.0,202100000.0
Concho Resources Inc,CXO,SYHS7HRDXLL4I0IQ8776,1358071,2019.0,Q2TTM,2018-07-01,2019-06-30,,2.79,2.79,0.13,1794000000.0,2.78,103000000.0,868000000.0,62000000.0,522000000.0,522000000.0,,522000000.0,775000000.0,651000000.0,,,,,310000000.0,-2927000000.0,-800000000.0,24000000.0,353000000.0,775000000.0,-124000000.0,187000000.0,-585000000.0,461000000.0,123000000.0,584000000.0,651000000.0,202100000.0,202100000.0,202100000.0
Concho Resources Inc,CXO,SYHS7HRDXLL4I0IQ8776,1358071,2019.0,Q1,2019-01-01,2019-03-31,2020-05-01 16:08:55+00:00,-3.49,-3.49,0.125,465000000.0,-3.49,47000000.0,0.0,-194000000.0,-695000000.0,-695000000.0,,-695000000.0,200000000.0,169000000.0,,,,,4000000.0,212000000.0,,0.0,91000000.0,200000000.0,-31000000.0,47000000.0,815000000.0,-846000000.0,-43000000.0,-889000000.0,169000000.0,199148000.0,199148000.0,199148000.0
Concho Resources Inc,CXO,SYHS7HRDXLL4I0IQ8776,1358071,2019.0,Q1TTM,2018-04-01,2019-03-31,,4.19,4.19,0.13,1626000000.0,4.18,94000000.0,,155000000.0,756000000.0,756000000.0,,756000000.0,704000000.0,723000000.0,,,,,8000000.0,-2339000000.0,-800000000.0,32000000.0,337000000.0,704000000.0,19000000.0,166000000.0,-1050000000.0,1069000000.0,-158000000.0,911000000.0,723000000.0,199148000.0,199148000.0,199148000.0
Concho Resources Inc,CXO,SYHS7HRDXLL4I0IQ8776,1358071,2020.0,Q1TTM,2019-04-01,2020-03-31,,-47.55,-47.55,0.58,2023000000.0,-47.55,2873000000.0,10861000000.0,-1527000000.0,-9287000000.0,-9287000000.0,,-9287000000.0,845000000.0,347000000.0,,,,,114000000.0,-5644000000.0,-170000000.0,3000000.0,304000000.0,845000000.0,-498000000.0,180000000.0,10250000000.0,-10748000000.0,-66000000.0,-10814000000.0,347000000.0,195326000.0,195326000.0,195326000.0
Concho Resources Inc,CXO,SYHS7HRDXLL4I0IQ8776,1358071,2020.0,Q1,2020-01-01,2020-03-31,2020-05-01 16:08:55+00:00,-47.49,-47.49,0.2,524000000.0,-47.49,2719000000.0,9689000000.0,-1567000000.0,-9277000000.0,-9277000000.0,,-9277000000.0,214000000.0,50000000.0,,,,,-195000000.0,-2560000000.0,,2000000.0,69000000.0,214000000.0,-164000000.0,42000000.0,10443000000.0,-10607000000.0,-237000000.0,-10844000000.0,50000000.0,195326000.0,195326000.0,195326000.0
