company_name,company_ticker,company_lei,company_cik,year,quarter,start_date,end_date,filing_date,basicdilutedeps,basiceps,cashdividendspershare,depreciationexpense,dilutedeps,explorationexpense,incometaxexpense,netincome,netincomecontinuing,netincometocommon,netincometononcontrollinginterest,operatingcostofrevenue,operatingrevenue,otheradjustmentstonetincometocommon,othercostofrevenue,otherincome,otheroperatingexpenses,sgaexpense,totalcostofrevenue,totalgrossprofit,totalinterestexpense,totalinterestincome,totaloperatingexpenses,totaloperatingincome,totalotherincome,totalpretaxincome,totalrevenue,weightedavebasicdilutedsharesos,weightedavebasicsharesos,weightedavedilutedsharesos
Chevron Corp,CVX,,93410,2007.0,FY,2007-01-01,2007-12-31,2010-02-25 12:56:14+00:00,8.83,8.83,2.3,8708000000.0,8.77,1323000000.0,13479000000.0,18795000000.0,18795000000.0,18688000000.0,107000000.0,133309000000.0,218235000000.0,,22266000000.0,2669000000.0,,22858000000.0,155575000000.0,62660000000.0,166000000.0,,32889000000.0,29771000000.0,2503000000.0,32274000000.0,218235000000.0,2116400000.0,2116400000.0,2130900000.0
Chevron Corp,CVX,,93410,2008.0,Q4,2008-10-01,2008-12-31,,2.45,2.45,0.7,2589000000.0,2.44,338000000.0,2345000000.0,4901000000.0,4901000000.0,4895000000.0,34000000.0,23575000000.0,43988000000.0,-28000000.0,4547000000.0,1215000000.0,,6908000000.0,28122000000.0,15866000000.0,,,9835000000.0,6031000000.0,1215000000.0,7246000000.0,43988000000.0,2038000000.0,2038000000.0,2038000000.0
Chevron Corp,CVX,,93410,2008.0,FY,2008-01-01,2008-12-31,2011-02-24 12:52:15+00:00,11.74,11.74,2.5810000000000004,9528000000.0,11.67,1169000000.0,19026000000.0,24031000000.0,24031000000.0,23931000000.0,100000000.0,171397000000.0,270324000000.0,,21303000000.0,2681000000.0,,26551000000.0,192700000000.0,77624000000.0,,,37248000000.0,40376000000.0,2681000000.0,43057000000.0,270324000000.0,2038000000.0,2038000000.0,2038000000.0
Chevron Corp,CVX,,93410,2008.0,Q3YTD,2008-01-01,2008-09-30,,9.29,9.29,1.88,6939000000.0,9.23,831000000.0,16681000000.0,19130000000.0,19130000000.0,19036000000.0,66000000.0,147822000000.0,226336000000.0,28000000.0,16756000000.0,1466000000.0,,19643000000.0,164578000000.0,61758000000.0,,,27413000000.0,34345000000.0,1466000000.0,35811000000.0,226336000000.0,2034300000.0,2032433000.0,2044616000.0
Chevron Corp,CVX,,93410,2008.0,Q3,2008-07-01,2008-09-30,2009-11-05 11:12:07+00:00,3.88,3.88,0.65,2449000000.0,3.85,271000000.0,6416000000.0,7925000000.0,7925000000.0,7893000000.0,32000000.0,49238000000.0,77865000000.0,,5614000000.0,1002000000.0,,6954000000.0,54852000000.0,23013000000.0,0.0,,9674000000.0,13339000000.0,1002000000.0,14341000000.0,77865000000.0,2034300000.0,2032433000.0,2044616000.0
Chevron Corp,CVX,,93410,2008.0,Q2YTD,2008-01-01,2008-06-30,,5.41,5.41,1.23,4490000000.0,5.38,560000000.0,10265000000.0,11205000000.0,11205000000.0,11143000000.0,34000000.0,98584000000.0,148471000000.0,28000000.0,11142000000.0,464000000.0,,12689000000.0,109726000000.0,38745000000.0,,,17739000000.0,21006000000.0,464000000.0,21470000000.0,148471000000.0,2053300000.0,2050773000.0,2064888000.0
Chevron Corp,CVX,,93410,2008.0,Q2,2008-04-01,2008-06-30,2009-08-06 11:27:55+00:00,2.91,2.91,0.65,2275000000.0,2.9,307000000.0,5756000000.0,6009000000.0,6009000000.0,5975000000.0,34000000.0,56056000000.0,82525000000.0,,5699000000.0,464000000.0,,6887000000.0,61755000000.0,20770000000.0,0.0,,9469000000.0,11301000000.0,464000000.0,11765000000.0,82525000000.0,2053300000.0,2050773000.0,2064888000.0
Chevron Corp,CVX,,93410,2008.0,Q1,2008-01-01,2008-03-31,2009-05-07 11:18:40+00:00,2.5,2.5,0.58,2215000000.0,2.48,253000000.0,4509000000.0,5196000000.0,5196000000.0,5168000000.0,,42528000000.0,65946000000.0,28000000.0,5443000000.0,,,5802000000.0,47971000000.0,17975000000.0,0.0,,8270000000.0,9705000000.0,,9705000000.0,65946000000.0,2067200000.0,2066420000.0,2080209000.0
Chevron Corp,CVX,,93410,2009.0,Q4,2009-10-01,2009-12-31,,1.54,1.54,0.72,3156000000.0,1.53,281000000.0,2719000000.0,3102000000.0,3102000000.0,3070000000.0,32000000.0,28606000000.0,45170000000.0,,4583000000.0,190000000.0,,6229000000.0,33189000000.0,11981000000.0,,3316000000.0,9666000000.0,2315000000.0,3506000000.0,5821000000.0,45170000000.0,1992000000.0,1992000000.0,1992000000.0
Chevron Corp,CVX,,93410,2009.0,FY,2009-01-01,2009-12-31,2012-02-23 13:51:37+00:00,5.26,5.26,2.697,12110000000.0,5.24,1342000000.0,7965000000.0,10563000000.0,10563000000.0,10483000000.0,80000000.0,99653000000.0,167402000000.0,,17591000000.0,918000000.0,,22384000000.0,117244000000.0,50158000000.0,28000000.0,3316000000.0,35836000000.0,14322000000.0,4206000000.0,18528000000.0,167402000000.0,1992000000.0,1992000000.0,1992000000.0
Chevron Corp,CVX,,93410,2009.0,Q3TTM,2008-10-01,2009-09-30,,6.17,6.17,2.68,11543000000.0,6.15,1399000000.0,7591000000.0,12362000000.0,12362000000.0,12308000000.0,82000000.0,94622000000.0,166220000000.0,-28000000.0,17555000000.0,1943000000.0,,23063000000.0,112177000000.0,54043000000.0,28000000.0,,36005000000.0,18038000000.0,1915000000.0,19953000000.0,166220000000.0,1995300000.0,1992452000.0,2000586000.0
Chevron Corp,CVX,,93410,2009.0,Q3YTD,2009-01-01,2009-09-30,,3.72,3.72,1.98,8954000000.0,3.71,1061000000.0,5246000000.0,7461000000.0,7461000000.0,7413000000.0,48000000.0,71047000000.0,122232000000.0,,13008000000.0,728000000.0,,16155000000.0,84055000000.0,38177000000.0,28000000.0,,26170000000.0,12007000000.0,700000000.0,12707000000.0,122232000000.0,1995300000.0,1992452000.0,2000586000.0
Chevron Corp,CVX,,93410,2009.0,Q3,2009-07-01,2009-09-30,2010-11-05 14:32:28+00:00,1.92,1.92,0.68,2988000000.0,1.92,242000000.0,2342000000.0,3846000000.0,3846000000.0,3831000000.0,15000000.0,26969000000.0,46252000000.0,,4644000000.0,373000000.0,,5580000000.0,31613000000.0,14639000000.0,14000000.0,,8810000000.0,5829000000.0,359000000.0,6188000000.0,46252000000.0,1995300000.0,1992452000.0,2000586000.0
Chevron Corp,CVX,,93410,2009.0,Q2TTM,2008-07-01,2009-06-30,,8.13,8.13,2.65,11004000000.0,8.08,1428000000.0,11665000000.0,16441000000.0,16441000000.0,16370000000.0,99000000.0,116891000000.0,197833000000.0,-28000000.0,18525000000.0,2572000000.0,,24437000000.0,135416000000.0,62417000000.0,14000000.0,,36869000000.0,25548000000.0,2558000000.0,28106000000.0,197833000000.0,1983000000.0,1991605000.0,1999667000.0
Chevron Corp,CVX,,93410,2009.0,Q2YTD,2009-01-01,2009-06-30,,1.8,1.8,1.3,5966000000.0,1.79,819000000.0,2904000000.0,3615000000.0,3615000000.0,3582000000.0,33000000.0,44078000000.0,75980000000.0,,8364000000.0,355000000.0,,10575000000.0,52442000000.0,23538000000.0,14000000.0,,17360000000.0,6178000000.0,341000000.0,6519000000.0,75980000000.0,1983000000.0,1991605000.0,1999667000.0
Chevron Corp,CVX,,93410,2009.0,Q2,2009-04-01,2009-06-30,2010-08-05 11:54:06+00:00,0.88,0.88,0.65,3099000000.0,0.87,438000000.0,1585000000.0,1761000000.0,1761000000.0,1745000000.0,16000000.0,23678000000.0,40382000000.0,,4386000000.0,-177000000.0,,5252000000.0,28064000000.0,12318000000.0,6000000.0,,8789000000.0,3529000000.0,-183000000.0,3346000000.0,40382000000.0,1983000000.0,1991605000.0,1999667000.0
Chevron Corp,CVX,,93410,2009.0,Q1TTM,2008-04-01,2009-03-31,,10.16,10.16,2.65,10180000000.0,10.11,1297000000.0,15836000000.0,20689000000.0,20689000000.0,20600000000.0,117000000.0,149269000000.0,239976000000.0,-28000000.0,19838000000.0,3213000000.0,,26072000000.0,169107000000.0,70869000000.0,8000000.0,,37549000000.0,33320000000.0,3205000000.0,36525000000.0,239976000000.0,1996700000.0,1991128000.0,1999509000.0
Chevron Corp,CVX,,93410,2009.0,Q1,2009-01-01,2009-03-31,2010-05-05 11:11:50+00:00,0.92,0.92,0.65,2867000000.0,0.92,381000000.0,1319000000.0,1854000000.0,1854000000.0,1837000000.0,17000000.0,20400000000.0,35598000000.0,,3978000000.0,532000000.0,,5323000000.0,24378000000.0,11220000000.0,8000000.0,,8571000000.0,2649000000.0,524000000.0,3173000000.0,35598000000.0,1996700000.0,1991128000.0,1999509000.0
Chevron Corp,CVX,,93410,2010.0,Q4,2010-10-01,2010-12-31,,2.65,2.65,0.75,3439000000.0,2.64,335000000.0,3446000000.0,5320000000.0,5320000000.0,5295000000.0,25000000.0,30109000000.0,47725000000.0,,4623000000.0,665000000.0,,6751000000.0,34732000000.0,12993000000.0,4000000.0,5637000000.0,10525000000.0,2468000000.0,6298000000.0,8766000000.0,47725000000.0,1997000000.0,1997000000.0,1997000000.0
Chevron Corp,CVX,,93410,2010.0,FY,2010-01-01,2010-12-31,2013-02-22 11:55:46+00:00,9.53,9.53,2.875,13063000000.0,9.48,1147000000.0,12919000000.0,19136000000.0,19136000000.0,19024000000.0,112000000.0,116467000000.0,198198000000.0,,18191000000.0,1093000000.0,,23955000000.0,134658000000.0,63540000000.0,50000000.0,5637000000.0,38165000000.0,25375000000.0,6680000000.0,32055000000.0,198198000000.0,1997000000.0,1997000000.0,1997000000.0
Chevron Corp,CVX,,93410,2010.0,Q3YTD,2010-01-01,2010-09-30,,6.88,6.88,2.12,9624000000.0,6.84,812000000.0,9473000000.0,13816000000.0,13816000000.0,13729000000.0,87000000.0,86358000000.0,150473000000.0,,13568000000.0,428000000.0,,17204000000.0,99926000000.0,50547000000.0,46000000.0,,27640000000.0,22907000000.0,382000000.0,23289000000.0,150473000000.0,1993700000.0,1997721000.0,2006785000.0
Chevron Corp,CVX,,93410,2010.0,Q3TTM,2009-10-01,2010-09-30,,8.42,8.42,2.84,12780000000.0,8.37,1093000000.0,12192000000.0,16918000000.0,16918000000.0,16799000000.0,119000000.0,114964000000.0,195643000000.0,,18151000000.0,618000000.0,,23433000000.0,133115000000.0,62528000000.0,46000000.0,3316000000.0,37306000000.0,25222000000.0,3888000000.0,29110000000.0,195643000000.0,1993700000.0,1997721000.0,2006785000.0
Chevron Corp,CVX,,93410,2010.0,Q3,2010-07-01,2010-09-30,2011-11-03 11:17:58+00:00,1.89,1.89,0.72,3401000000.0,1.87,420000000.0,3081000000.0,3792000000.0,3792000000.0,3768000000.0,24000000.0,28610000000.0,49796000000.0,,4559000000.0,-78000000.0,,5846000000.0,33169000000.0,16627000000.0,9000000.0,,9667000000.0,6960000000.0,-87000000.0,6873000000.0,49796000000.0,1993700000.0,1997721000.0,2006785000.0
Chevron Corp,CVX,,93410,2010.0,Q2YTD,2010-01-01,2010-06-30,,4.99,4.99,1.4,6223000000.0,4.97,392000000.0,6392000000.0,10024000000.0,10024000000.0,9961000000.0,63000000.0,57748000000.0,100677000000.0,,9009000000.0,506000000.0,,11358000000.0,66757000000.0,33920000000.0,37000000.0,,17973000000.0,15947000000.0,469000000.0,16416000000.0,100677000000.0,1995900000.0,1996393000.0,2006000000.0
Chevron Corp,CVX,,93410,2010.0,Q2TTM,2009-07-01,2010-06-30,,8.45,8.45,2.8,12367000000.0,8.42,915000000.0,11453000000.0,16972000000.0,16972000000.0,16862000000.0,110000000.0,113323000000.0,192099000000.0,,18236000000.0,1069000000.0,,23167000000.0,131559000000.0,60540000000.0,51000000.0,3316000000.0,36449000000.0,24091000000.0,4334000000.0,28425000000.0,192099000000.0,1995900000.0,1996393000.0,2006000000.0
Chevron Corp,CVX,,93410,2010.0,Q2,2010-04-01,2010-06-30,2011-08-04 11:13:43+00:00,2.71,2.71,0.72,3141000000.0,2.7,212000000.0,3322000000.0,5444000000.0,5444000000.0,5409000000.0,35000000.0,30604000000.0,52701000000.0,,4537000000.0,303000000.0,,5727000000.0,35141000000.0,17560000000.0,17000000.0,,9080000000.0,8480000000.0,286000000.0,8766000000.0,52701000000.0,1995900000.0,1996393000.0,2006000000.0
Chevron Corp,CVX,,93410,2010.0,Q1TTM,2009-04-01,2010-03-31,,6.62,6.62,2.73,12325000000.0,6.59,1141000000.0,9716000000.0,13289000000.0,13289000000.0,13198000000.0,91000000.0,106397000000.0,179780000000.0,,18085000000.0,589000000.0,,22692000000.0,124482000000.0,55298000000.0,40000000.0,3316000000.0,36158000000.0,19140000000.0,3865000000.0,23005000000.0,179780000000.0,1996500000.0,1994983000.0,2004217000.0
Chevron Corp,CVX,,93410,2010.0,Q1,2010-01-01,2010-03-31,2011-05-05 11:48:58+00:00,2.28,2.28,0.68,3082000000.0,2.27,180000000.0,3070000000.0,4580000000.0,4580000000.0,4552000000.0,28000000.0,27144000000.0,47976000000.0,,4472000000.0,203000000.0,,5631000000.0,31616000000.0,16360000000.0,20000000.0,,8893000000.0,7467000000.0,183000000.0,7650000000.0,47976000000.0,1996500000.0,1994983000.0,2004217000.0
Chevron Corp,CVX,,93410,2011.0,Q4,2011-10-01,2011-12-31,,2.61,2.61,0.85,3313000000.0,2.58,386000000.0,4813000000.0,5152000000.0,5152000000.0,5123000000.0,29000000.0,36363000000.0,58027000000.0,,2680000000.0,391000000.0,,7278000000.0,39043000000.0,18984000000.0,,1567000000.0,10977000000.0,8007000000.0,1958000000.0,9965000000.0,58027000000.0,1986000000.0,1986000000.0,1986000000.0
Chevron Corp,CVX,,93410,2011.0,FY,2011-01-01,2011-12-31,2014-02-21 11:21:41+00:00,13.54,13.54,3.125,12911000000.0,13.44,1216000000.0,20626000000.0,27008000000.0,27008000000.0,26895000000.0,113000000.0,149923000000.0,244371000000.0,,15628000000.0,1972000000.0,,26394000000.0,165551000000.0,78820000000.0,,7363000000.0,40521000000.0,38299000000.0,9335000000.0,47634000000.0,244371000000.0,1986000000.0,1986000000.0,1986000000.0
Chevron Corp,CVX,,93410,2011.0,Q3YTD,2011-01-01,2011-09-30,,10.93,10.93,2.28,9598000000.0,10.86,830000000.0,15813000000.0,21856000000.0,21856000000.0,21772000000.0,84000000.0,113560000000.0,186344000000.0,,12948000000.0,1581000000.0,,19116000000.0,126508000000.0,59836000000.0,,5796000000.0,29544000000.0,30292000000.0,7377000000.0,37669000000.0,186344000000.0,1987100000.0,1984643000.0,1998673000.0
Chevron Corp,CVX,,93410,2011.0,Q3TTM,2010-10-01,2011-09-30,,13.58,13.58,3.04,13037000000.0,13.5,1165000000.0,19259000000.0,27176000000.0,27176000000.0,27067000000.0,109000000.0,143669000000.0,234069000000.0,,17571000000.0,2246000000.0,,25867000000.0,161240000000.0,72829000000.0,4000000.0,11433000000.0,40069000000.0,32760000000.0,13675000000.0,46435000000.0,234069000000.0,1987100000.0,1984643000.0,1998673000.0
Chevron Corp,CVX,,93410,2011.0,Q3,2011-07-01,2011-09-30,2012-11-06 11:49:16+00:00,3.94,3.94,0.78,3215000000.0,3.92,240000000.0,5483000000.0,7857000000.0,7857000000.0,7829000000.0,28000000.0,37600000000.0,61261000000.0,,3544000000.0,944000000.0,,6493000000.0,41144000000.0,20117000000.0,,2227000000.0,9948000000.0,10169000000.0,3171000000.0,13340000000.0,61261000000.0,1987100000.0,1984643000.0,1998673000.0
Chevron Corp,CVX,,93410,2011.0,Q2YTD,2011-01-01,2011-06-30,,6.99,6.99,1.5,6383000000.0,6.94,590000000.0,10330000000.0,13999000000.0,13999000000.0,13943000000.0,56000000.0,75960000000.0,125083000000.0,,9404000000.0,637000000.0,,12623000000.0,85364000000.0,39719000000.0,,3569000000.0,19596000000.0,20123000000.0,4206000000.0,24329000000.0,125083000000.0,1992800000.0,1994007000.0,2008995000.0
Chevron Corp,CVX,,93410,2011.0,Q2TTM,2010-07-01,2011-06-30,,11.53,11.53,2.97,13223000000.0,11.45,1345000000.0,16857000000.0,23111000000.0,23111000000.0,23006000000.0,105000000.0,134679000000.0,222604000000.0,,18586000000.0,1224000000.0,,25220000000.0,153265000000.0,69339000000.0,13000000.0,9206000000.0,39788000000.0,29551000000.0,10417000000.0,39968000000.0,222604000000.0,1992800000.0,1994007000.0,2008995000.0
Chevron Corp,CVX,,93410,2011.0,Q2,2011-04-01,2011-06-30,2012-08-02 11:26:15+00:00,3.88,3.88,0.78,3257000000.0,3.85,422000000.0,5447000000.0,7760000000.0,7760000000.0,7732000000.0,28000000.0,40759000000.0,66671000000.0,,4843000000.0,395000000.0,,6460000000.0,45602000000.0,21069000000.0,,1882000000.0,10139000000.0,10930000000.0,2277000000.0,13207000000.0,66671000000.0,1992800000.0,1994007000.0,2008995000.0
Chevron Corp,CVX,,93410,2011.0,Q1TTM,2010-04-01,2011-03-31,,10.36,10.36,2.91,13107000000.0,10.3,1135000000.0,14732000000.0,20795000000.0,20795000000.0,20683000000.0,112000000.0,124524000000.0,208634000000.0,,18280000000.0,1132000000.0,,24487000000.0,142804000000.0,65830000000.0,30000000.0,7324000000.0,38729000000.0,27101000000.0,8426000000.0,35527000000.0,208634000000.0,1997100000.0,1994735000.0,2008584000.0
Chevron Corp,CVX,,93410,2011.0,Q1,2011-01-01,2011-03-31,2012-05-03 10:58:21+00:00,3.11,3.11,0.72,3126000000.0,3.09,168000000.0,4883000000.0,6239000000.0,6239000000.0,6211000000.0,28000000.0,35201000000.0,58412000000.0,,4561000000.0,242000000.0,,6163000000.0,39762000000.0,18650000000.0,,1687000000.0,9457000000.0,9193000000.0,1929000000.0,11122000000.0,58412000000.0,1997100000.0,1994735000.0,2008584000.0
Chevron Corp,CVX,,93410,2012.0,Q4,2012-10-01,2012-12-31,,3.73,3.73,0.92,3554000000.0,3.7,357000000.0,4679000000.0,7297000000.0,7297000000.0,7245000000.0,52000000.0,33959000000.0,67573000000.0,,3251000000.0,-1947000000.0,,7455000000.0,37210000000.0,30363000000.0,,-5074000000.0,11366000000.0,18997000000.0,-7021000000.0,11976000000.0,67573000000.0,1950000000.0,1950000000.0,1950000000.0
Chevron Corp,CVX,,93410,2012.0,FY,2012-01-01,2012-12-31,2015-02-20 11:36:43+00:00,13.42,13.42,3.53,13413000000.0,13.32,1728000000.0,19996000000.0,26336000000.0,26336000000.0,26179000000.0,157000000.0,140766000000.0,241909000000.0,,12376000000.0,,,27294000000.0,153142000000.0,88767000000.0,,,42435000000.0,46332000000.0,,46332000000.0,241909000000.0,1950000000.0,1950000000.0,1950000000.0
Chevron Corp,CVX,,93410,2012.0,Q3YTD,2012-01-01,2012-09-30,,9.69,9.69,2.61,9859000000.0,9.62,1371000000.0,15317000000.0,19039000000.0,19039000000.0,18934000000.0,105000000.0,106807000000.0,174336000000.0,,9125000000.0,1947000000.0,,19839000000.0,115932000000.0,58404000000.0,,5074000000.0,31069000000.0,27335000000.0,7021000000.0,34356000000.0,174336000000.0,1938400000.0,1945840000.0,1960141000.0
Chevron Corp,CVX,,93410,2012.0,Q3TTM,2011-10-01,2012-09-30,,12.3,12.3,3.46,13172000000.0,12.2,1757000000.0,20130000000.0,24191000000.0,24191000000.0,24057000000.0,134000000.0,143170000000.0,232363000000.0,,11805000000.0,2338000000.0,,27117000000.0,154975000000.0,77388000000.0,,6641000000.0,42046000000.0,35342000000.0,8979000000.0,44321000000.0,232363000000.0,1938400000.0,1945840000.0,1960141000.0
Chevron Corp,CVX,,93410,2012.0,Q3,2012-07-01,2012-09-30,2013-11-08 11:17:00+00:00,2.71,2.71,0.9,3370000000.0,2.69,475000000.0,4624000000.0,5308000000.0,5308000000.0,5253000000.0,55000000.0,33982000000.0,55660000000.0,,3239000000.0,1110000000.0,,7046000000.0,37221000000.0,18439000000.0,,1274000000.0,10891000000.0,7548000000.0,2384000000.0,9932000000.0,55660000000.0,1938400000.0,1945840000.0,1960141000.0
Chevron Corp,CVX,,93410,2012.0,Q2YTD,2012-01-01,2012-06-30,,6.98,6.98,1.71,6489000000.0,6.93,896000000.0,10693000000.0,13731000000.0,13731000000.0,13681000000.0,50000000.0,72825000000.0,118676000000.0,,5886000000.0,837000000.0,,12793000000.0,78711000000.0,39965000000.0,,3800000000.0,20178000000.0,19787000000.0,4637000000.0,24424000000.0,118676000000.0,1959200000.0,1954147000.0,1967990000.0
Chevron Corp,CVX,,93410,2012.0,Q2TTM,2011-07-01,2012-06-30,,13.53,13.53,3.34,13017000000.0,13.43,1522000000.0,20989000000.0,26740000000.0,26740000000.0,26633000000.0,107000000.0,146788000000.0,237964000000.0,,12110000000.0,2172000000.0,,26564000000.0,158898000000.0,79066000000.0,,7594000000.0,41103000000.0,37963000000.0,9766000000.0,47729000000.0,237964000000.0,1959200000.0,1954147000.0,1967990000.0
Chevron Corp,CVX,,93410,2012.0,Q2,2012-04-01,2012-06-30,2013-08-07 11:33:32+00:00,3.68,3.68,0.9,3284000000.0,3.66,493000000.0,5123000000.0,7232000000.0,7232000000.0,7210000000.0,22000000.0,36772000000.0,59780000000.0,,3034000000.0,737000000.0,,6670000000.0,39806000000.0,19974000000.0,,2091000000.0,10447000000.0,9527000000.0,2828000000.0,12355000000.0,59780000000.0,1959200000.0,1954147000.0,1967990000.0
Chevron Corp,CVX,,93410,2012.0,Q1TTM,2011-04-01,2012-03-31,,13.73,13.73,3.22,12990000000.0,13.62,1451000000.0,21313000000.0,27268000000.0,27268000000.0,27155000000.0,113000000.0,150775000000.0,244855000000.0,,13919000000.0,1830000000.0,,26354000000.0,164694000000.0,80161000000.0,,7385000000.0,40795000000.0,39366000000.0,9215000000.0,48581000000.0,244855000000.0,1960900000.0,1963862000.0,1978781000.0
Chevron Corp,CVX,,93410,2012.0,Q1,2012-01-01,2012-03-31,2013-05-02 11:44:28+00:00,3.3,3.3,0.81,3205000000.0,3.27,403000000.0,5570000000.0,6499000000.0,6499000000.0,6471000000.0,28000000.0,36053000000.0,58896000000.0,,2852000000.0,100000000.0,,6123000000.0,38905000000.0,19991000000.0,,1709000000.0,9731000000.0,10260000000.0,1809000000.0,12069000000.0,58896000000.0,1960900000.0,1963862000.0,1978781000.0
Chevron Corp,CVX,,93410,2013.0,FY,2013-01-01,2013-12-31,2014-02-21 11:21:41+00:00,11.18,11.18,,14186000000.0,11.09,1861000000.0,14308000000.0,21597000000.0,21597000000.0,21423000000.0,174000000.0,134696000000.0,228848000000.0,,13063000000.0,,,29137000000.0,147759000000.0,81089000000.0,,,45184000000.0,35905000000.0,,35905000000.0,228848000000.0,1917000000.0,1917000000.0,1917000000.0
Chevron Corp,CVX,,93410,2013.0,Q4,2013-10-01,2013-12-31,,2.6,2.6,-2.9,3635000000.0,2.57,726000000.0,3240000000.0,4958000000.0,4958000000.0,4930000000.0,28000000.0,32691000000.0,62642000000.0,,3211000000.0,-781000000.0,,7697000000.0,35902000000.0,26740000000.0,,-5703000000.0,12058000000.0,14682000000.0,-6484000000.0,8198000000.0,62642000000.0,1917000000.0,1917000000.0,1917000000.0
Chevron Corp,CVX,,93410,2013.0,Q3YTD,2013-01-01,2013-09-30,,8.58,8.58,2.9,10551000000.0,8.52,1135000000.0,11068000000.0,16639000000.0,16639000000.0,16493000000.0,146000000.0,102005000000.0,166206000000.0,,9852000000.0,781000000.0,,21440000000.0,111857000000.0,54349000000.0,,5703000000.0,33126000000.0,21223000000.0,6484000000.0,27707000000.0,166206000000.0,1918600000.0,1914047000.0,1929831000.0
Chevron Corp,CVX,,93410,2013.0,Q3TTM,2012-10-01,2013-09-30,,12.31,12.31,3.82,14105000000.0,12.22,1492000000.0,15747000000.0,23936000000.0,23936000000.0,23738000000.0,198000000.0,135964000000.0,233779000000.0,,13103000000.0,-1166000000.0,,28895000000.0,149067000000.0,84712000000.0,,629000000.0,44492000000.0,40220000000.0,-537000000.0,39683000000.0,233779000000.0,1918600000.0,1914047000.0,1929831000.0
Chevron Corp,CVX,,93410,2013.0,Q3,2013-07-01,2013-09-30,2014-11-07 11:27:20+00:00,2.58,2.58,1.0,3658000000.0,2.57,559000000.0,3839000000.0,4996000000.0,4996000000.0,4950000000.0,46000000.0,34822000000.0,56603000000.0,,3366000000.0,265000000.0,,7263000000.0,38188000000.0,18415000000.0,,1635000000.0,11480000000.0,6935000000.0,1900000000.0,8835000000.0,56603000000.0,1918600000.0,1914047000.0,1929831000.0
Chevron Corp,CVX,,93410,2013.0,Q2YTD,2013-01-01,2013-06-30,,6.0,6.0,1.9,6893000000.0,5.95,576000000.0,7229000000.0,11643000000.0,11643000000.0,11543000000.0,100000000.0,67183000000.0,109603000000.0,,6486000000.0,516000000.0,,14177000000.0,73669000000.0,35934000000.0,,4068000000.0,21646000000.0,14288000000.0,4584000000.0,18872000000.0,109603000000.0,1916100000.0,1921391000.0,1936783000.0
Chevron Corp,CVX,,93410,2013.0,Q2TTM,2012-07-01,2013-06-30,,12.44,12.44,3.72,13817000000.0,12.34,1408000000.0,16532000000.0,24248000000.0,24248000000.0,24041000000.0,207000000.0,135124000000.0,232836000000.0,,12976000000.0,-321000000.0,,28678000000.0,148100000000.0,84736000000.0,,268000000.0,43903000000.0,40833000000.0,-53000000.0,40780000000.0,232836000000.0,1916100000.0,1921391000.0,1936783000.0
Chevron Corp,CVX,,93410,2013.0,Q2,2013-04-01,2013-06-30,2014-08-06 11:15:14+00:00,2.8,2.8,1.0,3412000000.0,2.77,329000000.0,3185000000.0,5404000000.0,5404000000.0,5365000000.0,39000000.0,34273000000.0,55307000000.0,,3349000000.0,278000000.0,,7417000000.0,37622000000.0,17685000000.0,,1784000000.0,11158000000.0,6527000000.0,2062000000.0,8589000000.0,55307000000.0,1916100000.0,1921391000.0,1936783000.0
Chevron Corp,CVX,,93410,2013.0,Q1TTM,2012-04-01,2013-03-31,,13.32,13.32,3.62,13689000000.0,13.23,1572000000.0,18470000000.0,26076000000.0,26076000000.0,25886000000.0,190000000.0,137623000000.0,237309000000.0,,12661000000.0,138000000.0,,27931000000.0,150284000000.0,87025000000.0,,575000000.0,43192000000.0,43833000000.0,713000000.0,44546000000.0,237309000000.0,1930600000.0,1929014000.0,1943931000.0
Chevron Corp,CVX,,93410,2013.0,Q1,2013-01-01,2013-03-31,2014-05-02 12:05:13+00:00,3.2,3.2,0.9,3481000000.0,3.18,247000000.0,4044000000.0,6239000000.0,6239000000.0,6178000000.0,61000000.0,32910000000.0,54296000000.0,,3137000000.0,238000000.0,,6760000000.0,36047000000.0,18249000000.0,,2284000000.0,10488000000.0,7761000000.0,2522000000.0,10283000000.0,54296000000.0,1930600000.0,1929014000.0,1943931000.0
Chevron Corp,CVX,,93410,2014.0,FY,2014-01-01,2014-12-31,2017-02-23 12:18:42+00:00,10.21,10.21,4.23,16793000000.0,10.14,1985000000.0,11892000000.0,19310000000.0,19310000000.0,19241000000.0,69000000.0,119671000000.0,211970000000.0,,12540000000.0,,,29779000000.0,132211000000.0,79759000000.0,0.0,,48557000000.0,31202000000.0,,31202000000.0,211970000000.0,1884000000.0,1884000000.0,1884000000.0
Chevron Corp,CVX,,93410,2014.0,Q4,2014-10-01,2014-12-31,,1.86,1.86,1.09,4873000000.0,1.85,510000000.0,1912000000.0,3472000000.0,3472000000.0,3471000000.0,1000000.0,24263000000.0,46088000000.0,,3118000000.0,,,7940000000.0,27381000000.0,18707000000.0,,,13323000000.0,5384000000.0,,5384000000.0,46088000000.0,1884000000.0,1884000000.0,1884000000.0
Chevron Corp,CVX,,93410,2014.0,Q3,2014-07-01,2014-09-30,2015-11-06 12:28:57+00:00,2.97,2.97,1.07,3948000000.0,2.95,366000000.0,3236000000.0,5627000000.0,5627000000.0,5593000000.0,34000000.0,30741000000.0,54679000000.0,,3236000000.0,,,7525000000.0,33977000000.0,20702000000.0,,,11839000000.0,8863000000.0,,8863000000.0,54679000000.0,1883200000.0,1880915000.0,1896492000.0
Chevron Corp,CVX,,93410,2014.0,Q3YTD,2014-01-01,2014-09-30,,8.35,8.35,3.14,11920000000.0,8.29,1475000000.0,9980000000.0,15838000000.0,15838000000.0,15770000000.0,68000000.0,95408000000.0,165882000000.0,,9422000000.0,,,21839000000.0,104830000000.0,61052000000.0,,,35234000000.0,25818000000.0,,25818000000.0,165882000000.0,1883200000.0,1880915000.0,1896492000.0
Chevron Corp,CVX,,93410,2014.0,Q3TTM,2013-10-01,2014-09-30,,10.95,10.95,0.24,15555000000.0,10.86,2201000000.0,13220000000.0,20796000000.0,20796000000.0,20700000000.0,96000000.0,128099000000.0,228524000000.0,,12633000000.0,-781000000.0,,29536000000.0,140732000000.0,87792000000.0,,-5703000000.0,47292000000.0,40500000000.0,-6484000000.0,34016000000.0,228524000000.0,1883200000.0,1880915000.0,1896492000.0
Chevron Corp,CVX,,93410,2014.0,Q2YTD,2014-01-01,2014-06-30,,5.38,5.38,2.07,7972000000.0,5.34,1109000000.0,6744000000.0,10211000000.0,10211000000.0,10177000000.0,34000000.0,64667000000.0,111203000000.0,,6186000000.0,,,14314000000.0,70853000000.0,40350000000.0,,,23395000000.0,16955000000.0,,16955000000.0,111203000000.0,1888300000.0,1887543000.0,1902321000.0
Chevron Corp,CVX,,93410,2014.0,Q2TTM,2013-07-01,2014-06-30,,10.56,10.56,0.17,15265000000.0,10.48,2394000000.0,13823000000.0,20165000000.0,20165000000.0,20057000000.0,108000000.0,132180000000.0,230448000000.0,,12763000000.0,-516000000.0,,29274000000.0,144943000000.0,85505000000.0,,-4068000000.0,46933000000.0,38572000000.0,-4584000000.0,33988000000.0,230448000000.0,1888300000.0,1887543000.0,1902321000.0
Chevron Corp,CVX,,93410,2014.0,Q2,2014-04-01,2014-06-30,2015-08-05 11:43:50+00:00,3.0,3.0,1.07,3842000000.0,2.98,694000000.0,3337000000.0,5690000000.0,5690000000.0,5665000000.0,25000000.0,33844000000.0,57938000000.0,,3167000000.0,,,7364000000.0,37011000000.0,20927000000.0,,,11900000000.0,9027000000.0,,9027000000.0,57938000000.0,1888300000.0,1887543000.0,1902321000.0
Chevron Corp,CVX,,93410,2014.0,Q1TTM,2013-04-01,2014-03-31,,10.36,10.36,0.1,14835000000.0,10.27,2029000000.0,13671000000.0,19879000000.0,19879000000.0,19757000000.0,122000000.0,132609000000.0,227817000000.0,,12945000000.0,-238000000.0,,29327000000.0,145554000000.0,82263000000.0,,-2284000000.0,46191000000.0,36072000000.0,-2522000000.0,33550000000.0,227817000000.0,1895800000.0,1895032000.0,1909424000.0
Chevron Corp,CVX,,93410,2014.0,Q1,2014-01-01,2014-03-31,2015-05-07 11:36:15+00:00,2.38,2.38,1.0,4130000000.0,2.36,415000000.0,3407000000.0,4521000000.0,4521000000.0,4512000000.0,9000000.0,30823000000.0,53265000000.0,,3019000000.0,,,6950000000.0,33842000000.0,19423000000.0,,,11495000000.0,7928000000.0,,7928000000.0,53265000000.0,1895800000.0,1895032000.0,1909424000.0
Chevron Corp,CVX,,93410,2015.0,FY,2015-01-01,2015-12-31,2018-02-22 11:49:59+00:00,2.46,2.46,4.3469999999999995,21037000000.0,2.45,3340000000.0,132000000.0,4710000000.0,4710000000.0,4587000000.0,123000000.0,69751000000.0,138477000000.0,,12030000000.0,,,27477000000.0,81781000000.0,56696000000.0,0.0,,51854000000.0,4842000000.0,,4842000000.0,138477000000.0,1868000000.0,1868000000.0,1868000000.0
Chevron Corp,CVX,,93410,2015.0,Q4,2015-10-01,2015-12-31,,-0.31,-0.31,1.14,5400000000.0,-0.31,1358000000.0,-1655000000.0,-555000000.0,-555000000.0,-588000000.0,33000000.0,14570000000.0,31959000000.0,,5739000000.0,-2712000000.0,-2883000000.0,7273000000.0,20309000000.0,11650000000.0,,,11148000000.0,502000000.0,-2712000000.0,-2210000000.0,31959000000.0,1868000000.0,1868000000.0,1868000000.0
Chevron Corp,CVX,,93410,2015.0,Q3,2015-07-01,2015-09-30,2016-11-03 11:52:48+00:00,1.09,1.09,1.07,4268000000.0,1.09,315000000.0,727000000.0,2057000000.0,2057000000.0,2037000000.0,20000000.0,17447000000.0,33962000000.0,,,353000000.0,2883000000.0,6618000000.0,17447000000.0,16515000000.0,0.0,,14084000000.0,2431000000.0,353000000.0,2784000000.0,33962000000.0,1868800000.0,1868444000.0,1872420000.0
Chevron Corp,CVX,,93410,2015.0,Q3YTD,2015-01-01,2015-09-30,,2.77,2.77,3.21,15637000000.0,2.76,1982000000.0,1787000000.0,5265000000.0,5265000000.0,5175000000.0,90000000.0,55181000000.0,106518000000.0,,6291000000.0,2712000000.0,2883000000.0,20204000000.0,61472000000.0,45046000000.0,,,40706000000.0,4340000000.0,2712000000.0,7052000000.0,106518000000.0,1868800000.0,1868444000.0,1872420000.0
Chevron Corp,CVX,,93410,2015.0,Q3TTM,2014-10-01,2015-09-30,,4.63,4.63,4.3,20510000000.0,4.61,2492000000.0,3699000000.0,8737000000.0,8737000000.0,8646000000.0,91000000.0,79444000000.0,152606000000.0,,9409000000.0,2712000000.0,2883000000.0,28144000000.0,88853000000.0,63753000000.0,,,54029000000.0,9724000000.0,2712000000.0,12436000000.0,152606000000.0,1868800000.0,1868444000.0,1872420000.0
Chevron Corp,CVX,,93410,2015.0,Q2,2015-04-01,2015-06-30,2016-08-04 11:25:03+00:00,0.3,0.3,1.07,6958000000.0,0.3,1075000000.0,755000000.0,608000000.0,608000000.0,571000000.0,37000000.0,20541000000.0,37998000000.0,,3173000000.0,2359000000.0,,7247000000.0,23714000000.0,14284000000.0,0.0,,15280000000.0,-996000000.0,2359000000.0,1363000000.0,37998000000.0,1903300000.0,1867561000.0,1876705000.0
Chevron Corp,CVX,,93410,2015.0,Q2YTD,2015-01-01,2015-06-30,,1.68,1.68,2.14,11369000000.0,1.67,1667000000.0,1060000000.0,3208000000.0,3208000000.0,3138000000.0,70000000.0,37734000000.0,72556000000.0,,6291000000.0,2359000000.0,,13586000000.0,44025000000.0,28531000000.0,,,26622000000.0,1909000000.0,2359000000.0,4268000000.0,72556000000.0,1903300000.0,1867561000.0,1876705000.0
Chevron Corp,CVX,,93410,2015.0,Q2TTM,2014-07-01,2015-06-30,,6.51,6.51,4.3,20190000000.0,6.47,2543000000.0,6208000000.0,12307000000.0,12307000000.0,12202000000.0,105000000.0,92738000000.0,173323000000.0,,12645000000.0,2359000000.0,,29051000000.0,105383000000.0,67940000000.0,,,51784000000.0,16156000000.0,2359000000.0,18515000000.0,173323000000.0,1903300000.0,1867561000.0,1876705000.0
Chevron Corp,CVX,,93410,2015.0,Q1,2015-01-01,2015-03-31,2016-05-05 11:38:56+00:00,1.38,1.38,1.07,4411000000.0,1.37,592000000.0,305000000.0,2600000000.0,2600000000.0,2567000000.0,33000000.0,17193000000.0,34558000000.0,,3118000000.0,,,6339000000.0,20311000000.0,14247000000.0,,,11342000000.0,2905000000.0,,2905000000.0,34558000000.0,1860100000.0,1866655000.0,1876498000.0
Chevron Corp,CVX,,93410,2015.0,Q1TTM,2014-04-01,2015-03-31,,9.21,9.21,4.3,17074000000.0,9.15,2162000000.0,8790000000.0,17389000000.0,17389000000.0,17296000000.0,93000000.0,106041000000.0,193263000000.0,,12639000000.0,,,29168000000.0,118680000000.0,74583000000.0,,,48404000000.0,26179000000.0,,26179000000.0,193263000000.0,1860100000.0,1866655000.0,1876498000.0
Chevron Corp,CVX,,93410,2016.0,FY,2016-01-01,2016-12-31,2019-02-22 11:25:08+00:00,-0.27,-0.27,4.32,19457000000.0,-0.27,1033000000.0,-1729000000.0,-431000000.0,-431000000.0,-497000000.0,66000000.0,59321000000.0,114472000000.0,,12413000000.0,,,24207000000.0,71734000000.0,42738000000.0,201000000.0,,44697000000.0,-1959000000.0,-201000000.0,-2160000000.0,114472000000.0,1873000000.0,1873000000.0,1873000000.0
Chevron Corp,CVX,,93410,2016.0,Q4,2016-10-01,2016-12-31,,0.22,0.22,1.11,4203000000.0,0.22,191000000.0,74000000.0,438000000.0,438000000.0,415000000.0,23000000.0,16976000000.0,31404000000.0,,12413000000.0,93000000.0,-8799000000.0,5943000000.0,29389000000.0,2015000000.0,58000000.0,,1538000000.0,477000000.0,35000000.0,512000000.0,31404000000.0,1873000000.0,1873000000.0,1873000000.0
Chevron Corp,CVX,,93410,2016.0,Q3,2016-07-01,2016-09-30,2017-11-02 12:02:04+00:00,0.68,0.68,1.07,4130000000.0,0.68,258000000.0,-192000000.0,1301000000.0,1301000000.0,1283000000.0,18000000.0,15842000000.0,30140000000.0,,,,2962000000.0,5775000000.0,15842000000.0,14298000000.0,64000000.0,,13125000000.0,1173000000.0,-64000000.0,1109000000.0,30140000000.0,1886800000.0,1873649000.0,1883342000.0
Chevron Corp,CVX,,93410,2016.0,Q3YTD,2016-01-01,2016-09-30,,-0.49,-0.49,3.21,15254000000.0,-0.49,842000000.0,-1803000000.0,-869000000.0,-869000000.0,-912000000.0,43000000.0,42345000000.0,83068000000.0,,,-93000000.0,8799000000.0,18264000000.0,42345000000.0,40723000000.0,143000000.0,,43159000000.0,-2436000000.0,-236000000.0,-2672000000.0,83068000000.0,1886800000.0,1873649000.0,1883342000.0
Chevron Corp,CVX,,93410,2016.0,Q3TTM,2015-10-01,2016-09-30,,-0.8,-0.8,4.35,20654000000.0,-0.8,2200000000.0,-3458000000.0,-1424000000.0,-1424000000.0,-1500000000.0,76000000.0,56915000000.0,115027000000.0,,5739000000.0,-2805000000.0,5916000000.0,25537000000.0,62654000000.0,52373000000.0,143000000.0,,54307000000.0,-1934000000.0,-2948000000.0,-4882000000.0,115027000000.0,1886800000.0,1873649000.0,1883342000.0
Chevron Corp,CVX,,93410,2016.0,Q2,2016-04-01,2016-06-30,2017-08-03 11:15:53+00:00,-0.78,-0.78,1.07,6721000000.0,-0.78,214000000.0,-607000000.0,-1463000000.0,-1463000000.0,-1470000000.0,7000000.0,15278000000.0,29282000000.0,,,,2973000000.0,6087000000.0,15278000000.0,14004000000.0,79000000.0,,15995000000.0,-1991000000.0,-79000000.0,-2070000000.0,29282000000.0,1884600000.0,1871995000.0,1871995000.0
Chevron Corp,CVX,,93410,2016.0,Q2YTD,2016-01-01,2016-06-30,,-1.17,-1.17,2.14,11124000000.0,-1.17,584000000.0,-1611000000.0,-2170000000.0,-2170000000.0,-2195000000.0,25000000.0,26503000000.0,52928000000.0,,,-93000000.0,5837000000.0,12489000000.0,26503000000.0,26425000000.0,79000000.0,,30034000000.0,-3609000000.0,-172000000.0,-3781000000.0,52928000000.0,1884600000.0,1871995000.0,1871995000.0
Chevron Corp,CVX,,93410,2016.0,Q2TTM,2015-07-01,2016-06-30,,-0.39,-0.39,4.35,20792000000.0,-0.39,2257000000.0,-2539000000.0,-668000000.0,-668000000.0,-746000000.0,78000000.0,58520000000.0,118849000000.0,,5739000000.0,-2452000000.0,5837000000.0,26380000000.0,64259000000.0,54590000000.0,79000000.0,,55266000000.0,-676000000.0,-2531000000.0,-3207000000.0,118849000000.0,1884600000.0,1871995000.0,1871995000.0
Chevron Corp,CVX,,93410,2016.0,Q1,2016-01-01,2016-03-31,2017-05-04 11:42:11+00:00,-0.39,-0.39,1.07,4403000000.0,-0.39,370000000.0,-1004000000.0,-707000000.0,-707000000.0,-725000000.0,18000000.0,11225000000.0,23646000000.0,,,-93000000.0,2864000000.0,6402000000.0,11225000000.0,12421000000.0,0.0,,14039000000.0,-1618000000.0,-93000000.0,-1711000000.0,23646000000.0,1859000000.0,1869775000.0,1869775000.0
Chevron Corp,CVX,,93410,2016.0,Q1TTM,2015-04-01,2016-03-31,,0.69,0.69,4.35,21029000000.0,0.69,3118000000.0,-1177000000.0,1403000000.0,1403000000.0,1295000000.0,108000000.0,63783000000.0,127565000000.0,,8912000000.0,-93000000.0,2864000000.0,27540000000.0,72695000000.0,54870000000.0,,,54551000000.0,319000000.0,-93000000.0,226000000.0,127565000000.0,1859000000.0,1869775000.0,1869775000.0
Chevron Corp,CVX,,93410,2017.0,FY,2017-01-01,2017-12-31,2020-02-21 11:40:21+00:00,4.88,4.88,,19349000000.0,4.85,864000000.0,-48000000.0,9269000000.0,9269000000.0,9195000000.0,74000000.0,75765000000.0,141722000000.0,,12979000000.0,,,23237000000.0,88744000000.0,52978000000.0,307000000.0,,43450000000.0,9528000000.0,-307000000.0,9221000000.0,141722000000.0,1883000000.0,1883000000.0,1883000000.0
Chevron Corp,CVX,,93410,2017.0,Q4,2017-10-01,2017-12-31,,1.65,1.65,-3.24,4735000000.0,1.64,356000000.0,-1637000000.0,3118000000.0,3118000000.0,3111000000.0,7000000.0,21158000000.0,37616000000.0,,12979000000.0,,-9634000000.0,6368000000.0,34137000000.0,3479000000.0,173000000.0,,1825000000.0,1654000000.0,-173000000.0,1481000000.0,37616000000.0,1883000000.0,1883000000.0,1883000000.0
Chevron Corp,CVX,,93410,2017.0,Q3,2017-07-01,2017-09-30,2018-11-08 11:41:58+00:00,1.03,1.03,1.08,5109000000.0,1.03,239000000.0,672000000.0,1986000000.0,1986000000.0,1952000000.0,34000000.0,18776000000.0,36205000000.0,,,,3432000000.0,5956000000.0,18776000000.0,17429000000.0,35000000.0,,14736000000.0,2693000000.0,-35000000.0,2658000000.0,36205000000.0,1895100000.0,1882650000.0,1895879000.0
Chevron Corp,CVX,,93410,2017.0,Q3YTD,2017-01-01,2017-09-30,,3.23,3.23,3.24,14614000000.0,3.21,508000000.0,1589000000.0,6151000000.0,6151000000.0,6084000000.0,67000000.0,54607000000.0,104106000000.0,,,,9634000000.0,16869000000.0,54607000000.0,49499000000.0,134000000.0,,41625000000.0,7874000000.0,-134000000.0,7740000000.0,104106000000.0,1895100000.0,1882650000.0,1895879000.0
Chevron Corp,CVX,,93410,2017.0,Q3TTM,2016-10-01,2017-09-30,,3.45,3.45,4.35,18817000000.0,3.43,699000000.0,1663000000.0,6589000000.0,6589000000.0,6499000000.0,90000000.0,71583000000.0,135510000000.0,,12413000000.0,93000000.0,835000000.0,22812000000.0,83996000000.0,51514000000.0,192000000.0,,43163000000.0,8351000000.0,-99000000.0,8252000000.0,135510000000.0,1895100000.0,1882650000.0,1895879000.0
Chevron Corp,CVX,,93410,2017.0,Q2,2017-04-01,2017-06-30,2018-08-02 11:42:15+00:00,0.77,0.77,1.08,5311000000.0,0.77,125000000.0,487000000.0,1466000000.0,1466000000.0,1450000000.0,16000000.0,18325000000.0,34480000000.0,,,,3201000000.0,5517000000.0,18325000000.0,16155000000.0,48000000.0,,14154000000.0,2001000000.0,-48000000.0,1953000000.0,34480000000.0,1883100000.0,1881019000.0,1893014000.0
Chevron Corp,CVX,,93410,2017.0,Q2YTD,2017-01-01,2017-06-30,,2.2,2.2,2.16,9505000000.0,2.18,269000000.0,917000000.0,4165000000.0,4165000000.0,4132000000.0,33000000.0,35831000000.0,67901000000.0,,,,6202000000.0,10913000000.0,35831000000.0,32070000000.0,99000000.0,,26889000000.0,5181000000.0,-99000000.0,5082000000.0,67901000000.0,1883100000.0,1881019000.0,1893014000.0
Chevron Corp,CVX,,93410,2017.0,Q2TTM,2016-07-01,2017-06-30,,3.1,3.1,4.34,17838000000.0,3.08,718000000.0,799000000.0,5904000000.0,5904000000.0,5830000000.0,74000000.0,68649000000.0,129445000000.0,,12413000000.0,93000000.0,365000000.0,22631000000.0,81062000000.0,48383000000.0,221000000.0,,41552000000.0,6831000000.0,-128000000.0,6703000000.0,129445000000.0,1883100000.0,1881019000.0,1893014000.0
Chevron Corp,CVX,,93410,2017.0,Q1,2017-01-01,2017-03-31,2018-05-03 11:45:56+00:00,1.43,1.43,1.08,4194000000.0,1.41,144000000.0,430000000.0,2699000000.0,2699000000.0,2682000000.0,17000000.0,17506000000.0,33421000000.0,,,,3001000000.0,5396000000.0,17506000000.0,15915000000.0,51000000.0,,12735000000.0,3180000000.0,-51000000.0,3129000000.0,33421000000.0,1875500000.0,1879372000.0,1895393000.0
Chevron Corp,CVX,,93410,2017.0,Q1TTM,2016-04-01,2017-03-31,,1.55,1.55,4.33,19248000000.0,1.53,807000000.0,-295000000.0,2975000000.0,2975000000.0,2910000000.0,65000000.0,65602000000.0,124247000000.0,,12413000000.0,93000000.0,137000000.0,23201000000.0,78015000000.0,46232000000.0,252000000.0,,43393000000.0,2839000000.0,-159000000.0,2680000000.0,124247000000.0,1875500000.0,1879372000.0,1895393000.0
Chevron Corp,CVX,,93410,2018.0,FY,2018-01-01,2018-12-31,2020-02-21 11:40:21+00:00,7.81,7.81,,19419000000.0,7.74,1210000000.0,5715000000.0,14860000000.0,14860000000.0,14824000000.0,36000000.0,94578000000.0,166339000000.0,,5427000000.0,,,24382000000.0,100005000000.0,66334000000.0,748000000.0,,45011000000.0,21323000000.0,-748000000.0,20575000000.0,166339000000.0,1898000000.0,1898000000.0,1898000000.0
Chevron Corp,CVX,,93410,2018.0,Q4,2018-10-01,2018-12-31,,1.97,1.97,-3.36,5252000000.0,1.95,250000000.0,1179000000.0,3723000000.0,3719000000.0,3730000000.0,-7000000.0,23920000000.0,42352000000.0,,5427000000.0,,-4310000000.0,6725000000.0,29347000000.0,13005000000.0,190000000.0,,7917000000.0,5088000000.0,-190000000.0,4898000000.0,42352000000.0,1898000000.0,1898000000.0,1898000000.0
Chevron Corp,CVX,,93410,2018.0,Q3,2018-07-01,2018-09-30,2019-11-07 11:28:38+00:00,2.13,2.13,1.12,5380000000.0,2.11,625000000.0,1643000000.0,4056000000.0,4056000000.0,4047000000.0,9000000.0,24681000000.0,43987000000.0,,,,1417000000.0,6003000000.0,24681000000.0,19306000000.0,182000000.0,,13425000000.0,5881000000.0,-182000000.0,5699000000.0,43987000000.0,1900000000.0,1900717000.0,1917474000.0
Chevron Corp,CVX,,93410,2018.0,Q3YTD,2018-01-01,2018-09-30,,5.84,5.84,3.36,14167000000.0,5.79,960000000.0,4536000000.0,11137000000.0,11141000000.0,11094000000.0,43000000.0,70658000000.0,123987000000.0,,,,4310000000.0,17657000000.0,70658000000.0,53329000000.0,558000000.0,,37094000000.0,16235000000.0,-558000000.0,15677000000.0,123987000000.0,1900000000.0,1900717000.0,1917474000.0
Chevron Corp,CVX,,93410,2018.0,Q3TTM,2017-10-01,2018-09-30,,7.49,7.49,0.12,18902000000.0,7.43,1316000000.0,2899000000.0,14255000000.0,14259000000.0,14205000000.0,50000000.0,91816000000.0,161603000000.0,,12979000000.0,,-5324000000.0,24025000000.0,104795000000.0,56808000000.0,731000000.0,,38919000000.0,17889000000.0,-731000000.0,17158000000.0,161603000000.0,1900000000.0,1900717000.0,1917474000.0
Chevron Corp,CVX,,93410,2018.0,Q2,2018-04-01,2018-06-30,2018-08-02 11:42:15+00:00,1.79,1.79,1.12,4498000000.0,1.78,177000000.0,1483000000.0,3422000000.0,3422000000.0,3409000000.0,13000000.0,24744000000.0,42236000000.0,,,,1465000000.0,6230000000.0,24744000000.0,17492000000.0,217000000.0,,12370000000.0,5122000000.0,-217000000.0,4905000000.0,42236000000.0,1904500000.0,1900375000.0,1918949000.0
Chevron Corp,CVX,,93410,2018.0,Q2YTD,2018-01-01,2018-06-30,,3.71,3.71,2.24,8787000000.0,3.68,335000000.0,2893000000.0,7081000000.0,7085000000.0,7047000000.0,34000000.0,45977000000.0,80000000000.0,,,,2893000000.0,11654000000.0,45977000000.0,34023000000.0,376000000.0,,23669000000.0,10354000000.0,-376000000.0,9978000000.0,80000000000.0,1904500000.0,1900375000.0,1918949000.0
Chevron Corp,CVX,,93410,2018.0,Q2TTM,2017-07-01,2018-06-30,,6.39,6.39,0.08,18631000000.0,6.35,930000000.0,1928000000.0,12185000000.0,12189000000.0,12110000000.0,75000000.0,85911000000.0,153821000000.0,,12979000000.0,,-3309000000.0,23978000000.0,98890000000.0,54931000000.0,584000000.0,,40230000000.0,14701000000.0,-584000000.0,14117000000.0,153821000000.0,1904500000.0,1900375000.0,1918949000.0
Chevron Corp,CVX,,93410,2018.0,Q1,2018-01-01,2018-03-31,2019-05-02 11:33:10+00:00,1.92,1.92,1.12,4289000000.0,1.9,158000000.0,1410000000.0,3659000000.0,3663000000.0,3638000000.0,21000000.0,21233000000.0,37764000000.0,,,,1428000000.0,5424000000.0,21233000000.0,16531000000.0,159000000.0,,11299000000.0,5232000000.0,-159000000.0,5073000000.0,37764000000.0,1894800000.0,1895990000.0,1913218000.0
Chevron Corp,CVX,,93410,2018.0,Q1TTM,2017-04-01,2018-03-31,,5.37,5.37,0.04,19444000000.0,5.34,878000000.0,932000000.0,10229000000.0,10233000000.0,10151000000.0,78000000.0,79492000000.0,146065000000.0,,12979000000.0,,-1573000000.0,23265000000.0,92471000000.0,53594000000.0,415000000.0,,42014000000.0,11580000000.0,-415000000.0,11165000000.0,146065000000.0,1894800000.0,1895990000.0,1913218000.0
Chevron Corp,CVX,,93410,2019.0,Q4,2019-10-01,2019-12-31,,-3.51,-3.51,-3.57,16429000000.0,-3.48,272000000.0,-1743000000.0,-6667000000.0,-6662000000.0,-6610000000.0,-57000000.0,19693000000.0,36350000000.0,,4553000000.0,,-3486000000.0,7116000000.0,24246000000.0,12104000000.0,178000000.0,,20331000000.0,-8227000000.0,-178000000.0,-8405000000.0,36350000000.0,1882000000.0,1882000000.0,1882000000.0
Chevron Corp,CVX,,93410,2019.0,FY,2019-01-01,2019-12-31,2020-02-21 11:40:21+00:00,1.55,1.55,,29218000000.0,1.54,770000000.0,2691000000.0,2845000000.0,2845000000.0,2924000000.0,-79000000.0,80113000000.0,146516000000.0,,4553000000.0,,,25528000000.0,84666000000.0,61850000000.0,798000000.0,,55516000000.0,6334000000.0,-798000000.0,5536000000.0,146516000000.0,1882000000.0,1882000000.0,1882000000.0
Chevron Corp,CVX,,93410,2019.0,Q3YTD,2019-01-01,2019-09-30,,5.06,5.06,3.57,12789000000.0,5.02,498000000.0,4434000000.0,9512000000.0,9507000000.0,9534000000.0,-22000000.0,60420000000.0,110166000000.0,,,,3486000000.0,18412000000.0,60420000000.0,49746000000.0,620000000.0,,35185000000.0,14561000000.0,-620000000.0,13941000000.0,110166000000.0,1869600000.0,1880607000.0,1893928000.0
Chevron Corp,CVX,,93410,2019.0,Q3TTM,2018-10-01,2019-09-30,,7.03,7.03,0.21,18041000000.0,6.97,748000000.0,5613000000.0,13235000000.0,13226000000.0,13264000000.0,-29000000.0,84340000000.0,152518000000.0,,5427000000.0,,-824000000.0,25137000000.0,89767000000.0,62751000000.0,810000000.0,,43102000000.0,19649000000.0,-810000000.0,18839000000.0,152518000000.0,1869600000.0,1880607000.0,1893928000.0
Chevron Corp,CVX,,93410,2019.0,Q3,2019-07-01,2019-09-30,2019-11-07 11:28:38+00:00,1.38,1.38,1.19,4361000000.0,1.36,168000000.0,1469000000.0,2580000000.0,2580000000.0,2580000000.0,0.0,19882000000.0,36116000000.0,,,,1180000000.0,6279000000.0,19882000000.0,16234000000.0,197000000.0,,11988000000.0,4246000000.0,-197000000.0,4049000000.0,36116000000.0,1869600000.0,1880607000.0,1893928000.0
Chevron Corp,CVX,,93410,2019.0,Q2YTD,2019-01-01,2019-06-30,,3.68,3.68,2.38,8428000000.0,3.66,330000000.0,2965000000.0,6932000000.0,6927000000.0,6954000000.0,-22000000.0,40538000000.0,74050000000.0,,,,2306000000.0,12133000000.0,40538000000.0,33512000000.0,423000000.0,,23197000000.0,10315000000.0,-423000000.0,9892000000.0,74050000000.0,1888200000.0,1889265000.0,1902977000.0
Chevron Corp,CVX,,93410,2019.0,Q2TTM,2018-07-01,2019-06-30,,7.78,7.78,0.14,19060000000.0,7.72,1205000000.0,5787000000.0,14711000000.0,14702000000.0,14731000000.0,-20000000.0,89139000000.0,160389000000.0,,5427000000.0,,-587000000.0,24861000000.0,94566000000.0,65823000000.0,795000000.0,,44539000000.0,21284000000.0,-795000000.0,20489000000.0,160389000000.0,1888200000.0,1889265000.0,1902977000.0
Chevron Corp,CVX,,93410,2019.0,Q2,2019-04-01,2019-06-30,2019-08-07 12:01:45+00:00,2.28,2.28,1.19,4334000000.0,2.27,141000000.0,1650000000.0,4290000000.0,4285000000.0,4305000000.0,-15000000.0,20835000000.0,38850000000.0,,,,1144000000.0,6263000000.0,20835000000.0,18015000000.0,198000000.0,,11882000000.0,6133000000.0,-198000000.0,5935000000.0,38850000000.0,1888200000.0,1889265000.0,1902977000.0
Chevron Corp,CVX,,93410,2019.0,Q1,2019-01-01,2019-03-31,2020-05-06 13:56:34+00:00,1.4,1.4,1.19,4094000000.0,1.39,189000000.0,1315000000.0,2642000000.0,2642000000.0,2649000000.0,-7000000.0,19703000000.0,35200000000.0,,,,1162000000.0,5870000000.0,19703000000.0,15497000000.0,225000000.0,,11315000000.0,4182000000.0,-225000000.0,3957000000.0,35200000000.0,1892100000.0,1888002000.0,1900748000.0
Chevron Corp,CVX,,93410,2019.0,Q1TTM,2018-04-01,2019-03-31,,7.29,7.29,0.07,19224000000.0,7.23,1241000000.0,5620000000.0,13843000000.0,13839000000.0,13835000000.0,8000000.0,93048000000.0,163775000000.0,,5427000000.0,,-266000000.0,24828000000.0,98475000000.0,65300000000.0,814000000.0,,45027000000.0,20273000000.0,-814000000.0,19459000000.0,163775000000.0,1892100000.0,1888002000.0,1900748000.0
Chevron Corp,CVX,,93410,2020.0,Q1TTM,2019-04-01,2020-03-31,,2.08,2.08,0.1,29412000000.0,2.08,739000000.0,1940000000.0,3784000000.0,3784000000.0,3874000000.0,-90000000.0,75919000000.0,142817000000.0,,4553000000.0,,103000000.0,25632000000.0,80472000000.0,62345000000.0,735000000.0,,55886000000.0,6459000000.0,-735000000.0,5724000000.0,142817000000.0,1864800000.0,1862273000.0,1865649000.0
Chevron Corp,CVX,,93410,2020.0,Q1,2020-01-01,2020-03-31,2020-05-06 13:56:34+00:00,1.93,1.93,1.29,4288000000.0,1.93,158000000.0,564000000.0,3581000000.0,3581000000.0,3599000000.0,-18000000.0,15509000000.0,31501000000.0,,,,1265000000.0,5974000000.0,15509000000.0,15992000000.0,162000000.0,,11685000000.0,4307000000.0,-162000000.0,4145000000.0,31501000000.0,1864800000.0,1862273000.0,1865649000.0
