company_name,company_ticker,company_lei,company_cik,year,quarter,start_date,end_date,filing_date,amortizationexpense,basicdilutedeps,basiceps,cashdividendspershare,depreciationexpense,dilutedeps,explorationexpense,extraordinaryincome,impairmentexpense,incometaxexpense,marketingexpense,netincome,netincomecontinuing,netincomediscontinued,netincometocommon,netincometononcontrollinginterest,operatingcostofrevenue,operatingrevenue,othercostofrevenue,otherincome,otheroperatingexpenses,otherrevenue,otherspecialcharges,preferreddividends,rdexpense,restructuringcharge,sgaexpense,totalcostofrevenue,totalgrossprofit,totalinterestexpense,totalinterestincome,totaloperatingexpenses,totaloperatingincome,totalotherincome,totalpretaxincome,totalrevenue,weightedavebasicdilutedsharesos,weightedavebasicsharesos,weightedavedilutedsharesos
Eli Lilly and Co,LLY,FRDRIPF3EKNDJ2CQJL29,59478,2007.0,FY,2007-01-01,2007-12-31,2010-02-22 12:45:27+00:00,,2.71,2.71,,,2.71,,,,923800000.0,,2953000000.0,2953000000.0,,2953000000.0,,4248800000.0,18633500000.0,,122000000.0,,,,,4232300000.0,302500000.0,6095100000.0,4248800000.0,14384700000.0,,,10629900000.0,3754800000.0,122000000.0,3876800000.0,18633500000.0,1089700000.0,1089700000.0,1089700000.0
Eli Lilly and Co,LLY,FRDRIPF3EKNDJ2CQJL29,59478,2008.0,FY,2008-01-01,2008-12-31,2010-02-22 12:45:27+00:00,,-1.89,-1.89,,,-1.89,,,,764300000.0,,-2071900000.0,-2071900000.0,,-2071900000.0,,4376700000.0,20371900000.0,,-26100000.0,,,,,8676300000.0,1974000000.0,6626400000.0,4376700000.0,15995200000.0,,,17276700000.0,-1281500000.0,-26100000.0,-1307600000.0,20371900000.0,1096200000.0,1096200000.0,1096200000.0
Eli Lilly and Co,LLY,FRDRIPF3EKNDJ2CQJL29,59478,2008.0,Q3,2008-07-01,2008-09-30,2009-10-30 13:15:47+00:00,,-0.43,-0.43,0.47,,-0.43,,,,232800000.0,,-465600000.0,-465600000.0,,-465600000.0,,1155200000.0,5092400000.0,,2500000.0,,117100000.0,,,981000000.0,1659400000.0,1649200000.0,1155200000.0,4054300000.0,,,4289600000.0,-235300000.0,2500000.0,-232800000.0,5209500000.0,1082800000.0,1082800000.0,1082800000.0
Eli Lilly and Co,LLY,FRDRIPF3EKNDJ2CQJL29,59478,2008.0,Q2,2008-04-01,2008-06-30,2009-07-31 10:22:37+00:00,0.0,0.88,0.0,0.47,0.0,0.0,0.0,0.0,0.0,247500000.0,0.0,894200000.0,894200000.0,0.0,894200000.0,0.0,1200900000.0,0.0,0.0,-32300000.0,0.0,5150400000.0,0.0,0.0,986500000.0,88900000.0,1700100000.0,1200900000.0,3949500000.0,0.0,0.0,2775500000.0,1174000000.0,-32300000.0,1141700000.0,5150400000.0,1016100000.0,0.0,0.0
Eli Lilly and Co,LLY,FRDRIPF3EKNDJ2CQJL29,59478,2009.0,Q4,2009-10-01,2009-12-31,,,0.82,1.88,0.49,,1.88,,,,221800000.0,,867200000.0,867200000.0,,867200000.0,,1431300000.0,11227000000.0,,-116000000.0,,-5292800000.0,,,1306700000.0,37900000.0,1953300000.0,1431300000.0,4502900000.0,,,3297900000.0,1205000000.0,-116000000.0,1089000000.0,5934200000.0,1098338000.0,1098338000.0,1098338000.0
Eli Lilly and Co,LLY,FRDRIPF3EKNDJ2CQJL29,59478,2009.0,FY,2009-01-01,2009-12-31,2012-02-24 17:07:08+00:00,,3.94,3.94,1.96,,3.94,,,,1029000000.0,,4328800000.0,4328800000.0,,4328800000.0,,4247000000.0,21836000000.0,,-229500000.0,,,,,4416500000.0,692700000.0,6892500000.0,4247000000.0,17589000000.0,,,12001700000.0,5587300000.0,-229500000.0,5357800000.0,21836000000.0,1098338000.0,1098338000.0,1098338000.0
Eli Lilly and Co,LLY,FRDRIPF3EKNDJ2CQJL29,59478,2009.0,Q3,2009-07-01,2009-09-30,2010-10-29 09:15:32+00:00,,0.86,0.86,0.49,,0.86,,,,127700000.0,,941800000.0,941800000.0,,941800000.0,,1051900000.0,5562000000.0,,-66900000.0,,,,,1122100000.0,549800000.0,1701800000.0,1051900000.0,4510100000.0,,,3373700000.0,1136400000.0,-66900000.0,1069500000.0,5562000000.0,1095100000.0,1095100000.0,1095100000.0
Eli Lilly and Co,LLY,FRDRIPF3EKNDJ2CQJL29,59478,2009.0,Q3YTD,2009-01-01,2009-09-30,,,3.12,2.06,1.47,,2.06,,,,807200000.0,,3461600000.0,3461600000.0,,3461600000.0,,2815700000.0,10609000000.0,,-113500000.0,,5292800000.0,,,3109800000.0,654800000.0,4939200000.0,2815700000.0,13086100000.0,,,8703800000.0,4382300000.0,-113500000.0,4268800000.0,15901800000.0,1095100000.0,1095100000.0,1095100000.0
Eli Lilly and Co,LLY,FRDRIPF3EKNDJ2CQJL29,59478,2009.0,Q2,2009-04-01,2009-06-30,2009-07-31 10:22:37+00:00,0.0,1.06,0.0,0.49,0.0,0.0,0.0,0.0,0.0,309200000.0,0.0,1206700000.0,1206700000.0,0.0,1206700000.0,0.0,947400000.0,0.0,0.0,24100000.0,0.0,5292800000.0,0.0,0.0,1040400000.0,105000000.0,1708200000.0,947400000.0,4345400000.0,0.0,0.0,2853600000.0,1491800000.0,24100000.0,1515900000.0,5292800000.0,1138400000.0,0.0,0.0
Eli Lilly and Co,LLY,FRDRIPF3EKNDJ2CQJL29,59478,2009.0,Q2YTD,2009-01-01,2009-06-30,,,2.26,1.2,0.98,,1.2,,,,679500000.0,,2519800000.0,2519800000.0,,2519800000.0,,1763800000.0,5047000000.0,,-46600000.0,,5292800000.0,,,1987700000.0,105000000.0,3237400000.0,1763800000.0,8576000000.0,,,5330100000.0,3245900000.0,-46600000.0,3199300000.0,10339800000.0,1138400000.0,0.0,0.0
Eli Lilly and Co,LLY,FRDRIPF3EKNDJ2CQJL29,59478,2009.0,Q1,2009-01-01,2009-03-31,2010-04-30 10:09:16+00:00,,1.2,1.2,0.49,,1.2,,,,370300000.0,,1313100000.0,1313100000.0,,1313100000.0,,816400000.0,5047000000.0,,-70700000.0,,,,,947300000.0,0.0,1529200000.0,816400000.0,4230600000.0,,,2476500000.0,1754100000.0,-70700000.0,1683400000.0,5047000000.0,1094300000.0,1094300000.0,1094300000.0
Eli Lilly and Co,LLY,FRDRIPF3EKNDJ2CQJL29,59478,2010.0,Q4,2010-10-01,2010-12-31,,,1.05,1.05,-1.47,,1.05,,,,240000000.0,,1169600000.0,1169600000.0,,1169600000.0,,1232200000.0,6187000000.0,,-39400000.0,,,,,1438100000.0,79000000.0,1988700000.0,1232200000.0,4954800000.0,,,3505800000.0,1449000000.0,-39400000.0,1409600000.0,6187000000.0,1105788000.0,1105788000.0,1105788000.0
Eli Lilly and Co,LLY,FRDRIPF3EKNDJ2CQJL29,59478,2010.0,FY,2010-01-01,2010-12-31,2013-02-21 10:28:17+00:00,,4.58,4.58,,,4.58,,,,1455700000.0,,5069500000.0,5069500000.0,,5069500000.0,,4366200000.0,23076000000.0,,-5000000.0,,,,,4934200000.0,192000000.0,7053400000.0,4366200000.0,18709800000.0,,,12179600000.0,6530200000.0,-5000000.0,6525200000.0,23076000000.0,1105788000.0,1105788000.0,1105788000.0
Eli Lilly and Co,LLY,FRDRIPF3EKNDJ2CQJL29,59478,2010.0,Q3,2010-07-01,2010-09-30,2010-10-29 09:15:32+00:00,,1.18,1.18,0.49,,1.18,,,,368400000.0,,1302900000.0,1302900000.0,,1302900000.0,,987600000.0,5654800000.0,,-21700000.0,,,,,1219800000.0,59500000.0,1694900000.0,987600000.0,4667200000.0,,,2974200000.0,1693000000.0,-21700000.0,1671300000.0,5654800000.0,1104200000.0,1104200000.0,1104200000.0
Eli Lilly and Co,LLY,FRDRIPF3EKNDJ2CQJL29,59478,2010.0,Q3YTD,2010-01-01,2010-09-30,,,3.53,3.53,1.47,,3.53,,,,1215700000.0,,3899900000.0,3899900000.0,,3899900000.0,,3134000000.0,16889000000.0,,34400000.0,,,,,3496100000.0,113000000.0,5064700000.0,3134000000.0,13755000000.0,,,8673800000.0,5081200000.0,34400000.0,5115600000.0,16889000000.0,1104200000.0,1104200000.0,1104200000.0
Eli Lilly and Co,LLY,FRDRIPF3EKNDJ2CQJL29,59478,2010.0,Q3TTM,2009-10-01,2010-09-30,,,4.35,5.41,1.96,,5.41,,,,1437500000.0,,4767100000.0,4767100000.0,,4767100000.0,,4565300000.0,28116000000.0,,-81600000.0,,-5292800000.0,,,4802800000.0,150900000.0,7018000000.0,4565300000.0,18257900000.0,,,11971700000.0,6286200000.0,-81600000.0,6204600000.0,22823200000.0,1104200000.0,1104200000.0,1104200000.0
Eli Lilly and Co,LLY,FRDRIPF3EKNDJ2CQJL29,59478,2010.0,Q2,2010-04-01,2010-06-30,2010-07-30 17:56:06+00:00,,1.22,1.22,0.49,,1.22,,,,387600000.0,,1348900000.0,1348900000.0,,1348900000.0,,1023900000.0,5748700000.0,,-18400000.0,,,,,1187200000.0,27300000.0,1755400000.0,1023900000.0,4724800000.0,,,2969900000.0,1754900000.0,-18400000.0,1736500000.0,5748700000.0,1105700000.0,1105700000.0,1105700000.0
Eli Lilly and Co,LLY,FRDRIPF3EKNDJ2CQJL29,59478,2010.0,Q2YTD,2010-01-01,2010-06-30,,,2.35,2.35,0.98,,2.35,,,,847300000.0,,2597000000.0,2597000000.0,,2597000000.0,,2146400000.0,11234200000.0,,56100000.0,,,,,2276300000.0,53500000.0,3369800000.0,2146400000.0,9087800000.0,,,5699600000.0,3388200000.0,56100000.0,3444300000.0,11234200000.0,1105700000.0,1105700000.0,1105700000.0
Eli Lilly and Co,LLY,FRDRIPF3EKNDJ2CQJL29,59478,2010.0,Q2TTM,2009-07-01,2010-06-30,,,4.03,5.09,1.96,,5.09,,,,1196800000.0,,4406000000.0,4406000000.0,,4406000000.0,,4629600000.0,28023200000.0,,-126800000.0,,-5292800000.0,,,4705100000.0,641200000.0,7024900000.0,4629600000.0,18100800000.0,,,12371200000.0,5729600000.0,-126800000.0,5602800000.0,22730400000.0,1105700000.0,1105700000.0,1105700000.0
Eli Lilly and Co,LLY,FRDRIPF3EKNDJ2CQJL29,59478,2010.0,Q1TTM,2009-04-01,2010-03-31,,,3.87,3.87,1.96,,3.87,,,,1118400000.0,,4263800000.0,4263800000.0,,4263800000.0,,4553100000.0,22274500000.0,,-84300000.0,,,,,4558300000.0,718900000.0,6977700000.0,4553100000.0,17721400000.0,,,12254900000.0,5466500000.0,-84300000.0,5382200000.0,22274500000.0,1104500000.0,1104500000.0,1104500000.0
Eli Lilly and Co,LLY,FRDRIPF3EKNDJ2CQJL29,59478,2010.0,Q1,2010-01-01,2010-03-31,2011-04-29 12:57:48+00:00,,1.13,1.13,0.49,,1.13,,,,459700000.0,,1248100000.0,1248100000.0,,1248100000.0,,1122500000.0,5485500000.0,,74500000.0,,,,,1089100000.0,26200000.0,1614400000.0,1122500000.0,4363000000.0,,,2729700000.0,1633300000.0,74500000.0,1707800000.0,5485500000.0,1104500000.0,1104500000.0,1104500000.0
Eli Lilly and Co,LLY,FRDRIPF3EKNDJ2CQJL29,59478,2011.0,Q4,2011-10-01,2011-12-31,,,0.77,0.77,-1.47,,0.77,,,,183600000.0,,858200000.0,858200000.0,,858200000.0,,1321700000.0,6046600000.0,,-26800000.0,,,,,1355300000.0,167600000.0,2133400000.0,1321700000.0,4724900000.0,,,3656300000.0,1068600000.0,-26800000.0,1041800000.0,6046600000.0,1113923000.0,1113923000.0,1113923000.0
Eli Lilly and Co,LLY,FRDRIPF3EKNDJ2CQJL29,59478,2011.0,FY,2011-01-01,2011-12-31,2014-02-19 13:34:18+00:00,,3.9,3.9,,,3.9,,,,1001800000.0,,4347700000.0,4347700000.0,,4347700000.0,,5067900000.0,24286500000.0,,-179000000.0,,,,,5408800000.0,401400000.0,7879900000.0,5067900000.0,19218600000.0,,,13690100000.0,5528500000.0,-179000000.0,5349500000.0,24286500000.0,1113923000.0,1113923000.0,1113923000.0
Eli Lilly and Co,LLY,FRDRIPF3EKNDJ2CQJL29,59478,2011.0,Q3,2011-07-01,2011-09-30,2011-10-28 15:35:38+00:00,,1.11,1.11,0.49,,1.11,,,,266200000.0,,1236300000.0,1236300000.0,,1236300000.0,,1338100000.0,6147900000.0,,-83400000.0,,,,,1280900000.0,25200000.0,1917800000.0,1338100000.0,4809800000.0,,,3223900000.0,1585900000.0,-83400000.0,1502500000.0,6147900000.0,1113800000.0,1113800000.0,1113800000.0
Eli Lilly and Co,LLY,FRDRIPF3EKNDJ2CQJL29,59478,2011.0,Q3YTD,2011-01-01,2011-09-30,,,3.13,3.13,1.47,,3.13,,,,818200000.0,,3489500000.0,3489500000.0,,3489500000.0,,3746200000.0,18239900000.0,,-152200000.0,,,,,4053500000.0,233800000.0,5746500000.0,3746200000.0,14493700000.0,,,10033800000.0,4459900000.0,-152200000.0,4307700000.0,18239900000.0,1113800000.0,1113800000.0,1113800000.0
Eli Lilly and Co,LLY,FRDRIPF3EKNDJ2CQJL29,59478,2011.0,Q3TTM,2010-10-01,2011-09-30,,,4.18,4.18,,,4.18,,,,1058200000.0,,4659100000.0,4659100000.0,,4659100000.0,,4978400000.0,24426900000.0,,-191600000.0,,,,,5491600000.0,312800000.0,7735200000.0,4978400000.0,19448500000.0,,,13539600000.0,5908900000.0,-191600000.0,5717300000.0,24426900000.0,1113800000.0,1113800000.0,1113800000.0
Eli Lilly and Co,LLY,FRDRIPF3EKNDJ2CQJL29,59478,2011.0,Q2,2011-04-01,2011-06-30,2011-07-29 15:48:00+00:00,,1.07,1.07,0.49,,1.07,,,,334000000.0,,1197300000.0,1197300000.0,,1197300000.0,,1228000000.0,6252800000.0,,-57600000.0,,,,,1260600000.0,132300000.0,2043000000.0,1228000000.0,5024800000.0,,,3435900000.0,1588900000.0,-57600000.0,1531300000.0,6252800000.0,1119000000.0,1119000000.0,1119000000.0
Eli Lilly and Co,LLY,FRDRIPF3EKNDJ2CQJL29,59478,2011.0,Q2YTD,2011-01-01,2011-06-30,,,2.02,2.02,0.98,,2.02,,,,552000000.0,,2253200000.0,2253200000.0,,2253200000.0,,2408100000.0,12092000000.0,,-68800000.0,,,,,2772600000.0,208600000.0,3828700000.0,2408100000.0,9683900000.0,,,6809900000.0,2874000000.0,-68800000.0,2805200000.0,12092000000.0,1119000000.0,1119000000.0,1119000000.0
Eli Lilly and Co,LLY,FRDRIPF3EKNDJ2CQJL29,59478,2011.0,Q2TTM,2010-07-01,2011-06-30,,,4.25,4.25,,,4.25,,,,1160400000.0,,4725700000.0,4725700000.0,,4725700000.0,,4627900000.0,23933800000.0,,-129900000.0,,,,,5430500000.0,347100000.0,7512300000.0,4627900000.0,19305900000.0,,,13289900000.0,6016000000.0,-129900000.0,5886100000.0,23933800000.0,1119000000.0,1119000000.0,1119000000.0
Eli Lilly and Co,LLY,FRDRIPF3EKNDJ2CQJL29,59478,2011.0,Q1,2011-01-01,2011-03-31,2011-04-29 12:57:48+00:00,,0.95,0.95,0.49,,0.95,,,,218000000.0,,1055900000.0,1055900000.0,,1055900000.0,,1180100000.0,5839200000.0,,-11200000.0,,,,,1512000000.0,76300000.0,1785700000.0,1180100000.0,4659100000.0,,,3374000000.0,1285100000.0,-11200000.0,1273900000.0,5839200000.0,1111500000.0,1111500000.0,1111500000.0
Eli Lilly and Co,LLY,FRDRIPF3EKNDJ2CQJL29,59478,2011.0,Q1TTM,2010-04-01,2011-03-31,,,4.4,4.4,,,4.4,,,,1214000000.0,,4877300000.0,4877300000.0,,4877300000.0,,4423800000.0,23429700000.0,,-90700000.0,,,,,5357100000.0,242100000.0,7224700000.0,4423800000.0,19005900000.0,,,12823900000.0,6182000000.0,-90700000.0,6091300000.0,23429700000.0,1111500000.0,1111500000.0,1111500000.0
Eli Lilly and Co,LLY,FRDRIPF3EKNDJ2CQJL29,59478,2012.0,Q4,2012-10-01,2012-12-31,,,0.75,0.75,-1.47,,0.74,,,,185200000.0,,827300000.0,827300000.0,,827300000.0,,1248300000.0,5957400000.0,,-52000000.0,,,,,1463100000.0,204000000.0,1977500000.0,1248300000.0,4709100000.0,,,3644600000.0,1064500000.0,-52000000.0,1012500000.0,5957400000.0,1114100000.0,1113178000.0,1117294000.0
Eli Lilly and Co,LLY,FRDRIPF3EKNDJ2CQJL29,59478,2012.0,FY,2012-01-01,2012-12-31,2015-02-19 16:02:25+00:00,,3.67,3.67,,,3.66,,,,1319600000.0,,4088600000.0,4088600000.0,,4088600000.0,,4796500000.0,22603400000.0,,674000000.0,,,,,5278100000.0,281100000.0,7513500000.0,4796500000.0,17806900000.0,,,13072700000.0,4734200000.0,674000000.0,5408200000.0,22603400000.0,1114100000.0,1113178000.0,1117294000.0
Eli Lilly and Co,LLY,FRDRIPF3EKNDJ2CQJL29,59478,2012.0,Q3,2012-07-01,2012-09-30,2012-10-26 15:24:11+00:00,,1.18,1.18,0.49,,1.18,,,,548100000.0,,1326600000.0,1326600000.0,,1326600000.0,,1203600000.0,5443300000.0,,788500000.0,,,,,1342800000.0,53300000.0,1757400000.0,1203600000.0,4239700000.0,,,3153500000.0,1086200000.0,788500000.0,1874700000.0,5443300000.0,1124200000.0,1124200000.0,1124200000.0
Eli Lilly and Co,LLY,FRDRIPF3EKNDJ2CQJL29,59478,2012.0,Q3YTD,2012-01-01,2012-09-30,,,2.92,2.92,1.47,,2.92,,,,1134400000.0,,3261300000.0,3261300000.0,,3261300000.0,,3548200000.0,16646000000.0,,726000000.0,,,,,3815000000.0,77100000.0,5536000000.0,3548200000.0,13097800000.0,,,9428100000.0,3669700000.0,726000000.0,4395700000.0,16646000000.0,1124200000.0,1124200000.0,1124200000.0
Eli Lilly and Co,LLY,FRDRIPF3EKNDJ2CQJL29,59478,2012.0,Q3TTM,2011-10-01,2012-09-30,,,3.69,3.69,,,3.69,,,,1318000000.0,,4119500000.0,4119500000.0,,4119500000.0,,4869900000.0,22692600000.0,,699200000.0,,,,,5170300000.0,244700000.0,7669400000.0,4869900000.0,17822700000.0,,,13084400000.0,4738300000.0,699200000.0,5437500000.0,22692600000.0,1124200000.0,1124200000.0,1124200000.0
Eli Lilly and Co,LLY,FRDRIPF3EKNDJ2CQJL29,59478,2012.0,Q2,2012-04-01,2012-06-30,2012-07-27 13:05:14+00:00,,0.83,0.83,0.49,,0.83,,,,262100000.0,,923600000.0,923600000.0,,923600000.0,,1146700000.0,5600700000.0,,-16500000.0,,,,,1320700000.0,0.0,1931100000.0,1146700000.0,4454000000.0,,,3251800000.0,1202200000.0,-16500000.0,1185700000.0,5600700000.0,1112800000.0,1112800000.0,1112800000.0
Eli Lilly and Co,LLY,FRDRIPF3EKNDJ2CQJL29,59478,2012.0,Q2YTD,2012-01-01,2012-06-30,,,1.74,1.74,0.98,,1.74,,,,586300000.0,,1934700000.0,1934700000.0,,1934700000.0,,2344600000.0,11202700000.0,,-62500000.0,,,,,2472200000.0,23800000.0,3778600000.0,2344600000.0,8858100000.0,,,6274600000.0,2583500000.0,-62500000.0,2521000000.0,11202700000.0,1112800000.0,1112800000.0,1112800000.0
Eli Lilly and Co,LLY,FRDRIPF3EKNDJ2CQJL29,59478,2012.0,Q2TTM,2011-07-01,2012-06-30,,,3.62,3.62,,,3.62,,,,1036100000.0,,4029200000.0,4029200000.0,,4029200000.0,,5004400000.0,23397200000.0,,-172700000.0,,,,,5108400000.0,216600000.0,7829800000.0,5004400000.0,18392800000.0,,,13154800000.0,5238000000.0,-172700000.0,5065300000.0,23397200000.0,1112800000.0,1112800000.0,1112800000.0
Eli Lilly and Co,LLY,FRDRIPF3EKNDJ2CQJL29,59478,2012.0,Q1,2012-01-01,2012-03-31,2012-04-30 15:25:52+00:00,,0.91,0.91,0.49,,0.91,,,,324200000.0,,1011100000.0,1011100000.0,,1011100000.0,,1197900000.0,5602000000.0,,-46000000.0,,,,,1151500000.0,23800000.0,1847500000.0,1197900000.0,4404100000.0,,,3022800000.0,1381300000.0,-46000000.0,1335300000.0,5602000000.0,1111100000.0,1111100000.0,1111100000.0
Eli Lilly and Co,LLY,FRDRIPF3EKNDJ2CQJL29,59478,2012.0,Q1TTM,2011-04-01,2012-03-31,,,3.86,3.86,,,3.86,,,,1108000000.0,,4302900000.0,4302900000.0,,4302900000.0,,5085700000.0,24049300000.0,,-213800000.0,,,,,5048300000.0,348900000.0,7941700000.0,5085700000.0,18963600000.0,,,13338900000.0,5624700000.0,-213800000.0,5410900000.0,24049300000.0,1111100000.0,1111100000.0,1111100000.0
Eli Lilly and Co,LLY,FRDRIPF3EKNDJ2CQJL29,59478,2013.0,Q4,2013-10-01,2013-12-31,,,0.68,0.68,-1.47,,0.68,,,,182400000.0,,727500000.0,727500000.0,,727500000.0,,1386500000.0,5808800000.0,,9100000.0,,,,,1532500000.0,35400000.0,1953600000.0,1386500000.0,4422300000.0,,,3521500000.0,900800000.0,9100000.0,909900000.0,5808800000.0,1081900000.0,1080874000.0,1084766000.0
Eli Lilly and Co,LLY,FRDRIPF3EKNDJ2CQJL29,59478,2013.0,FY,2013-01-01,2013-12-31,2015-02-19 16:02:25+00:00,,4.33,4.33,,,4.32,,,,1204500000.0,,4684800000.0,4684800000.0,,4684800000.0,,4908100000.0,23113100000.0,,518900000.0,,,,,5588400000.0,120600000.0,7125600000.0,4908100000.0,18205000000.0,,,12834600000.0,5370400000.0,518900000.0,5889300000.0,23113100000.0,1081900000.0,1080874000.0,1084766000.0
Eli Lilly and Co,LLY,FRDRIPF3EKNDJ2CQJL29,59478,2013.0,Q3,2013-07-01,2013-09-30,2013-10-30 11:21:23+00:00,,1.11,1.11,0.49,,1.11,,,,310300000.0,,1203100000.0,1203100000.0,,1203100000.0,,1198100000.0,5772600000.0,,-31300000.0,,,,,1377400000.0,0.0,1652400000.0,1198100000.0,4574500000.0,,,3029800000.0,1544700000.0,-31300000.0,1513400000.0,5772600000.0,1083900000.0,1083900000.0,1083900000.0
Eli Lilly and Co,LLY,FRDRIPF3EKNDJ2CQJL29,59478,2013.0,Q3YTD,2013-01-01,2013-09-30,,,3.65,3.65,1.47,,3.64,,,,1022100000.0,,3957300000.0,3957300000.0,,3957300000.0,,3521600000.0,17304300000.0,,509800000.0,,,,,4055900000.0,85200000.0,5172000000.0,3521600000.0,13782700000.0,,,9313100000.0,4469600000.0,509800000.0,4979400000.0,17304300000.0,1083900000.0,1083900000.0,1083900000.0
Eli Lilly and Co,LLY,FRDRIPF3EKNDJ2CQJL29,59478,2013.0,Q3TTM,2012-10-01,2013-09-30,,,4.4,4.4,,,4.38,,,,1207300000.0,,4784600000.0,4784600000.0,,4784600000.0,,4769900000.0,23261700000.0,,457800000.0,,,,,5519000000.0,289200000.0,7149500000.0,4769900000.0,18491800000.0,,,12957700000.0,5534100000.0,457800000.0,5991900000.0,23261700000.0,1083900000.0,1083900000.0,1083900000.0
Eli Lilly and Co,LLY,FRDRIPF3EKNDJ2CQJL29,59478,2013.0,Q2,2013-04-01,2013-06-30,2013-07-26 11:57:41+00:00,,1.12,1.12,0.49,,1.11,,,,308700000.0,,1206200000.0,1206200000.0,,1206200000.0,,1165200000.0,5929700000.0,,11900000.0,,,,,1330400000.0,63500000.0,1867600000.0,1165200000.0,4764500000.0,,,3261500000.0,1503000000.0,11900000.0,1514900000.0,5929700000.0,1077000000.0,1077000000.0,1086700000.0
Eli Lilly and Co,LLY,FRDRIPF3EKNDJ2CQJL29,59478,2013.0,Q2YTD,2013-01-01,2013-06-30,,,2.54,2.54,0.98,,2.53,,,,711800000.0,,2754200000.0,2754200000.0,,2754200000.0,,2323500000.0,11531700000.0,,541100000.0,,,,,2678500000.0,85200000.0,3519600000.0,2323500000.0,9208200000.0,,,6283300000.0,2924900000.0,541100000.0,3466000000.0,11531700000.0,1077000000.0,1077000000.0,1086700000.0
Eli Lilly and Co,LLY,FRDRIPF3EKNDJ2CQJL29,59478,2013.0,Q2TTM,2012-07-01,2013-06-30,,,4.47,4.47,,,4.45,,,,1445100000.0,,4908100000.0,4908100000.0,,4908100000.0,,4775400000.0,22932400000.0,,1277600000.0,,,,,5484400000.0,342500000.0,7254500000.0,4775400000.0,18157000000.0,,,13081400000.0,5075600000.0,1277600000.0,6353200000.0,22932400000.0,1077000000.0,1077000000.0,1086700000.0
Eli Lilly and Co,LLY,FRDRIPF3EKNDJ2CQJL29,59478,2013.0,Q1,2013-01-01,2013-03-31,2013-04-26 11:42:11+00:00,,1.42,1.42,0.49,,1.42,,,,403100000.0,,1548000000.0,1548000000.0,,1548000000.0,,1158300000.0,5602000000.0,,529200000.0,,,,,1348100000.0,21700000.0,1652000000.0,1158300000.0,4443700000.0,,,3021800000.0,1421900000.0,529200000.0,1951100000.0,5602000000.0,1090100000.0,1090100000.0,1090100000.0
Eli Lilly and Co,LLY,FRDRIPF3EKNDJ2CQJL29,59478,2013.0,Q1TTM,2012-04-01,2013-03-31,,,4.18,4.18,,,4.17,,,,1398500000.0,,4625500000.0,4625500000.0,,4625500000.0,,4756900000.0,22603400000.0,,1249200000.0,,,,,5474700000.0,279000000.0,7318000000.0,4756900000.0,17846500000.0,,,13071700000.0,4774800000.0,1249200000.0,6024000000.0,22603400000.0,1090100000.0,1090100000.0,1090100000.0
Eli Lilly and Co,LLY,FRDRIPF3EKNDJ2CQJL29,59478,2014.0,FY,2014-01-01,2014-12-31,2017-02-21 15:32:29+00:00,,2.23,2.23,,,2.23,,,,609800000.0,,2390500000.0,2390500000.0,,2390500000.0,,4932500000.0,19615600000.0,,340500000.0,,,,,4933800000.0,468700000.0,6620800000.0,4932500000.0,14683100000.0,,,12023300000.0,2659800000.0,340500000.0,3000300000.0,19615600000.0,1072000000.0,1069932000.0,1074286000.0
Eli Lilly and Co,LLY,FRDRIPF3EKNDJ2CQJL29,59478,2014.0,Q4,2014-10-01,2014-12-31,,,0.4,0.4,-1.47,,0.4,,,,85100000.0,,428500000.0,428500000.0,,428500000.0,,1253100000.0,5121300000.0,,137200000.0,,,,,1290900000.0,401000000.0,1799900000.0,1253100000.0,3868200000.0,,,3491800000.0,376400000.0,137200000.0,513600000.0,5121300000.0,1072000000.0,1069932000.0,1074286000.0
Eli Lilly and Co,LLY,FRDRIPF3EKNDJ2CQJL29,59478,2014.0,Q3,2014-07-01,2014-09-30,2015-10-30 15:07:28+00:00,,0.47,0.47,0.49,,0.47,,,,154900000.0,,500600000.0,500600000.0,,500600000.0,,1267000000.0,4875600000.0,,93500000.0,,,,,1338200000.0,36300000.0,1672100000.0,1267000000.0,3608600000.0,,,3046600000.0,562000000.0,93500000.0,655500000.0,4875600000.0,1065100000.0,1069600000.0,1074400000.0
Eli Lilly and Co,LLY,FRDRIPF3EKNDJ2CQJL29,59478,2014.0,Q3YTD,2014-01-01,2014-09-30,,,1.83,1.83,1.47,,1.83,,,,524700000.0,,1962000000.0,1962000000.0,,1962000000.0,,3679400000.0,14494300000.0,,203300000.0,,,,,3642900000.0,67700000.0,4820900000.0,3679400000.0,10814900000.0,,,8531500000.0,2283400000.0,203300000.0,2486700000.0,14494300000.0,1065100000.0,1069600000.0,1074400000.0
Eli Lilly and Co,LLY,FRDRIPF3EKNDJ2CQJL29,59478,2014.0,Q3TTM,2013-10-01,2014-09-30,,,2.51,2.51,,,2.51,,,,707100000.0,,2689500000.0,2689500000.0,,2689500000.0,,5065900000.0,20303100000.0,,212400000.0,,,,,5175400000.0,103100000.0,6774500000.0,5065900000.0,15237200000.0,,,12053000000.0,3184200000.0,212400000.0,3396600000.0,20303100000.0,1065100000.0,1069600000.0,1074400000.0
Eli Lilly and Co,LLY,FRDRIPF3EKNDJ2CQJL29,59478,2014.0,Q2YTD,2014-01-01,2014-06-30,,,1.36,1.36,0.98,,1.36,,,,369800000.0,,1461400000.0,1461400000.0,,1461400000.0,,2412400000.0,9618700000.0,,109800000.0,,,,,2304700000.0,31400000.0,3148800000.0,2412400000.0,7206300000.0,,,5484900000.0,1721400000.0,109800000.0,1831200000.0,9618700000.0,1078700000.0,1071700000.0,1076400000.0
Eli Lilly and Co,LLY,FRDRIPF3EKNDJ2CQJL29,59478,2014.0,Q2TTM,2013-07-01,2014-06-30,,,3.15,3.15,,,3.15,,,,862500000.0,,3392000000.0,3392000000.0,,3392000000.0,,4997000000.0,21200100000.0,,87600000.0,,,,,5214600000.0,66800000.0,6754800000.0,4997000000.0,16203100000.0,,,12036200000.0,4166900000.0,87600000.0,4254500000.0,21200100000.0,1078700000.0,1071700000.0,1076400000.0
Eli Lilly and Co,LLY,FRDRIPF3EKNDJ2CQJL29,59478,2014.0,Q2,2014-04-01,2014-06-30,2015-07-30 16:17:28+00:00,,0.68,0.68,0.49,,0.68,,,,206900000.0,,733500000.0,733500000.0,,733500000.0,,1189700000.0,4935600000.0,,53800000.0,,,,,1195400000.0,0.0,1663900000.0,1189700000.0,3745900000.0,,,2859300000.0,886600000.0,53800000.0,940400000.0,4935600000.0,1078700000.0,1071700000.0,1076400000.0
Eli Lilly and Co,LLY,FRDRIPF3EKNDJ2CQJL29,59478,2014.0,Q1,2014-01-01,2014-03-31,2014-04-28 14:28:31+00:00,,0.68,0.68,0.49,,0.68,,,,162900000.0,,727900000.0,727900000.0,,727900000.0,,1222700000.0,4683100000.0,,56000000.0,,,,,1109300000.0,31400000.0,1484900000.0,1222700000.0,3460400000.0,,,2625600000.0,834800000.0,56000000.0,890800000.0,4683100000.0,1070400000.0,1072700000.0,1075800000.0
Eli Lilly and Co,LLY,FRDRIPF3EKNDJ2CQJL29,59478,2014.0,Q1TTM,2013-04-01,2014-03-31,,,3.59,3.59,,,3.58,,,,964300000.0,,3864700000.0,3864700000.0,,3864700000.0,,4972500000.0,22194200000.0,,45700000.0,,,,,5349600000.0,130300000.0,6958500000.0,4972500000.0,17221700000.0,,,12438400000.0,4783300000.0,45700000.0,4829000000.0,22194200000.0,1070400000.0,1072700000.0,1075800000.0
Eli Lilly and Co,LLY,FRDRIPF3EKNDJ2CQJL29,59478,2015.0,FY,2015-01-01,2015-12-31,2018-02-20 17:27:37+00:00,,2.27,2.27,,,2.26,,,,381600000.0,,2408400000.0,2408400000.0,,2408400000.0,,5037200000.0,19958700000.0,,100600000.0,,,,,5331400000.0,367700000.0,6533000000.0,5037200000.0,14921500000.0,,,12232100000.0,2689400000.0,100600000.0,2790000000.0,19958700000.0,1061000000.0,1061913000.0,1065720000.0
Eli Lilly and Co,LLY,FRDRIPF3EKNDJ2CQJL29,59478,2015.0,Q4,2015-10-01,2015-12-31,,,0.45,0.45,-1.5,,0.45,,,,-33800000.0,,478400000.0,478400000.0,,478400000.0,,1389200000.0,5375600000.0,,44700000.0,,,,,1643200000.0,144900000.0,1798400000.0,1389200000.0,3986400000.0,,,3586500000.0,399900000.0,44700000.0,444600000.0,5375600000.0,1061000000.0,1061913000.0,1065720000.0
Eli Lilly and Co,LLY,FRDRIPF3EKNDJ2CQJL29,59478,2015.0,Q3,2015-07-01,2015-09-30,2016-10-28 12:02:04+00:00,,0.75,0.75,0.5,,0.75,,,,248100000.0,,799700000.0,799700000.0,,799700000.0,,1236900000.0,4959700000.0,,86500000.0,,,,,1143400000.0,42400000.0,1575700000.0,1236900000.0,3722800000.0,,,2761500000.0,961300000.0,86500000.0,1047800000.0,4959700000.0,1066300000.0,1061400000.0,1065200000.0
Eli Lilly and Co,LLY,FRDRIPF3EKNDJ2CQJL29,59478,2015.0,Q3YTD,2015-01-01,2015-09-30,,,1.82,1.82,1.5,,1.81,,,,415400000.0,,1930000000.0,1930000000.0,,1930000000.0,,3648000000.0,14583100000.0,,55900000.0,,,,,3688200000.0,222800000.0,4734600000.0,3648000000.0,10935100000.0,,,8645600000.0,2289500000.0,55900000.0,2345400000.0,14583100000.0,1066300000.0,1061400000.0,1065200000.0
Eli Lilly and Co,LLY,FRDRIPF3EKNDJ2CQJL29,59478,2015.0,Q3TTM,2014-10-01,2015-09-30,,,2.22,2.22,0.03,,2.21,,,,500500000.0,,2358500000.0,2358500000.0,,2358500000.0,,4901100000.0,19704400000.0,,193100000.0,,,,,4979100000.0,623800000.0,6534500000.0,4901100000.0,14803300000.0,,,12137400000.0,2665900000.0,193100000.0,2859000000.0,19704400000.0,1066300000.0,1061400000.0,1065200000.0
Eli Lilly and Co,LLY,FRDRIPF3EKNDJ2CQJL29,59478,2015.0,Q2,2015-04-01,2015-06-30,2016-07-28 13:00:37+00:00,,0.57,0.57,0.5,,0.56,,,,78900000.0,,600800000.0,600800000.0,,600800000.0,,1218400000.0,4978700000.0,,-123300000.0,,,,,1249500000.0,72400000.0,1635400000.0,1218400000.0,3760300000.0,,,2957300000.0,803000000.0,-123300000.0,679700000.0,4978700000.0,1054000000.0,1061700000.0,1065600000.0
Eli Lilly and Co,LLY,FRDRIPF3EKNDJ2CQJL29,59478,2015.0,Q2YTD,2015-01-01,2015-06-30,,,1.07,1.07,1.0,,1.06,,,,167300000.0,,1130300000.0,1130300000.0,,1130300000.0,,2411100000.0,9623400000.0,,-30600000.0,,,,,2544800000.0,180400000.0,3158900000.0,2411100000.0,7212300000.0,,,5884100000.0,1328200000.0,-30600000.0,1297600000.0,9623400000.0,1054000000.0,1061700000.0,1065600000.0
Eli Lilly and Co,LLY,FRDRIPF3EKNDJ2CQJL29,59478,2015.0,Q2TTM,2014-07-01,2015-06-30,,,1.94,1.94,0.02,,1.93,,,,407300000.0,,2059400000.0,2059400000.0,,2059400000.0,,4931200000.0,19620300000.0,,200100000.0,,,,,5173900000.0,617700000.0,6630900000.0,4931200000.0,14689100000.0,,,12422500000.0,2266600000.0,200100000.0,2466700000.0,19620300000.0,1054000000.0,1061700000.0,1065600000.0
Eli Lilly and Co,LLY,FRDRIPF3EKNDJ2CQJL29,59478,2015.0,Q1,2015-01-01,2015-03-31,2016-04-29 13:26:48+00:00,,0.5,0.5,0.5,,0.5,,,,88400000.0,,529500000.0,529500000.0,,529500000.0,,1192700000.0,4644700000.0,,92700000.0,,,,,1295300000.0,108000000.0,1523500000.0,1192700000.0,3452000000.0,,,2926800000.0,525200000.0,92700000.0,617900000.0,4644700000.0,1059000000.0,1064200000.0,1067000000.0
Eli Lilly and Co,LLY,FRDRIPF3EKNDJ2CQJL29,59478,2015.0,Q1TTM,2014-04-01,2015-03-31,,,2.05,2.05,0.01,,2.05,,,,535300000.0,,2192100000.0,2192100000.0,,2192100000.0,,4902500000.0,19577200000.0,,377200000.0,,,,,5119800000.0,545300000.0,6659400000.0,4902500000.0,14674700000.0,,,12324500000.0,2350200000.0,377200000.0,2727400000.0,19577200000.0,1059000000.0,1064200000.0,1067000000.0
Eli Lilly and Co,LLY,FRDRIPF3EKNDJ2CQJL29,59478,2016.0,FY,2016-01-01,2016-12-31,2019-02-19 10:41:31+00:00,,2.59,2.59,2.05,,2.58,,,,636400000.0,,2737600000.0,2737600000.0,,2737600000.0,,5710100000.0,21222100000.0,,112800000.0,,,,,5340300000.0,382500000.0,6528000000.0,5710100000.0,15512000000.0,,,12250800000.0,3261200000.0,112800000.0,3374000000.0,21222100000.0,1057000000.0,1058324000.0,1061825000.0
Eli Lilly and Co,LLY,FRDRIPF3EKNDJ2CQJL29,59478,2016.0,Q4,2016-10-01,2016-12-31,,,0.72,0.72,0.52,,0.73,,,,120200000.0,,771800000.0,771800000.0,,771800000.0,,1521200000.0,5760500000.0,,213400000.0,,,,,1547000000.0,147600000.0,1866100000.0,1521200000.0,4239300000.0,,,3560700000.0,678600000.0,213400000.0,892000000.0,5760500000.0,1057000000.0,1058324000.0,1061825000.0
Eli Lilly and Co,LLY,FRDRIPF3EKNDJ2CQJL29,59478,2016.0,Q3,2016-07-01,2016-09-30,2017-10-27 11:53:10+00:00,,0.74,0.74,0.51,,0.73,,,,192700000.0,,778000000.0,778000000.0,,778000000.0,,1400900000.0,5191700000.0,,27200000.0,,,,,1236400000.0,45500000.0,1565400000.0,1400900000.0,3790800000.0,,,2847300000.0,943500000.0,27200000.0,970700000.0,5191700000.0,1051400000.0,1057700000.0,1060800000.0
Eli Lilly and Co,LLY,FRDRIPF3EKNDJ2CQJL29,59478,2016.0,Q3YTD,2016-01-01,2016-09-30,,,1.87,1.87,1.53,,1.85,,,,516200000.0,,1965800000.0,1965800000.0,,1965800000.0,,4188900000.0,15461600000.0,,-100600000.0,,,,,3793300000.0,234900000.0,4661900000.0,4188900000.0,11272700000.0,,,8690100000.0,2582600000.0,-100600000.0,2482000000.0,15461600000.0,1051400000.0,1057700000.0,1060800000.0
Eli Lilly and Co,LLY,FRDRIPF3EKNDJ2CQJL29,59478,2016.0,Q3TTM,2015-10-01,2016-09-30,,,2.32,2.32,0.03,,2.3,,,,482400000.0,,2444200000.0,2444200000.0,,2444200000.0,,5578100000.0,20837200000.0,,-55900000.0,,,,,5436500000.0,379800000.0,6460300000.0,5578100000.0,15259100000.0,,,12276600000.0,2982500000.0,-55900000.0,2926600000.0,20837200000.0,1051400000.0,1057700000.0,1060800000.0
Eli Lilly and Co,LLY,FRDRIPF3EKNDJ2CQJL29,59478,2016.0,Q2,2016-04-01,2016-06-30,2017-07-28 11:42:15+00:00,,0.71,0.71,0.51,,0.71,,,,196800000.0,,747700000.0,747700000.0,,747700000.0,,1465000000.0,5404800000.0,,21200000.0,,,,,1335900000.0,58000000.0,1622600000.0,1465000000.0,3939800000.0,,,3016500000.0,923300000.0,21200000.0,944500000.0,5404800000.0,1053100000.0,1057700000.0,1060100000.0
Eli Lilly and Co,LLY,FRDRIPF3EKNDJ2CQJL29,59478,2016.0,Q2YTD,2016-01-01,2016-06-30,,,1.13,1.13,1.02,,1.12,,,,323500000.0,,1187800000.0,1187800000.0,,1187800000.0,,2788000000.0,10269900000.0,,-127800000.0,,,,,2556900000.0,189400000.0,3096500000.0,2788000000.0,7481900000.0,,,5842800000.0,1639100000.0,-127800000.0,1511300000.0,10269900000.0,1053100000.0,1057700000.0,1060100000.0
Eli Lilly and Co,LLY,FRDRIPF3EKNDJ2CQJL29,59478,2016.0,Q2TTM,2015-07-01,2016-06-30,,,2.33,2.33,0.02,,2.32,,,,537800000.0,,2465900000.0,2465900000.0,,2465900000.0,,5414100000.0,20605200000.0,,3400000.0,,,,,5343500000.0,376700000.0,6470600000.0,5414100000.0,15191100000.0,,,12190800000.0,3000300000.0,3400000.0,3003700000.0,20605200000.0,1053100000.0,1057700000.0,1060100000.0
Eli Lilly and Co,LLY,FRDRIPF3EKNDJ2CQJL29,59478,2016.0,Q1,2016-01-01,2016-03-31,2017-05-01 11:49:54+00:00,,0.42,0.42,0.51,,0.41,,,,126700000.0,,440100000.0,440100000.0,,440100000.0,,1323000000.0,4865100000.0,,-149000000.0,,,,,1221000000.0,131400000.0,1473900000.0,1323000000.0,3542100000.0,,,2826300000.0,715800000.0,-149000000.0,566800000.0,4865100000.0,1047900000.0,1059900000.0,1063100000.0
Eli Lilly and Co,LLY,FRDRIPF3EKNDJ2CQJL29,59478,2016.0,Q1TTM,2015-04-01,2016-03-31,,,2.19,2.19,0.01,,2.17,,,,419900000.0,,2319000000.0,2319000000.0,,2319000000.0,,5167500000.0,20179100000.0,,-141100000.0,,,,,5257100000.0,391100000.0,6483400000.0,5167500000.0,15011600000.0,,,12131600000.0,2880000000.0,-141100000.0,2738900000.0,20179100000.0,1047900000.0,1059900000.0,1063100000.0
Eli Lilly and Co,LLY,FRDRIPF3EKNDJ2CQJL29,59478,2017.0,FY,2017-01-01,2017-12-31,2020-02-19 12:33:26+00:00,,-0.19,-0.19,2.12,,-0.19,,,,2391200000.0,,-204100000.0,-86400000.0,-117700000.0,-204100000.0,,4447700000.0,19973800000.0,,301500000.0,,,,,6208800000.0,1331600000.0,5982400000.0,4447700000.0,15526100000.0,,,13522800000.0,2003300000.0,301500000.0,2304800000.0,19973800000.0,1074200000.0,1052023000.0,1052023000.0
Eli Lilly and Co,LLY,FRDRIPF3EKNDJ2CQJL29,59478,2017.0,Q4,2017-10-01,2017-12-31,,,-1.58,-1.58,1.08,,-1.57,,,,1930700000.0,,-1656900000.0,-1539200000.0,-117700000.0,-1656900000.0,,-58200000.0,3263200000.0,,112900000.0,,,,,1275800000.0,661200000.0,1105800000.0,-58200000.0,3321400000.0,,,3042800000.0,278600000.0,112900000.0,391500000.0,3263200000.0,1074200000.0,1052023000.0,1052023000.0
Eli Lilly and Co,LLY,FRDRIPF3EKNDJ2CQJL29,59478,2017.0,Q3,2017-07-01,2017-09-30,2018-11-06 10:35:10+00:00,,0.53,0.53,,,0.53,,,,36000000.0,,555600000.0,555600000.0,,555600000.0,,1586300000.0,5658000000.0,,49900000.0,,,,,1545000000.0,406500000.0,1578500000.0,1586300000.0,4071700000.0,,,3530000000.0,541700000.0,49900000.0,591600000.0,5658000000.0,1048300000.0,1053400000.0,1056000000.0
Eli Lilly and Co,LLY,FRDRIPF3EKNDJ2CQJL29,59478,2017.0,Q3YTD,2017-01-01,2017-09-30,,,1.39,1.39,1.04,,1.38,,,,460500000.0,,1452800000.0,1452800000.0,,1452800000.0,,4505900000.0,16710600000.0,,188600000.0,,,,,4933000000.0,670400000.0,4876600000.0,4505900000.0,12204700000.0,,,10480000000.0,1724700000.0,188600000.0,1913300000.0,16710600000.0,1048300000.0,1053400000.0,1056000000.0
Eli Lilly and Co,LLY,FRDRIPF3EKNDJ2CQJL29,59478,2017.0,Q3TTM,2016-10-01,2017-09-30,,,2.11,2.11,1.56,,2.11,,,,580700000.0,,2224600000.0,2224600000.0,,2224600000.0,,6027100000.0,22471100000.0,,402000000.0,,,,,6480000000.0,818000000.0,6742700000.0,6027100000.0,16444000000.0,,,14040700000.0,2403300000.0,402000000.0,2805300000.0,22471100000.0,1048300000.0,1053400000.0,1056000000.0
Eli Lilly and Co,LLY,FRDRIPF3EKNDJ2CQJL29,59478,2017.0,Q2,2017-04-01,2017-06-30,2018-07-25 16:48:39+00:00,,0.96,0.96,0.52,,0.95,,,,252500000.0,,1008000000.0,1008000000.0,,1008000000.0,,1571700000.0,5824300000.0,,60400000.0,,,,,1272100000.0,50000000.0,1730400000.0,1571700000.0,4252600000.0,,,3052500000.0,1200100000.0,60400000.0,1260500000.0,5824300000.0,1050000000.0,1055000000.0,1057100000.0
Eli Lilly and Co,LLY,FRDRIPF3EKNDJ2CQJL29,59478,2017.0,Q2YTD,2017-01-01,2017-06-30,,,0.86,0.86,1.04,,0.85,,,,424500000.0,,897200000.0,897200000.0,,897200000.0,,2919600000.0,11052600000.0,,138700000.0,,,,,3388000000.0,263900000.0,3298100000.0,2919600000.0,8133000000.0,,,6950000000.0,1183000000.0,138700000.0,1321700000.0,11052600000.0,1050000000.0,1055000000.0,1057100000.0
Eli Lilly and Co,LLY,FRDRIPF3EKNDJ2CQJL29,59478,2017.0,Q2TTM,2016-07-01,2017-06-30,,,2.32,2.32,2.07,,2.31,,,,737400000.0,,2447000000.0,2447000000.0,,2447000000.0,,5841700000.0,22004800000.0,,379300000.0,,,,,6171400000.0,457000000.0,6729600000.0,5841700000.0,16163100000.0,,,13358000000.0,2805100000.0,379300000.0,3184400000.0,22004800000.0,1050000000.0,1055000000.0,1057100000.0
Eli Lilly and Co,LLY,FRDRIPF3EKNDJ2CQJL29,59478,2017.0,Q1,2017-01-01,2017-03-31,2018-04-27 11:32:39+00:00,,-0.1,-0.1,0.52,,-0.1,,,,172000000.0,,-110800000.0,-110800000.0,,-110800000.0,,1347900000.0,5228300000.0,,78300000.0,,,,,2115900000.0,213900000.0,1567700000.0,1347900000.0,3880400000.0,,,3897500000.0,-17100000.0,78300000.0,61200000.0,5228300000.0,1108000000.0,1056300000.0,1056300000.0
Eli Lilly and Co,LLY,FRDRIPF3EKNDJ2CQJL29,59478,2017.0,Q1TTM,2016-04-01,2017-03-31,,,2.07,2.07,2.06,,2.07,,,,681700000.0,,2186700000.0,2186700000.0,,2186700000.0,,5735000000.0,21585300000.0,,340100000.0,,,,,6235200000.0,465000000.0,6621800000.0,5735000000.0,15850300000.0,,,13322000000.0,2528300000.0,340100000.0,2868400000.0,21585300000.0,1108000000.0,1056300000.0,1056300000.0
Eli Lilly and Co,LLY,FRDRIPF3EKNDJ2CQJL29,59478,2018.0,FY,2018-01-01,2018-12-31,2020-02-19 12:33:26+00:00,,3.14,3.14,2.33,,3.13,,,,529500000.0,,3232000000.0,3150600000.0,81400000.0,3232000000.0,,4681700000.0,21493300000.0,,145600000.0,,,,,7035100000.0,266900000.0,5975100000.0,4681700000.0,16811600000.0,,,13277100000.0,3534500000.0,145600000.0,3680100000.0,21493300000.0,1029300000.0,1027721000.0,1033667000.0
Eli Lilly and Co,LLY,FRDRIPF3EKNDJ2CQJL29,59478,2018.0,Q4,2018-10-01,2018-12-31,,,1.1,1.1,2.33,,1.1,,,,-189800000.0,,1125000000.0,1121400000.0,3600000.0,1125000000.0,,1129900000.0,5637600000.0,,35900000.0,,,,,1721200000.0,192700000.0,1693600000.0,1129900000.0,4507700000.0,,,3612000000.0,895700000.0,35900000.0,931600000.0,5637600000.0,1029300000.0,1027721000.0,1033667000.0
Eli Lilly and Co,LLY,FRDRIPF3EKNDJ2CQJL29,59478,2018.0,Q3,2018-07-01,2018-09-30,2019-10-25 11:54:53+00:00,,1.13,1.13,,,1.12,,,,247500000.0,,1149500000.0,1093600000.0,55900000.0,1149500000.0,,1152900000.0,5306900000.0,,-1900000.0,,,,,1310900000.0,42900000.0,1457200000.0,1152900000.0,4154000000.0,,,2811000000.0,1343000000.0,-1900000.0,1341100000.0,5306900000.0,1017300000.0,1020400000.0,1026300000.0
Eli Lilly and Co,LLY,FRDRIPF3EKNDJ2CQJL29,59478,2018.0,Q3YTD,2018-01-01,2018-09-30,,,2.04,2.04,,,2.03,,,,719300000.0,,2107000000.0,2029200000.0,77800000.0,2107000000.0,,3551800000.0,15855700000.0,,109700000.0,,,,,5313900000.0,74200000.0,4281500000.0,3551800000.0,12303900000.0,,,9665100000.0,2638800000.0,109700000.0,2748500000.0,15855700000.0,1017300000.0,1020400000.0,1026300000.0
Eli Lilly and Co,LLY,FRDRIPF3EKNDJ2CQJL29,59478,2018.0,Q3TTM,2017-10-01,2018-09-30,,,0.46,0.46,1.08,,0.46,,,,2650000000.0,,450100000.0,490000000.0,-39900000.0,450100000.0,,3493600000.0,19118900000.0,,222600000.0,,,,,6589700000.0,735400000.0,5387300000.0,3493600000.0,15625300000.0,,,12707900000.0,2917400000.0,222600000.0,3140000000.0,19118900000.0,1017300000.0,1020400000.0,1026300000.0
Eli Lilly and Co,LLY,FRDRIPF3EKNDJ2CQJL29,59478,2018.0,Q2,2018-04-01,2018-06-30,2019-08-02 12:47:25+00:00,,-0.25,-0.25,,,-0.25,,,,273300000.0,,-259900000.0,-231600000.0,-28300000.0,-259900000.0,,1234300000.0,5585000000.0,,42100000.0,,,,,2895500000.0,-25500000.0,1485600000.0,1234300000.0,4350700000.0,,,4351100000.0,-400000.0,42100000.0,41700000.0,5585000000.0,1039600000.0,1030200000.0,1030200000.0
Eli Lilly and Co,LLY,FRDRIPF3EKNDJ2CQJL29,59478,2018.0,Q2YTD,2018-01-01,2018-06-30,,,0.91,0.91,,,0.91,,,,471800000.0,,957500000.0,935600000.0,21900000.0,957500000.0,,2398900000.0,10548800000.0,,111600000.0,,,,,4003000000.0,31300000.0,2824300000.0,2398900000.0,8149900000.0,,,6854100000.0,1295800000.0,111600000.0,1407400000.0,10548800000.0,1039600000.0,1030200000.0,1030200000.0
Eli Lilly and Co,LLY,FRDRIPF3EKNDJ2CQJL29,59478,2018.0,Q2TTM,2017-07-01,2018-06-30,,,-0.14,-0.14,1.08,,-0.13,,,,2438500000.0,,-143800000.0,-48000000.0,-95800000.0,-143800000.0,,3927000000.0,19470000000.0,,274400000.0,,,,,6823800000.0,1099000000.0,5508600000.0,3927000000.0,15543000000.0,,,13426900000.0,2116100000.0,274400000.0,2390500000.0,19470000000.0,1039600000.0,1030200000.0,1030200000.0
Eli Lilly and Co,LLY,FRDRIPF3EKNDJ2CQJL29,59478,2018.0,Q1,2018-01-01,2018-03-31,2019-05-02 14:09:01+00:00,,1.16,1.16,,,1.16,,,,198500000.0,,1217400000.0,1167200000.0,50200000.0,1217400000.0,,1164600000.0,4963800000.0,,69500000.0,,,,,1107500000.0,56800000.0,1338700000.0,1164600000.0,3799200000.0,,,2503000000.0,1296200000.0,69500000.0,1365700000.0,4963800000.0,1049500000.0,1048000000.0,1049800000.0
Eli Lilly and Co,LLY,FRDRIPF3EKNDJ2CQJL29,59478,2018.0,Q1TTM,2017-04-01,2018-03-31,,,1.07,1.07,1.6,,1.07,,,,2417700000.0,,1124100000.0,1191600000.0,-67500000.0,1124100000.0,,4264400000.0,19709300000.0,,292700000.0,,,,,5200400000.0,1174500000.0,5753400000.0,4264400000.0,15444900000.0,,,12128300000.0,3316600000.0,292700000.0,3609300000.0,19709300000.0,1049500000.0,1048000000.0,1049800000.0
Eli Lilly and Co,LLY,FRDRIPF3EKNDJ2CQJL29,59478,2019.0,Q4,2019-10-01,2019-12-31,,,1.79,1.79,2.68,,1.77,,,,167400000.0,,1495700000.0,1495700000.0,,1495700000.0,,1282600000.0,6114000000.0,,262900000.0,,,,,1581400000.0,151700000.0,1698100000.0,1282600000.0,4831400000.0,,,3431200000.0,1400200000.0,262900000.0,1663100000.0,6114000000.0,931500000.0,931059000.0,935684000.0
Eli Lilly and Co,LLY,FRDRIPF3EKNDJ2CQJL29,59478,2019.0,FY,2019-01-01,2019-12-31,2020-02-19 12:33:26+00:00,,8.93,8.93,2.68,,8.89,,,,628000000.0,,8318400000.0,4637900000.0,3680500000.0,8318400000.0,,4721200000.0,22319500000.0,,291600000.0,,,,,5834600000.0,575600000.0,6213800000.0,4721200000.0,17598300000.0,,,12624000000.0,4974300000.0,291600000.0,5265900000.0,22319500000.0,931500000.0,931059000.0,935684000.0
Eli Lilly and Co,LLY,FRDRIPF3EKNDJ2CQJL29,59478,2019.0,Q3YTD,2019-01-01,2019-09-30,,,7.14,7.14,,,7.12,,,,460600000.0,,6822700000.0,3142200000.0,3680500000.0,6822700000.0,,3438600000.0,16205500000.0,,28700000.0,,,,,4253200000.0,423900000.0,4515700000.0,3438600000.0,12766900000.0,,,9192800000.0,3574100000.0,28700000.0,3602800000.0,16205500000.0,915300000.0,913900000.0,918500000.0
Eli Lilly and Co,LLY,FRDRIPF3EKNDJ2CQJL29,59478,2019.0,Q3TTM,2018-10-01,2019-09-30,,,8.24,8.24,2.33,,8.22,,,,270800000.0,,7947700000.0,4263600000.0,3684100000.0,7947700000.0,,4568500000.0,21843100000.0,,64600000.0,,,,,5974400000.0,616600000.0,6209300000.0,4568500000.0,17274600000.0,,,12804800000.0,4469800000.0,64600000.0,4534400000.0,21843100000.0,915300000.0,913900000.0,918500000.0
Eli Lilly and Co,LLY,FRDRIPF3EKNDJ2CQJL29,59478,2019.0,Q3,2019-07-01,2019-09-30,2019-10-25 11:54:53+00:00,,1.37,1.37,,,1.37,,,,151900000.0,,1253900000.0,1253900000.0,0.0,1253900000.0,,1175000000.0,5476600000.0,,-24900000.0,,,,,1458600000.0,0.0,1412300000.0,1175000000.0,4301600000.0,,,2870900000.0,1430700000.0,-24900000.0,1405800000.0,5476600000.0,915300000.0,913900000.0,918500000.0
Eli Lilly and Co,LLY,FRDRIPF3EKNDJ2CQJL29,59478,2019.0,Q2YTD,2019-01-01,2019-06-30,,,5.77,5.77,,,5.75,,,,308700000.0,,5568800000.0,1888300000.0,3680500000.0,5568800000.0,,2263600000.0,10728900000.0,,53600000.0,,,,,2794600000.0,423900000.0,3103400000.0,2263600000.0,8465300000.0,,,6321900000.0,2143400000.0,53600000.0,2197000000.0,10728900000.0,921700000.0,920800000.0,924600000.0
Eli Lilly and Co,LLY,FRDRIPF3EKNDJ2CQJL29,59478,2019.0,Q2TTM,2018-07-01,2019-06-30,,,8.0,8.0,2.33,,7.97,,,,366400000.0,,7843300000.0,4103300000.0,3740000000.0,7843300000.0,,4546400000.0,21673400000.0,,87600000.0,,,,,5826700000.0,659500000.0,6254200000.0,4546400000.0,17127000000.0,,,12744900000.0,4382100000.0,87600000.0,4469700000.0,21673400000.0,921700000.0,920800000.0,924600000.0
Eli Lilly and Co,LLY,FRDRIPF3EKNDJ2CQJL29,59478,2019.0,Q2,2019-04-01,2019-06-30,2019-08-02 12:47:25+00:00,,1.44,1.44,,,1.44,,,,138700000.0,,1327200000.0,1327200000.0,0.0,1327200000.0,,1124900000.0,5636700000.0,,-32400000.0,,,,,1427200000.0,0.0,1586300000.0,1124900000.0,4511800000.0,,,3013500000.0,1498300000.0,-32400000.0,1465900000.0,5636700000.0,921700000.0,920800000.0,924600000.0
Eli Lilly and Co,LLY,FRDRIPF3EKNDJ2CQJL29,59478,2019.0,Q1,2019-01-01,2019-03-31,2020-05-01 09:46:45+00:00,,4.33,4.33,,,4.31,,,,170000000.0,,4241600000.0,561100000.0,3680500000.0,4241600000.0,,1138700000.0,5092200000.0,,86000000.0,,,,,1367400000.0,423900000.0,1517100000.0,1138700000.0,3953500000.0,,,3308400000.0,645100000.0,86000000.0,731100000.0,5092200000.0,979600000.0,979900000.0,984000000.0
Eli Lilly and Co,LLY,FRDRIPF3EKNDJ2CQJL29,59478,2019.0,Q1TTM,2018-04-01,2019-03-31,,,6.31,6.31,2.33,,6.28,,,,501000000.0,,6256200000.0,2544500000.0,3711700000.0,6256200000.0,,4655800000.0,21621700000.0,,162100000.0,,,,,7295000000.0,634000000.0,6153500000.0,4655800000.0,16965900000.0,,,14082500000.0,2883400000.0,162100000.0,3045500000.0,21621700000.0,979600000.0,979900000.0,984000000.0
Eli Lilly and Co,LLY,FRDRIPF3EKNDJ2CQJL29,59478,2020.0,Q1TTM,2019-04-01,2020-03-31,,,6.2,6.2,2.68,,6.18,,,,681400000.0,,5533300000.0,5533300000.0,,5533300000.0,,4797600000.0,23087100000.0,,294700000.0,,,,,5911600000.0,211600000.0,6246300000.0,4797600000.0,18289500000.0,,,12369500000.0,5920000000.0,294700000.0,6214700000.0,23087100000.0,910300000.0,908200000.0,911700000.0
Eli Lilly and Co,LLY,FRDRIPF3EKNDJ2CQJL29,59478,2020.0,Q1,2020-01-01,2020-03-31,2020-05-01 09:46:45+00:00,,1.6,1.6,,,1.6,,,,223400000.0,,1456500000.0,1456500000.0,0.0,1456500000.0,,1215100000.0,5859800000.0,,89100000.0,,,,,1444400000.0,59900000.0,1549600000.0,1215100000.0,4644700000.0,,,3053900000.0,1590800000.0,89100000.0,1679900000.0,5859800000.0,910300000.0,908200000.0,911700000.0
