company_name,company_ticker,company_lei,company_cik,year,quarter,start_date,end_date,filing_date,amortizationexpense,basicdilutedeps,basiceps,dilutedeps,incometaxexpense,netincome,netincomecontinuing,netincometocommon,netincometononcontrollinginterest,operatingcostofrevenue,operatingrevenue,othergains,otherincome,otheroperatingexpenses,otherrevenue,otherspecialcharges,rdexpense,restructuringcharge,sgaexpense,totalcostofrevenue,totalgrossprofit,totaloperatingexpenses,totaloperatingincome,totalotherincome,totalpretaxincome,totalrevenue,weightedavebasicdilutedsharesos,weightedavebasicsharesos,weightedavedilutedsharesos
Biogen Inc,BIIB,W8J5WZB5IY3K0NDQT671,875045,2007.0,FY,2007-01-01,2007-12-31,2010-02-09 17:21:42+00:00,257495000.0,2.02,2.02,1.99,272423000.0,579745000.0,579745000.0,638172000.0,-58427000.0,335192000.0,3062919000.0,,72396000.0,14079000.0,108698000.0,-360000.0,1009336000.0,,776103000.0,335192000.0,2836425000.0,2056653000.0,779772000.0,72396000.0,852168000.0,3171617000.0,315900000.0,315836000.0,320171000.0
Biogen Inc,BIIB,W8J5WZB5IY3K0NDQT671,875045,2008.0,FY,2008-01-01,2008-12-31,2010-02-09 17:21:42+00:00,332745000.0,2.67,2.67,2.65,365776000.0,790107000.0,790107000.0,783167000.0,6940000.0,401989000.0,3967889000.0,,-57728000.0,136041000.0,129618000.0,-9242000.0,1097058000.0,,925305000.0,401989000.0,3695518000.0,2481907000.0,1213611000.0,-57728000.0,1155883000.0,4097507000.0,293300000.0,292332000.0,294984000.0
Biogen Inc,BIIB,W8J5WZB5IY3K0NDQT671,875045,2008.0,Q3,2008-07-01,2008-09-30,2009-10-21 16:58:16+00:00,94464000.0,0.71,0.71,0.7,114337000.0,207800000.0,207800000.0,206788000.0,1012000.0,107493000.0,1057239000.0,,-23713000.0,43533000.0,35725000.0,,268800000.0,,232824000.0,107493000.0,985471000.0,639621000.0,345850000.0,-23713000.0,322137000.0,1092964000.0,291300000.0,291408000.0,293921000.0
Biogen Inc,BIIB,W8J5WZB5IY3K0NDQT671,875045,2008.0,Q2,2008-04-01,2008-06-30,2009-07-16 19:50:27+00:00,72869000.0,0.71,0.71,0.7,84706000.0,208073000.0,208073000.0,206628000.0,1445000.0,92401000.0,963308000.0,,-4018000.0,33429000.0,30136000.0,,252259000.0,,245689000.0,92401000.0,901043000.0,604246000.0,296797000.0,-4018000.0,292779000.0,993444000.0,291000000.0,290356000.0,293476000.0
Biogen Inc,BIIB,W8J5WZB5IY3K0NDQT671,875045,2009.0,Q4,2009-10-01,2009-12-31,,55982000.0,1.07,1.07,1.07,83747000.0,305996000.0,305996000.0,305637000.0,359000.0,99700000.0,1083429000.0,,6366000.0,63296000.0,43628000.0,,283082000.0,,241620000.0,99700000.0,1027357000.0,643980000.0,383377000.0,6366000.0,389743000.0,1127057000.0,287900000.0,287356000.0,289476000.0
Biogen Inc,BIIB,W8J5WZB5IY3K0NDQT671,875045,2009.0,FY,2009-01-01,2009-12-31,2012-02-03 17:19:40+00:00,289811000.0,3.37,3.37,3.35,355617000.0,977062000.0,977062000.0,970132000.0,6930000.0,382104000.0,4247804000.0,,37252000.0,215904000.0,129544000.0,,1283068000.0,,911034000.0,382104000.0,3995244000.0,2699817000.0,1295427000.0,37252000.0,1332679000.0,4377348000.0,287900000.0,287356000.0,289476000.0
Biogen Inc,BIIB,W8J5WZB5IY3K0NDQT671,875045,2009.0,Q3,2009-07-01,2009-09-30,2009-10-21 16:58:16+00:00,51347000.0,0.96,0.96,0.95,113936000.0,279602000.0,279602000.0,277663000.0,1939000.0,93486000.0,1085608000.0,,9360000.0,60697000.0,34910000.0,,304055000.0,,226755000.0,93486000.0,1027032000.0,642854000.0,384178000.0,9360000.0,393538000.0,1120518000.0,289200000.0,288917000.0,291037000.0
Biogen Inc,BIIB,W8J5WZB5IY3K0NDQT671,875045,2009.0,Q3YTD,2009-01-01,2009-09-30,,233829000.0,2.3,2.3,2.28,271870000.0,671066000.0,671066000.0,664495000.0,6571000.0,282404000.0,3164375000.0,,30886000.0,152608000.0,85916000.0,,999986000.0,,669414000.0,282404000.0,2967887000.0,2055837000.0,912050000.0,30886000.0,942936000.0,3250291000.0,289200000.0,288917000.0,291037000.0
Biogen Inc,BIIB,W8J5WZB5IY3K0NDQT671,875045,2009.0,Q2,2009-04-01,2009-06-30,2009-07-16 19:50:27+00:00,93234000.0,0.49,0.49,0.49,92709000.0,144885000.0,144885000.0,142845000.0,2040000.0,90721000.0,1066540000.0,,14680000.0,49138000.0,26749000.0,,416453000.0,,220829000.0,90721000.0,1002568000.0,779654000.0,222914000.0,14680000.0,237594000.0,1093289000.0,291500000.0,288615000.0,290359000.0
Biogen Inc,BIIB,W8J5WZB5IY3K0NDQT671,875045,2009.0,Q2YTD,2009-01-01,2009-06-30,,182482000.0,1.34,1.34,1.33,157934000.0,391464000.0,391464000.0,386832000.0,4632000.0,188918000.0,2078767000.0,,21526000.0,91911000.0,51006000.0,,695931000.0,,442659000.0,188918000.0,1940855000.0,1412983000.0,527872000.0,21526000.0,549398000.0,2129773000.0,291500000.0,288615000.0,290359000.0
Biogen Inc,BIIB,W8J5WZB5IY3K0NDQT671,875045,2009.0,Q1,2009-01-01,2009-03-31,2010-04-20 15:31:56+00:00,89248000.0,0.85,0.85,0.84,65225000.0,246579000.0,246579000.0,243987000.0,2592000.0,98197000.0,1012227000.0,,6846000.0,42773000.0,24257000.0,,279478000.0,,221830000.0,98197000.0,938287000.0,633329000.0,304958000.0,6846000.0,311804000.0,1036484000.0,287000000.0,287703000.0,289744000.0
Biogen Inc,BIIB,W8J5WZB5IY3K0NDQT671,875045,2010.0,Q4,2010-10-01,2010-12-31,,53360000.0,0.99,0.99,0.97,78769000.0,271752000.0,271752000.0,240278000.0,31474000.0,100304000.0,1167715000.0,,-4664000.0,-177145000.0,51357000.0,,535821000.0,75153000.0,276394000.0,100304000.0,1118768000.0,763583000.0,355185000.0,-4664000.0,350521000.0,1219072000.0,252600000.0,252307000.0,254867000.0
Biogen Inc,BIIB,W8J5WZB5IY3K0NDQT671,875045,2010.0,FY,2010-01-01,2010-12-31,2013-02-05 06:42:21+00:00,208928000.0,3.98,3.98,3.94,331333000.0,898573000.0,898573000.0,1005273000.0,-106700000.0,400262000.0,4547300000.0,0.0,-18983000.0,258071000.0,169123000.0,0.0,1493580000.0,75153000.0,1031540000.0,400262000.0,4316161000.0,3067272000.0,1248889000.0,-18983000.0,1229906000.0,4716423000.0,252600000.0,252307000.0,254867000.0
Biogen Inc,BIIB,W8J5WZB5IY3K0NDQT671,875045,2010.0,Q3,2010-07-01,2010-09-30,2010-10-26 14:10:49+00:00,53531000.0,1.06,1.06,1.05,75011000.0,112179000.0,112179000.0,254115000.0,-141936000.0,95918000.0,1134831000.0,,-6945000.0,268991000.0,40958000.0,,319054000.0,,244160000.0,95918000.0,1079871000.0,885736000.0,194135000.0,-6945000.0,187190000.0,1175789000.0,239700000.0,239864000.0,242313000.0
Biogen Inc,BIIB,W8J5WZB5IY3K0NDQT671,875045,2010.0,Q3YTD,2010-01-01,2010-09-30,,155568000.0,2.99,2.99,2.97,252564000.0,626821000.0,626821000.0,764995000.0,-138174000.0,299958000.0,3379585000.0,,-14319000.0,435216000.0,117766000.0,,957759000.0,,755146000.0,299958000.0,3197393000.0,2303689000.0,893704000.0,-14319000.0,879385000.0,3497351000.0,239700000.0,239864000.0,242313000.0
Biogen Inc,BIIB,W8J5WZB5IY3K0NDQT671,875045,2010.0,Q3TTM,2009-10-01,2010-09-30,,211550000.0,4.06,4.06,4.04,336311000.0,932817000.0,932817000.0,1070632000.0,-137815000.0,399658000.0,4463014000.0,,-7953000.0,498512000.0,161394000.0,,1240841000.0,,996766000.0,399658000.0,4224750000.0,2947669000.0,1277081000.0,-7953000.0,1269128000.0,4624408000.0,239700000.0,239864000.0,242313000.0
Biogen Inc,BIIB,W8J5WZB5IY3K0NDQT671,875045,2010.0,Q2,2010-04-01,2010-06-30,2010-07-20 16:23:10+00:00,53148000.0,1.13,1.13,1.12,102243000.0,294649000.0,294649000.0,293438000.0,1211000.0,106985000.0,1165606000.0,,1012000.0,62692000.0,47096000.0,,331675000.0,,262322000.0,106985000.0,1105717000.0,709837000.0,395880000.0,1012000.0,396892000.0,1212702000.0,259700000.0,259938000.0,261658000.0
Biogen Inc,BIIB,W8J5WZB5IY3K0NDQT671,875045,2010.0,Q2YTD,2010-01-01,2010-06-30,,102037000.0,1.93,1.93,1.92,177553000.0,514642000.0,514642000.0,510880000.0,3762000.0,204040000.0,2244754000.0,,-7374000.0,166225000.0,76808000.0,,638705000.0,,510986000.0,204040000.0,2117522000.0,1417953000.0,699569000.0,-7374000.0,692195000.0,2321562000.0,259700000.0,259938000.0,261658000.0
Biogen Inc,BIIB,W8J5WZB5IY3K0NDQT671,875045,2010.0,Q2TTM,2009-07-01,2010-06-30,,209366000.0,3.96,3.96,3.94,375236000.0,1100240000.0,1100240000.0,1094180000.0,6060000.0,397226000.0,4413791000.0,,8352000.0,290218000.0,155346000.0,,1225842000.0,,979361000.0,397226000.0,4171911000.0,2704787000.0,1467124000.0,8352000.0,1475476000.0,4569137000.0,259700000.0,259938000.0,261658000.0
Biogen Inc,BIIB,W8J5WZB5IY3K0NDQT671,875045,2010.0,Q1,2010-01-01,2010-03-31,2010-04-20 15:31:56+00:00,48889000.0,0.8,0.8,0.8,75310000.0,219993000.0,219993000.0,217442000.0,2551000.0,97055000.0,1079148000.0,,-8386000.0,103533000.0,29712000.0,,307030000.0,,248664000.0,97055000.0,1011805000.0,708116000.0,303689000.0,-8386000.0,295303000.0,1108860000.0,271800000.0,269922000.0,272703000.0
Biogen Inc,BIIB,W8J5WZB5IY3K0NDQT671,875045,2010.0,Q1TTM,2009-04-01,2010-03-31,,249452000.0,3.32,3.32,3.31,365702000.0,950476000.0,950476000.0,943587000.0,6889000.0,380962000.0,4314725000.0,,22020000.0,276664000.0,134999000.0,,1310620000.0,,937868000.0,380962000.0,4068762000.0,2774604000.0,1294158000.0,22020000.0,1316178000.0,4449724000.0,271800000.0,269922000.0,272703000.0
Biogen Inc,BIIB,W8J5WZB5IY3K0NDQT671,875045,2011.0,Q4,2011-10-01,2011-12-31,,50867000.0,1.23,1.23,1.23,104920000.0,300209000.0,300209000.0,300237000.0,-28000.0,139637000.0,1254099000.0,,-3973000.0,49162000.0,72612000.0,36065000.0,338934000.0,19026000.0,283918000.0,139637000.0,1187074000.0,777972000.0,409102000.0,-3973000.0,405129000.0,1326711000.0,242500000.0,242395000.0,245033000.0
Biogen Inc,BIIB,W8J5WZB5IY3K0NDQT671,875045,2011.0,FY,2011-01-01,2011-12-31,2014-02-06 17:28:12+00:00,208566000.0,5.09,5.09,5.04,444528000.0,1266686000.0,1266686000.0,1234428000.0,32258000.0,466780000.0,4832714000.0,0.0,-13477000.0,317771000.0,215920000.0,36065000.0,1219602000.0,19026000.0,1056133000.0,466780000.0,4581854000.0,2857163000.0,1724691000.0,-13477000.0,1711214000.0,5048634000.0,242500000.0,242395000.0,245033000.0
Biogen Inc,BIIB,W8J5WZB5IY3K0NDQT671,875045,2011.0,Q3,2011-07-01,2011-09-30,2011-10-28 16:14:30+00:00,49347000.0,1.45,1.45,1.43,127104000.0,353662000.0,353662000.0,351826000.0,1836000.0,123527000.0,1242228000.0,,-7727000.0,85778000.0,67706000.0,,301391000.0,,261398000.0,123527000.0,1186407000.0,697914000.0,488493000.0,-7727000.0,480766000.0,1309934000.0,242600000.0,242883000.0,245366000.0
Biogen Inc,BIIB,W8J5WZB5IY3K0NDQT671,875045,2011.0,Q3YTD,2011-01-01,2011-09-30,,157699000.0,3.86,3.86,3.81,339608000.0,966477000.0,966477000.0,934191000.0,32286000.0,327143000.0,3578615000.0,,-9504000.0,268609000.0,143308000.0,,880668000.0,,772215000.0,327143000.0,3394780000.0,2079191000.0,1315589000.0,-9504000.0,1306085000.0,3721923000.0,242600000.0,242883000.0,245366000.0
Biogen Inc,BIIB,W8J5WZB5IY3K0NDQT671,875045,2011.0,Q3TTM,2010-10-01,2011-09-30,,211059000.0,4.85,4.85,4.78,418377000.0,1238229000.0,1238229000.0,1174469000.0,63760000.0,427447000.0,4746330000.0,,-14168000.0,91464000.0,194665000.0,,1416489000.0,75153000.0,1048609000.0,427447000.0,4513548000.0,2842774000.0,1670774000.0,-14168000.0,1656606000.0,4940995000.0,242600000.0,242883000.0,245366000.0
Biogen Inc,BIIB,W8J5WZB5IY3K0NDQT671,875045,2011.0,Q2,2011-04-01,2011-06-30,2011-07-26 16:12:33+00:00,55136000.0,1.19,1.19,1.18,95036000.0,304049000.0,304049000.0,288034000.0,16015000.0,100503000.0,1173161000.0,,-11728000.0,90250000.0,35486000.0,,285644000.0,,266301000.0,100503000.0,1108144000.0,697331000.0,410813000.0,-11728000.0,399085000.0,1208647000.0,242000000.0,242375000.0,244966000.0
Biogen Inc,BIIB,W8J5WZB5IY3K0NDQT671,875045,2011.0,Q2YTD,2011-01-01,2011-06-30,,108352000.0,2.41,2.41,2.38,212504000.0,612815000.0,612815000.0,582365000.0,30450000.0,203616000.0,2336387000.0,,-1777000.0,182831000.0,75602000.0,,579277000.0,,510817000.0,203616000.0,2208373000.0,1381277000.0,827096000.0,-1777000.0,825319000.0,2411989000.0,242000000.0,242375000.0,244966000.0
Biogen Inc,BIIB,W8J5WZB5IY3K0NDQT671,875045,2011.0,Q2TTM,2010-07-01,2011-06-30,,215243000.0,4.46,4.46,4.4,366284000.0,996746000.0,996746000.0,1076758000.0,-80012000.0,399838000.0,4638933000.0,,-13386000.0,274677000.0,167917000.0,,1434152000.0,75153000.0,1031371000.0,399838000.0,4407012000.0,3030596000.0,1376416000.0,-13386000.0,1363030000.0,4806850000.0,242000000.0,242375000.0,244966000.0
Biogen Inc,BIIB,W8J5WZB5IY3K0NDQT671,875045,2011.0,Q1,2011-01-01,2011-03-31,2011-04-21 09:27:45+00:00,53216000.0,1.22,1.22,1.2,117468000.0,308766000.0,308766000.0,294331000.0,14435000.0,103113000.0,1163226000.0,,9951000.0,92581000.0,40116000.0,,293633000.0,,244516000.0,103113000.0,1100229000.0,683946000.0,416283000.0,9951000.0,426234000.0,1203342000.0,241300000.0,241536000.0,244551000.0
Biogen Inc,BIIB,W8J5WZB5IY3K0NDQT671,875045,2011.0,Q1TTM,2010-04-01,2011-03-31,,213255000.0,4.4,4.4,4.34,373491000.0,987346000.0,987346000.0,1082162000.0,-94816000.0,406320000.0,4631378000.0,,-646000.0,247119000.0,179527000.0,,1480183000.0,75153000.0,1027392000.0,406320000.0,4404585000.0,3043102000.0,1361483000.0,-646000.0,1360837000.0,4810905000.0,241300000.0,241536000.0,244551000.0
Biogen Inc,BIIB,W8J5WZB5IY3K0NDQT671,875045,2012.0,Q4,2012-10-01,2012-12-31,,50948000.0,1.24,1.24,1.23,136341000.0,292126000.0,291615000.0,292126000.0,,133827000.0,-65326000.0,-3260000.0,-14290000.0,-1344145000.0,62317000.0,-11443000.0,345181000.0,1139000.0,375978000.0,133827000.0,-136836000.0,-582342000.0,445506000.0,-14290000.0,431216000.0,-3009000.0,237900000.0,237938000.0,239740000.0
Biogen Inc,BIIB,W8J5WZB5IY3K0NDQT671,875045,2012.0,FY,2012-01-01,2012-12-31,2015-02-04 16:39:52+00:00,202204000.0,5.8,5.8,5.76,470554000.0,1380033000.0,1380033000.0,1380033000.0,0.0,545494000.0,5303997000.0,-4518000.0,-744000.0,317895000.0,212464000.0,-19590000.0,1334919000.0,2225000.0,1277465000.0,545494000.0,4970967000.0,3115118000.0,1855849000.0,-744000.0,1855105000.0,5516461000.0,237900000.0,237938000.0,239740000.0
Biogen Inc,BIIB,W8J5WZB5IY3K0NDQT671,875045,2012.0,Q3,2012-07-01,2012-09-30,2012-10-25 16:15:30+00:00,53013000.0,1.68,1.68,1.67,131044000.0,398400000.0,398400000.0,398400000.0,0.0,139358000.0,1326902000.0,-1258000.0,-4548000.0,75545000.0,58652000.0,-22263000.0,304217000.0,803000.0,299631000.0,139358000.0,1246196000.0,710946000.0,535250000.0,-4548000.0,530702000.0,1385554000.0,237100000.0,236474000.0,238125000.0
Biogen Inc,BIIB,W8J5WZB5IY3K0NDQT671,875045,2012.0,Q3YTD,2012-01-01,2012-09-30,,151256000.0,4.56,4.56,4.53,334213000.0,1087907000.0,1088418000.0,1087907000.0,,411667000.0,5369323000.0,-1258000.0,13546000.0,1662040000.0,150147000.0,-8147000.0,989738000.0,1086000.0,901487000.0,411667000.0,5107803000.0,3697460000.0,1410343000.0,13546000.0,1423889000.0,5519470000.0,237100000.0,236474000.0,238125000.0
Biogen Inc,BIIB,W8J5WZB5IY3K0NDQT671,875045,2012.0,Q3TTM,2011-10-01,2012-09-30,,202123000.0,5.79,5.79,5.76,439133000.0,1388116000.0,1388627000.0,1388144000.0,-28000.0,551304000.0,6623422000.0,-1258000.0,9573000.0,1711202000.0,222759000.0,27918000.0,1328672000.0,20112000.0,1185405000.0,551304000.0,6294877000.0,4475432000.0,1819445000.0,9573000.0,1829018000.0,6846181000.0,237100000.0,236474000.0,238125000.0
Biogen Inc,BIIB,W8J5WZB5IY3K0NDQT671,875045,2012.0,Q2,2012-04-01,2012-06-30,2012-07-24 15:43:01+00:00,52282000.0,1.62,1.62,1.61,121021000.0,387141000.0,387652000.0,386846000.0,295000.0,139112000.0,2782381000.0,,2950000.0,1500601000.0,59521000.0,12858000.0,329559000.0,,301767000.0,139112000.0,2702790000.0,2197067000.0,505723000.0,2950000.0,508673000.0,2841902000.0,238800000.0,238988000.0,240622000.0
Biogen Inc,BIIB,W8J5WZB5IY3K0NDQT671,875045,2012.0,Q2YTD,2012-01-01,2012-06-30,,98243000.0,2.88,2.88,2.86,203169000.0,689507000.0,690018000.0,689507000.0,,272309000.0,4042421000.0,,18094000.0,1586495000.0,91495000.0,14116000.0,685521000.0,283000.0,601856000.0,272309000.0,3861607000.0,2986514000.0,875093000.0,18094000.0,893187000.0,4133916000.0,238800000.0,238988000.0,240622000.0
Biogen Inc,BIIB,W8J5WZB5IY3K0NDQT671,875045,2012.0,Q2TTM,2011-07-01,2012-06-30,,198457000.0,5.56,5.56,5.52,435193000.0,1343378000.0,1343889000.0,1341570000.0,1808000.0,535473000.0,6538748000.0,,6394000.0,1721435000.0,231813000.0,50181000.0,1325846000.0,19309000.0,1147172000.0,535473000.0,6235088000.0,4462400000.0,1772688000.0,6394000.0,1779082000.0,6770561000.0,238800000.0,238988000.0,240622000.0
Biogen Inc,BIIB,W8J5WZB5IY3K0NDQT671,875045,2012.0,Q1,2012-01-01,2012-03-31,2012-05-01 16:22:03+00:00,45961000.0,1.26,1.26,1.25,82148000.0,302366000.0,302366000.0,302661000.0,-295000.0,133197000.0,1260040000.0,,15144000.0,85894000.0,31974000.0,1258000.0,355962000.0,283000.0,300089000.0,133197000.0,1158817000.0,789447000.0,369370000.0,15144000.0,384514000.0,1292014000.0,240200000.0,239754000.0,241828000.0
Biogen Inc,BIIB,W8J5WZB5IY3K0NDQT671,875045,2012.0,Q1TTM,2011-04-01,2012-03-31,,201311000.0,5.13,5.13,5.09,409208000.0,1260286000.0,1260286000.0,1242758000.0,17528000.0,496864000.0,4929528000.0,,-8284000.0,311084000.0,207778000.0,37323000.0,1281931000.0,19309000.0,1111706000.0,496864000.0,4640442000.0,2962664000.0,1677778000.0,-8284000.0,1669494000.0,5137306000.0,240200000.0,239754000.0,241828000.0
Biogen Inc,BIIB,W8J5WZB5IY3K0NDQT671,875045,2013.0,Q4,2013-10-01,2013-12-31,,109424000.0,1.93,1.93,1.91,190261000.0,457306000.0,457306000.0,457306000.0,,258553000.0,1876496000.0,-4954000.0,-5405000.0,,89354000.0,-5143000.0,422233000.0,,522857000.0,258553000.0,1707297000.0,1049371000.0,657926000.0,-5405000.0,652521000.0,1965850000.0,236900000.0,236919000.0,238308000.0
Biogen Inc,BIIB,W8J5WZB5IY3K0NDQT671,875045,2013.0,FY,2013-01-01,2013-12-31,2015-02-04 16:39:52+00:00,342948000.0,7.86,7.86,7.81,601014000.0,1862341000.0,1862341000.0,1862341000.0,0.0,857726000.0,6668348000.0,-17224000.0,-34930000.0,85357000.0,263851000.0,-25445000.0,1444053000.0,0.0,1712051000.0,857726000.0,6074473000.0,3558964000.0,2515509000.0,-34930000.0,2480579000.0,6932199000.0,236900000.0,236919000.0,238308000.0
Biogen Inc,BIIB,W8J5WZB5IY3K0NDQT671,875045,2013.0,Q3,2013-07-01,2013-09-30,2013-10-28 14:13:40+00:00,99998000.0,2.06,2.06,2.05,186105000.0,487616000.0,487616000.0,487616000.0,0.0,234696000.0,1756764000.0,-6170000.0,-4640000.0,0.0,71016000.0,-7046000.0,410017000.0,0.0,405584000.0,234696000.0,1593084000.0,908553000.0,684531000.0,-4640000.0,679891000.0,1827780000.0,236700000.0,237070000.0,238349000.0
Biogen Inc,BIIB,W8J5WZB5IY3K0NDQT671,875045,2013.0,Q3YTD,2013-01-01,2013-09-30,,233524000.0,5.93,5.93,5.9,410753000.0,1405035000.0,1405035000.0,1405035000.0,,599173000.0,4791852000.0,-12270000.0,-29525000.0,85357000.0,174497000.0,-20302000.0,1021820000.0,,1189194000.0,599173000.0,4367176000.0,2509593000.0,1857583000.0,-29525000.0,1828058000.0,4966349000.0,236700000.0,237070000.0,238349000.0
Biogen Inc,BIIB,W8J5WZB5IY3K0NDQT671,875045,2013.0,Q3TTM,2012-10-01,2013-09-30,,284472000.0,7.17,7.17,7.13,547094000.0,1697161000.0,1696650000.0,1697161000.0,,733000000.0,4726526000.0,-15530000.0,-43815000.0,-1258788000.0,236814000.0,-31745000.0,1367001000.0,1139000.0,1565172000.0,733000000.0,4230340000.0,1927251000.0,2303089000.0,-43815000.0,2259274000.0,4963340000.0,236700000.0,237070000.0,238349000.0
Biogen Inc,BIIB,W8J5WZB5IY3K0NDQT671,875045,2013.0,Q2,2013-04-01,2013-06-30,2013-07-25 16:43:15+00:00,82225000.0,2.07,2.07,2.06,159140000.0,490670000.0,490670000.0,490670000.0,0.0,230728000.0,1674703000.0,-2289000.0,-10428000.0,0.0,48770000.0,-10482000.0,327463000.0,0.0,431012000.0,230728000.0,1492745000.0,830218000.0,662527000.0,-10428000.0,652099000.0,1723473000.0,237000000.0,237484000.0,238743000.0
Biogen Inc,BIIB,W8J5WZB5IY3K0NDQT671,875045,2013.0,Q2YTD,2013-01-01,2013-06-30,,133526000.0,3.87,3.87,3.85,224648000.0,917419000.0,917419000.0,917419000.0,,364477000.0,3035088000.0,-6100000.0,-24885000.0,85357000.0,103481000.0,-13256000.0,611803000.0,,783610000.0,364477000.0,2774092000.0,1601040000.0,1173052000.0,-24885000.0,1148167000.0,3138569000.0,237000000.0,237484000.0,238743000.0
Biogen Inc,BIIB,W8J5WZB5IY3K0NDQT671,875045,2013.0,Q2TTM,2012-07-01,2013-06-30,,237487000.0,6.79,6.79,6.75,492033000.0,1607945000.0,1607434000.0,1607945000.0,,637662000.0,4296664000.0,-10618000.0,-43723000.0,-1183243000.0,224450000.0,-46962000.0,1261201000.0,1942000.0,1459219000.0,637662000.0,3883452000.0,1729644000.0,2153808000.0,-43723000.0,2110085000.0,4521114000.0,237000000.0,237484000.0,238743000.0
Biogen Inc,BIIB,W8J5WZB5IY3K0NDQT671,875045,2013.0,Q1,2013-01-01,2013-03-31,2013-04-25 16:01:54+00:00,51301000.0,1.8,1.8,1.79,65508000.0,426749000.0,426749000.0,426749000.0,0.0,133749000.0,1360385000.0,-3811000.0,-14457000.0,85357000.0,54711000.0,-2774000.0,284340000.0,0.0,352598000.0,133749000.0,1281347000.0,770822000.0,510525000.0,-14457000.0,496068000.0,1415096000.0,237100000.0,236837000.0,238304000.0
Biogen Inc,BIIB,W8J5WZB5IY3K0NDQT671,875045,2013.0,Q1TTM,2012-04-01,2013-03-31,,207544000.0,6.34,6.34,6.3,453914000.0,1504416000.0,1504416000.0,1504121000.0,295000.0,546046000.0,5404342000.0,-8329000.0,-30345000.0,317358000.0,235201000.0,-23622000.0,1263297000.0,1942000.0,1329974000.0,546046000.0,5093497000.0,3096493000.0,1997004000.0,-30345000.0,1966659000.0,5639543000.0,237100000.0,236837000.0,238304000.0
Biogen Inc,BIIB,W8J5WZB5IY3K0NDQT671,875045,2014.0,FY,2014-01-01,2014-12-31,2017-02-02 16:24:00+00:00,489800000.0,12.42,12.42,12.37,989900000.0,2941600000.0,2941600000.0,2934800000.0,6800000.0,1171000000.0,9398800000.0,-15100000.0,-25800000.0,0.0,304500000.0,-55700000.0,1893400000.0,0.0,2232300000.0,1171000000.0,8532300000.0,4559800000.0,3972400000.0,-25800000.0,3946600000.0,9703300000.0,236300000.0,236400000.0,237200000.0
Biogen Inc,BIIB,W8J5WZB5IY3K0NDQT671,875045,2014.0,Q4,2014-10-01,2014-12-31,,107285000.0,3.74,3.74,3.72,268191000.0,882620000.0,882620000.0,883480000.0,-860000.0,297229000.0,2591518000.0,-168000.0,-8770000.0,,49133000.0,2651000.0,500069000.0,,573568000.0,297229000.0,2343422000.0,1183573000.0,1159749000.0,-8770000.0,1150979000.0,2640651000.0,236300000.0,236400000.0,237200000.0
Biogen Inc,BIIB,W8J5WZB5IY3K0NDQT671,875045,2014.0,Q3,2014-07-01,2014-09-30,2015-10-21 16:17:55+00:00,122431000.0,3.63,3.63,3.62,274774000.0,856120000.0,856120000.0,856858000.0,-738000.0,302639000.0,2408044000.0,-5394000.0,-16290000.0,,103402000.0,-53812000.0,417174000.0,,570436000.0,302639000.0,2208807000.0,1056229000.0,1152578000.0,-16290000.0,1136288000.0,2511446000.0,236000000.0,236217000.0,236972000.0
Biogen Inc,BIIB,W8J5WZB5IY3K0NDQT671,875045,2014.0,Q3YTD,2014-01-01,2014-09-30,,382515000.0,8.68,8.68,8.65,721709000.0,2058980000.0,2058980000.0,2051320000.0,7660000.0,873771000.0,6807282000.0,-14932000.0,-17030000.0,,255367000.0,-58351000.0,1393331000.0,,1658732000.0,873771000.0,6188878000.0,3376227000.0,2812651000.0,-17030000.0,2795621000.0,7062649000.0,236000000.0,236217000.0,236972000.0
Biogen Inc,BIIB,W8J5WZB5IY3K0NDQT671,875045,2014.0,Q3TTM,2013-10-01,2014-09-30,,491939000.0,10.61,10.61,10.56,911970000.0,2516286000.0,2516286000.0,2508626000.0,7660000.0,1132324000.0,8683778000.0,-19886000.0,-22435000.0,,344721000.0,-63494000.0,1815564000.0,,2181589000.0,1132324000.0,7896175000.0,4425598000.0,3470577000.0,-22435000.0,3448142000.0,9028499000.0,236000000.0,236217000.0,236972000.0
Biogen Inc,BIIB,W8J5WZB5IY3K0NDQT671,875045,2014.0,Q2YTD,2014-01-01,2014-06-30,,260084000.0,5.05,5.05,5.03,446935000.0,1202860000.0,1202860000.0,1194462000.0,8398000.0,571132000.0,4399238000.0,-9538000.0,-740000.0,,151965000.0,-4539000.0,976157000.0,,1088296000.0,571132000.0,3980071000.0,2319998000.0,1660073000.0,-740000.0,1659333000.0,4551203000.0,236600000.0,236661000.0,237401000.0
Biogen Inc,BIIB,W8J5WZB5IY3K0NDQT671,875045,2014.0,Q2TTM,2013-07-01,2014-06-30,,469506000.0,9.04,9.04,8.99,823301000.0,2147782000.0,2147782000.0,2139384000.0,8398000.0,1064381000.0,8032498000.0,-20662000.0,-10785000.0,,312335000.0,-16728000.0,1808407000.0,,2016737000.0,1064381000.0,7280452000.0,4277922000.0,3002530000.0,-10785000.0,2991745000.0,8344833000.0,236600000.0,236661000.0,237401000.0
Biogen Inc,BIIB,W8J5WZB5IY3K0NDQT671,875045,2014.0,Q2,2014-04-01,2014-06-30,2015-07-24 16:25:45+00:00,116826000.0,3.02,3.02,3.01,268521000.0,723132000.0,723132000.0,714506000.0,8626000.0,291887000.0,2359588000.0,-1933000.0,4861000.0,,61864000.0,119000.0,447273000.0,,576622000.0,291887000.0,2129565000.0,1140840000.0,988725000.0,4861000.0,993586000.0,2421452000.0,236600000.0,236661000.0,237401000.0
Biogen Inc,BIIB,W8J5WZB5IY3K0NDQT671,875045,2014.0,Q1,2014-01-01,2014-03-31,2014-04-23 13:24:07+00:00,143258000.0,2.03,2.03,2.02,178414000.0,479728000.0,479728000.0,479956000.0,-228000.0,279245000.0,2039650000.0,-7605000.0,-5601000.0,0.0,90101000.0,-4658000.0,528884000.0,,511674000.0,279245000.0,1850506000.0,1179158000.0,671348000.0,-5601000.0,665747000.0,2129751000.0,236400000.0,236786000.0,237849000.0
Biogen Inc,BIIB,W8J5WZB5IY3K0NDQT671,875045,2014.0,Q1TTM,2013-04-01,2014-03-31,,434905000.0,8.09,8.09,8.04,713920000.0,1915320000.0,1915320000.0,1915548000.0,-228000.0,1003222000.0,7347613000.0,-21018000.0,-26074000.0,,299241000.0,-27329000.0,1688597000.0,,1871127000.0,1003222000.0,6643632000.0,3967300000.0,2676332000.0,-26074000.0,2650258000.0,7646854000.0,236400000.0,236786000.0,237849000.0
Biogen Inc,BIIB,W8J5WZB5IY3K0NDQT671,875045,2015.0,FY,2015-01-01,2015-12-31,2018-02-01 16:35:03+00:00,382600000.0,15.38,15.38,15.34,1161600000.0,3593200000.0,3593200000.0,3547000000.0,46200000.0,1240400000.0,10527700000.0,-12500000.0,-123700000.0,0.0,236100000.0,30500000.0,2012800000.0,93400000.0,2113100000.0,1240400000.0,9523400000.0,4632400000.0,4891000000.0,-123700000.0,4767300000.0,10763800000.0,230600000.0,230700000.0,231200000.0
Biogen Inc,BIIB,W8J5WZB5IY3K0NDQT671,875045,2015.0,Q4,2015-10-01,2015-12-31,,96600000.0,3.78,3.78,3.77,257100000.0,828700000.0,828700000.0,831600000.0,-2800000.0,331900000.0,2759800000.0,,-82400000.0,,79500000.0,24700000.0,541700000.0,93400000.0,583000000.0,331900000.0,2507400000.0,1339400000.0,1168200000.0,-82400000.0,1085800000.0,2839300000.0,230600000.0,230700000.0,231200000.0
Biogen Inc,BIIB,W8J5WZB5IY3K0NDQT671,875045,2015.0,Q3,2015-07-01,2015-09-30,2016-10-26 16:16:21+00:00,98100000.0,4.16,4.16,4.15,330100000.0,1019500000.0,1019500000.0,965600000.0,53900000.0,310000000.0,2728900000.0,-6800000.0,-15400000.0,0.0,49000000.0,200000.0,519900000.0,0.0,477800000.0,310000000.0,2467900000.0,1096000000.0,1371800000.0,-15400000.0,1356400000.0,2777900000.0,232100000.0,232200000.0,232600000.0
Biogen Inc,BIIB,W8J5WZB5IY3K0NDQT671,875045,2015.0,Q3YTD,2015-01-01,2015-09-30,,286000000.0,11.6,11.6,11.57,904500000.0,2764500000.0,2764500000.0,2715400000.0,49000000.0,908500000.0,7767900000.0,-12500000.0,-41300000.0,,156600000.0,5800000.0,1471100000.0,,1530100000.0,908500000.0,7016000000.0,3293000000.0,3722800000.0,-41300000.0,3681500000.0,7924500000.0,232100000.0,232200000.0,232600000.0
Biogen Inc,BIIB,W8J5WZB5IY3K0NDQT671,875045,2015.0,Q3TTM,2014-10-01,2015-09-30,,393285000.0,15.34,15.34,15.29,1172691000.0,3647120000.0,3647120000.0,3598880000.0,48140000.0,1205729000.0,10359418000.0,-12668000.0,-50070000.0,,205733000.0,8451000.0,1971169000.0,,2103668000.0,1205729000.0,9359422000.0,4476573000.0,4882549000.0,-50070000.0,4832479000.0,10565151000.0,232100000.0,232200000.0,232600000.0
Biogen Inc,BIIB,W8J5WZB5IY3K0NDQT671,875045,2015.0,Q2,2015-04-01,2015-06-30,2016-07-21 17:30:12+00:00,92000000.0,3.94,3.94,3.93,292500000.0,924800000.0,924800000.0,927300000.0,-2500000.0,286100000.0,2536100000.0,-4900000.0,-10900000.0,0.0,55600000.0,-2200000.0,490700000.0,0.0,491900000.0,286100000.0,2305600000.0,1072400000.0,1233100000.0,-10900000.0,1222200000.0,2591700000.0,235400000.0,235300000.0,235700000.0
Biogen Inc,BIIB,W8J5WZB5IY3K0NDQT671,875045,2015.0,Q2YTD,2015-01-01,2015-06-30,,187900000.0,7.44,7.44,7.42,574400000.0,1745000000.0,1745000000.0,1749800000.0,-4900000.0,598500000.0,5039000000.0,-5700000.0,-25900000.0,,107600000.0,5600000.0,951200000.0,,1052300000.0,598500000.0,4548100000.0,2197000000.0,2351000000.0,-25900000.0,2325100000.0,5146600000.0,235400000.0,235300000.0,235700000.0
Biogen Inc,BIIB,W8J5WZB5IY3K0NDQT671,875045,2015.0,Q2TTM,2014-07-01,2015-06-30,,417616000.0,14.81,14.81,14.76,1117365000.0,3483740000.0,3483740000.0,3490138000.0,-6498000.0,1198368000.0,10038562000.0,-11262000.0,-50960000.0,,260135000.0,-45561000.0,1868443000.0,,2196304000.0,1198368000.0,9100329000.0,4436802000.0,4663327000.0,-50960000.0,4612367000.0,10298697000.0,235400000.0,235300000.0,235700000.0
Biogen Inc,BIIB,W8J5WZB5IY3K0NDQT671,875045,2015.0,Q1,2015-01-01,2015-03-31,2016-04-21 16:57:52+00:00,95900000.0,3.5,3.5,3.49,281900000.0,820200000.0,820200000.0,822500000.0,-2400000.0,312400000.0,2502900000.0,-800000.0,-15000000.0,,52000000.0,7800000.0,460500000.0,0.0,560400000.0,312400000.0,2242500000.0,1124600000.0,1117900000.0,-15000000.0,1102900000.0,2554900000.0,235000000.0,235000000.0,235600000.0
Biogen Inc,BIIB,W8J5WZB5IY3K0NDQT671,875045,2015.0,Q1TTM,2014-04-01,2015-03-31,,442442000.0,13.89,13.89,13.84,1093386000.0,3282072000.0,3282072000.0,3277344000.0,4628000.0,1204155000.0,9862050000.0,-8295000.0,-35199000.0,,266399000.0,-43242000.0,1825016000.0,,2281026000.0,1204155000.0,8924294000.0,4505242000.0,4418952000.0,-35199000.0,4383753000.0,10128449000.0,235000000.0,235000000.0,235600000.0
Biogen Inc,BIIB,W8J5WZB5IY3K0NDQT671,875045,2016.0,FY,2016-01-01,2016-12-31,2019-02-06 17:21:15+00:00,385600000.0,16.96,16.96,16.93,1237300000.0,3695700000.0,3695700000.0,3702800000.0,-7100000.0,1478700000.0,11448800000.0,0.0,-218700000.0,10200000.0,,469600000.0,1973300000.0,33100000.0,1946600000.0,1478700000.0,9970100000.0,4818400000.0,5151700000.0,-218700000.0,4933000000.0,11448800000.0,218300000.0,218400000.0,218800000.0
Biogen Inc,BIIB,W8J5WZB5IY3K0NDQT671,875045,2016.0,Q4,2016-10-01,2016-12-31,,104200000.0,3.01,3.01,3.0,190300000.0,647900000.0,647900000.0,649200000.0,-1300000.0,378500000.0,3137500000.0,,-49300000.0,11100000.0,-265500000.0,450800000.0,533900000.0,11800000.0,494200000.0,378500000.0,2493500000.0,1606000000.0,887500000.0,-49300000.0,838200000.0,2872000000.0,218300000.0,218400000.0,218800000.0
Biogen Inc,BIIB,W8J5WZB5IY3K0NDQT671,875045,2016.0,Q3,2016-07-01,2016-09-30,2017-10-24 16:35:34+00:00,99700000.0,4.72,4.72,4.71,337000000.0,1030200000.0,1030200000.0,1032900000.0,-2700000.0,416900000.0,2857200000.0,0.0,-58100000.0,4700000.0,98600000.0,5900000.0,529000000.0,11600000.0,462700000.0,416900000.0,2538900000.0,1113600000.0,1425300000.0,-58100000.0,1367200000.0,2955800000.0,218800000.0,218900000.0,219400000.0
Biogen Inc,BIIB,W8J5WZB5IY3K0NDQT671,875045,2016.0,Q3YTD,2016-01-01,2016-09-30,,281400000.0,13.95,13.95,13.93,1047000000.0,3047800000.0,3047800000.0,3053600000.0,-5800000.0,1100200000.0,8311300000.0,,-169400000.0,-900000.0,265500000.0,18800000.0,1439400000.0,21300000.0,1452400000.0,1100200000.0,7476600000.0,3212400000.0,4264200000.0,-169400000.0,4094800000.0,8576800000.0,218800000.0,218900000.0,219400000.0
Biogen Inc,BIIB,W8J5WZB5IY3K0NDQT671,875045,2016.0,Q3TTM,2015-10-01,2016-09-30,,378000000.0,17.73,17.73,17.7,1304100000.0,3876500000.0,3876500000.0,3885200000.0,-8600000.0,1432100000.0,11071100000.0,,-251800000.0,-900000.0,345000000.0,43500000.0,1981100000.0,114700000.0,2035400000.0,1432100000.0,9984000000.0,4551800000.0,5432400000.0,-251800000.0,5180600000.0,11416100000.0,218800000.0,218900000.0,219400000.0
Biogen Inc,BIIB,W8J5WZB5IY3K0NDQT671,875045,2016.0,Q2,2016-04-01,2016-06-30,2017-07-25 16:22:11+00:00,92900000.0,4.79,4.79,4.79,353600000.0,1048400000.0,1048400000.0,1049800000.0,-1400000.0,370300000.0,2815200000.0,0.0,-58500000.0,-5600000.0,79000000.0,10600000.0,473100000.0,0.0,492400000.0,370300000.0,2523900000.0,1063400000.0,1460500000.0,-58500000.0,1402000000.0,2894200000.0,219200000.0,219100000.0,219400000.0
Biogen Inc,BIIB,W8J5WZB5IY3K0NDQT671,875045,2016.0,Q2YTD,2016-01-01,2016-06-30,,181700000.0,9.23,9.23,9.22,710000000.0,2017600000.0,2017600000.0,2020700000.0,-3100000.0,683300000.0,5454100000.0,,-111300000.0,-5600000.0,166900000.0,12900000.0,910400000.0,9700000.0,989700000.0,683300000.0,4937700000.0,2098800000.0,2838900000.0,-111300000.0,2727600000.0,5621000000.0,219200000.0,219100000.0,219400000.0
Biogen Inc,BIIB,W8J5WZB5IY3K0NDQT671,875045,2016.0,Q2TTM,2015-07-01,2016-06-30,,376400000.0,17.17,17.17,17.14,1297200000.0,3865800000.0,3865800000.0,3817900000.0,48000000.0,1325200000.0,10942800000.0,-6800000.0,-209100000.0,-5600000.0,295400000.0,37800000.0,1972000000.0,103100000.0,2050500000.0,1325200000.0,9913000000.0,4534200000.0,5378900000.0,-209100000.0,5169800000.0,11238200000.0,219200000.0,219100000.0,219400000.0
Biogen Inc,BIIB,W8J5WZB5IY3K0NDQT671,875045,2016.0,Q1,2016-01-01,2016-03-31,2017-04-25 16:18:28+00:00,88800000.0,4.44,4.44,4.43,356400000.0,969200000.0,969200000.0,970900000.0,-1700000.0,313000000.0,2638900000.0,0.0,-52800000.0,0.0,87900000.0,2300000.0,437300000.0,9700000.0,497300000.0,313000000.0,2413800000.0,1035400000.0,1378400000.0,-52800000.0,1325600000.0,2726800000.0,218700000.0,218900000.0,219300000.0
Biogen Inc,BIIB,W8J5WZB5IY3K0NDQT671,875045,2016.0,Q1TTM,2015-04-01,2016-03-31,,375500000.0,16.32,16.32,16.28,1236100000.0,3742200000.0,3742200000.0,3695400000.0,46900000.0,1241000000.0,10663700000.0,-11700000.0,-161500000.0,,272000000.0,25000000.0,1989600000.0,103100000.0,2050000000.0,1241000000.0,9694700000.0,4543200000.0,5151500000.0,-161500000.0,4990000000.0,10935700000.0,218700000.0,218900000.0,219300000.0
Biogen Inc,BIIB,W8J5WZB5IY3K0NDQT671,875045,2017.0,FY,2017-01-01,2017-12-31,2020-02-06 16:32:39+00:00,814700000.0,11.94,11.94,11.92,2458700000.0,2670100000.0,2670100000.0,2539100000.0,131000000.0,1630000000.0,12273900000.0,0.0,-217000000.0,112300000.0,,62700000.0,2373600000.0,900000.0,1933900000.0,1630000000.0,10643900000.0,5298100000.0,5345800000.0,-217000000.0,5128800000.0,12273900000.0,212700000.0,212600000.0,213000000.0
Biogen Inc,BIIB,W8J5WZB5IY3K0NDQT671,875045,2017.0,Q3,2017-07-01,2017-09-30,2018-10-23 16:25:54+00:00,108900000.0,5.8,5.8,5.79,383800000.0,1226100000.0,1226100000.0,1226100000.0,0.0,370000000.0,3077800000.0,0.0,-44000000.0,35200000.0,,30000000.0,446400000.0,0.0,433400000.0,370000000.0,2707800000.0,1053900000.0,1653900000.0,-44000000.0,1609900000.0,3077800000.0,211400000.0,211400000.0,211800000.0
Biogen Inc,BIIB,W8J5WZB5IY3K0NDQT671,875045,2017.0,Q3YTD,2017-01-01,2017-09-30,,674900000.0,13.34,13.34,13.32,892600000.0,2836400000.0,2836400000.0,2836500000.0,-100000.0,1120800000.0,8876900000.0,,-150600000.0,82500000.0,90000000.0,61200000.0,1786000000.0,,1361900000.0,1120800000.0,7846100000.0,3966500000.0,3879600000.0,-150600000.0,3729000000.0,8966900000.0,211400000.0,211400000.0,211800000.0
Biogen Inc,BIIB,W8J5WZB5IY3K0NDQT671,875045,2017.0,Q3TTM,2016-10-01,2017-09-30,,779100000.0,16.35,16.35,16.32,1082900000.0,3484300000.0,3484300000.0,3485700000.0,-1400000.0,1499300000.0,12014400000.0,,-199900000.0,93600000.0,-175500000.0,512000000.0,2319900000.0,11800000.0,1856100000.0,1499300000.0,10339600000.0,5572500000.0,4767100000.0,-199900000.0,4567200000.0,11838900000.0,211400000.0,211400000.0,211800000.0
Biogen Inc,BIIB,W8J5WZB5IY3K0NDQT671,875045,2017.0,Q2,2017-04-01,2017-06-30,2018-07-24 16:53:51+00:00,117500000.0,4.07,4.07,4.07,269600000.0,862800000.0,862800000.0,862800000.0,0.0,366200000.0,3078400000.0,0.0,-68600000.0,26500000.0,,21200000.0,916200000.0,0.0,429800000.0,366200000.0,2712200000.0,1511200000.0,1201000000.0,-68600000.0,1132400000.0,3078400000.0,212000000.0,211900000.0,212200000.0
Biogen Inc,BIIB,W8J5WZB5IY3K0NDQT671,875045,2017.0,Q2YTD,2017-01-01,2017-06-30,,566000000.0,7.54,7.54,7.53,508800000.0,1610300000.0,1610300000.0,1610400000.0,-100000.0,750800000.0,5799100000.0,,-106600000.0,47300000.0,90000000.0,31200000.0,1339600000.0,,928500000.0,750800000.0,5138300000.0,2912600000.0,2225700000.0,-106600000.0,2119100000.0,5889100000.0,212000000.0,211900000.0,212200000.0
Biogen Inc,BIIB,W8J5WZB5IY3K0NDQT671,875045,2017.0,Q2TTM,2016-07-01,2017-06-30,,769900000.0,15.27,15.27,15.24,1036100000.0,3288400000.0,3288400000.0,3292500000.0,-4100000.0,1546200000.0,11793800000.0,,-214000000.0,63100000.0,-76900000.0,487900000.0,2402500000.0,23400000.0,1885400000.0,1546200000.0,10170700000.0,5632200000.0,4538500000.0,-214000000.0,4324500000.0,11716900000.0,212000000.0,211900000.0,212200000.0
Biogen Inc,BIIB,W8J5WZB5IY3K0NDQT671,875045,2017.0,Q1,2017-01-01,2017-03-31,2018-04-24 16:53:10+00:00,448500000.0,3.47,3.47,3.46,239200000.0,747500000.0,747500000.0,747600000.0,-100000.0,384600000.0,2720700000.0,0.0,-38000000.0,20800000.0,90000000.0,10000000.0,423400000.0,0.0,498700000.0,384600000.0,2426100000.0,1401400000.0,1024700000.0,-38000000.0,986700000.0,2810700000.0,215400000.0,215600000.0,215900000.0
Biogen Inc,BIIB,W8J5WZB5IY3K0NDQT671,875045,2017.0,Q1TTM,2016-04-01,2017-03-31,,745300000.0,15.99,15.99,15.96,1120100000.0,3474000000.0,3474000000.0,3479500000.0,-5500000.0,1550300000.0,11530600000.0,,-203900000.0,31000000.0,2100000.0,477300000.0,1959400000.0,23400000.0,1948000000.0,1550300000.0,9982400000.0,5184400000.0,4798000000.0,-203900000.0,4594100000.0,11532700000.0,215400000.0,215600000.0,215900000.0
Biogen Inc,BIIB,W8J5WZB5IY3K0NDQT671,875045,2018.0,FY,2018-01-01,2018-12-31,2020-02-06 16:32:39+00:00,747300000.0,21.63,21.63,21.58,1425600000.0,4474000000.0,4474000000.0,4430700000.0,43300000.0,1816300000.0,13452900000.0,0.0,11000000.0,185000000.0,,-12300000.0,2709700000.0,12000000.0,2106300000.0,1816300000.0,11636600000.0,5748000000.0,5888600000.0,11000000.0,5899600000.0,13452900000.0,204800000.0,204900000.0,205300000.0
Biogen Inc,BIIB,W8J5WZB5IY3K0NDQT671,875045,2018.0,Q4,2018-10-01,2018-12-31,,254100000.0,4.73,4.73,4.71,469600000.0,944900000.0,944900000.0,946800000.0,-1900000.0,488500000.0,3526300000.0,,-28600000.0,55800000.0,,79300000.0,611600000.0,2800000.0,591100000.0,488500000.0,3037800000.0,1594700000.0,1443100000.0,-28600000.0,1414500000.0,3526300000.0,204800000.0,204900000.0,205300000.0
Biogen Inc,BIIB,W8J5WZB5IY3K0NDQT671,875045,2018.0,Q3,2018-07-01,2018-09-30,2019-10-22 16:12:44+00:00,281900000.0,7.17,7.17,7.15,369800000.0,1442900000.0,1442900000.0,1444400000.0,-1500000.0,460800000.0,3439000000.0,0.0,115100000.0,47500000.0,,-87900000.0,535400000.0,6000000.0,497700000.0,460800000.0,2978200000.0,1280600000.0,1697600000.0,115100000.0,1812700000.0,3439000000.0,201500000.0,201400000.0,201900000.0
Biogen Inc,BIIB,W8J5WZB5IY3K0NDQT671,875045,2018.0,Q3YTD,2018-01-01,2018-09-30,,493200000.0,16.9,16.9,16.87,956000000.0,3529100000.0,3529100000.0,3483900000.0,45200000.0,1327800000.0,9926600000.0,,39600000.0,129200000.0,,-91600000.0,2098100000.0,9200000.0,1515200000.0,1327800000.0,8598800000.0,4153300000.0,4445500000.0,39600000.0,4485100000.0,9926600000.0,201500000.0,201400000.0,201900000.0
Biogen Inc,BIIB,W8J5WZB5IY3K0NDQT671,875045,2018.0,Q3TTM,2017-10-01,2018-09-30,,633000000.0,15.5,15.5,15.47,2522100000.0,3362800000.0,3362800000.0,3186500000.0,176300000.0,1837000000.0,13323600000.0,,-26800000.0,159000000.0,-90000000.0,-90100000.0,2685700000.0,10100000.0,2087200000.0,1837000000.0,11396600000.0,5484900000.0,5911700000.0,-26800000.0,5884900000.0,13233600000.0,201500000.0,201400000.0,201900000.0
Biogen Inc,BIIB,W8J5WZB5IY3K0NDQT671,875045,2018.0,Q2,2018-04-01,2018-06-30,2019-07-23 17:47:07+00:00,107400000.0,4.18,4.18,4.18,263700000.0,915000000.0,915000000.0,866600000.0,48400000.0,421000000.0,3356500000.0,0.0,-34500000.0,39200000.0,,1900000.0,1056000000.0,1600000.0,516200000.0,421000000.0,2935500000.0,1722300000.0,1213200000.0,-34500000.0,1178700000.0,3356500000.0,207300000.0,207100000.0,207300000.0
Biogen Inc,BIIB,W8J5WZB5IY3K0NDQT671,875045,2018.0,Q2YTD,2018-01-01,2018-06-30,,211300000.0,9.73,9.73,9.72,586200000.0,2086200000.0,2086200000.0,2039500000.0,46700000.0,867000000.0,6487600000.0,,-75500000.0,81700000.0,,-3700000.0,1562700000.0,3200000.0,1017500000.0,867000000.0,5620600000.0,2872700000.0,2747900000.0,-75500000.0,2672400000.0,6487600000.0,207300000.0,207100000.0,207300000.0
Biogen Inc,BIIB,W8J5WZB5IY3K0NDQT671,875045,2018.0,Q2TTM,2017-07-01,2018-06-30,,460000000.0,14.13,14.13,14.11,2536100000.0,3146000000.0,3146000000.0,2968200000.0,177800000.0,1746200000.0,12962400000.0,,-185900000.0,146700000.0,-90000000.0,27800000.0,2596700000.0,4100000.0,2022900000.0,1746200000.0,11126200000.0,5258200000.0,5868000000.0,-185900000.0,5682100000.0,12872400000.0,207300000.0,207100000.0,207300000.0
Biogen Inc,BIIB,W8J5WZB5IY3K0NDQT671,875045,2018.0,Q1,2018-01-01,2018-03-31,2019-04-24 16:46:37+00:00,103900000.0,5.55,5.55,5.54,322500000.0,1171200000.0,1171200000.0,1172900000.0,-1700000.0,446000000.0,3131100000.0,0.0,-41000000.0,42500000.0,,-5600000.0,506700000.0,1600000.0,501300000.0,446000000.0,2685100000.0,1150400000.0,1534700000.0,-41000000.0,1493700000.0,3131100000.0,211300000.0,211400000.0,211700000.0
Biogen Inc,BIIB,W8J5WZB5IY3K0NDQT671,875045,2018.0,Q1TTM,2017-04-01,2018-03-31,,470100000.0,14.02,14.02,14.0,2542000000.0,3093800000.0,3093800000.0,2964400000.0,129400000.0,1691400000.0,12684300000.0,,-220000000.0,134000000.0,-90000000.0,47100000.0,2456900000.0,2500000.0,1936500000.0,1691400000.0,10902900000.0,5047100000.0,5855800000.0,-220000000.0,5635800000.0,12594300000.0,211300000.0,211400000.0,211700000.0
Biogen Inc,BIIB,W8J5WZB5IY3K0NDQT671,875045,2019.0,FY,2019-01-01,2019-12-31,2020-02-06 16:32:39+00:00,489900000.0,31.47,31.47,31.42,1158000000.0,5888500000.0,5888500000.0,5888500000.0,0.0,1955400000.0,14377900000.0,-79400000.0,83300000.0,241600000.0,,-8400000.0,2280600000.0,1500000.0,2374700000.0,1955400000.0,12422500000.0,5379900000.0,7042600000.0,83300000.0,7125900000.0,14377900000.0,187100000.0,187100000.0,187400000.0
Biogen Inc,BIIB,W8J5WZB5IY3K0NDQT671,875045,2019.0,Q4,2019-10-01,2019-12-31,,67700000.0,8.05,8.05,8.03,276100000.0,1439700000.0,1439700000.0,1439700000.0,,447100000.0,3671300000.0,-12600000.0,-49300000.0,-55700000.0,,77900000.0,691700000.0,,664900000.0,447100000.0,3224200000.0,1446500000.0,1777700000.0,-49300000.0,1728400000.0,3671300000.0,187100000.0,187100000.0,187400000.0
Biogen Inc,BIIB,W8J5WZB5IY3K0NDQT671,875045,2019.0,Q3YTD,2019-01-01,2019-09-30,,422200000.0,23.42,23.42,23.39,881900000.0,4448800000.0,4448800000.0,4448800000.0,,1508300000.0,10706600000.0,-66800000.0,132600000.0,297300000.0,,-86300000.0,1588900000.0,1500000.0,1709800000.0,1508300000.0,9198300000.0,3933400000.0,5264900000.0,132600000.0,5397500000.0,10706600000.0,184000000.0,184000000.0,184200000.0
Biogen Inc,BIIB,W8J5WZB5IY3K0NDQT671,875045,2019.0,Q3TTM,2018-10-01,2019-09-30,,676300000.0,28.15,28.15,28.1,1351500000.0,5393700000.0,5393700000.0,5395600000.0,-1900000.0,1996800000.0,14232900000.0,-66800000.0,104000000.0,353100000.0,,-7000000.0,2200500000.0,4300000.0,2300900000.0,1996800000.0,12236100000.0,5528100000.0,6708000000.0,104000000.0,6812000000.0,14232900000.0,184000000.0,184000000.0,184200000.0
Biogen Inc,BIIB,W8J5WZB5IY3K0NDQT671,875045,2019.0,Q3,2019-07-01,2019-09-30,2019-10-22 16:12:44+00:00,283900000.0,8.4,8.4,8.39,211300000.0,1545900000.0,1545900000.0,1545900000.0,0.0,430000000.0,3600100000.0,-21800000.0,-27300000.0,60200000.0,,-75500000.0,540400000.0,300000.0,554500000.0,430000000.0,3170100000.0,1363800000.0,1806300000.0,-27300000.0,1779000000.0,3600100000.0,184000000.0,184000000.0,184200000.0
Biogen Inc,BIIB,W8J5WZB5IY3K0NDQT671,875045,2019.0,Q2,2019-04-01,2019-06-30,2019-07-23 17:47:07+00:00,70100000.0,7.85,7.85,7.85,248100000.0,1494100000.0,1494100000.0,1494100000.0,0.0,476300000.0,3616700000.0,-16300000.0,-197400000.0,63500000.0,,-22300000.0,484800000.0,800000.0,587600000.0,476300000.0,3140400000.0,1184500000.0,1955900000.0,-197400000.0,1758500000.0,3616700000.0,190300000.0,190300000.0,190400000.0
Biogen Inc,BIIB,W8J5WZB5IY3K0NDQT671,875045,2019.0,Q2YTD,2019-01-01,2019-06-30,,138300000.0,15.02,15.02,15.0,670600000.0,2902900000.0,2902900000.0,2902900000.0,,1078300000.0,7106500000.0,-45000000.0,159900000.0,237100000.0,,-10800000.0,1048500000.0,1200000.0,1155300000.0,1078300000.0,6028200000.0,2569600000.0,3458600000.0,159900000.0,3618500000.0,7106500000.0,190300000.0,190300000.0,190400000.0
Biogen Inc,BIIB,W8J5WZB5IY3K0NDQT671,875045,2019.0,Q2TTM,2018-07-01,2019-06-30,,674300000.0,26.92,26.92,26.86,1510000000.0,5290700000.0,5290700000.0,5294100000.0,-3400000.0,2027600000.0,14071800000.0,-45000000.0,246400000.0,340400000.0,,-19400000.0,2195500000.0,10000000.0,2244100000.0,2027600000.0,12044200000.0,5444900000.0,6599300000.0,246400000.0,6845700000.0,14071800000.0,190300000.0,190300000.0,190400000.0
Biogen Inc,BIIB,W8J5WZB5IY3K0NDQT671,875045,2019.0,Q1,2019-01-01,2019-03-31,2020-04-23 16:15:49+00:00,68200000.0,7.17,7.17,7.15,422500000.0,1408800000.0,1408800000.0,1408800000.0,0.0,602000000.0,3489800000.0,-28700000.0,357300000.0,173600000.0,,11500000.0,563700000.0,400000.0,567700000.0,602000000.0,2887800000.0,1385100000.0,1502700000.0,357300000.0,1860000000.0,3489800000.0,196500000.0,196600000.0,197000000.0
Biogen Inc,BIIB,W8J5WZB5IY3K0NDQT671,875045,2019.0,Q1TTM,2018-04-01,2019-03-31,,711600000.0,23.25,23.25,23.19,1525600000.0,4711600000.0,4711600000.0,4666600000.0,45000000.0,1972300000.0,13811600000.0,-28700000.0,409300000.0,316100000.0,,4800000.0,2766700000.0,10800000.0,2172700000.0,1972300000.0,11839300000.0,5982700000.0,5856600000.0,409300000.0,6265900000.0,13811600000.0,196500000.0,196600000.0,197000000.0
Biogen Inc,BIIB,W8J5WZB5IY3K0NDQT671,875045,2020.0,Q1TTM,2019-04-01,2020-03-31,,493200000.0,32.4,32.4,32.35,1027500000.0,5872300000.0,5872300000.0,5878800000.0,-6500000.0,1807700000.0,14422400000.0,-65500000.0,-394500000.0,139800000.0,,-24500000.0,2268200000.0,1100000.0,2377100000.0,1807700000.0,12614700000.0,5254900000.0,7359800000.0,-394500000.0,6965300000.0,14422400000.0,172700000.0,172800000.0,173100000.0
Biogen Inc,BIIB,W8J5WZB5IY3K0NDQT671,875045,2020.0,Q1,2020-01-01,2020-03-31,2020-04-23 16:15:49+00:00,71500000.0,8.1,8.1,8.08,292000000.0,1392600000.0,1392600000.0,1399100000.0,-6500000.0,454300000.0,3534300000.0,-14800000.0,-120500000.0,71800000.0,,-4600000.0,551300000.0,0.0,570100000.0,454300000.0,3080000000.0,1260100000.0,1819900000.0,-120500000.0,1699400000.0,3534300000.0,172700000.0,172800000.0,173100000.0
