company_name,company_ticker,company_lei,company_cik,year,quarter,start_date,end_date,filing_date,basicdilutedeps,basiceps,cashdividendspershare,dilutedeps,incometaxexpense,netincome,netincomecontinuing,netincomediscontinued,netincometocommon,netincometononcontrollinginterest,operatingcostofrevenue,operatingrevenue,otheradjustmentstoconsolidatednetincome,otherincome,otheroperatingexpenses,otherspecialcharges,restructuringcharge,sgaexpense,totalcostofrevenue,totalgrossprofit,totalinterestexpense,totalinterestincome,totaloperatingexpenses,totaloperatingincome,totalotherincome,totalpretaxincome,totalrevenue,weightedavebasicdilutedsharesos,weightedavebasicsharesos,weightedavedilutedsharesos
Molson Coors Brewing Co,TAP,54930073LBBH6ZCBE225,24545,2007.0,FY,2007-01-01,2007-12-30,2010-02-19 17:21:22+00:00,2.75,2.75,,2.71,1000000.0,507300000.0,525000000.0,-17700000.0,492000000.0,15300000.0,5832000000.0,8319700000.0,,17700000.0,,,112200000.0,1734400000.0,5832000000.0,2487700000.0,159400000.0,26600000.0,1846600000.0,641100000.0,-115100000.0,526000000.0,8319700000.0,178900000.0,178700000.0,181400000.0
Molson Coors Brewing Co,TAP,54930073LBBH6ZCBE225,24545,2008.0,FY,2007-12-31,2008-12-28,2011-02-22 06:21:34+00:00,2.07,2.07,0.76,2.04,96400000.0,390900000.0,403000000.0,-12100000.0,378700000.0,12200000.0,4718300000.0,6651800000.0,,-8400000.0,,-155600000.0,133900000.0,1333200000.0,4718300000.0,1933500000.0,131500000.0,17300000.0,1311500000.0,622000000.0,-122600000.0,499400000.0,6651800000.0,182900000.0,182600000.0,185500000.0
Molson Coors Brewing Co,TAP,54930073LBBH6ZCBE225,24545,2008.0,Q3,2008-06-30,2008-09-28,2009-11-04 21:15:37+00:00,0.93,0.93,,0.92,54900000.0,172000000.0,168800000.0,3200000.0,171300000.0,700000.0,977100000.0,1373800000.0,,7700000.0,-106500000.0,,24800000.0,236800000.0,977100000.0,396700000.0,25600000.0,,155100000.0,241600000.0,-17900000.0,223700000.0,1373800000.0,184200000.0,183500000.0,185700000.0
Molson Coors Brewing Co,TAP,54930073LBBH6ZCBE225,24545,2008.0,Q2,2008-03-31,2008-06-29,2009-08-03 17:37:35+00:00,0.43,0.43,,0.42,26500000.0,84800000.0,97200000.0,-12400000.0,79400000.0,5400000.0,1033600000.0,1757400000.0,,-6000000.0,0.0,,103900000.0,463200000.0,1033600000.0,723800000.0,27000000.0,,567100000.0,156700000.0,-33000000.0,123700000.0,1757400000.0,184700000.0,182400000.0,186000000.0
Molson Coors Brewing Co,TAP,54930073LBBH6ZCBE225,24545,2009.0,Q4,2009-09-27,2009-12-26,,1.2,1.2,0.26,1.2,-86000000.0,222800000.0,218900000.0,3900000.0,222100000.0,700000.0,846400000.0,1191600000.0,,20300000.0,97100000.0,-146700000.0,11100000.0,247500000.0,846400000.0,345200000.0,34300000.0,10700000.0,209000000.0,136200000.0,-3300000.0,132900000.0,1191600000.0,184200000.0,184400000.0,185900000.0
Molson Coors Brewing Co,TAP,54930073LBBH6ZCBE225,24545,2009.0,FY,2008-12-29,2009-12-26,2012-02-24 18:47:26+00:00,3.91,3.91,0.92,3.87,-14700000.0,723200000.0,732200000.0,-9000000.0,720400000.0,2800000.0,3121000000.0,4426500000.0,,49400000.0,,-382000000.0,32700000.0,900800000.0,3121000000.0,1305500000.0,96600000.0,10700000.0,551500000.0,754000000.0,-36500000.0,717500000.0,4426500000.0,184200000.0,184400000.0,185900000.0
Molson Coors Brewing Co,TAP,54930073LBBH6ZCBE225,24545,2009.0,Q3YTD,2008-12-29,2009-09-26,,2.7,2.7,0.68,2.7,71300000.0,500400000.0,513300000.0,-12900000.0,498300000.0,2100000.0,2274600000.0,3234900000.0,,29100000.0,-97100000.0,-235300000.0,21600000.0,653300000.0,2274600000.0,960300000.0,62300000.0,,342500000.0,617800000.0,-33200000.0,584600000.0,3234900000.0,185300000.0,184600000.0,186200000.0
Molson Coors Brewing Co,TAP,54930073LBBH6ZCBE225,24545,2009.0,Q3,2009-06-29,2009-09-26,2010-11-03 18:14:41+00:00,1.27,1.27,0.24,1.26,25300000.0,236400000.0,245400000.0,-9000000.0,235300000.0,1100000.0,869200000.0,1250300000.0,,55900000.0,,-101200000.0,4300000.0,240700000.0,869200000.0,381100000.0,22500000.0,,143800000.0,237300000.0,33400000.0,270700000.0,1250300000.0,185300000.0,184600000.0,186200000.0
Molson Coors Brewing Co,TAP,54930073LBBH6ZCBE225,24545,2009.0,Q2YTD,2008-12-29,2009-06-28,,1.43,1.43,0.44,1.43,46000000.0,264000000.0,267900000.0,-3900000.0,263000000.0,1000000.0,1405400000.0,1984600000.0,,-26800000.0,-97100000.0,-134100000.0,17300000.0,412600000.0,1405400000.0,579200000.0,39800000.0,,198700000.0,380500000.0,-66600000.0,313900000.0,1984600000.0,183600000.0,184200000.0,185400000.0
Molson Coors Brewing Co,TAP,54930073LBBH6ZCBE225,24545,2009.0,Q2,2009-03-30,2009-06-28,2010-08-03 17:38:35+00:00,1.02,1.02,0.24,1.01,47300000.0,187800000.0,187800000.0,,187300000.0,500000.0,794100000.0,1160400000.0,,-8300000.0,,-134100000.0,7100000.0,230000000.0,794100000.0,366300000.0,19900000.0,,103000000.0,263300000.0,-28200000.0,235100000.0,1160400000.0,183600000.0,184200000.0,185400000.0
Molson Coors Brewing Co,TAP,54930073LBBH6ZCBE225,24545,2009.0,Q1,2008-12-29,2009-03-29,2010-05-04 17:59:00+00:00,0.41,0.41,,0.41,-1300000.0,76200000.0,80100000.0,-3900000.0,75700000.0,500000.0,611300000.0,824200000.0,,-18500000.0,-97100000.0,,10200000.0,182600000.0,611300000.0,212900000.0,19900000.0,,95700000.0,117200000.0,-38400000.0,78800000.0,824200000.0,184600000.0,183800000.0,184900000.0
Molson Coors Brewing Co,TAP,54930073LBBH6ZCBE225,24545,2010.0,Q4,2010-09-26,2010-12-25,,0.58,0.58,0.28,0.58,14100000.0,109200000.0,110700000.0,-1500000.0,109800000.0,-600000.0,853900000.0,1213400000.0,,-10500000.0,,-66200000.0,-200000.0,264900000.0,853900000.0,359500000.0,110200000.0,84500000.0,198500000.0,161000000.0,-36200000.0,124800000.0,1213400000.0,186200000.0,185900000.0,187300000.0
Molson Coors Brewing Co,TAP,54930073LBBH6ZCBE225,24545,2010.0,FY,2009-12-27,2010-12-25,2013-02-22 15:23:58+00:00,3.8,3.8,1.08,3.78,138700000.0,709900000.0,670300000.0,39600000.0,707700000.0,2200000.0,3260900000.0,4703100000.0,,43900000.0,,-456100000.0,21300000.0,1012500000.0,3260900000.0,1442200000.0,110200000.0,10800000.0,577700000.0,864500000.0,-55500000.0,809000000.0,4703100000.0,186200000.0,185900000.0,187300000.0
Molson Coors Brewing Co,TAP,54930073LBBH6ZCBE225,24545,2010.0,Q3YTD,2009-12-27,2010-09-25,,3.22,3.22,0.8,3.2,124600000.0,600700000.0,559600000.0,41100000.0,597900000.0,2800000.0,2407000000.0,3489700000.0,,54400000.0,,-389900000.0,21500000.0,747600000.0,2407000000.0,1082700000.0,,-73700000.0,379200000.0,703500000.0,-19300000.0,684200000.0,3489700000.0,185600000.0,186000000.0,187400000.0
Molson Coors Brewing Co,TAP,54930073LBBH6ZCBE225,24545,2010.0,Q3TTM,2009-09-27,2010-09-25,,4.41,4.41,1.05,4.41,38600000.0,823500000.0,778500000.0,45000000.0,820000000.0,3500000.0,3253400000.0,4681300000.0,,74700000.0,97100000.0,-536600000.0,32600000.0,995100000.0,3253400000.0,1427900000.0,34300000.0,-63000000.0,588200000.0,839700000.0,-22600000.0,817100000.0,4681300000.0,185600000.0,186000000.0,187400000.0
Molson Coors Brewing Co,TAP,54930073LBBH6ZCBE225,24545,2010.0,Q3,2010-06-27,2010-09-25,2011-11-03 16:57:45+00:00,1.38,1.38,0.28,1.37,60700000.0,257000000.0,257900000.0,-900000.0,256100000.0,900000.0,842500000.0,1260100000.0,,41600000.0,,-135300000.0,3100000.0,248900000.0,842500000.0,417600000.0,,-23900000.0,116700000.0,300900000.0,17700000.0,318600000.0,1260100000.0,185600000.0,186000000.0,187400000.0
Molson Coors Brewing Co,TAP,54930073LBBH6ZCBE225,24545,2010.0,Q2YTD,2009-12-27,2010-06-26,,1.84,1.84,0.52,1.83,63900000.0,343700000.0,301700000.0,42000000.0,341800000.0,1900000.0,1564500000.0,2229600000.0,,12800000.0,,-254600000.0,18400000.0,498700000.0,1564500000.0,665100000.0,,-49800000.0,262500000.0,402600000.0,-37000000.0,365600000.0,2229600000.0,185300000.0,185700000.0,187400000.0
Molson Coors Brewing Co,TAP,54930073LBBH6ZCBE225,24545,2010.0,Q2TTM,2009-06-29,2010-06-26,,4.3,4.3,1.02,4.3,3200000.0,802900000.0,766000000.0,36900000.0,799200000.0,3700000.0,3280100000.0,4671500000.0,,89000000.0,97100000.0,-502500000.0,33800000.0,986900000.0,3280100000.0,1391400000.0,56800000.0,-39100000.0,615300000.0,776100000.0,-6900000.0,769200000.0,4671500000.0,185300000.0,185700000.0,187400000.0
Molson Coors Brewing Co,TAP,54930073LBBH6ZCBE225,24545,2010.0,Q2,2010-03-28,2010-06-26,2011-08-02 18:39:33+00:00,1.28,1.28,0.28,1.27,52200000.0,238300000.0,238900000.0,-600000.0,237200000.0,1100000.0,874100000.0,1282600000.0,,21400000.0,,-163600000.0,15800000.0,261200000.0,874100000.0,408500000.0,,-25400000.0,113400000.0,295100000.0,-4000000.0,291100000.0,1282600000.0,185300000.0,185700000.0,187400000.0
Molson Coors Brewing Co,TAP,54930073LBBH6ZCBE225,24545,2010.0,Q1TTM,2009-03-30,2010-03-27,,4.04,4.04,0.98,4.04,-1700000.0,752400000.0,714900000.0,37500000.0,749300000.0,3100000.0,3200100000.0,4549300000.0,,59300000.0,97100000.0,-473000000.0,25100000.0,955700000.0,3200100000.0,1349200000.0,76700000.0,-13700000.0,604900000.0,744300000.0,-31100000.0,713200000.0,4549300000.0,186800000.0,185500000.0,187200000.0
Molson Coors Brewing Co,TAP,54930073LBBH6ZCBE225,24545,2010.0,Q1,2009-12-27,2010-03-27,2011-05-03 19:25:26+00:00,0.56,0.56,0.24,0.56,11700000.0,105400000.0,62800000.0,42600000.0,104600000.0,800000.0,690400000.0,947000000.0,,-8600000.0,,-91000000.0,2600000.0,237500000.0,690400000.0,256600000.0,,-24400000.0,149100000.0,107500000.0,-33000000.0,74500000.0,947000000.0,186800000.0,185500000.0,187200000.0
Molson Coors Brewing Co,TAP,54930073LBBH6ZCBE225,24545,2011.0,Q4,2011-09-25,2011-12-31,,0.97,0.97,0.32,0.95,9000000.0,173600000.0,172800000.0,800000.0,173200000.0,400000.0,1005800000.0,1395600000.0,,-6200000.0,,-85500000.0,1200000.0,259900000.0,1005800000.0,389800000.0,118700000.0,92500000.0,175600000.0,214200000.0,-32400000.0,181800000.0,1395600000.0,184800000.0,184900000.0,186400000.0
Molson Coors Brewing Co,TAP,54930073LBBH6ZCBE225,24545,2011.0,FY,2010-12-26,2011-12-31,2014-02-14 14:51:23+00:00,3.66,3.66,1.24,3.63,99400000.0,677100000.0,674800000.0,2300000.0,676300000.0,800000.0,3703300000.0,5169900000.0,,-11000000.0,,-457900000.0,12300000.0,1019000000.0,3703300000.0,1466600000.0,118700000.0,10700000.0,573400000.0,893200000.0,-119000000.0,774200000.0,5169900000.0,184800000.0,184900000.0,186400000.0
Molson Coors Brewing Co,TAP,54930073LBBH6ZCBE225,24545,2011.0,Q3YTD,2010-12-26,2011-09-24,,2.69,2.69,0.92,2.68,90400000.0,503500000.0,502000000.0,1500000.0,503100000.0,400000.0,2697500000.0,3774300000.0,,-4800000.0,,-372400000.0,11100000.0,759100000.0,2697500000.0,1076800000.0,,-81800000.0,397800000.0,679000000.0,-86600000.0,592400000.0,3774300000.0,186200000.0,185000000.0,186200000.0
Molson Coors Brewing Co,TAP,54930073LBBH6ZCBE225,24545,2011.0,Q3TTM,2010-09-26,2011-09-24,,3.27,3.27,1.2,3.26,104500000.0,612700000.0,612700000.0,,612900000.0,-200000.0,3551400000.0,4987700000.0,,-15300000.0,,-438600000.0,10900000.0,1024000000.0,3551400000.0,1436300000.0,110200000.0,2700000.0,596300000.0,840000000.0,-122800000.0,717200000.0,4987700000.0,186200000.0,185000000.0,186200000.0
Molson Coors Brewing Co,TAP,54930073LBBH6ZCBE225,24545,2011.0,Q3,2011-06-26,2011-09-24,2012-11-07 20:31:39+00:00,1.06,1.06,0.32,1.06,31100000.0,197000000.0,194300000.0,2700000.0,197400000.0,-400000.0,990000000.0,1393900000.0,,-2300000.0,,-99400000.0,100000.0,248200000.0,990000000.0,403900000.0,,-27300000.0,148900000.0,255000000.0,-29600000.0,225400000.0,1393900000.0,186200000.0,185000000.0,186200000.0
Molson Coors Brewing Co,TAP,54930073LBBH6ZCBE225,24545,2011.0,Q2YTD,2010-12-26,2011-06-25,,1.63,1.63,0.6,1.62,59300000.0,306500000.0,307700000.0,-1200000.0,305700000.0,800000.0,1707500000.0,2380400000.0,,-2500000.0,,-273000000.0,11000000.0,510900000.0,1707500000.0,672900000.0,,-54500000.0,248900000.0,424000000.0,-57000000.0,367000000.0,2380400000.0,187200000.0,187100000.0,188800000.0
Molson Coors Brewing Co,TAP,54930073LBBH6ZCBE225,24545,2011.0,Q2TTM,2010-06-27,2011-06-25,,3.59,3.59,1.16,3.57,134100000.0,672700000.0,676300000.0,-3600000.0,671600000.0,1100000.0,3403900000.0,4853900000.0,,28600000.0,,-474500000.0,13900000.0,1024700000.0,3403900000.0,1450000000.0,110200000.0,6100000.0,564100000.0,885900000.0,-75500000.0,810400000.0,4853900000.0,187200000.0,187100000.0,188800000.0
Molson Coors Brewing Co,TAP,54930073LBBH6ZCBE225,24545,2011.0,Q2,2011-03-27,2011-06-25,2012-08-07 18:07:21+00:00,1.19,1.19,0.32,1.18,43200000.0,223800000.0,225300000.0,-1500000.0,222800000.0,1000000.0,973400000.0,1383100000.0,,-1800000.0,,-171800000.0,11000000.0,272500000.0,973400000.0,409700000.0,,-27700000.0,111700000.0,298000000.0,-29500000.0,268500000.0,1383100000.0,187200000.0,187100000.0,188800000.0
Molson Coors Brewing Co,TAP,54930073LBBH6ZCBE225,24545,2011.0,Q1TTM,2010-03-28,2011-03-26,,3.68,3.68,1.12,3.66,143100000.0,687200000.0,689900000.0,-2700000.0,686000000.0,1200000.0,3304600000.0,4753400000.0,,51800000.0,,-466300000.0,18700000.0,1013400000.0,3304600000.0,1448800000.0,110200000.0,8400000.0,565800000.0,883000000.0,-50000000.0,833000000.0,4753400000.0,188400000.0,186900000.0,188700000.0
Molson Coors Brewing Co,TAP,54930073LBBH6ZCBE225,24545,2011.0,Q1,2010-12-26,2011-03-26,2012-05-09 13:39:48+00:00,0.44,0.44,0.28,0.44,16100000.0,82700000.0,82400000.0,300000.0,82900000.0,-200000.0,734100000.0,997300000.0,,-700000.0,,-101200000.0,0.0,238400000.0,734100000.0,263200000.0,,-26800000.0,137200000.0,126000000.0,-27500000.0,98500000.0,997300000.0,188400000.0,186900000.0,188700000.0
Molson Coors Brewing Co,TAP,54930073LBBH6ZCBE225,24545,2012.0,Q4,2012-09-30,2012-12-29,,0.34,0.34,0.32,0.34,68800000.0,59600000.0,59700000.0,-100000.0,60000000.0,-400000.0,1096600000.0,1480200000.0,,-12000000.0,,-74400000.0,22800000.0,272500000.0,1096600000.0,383600000.0,196300000.0,174100000.0,220900000.0,162700000.0,-34200000.0,128500000.0,1480200000.0,180800000.0,180800000.0,181800000.0
Molson Coors Brewing Co,TAP,54930073LBBH6ZCBE225,24545,2012.0,FY,2012-01-01,2012-12-29,2015-02-12 13:07:23+00:00,2.45,2.45,1.28,2.44,154500000.0,439100000.0,437600000.0,1500000.0,443000000.0,-3900000.0,4051000000.0,5615000000.0,,-90300000.0,,-510900000.0,81400000.0,1126100000.0,4051000000.0,1564000000.0,196300000.0,11300000.0,696600000.0,867400000.0,-275300000.0,592100000.0,5615000000.0,180800000.0,180800000.0,181800000.0
Molson Coors Brewing Co,TAP,54930073LBBH6ZCBE225,24545,2012.0,Q3YTD,2012-01-01,2012-09-29,,2.11,2.11,0.96,2.1,85700000.0,379500000.0,377900000.0,1600000.0,383000000.0,-3500000.0,2954400000.0,4134800000.0,,-78300000.0,,-436500000.0,58600000.0,853600000.0,2954400000.0,1180400000.0,,-162800000.0,475700000.0,704700000.0,-241100000.0,463600000.0,4134800000.0,182000000.0,181000000.0,182000000.0
Molson Coors Brewing Co,TAP,54930073LBBH6ZCBE225,24545,2012.0,Q3TTM,2011-09-25,2012-09-29,,3.08,3.08,1.28,3.05,94700000.0,553100000.0,550700000.0,2400000.0,556200000.0,-3100000.0,3960200000.0,5530400000.0,,-84500000.0,,-522000000.0,59800000.0,1113500000.0,3960200000.0,1570200000.0,118700000.0,-70300000.0,651300000.0,918900000.0,-273500000.0,645400000.0,5530400000.0,182000000.0,181000000.0,182000000.0
Molson Coors Brewing Co,TAP,54930073LBBH6ZCBE225,24545,2012.0,Q3,2012-07-01,2012-09-29,2013-11-06 11:04:47+00:00,1.09,1.09,0.32,1.09,42500000.0,201400000.0,200700000.0,700000.0,198400000.0,3000000.0,1177300000.0,1685800000.0,,-6400000.0,,-132000000.0,35900000.0,300600000.0,1177300000.0,508500000.0,,-54400000.0,204500000.0,304000000.0,-60800000.0,243200000.0,1685800000.0,182000000.0,181000000.0,182000000.0
Molson Coors Brewing Co,TAP,54930073LBBH6ZCBE225,24545,2012.0,Q2YTD,2012-01-01,2012-06-30,,1.02,1.02,0.64,1.01,43200000.0,178100000.0,177200000.0,900000.0,184600000.0,-6500000.0,1777100000.0,2449000000.0,,-71900000.0,,-304500000.0,22700000.0,553000000.0,1777100000.0,671900000.0,,-108400000.0,271200000.0,400700000.0,-180300000.0,220400000.0,2449000000.0,181200000.0,180800000.0,181600000.0
Molson Coors Brewing Co,TAP,54930073LBBH6ZCBE225,24545,2012.0,Q2TTM,2011-06-26,2012-06-30,,3.05,3.05,1.28,3.02,83300000.0,548700000.0,544300000.0,4400000.0,555200000.0,-6500000.0,3772900000.0,5238500000.0,,-80400000.0,,-489400000.0,24000000.0,1061100000.0,3772900000.0,1465600000.0,118700000.0,-43200000.0,595700000.0,869900000.0,-242300000.0,627600000.0,5238500000.0,181200000.0,180800000.0,181600000.0
Molson Coors Brewing Co,TAP,54930073LBBH6ZCBE225,24545,2012.0,Q2,2012-04-01,2012-06-30,2013-08-06 07:41:26+00:00,0.58,0.58,0.32,0.57,25900000.0,98700000.0,97900000.0,800000.0,105100000.0,-6400000.0,1021600000.0,1440900000.0,,-70500000.0,,-185600000.0,21200000.0,304800000.0,1021600000.0,419300000.0,,-84600000.0,140400000.0,278900000.0,-155100000.0,123800000.0,1440900000.0,181200000.0,180800000.0,181600000.0
Molson Coors Brewing Co,TAP,54930073LBBH6ZCBE225,24545,2012.0,Q1TTM,2011-03-27,2012-03-31,,3.66,3.66,1.28,3.63,100600000.0,673800000.0,671700000.0,2100000.0,672900000.0,900000.0,3724700000.0,5180700000.0,,-11700000.0,,-475600000.0,13800000.0,1028800000.0,3724700000.0,1456000000.0,118700000.0,13700000.0,567000000.0,889000000.0,-116700000.0,772300000.0,5180700000.0,180700000.0,180300000.0,181700000.0
Molson Coors Brewing Co,TAP,54930073LBBH6ZCBE225,24545,2012.0,Q1,2012-01-01,2012-03-31,2013-05-07 17:01:45+00:00,0.44,0.44,0.32,0.44,17300000.0,79400000.0,79300000.0,100000.0,79500000.0,-100000.0,755500000.0,1008100000.0,,-1400000.0,,-118900000.0,1500000.0,248200000.0,755500000.0,252600000.0,,-23800000.0,130800000.0,121800000.0,-25200000.0,96600000.0,1008100000.0,180700000.0,180300000.0,181700000.0
Molson Coors Brewing Co,TAP,54930073LBBH6ZCBE225,24545,2013.0,Q4,2013-09-29,2013-12-31,,0.74,0.74,0.32,0.74,14800000.0,137600000.0,137300000.0,300000.0,137200000.0,400000.0,1105700000.0,1489700000.0,,27400000.0,,-100700000.0,34200000.0,289600000.0,1105700000.0,384000000.0,183800000.0,147600000.0,223100000.0,160900000.0,-8800000.0,152100000.0,1489700000.0,183000000.0,183000000.0,184200000.0
Molson Coors Brewing Co,TAP,54930073LBBH6ZCBE225,24545,2013.0,FY,2012-12-30,2013-12-31,2015-02-12 13:07:23+00:00,3.1,3.1,1.28,3.08,84000000.0,572500000.0,570500000.0,2000000.0,567300000.0,5200000.0,4339100000.0,5999600000.0,,18900000.0,,-539000000.0,200000000.0,1193800000.0,4339100000.0,1660500000.0,183800000.0,13700000.0,854800000.0,805700000.0,-151200000.0,654500000.0,5999600000.0,183000000.0,183000000.0,184200000.0
Molson Coors Brewing Co,TAP,54930073LBBH6ZCBE225,24545,2013.0,Q3YTD,2012-12-30,2013-09-28,,2.36,2.36,0.96,2.34,69200000.0,434900000.0,433200000.0,1700000.0,430100000.0,4800000.0,3233400000.0,4509900000.0,,-8500000.0,,-438300000.0,165800000.0,904200000.0,3233400000.0,1276500000.0,,-133900000.0,631700000.0,644800000.0,-142400000.0,502400000.0,4509900000.0,181500000.0,183500000.0,184600000.0
Molson Coors Brewing Co,TAP,54930073LBBH6ZCBE225,24545,2013.0,Q3TTM,2012-09-30,2013-09-28,,2.7,2.7,1.28,2.68,138000000.0,494500000.0,492900000.0,1600000.0,490100000.0,4400000.0,4330000000.0,5990100000.0,,-20500000.0,,-512700000.0,188600000.0,1176700000.0,4330000000.0,1660100000.0,196300000.0,40200000.0,852600000.0,807500000.0,-176600000.0,630900000.0,5990100000.0,181500000.0,183500000.0,184600000.0
Molson Coors Brewing Co,TAP,54930073LBBH6ZCBE225,24545,2013.0,Q3,2013-06-30,2013-09-28,2014-11-06 11:57:57+00:00,0.74,0.74,0.32,0.73,37200000.0,136100000.0,135200000.0,900000.0,134300000.0,1800000.0,1164200000.0,1665400000.0,,-5500000.0,,-148300000.0,163000000.0,290800000.0,1164200000.0,501200000.0,,-17800000.0,305500000.0,195700000.0,-23300000.0,172400000.0,1665400000.0,181500000.0,183500000.0,184600000.0
Molson Coors Brewing Co,TAP,54930073LBBH6ZCBE225,24545,2013.0,Q2YTD,2012-12-30,2013-06-29,,1.62,1.62,0.64,1.61,32000000.0,298800000.0,298000000.0,800000.0,295800000.0,3000000.0,2069200000.0,2844500000.0,,-3000000.0,,-290000000.0,2800000.0,613400000.0,2069200000.0,775300000.0,,-116100000.0,326200000.0,449100000.0,-119100000.0,330000000.0,2844500000.0,183100000.0,182900000.0,184100000.0
Molson Coors Brewing Co,TAP,54930073LBBH6ZCBE225,24545,2013.0,Q2TTM,2012-07-01,2013-06-29,,3.05,3.05,1.28,3.04,143300000.0,559800000.0,558400000.0,1400000.0,554200000.0,5600000.0,4343100000.0,6010500000.0,,-21400000.0,,-496400000.0,61500000.0,1186500000.0,4343100000.0,1667400000.0,196300000.0,3600000.0,751600000.0,915800000.0,-214100000.0,701700000.0,6010500000.0,183100000.0,182900000.0,184100000.0
Molson Coors Brewing Co,TAP,54930073LBBH6ZCBE225,24545,2013.0,Q2,2013-03-31,2013-06-29,2014-08-06 13:09:33+00:00,1.46,1.46,0.32,1.45,30000000.0,268900000.0,267200000.0,1700000.0,267300000.0,1600000.0,1165800000.0,1659700000.0,,-7300000.0,,-172600000.0,1300000.0,319500000.0,1165800000.0,493900000.0,,-41200000.0,148200000.0,345700000.0,-48500000.0,297200000.0,1659700000.0,183100000.0,182900000.0,184100000.0
Molson Coors Brewing Co,TAP,54930073LBBH6ZCBE225,24545,2013.0,Q1TTM,2012-04-01,2013-03-30,,2.17,2.17,1.28,2.16,139200000.0,389600000.0,389100000.0,500000.0,392000000.0,-2400000.0,4198900000.0,5791700000.0,,-84600000.0,,-509400000.0,81400000.0,1171800000.0,4198900000.0,1592800000.0,196300000.0,-39800000.0,743800000.0,849000000.0,-320700000.0,528300000.0,5791700000.0,178100000.0,181700000.0,182900000.0
Molson Coors Brewing Co,TAP,54930073LBBH6ZCBE225,24545,2013.0,Q1,2012-12-30,2013-03-30,2014-05-07 14:10:49+00:00,0.16,0.16,0.32,0.16,2000000.0,29900000.0,30800000.0,-900000.0,28500000.0,1400000.0,903400000.0,1184800000.0,,4300000.0,,-117400000.0,1500000.0,293900000.0,903400000.0,281400000.0,,-74900000.0,178000000.0,103400000.0,-70600000.0,32800000.0,1184800000.0,178100000.0,181700000.0,182900000.0
Molson Coors Brewing Co,TAP,54930073LBBH6ZCBE225,24545,2014.0,FY,2014-01-01,2014-12-31,2017-02-14 12:55:59+00:00,2.78,2.78,1.48,2.76,69000000.0,517800000.0,517300000.0,500000.0,514000000.0,3800000.0,4274500000.0,5927500000.0,,-6500000.0,,-561800000.0,324400000.0,1163900000.0,4274500000.0,1653000000.0,145000000.0,11300000.0,926500000.0,726500000.0,-140200000.0,586300000.0,5927500000.0,184900000.0,184900000.0,186100000.0
Molson Coors Brewing Co,TAP,54930073LBBH6ZCBE225,24545,2014.0,Q4,2014-10-01,2014-12-31,,0.51,0.51,0.37,0.51,27100000.0,94400000.0,93500000.0,900000.0,94100000.0,300000.0,2401400000.0,2755000000.0,,-3000000.0,,-90000000.0,6600000.0,282600000.0,2401400000.0,353600000.0,145000000.0,114200000.0,199200000.0,154400000.0,-33800000.0,120600000.0,2755000000.0,184900000.0,184900000.0,186100000.0
Molson Coors Brewing Co,TAP,54930073LBBH6ZCBE225,24545,2014.0,Q3YTD,2014-01-01,2014-09-30,,2.27,2.27,1.11,2.25,41900000.0,423400000.0,423800000.0,-400000.0,419900000.0,3500000.0,1873100000.0,3172500000.0,,-3500000.0,,-471800000.0,317800000.0,881300000.0,1873100000.0,1299400000.0,,-102900000.0,727300000.0,572100000.0,-106400000.0,465700000.0,3172500000.0,181100000.0,185100000.0,185100000.0
Molson Coors Brewing Co,TAP,54930073LBBH6ZCBE225,24545,2014.0,Q3TTM,2013-09-29,2014-09-30,,3.01,3.01,1.43,2.99,56700000.0,561000000.0,561100000.0,-100000.0,557100000.0,3900000.0,2978800000.0,4662200000.0,,23900000.0,,-572500000.0,352000000.0,1170900000.0,2978800000.0,1683400000.0,183800000.0,44700000.0,950400000.0,733000000.0,-115200000.0,617800000.0,4662200000.0,181100000.0,185100000.0,185100000.0
Molson Coors Brewing Co,TAP,54930073LBBH6ZCBE225,24545,2014.0,Q3,2014-07-01,2014-09-30,2015-11-05 11:13:51+00:00,-0.19,-0.19,0.37,-0.19,700000.0,-32600000.0,-33900000.0,1300000.0,-34400000.0,1800000.0,666600000.0,1168000000.0,,-5000000.0,,-158900000.0,367600000.0,289600000.0,666600000.0,501400000.0,,-31300000.0,498300000.0,3100000.0,-36300000.0,-33200000.0,1168000000.0,181100000.0,185100000.0,185100000.0
Molson Coors Brewing Co,TAP,54930073LBBH6ZCBE225,24545,2014.0,Q2YTD,2014-01-01,2014-06-30,,2.46,2.46,0.74,2.44,41200000.0,456000000.0,457700000.0,-1700000.0,454300000.0,1700000.0,1206500000.0,2004500000.0,,1500000.0,,-312900000.0,-49800000.0,591700000.0,1206500000.0,798000000.0,,-71600000.0,229000000.0,569000000.0,-70100000.0,498900000.0,2004500000.0,185300000.0,184800000.0,185900000.0
Molson Coors Brewing Co,TAP,54930073LBBH6ZCBE225,24545,2014.0,Q2TTM,2013-06-30,2014-06-30,,3.94,3.94,1.38,3.91,93200000.0,729700000.0,730200000.0,-500000.0,725800000.0,3900000.0,3476400000.0,5159600000.0,,23400000.0,,-561900000.0,147400000.0,1172100000.0,3476400000.0,1683200000.0,183800000.0,58200000.0,757600000.0,925600000.0,-102200000.0,823400000.0,5159600000.0,185300000.0,184800000.0,185900000.0
Molson Coors Brewing Co,TAP,54930073LBBH6ZCBE225,24545,2014.0,Q2,2014-04-01,2014-06-30,2015-08-06 11:24:16+00:00,1.57,1.57,0.37,1.56,36400000.0,293100000.0,292900000.0,200000.0,290900000.0,2200000.0,683300000.0,1188500000.0,,700000.0,,-190100000.0,2700000.0,327800000.0,683300000.0,505200000.0,,-36200000.0,140400000.0,364800000.0,-35500000.0,329300000.0,1188500000.0,185300000.0,184800000.0,185900000.0
Molson Coors Brewing Co,TAP,54930073LBBH6ZCBE225,24545,2014.0,Q1TTM,2013-03-31,2014-03-31,,3.83,3.83,1.33,3.8,86800000.0,705500000.0,704500000.0,1000000.0,702200000.0,3300000.0,3958900000.0,5630800000.0,,15400000.0,,-544400000.0,146000000.0,1163800000.0,3958900000.0,1671900000.0,183800000.0,53200000.0,765400000.0,906500000.0,-115200000.0,791300000.0,5630800000.0,183600000.0,184300000.0,185500000.0
Molson Coors Brewing Co,TAP,54930073LBBH6ZCBE225,24545,2014.0,Q1,2014-01-01,2014-03-31,2015-05-07 13:05:09+00:00,0.89,0.89,0.37,0.88,4800000.0,162900000.0,164800000.0,-1900000.0,163400000.0,-500000.0,523200000.0,816000000.0,,800000.0,,-122800000.0,-52500000.0,263900000.0,523200000.0,292800000.0,,-35400000.0,88600000.0,204200000.0,-34600000.0,169600000.0,816000000.0,183600000.0,184300000.0,185500000.0
Molson Coors Brewing Co,TAP,54930073LBBH6ZCBE225,24545,2015.0,FY,2015-01-01,2015-12-31,2018-02-14 11:48:50+00:00,1.94,2.13,1.64,2.12,61500000.0,398500000.0,394600000.0,3900000.0,395200000.0,3300000.0,3691500000.0,8694900000.0,,900000.0,3567500000.0,-516300000.0,346700000.0,1038300000.0,3691500000.0,5003400000.0,120300000.0,8300000.0,4436200000.0,567200000.0,-111100000.0,456100000.0,8694900000.0,203700000.0,185300000.0,186400000.0
Molson Coors Brewing Co,TAP,54930073LBBH6ZCBE225,24545,2015.0,Q4,2015-10-01,2015-12-31,,0.18,0.37,0.41,0.37,17600000.0,69400000.0,70000000.0,-600000.0,68500000.0,900000.0,2070900000.0,5971800000.0,,-6500000.0,3567500000.0,-46200000.0,10900000.0,249200000.0,2070900000.0,3900900000.0,120300000.0,94900000.0,3781400000.0,119500000.0,-31900000.0,87600000.0,5971800000.0,203700000.0,185300000.0,186400000.0
Molson Coors Brewing Co,TAP,54930073LBBH6ZCBE225,24545,2015.0,Q3,2015-07-01,2015-09-30,2016-11-01 12:43:07+00:00,0.09,0.09,0.41,0.09,-27300000.0,15200000.0,12300000.0,2900000.0,16600000.0,-1400000.0,585900000.0,1017400000.0,,3700000.0,,-135300000.0,293500000.0,265200000.0,585900000.0,431500000.0,,-26800000.0,423400000.0,8100000.0,-23100000.0,-15000000.0,1017400000.0,184400000.0,185000000.0,186000000.0
Molson Coors Brewing Co,TAP,54930073LBBH6ZCBE225,24545,2015.0,Q3YTD,2015-01-01,2015-09-30,,1.76,1.76,1.23,1.75,43900000.0,329100000.0,324600000.0,4500000.0,326700000.0,2400000.0,1620600000.0,2723100000.0,,7400000.0,,-470100000.0,335800000.0,789100000.0,1620600000.0,1102500000.0,,-86600000.0,654800000.0,447700000.0,-79200000.0,368500000.0,2723100000.0,184400000.0,185000000.0,186000000.0
Molson Coors Brewing Co,TAP,54930073LBBH6ZCBE225,24545,2015.0,Q3TTM,2014-10-01,2015-09-30,,2.27,2.27,1.6,2.26,71000000.0,423500000.0,418100000.0,5400000.0,420800000.0,2700000.0,4022000000.0,5478100000.0,,4400000.0,,-560100000.0,342400000.0,1071700000.0,4022000000.0,1456100000.0,145000000.0,27600000.0,854000000.0,602100000.0,-113000000.0,489100000.0,5478100000.0,184400000.0,185000000.0,186000000.0
Molson Coors Brewing Co,TAP,54930073LBBH6ZCBE225,24545,2015.0,Q2,2015-04-01,2015-06-30,2016-08-02 11:40:08+00:00,1.23,1.23,0.41,1.23,58400000.0,231300000.0,231600000.0,-300000.0,229000000.0,2300000.0,579900000.0,1005700000.0,,6300000.0,,-205500000.0,33700000.0,283300000.0,579900000.0,425800000.0,,-30600000.0,111500000.0,314300000.0,-24300000.0,290000000.0,1005700000.0,186200000.0,185700000.0,186500000.0
Molson Coors Brewing Co,TAP,54930073LBBH6ZCBE225,24545,2015.0,Q2YTD,2015-01-01,2015-06-30,,1.67,1.67,0.82,1.66,71200000.0,313900000.0,312300000.0,1600000.0,310100000.0,3800000.0,1034700000.0,1705700000.0,,3700000.0,,-334800000.0,42300000.0,523900000.0,1034700000.0,671000000.0,,-59800000.0,231400000.0,439600000.0,-56100000.0,383500000.0,1705700000.0,186200000.0,185700000.0,186500000.0
Molson Coors Brewing Co,TAP,54930073LBBH6ZCBE225,24545,2015.0,Q2TTM,2014-07-01,2015-06-30,,1.99,1.99,1.56,1.98,99000000.0,375700000.0,371900000.0,3800000.0,369800000.0,5900000.0,4102700000.0,5628700000.0,,-4300000.0,,-583700000.0,416500000.0,1096100000.0,4102700000.0,1526000000.0,145000000.0,23100000.0,928900000.0,597100000.0,-126200000.0,470900000.0,5628700000.0,186200000.0,185700000.0,186500000.0
Molson Coors Brewing Co,TAP,54930073LBBH6ZCBE225,24545,2015.0,Q1,2015-01-01,2015-03-31,2016-05-03 11:01:34+00:00,0.44,0.44,0.41,0.43,12800000.0,82600000.0,80700000.0,1900000.0,81100000.0,1500000.0,454800000.0,700000000.0,,-2600000.0,,-129300000.0,8600000.0,240600000.0,454800000.0,245200000.0,,-29200000.0,119900000.0,125300000.0,-31800000.0,93500000.0,700000000.0,184300000.0,185800000.0,186900000.0
Molson Coors Brewing Co,TAP,54930073LBBH6ZCBE225,24545,2015.0,Q1TTM,2014-04-01,2015-03-31,,2.33,2.33,1.52,2.31,77000000.0,437500000.0,433200000.0,4300000.0,431700000.0,5800000.0,4206100000.0,5811500000.0,,-9900000.0,,-568300000.0,385500000.0,1140600000.0,4206100000.0,1605400000.0,145000000.0,17500000.0,957800000.0,647600000.0,-137400000.0,510200000.0,5811500000.0,184300000.0,185800000.0,186900000.0
Molson Coors Brewing Co,TAP,54930073LBBH6ZCBE225,24545,2016.0,FY,2016-01-01,2016-12-31,2019-02-12 07:18:23+00:00,,,1.64,,1454300000.0,1602600000.0,1599800000.0,2800000.0,1593900000.0,5900000.0,4711400000.0,6597400000.0,,-24100000.0,,-500900000.0,-2532900000.0,1597200000.0,4711400000.0,1886000000.0,271600000.0,27200000.0,-1436600000.0,3322600000.0,-268500000.0,3054100000.0,6597400000.0,,212000000.0,213400000.0
Molson Coors Brewing Co,TAP,54930073LBBH6ZCBE225,24545,2016.0,Q4,2016-10-01,2016-12-31,,-2.52,-2.54,-1.23,-2.54,1396800000.0,1061400000.0,1056300000.0,5100000.0,1056400000.0,2200000.0,3193900000.0,4006400000.0,,20800000.0,,-9700000.0,-2453900000.0,753800000.0,3193900000.0,812500000.0,271600000.0,181600000.0,-1709800000.0,2522300000.0,-69200000.0,2453100000.0,4006400000.0,,212000000.0,213400000.0
Molson Coors Brewing Co,TAP,54930073LBBH6ZCBE225,24545,2016.0,Q3,2016-07-01,2016-09-30,2017-11-01 16:07:13+00:00,0.94,0.94,0.41,0.94,19600000.0,203800000.0,203800000.0,0.0,202500000.0,1300000.0,541300000.0,947600000.0,,800000.0,,-156900000.0,-4900000.0,278900000.0,541300000.0,406300000.0,,-66600000.0,117100000.0,289200000.0,-65800000.0,223400000.0,947600000.0,215400000.0,214800000.0,216300000.0
Molson Coors Brewing Co,TAP,54930073LBBH6ZCBE225,24545,2016.0,Q3YTD,2016-01-01,2016-09-30,,2.52,2.54,1.23,2.54,57500000.0,541200000.0,543500000.0,-2300000.0,537500000.0,3700000.0,1517500000.0,2591000000.0,,-44900000.0,,-491200000.0,-79000000.0,843400000.0,1517500000.0,1073500000.0,,-154400000.0,273200000.0,800300000.0,-199300000.0,601000000.0,2591000000.0,215400000.0,214800000.0,216300000.0
Molson Coors Brewing Co,TAP,54930073LBBH6ZCBE225,24545,2016.0,Q3TTM,2015-10-01,2016-09-30,,2.7,2.91,1.64,2.91,75100000.0,610600000.0,613500000.0,-2900000.0,606000000.0,4600000.0,3588400000.0,8562800000.0,,-51400000.0,3567500000.0,-537400000.0,-68100000.0,1092600000.0,3588400000.0,4974400000.0,120300000.0,-59500000.0,4054600000.0,919800000.0,-231200000.0,688600000.0,8562800000.0,215400000.0,214800000.0,216300000.0
Molson Coors Brewing Co,TAP,54930073LBBH6ZCBE225,24545,2016.0,Q2,2016-04-01,2016-06-30,2017-08-02 11:22:07+00:00,0.8,0.8,0.41,0.8,21200000.0,173900000.0,175700000.0,-1800000.0,172300000.0,1600000.0,562200000.0,986200000.0,,-30400000.0,,-191900000.0,34500000.0,313600000.0,562200000.0,424000000.0,,-40500000.0,156200000.0,267800000.0,-70900000.0,196900000.0,986200000.0,215400000.0,214700000.0,216000000.0
Molson Coors Brewing Co,TAP,54930073LBBH6ZCBE225,24545,2016.0,Q2YTD,2016-01-01,2016-06-30,,1.58,1.6,0.82,1.6,37900000.0,337400000.0,339700000.0,-2300000.0,335000000.0,2400000.0,976200000.0,1643400000.0,,-45700000.0,,-334300000.0,-74100000.0,564500000.0,976200000.0,667200000.0,,-87800000.0,156100000.0,511100000.0,-133500000.0,377600000.0,1643400000.0,215400000.0,214700000.0,216000000.0
Molson Coors Brewing Co,TAP,54930073LBBH6ZCBE225,24545,2016.0,Q2TTM,2015-07-01,2016-06-30,,1.85,2.06,1.64,2.06,28200000.0,422000000.0,422000000.0,,420100000.0,1900000.0,3633000000.0,8632600000.0,,-48500000.0,3567500000.0,-515800000.0,230300000.0,1078900000.0,3633000000.0,4999600000.0,120300000.0,-19700000.0,4360900000.0,638700000.0,-188500000.0,450200000.0,8632600000.0,215400000.0,214700000.0,216000000.0
Molson Coors Brewing Co,TAP,54930073LBBH6ZCBE225,24545,2016.0,Q1,2016-01-01,2016-03-31,2017-05-03 11:53:49+00:00,0.78,0.8,0.41,0.8,16700000.0,163500000.0,164000000.0,-500000.0,162700000.0,800000.0,414000000.0,657200000.0,,-15300000.0,,-142400000.0,-108600000.0,250900000.0,414000000.0,243200000.0,,-47300000.0,-100000.0,243300000.0,-62600000.0,180700000.0,657200000.0,208600000.0,203600000.0,205100000.0
Molson Coors Brewing Co,TAP,54930073LBBH6ZCBE225,24545,2016.0,Q1TTM,2015-04-01,2016-03-31,,2.28,2.49,1.64,2.49,65400000.0,479400000.0,477900000.0,1500000.0,476800000.0,2600000.0,3650700000.0,8652100000.0,,-11800000.0,3567500000.0,-529400000.0,229500000.0,1048600000.0,3650700000.0,5001400000.0,120300000.0,-9800000.0,4316200000.0,685200000.0,-141900000.0,543300000.0,8652100000.0,208600000.0,203600000.0,205100000.0
Molson Coors Brewing Co,TAP,54930073LBBH6ZCBE225,24545,2017.0,FY,2017-01-01,2017-12-31,2020-02-12 12:57:07+00:00,,,,,-204600000.0,1587800000.0,1587800000.0,,1565600000.0,22200000.0,8705400000.0,13471500000.0,,48800000.0,,,36400000.0,3052000000.0,8705400000.0,4766100000.0,349300000.0,6000000.0,3088400000.0,1677700000.0,-294500000.0,1383200000.0,13471500000.0,,215400000.0,216500000.0
Molson Coors Brewing Co,TAP,54930073LBBH6ZCBE225,24545,2017.0,Q4,2017-10-01,2017-12-31,,-3.74,-3.74,-1.23,-3.71,-543100000.0,744700000.0,744700000.0,,740200000.0,4500000.0,3988500000.0,5048300000.0,,16300000.0,,,9100000.0,780500000.0,3988500000.0,1059800000.0,349300000.0,264400000.0,789600000.0,270200000.0,-68600000.0,201600000.0,5048300000.0,,215400000.0,216500000.0
Molson Coors Brewing Co,TAP,54930073LBBH6ZCBE225,24545,2017.0,Q3,2017-07-01,2017-09-30,2018-10-31 11:19:20+00:00,1.3,1.3,0.41,1.29,147400000.0,293100000.0,293100000.0,,287000000.0,6100000.0,1589100000.0,2883200000.0,,6900000.0,,,4100000.0,783800000.0,1589100000.0,1294100000.0,,-72600000.0,787900000.0,506200000.0,-65700000.0,440500000.0,2883200000.0,220800000.0,215500000.0,216500000.0
Molson Coors Brewing Co,TAP,54930073LBBH6ZCBE225,24545,2017.0,Q3YTD,2017-01-01,2017-09-30,,3.74,3.74,1.23,3.71,338500000.0,843100000.0,843100000.0,,825400000.0,17700000.0,4716900000.0,8423200000.0,,32500000.0,,,27300000.0,2271500000.0,4716900000.0,3706300000.0,,-258400000.0,2298800000.0,1407500000.0,-225900000.0,1181600000.0,8423200000.0,220800000.0,215500000.0,216500000.0
Molson Coors Brewing Co,TAP,54930073LBBH6ZCBE225,24545,2017.0,Q3TTM,2016-10-01,2017-09-30,,1.22,1.2,1.64,1.17,1735300000.0,1904500000.0,1899400000.0,5100000.0,1881800000.0,19900000.0,7910800000.0,12429600000.0,,53300000.0,,-9700000.0,-2426600000.0,3025300000.0,7910800000.0,4518800000.0,271600000.0,-76800000.0,589000000.0,3929800000.0,-295100000.0,3634700000.0,12429600000.0,220800000.0,215500000.0,216500000.0
Molson Coors Brewing Co,TAP,54930073LBBH6ZCBE225,24545,2017.0,Q2,2017-04-01,2017-06-30,2018-08-01 14:45:38+00:00,1.5,1.5,0.41,1.49,125200000.0,335000000.0,335000000.0,,329900000.0,5100000.0,1755500000.0,3091300000.0,,12500000.0,,,16500000.0,782400000.0,1755500000.0,1335800000.0,,-89200000.0,798900000.0,536900000.0,-76700000.0,460200000.0,3091300000.0,219900000.0,215400000.0,216400000.0
Molson Coors Brewing Co,TAP,54930073LBBH6ZCBE225,24545,2017.0,Q2YTD,2017-01-01,2017-06-30,,2.44,2.44,0.82,2.42,191100000.0,550000000.0,550000000.0,,538400000.0,11600000.0,3127800000.0,5540000000.0,,25600000.0,,,23200000.0,1487700000.0,3127800000.0,2412200000.0,,-185800000.0,1510900000.0,901300000.0,-160200000.0,741100000.0,5540000000.0,219900000.0,215400000.0,216400000.0
Molson Coors Brewing Co,TAP,54930073LBBH6ZCBE225,24545,2017.0,Q2TTM,2016-07-01,2017-06-30,,0.86,0.84,1.64,0.82,1607500000.0,1815200000.0,1810100000.0,5100000.0,1797300000.0,15100000.0,6863000000.0,10494000000.0,,47200000.0,,-166600000.0,-2435600000.0,2520400000.0,6863000000.0,3631000000.0,271600000.0,-70800000.0,-81800000.0,3712800000.0,-295200000.0,3417600000.0,10494000000.0,219900000.0,215400000.0,216400000.0
Molson Coors Brewing Co,TAP,54930073LBBH6ZCBE225,24545,2017.0,Q1,2017-01-01,2017-03-31,2018-05-02 11:05:38+00:00,0.94,0.94,0.41,0.93,65900000.0,215000000.0,215000000.0,,208500000.0,6500000.0,1372300000.0,2448700000.0,,13100000.0,,,6700000.0,705300000.0,1372300000.0,1076400000.0,,-96600000.0,712000000.0,364400000.0,-83500000.0,280900000.0,2448700000.0,221800000.0,215000000.0,216500000.0
Molson Coors Brewing Co,TAP,54930073LBBH6ZCBE225,24545,2017.0,Q1TTM,2016-04-01,2017-03-31,,0.16,0.14,1.64,0.13,1503500000.0,1654100000.0,1650800000.0,3300000.0,1639700000.0,11600000.0,5669700000.0,8388900000.0,,4300000.0,,-358500000.0,-2417600000.0,2051600000.0,5669700000.0,2719200000.0,271600000.0,-22100000.0,-724500000.0,3443700000.0,-289400000.0,3154300000.0,8388900000.0,221800000.0,215000000.0,216500000.0
Molson Coors Brewing Co,TAP,54930073LBBH6ZCBE225,24545,2018.0,FY,2018-01-01,2018-12-31,2020-02-12 12:57:07+00:00,,,,,225200000.0,1134600000.0,1134600000.0,,1116500000.0,18100000.0,9153200000.0,13338000000.0,,26200000.0,,,-249700000.0,2802700000.0,9153200000.0,4184800000.0,306200000.0,8000000.0,2553000000.0,1631800000.0,-272000000.0,1359800000.0,13338000000.0,,216000000.0,216600000.0
Molson Coors Brewing Co,TAP,54930073LBBH6ZCBE225,24545,2018.0,Q4,2018-10-01,2018-12-31,,,,,,-6400000.0,75700000.0,75700000.0,,76000000.0,-300000.0,2201700000.0,3024400000.0,,-1500000.0,,,18000000.0,663000000.0,2201700000.0,822700000.0,306200000.0,235300000.0,681000000.0,141700000.0,-72400000.0,69300000.0,3024400000.0,,216000000.0,216600000.0
Molson Coors Brewing Co,TAP,54930073LBBH6ZCBE225,24545,2018.0,Q3,2018-07-01,2018-09-30,2019-10-30 12:22:39+00:00,,,0.0,,64500000.0,345600000.0,345600000.0,,338300000.0,7300000.0,2404900000.0,3625100000.0,,7800000.0,,,36600000.0,713900000.0,2404900000.0,1220200000.0,,-67400000.0,750500000.0,469700000.0,-59600000.0,410100000.0,3625100000.0,,216000000.0,216600000.0
Molson Coors Brewing Co,TAP,54930073LBBH6ZCBE225,24545,2018.0,Q3YTD,2018-01-01,2018-09-30,,,,,,231600000.0,1058900000.0,1058900000.0,,1040500000.0,18400000.0,6951500000.0,10313600000.0,,27700000.0,,,-267700000.0,2139700000.0,6951500000.0,3362100000.0,,-227300000.0,1872000000.0,1490100000.0,-199600000.0,1290500000.0,10313600000.0,,216000000.0,216600000.0
Molson Coors Brewing Co,TAP,54930073LBBH6ZCBE225,24545,2018.0,Q3TTM,2017-10-01,2018-09-30,,-3.74,-3.74,-1.23,-3.71,-311500000.0,1803600000.0,1803600000.0,,1780700000.0,22900000.0,10940000000.0,15361900000.0,,44000000.0,,,-258600000.0,2920200000.0,10940000000.0,4421900000.0,349300000.0,37100000.0,2661600000.0,1760300000.0,-268200000.0,1492100000.0,15361900000.0,,216000000.0,216600000.0
Molson Coors Brewing Co,TAP,54930073LBBH6ZCBE225,24545,2018.0,Q2,2018-04-01,2018-06-30,2019-07-31 11:24:35+00:00,,,0.0,,92200000.0,430800000.0,430800000.0,,424100000.0,6700000.0,2474400000.0,3820500000.0,,8800000.0,,,10500000.0,744700000.0,2474400000.0,1346100000.0,,-76700000.0,755200000.0,590900000.0,-67900000.0,523000000.0,3820500000.0,,216000000.0,216500000.0
Molson Coors Brewing Co,TAP,54930073LBBH6ZCBE225,24545,2018.0,Q2YTD,2018-01-01,2018-06-30,,,,,,167100000.0,713300000.0,713300000.0,,702200000.0,11100000.0,4546600000.0,6688500000.0,,19900000.0,,,-304300000.0,1425800000.0,4546600000.0,2141900000.0,,-159900000.0,1121500000.0,1020400000.0,-140000000.0,880400000.0,6688500000.0,,216000000.0,216500000.0
Molson Coors Brewing Co,TAP,54930073LBBH6ZCBE225,24545,2018.0,Q2TTM,2017-07-01,2018-06-30,,-2.44,-2.44,-0.82,-2.42,-228600000.0,1751100000.0,1751100000.0,,1729400000.0,21700000.0,10124200000.0,14620000000.0,,43100000.0,,,-291100000.0,2990100000.0,10124200000.0,4495800000.0,349300000.0,31900000.0,2699000000.0,1796800000.0,-274300000.0,1522500000.0,14620000000.0,,216000000.0,216500000.0
Molson Coors Brewing Co,TAP,54930073LBBH6ZCBE225,24545,2018.0,Q1,2018-01-01,2018-03-31,2019-05-01 11:12:49+00:00,,,0.0,,74900000.0,282500000.0,282500000.0,,278100000.0,4400000.0,2072200000.0,2868000000.0,,11100000.0,,,-314800000.0,681100000.0,2072200000.0,795800000.0,,-83200000.0,366300000.0,429500000.0,-72100000.0,357400000.0,2868000000.0,,215800000.0,216600000.0
Molson Coors Brewing Co,TAP,54930073LBBH6ZCBE225,24545,2018.0,Q1TTM,2017-04-01,2018-03-31,,-0.94,-0.94,-0.41,-0.93,-195600000.0,1655300000.0,1655300000.0,,1635200000.0,20100000.0,9405300000.0,13890800000.0,,46800000.0,,,-285100000.0,3027800000.0,9405300000.0,4485500000.0,349300000.0,19400000.0,2742700000.0,1742800000.0,-283100000.0,1459700000.0,13890800000.0,,215800000.0,216600000.0
Molson Coors Brewing Co,TAP,54930073LBBH6ZCBE225,24545,2019.0,Q4,2019-10-01,2019-12-31,,,,,,40400000.0,163900000.0,166200000.0,,163700000.0,200000.0,2124800000.0,3091000000.0,-2300000.0,-36100000.0,,,42400000.0,612900000.0,2124800000.0,966200000.0,280900000.0,212700000.0,655300000.0,310900000.0,-104300000.0,206600000.0,3091000000.0,,216600000.0,216900000.0
Molson Coors Brewing Co,TAP,54930073LBBH6ZCBE225,24545,2019.0,FY,2019-01-01,2019-12-31,2020-02-12 12:57:07+00:00,,,,,233700000.0,246200000.0,246200000.0,,241700000.0,4500000.0,8807900000.0,13009100000.0,,-11800000.0,,,708800000.0,2728000000.0,8807900000.0,4201200000.0,280900000.0,8200000.0,3436800000.0,764400000.0,-284500000.0,479900000.0,13009100000.0,,216600000.0,216900000.0
Molson Coors Brewing Co,TAP,54930073LBBH6ZCBE225,24545,2019.0,Q3,2019-07-01,2019-09-30,2019-10-30 12:22:39+00:00,,,0.0,,90700000.0,-399300000.0,-399300000.0,,-402800000.0,3500000.0,2341800000.0,3498000000.0,,-5700000.0,,,703300000.0,690200000.0,2341800000.0,1156200000.0,,-65600000.0,1393500000.0,-237300000.0,-71300000.0,-308600000.0,3498000000.0,,216600000.0,216600000.0
Molson Coors Brewing Co,TAP,54930073LBBH6ZCBE225,24545,2019.0,Q3YTD,2019-01-01,2019-09-30,,,,,,193300000.0,82300000.0,80000000.0,,78000000.0,4300000.0,6683100000.0,9918100000.0,2300000.0,24300000.0,,,666400000.0,2115100000.0,6683100000.0,3235000000.0,,-204500000.0,2781500000.0,453500000.0,-180200000.0,273300000.0,9918100000.0,,216600000.0,216600000.0
Molson Coors Brewing Co,TAP,54930073LBBH6ZCBE225,24545,2019.0,Q3TTM,2018-10-01,2019-09-30,,,,,,186900000.0,158000000.0,155700000.0,,154000000.0,4000000.0,8884800000.0,12942500000.0,2300000.0,22800000.0,,,684400000.0,2778100000.0,8884800000.0,4057700000.0,306200000.0,30800000.0,3462500000.0,595200000.0,-252600000.0,342600000.0,12942500000.0,,216600000.0,216600000.0
Molson Coors Brewing Co,TAP,54930073LBBH6ZCBE225,24545,2019.0,Q2,2019-04-01,2019-06-30,2019-07-31 11:24:35+00:00,,,0.0,,70400000.0,330200000.0,330200000.0,,329400000.0,800000.0,2431500000.0,3620000000.0,,-2500000.0,,,-49900000.0,769700000.0,2431500000.0,1188500000.0,,-65600000.0,719800000.0,468700000.0,-68100000.0,400600000.0,3620000000.0,,216600000.0,216900000.0
Molson Coors Brewing Co,TAP,54930073LBBH6ZCBE225,24545,2019.0,Q2YTD,2019-01-01,2019-06-30,,,,,,102600000.0,481600000.0,479300000.0,,480800000.0,800000.0,4341300000.0,6420100000.0,2300000.0,30000000.0,,,-36900000.0,1424900000.0,4341300000.0,2078800000.0,,-138900000.0,1388000000.0,690800000.0,-108900000.0,581900000.0,6420100000.0,,216600000.0,216900000.0
Molson Coors Brewing Co,TAP,54930073LBBH6ZCBE225,24545,2019.0,Q2TTM,2018-07-01,2019-06-30,,,,,,160700000.0,902900000.0,900600000.0,,895100000.0,7800000.0,8947900000.0,13069600000.0,2300000.0,36300000.0,,,17700000.0,2801800000.0,8947900000.0,4121700000.0,306200000.0,29000000.0,2819500000.0,1302200000.0,-240900000.0,1061300000.0,13069600000.0,,216600000.0,216900000.0
Molson Coors Brewing Co,TAP,54930073LBBH6ZCBE225,24545,2019.0,Q1,2019-01-01,2019-03-31,2020-04-30 11:34:36+00:00,,,,,32200000.0,151400000.0,149100000.0,,151400000.0,,1909800000.0,2800100000.0,2300000.0,32500000.0,,,13000000.0,655200000.0,1909800000.0,890300000.0,,-73300000.0,668200000.0,222100000.0,-40800000.0,181300000.0,2800100000.0,,216500000.0,216900000.0
Molson Coors Brewing Co,TAP,54930073LBBH6ZCBE225,24545,2019.0,Q1TTM,2018-04-01,2019-03-31,,,,,,182500000.0,1003500000.0,1001200000.0,,989800000.0,13700000.0,8990800000.0,13270100000.0,2300000.0,47600000.0,,,78100000.0,2776800000.0,8990800000.0,4279300000.0,306200000.0,17900000.0,2854900000.0,1424400000.0,-240700000.0,1183700000.0,13270100000.0,,216500000.0,216900000.0
Molson Coors Brewing Co,TAP,54930073LBBH6ZCBE225,24545,2020.0,Q1TTM,2019-04-01,2020-03-31,,,,,,158200000.0,-22200000.0,-18300000.0,,-26700000.0,4500000.0,8812100000.0,12746800000.0,-3900000.0,-41600000.0,,,782400000.0,2702500000.0,8812100000.0,3934700000.0,280900000.0,12600000.0,3484900000.0,449800000.0,-309900000.0,139900000.0,12746800000.0,,216700000.0,216700000.0
Molson Coors Brewing Co,TAP,54930073LBBH6ZCBE225,24545,2020.0,Q1,2020-01-01,2020-03-31,2020-04-30 11:34:36+00:00,,,,,-43300000.0,-117000000.0,-115400000.0,,-117000000.0,,1914000000.0,2537800000.0,-1600000.0,2700000.0,,,86600000.0,629700000.0,1914000000.0,623800000.0,,-68900000.0,716300000.0,-92500000.0,-66200000.0,-158700000.0,2537800000.0,,216700000.0,216700000.0
