company_name,company_ticker,company_lei,company_cik,year,quarter,start_date,end_date,filing_date,basicdilutedeps,basiceps,cashdividendspershare,dilutedeps,incometaxexpense,netincome,netincomecontinuing,netincomediscontinued,netincometocommon,operatingcostofrevenue,operatingrevenue,otherincome,otherspecialcharges,restructuringcharge,sgaexpense,totalcostofrevenue,totalgrossprofit,totalinterestexpense,totaloperatingexpenses,totaloperatingincome,totalotherincome,totalpretaxincome,totalrevenue,weightedavebasicdilutedsharesos,weightedavebasicsharesos,weightedavedilutedsharesos
HanesBrands Inc,HBI,GX5LWVWZLL5S4W1L2F20,1359841,2008.0,FY,2007-12-30,2009-01-03,2011-02-15 20:55:42+00:00,1.35,1.35,,1.34,35868000.0,127169000.0,127169000.0,,127169000.0,2871420000.0,4248770000.0,634000.0,,50263000.0,1009607000.0,2871420000.0,1377350000.0,155077000.0,1059870000.0,317480000.0,-154443000.0,163037000.0,4248770000.0,94200000.0,94171000.0,95164000.0
HanesBrands Inc,HBI,GX5LWVWZLL5S4W1L2F20,1359841,2009.0,FY,2009-01-04,2010-01-02,2012-02-17 11:39:50+00:00,0.54,0.54,,0.54,6993000.0,51283000.0,51283000.0,,51283000.0,2626001000.0,3891275000.0,-49301000.0,,53888000.0,940530000.0,2626001000.0,1265274000.0,163279000.0,994418000.0,270856000.0,-212580000.0,58276000.0,3891275000.0,95000000.0,95158000.0,95668000.0
HanesBrands Inc,HBI,GX5LWVWZLL5S4W1L2F20,1359841,2009.0,Q3,2009-07-05,2009-10-03,2010-10-28 14:44:48+00:00,0.43,0.43,,0.43,6807000.0,41138000.0,41138000.0,,41138000.0,701993000.0,1058673000.0,-2423000.0,,15104000.0,248267000.0,701993000.0,356680000.0,42941000.0,263371000.0,93309000.0,-45364000.0,47945000.0,1058673000.0,95700000.0,95247000.0,96422000.0
HanesBrands Inc,HBI,GX5LWVWZLL5S4W1L2F20,1359841,2009.0,Q2,2009-04-05,2009-07-04,2010-07-28 16:55:09+00:00,0.32,0.32,,0.32,8618000.0,30555000.0,30555000.0,,30555000.0,658631000.0,986022000.0,-168000.0,,12544000.0,230699000.0,658631000.0,327391000.0,44807000.0,243243000.0,84148000.0,-44975000.0,39173000.0,986022000.0,95500000.0,95023000.0,96167000.0
HanesBrands Inc,HBI,GX5LWVWZLL5S4W1L2F20,1359841,2010.0,Q4,2010-10-03,2011-01-01,,0.28,0.28,,0.29,-5929000.0,28056000.0,9375000.0,18681000.0,28056000.0,659231000.0,968958000.0,-15093000.0,,,251439000.0,659231000.0,309727000.0,39749000.0,251439000.0,58288000.0,-54842000.0,3446000.0,968958000.0,96500000.0,96500000.0,96500000.0
HanesBrands Inc,HBI,GX5LWVWZLL5S4W1L2F20,1359841,2010.0,FY,2010-01-03,2011-01-01,2013-02-06 17:18:49+00:00,2.19,2.19,,2.16,17889000.0,211293000.0,192612000.0,18681000.0,211293000.0,2770174000.0,4146012000.0,-20221000.0,,,994973000.0,2770174000.0,1375838000.0,150143000.0,994973000.0,380865000.0,-170364000.0,210501000.0,4146012000.0,96500000.0,96500000.0,96500000.0
HanesBrands Inc,HBI,GX5LWVWZLL5S4W1L2F20,1359841,2010.0,Q3YTD,2010-01-03,2010-10-02,,1.91,1.91,,1.87,23818000.0,183237000.0,183237000.0,,183237000.0,2110943000.0,3177054000.0,-5128000.0,,,743534000.0,2110943000.0,1066111000.0,110394000.0,743534000.0,322577000.0,-115522000.0,207055000.0,3177054000.0,95800000.0,96496000.0,97752000.0
HanesBrands Inc,HBI,GX5LWVWZLL5S4W1L2F20,1359841,2010.0,Q3,2010-07-04,2010-10-02,2011-11-03 17:07:41+00:00,0.64,0.64,,0.63,15328000.0,61312000.0,61312000.0,,61312000.0,809487000.0,1173362000.0,-1094000.0,,,249815000.0,809487000.0,363875000.0,36326000.0,249815000.0,114060000.0,-37420000.0,76640000.0,1173362000.0,95800000.0,96496000.0,97752000.0
HanesBrands Inc,HBI,GX5LWVWZLL5S4W1L2F20,1359841,2010.0,Q2YTD,2010-01-03,2010-07-03,,1.27,1.27,,1.24,8490000.0,121925000.0,121925000.0,,121925000.0,1301456000.0,2003692000.0,-4034000.0,,,493719000.0,1301456000.0,702236000.0,74068000.0,493719000.0,208517000.0,-78102000.0,130415000.0,2003692000.0,96000000.0,96420000.0,98027000.0
HanesBrands Inc,HBI,GX5LWVWZLL5S4W1L2F20,1359841,2010.0,Q2,2010-04-04,2010-07-03,2011-07-28 17:13:47+00:00,0.89,0.89,,0.87,-1808000.0,85412000.0,85412000.0,,85412000.0,701046000.0,1075852000.0,-2628000.0,,,252001000.0,701046000.0,374806000.0,36573000.0,252001000.0,122805000.0,-39201000.0,83604000.0,1075852000.0,96000000.0,96420000.0,98027000.0
HanesBrands Inc,HBI,GX5LWVWZLL5S4W1L2F20,1359841,2010.0,Q1,2010-01-03,2010-04-03,2011-04-27 17:40:52+00:00,0.38,0.38,,0.37,10298000.0,36513000.0,36513000.0,,36513000.0,600410000.0,927840000.0,-1406000.0,,,241718000.0,600410000.0,327430000.0,37495000.0,241718000.0,85712000.0,-38901000.0,46811000.0,927840000.0,96100000.0,96326000.0,97493000.0
HanesBrands Inc,HBI,GX5LWVWZLL5S4W1L2F20,1359841,2011.0,Q4,2011-10-02,2011-12-31,,0.42,0.42,,0.42,-8905000.0,40965000.0,31630000.0,9335000.0,40965000.0,729985000.0,1044591000.0,-4082000.0,,,250088000.0,729985000.0,314606000.0,37711000.0,250088000.0,64518000.0,-41793000.0,22725000.0,1044591000.0,97710000.0,97710000.0,97710000.0
HanesBrands Inc,HBI,GX5LWVWZLL5S4W1L2F20,1359841,2011.0,FY,2011-01-02,2011-12-31,2014-02-06 12:46:14+00:00,2.73,2.73,,2.69,41983000.0,266688000.0,242569000.0,24119000.0,266688000.0,2941083000.0,4434291000.0,-6377000.0,,,1046081000.0,2941083000.0,1493208000.0,156198000.0,1046081000.0,447127000.0,-162575000.0,284552000.0,4434291000.0,97710000.0,97710000.0,97710000.0
HanesBrands Inc,HBI,GX5LWVWZLL5S4W1L2F20,1359841,2011.0,Q3YTD,2011-01-02,2011-10-01,,2.31,2.31,,2.27,50888000.0,225723000.0,210939000.0,14784000.0,225723000.0,2211098000.0,3389700000.0,-2295000.0,,,795993000.0,2211098000.0,1178602000.0,118487000.0,795993000.0,382609000.0,-120782000.0,261827000.0,3389700000.0,97700000.0,97925000.0,99535000.0
HanesBrands Inc,HBI,GX5LWVWZLL5S4W1L2F20,1359841,2011.0,Q3TTM,2010-10-03,2011-10-01,,2.59,2.59,,2.56,44959000.0,253779000.0,220314000.0,33465000.0,253779000.0,2870329000.0,4358658000.0,-17388000.0,,,1047432000.0,2870329000.0,1488329000.0,158236000.0,1047432000.0,440897000.0,-175624000.0,265273000.0,4358658000.0,97700000.0,97925000.0,99535000.0
HanesBrands Inc,HBI,GX5LWVWZLL5S4W1L2F20,1359841,2011.0,Q3,2011-07-03,2011-10-01,2012-10-24 16:36:03+00:00,0.93,0.93,,0.91,20739000.0,90832000.0,85070000.0,5762000.0,90832000.0,771251000.0,1185304000.0,-880000.0,,,269109000.0,771251000.0,414053000.0,38255000.0,269109000.0,144944000.0,-39135000.0,105809000.0,1185304000.0,97700000.0,97925000.0,99535000.0
HanesBrands Inc,HBI,GX5LWVWZLL5S4W1L2F20,1359841,2011.0,Q2YTD,2011-01-02,2011-07-02,,1.38,1.38,,1.36,30149000.0,134891000.0,125869000.0,9022000.0,134891000.0,1439847000.0,2204396000.0,-1415000.0,,,526884000.0,1439847000.0,764549000.0,80232000.0,526884000.0,237665000.0,-81647000.0,156018000.0,2204396000.0,97500000.0,97537000.0,99224000.0
HanesBrands Inc,HBI,GX5LWVWZLL5S4W1L2F20,1359841,2011.0,Q2TTM,2010-07-04,2011-07-02,,2.3,2.3,,2.28,39548000.0,224259000.0,196556000.0,27703000.0,224259000.0,2908565000.0,4346716000.0,-17602000.0,,,1028138000.0,2908565000.0,1438151000.0,156307000.0,1028138000.0,410013000.0,-173909000.0,236104000.0,4346716000.0,97500000.0,97537000.0,99224000.0
HanesBrands Inc,HBI,GX5LWVWZLL5S4W1L2F20,1359841,2011.0,Q2,2011-04-03,2011-07-02,2012-08-01 18:04:57+00:00,0.89,0.89,,0.87,18121000.0,86782000.0,77760000.0,9022000.0,86782000.0,757962000.0,1167986000.0,-814000.0,,,274202000.0,757962000.0,410024000.0,39127000.0,274202000.0,135822000.0,-39941000.0,95881000.0,1167986000.0,97500000.0,97537000.0,99224000.0
HanesBrands Inc,HBI,GX5LWVWZLL5S4W1L2F20,1359841,2011.0,Q1TTM,2010-04-04,2011-04-02,,2.3,2.3,,2.28,19619000.0,222889000.0,204208000.0,18681000.0,222889000.0,2851649000.0,4254582000.0,-19416000.0,,,1005937000.0,2851649000.0,1402933000.0,153753000.0,1005937000.0,396996000.0,-173169000.0,223827000.0,4254582000.0,98200000.0,97194000.0,98589000.0
HanesBrands Inc,HBI,GX5LWVWZLL5S4W1L2F20,1359841,2011.0,Q1,2011-01-02,2011-04-02,2012-04-25 16:50:02+00:00,0.49,0.49,,0.49,12028000.0,48109000.0,48109000.0,,48109000.0,681885000.0,1036410000.0,-601000.0,,,252682000.0,681885000.0,354525000.0,41105000.0,252682000.0,101843000.0,-41706000.0,60137000.0,1036410000.0,98200000.0,97194000.0,98589000.0
HanesBrands Inc,HBI,GX5LWVWZLL5S4W1L2F20,1359841,2012.0,Q4,2012-09-30,2012-12-29,,0.81,0.81,,0.81,8958000.0,80388000.0,78215000.0,2173000.0,80388000.0,755185000.0,1153256000.0,-35486000.0,,,245060000.0,755185000.0,398071000.0,30352000.0,245060000.0,153011000.0,-65838000.0,87173000.0,1153256000.0,98709000.0,98709000.0,98709000.0
HanesBrands Inc,HBI,GX5LWVWZLL5S4W1L2F20,1359841,2012.0,FY,2012-01-01,2012-12-29,2015-02-06 16:45:54+00:00,1.67,1.67,,1.64,30502000.0,164681000.0,232443000.0,-67762000.0,164681000.0,3105674000.0,4525721000.0,-40315000.0,,,979932000.0,3105674000.0,1420047000.0,136855000.0,979932000.0,440115000.0,-177170000.0,262945000.0,4525721000.0,98709000.0,98709000.0,98709000.0
HanesBrands Inc,HBI,GX5LWVWZLL5S4W1L2F20,1359841,2012.0,Q3YTD,2012-01-01,2012-09-29,,0.85,0.85,,0.85,21544000.0,84293000.0,154228000.0,-69935000.0,84293000.0,2350489000.0,3372465000.0,-4829000.0,,,734872000.0,2350489000.0,1021976000.0,106503000.0,734872000.0,287104000.0,-111332000.0,175772000.0,3372465000.0,98707000.0,98707000.0,98707000.0
HanesBrands Inc,HBI,GX5LWVWZLL5S4W1L2F20,1359841,2012.0,Q3TTM,2011-10-02,2012-09-29,,1.27,1.27,,1.27,12639000.0,125258000.0,185858000.0,-60600000.0,125258000.0,3080474000.0,4417056000.0,-8911000.0,,,984960000.0,3080474000.0,1336582000.0,144214000.0,984960000.0,351622000.0,-153125000.0,198497000.0,4417056000.0,98707000.0,98707000.0,98707000.0
HanesBrands Inc,HBI,GX5LWVWZLL5S4W1L2F20,1359841,2012.0,Q3,2012-07-01,2012-09-29,2013-10-31 14:43:02+00:00,1.11,1.11,,1.09,9055000.0,109892000.0,111183000.0,-1291000.0,109892000.0,818751000.0,1218681000.0,-3373000.0,,,243422000.0,818751000.0,399930000.0,32897000.0,243422000.0,156508000.0,-36270000.0,120238000.0,1218681000.0,98707000.0,98707000.0,98707000.0
HanesBrands Inc,HBI,GX5LWVWZLL5S4W1L2F20,1359841,2012.0,Q2YTD,2012-01-01,2012-06-30,,-0.21,-0.21,,-0.21,12489000.0,-25599000.0,43045000.0,-68644000.0,-25599000.0,1531738000.0,2153784000.0,-1456000.0,,,491450000.0,1531738000.0,622046000.0,73606000.0,491450000.0,130596000.0,-75062000.0,55534000.0,2153784000.0,123100000.0,123100000.0,123100000.0
HanesBrands Inc,HBI,GX5LWVWZLL5S4W1L2F20,1359841,2012.0,Q2TTM,2011-07-03,2012-06-30,,0.86,0.86,,0.86,24323000.0,106198000.0,159745000.0,-53547000.0,106198000.0,3032974000.0,4383679000.0,-6418000.0,,,1010647000.0,3032974000.0,1350705000.0,149572000.0,1010647000.0,340058000.0,-155990000.0,184068000.0,4383679000.0,123100000.0,123100000.0,123100000.0
HanesBrands Inc,HBI,GX5LWVWZLL5S4W1L2F20,1359841,2012.0,Q2,2012-04-01,2012-06-30,2013-07-31 10:19:35+00:00,0.01,0.01,,0.01,15213000.0,1231000.0,67316000.0,-66085000.0,1231000.0,813719000.0,1180651000.0,-811000.0,,,246981000.0,813719000.0,366932000.0,36611000.0,246981000.0,119951000.0,-37422000.0,82529000.0,1180651000.0,123100000.0,123100000.0,123100000.0
HanesBrands Inc,HBI,GX5LWVWZLL5S4W1L2F20,1359841,2012.0,Q1TTM,2011-04-03,2012-03-31,,1.95,1.95,,1.95,27231000.0,191749000.0,170189000.0,21560000.0,191749000.0,2977217000.0,4371014000.0,-6421000.0,,,1037868000.0,2977217000.0,1393797000.0,152088000.0,1037868000.0,355929000.0,-158509000.0,197420000.0,4371014000.0,98533000.0,98533000.0,98533000.0
HanesBrands Inc,HBI,GX5LWVWZLL5S4W1L2F20,1359841,2012.0,Q1,2012-01-01,2012-03-31,2013-04-24 17:27:13+00:00,-0.27,-0.27,,-0.27,-2724000.0,-26830000.0,-24271000.0,-2559000.0,-26830000.0,718019000.0,973133000.0,-645000.0,,,244469000.0,718019000.0,255114000.0,36995000.0,244469000.0,10645000.0,-37640000.0,-26995000.0,973133000.0,98533000.0,98533000.0,98533000.0
HanesBrands Inc,HBI,GX5LWVWZLL5S4W1L2F20,1359841,2013.0,FY,2012-12-30,2013-12-28,2016-02-05 16:13:39+00:00,0.83,0.83,,0.81,65307000.0,330494000.0,330494000.0,,330494000.0,3016109000.0,4627802000.0,-17501000.0,,,1096507000.0,3016109000.0,1611693000.0,101884000.0,1096507000.0,515186000.0,-119385000.0,395801000.0,4627802000.0,399436000.0,399436000.0,399436000.0
HanesBrands Inc,HBI,GX5LWVWZLL5S4W1L2F20,1359841,2013.0,Q4,2013-09-29,2013-12-28,,0.08,0.08,0.05,0.08,-2097000.0,32266000.0,32266000.0,,32266000.0,858558000.0,1285790000.0,-15491000.0,,,355534000.0,858558000.0,427232000.0,26038000.0,355534000.0,71698000.0,-41529000.0,30169000.0,1285790000.0,399436000.0,399436000.0,399436000.0
HanesBrands Inc,HBI,GX5LWVWZLL5S4W1L2F20,1359841,2013.0,Q3,2013-06-30,2013-09-28,2014-10-30 14:58:01+00:00,1.25,1.25,,1.23,25838000.0,125263000.0,125263000.0,,125263000.0,775666000.0,1197346000.0,-795000.0,,,244782000.0,775666000.0,421680000.0,25002000.0,244782000.0,176898000.0,-25797000.0,151101000.0,1197346000.0,100066000.0,100066000.0,100066000.0
HanesBrands Inc,HBI,GX5LWVWZLL5S4W1L2F20,1359841,2013.0,Q3YTD,2012-12-30,2013-09-28,,2.98,2.98,0.4,2.98,67404000.0,298228000.0,298228000.0,,298228000.0,2157551000.0,3342012000.0,-2010000.0,,,740973000.0,2157551000.0,1184461000.0,75846000.0,740973000.0,443488000.0,-77856000.0,365632000.0,3342012000.0,100066000.0,100066000.0,100066000.0
HanesBrands Inc,HBI,GX5LWVWZLL5S4W1L2F20,1359841,2013.0,Q3TTM,2012-09-30,2013-09-28,,3.78,3.78,0.4,3.78,76362000.0,378616000.0,376443000.0,2173000.0,378616000.0,2912736000.0,4495268000.0,-37496000.0,,,986033000.0,2912736000.0,1582532000.0,106198000.0,986033000.0,596499000.0,-143694000.0,452805000.0,4495268000.0,100066000.0,100066000.0,100066000.0
HanesBrands Inc,HBI,GX5LWVWZLL5S4W1L2F20,1359841,2013.0,Q2,2013-03-31,2013-06-29,2014-07-24 15:39:21+00:00,1.22,1.22,,1.19,33889000.0,121586000.0,121586000.0,,121586000.0,763723000.0,1199205000.0,-751000.0,,,254035000.0,763723000.0,435482000.0,25221000.0,254035000.0,181447000.0,-25972000.0,155475000.0,1199205000.0,99855000.0,99855000.0,99855000.0
HanesBrands Inc,HBI,GX5LWVWZLL5S4W1L2F20,1359841,2013.0,Q2YTD,2012-12-30,2013-06-29,,1.73,1.73,0.2,1.73,41566000.0,172965000.0,172965000.0,,172965000.0,1381885000.0,2144666000.0,-1215000.0,,,496191000.0,1381885000.0,762781000.0,50844000.0,496191000.0,266590000.0,-52059000.0,214531000.0,2144666000.0,99855000.0,99855000.0,99855000.0
HanesBrands Inc,HBI,GX5LWVWZLL5S4W1L2F20,1359841,2013.0,Q2TTM,2012-07-01,2013-06-29,,3.64,3.64,0.2,3.64,59579000.0,363245000.0,362363000.0,882000.0,363245000.0,2955821000.0,4516603000.0,-40074000.0,,,984673000.0,2955821000.0,1560782000.0,114093000.0,984673000.0,576109000.0,-154167000.0,421942000.0,4516603000.0,99855000.0,99855000.0,99855000.0
HanesBrands Inc,HBI,GX5LWVWZLL5S4W1L2F20,1359841,2013.0,Q1,2012-12-30,2013-03-30,2014-04-25 13:20:10+00:00,0.52,0.52,,0.51,7677000.0,51379000.0,51379000.0,,51379000.0,618162000.0,945461000.0,-464000.0,,,242156000.0,618162000.0,327299000.0,25623000.0,242156000.0,85143000.0,-26087000.0,59056000.0,945461000.0,99369000.0,99369000.0,99369000.0
HanesBrands Inc,HBI,GX5LWVWZLL5S4W1L2F20,1359841,2013.0,Q1TTM,2012-04-01,2013-03-30,,2.44,2.44,,2.44,40903000.0,242890000.0,308093000.0,-65203000.0,242890000.0,3005817000.0,4498049000.0,-40134000.0,,,977619000.0,3005817000.0,1492232000.0,125483000.0,977619000.0,514613000.0,-165617000.0,348996000.0,4498049000.0,99369000.0,99369000.0,99369000.0
HanesBrands Inc,HBI,GX5LWVWZLL5S4W1L2F20,1359841,2014.0,FY,2013-12-29,2015-01-03,2017-02-03 15:58:12+00:00,1.01,1.01,0.075,0.99,60449000.0,404519000.0,404519000.0,0.0,404519000.0,3420339000.0,5324746000.0,-2599000.0,,,1340453000.0,3420339000.0,1904407000.0,96387000.0,1340453000.0,563954000.0,-98986000.0,464968000.0,5324746000.0,402300000.0,402300000.0,402300000.0
HanesBrands Inc,HBI,GX5LWVWZLL5S4W1L2F20,1359841,2014.0,Q4,2014-09-28,2015-01-03,,0.22,0.22,0.07,0.22,11082000.0,89437000.0,89437000.0,,89437000.0,977035000.0,1522596000.0,-709000.0,,,414411000.0,977035000.0,545561000.0,29922000.0,414411000.0,131150000.0,-30631000.0,100519000.0,1522596000.0,402300000.0,402300000.0,402300000.0
HanesBrands Inc,HBI,GX5LWVWZLL5S4W1L2F20,1359841,2014.0,Q3,2014-06-29,2014-09-27,2015-10-29 16:41:30+00:00,0.3,0.3,0.08,0.29,10625000.0,118944000.0,118944000.0,,118944000.0,903013000.0,1400728000.0,-795000.0,,,343823000.0,903013000.0,497715000.0,23528000.0,343823000.0,153892000.0,-24323000.0,129569000.0,1400728000.0,402392000.0,402392000.0,402392000.0
HanesBrands Inc,HBI,GX5LWVWZLL5S4W1L2F20,1359841,2014.0,Q3YTD,2013-12-29,2014-09-27,,0.78,0.78,0.22,0.78,49367000.0,315082000.0,315082000.0,,315082000.0,2443304000.0,3802150000.0,-1890000.0,,,926042000.0,2443304000.0,1358846000.0,66465000.0,926042000.0,432804000.0,-68355000.0,364449000.0,3802150000.0,402392000.0,402392000.0,402392000.0
HanesBrands Inc,HBI,GX5LWVWZLL5S4W1L2F20,1359841,2014.0,Q3TTM,2013-09-29,2014-09-27,,0.86,0.86,0.27,0.86,47270000.0,347348000.0,347348000.0,,347348000.0,3301862000.0,5087940000.0,-17381000.0,,,1281576000.0,3301862000.0,1786078000.0,92503000.0,1281576000.0,504502000.0,-109884000.0,394618000.0,5087940000.0,402392000.0,402392000.0,402392000.0
HanesBrands Inc,HBI,GX5LWVWZLL5S4W1L2F20,1359841,2014.0,Q2YTD,2013-12-29,2014-06-28,,0.49,0.49,0.15,0.49,38742000.0,196138000.0,196138000.0,,196138000.0,1540291000.0,2401422000.0,-1095000.0,,,582219000.0,1540291000.0,861131000.0,42937000.0,582219000.0,278912000.0,-44032000.0,234880000.0,2401422000.0,401920000.0,401920000.0,401920000.0
HanesBrands Inc,HBI,GX5LWVWZLL5S4W1L2F20,1359841,2014.0,Q2TTM,2013-06-30,2014-06-28,,0.88,0.88,0.25,0.88,62483000.0,353667000.0,353667000.0,,353667000.0,3174515000.0,4884558000.0,-17381000.0,,,1182535000.0,3174515000.0,1710043000.0,93977000.0,1182535000.0,527508000.0,-111358000.0,416150000.0,4884558000.0,401920000.0,401920000.0,401920000.0
HanesBrands Inc,HBI,GX5LWVWZLL5S4W1L2F20,1359841,2014.0,Q2,2014-03-30,2014-06-28,2015-07-31 16:56:07+00:00,0.38,0.38,0.1,0.38,30767000.0,154578000.0,154578000.0,,154578000.0,837698000.0,1342052000.0,-660000.0,,,297230000.0,837698000.0,504354000.0,21119000.0,297230000.0,207124000.0,-21779000.0,185345000.0,1342052000.0,401920000.0,401920000.0,401920000.0
HanesBrands Inc,HBI,GX5LWVWZLL5S4W1L2F20,1359841,2014.0,Q1TTM,2013-03-31,2014-03-29,,0.8,0.8,0.22,0.8,65605000.0,320675000.0,320675000.0,,320675000.0,3100540000.0,4741711000.0,-17472000.0,,,1139340000.0,3100540000.0,1641171000.0,98079000.0,1139340000.0,501831000.0,-115551000.0,386280000.0,4741711000.0,401564000.0,401564000.0,401564000.0
HanesBrands Inc,HBI,GX5LWVWZLL5S4W1L2F20,1359841,2014.0,Q1,2013-12-29,2014-03-29,2015-05-01 14:50:22+00:00,0.1,0.1,,0.1,7975000.0,41560000.0,41560000.0,,41560000.0,702593000.0,1059370000.0,-435000.0,,,284989000.0,702593000.0,356777000.0,21818000.0,284989000.0,71788000.0,-22253000.0,49535000.0,1059370000.0,401564000.0,401564000.0,401564000.0
HanesBrands Inc,HBI,GX5LWVWZLL5S4W1L2F20,1359841,2015.0,FY,2015-01-04,2016-01-02,2018-02-08 18:09:01+00:00,1.07,1.07,0.1,1.06,45018000.0,428855000.0,428855000.0,0.0,428855000.0,3595217000.0,5731549000.0,-3210000.0,0.0,,1541214000.0,3595217000.0,2136332000.0,118035000.0,1541214000.0,595118000.0,-121245000.0,473873000.0,5731549000.0,399891000.0,399891000.0,399891000.0
HanesBrands Inc,HBI,GX5LWVWZLL5S4W1L2F20,1359841,2015.0,Q4,2015-10-04,2016-01-02,,0.3,0.3,0.1,0.3,6711000.0,119163000.0,119163000.0,,119163000.0,868431000.0,1409557000.0,-1280000.0,,,383200000.0,868431000.0,541126000.0,30772000.0,383200000.0,157926000.0,-32052000.0,125874000.0,1409557000.0,399891000.0,399891000.0,399891000.0
HanesBrands Inc,HBI,GX5LWVWZLL5S4W1L2F20,1359841,2015.0,Q3,2015-07-05,2015-10-03,2016-10-28 14:30:34+00:00,0.41,0.41,0.1,0.4,14100000.0,162154000.0,162154000.0,0.0,162154000.0,1010288000.0,1591038000.0,-718000.0,,,372422000.0,1010288000.0,580750000.0,31356000.0,372422000.0,208328000.0,-32074000.0,176254000.0,1591038000.0,399445000.0,399445000.0,399445000.0
HanesBrands Inc,HBI,GX5LWVWZLL5S4W1L2F20,1359841,2015.0,Q3YTD,2015-01-04,2015-10-03,,0.78,0.78,0.3,0.78,38307000.0,309692000.0,309692000.0,,309692000.0,2726786000.0,4321992000.0,-1930000.0,,,1158014000.0,2726786000.0,1595206000.0,87263000.0,1158014000.0,437192000.0,-89193000.0,347999000.0,4321992000.0,399445000.0,399445000.0,399445000.0
HanesBrands Inc,HBI,GX5LWVWZLL5S4W1L2F20,1359841,2015.0,Q3TTM,2014-09-28,2015-10-03,,1.0,1.0,0.38,1.0,49389000.0,399129000.0,399129000.0,,399129000.0,3703821000.0,5844588000.0,-2639000.0,,,1572425000.0,3703821000.0,2140767000.0,117185000.0,1572425000.0,568342000.0,-119824000.0,448518000.0,5844588000.0,399445000.0,399445000.0,399445000.0
HanesBrands Inc,HBI,GX5LWVWZLL5S4W1L2F20,1359841,2015.0,Q2,2015-04-05,2015-07-04,2016-08-04 13:34:16+00:00,0.23,0.23,0.1,0.23,14181000.0,94902000.0,94902000.0,,94902000.0,953808000.0,1522033000.0,-830000.0,,,429292000.0,953808000.0,568225000.0,29020000.0,429292000.0,138933000.0,-29850000.0,109083000.0,1522033000.0,403949000.0,403949000.0,403949000.0
HanesBrands Inc,HBI,GX5LWVWZLL5S4W1L2F20,1359841,2015.0,Q2YTD,2015-01-04,2015-07-04,,0.37,0.37,0.2,0.37,24207000.0,147538000.0,147538000.0,,147538000.0,1716498000.0,2730954000.0,-1212000.0,,,785592000.0,1716498000.0,1014456000.0,55907000.0,785592000.0,228864000.0,-57119000.0,171745000.0,2730954000.0,403949000.0,403949000.0,403949000.0
HanesBrands Inc,HBI,GX5LWVWZLL5S4W1L2F20,1359841,2015.0,Q2TTM,2014-06-29,2015-07-04,,0.88,0.88,0.35,0.88,45914000.0,355919000.0,355919000.0,,355919000.0,3596546000.0,5654278000.0,-2716000.0,,,1543826000.0,3596546000.0,2057732000.0,109357000.0,1543826000.0,513906000.0,-112073000.0,401833000.0,5654278000.0,403949000.0,403949000.0,403949000.0
HanesBrands Inc,HBI,GX5LWVWZLL5S4W1L2F20,1359841,2015.0,Q1,2015-01-04,2015-04-04,2016-04-26 15:33:58+00:00,0.13,0.13,0.1,0.13,10026000.0,52636000.0,52636000.0,,52636000.0,762690000.0,1208921000.0,-382000.0,,,356300000.0,762690000.0,446231000.0,26887000.0,356300000.0,89931000.0,-27269000.0,62662000.0,1208921000.0,403578000.0,403578000.0,403578000.0
HanesBrands Inc,HBI,GX5LWVWZLL5S4W1L2F20,1359841,2015.0,Q1TTM,2014-03-30,2015-04-04,,1.03,1.03,0.32,1.03,62500000.0,415595000.0,415595000.0,,415595000.0,3480436000.0,5474297000.0,-2546000.0,,,1411764000.0,3480436000.0,1993861000.0,101456000.0,1411764000.0,582097000.0,-104002000.0,478095000.0,5474297000.0,403578000.0,403578000.0,403578000.0
HanesBrands Inc,HBI,GX5LWVWZLL5S4W1L2F20,1359841,2016.0,FY,2016-01-03,2016-12-31,2019-02-08 18:39:05+00:00,1.41,1.41,0.11,1.4,34272000.0,539382000.0,536927000.0,2455000.0,539382000.0,3752151000.0,6028199000.0,-66160000.0,0.0,,1485997000.0,3752151000.0,2276048000.0,152692000.0,1485997000.0,790051000.0,-218852000.0,571199000.0,6028199000.0,381782000.0,381782000.0,381782000.0
HanesBrands Inc,HBI,GX5LWVWZLL5S4W1L2F20,1359841,2016.0,Q4,2016-10-02,2016-12-31,,0.41,0.41,0.11,0.41,5579000.0,157112000.0,155725000.0,1387000.0,157112000.0,963174000.0,1575309000.0,-15627000.0,,,394051000.0,963174000.0,612135000.0,41153000.0,394051000.0,218084000.0,-56780000.0,161304000.0,1575309000.0,381782000.0,381782000.0,381782000.0
HanesBrands Inc,HBI,GX5LWVWZLL5S4W1L2F20,1359841,2016.0,Q3,2016-07-03,2016-10-01,2017-11-02 17:46:25+00:00,0.46,0.46,0.11,0.45,10570000.0,173858000.0,172790000.0,1068000.0,173858000.0,1111653000.0,1761019000.0,-1559000.0,,,421014000.0,1111653000.0,649366000.0,43433000.0,421014000.0,228352000.0,-44992000.0,183360000.0,1761019000.0,379368000.0,379368000.0,379368000.0
HanesBrands Inc,HBI,GX5LWVWZLL5S4W1L2F20,1359841,2016.0,Q3YTD,2016-01-03,2016-10-01,,1.01,1.01,0.33,1.01,28693000.0,382270000.0,381202000.0,1068000.0,382270000.0,2788977000.0,4452890000.0,-50533000.0,,,1091946000.0,2788977000.0,1663913000.0,111539000.0,1091946000.0,571967000.0,-162072000.0,409895000.0,4452890000.0,379368000.0,379368000.0,379368000.0
HanesBrands Inc,HBI,GX5LWVWZLL5S4W1L2F20,1359841,2016.0,Q3TTM,2015-10-04,2016-10-01,,1.32,1.32,0.44,1.32,35404000.0,501433000.0,500365000.0,1068000.0,501433000.0,3657408000.0,5862447000.0,-51813000.0,,,1475146000.0,3657408000.0,2205039000.0,142311000.0,1475146000.0,729893000.0,-194124000.0,535769000.0,5862447000.0,379368000.0,379368000.0,379368000.0
HanesBrands Inc,HBI,GX5LWVWZLL5S4W1L2F20,1359841,2016.0,Q2,2016-04-03,2016-07-02,2017-08-02 17:07:35+00:00,0.34,0.34,0.11,0.34,8202000.0,128143000.0,128143000.0,0.0,128143000.0,915440000.0,1472731000.0,-48325000.0,,,336081000.0,915440000.0,557291000.0,36540000.0,336081000.0,221210000.0,-84865000.0,136345000.0,1472731000.0,379233000.0,379233000.0,379233000.0
HanesBrands Inc,HBI,GX5LWVWZLL5S4W1L2F20,1359841,2016.0,Q2YTD,2016-01-03,2016-07-02,,0.55,0.55,0.22,0.55,18123000.0,208412000.0,208412000.0,,208412000.0,1677324000.0,2691871000.0,-48974000.0,,,670932000.0,1677324000.0,1014547000.0,68106000.0,670932000.0,343615000.0,-117080000.0,226535000.0,2691871000.0,379233000.0,379233000.0,379233000.0
HanesBrands Inc,HBI,GX5LWVWZLL5S4W1L2F20,1359841,2016.0,Q2TTM,2015-07-05,2016-07-02,,1.29,1.29,0.43,1.29,38934000.0,489729000.0,489729000.0,,489729000.0,3556043000.0,5692466000.0,-50972000.0,,,1426554000.0,3556043000.0,2136423000.0,130234000.0,1426554000.0,709869000.0,-181206000.0,528663000.0,5692466000.0,379233000.0,379233000.0,379233000.0
HanesBrands Inc,HBI,GX5LWVWZLL5S4W1L2F20,1359841,2016.0,Q1,2016-01-03,2016-04-02,2017-05-03 16:08:15+00:00,0.21,0.21,0.11,0.21,9921000.0,80269000.0,80269000.0,0.0,80269000.0,761884000.0,1219140000.0,-649000.0,,,334851000.0,761884000.0,457256000.0,31566000.0,334851000.0,122405000.0,-32215000.0,90190000.0,1219140000.0,386598000.0,386598000.0,386598000.0
HanesBrands Inc,HBI,GX5LWVWZLL5S4W1L2F20,1359841,2016.0,Q1TTM,2015-04-05,2016-04-02,,1.18,1.18,0.42,1.18,44913000.0,456488000.0,456488000.0,,456488000.0,3594411000.0,5741768000.0,-3477000.0,,,1519765000.0,3594411000.0,2147357000.0,122714000.0,1519765000.0,627592000.0,-126191000.0,501401000.0,5741768000.0,386598000.0,386598000.0,386598000.0
HanesBrands Inc,HBI,GX5LWVWZLL5S4W1L2F20,1359841,2017.0,FY,2017-01-01,2017-12-30,2020-02-10 20:04:50+00:00,0.2,0.2,0.15,0.2,453117000.0,73881000.0,75978000.0,-2097000.0,73881000.0,3981959000.0,6471410000.0,-32645000.0,27852000.0,,1725424000.0,3981959000.0,2489451000.0,174435000.0,1753276000.0,736175000.0,-207080000.0,529095000.0,6471410000.0,367680000.0,367680000.0,367680000.0
HanesBrands Inc,HBI,GX5LWVWZLL5S4W1L2F20,1359841,2017.0,Q4,2017-10-01,2017-12-30,,-1.02,-1.02,-0.3,-1.01,433313000.0,-372624000.0,-372624000.0,,-372624000.0,1019614000.0,1645175000.0,-12635000.0,27852000.0,,480134000.0,1019614000.0,625561000.0,44251000.0,507986000.0,117575000.0,-56886000.0,60689000.0,1645175000.0,367680000.0,367680000.0,367680000.0
HanesBrands Inc,HBI,GX5LWVWZLL5S4W1L2F20,1359841,2017.0,Q3,2017-07-02,2017-09-30,2018-11-01 17:26:16+00:00,0.56,0.56,0.15,0.55,4150000.0,203356000.0,203356000.0,0.0,203356000.0,1120813000.0,1799270000.0,-7043000.0,,,419991000.0,1120813000.0,678457000.0,43917000.0,419991000.0,258466000.0,-50960000.0,207506000.0,1799270000.0,366083000.0,366083000.0,366083000.0
HanesBrands Inc,HBI,GX5LWVWZLL5S4W1L2F20,1359841,2017.0,Q3YTD,2017-01-01,2017-09-30,,1.22,1.22,0.45,1.22,19804000.0,446505000.0,448602000.0,-2097000.0,446505000.0,2962345000.0,4826235000.0,-20010000.0,,,1245290000.0,2962345000.0,1863890000.0,130184000.0,1245290000.0,618600000.0,-150194000.0,468406000.0,4826235000.0,366083000.0,366083000.0,366083000.0
HanesBrands Inc,HBI,GX5LWVWZLL5S4W1L2F20,1359841,2017.0,Q3TTM,2016-10-02,2017-09-30,,1.65,1.65,0.56,1.65,25383000.0,603617000.0,604327000.0,-710000.0,603617000.0,3925519000.0,6401544000.0,-35637000.0,,,1639341000.0,3925519000.0,2476025000.0,171337000.0,1639341000.0,836684000.0,-206974000.0,629710000.0,6401544000.0,366083000.0,366083000.0,366083000.0
HanesBrands Inc,HBI,GX5LWVWZLL5S4W1L2F20,1359841,2017.0,Q2,2017-04-02,2017-07-01,2018-08-01 18:36:58+00:00,0.47,0.47,0.15,0.47,10989000.0,172532000.0,172164000.0,368000.0,172532000.0,1000708000.0,1646610000.0,-6422000.0,,,412197000.0,1000708000.0,645902000.0,44130000.0,412197000.0,233705000.0,-50552000.0,183153000.0,1646610000.0,365911000.0,365911000.0,365911000.0
HanesBrands Inc,HBI,GX5LWVWZLL5S4W1L2F20,1359841,2017.0,Q2YTD,2017-01-01,2017-07-01,,0.66,0.66,0.3,0.66,15654000.0,243149000.0,245246000.0,-2097000.0,243149000.0,1841532000.0,3026965000.0,-12967000.0,,,825299000.0,1841532000.0,1185433000.0,86267000.0,825299000.0,360134000.0,-99234000.0,260900000.0,3026965000.0,365911000.0,365911000.0,365911000.0
HanesBrands Inc,HBI,GX5LWVWZLL5S4W1L2F20,1359841,2017.0,Q2TTM,2016-07-03,2017-07-01,,1.57,1.57,0.53,1.57,31803000.0,574119000.0,573761000.0,358000.0,574119000.0,3916359000.0,6363293000.0,-30153000.0,,,1640364000.0,3916359000.0,2446934000.0,170853000.0,1640364000.0,806570000.0,-201006000.0,605564000.0,6363293000.0,365911000.0,365911000.0,365911000.0
HanesBrands Inc,HBI,GX5LWVWZLL5S4W1L2F20,1359841,2017.0,Q1,2017-01-01,2017-04-01,2018-05-01 17:16:18+00:00,0.19,0.19,0.15,0.19,4665000.0,70617000.0,73082000.0,-2465000.0,70617000.0,840824000.0,1380355000.0,-6545000.0,,,413102000.0,840824000.0,539531000.0,42137000.0,413102000.0,126429000.0,-48682000.0,77747000.0,1380355000.0,373218000.0,373218000.0,373218000.0
HanesBrands Inc,HBI,GX5LWVWZLL5S4W1L2F20,1359841,2017.0,Q1TTM,2016-04-03,2017-04-01,,1.42,1.42,0.48,1.42,29016000.0,529730000.0,529740000.0,-10000.0,529730000.0,3831091000.0,6189414000.0,-72056000.0,,,1564248000.0,3831091000.0,2358323000.0,163263000.0,1564248000.0,794075000.0,-235319000.0,558756000.0,6189414000.0,373218000.0,373218000.0,373218000.0
HanesBrands Inc,HBI,GX5LWVWZLL5S4W1L2F20,1359841,2018.0,FY,2017-12-31,2018-12-29,2020-02-10 20:04:50+00:00,1.48,1.48,0.15,1.48,103915000.0,539666000.0,539666000.0,0.0,539666000.0,4150736000.0,6803955000.0,-26395000.0,0.0,,1788568000.0,4150736000.0,2653219000.0,194675000.0,1788568000.0,864651000.0,-221070000.0,643581000.0,6803955000.0,363513000.0,363513000.0,363513000.0
HanesBrands Inc,HBI,GX5LWVWZLL5S4W1L2F20,1359841,2018.0,Q4,2018-09-30,2018-12-29,,0.4,0.4,-0.3,0.4,38972000.0,148203000.0,148203000.0,,148203000.0,1066626000.0,1768301000.0,-6779000.0,,,460034000.0,1066626000.0,701675000.0,47687000.0,460034000.0,241641000.0,-54466000.0,187175000.0,1768301000.0,363513000.0,363513000.0,363513000.0
HanesBrands Inc,HBI,GX5LWVWZLL5S4W1L2F20,1359841,2018.0,Q3,2018-07-01,2018-09-29,2019-10-31 16:12:03+00:00,0.47,0.47,0.15,0.47,25388000.0,171421000.0,171421000.0,,171421000.0,1136040000.0,1848707000.0,-7285000.0,,,455778000.0,1136040000.0,712667000.0,52795000.0,455778000.0,256889000.0,-60080000.0,196809000.0,1848707000.0,363510000.0,363510000.0,363510000.0
HanesBrands Inc,HBI,GX5LWVWZLL5S4W1L2F20,1359841,2018.0,Q3YTD,2017-12-31,2018-09-29,,1.08,1.08,0.45,1.08,64943000.0,391463000.0,391463000.0,,391463000.0,3084110000.0,5035654000.0,-19616000.0,,,1328534000.0,3084110000.0,1951544000.0,146988000.0,1328534000.0,623010000.0,-166604000.0,456406000.0,5035654000.0,363510000.0,363510000.0,363510000.0
HanesBrands Inc,HBI,GX5LWVWZLL5S4W1L2F20,1359841,2018.0,Q3TTM,2017-10-01,2018-09-29,,0.06,0.06,0.15,0.07,498256000.0,18839000.0,18839000.0,,18839000.0,4103724000.0,6680829000.0,-32251000.0,27852000.0,,1808668000.0,4103724000.0,2577105000.0,191239000.0,1836520000.0,740585000.0,-223490000.0,517095000.0,6680829000.0,363510000.0,363510000.0,363510000.0
HanesBrands Inc,HBI,GX5LWVWZLL5S4W1L2F20,1359841,2018.0,Q2,2018-04-01,2018-06-30,2019-08-02 09:14:46+00:00,0.39,0.39,0.15,0.39,24430000.0,140633000.0,140633000.0,,140633000.0,1055487000.0,1715443000.0,-6570000.0,,,439893000.0,1055487000.0,659956000.0,48430000.0,439893000.0,220063000.0,-55000000.0,165063000.0,1715443000.0,362011000.0,362011000.0,362011000.0
HanesBrands Inc,HBI,GX5LWVWZLL5S4W1L2F20,1359841,2018.0,Q2YTD,2017-12-31,2018-06-30,,0.61,0.61,0.3,0.61,39555000.0,220042000.0,220042000.0,,220042000.0,1948070000.0,3186947000.0,-12331000.0,,,872756000.0,1948070000.0,1238877000.0,94193000.0,872756000.0,366121000.0,-106524000.0,259597000.0,3186947000.0,362011000.0,362011000.0,362011000.0
HanesBrands Inc,HBI,GX5LWVWZLL5S4W1L2F20,1359841,2018.0,Q2TTM,2017-07-02,2018-06-30,,0.15,0.15,0.15,0.15,477018000.0,50774000.0,50774000.0,,50774000.0,4088497000.0,6631392000.0,-32009000.0,27852000.0,,1772881000.0,4088497000.0,2542895000.0,182361000.0,1800733000.0,742162000.0,-214370000.0,527792000.0,6631392000.0,362011000.0,362011000.0,362011000.0
HanesBrands Inc,HBI,GX5LWVWZLL5S4W1L2F20,1359841,2018.0,Q1,2017-12-31,2018-03-31,2019-05-02 17:06:39+00:00,0.22,0.22,0.15,0.22,15125000.0,79409000.0,79409000.0,,79409000.0,892583000.0,1471504000.0,-5761000.0,,,432863000.0,892583000.0,578921000.0,45763000.0,432863000.0,146058000.0,-51524000.0,94534000.0,1471504000.0,361882000.0,361882000.0,361882000.0
HanesBrands Inc,HBI,GX5LWVWZLL5S4W1L2F20,1359841,2018.0,Q1TTM,2017-04-02,2018-03-31,,0.23,0.23,0.15,0.23,463577000.0,82673000.0,82305000.0,368000.0,82673000.0,4033718000.0,6562559000.0,-31861000.0,27852000.0,,1745185000.0,4033718000.0,2528841000.0,178061000.0,1773037000.0,755804000.0,-209922000.0,545882000.0,6562559000.0,361882000.0,361882000.0,361882000.0
HanesBrands Inc,HBI,GX5LWVWZLL5S4W1L2F20,1359841,2019.0,Q4,2019-09-29,2019-12-28,,0.5,0.5,-0.3,0.49,9864000.0,177884000.0,177884000.0,,177884000.0,1038723000.0,1751005000.0,-7658000.0,,,475969000.0,1038723000.0,712282000.0,40907000.0,475969000.0,236313000.0,-48565000.0,187748000.0,1751005000.0,364709000.0,364709000.0,364709000.0
HanesBrands Inc,HBI,GX5LWVWZLL5S4W1L2F20,1359841,2019.0,FY,2018-12-30,2019-12-28,2020-02-10 20:04:50+00:00,1.65,1.65,0.15,1.64,79007000.0,600720000.0,600720000.0,0.0,600720000.0,4247593000.0,6966923000.0,-31424000.0,0.0,,1829600000.0,4247593000.0,2719330000.0,178579000.0,1829600000.0,889730000.0,-210003000.0,679727000.0,6966923000.0,364709000.0,364709000.0,364709000.0
HanesBrands Inc,HBI,GX5LWVWZLL5S4W1L2F20,1359841,2019.0,Q3YTD,2018-12-30,2019-09-28,,1.15,1.15,0.45,1.15,69143000.0,422836000.0,422836000.0,,422836000.0,3208870000.0,5215918000.0,-23766000.0,,,1353631000.0,3208870000.0,2007048000.0,137672000.0,1353631000.0,653417000.0,-161438000.0,491979000.0,5215918000.0,364743000.0,364743000.0,364743000.0
HanesBrands Inc,HBI,GX5LWVWZLL5S4W1L2F20,1359841,2019.0,Q3TTM,2018-09-30,2019-09-28,,1.55,1.55,0.15,1.55,108115000.0,571039000.0,571039000.0,,571039000.0,4275496000.0,6984219000.0,-30545000.0,,,1813665000.0,4275496000.0,2708723000.0,185359000.0,1813665000.0,895058000.0,-215904000.0,679154000.0,6984219000.0,364743000.0,364743000.0,364743000.0
HanesBrands Inc,HBI,GX5LWVWZLL5S4W1L2F20,1359841,2019.0,Q3,2019-06-30,2019-09-28,2019-10-31 16:12:03+00:00,0.51,0.51,0.15,0.51,30823000.0,187776000.0,187776000.0,,187776000.0,1154629000.0,1866967000.0,-8066000.0,,,442582000.0,1154629000.0,712338000.0,43091000.0,442582000.0,269756000.0,-51157000.0,218599000.0,1866967000.0,364743000.0,364743000.0,364743000.0
HanesBrands Inc,HBI,GX5LWVWZLL5S4W1L2F20,1359841,2019.0,Q2YTD,2018-12-30,2019-06-29,,0.64,0.64,0.3,0.64,38320000.0,235060000.0,235060000.0,,235060000.0,2054241000.0,3348951000.0,-15700000.0,,,911049000.0,2054241000.0,1294710000.0,94581000.0,911049000.0,383661000.0,-110281000.0,273380000.0,3348951000.0,364637000.0,364637000.0,364637000.0
HanesBrands Inc,HBI,GX5LWVWZLL5S4W1L2F20,1359841,2019.0,Q2TTM,2018-07-01,2019-06-29,,1.51,1.51,0.15,1.51,102680000.0,554684000.0,554684000.0,,554684000.0,4256907000.0,6965959000.0,-29764000.0,,,1826861000.0,4256907000.0,2709052000.0,195063000.0,1826861000.0,882191000.0,-224827000.0,657364000.0,6965959000.0,364637000.0,364637000.0,364637000.0
HanesBrands Inc,HBI,GX5LWVWZLL5S4W1L2F20,1359841,2019.0,Q2,2019-03-31,2019-06-29,2019-08-02 09:14:46+00:00,0.42,0.42,0.15,0.42,25274000.0,153972000.0,153972000.0,,153972000.0,1086248000.0,1760927000.0,-8249000.0,,,440662000.0,1086248000.0,674679000.0,46522000.0,440662000.0,234017000.0,-54771000.0,179246000.0,1760927000.0,364637000.0,364637000.0,364637000.0
HanesBrands Inc,HBI,GX5LWVWZLL5S4W1L2F20,1359841,2019.0,Q1,2018-12-30,2019-03-30,2020-04-30 06:37:35+00:00,0.22,0.22,0.15,0.22,13046000.0,81088000.0,81088000.0,,81088000.0,967993000.0,1588024000.0,-7451000.0,,,470387000.0,967993000.0,620031000.0,48059000.0,470387000.0,149644000.0,-55510000.0,94134000.0,1588024000.0,364570000.0,364570000.0,364570000.0
HanesBrands Inc,HBI,GX5LWVWZLL5S4W1L2F20,1359841,2019.0,Q1TTM,2018-04-01,2019-03-30,,1.48,1.48,0.15,1.48,101836000.0,541345000.0,541345000.0,,541345000.0,4226146000.0,6920475000.0,-28085000.0,,,1826092000.0,4226146000.0,2694329000.0,196971000.0,1826092000.0,868237000.0,-225056000.0,643181000.0,6920475000.0,364570000.0,364570000.0,364570000.0
HanesBrands Inc,HBI,GX5LWVWZLL5S4W1L2F20,1359841,2020.0,Q1TTM,2019-03-31,2020-03-28,,1.41,1.41,0.15,1.4,64626000.0,511758000.0,511758000.0,,511758000.0,4122330000.0,6695361000.0,-30463000.0,,,1798815000.0,4122330000.0,2573031000.0,167369000.0,1798815000.0,774216000.0,-197832000.0,576384000.0,6695361000.0,393700000.0,393700000.0,393700000.0
HanesBrands Inc,HBI,GX5LWVWZLL5S4W1L2F20,1359841,2020.0,Q1,2019-12-29,2020-03-28,2020-04-30 06:37:35+00:00,-0.02,-0.02,0.15,-0.02,-1335000.0,-7874000.0,-7874000.0,,-7874000.0,842730000.0,1316462000.0,-6490000.0,,,439602000.0,842730000.0,473732000.0,36849000.0,439602000.0,34130000.0,-43339000.0,-9209000.0,1316462000.0,393700000.0,393700000.0,393700000.0
