company_name,company_ticker,company_lei,company_cik,year,quarter,start_date,end_date,filing_date,basicdilutedeps,basiceps,cashdividendspershare,depreciationexpense,dilutedeps,impairmentexpense,incometaxexpense,netincome,netincomecontinuing,netincomediscontinued,netincometocommon,netincometononcontrollinginterest,operatingcostofrevenue,operatingrevenue,otherincome,otheroperatingexpenses,restructuringcharge,sgaexpense,totalcostofrevenue,totalgrossprofit,totalinterestexpense,totalinterestincome,totaloperatingexpenses,totaloperatingincome,totalotherincome,totalpretaxincome,totalrevenue,weightedavebasicdilutedsharesos,weightedavebasicsharesos,weightedavedilutedsharesos
SBA Communications Corp,SBAC,,1034054,2008.0,FY,2008-01-01,2008-12-31,2011-02-25 14:36:10+00:00,-0.61,-0.61,,211445000.0,-0.61,921000.0,1037000.0,-67164000.0,-67164000.0,,-67164000.0,,168165000.0,474954000.0,-57533000.0,,120000.0,48721000.0,168165000.0,306789000.0,61059000.0,6883000.0,261207000.0,45582000.0,-111709000.0,-66127000.0,474954000.0,109882000.0,110100000.0,110100000.0
SBA Communications Corp,SBAC,,1034054,2009.0,FY,2009-01-01,2009-12-31,2012-02-27 14:52:12+00:00,-1.2,-1.2,,258537000.0,-1.2,3884000.0,492000.0,-141119000.0,-141119000.0,,-140871000.0,-248000.0,180543000.0,555513000.0,-10293000.0,,4810000.0,52785000.0,180543000.0,374970000.0,186411000.0,1123000.0,320016000.0,54954000.0,-195581000.0,-140627000.0,555513000.0,117165000.0,117400000.0,117400000.0
SBA Communications Corp,SBAC,,1034054,2009.0,Q3,2009-07-01,2009-09-30,2010-11-04 06:06:37+00:00,-0.43,-0.43,,64946000.0,-0.43,,18000.0,-50189000.0,-50189000.0,,-50109000.0,-80000.0,45288000.0,139289000.0,-16518000.0,,899000.0,13204000.0,45288000.0,94001000.0,48939000.0,334000.0,79049000.0,14952000.0,-65123000.0,-50171000.0,139289000.0,116686000.0,116500000.0,116500000.0
SBA Communications Corp,SBAC,,1034054,2009.0,Q2,2009-04-01,2009-06-30,2010-08-04 12:57:46+00:00,-0.25,-0.25,,64251000.0,-0.25,,229000.0,-29428000.0,-29428000.0,,-29360000.0,-68000.0,43872000.0,136195000.0,-15397000.0,,1310000.0,13164000.0,43872000.0,92323000.0,27694000.0,294000.0,78725000.0,13598000.0,-42797000.0,-29199000.0,136195000.0,117079000.0,117400000.0,117400000.0
SBA Communications Corp,SBAC,,1034054,2010.0,Q4,2010-10-01,2010-12-31,,-0.34,-0.34,,72723000.0,-0.34,5862000.0,195000.0,-38581000.0,-38581000.0,,-39161000.0,580000.0,51811000.0,165497000.0,12587000.0,,3417000.0,14989000.0,51811000.0,113686000.0,67731000.0,63000.0,96991000.0,16695000.0,-55081000.0,-38386000.0,165497000.0,115591000.0,115900000.0,115900000.0
SBA Communications Corp,SBAC,,1034054,2010.0,FY,2010-01-01,2010-12-31,2013-02-27 16:24:41+00:00,-1.68,-1.68,,278727000.0,-1.68,5862000.0,1005000.0,-194421000.0,-194421000.0,,-194674000.0,253000.0,199442000.0,626619000.0,-9070000.0,,10106000.0,58209000.0,199442000.0,427177000.0,259051000.0,432000.0,352904000.0,74273000.0,-267689000.0,-193416000.0,626619000.0,115591000.0,115900000.0,115900000.0
SBA Communications Corp,SBAC,,1034054,2010.0,Q3YTD,2010-01-01,2010-09-30,,-1.34,-1.34,,206004000.0,-1.34,,810000.0,-155840000.0,-155840000.0,,-155513000.0,-327000.0,147631000.0,461122000.0,-21657000.0,,6689000.0,43220000.0,147631000.0,313491000.0,191320000.0,369000.0,255913000.0,57578000.0,-212608000.0,-155030000.0,461122000.0,114748000.0,115000000.0,115000000.0
SBA Communications Corp,SBAC,,1034054,2010.0,Q3,2010-07-01,2010-09-30,2011-11-04 10:39:53+00:00,-0.3,-0.3,,69727000.0,-0.3,,719000.0,-34575000.0,-34575000.0,,-34488000.0,-87000.0,50601000.0,158642000.0,-1969000.0,,3229000.0,14417000.0,50601000.0,108041000.0,52667000.0,112000.0,87373000.0,20668000.0,-54524000.0,-33856000.0,158642000.0,114748000.0,115000000.0,115000000.0
SBA Communications Corp,SBAC,,1034054,2010.0,Q2YTD,2010-01-01,2010-06-30,,-1.04,-1.04,,136277000.0,-1.04,,91000.0,-121265000.0,-121265000.0,,-121025000.0,-240000.0,97030000.0,302480000.0,-19688000.0,,3460000.0,28803000.0,97030000.0,205450000.0,138653000.0,257000.0,168540000.0,36910000.0,-158084000.0,-121174000.0,302480000.0,115666000.0,116200000.0,116200000.0
SBA Communications Corp,SBAC,,1034054,2010.0,Q2,2010-04-01,2010-06-30,2011-08-05 12:36:07+00:00,-0.72,-0.72,,68831000.0,-0.72,,-18000.0,-83854000.0,-83854000.0,,-83699000.0,-155000.0,49958000.0,154515000.0,-2648000.0,,1405000.0,14297000.0,49958000.0,104557000.0,101423000.0,175000.0,84533000.0,20024000.0,-103896000.0,-83872000.0,154515000.0,115666000.0,116200000.0,116200000.0
SBA Communications Corp,SBAC,,1034054,2010.0,Q1,2010-01-01,2010-03-31,2011-05-06 12:56:00+00:00,-0.32,-0.32,,67446000.0,-0.32,,109000.0,-37411000.0,-37411000.0,,-37326000.0,-85000.0,47072000.0,147965000.0,-17040000.0,,2055000.0,14506000.0,47072000.0,100893000.0,37230000.0,82000.0,84007000.0,16886000.0,-54188000.0,-37302000.0,147965000.0,117118000.0,116600000.0,116600000.0
SBA Communications Corp,SBAC,,1034054,2011.0,Q4,2011-10-01,2011-12-31,,-0.27,-0.27,,79441000.0,-0.27,4070000.0,329000.0,-29169000.0,-29169000.0,,-29081000.0,-88000.0,50263000.0,183819000.0,-2045000.0,,2268000.0,15797000.0,50263000.0,133556000.0,-102082000.0,-160857000.0,101576000.0,31980000.0,-60820000.0,-28840000.0,183819000.0,111595000.0,110900000.0,110900000.0
SBA Communications Corp,SBAC,,1034054,2011.0,FY,2011-01-01,2011-12-31,2014-02-26 19:14:09+00:00,-1.14,-1.14,,309146000.0,-1.14,5472000.0,2113000.0,-126892000.0,-126892000.0,,-126456000.0,-436000.0,202921000.0,698170000.0,-9353000.0,,7144000.0,62828000.0,202921000.0,495249000.0,65325000.0,-160760000.0,384590000.0,110659000.0,-235438000.0,-124779000.0,698170000.0,111595000.0,110900000.0,110900000.0
SBA Communications Corp,SBAC,,1034054,2011.0,Q3YTD,2011-01-01,2011-09-30,,-0.87,-0.87,,229705000.0,-0.87,1402000.0,1784000.0,-97723000.0,-97723000.0,,-97375000.0,-348000.0,152658000.0,514351000.0,-7308000.0,,4876000.0,47031000.0,152658000.0,361693000.0,167407000.0,97000.0,283014000.0,78679000.0,-174618000.0,-95939000.0,514351000.0,110232000.0,111000000.0,111000000.0
SBA Communications Corp,SBAC,,1034054,2011.0,Q3TTM,2010-10-01,2011-09-30,,-1.21,-1.21,,302428000.0,-1.21,7264000.0,1979000.0,-136304000.0,-136304000.0,,-136536000.0,232000.0,204469000.0,679848000.0,5279000.0,,8293000.0,62020000.0,204469000.0,475379000.0,235138000.0,160000.0,380005000.0,95374000.0,-229699000.0,-134325000.0,679848000.0,110232000.0,111000000.0,111000000.0
SBA Communications Corp,SBAC,,1034054,2011.0,Q3,2011-07-01,2011-09-30,2012-11-08 16:18:00+00:00,-0.3,-0.3,,78136000.0,-0.3,1106000.0,391000.0,-33437000.0,-33437000.0,,-33305000.0,-132000.0,51847000.0,175549000.0,-2259000.0,,1474000.0,15415000.0,51847000.0,123702000.0,58396000.0,38000.0,96131000.0,27571000.0,-60617000.0,-33046000.0,175549000.0,110232000.0,111000000.0,111000000.0
SBA Communications Corp,SBAC,,1034054,2011.0,Q2YTD,2011-01-01,2011-06-30,,-0.57,-0.57,,151569000.0,-0.57,296000.0,1393000.0,-64286000.0,-64286000.0,,-64070000.0,-216000.0,100811000.0,338802000.0,-5049000.0,,3402000.0,31616000.0,100811000.0,237991000.0,109011000.0,59000.0,186883000.0,51108000.0,-114001000.0,-62893000.0,338802000.0,112324000.0,110400000.0,110400000.0
SBA Communications Corp,SBAC,,1034054,2011.0,Q2TTM,2010-07-01,2011-06-30,,-1.21,-1.21,,294019000.0,-1.21,6158000.0,2307000.0,-137442000.0,-137442000.0,,-137719000.0,277000.0,203223000.0,662941000.0,5569000.0,,10048000.0,61022000.0,203223000.0,459718000.0,229409000.0,234000.0,371247000.0,88471000.0,-223606000.0,-135135000.0,662941000.0,112324000.0,110400000.0,110400000.0
SBA Communications Corp,SBAC,,1034054,2011.0,Q2,2011-04-01,2011-06-30,2012-08-07 07:03:08+00:00,-0.27,-0.27,,76691000.0,-0.27,296000.0,702000.0,-29910000.0,-29910000.0,,-29819000.0,-91000.0,50107000.0,171053000.0,-2305000.0,,1029000.0,15721000.0,50107000.0,120946000.0,54141000.0,29000.0,93737000.0,27209000.0,-56417000.0,-29208000.0,171053000.0,112324000.0,110400000.0,110400000.0
SBA Communications Corp,SBAC,,1034054,2011.0,Q1TTM,2010-04-01,2011-03-31,,-1.66,-1.66,,286159000.0,-1.66,5862000.0,1587000.0,-191386000.0,-191386000.0,,-191599000.0,213000.0,203074000.0,646403000.0,5226000.0,,10424000.0,59598000.0,203074000.0,443329000.0,276691000.0,380000.0,362043000.0,81286000.0,-271085000.0,-189799000.0,646403000.0,114416000.0,114200000.0,114200000.0
SBA Communications Corp,SBAC,,1034054,2011.0,Q1,2011-01-01,2011-03-31,2012-05-07 14:40:57+00:00,-0.3,-0.3,,74878000.0,-0.3,,691000.0,-34376000.0,-34376000.0,,-34251000.0,-125000.0,50704000.0,167749000.0,-2744000.0,,2373000.0,15895000.0,50704000.0,117045000.0,54870000.0,30000.0,93146000.0,23899000.0,-57584000.0,-33685000.0,167749000.0,114416000.0,114200000.0,114200000.0
SBA Communications Corp,SBAC,,1034054,2012.0,Q4,2012-10-01,2012-12-31,,-0.87,-0.87,,131357000.0,-0.87,3828000.0,1785000.0,-52586000.0,-52533000.0,-53000.0,-52489000.0,-97000.0,89426000.0,293841000.0,-3156000.0,,18558000.0,19624000.0,89426000.0,204415000.0,-66314000.0,-144954000.0,173367000.0,31048000.0,-81796000.0,-50748000.0,293841000.0,120280000.0,119900000.0,119900000.0
SBA Communications Corp,SBAC,,1034054,2012.0,FY,2012-01-01,2012-12-31,2015-03-02 14:09:56+00:00,-1.51,-1.51,,408467000.0,-1.51,6383000.0,6594000.0,-181390000.0,-183686000.0,2296000.0,-181037000.0,-353000.0,279507000.0,954084000.0,-7216000.0,,40433000.0,72148000.0,279507000.0,674577000.0,121909000.0,-195113000.0,527431000.0,147146000.0,-324238000.0,-177092000.0,954084000.0,120280000.0,119900000.0,119900000.0
SBA Communications Corp,SBAC,,1034054,2012.0,Q3YTD,2012-01-01,2012-09-30,,-0.64,-0.64,,277110000.0,-0.64,2555000.0,4809000.0,-128804000.0,-131153000.0,2349000.0,-128548000.0,-256000.0,190081000.0,660243000.0,-4060000.0,,21875000.0,52524000.0,190081000.0,470162000.0,188223000.0,-50159000.0,354064000.0,116098000.0,-242442000.0,-126344000.0,660243000.0,,121689000.0,121689000.0
SBA Communications Corp,SBAC,,1034054,2012.0,Q3TTM,2011-10-01,2012-09-30,,-0.91,-0.91,,356551000.0,-0.91,6625000.0,5138000.0,-157973000.0,-160322000.0,2349000.0,-157629000.0,-344000.0,240344000.0,844062000.0,-6105000.0,,24143000.0,68321000.0,240344000.0,603718000.0,86141000.0,-211016000.0,455640000.0,148078000.0,-303262000.0,-155184000.0,844062000.0,,121689000.0,121689000.0
SBA Communications Corp,SBAC,,1034054,2012.0,Q3,2012-07-01,2012-09-30,2013-11-07 11:27:07+00:00,,,,101012000.0,,1560000.0,1029000.0,-52699000.0,-53668000.0,969000.0,-52445000.0,-254000.0,71683000.0,238606000.0,-2950000.0,,5715000.0,17565000.0,71683000.0,166923000.0,40517000.0,-50243000.0,125852000.0,41071000.0,-93710000.0,-52639000.0,238606000.0,,121689000.0,121689000.0
SBA Communications Corp,SBAC,,1034054,2012.0,Q2YTD,2012-01-01,2012-06-30,,-0.64,-0.64,,176098000.0,-0.64,995000.0,3780000.0,-76105000.0,-77485000.0,1380000.0,-76103000.0,-2000.0,118398000.0,421637000.0,-1110000.0,,16160000.0,34959000.0,118398000.0,303239000.0,147706000.0,84000.0,228212000.0,75027000.0,-148732000.0,-73705000.0,421637000.0,121318000.0,121500000.0,121500000.0
SBA Communications Corp,SBAC,,1034054,2012.0,Q2TTM,2011-07-01,2012-06-30,,-1.21,-1.21,,333675000.0,-1.21,6171000.0,4500000.0,-138711000.0,-140091000.0,1380000.0,-138489000.0,-222000.0,220508000.0,781005000.0,-5414000.0,,19902000.0,66171000.0,220508000.0,560497000.0,104020000.0,-160735000.0,425919000.0,134578000.0,-270169000.0,-135591000.0,781005000.0,121318000.0,121500000.0,121500000.0
SBA Communications Corp,SBAC,,1034054,2012.0,Q2,2012-04-01,2012-06-30,2013-08-06 11:36:34+00:00,-0.44,-0.44,,93998000.0,-0.44,646000.0,2453000.0,-53454000.0,-54834000.0,1380000.0,-53472000.0,18000.0,66205000.0,229147000.0,1311000.0,,15816000.0,17744000.0,66205000.0,162942000.0,88467000.0,37000.0,128204000.0,34738000.0,-87119000.0,-52381000.0,229147000.0,121318000.0,121500000.0,121500000.0
SBA Communications Corp,SBAC,,1034054,2012.0,Q1TTM,2011-04-01,2012-03-31,,-1.04,-1.04,,316368000.0,-1.04,5821000.0,2749000.0,-115167000.0,-115167000.0,,-114836000.0,-331000.0,204410000.0,722911000.0,-9030000.0,,5115000.0,64148000.0,204410000.0,518501000.0,69694000.0,-160743000.0,391452000.0,127049000.0,-239467000.0,-112418000.0,722911000.0,111431000.0,113200000.0,113200000.0
SBA Communications Corp,SBAC,,1034054,2012.0,Q1,2012-01-01,2012-03-31,2013-05-10 07:01:07+00:00,-0.2,-0.2,,82100000.0,-0.2,349000.0,1327000.0,-22651000.0,-22651000.0,,-22631000.0,-20000.0,52193000.0,192490000.0,-2421000.0,,344000.0,17215000.0,52193000.0,140297000.0,59239000.0,47000.0,100008000.0,40289000.0,-61613000.0,-21324000.0,192490000.0,111431000.0,113200000.0,113200000.0
SBA Communications Corp,SBAC,,1034054,2013.0,FY,2013-01-01,2013-12-31,2016-02-26 12:05:00+00:00,-0.44,-0.44,,533334000.0,-0.44,28960000.0,-1309000.0,-55909000.0,-55909000.0,,-55909000.0,,408253000.0,1304866000.0,15578000.0,19198000.0,,85476000.0,408253000.0,896613000.0,55184000.0,-247257000.0,666968000.0,229645000.0,-286863000.0,-57218000.0,1304866000.0,127769000.0,127100000.0,127100000.0
SBA Communications Corp,SBAC,,1034054,2013.0,Q4,2013-10-01,2013-12-31,,-0.15,-0.15,,133328000.0,-0.14,12555000.0,-2750000.0,-19165000.0,-19165000.0,,-19165000.0,,100538000.0,335396000.0,-7788000.0,19198000.0,-11378000.0,21711000.0,100538000.0,234858000.0,10271000.0,-63300000.0,175414000.0,59444000.0,-81359000.0,-21915000.0,335396000.0,127769000.0,127100000.0,127100000.0
SBA Communications Corp,SBAC,,1034054,2013.0,Q3,2013-07-01,2013-09-30,2014-11-06 19:25:37+00:00,0.17,0.17,,133281000.0,0.16,6190000.0,207000.0,21531000.0,21531000.0,,21531000.0,,103295000.0,332094000.0,30194000.0,,3599000.0,21827000.0,103295000.0,228799000.0,9645000.0,-62713000.0,164897000.0,63902000.0,-42164000.0,21738000.0,332094000.0,126700000.0,127885000.0,136912000.0
SBA Communications Corp,SBAC,,1034054,2013.0,Q3YTD,2013-01-01,2013-09-30,,-0.29,-0.29,,400006000.0,-0.3,16405000.0,1441000.0,-36744000.0,-36744000.0,,-36744000.0,,307715000.0,969470000.0,23366000.0,,11378000.0,63765000.0,307715000.0,661755000.0,44913000.0,-183957000.0,491554000.0,170201000.0,-205504000.0,-35303000.0,969470000.0,126700000.0,127885000.0,136912000.0
SBA Communications Corp,SBAC,,1034054,2013.0,Q3TTM,2012-10-01,2013-09-30,,-1.16,-1.16,,531363000.0,-1.17,20233000.0,3226000.0,-89330000.0,-89277000.0,-53000.0,-89233000.0,-97000.0,397141000.0,1263311000.0,20210000.0,,29936000.0,83389000.0,397141000.0,866170000.0,-21401000.0,-328911000.0,664921000.0,201249000.0,-287300000.0,-86051000.0,1263311000.0,126700000.0,127885000.0,136912000.0
SBA Communications Corp,SBAC,,1034054,2013.0,Q2,2013-04-01,2013-06-30,2014-08-05 17:16:24+00:00,-0.28,-0.28,,141089000.0,-0.28,6493000.0,1875000.0,-35899000.0,-35899000.0,,-35899000.0,,103725000.0,324305000.0,-3376000.0,,1957000.0,21507000.0,103725000.0,220580000.0,17762000.0,-62420000.0,171046000.0,49534000.0,-83558000.0,-34024000.0,324305000.0,127713000.0,128200000.0,128200000.0
SBA Communications Corp,SBAC,,1034054,2013.0,Q2YTD,2013-01-01,2013-06-30,,-0.46,-0.46,,266725000.0,-0.46,10215000.0,1234000.0,-58275000.0,-58275000.0,,-58275000.0,,204420000.0,637376000.0,-6828000.0,,7779000.0,41938000.0,204420000.0,432956000.0,35268000.0,-121244000.0,326657000.0,106299000.0,-163340000.0,-57041000.0,637376000.0,127713000.0,128200000.0,128200000.0
SBA Communications Corp,SBAC,,1034054,2013.0,Q2TTM,2012-07-01,2013-06-30,,-1.33,-1.33,,499094000.0,-1.33,15603000.0,4048000.0,-163560000.0,-164476000.0,916000.0,-163209000.0,-351000.0,365529000.0,1169823000.0,-12934000.0,,32052000.0,79127000.0,365529000.0,804294000.0,9471000.0,-316441000.0,625876000.0,178418000.0,-338846000.0,-160428000.0,1169823000.0,127713000.0,128200000.0,128200000.0
SBA Communications Corp,SBAC,,1034054,2013.0,Q1TTM,2012-04-01,2013-03-31,,-1.49,-1.49,,452003000.0,-1.49,9756000.0,4626000.0,-181115000.0,-183411000.0,2296000.0,-180782000.0,-333000.0,328009000.0,1074665000.0,-8247000.0,,45911000.0,75364000.0,328009000.0,746656000.0,80176000.0,-253984000.0,583034000.0,163622000.0,-342407000.0,-178785000.0,1074665000.0,124300000.0,127057000.0,127057000.0
SBA Communications Corp,SBAC,,1034054,2013.0,Q1,2013-01-01,2013-03-31,2014-05-08 21:56:02+00:00,-0.18,-0.18,,125636000.0,-0.18,3722000.0,-641000.0,-22376000.0,-22376000.0,,-22376000.0,,100695000.0,313071000.0,-3452000.0,,5822000.0,20431000.0,100695000.0,212376000.0,17506000.0,-58824000.0,155611000.0,56765000.0,-79782000.0,-23017000.0,313071000.0,124300000.0,127057000.0,127057000.0
SBA Communications Corp,SBAC,,1034054,2014.0,FY,2014-01-01,2014-12-31,2017-03-01 14:05:19+00:00,-0.19,-0.19,,627072000.0,-0.19,23801000.0,8635000.0,-24295000.0,-24295000.0,,-24295000.0,,428485000.0,1526996000.0,-6944000.0,7798000.0,,103317000.0,428485000.0,1098511000.0,53316000.0,-291923000.0,761988000.0,336523000.0,-352183000.0,-15660000.0,1526996000.0,127900000.0,128919000.0,128919000.0
SBA Communications Corp,SBAC,,1034054,2014.0,Q4,2014-10-01,2014-12-31,,,,,162215000.0,,10247000.0,3924000.0,389000.0,389000.0,,389000.0,,112004000.0,404733000.0,-14215000.0,5631000.0,-8561000.0,26611000.0,112004000.0,292729000.0,1403000.0,-76655000.0,196143000.0,96586000.0,-92273000.0,4313000.0,404733000.0,127900000.0,128919000.0,128919000.0
SBA Communications Corp,SBAC,,1034054,2014.0,Q3,2014-07-01,2014-09-30,2015-11-09 15:27:28+00:00,-0.13,-0.13,,159410000.0,-0.13,5992000.0,982000.0,-16624000.0,-16624000.0,,-16624000.0,,111876000.0,393293000.0,-3988000.0,-58000.0,,26589000.0,111876000.0,281417000.0,23129000.0,-78009000.0,191933000.0,89484000.0,-105126000.0,-15642000.0,393293000.0,129046000.0,127900000.0,127900000.0
SBA Communications Corp,SBAC,,1034054,2014.0,Q3YTD,2014-01-01,2014-09-30,,-0.19,-0.19,,464857000.0,-0.19,13554000.0,4711000.0,-24684000.0,-24684000.0,,-24684000.0,,316481000.0,1122263000.0,7271000.0,2167000.0,8561000.0,76706000.0,316481000.0,805782000.0,51913000.0,-215268000.0,565845000.0,239937000.0,-259910000.0,-19973000.0,1122263000.0,129046000.0,127900000.0,127900000.0
SBA Communications Corp,SBAC,,1034054,2014.0,Q3TTM,2013-10-01,2014-09-30,,-0.34,-0.34,,598185000.0,-0.33,26109000.0,1961000.0,-43849000.0,-43849000.0,,-43849000.0,,417019000.0,1457659000.0,-517000.0,21365000.0,-2817000.0,98417000.0,417019000.0,1040640000.0,62184000.0,-278568000.0,741259000.0,299381000.0,-341269000.0,-41888000.0,1457659000.0,129046000.0,127900000.0,127900000.0
SBA Communications Corp,SBAC,,1034054,2014.0,Q2YTD,2014-01-01,2014-06-30,,-0.06,-0.06,,305447000.0,-0.06,7562000.0,3729000.0,-8060000.0,-8060000.0,,-8060000.0,,204605000.0,728970000.0,11259000.0,2225000.0,8561000.0,50117000.0,204605000.0,524365000.0,28784000.0,-137259000.0,373912000.0,150453000.0,-154784000.0,-4331000.0,728970000.0,135200000.0,128950000.0,128950000.0
SBA Communications Corp,SBAC,,1034054,2014.0,Q2TTM,2013-07-01,2014-06-30,,-0.04,-0.04,,572056000.0,-0.04,26307000.0,1186000.0,-5694000.0,-5694000.0,,-5694000.0,,408438000.0,1396460000.0,33665000.0,21423000.0,782000.0,93655000.0,408438000.0,988022000.0,48700000.0,-263272000.0,714223000.0,273799000.0,-278307000.0,-4508000.0,1396460000.0,135200000.0,128950000.0,128950000.0
SBA Communications Corp,SBAC,,1034054,2014.0,Q2,2014-04-01,2014-06-30,2015-08-06 12:28:43+00:00,-0.07,-0.07,,161005000.0,-0.07,3994000.0,2043000.0,-9467000.0,-9467000.0,,-9467000.0,,107438000.0,383420000.0,-2894000.0,2225000.0,,25441000.0,107438000.0,275982000.0,16529000.0,-71318000.0,192665000.0,83317000.0,-90741000.0,-7424000.0,383420000.0,135200000.0,128950000.0,128950000.0
SBA Communications Corp,SBAC,,1034054,2014.0,Q1TTM,2013-04-01,2014-03-31,,-0.25,-0.25,,552140000.0,-0.25,28806000.0,1018000.0,-32126000.0,-32126000.0,,-32126000.0,,404725000.0,1337345000.0,33183000.0,19198000.0,2739000.0,89721000.0,404725000.0,932620000.0,49933000.0,-254374000.0,692604000.0,240016000.0,-271124000.0,-31108000.0,1337345000.0,140700000.0,128560000.0,138356000.0
SBA Communications Corp,SBAC,,1034054,2014.0,Q1,2014-01-01,2014-03-31,2015-05-08 15:47:01+00:00,0.01,0.01,,144442000.0,0.01,3568000.0,1686000.0,1407000.0,1407000.0,,1407000.0,,97167000.0,345550000.0,14153000.0,,8561000.0,24676000.0,97167000.0,248383000.0,12255000.0,-65941000.0,181247000.0,67136000.0,-64043000.0,3093000.0,345550000.0,140700000.0,128560000.0,138356000.0
SBA Communications Corp,SBAC,,1034054,2015.0,FY,2015-01-01,2015-12-31,2018-03-01 12:56:25+00:00,-1.37,-1.37,,660021000.0,-1.37,94783000.0,9061000.0,-175656000.0,-175656000.0,,-175656000.0,,444399000.0,1638474000.0,-158291000.0,11864000.0,,114951000.0,444399000.0,1194075000.0,2288000.0,-318472000.0,881619000.0,312456000.0,-479051000.0,-166595000.0,1638474000.0,128200000.0,127794000.0,127794000.0
SBA Communications Corp,SBAC,,1034054,2015.0,Q4,2015-10-01,2015-12-31,,0.25,0.25,,161461000.0,0.25,20598000.0,1948000.0,31015000.0,31015000.0,,31015000.0,,109444000.0,406941000.0,34393000.0,4381000.0,,28933000.0,109444000.0,297497000.0,1237000.0,-82317000.0,215373000.0,82124000.0,-49161000.0,32963000.0,406941000.0,128200000.0,127794000.0,127794000.0
SBA Communications Corp,SBAC,,1034054,2015.0,Q3,2015-07-01,2015-09-30,2016-11-09 14:39:26+00:00,-1.23,-1.23,,164330000.0,-1.23,63353000.0,1926000.0,-155946000.0,-155946000.0,,-155946000.0,,111733000.0,410735000.0,-116053000.0,364000.0,,27872000.0,111733000.0,299002000.0,449000.0,-80601000.0,255919000.0,43083000.0,-197103000.0,-154020000.0,410735000.0,126800000.0,127170000.0,127170000.0
SBA Communications Corp,SBAC,,1034054,2015.0,Q3YTD,2015-01-01,2015-09-30,,-1.62,-1.62,,498560000.0,-1.62,74185000.0,7113000.0,-206671000.0,-206671000.0,,-206671000.0,,334955000.0,1231533000.0,-192684000.0,7483000.0,,86018000.0,334955000.0,896578000.0,1051000.0,-236155000.0,666246000.0,230332000.0,-429890000.0,-199558000.0,1231533000.0,126800000.0,127170000.0,127170000.0
SBA Communications Corp,SBAC,,1034054,2015.0,Q3TTM,2014-10-01,2015-09-30,,-1.62,-1.62,,660775000.0,-1.62,84432000.0,11037000.0,-206282000.0,-206282000.0,,-206282000.0,,446959000.0,1636266000.0,-206899000.0,13114000.0,-8561000.0,112629000.0,446959000.0,1189307000.0,2454000.0,-312810000.0,862389000.0,326918000.0,-522163000.0,-195245000.0,1636266000.0,126800000.0,127170000.0,127170000.0
SBA Communications Corp,SBAC,,1034054,2015.0,Q2,2015-04-01,2015-06-30,2016-08-09 12:52:20+00:00,0.22,0.22,,162377000.0,0.22,4010000.0,2224000.0,28305000.0,28305000.0,,28305000.0,,112112000.0,410704000.0,10881000.0,5780000.0,,28262000.0,112112000.0,298592000.0,322000.0,-78193000.0,200429000.0,98163000.0,-67634000.0,30529000.0,410704000.0,128700000.0,128809000.0,129948000.0
SBA Communications Corp,SBAC,,1034054,2015.0,Q2YTD,2015-01-01,2015-06-30,,-0.39,-0.39,,334230000.0,-0.39,10832000.0,5187000.0,-50725000.0,-50725000.0,,-50725000.0,,223222000.0,820798000.0,-76631000.0,7119000.0,,58146000.0,223222000.0,597576000.0,602000.0,-155554000.0,410327000.0,187249000.0,-232787000.0,-45538000.0,820798000.0,128700000.0,128809000.0,129948000.0
SBA Communications Corp,SBAC,,1034054,2015.0,Q2TTM,2014-07-01,2015-06-30,,-0.52,-0.52,,655855000.0,-0.52,27071000.0,10093000.0,-66960000.0,-66960000.0,,-66960000.0,,447102000.0,1618824000.0,-94834000.0,12692000.0,-8561000.0,111346000.0,447102000.0,1171722000.0,25134000.0,-310218000.0,798403000.0,373319000.0,-430186000.0,-56867000.0,1618824000.0,128700000.0,128809000.0,129948000.0
SBA Communications Corp,SBAC,,1034054,2015.0,Q1,2015-01-01,2015-03-31,2016-05-10 13:57:38+00:00,-0.61,-0.61,,171853000.0,-0.61,6822000.0,2963000.0,-79030000.0,-79030000.0,,-79030000.0,,111110000.0,410094000.0,-87512000.0,1339000.0,,29884000.0,111110000.0,298984000.0,280000.0,-77361000.0,209898000.0,89086000.0,-165153000.0,-76067000.0,410094000.0,129600000.0,129235000.0,129235000.0
SBA Communications Corp,SBAC,,1034054,2015.0,Q1TTM,2014-04-01,2015-03-31,,-0.81,-0.81,,654483000.0,-0.81,27055000.0,9912000.0,-104732000.0,-104732000.0,,-104732000.0,,442428000.0,1591540000.0,-108609000.0,9137000.0,-8561000.0,108525000.0,442428000.0,1149112000.0,41341000.0,-303343000.0,790639000.0,358473000.0,-453293000.0,-94820000.0,1591540000.0,129600000.0,129235000.0,129235000.0
SBA Communications Corp,SBAC,,1034054,2016.0,FY,2016-01-01,2016-12-31,2019-02-28 16:54:16+00:00,0.61,0.61,,638189000.0,0.61,30242000.0,11065000.0,76238000.0,76238000.0,,76238000.0,,420897000.0,1633125000.0,20441000.0,13140000.0,,143349000.0,420897000.0,1212228000.0,2203000.0,-318243000.0,824920000.0,387308000.0,-300005000.0,87303000.0,1633125000.0,125000000.0,124448000.0,125144000.0
SBA Communications Corp,SBAC,,1034054,2016.0,Q4,2016-10-01,2016-12-31,,0.04,0.04,,158554000.0,0.04,7063000.0,5285000.0,5258000.0,5258000.0,,5258000.0,,106267000.0,416505000.0,-55661000.0,4167000.0,,33024000.0,106267000.0,310238000.0,-33809000.0,-75035000.0,202808000.0,107430000.0,-96887000.0,10543000.0,416505000.0,125000000.0,124448000.0,125144000.0
SBA Communications Corp,SBAC,,1034054,2016.0,Q3,2016-07-01,2016-09-30,2017-11-07 13:11:44+00:00,-0.12,-0.12,,160111000.0,-0.12,2305000.0,1574000.0,-15370000.0,-15370000.0,,-15370000.0,,105468000.0,411319000.0,-6584000.0,2970000.0,,32255000.0,105468000.0,305851000.0,35097000.0,-80325000.0,197641000.0,108210000.0,-122006000.0,-13796000.0,411319000.0,128100000.0,124604000.0,124604000.0
SBA Communications Corp,SBAC,,1034054,2016.0,Q3YTD,2016-01-01,2016-09-30,,0.57,0.57,,479635000.0,0.57,23179000.0,5780000.0,70980000.0,70980000.0,,70980000.0,,314630000.0,1216620000.0,76102000.0,8973000.0,,110325000.0,314630000.0,901990000.0,36012000.0,-243208000.0,622112000.0,279878000.0,-203118000.0,76760000.0,1216620000.0,128100000.0,124604000.0,124604000.0
SBA Communications Corp,SBAC,,1034054,2016.0,Q3TTM,2015-10-01,2016-09-30,,0.82,0.82,,641096000.0,0.82,43777000.0,7728000.0,101995000.0,101995000.0,,101995000.0,,424074000.0,1623561000.0,110495000.0,13354000.0,,139258000.0,424074000.0,1199487000.0,37249000.0,-325525000.0,837485000.0,362002000.0,-252279000.0,109723000.0,1623561000.0,128100000.0,124604000.0,124604000.0
SBA Communications Corp,SBAC,,1034054,2016.0,Q2,2016-04-01,2016-06-30,2017-08-04 12:02:53+00:00,0.26,0.26,,159723000.0,0.26,14691000.0,2001000.0,32711000.0,32711000.0,,32711000.0,,106567000.0,405532000.0,42051000.0,2821000.0,,47664000.0,106567000.0,298965000.0,460000.0,-80945000.0,224899000.0,74066000.0,-39354000.0,34712000.0,405532000.0,125800000.0,125125000.0,125783000.0
SBA Communications Corp,SBAC,,1034054,2016.0,Q2YTD,2016-01-01,2016-06-30,,0.69,0.69,,319524000.0,0.69,20874000.0,4206000.0,86350000.0,86350000.0,,86350000.0,,209162000.0,805301000.0,82686000.0,6003000.0,,78070000.0,209162000.0,596139000.0,915000.0,-162883000.0,424471000.0,171668000.0,-81112000.0,90556000.0,805301000.0,125800000.0,125125000.0,125783000.0
SBA Communications Corp,SBAC,,1034054,2016.0,Q2TTM,2015-07-01,2016-06-30,,-0.29,-0.29,,645315000.0,-0.29,104825000.0,8080000.0,-38581000.0,-38581000.0,,-38581000.0,,430339000.0,1622977000.0,1026000.0,10748000.0,,134875000.0,430339000.0,1192638000.0,2601000.0,-325801000.0,895763000.0,296875000.0,-327376000.0,-30501000.0,1622977000.0,125800000.0,125125000.0,125783000.0
SBA Communications Corp,SBAC,,1034054,2016.0,Q1,2016-01-01,2016-03-31,2017-05-08 16:09:43+00:00,0.43,0.43,,159801000.0,0.43,6183000.0,2205000.0,53639000.0,53639000.0,,53639000.0,,102595000.0,399769000.0,40635000.0,3182000.0,,30406000.0,102595000.0,297174000.0,455000.0,-81938000.0,199572000.0,97602000.0,-41758000.0,55844000.0,399769000.0,124700000.0,125398000.0,126124000.0
SBA Communications Corp,SBAC,,1034054,2016.0,Q1TTM,2015-04-01,2016-03-31,,-0.33,-0.33,,647969000.0,-0.33,94144000.0,8303000.0,-42987000.0,-42987000.0,,-42987000.0,,435884000.0,1628149000.0,-30144000.0,13707000.0,,115473000.0,435884000.0,1192265000.0,2463000.0,-323049000.0,871293000.0,320972000.0,-355656000.0,-34684000.0,1628149000.0,124700000.0,125398000.0,126124000.0
SBA Communications Corp,SBAC,,1034054,2017.0,FY,2017-01-01,2017-12-31,2020-02-24 15:56:25+00:00,0.86,0.86,,643100000.0,0.86,36697000.0,13237000.0,103654000.0,103654000.0,,103654000.0,0.0,446312000.0,1727674000.0,-26319000.0,12367000.0,,130697000.0,446312000.0,1281362000.0,2879000.0,-312412000.0,822861000.0,458501000.0,-341610000.0,116891000.0,1727674000.0,120500000.0,119860000.0,121022000.0
SBA Communications Corp,SBAC,,1034054,2017.0,Q4,2017-10-01,2017-12-31,,0.06,0.06,,162642000.0,0.06,10789000.0,3071000.0,7662000.0,7662000.0,,7662000.0,,114530000.0,443072000.0,-23971000.0,5509000.0,,30521000.0,114530000.0,328542000.0,732000.0,-83645000.0,209461000.0,119081000.0,-108348000.0,10733000.0,443072000.0,120500000.0,119860000.0,121022000.0
SBA Communications Corp,SBAC,,1034054,2017.0,Q3,2017-07-01,2017-09-30,2018-11-08 14:35:44+00:00,0.41,0.41,,161907000.0,0.41,9417000.0,3378000.0,49161000.0,49161000.0,,49161000.0,,111468000.0,433945000.0,15105000.0,1583000.0,,32559000.0,111468000.0,322477000.0,725000.0,-78852000.0,205466000.0,117011000.0,-64472000.0,52539000.0,433945000.0,119900000.0,119746000.0,121026000.0
SBA Communications Corp,SBAC,,1034054,2017.0,Q3YTD,2017-01-01,2017-09-30,,0.8,0.8,,480458000.0,0.8,25908000.0,10166000.0,95992000.0,95992000.0,,95992000.0,,331782000.0,1284602000.0,-2348000.0,6858000.0,,100176000.0,331782000.0,952820000.0,2147000.0,-228767000.0,613400000.0,339420000.0,-233262000.0,106158000.0,1284602000.0,119900000.0,119746000.0,121026000.0
SBA Communications Corp,SBAC,,1034054,2017.0,Q3TTM,2016-10-01,2017-09-30,,0.84,0.84,,639012000.0,0.84,32971000.0,15451000.0,101250000.0,101250000.0,,101250000.0,,438049000.0,1701107000.0,-58009000.0,11025000.0,,133200000.0,438049000.0,1263058000.0,-31662000.0,-303802000.0,816208000.0,446850000.0,-330149000.0,116701000.0,1701107000.0,119900000.0,119746000.0,121026000.0
SBA Communications Corp,SBAC,,1034054,2017.0,Q2,2017-04-01,2017-06-30,2018-08-06 16:00:05+00:00,0.08,0.08,,159520000.0,0.08,8140000.0,3390000.0,9233000.0,9233000.0,,9233000.0,,109344000.0,427294000.0,-25703000.0,2306000.0,,33394000.0,109344000.0,317950000.0,717000.0,-75547000.0,203360000.0,114590000.0,-101967000.0,12623000.0,427294000.0,115400000.0,121455000.0,122437000.0
SBA Communications Corp,SBAC,,1034054,2017.0,Q2YTD,2017-01-01,2017-06-30,,0.39,0.39,,318551000.0,0.39,16491000.0,6788000.0,46831000.0,46831000.0,,46831000.0,,220314000.0,850657000.0,-17453000.0,5275000.0,,67617000.0,220314000.0,630343000.0,1422000.0,-149915000.0,407934000.0,222409000.0,-168790000.0,53619000.0,850657000.0,115400000.0,121455000.0,122437000.0
SBA Communications Corp,SBAC,,1034054,2017.0,Q2TTM,2016-07-01,2017-06-30,,0.31,0.31,,637216000.0,0.31,25859000.0,13647000.0,36719000.0,36719000.0,,36719000.0,,432049000.0,1678481000.0,-79698000.0,12412000.0,,132896000.0,432049000.0,1246432000.0,2710000.0,-305275000.0,808383000.0,438049000.0,-387683000.0,50366000.0,1678481000.0,115400000.0,121455000.0,122437000.0
SBA Communications Corp,SBAC,,1034054,2017.0,Q1,2017-01-01,2017-03-31,2018-05-07 17:24:39+00:00,0.31,0.31,,159031000.0,0.31,8351000.0,3398000.0,37598000.0,37598000.0,,37598000.0,,110970000.0,423363000.0,8250000.0,2969000.0,,34223000.0,110970000.0,312393000.0,705000.0,-74368000.0,204574000.0,107819000.0,-66823000.0,40996000.0,423363000.0,121300000.0,121049000.0,121734000.0
SBA Communications Corp,SBAC,,1034054,2017.0,Q1TTM,2016-04-01,2017-03-31,,0.49,0.49,,637419000.0,0.49,32410000.0,12258000.0,60197000.0,60197000.0,,60197000.0,,429272000.0,1656719000.0,-11944000.0,12927000.0,,147166000.0,429272000.0,1227447000.0,2453000.0,-310673000.0,829922000.0,397525000.0,-325070000.0,72455000.0,1656719000.0,121300000.0,121049000.0,121734000.0
SBA Communications Corp,SBAC,,1034054,2018.0,FY,2018-01-01,2018-12-31,2020-02-24 15:56:25+00:00,0.41,0.41,,672113000.0,0.41,27134000.0,4233000.0,47451000.0,47451000.0,,47451000.0,0.0,468795000.0,1865695000.0,-120356000.0,10961000.0,,142526000.0,468795000.0,1396900000.0,2640000.0,-369486000.0,852734000.0,544166000.0,-492482000.0,51684000.0,1865695000.0,115700000.0,114909000.0,116515000.0
SBA Communications Corp,SBAC,,1034054,2018.0,Q4,2018-10-01,2018-12-31,,0.5,0.5,,169454000.0,0.5,4356000.0,15879000.0,57153000.0,57153000.0,,57153000.0,,122303000.0,483849000.0,19527000.0,1789000.0,,35626000.0,122303000.0,361546000.0,637000.0,-96179000.0,211225000.0,150321000.0,-77289000.0,73032000.0,483849000.0,115700000.0,114909000.0,116515000.0
SBA Communications Corp,SBAC,,1034054,2018.0,Q3,2018-07-01,2018-09-30,2019-11-07 16:05:37+00:00,0.14,0.14,,167703000.0,0.14,6868000.0,-1979000.0,16144000.0,16144000.0,,16144000.0,,116741000.0,467221000.0,-29498000.0,2995000.0,,34908000.0,116741000.0,350480000.0,632000.0,-93711000.0,212474000.0,138006000.0,-123841000.0,14165000.0,467221000.0,115300000.0,114597000.0,116114000.0
SBA Communications Corp,SBAC,,1034054,2018.0,Q3YTD,2018-01-01,2018-09-30,,-0.09,-0.09,,502659000.0,-0.09,22778000.0,-11646000.0,-9702000.0,-9702000.0,,-9702000.0,,346492000.0,1381846000.0,-139883000.0,9172000.0,,106900000.0,346492000.0,1035354000.0,2003000.0,-273307000.0,641509000.0,393845000.0,-415193000.0,-21348000.0,1381846000.0,115300000.0,114597000.0,116114000.0
SBA Communications Corp,SBAC,,1034054,2018.0,Q3TTM,2017-10-01,2018-09-30,,-0.03,-0.03,,665301000.0,-0.03,33567000.0,-8575000.0,-2040000.0,-2040000.0,,-2040000.0,,461022000.0,1824918000.0,-163854000.0,14681000.0,,137421000.0,461022000.0,1363896000.0,2735000.0,-356952000.0,850970000.0,512926000.0,-523541000.0,-10615000.0,1824918000.0,115300000.0,114597000.0,116114000.0
SBA Communications Corp,SBAC,,1034054,2018.0,Q2,2018-04-01,2018-06-30,2019-08-06 15:03:11+00:00,-0.5,-0.5,,169558000.0,-0.5,7404000.0,-18249000.0,-57391000.0,-57391000.0,,-57391000.0,,114414000.0,456323000.0,-108905000.0,3133000.0,,35943000.0,114414000.0,341909000.0,638000.0,-91968000.0,216038000.0,125871000.0,-201511000.0,-75640000.0,456323000.0,114800000.0,115064000.0,115064000.0
SBA Communications Corp,SBAC,,1034054,2018.0,Q2YTD,2018-01-01,2018-06-30,,-0.23,-0.23,,334956000.0,-0.23,15910000.0,-9667000.0,-25846000.0,-25846000.0,,-25846000.0,,229751000.0,914625000.0,-110385000.0,6177000.0,,71992000.0,229751000.0,684874000.0,1371000.0,-179596000.0,429035000.0,255839000.0,-291352000.0,-35513000.0,914625000.0,114800000.0,115064000.0,115064000.0
SBA Communications Corp,SBAC,,1034054,2018.0,Q2TTM,2017-07-01,2018-06-30,,0.24,0.24,,659505000.0,0.24,36116000.0,-3218000.0,30977000.0,30977000.0,,30977000.0,,455749000.0,1791642000.0,-119251000.0,13269000.0,,135072000.0,455749000.0,1335893000.0,2828000.0,-342093000.0,843962000.0,491931000.0,-464172000.0,27759000.0,1791642000.0,114800000.0,115064000.0,115064000.0
SBA Communications Corp,SBAC,,1034054,2018.0,Q1,2018-01-01,2018-03-31,2019-05-08 18:27:20+00:00,0.27,0.27,,165398000.0,0.27,8506000.0,8582000.0,31545000.0,31545000.0,,31545000.0,,115337000.0,458302000.0,-1480000.0,3044000.0,,36049000.0,115337000.0,342965000.0,733000.0,-87628000.0,212997000.0,129968000.0,-89841000.0,40127000.0,458302000.0,116800000.0,116494000.0,118293000.0
SBA Communications Corp,SBAC,,1034054,2018.0,Q1TTM,2017-04-01,2018-03-31,,0.82,0.82,,649467000.0,0.82,36852000.0,18421000.0,97601000.0,97601000.0,,97601000.0,,450679000.0,1762613000.0,-36049000.0,12442000.0,,132523000.0,450679000.0,1311934000.0,2907000.0,-325672000.0,831284000.0,480650000.0,-364628000.0,116022000.0,1762613000.0,116800000.0,116494000.0,118293000.0
SBA Communications Corp,SBAC,,1034054,2019.0,Q4,2019-10-01,2019-12-31,,0.6,0.6,,179489000.0,0.58,9472000.0,16792000.0,67556000.0,67556000.0,,67350000.0,206000.0,121259000.0,513658000.0,28218000.0,5560000.0,,43962000.0,121259000.0,392399000.0,1239000.0,-96547000.0,238483000.0,153916000.0,-69568000.0,84348000.0,513658000.0,113100000.0,112809000.0,114693000.0
SBA Communications Corp,SBAC,,1034054,2019.0,FY,2019-01-01,2019-12-31,2020-02-24 15:56:25+00:00,1.3,1.3,,697078000.0,1.28,33103000.0,39605000.0,147284000.0,147284000.0,,146991000.0,293000.0,493031000.0,2014645000.0,-8870000.0,15228000.0,,192717000.0,493031000.0,1521614000.0,3193000.0,-384536000.0,938126000.0,583488000.0,-396599000.0,186889000.0,2014645000.0,113100000.0,112809000.0,114693000.0
SBA Communications Corp,SBAC,,1034054,2019.0,Q3YTD,2019-01-01,2019-09-30,,0.7,0.7,,517589000.0,0.7,23631000.0,22813000.0,79728000.0,79728000.0,,79641000.0,87000.0,371772000.0,1500987000.0,-37088000.0,9668000.0,,148755000.0,371772000.0,1129215000.0,1954000.0,-287989000.0,699643000.0,429572000.0,-327031000.0,102541000.0,1500987000.0,114100000.0,113037000.0,115184000.0
SBA Communications Corp,SBAC,,1034054,2019.0,Q3TTM,2018-10-01,2019-09-30,,1.2,1.2,,687043000.0,1.2,27987000.0,38692000.0,136881000.0,136881000.0,,136794000.0,87000.0,494075000.0,1984836000.0,-17561000.0,11457000.0,,184381000.0,494075000.0,1490761000.0,2591000.0,-384168000.0,910868000.0,579893000.0,-404320000.0,175573000.0,1984836000.0,114100000.0,113037000.0,115184000.0
SBA Communications Corp,SBAC,,1034054,2019.0,Q3,2019-07-01,2019-09-30,2019-11-07 16:05:37+00:00,0.19,0.19,,174987000.0,0.19,8240000.0,-3002000.0,21766000.0,21766000.0,,21679000.0,87000.0,123509000.0,507547000.0,-39165000.0,4692000.0,,42272000.0,123509000.0,384038000.0,662000.0,-95256000.0,230191000.0,153847000.0,-135083000.0,18764000.0,507547000.0,114100000.0,113037000.0,115184000.0
SBA Communications Corp,SBAC,,1034054,2019.0,Q2YTD,2019-01-01,2019-06-30,,0.51,0.51,,342602000.0,0.51,15391000.0,25815000.0,57962000.0,57962000.0,,57962000.0,,248263000.0,993440000.0,2077000.0,4976000.0,,106483000.0,248263000.0,745177000.0,1292000.0,-192733000.0,469452000.0,275725000.0,-191948000.0,83777000.0,993440000.0,114200000.0,113205000.0,114940000.0
SBA Communications Corp,SBAC,,1034054,2019.0,Q2TTM,2018-07-01,2019-06-30,,1.15,1.15,,679759000.0,1.15,26615000.0,39715000.0,131259000.0,131259000.0,,131259000.0,,487307000.0,1944510000.0,-7894000.0,9760000.0,,177017000.0,487307000.0,1457203000.0,2561000.0,-382623000.0,893151000.0,564052000.0,-393078000.0,170974000.0,1944510000.0,114200000.0,113205000.0,114940000.0
SBA Communications Corp,SBAC,,1034054,2019.0,Q2,2019-04-01,2019-06-30,2019-08-06 15:03:11+00:00,0.28,0.28,,171564000.0,0.28,9620000.0,15608000.0,31973000.0,31973000.0,,31973000.0,,124448000.0,500147000.0,7646000.0,2539000.0,,55524000.0,124448000.0,375699000.0,651000.0,-95866000.0,239247000.0,136452000.0,-88871000.0,47581000.0,500147000.0,114200000.0,113205000.0,114940000.0
SBA Communications Corp,SBAC,,1034054,2019.0,Q1,2019-01-01,2019-03-31,2020-05-06 16:58:57+00:00,0.23,0.23,,171038000.0,0.23,5771000.0,10207000.0,25989000.0,25989000.0,,25989000.0,,123815000.0,493293000.0,-5569000.0,2437000.0,,50959000.0,123815000.0,369478000.0,641000.0,-96867000.0,230205000.0,139273000.0,-103077000.0,36196000.0,493293000.0,113000000.0,112708000.0,114344000.0
SBA Communications Corp,SBAC,,1034054,2019.0,Q1TTM,2018-04-01,2019-03-31,,0.37,0.37,,677753000.0,0.37,24399000.0,5858000.0,41895000.0,41895000.0,,41895000.0,,477273000.0,1900686000.0,-124445000.0,10354000.0,,157436000.0,477273000.0,1423413000.0,2548000.0,-378725000.0,869942000.0,553471000.0,-505718000.0,47753000.0,1900686000.0,113000000.0,112708000.0,114344000.0
SBA Communications Corp,SBAC,,1034054,2020.0,Q1TTM,2019-04-01,2020-03-31,,-0.07,-0.07,0.47,708619000.0,-0.09,41687000.0,-37140000.0,-6638000.0,-6638000.0,,-6056000.0,-582000.0,484730000.0,2038419000.0,-234739000.0,16590000.0,,191375000.0,484730000.0,1553689000.0,21822000.0,-382635000.0,958271000.0,595418000.0,-639196000.0,-43778000.0,2038419000.0,111500000.0,111908000.0,111908000.0
SBA Communications Corp,SBAC,,1034054,2020.0,Q1,2020-01-01,2020-03-31,2020-05-06 16:58:57+00:00,-1.14,-1.14,0.465,182579000.0,-1.14,14355000.0,-66538000.0,-127933000.0,-127933000.0,,-127058000.0,-875000.0,115514000.0,517067000.0,-231438000.0,3799000.0,,49617000.0,115514000.0,401553000.0,19270000.0,-94966000.0,250350000.0,151203000.0,-345674000.0,-194471000.0,517067000.0,111500000.0,111908000.0,111908000.0
