company_name,company_ticker,company_lei,company_cik,year,quarter,start_date,end_date,filing_date,basicdilutedeps,basiceps,cashdividendspershare,dilutedeps,impairmentexpense,incometaxexpense,netincome,netincomecontinuing,netincometocommon,netincometononcontrollinginterest,operatingcostofrevenue,operatingrevenue,otherincome,restructuringcharge,sgaexpense,totalcostofrevenue,totalgrossprofit,totalinterestexpense,totalinterestincome,totaloperatingexpenses,totaloperatingincome,totalotherincome,totalpretaxincome,totalrevenue,weightedavebasicdilutedsharesos,weightedavebasicsharesos,weightedavedilutedsharesos
Estee Lauder Companies Inc,EL,549300VFZ8XJ9NUPU221,1001250,2009.0,FY,2008-07-01,2009-06-30,2011-08-22 12:55:47+00:00,1.11,1.11,0.55,1.1,63100000.0,115900000.0,226800000.0,226800000.0,218400000.0,8400000.0,1881600000.0,7323800000.0,,76800000.0,4883900000.0,1881600000.0,5442200000.0,,-75700000.0,5023800000.0,418400000.0,-75700000.0,342700000.0,7323800000.0,196800000.0,196300000.0,197700000.0
Estee Lauder Companies Inc,EL,549300VFZ8XJ9NUPU221,1001250,2010.0,Q4,2010-04-01,2010-06-30,,0.06,0.06,0.02,0.06,2800000.0,-25300000.0,25000000.0,25000000.0,23900000.0,1100000.0,414300000.0,1840100000.0,,21100000.0,1358300000.0,414300000.0,1425800000.0,-30400000.0,-74300000.0,1382200000.0,43600000.0,-43900000.0,-300000.0,1840100000.0,395300000.0,395400000.0,401500000.0
Estee Lauder Companies Inc,EL,549300VFZ8XJ9NUPU221,1001250,2010.0,FY,2009-07-01,2010-06-30,2012-08-17 16:24:54+00:00,1.21,1.21,0.275,1.19,48400000.0,205900000.0,482400000.0,482400000.0,478300000.0,4100000.0,1829400000.0,7795800000.0,,61100000.0,5067000000.0,1829400000.0,5966400000.0,27300000.0,-74300000.0,5176500000.0,789900000.0,-101600000.0,688300000.0,7795800000.0,395300000.0,395400000.0,401500000.0
Estee Lauder Companies Inc,EL,549300VFZ8XJ9NUPU221,1001250,2010.0,Q3YTD,2009-07-01,2010-03-31,,2.29,2.29,0.58,2.29,45600000.0,231200000.0,457400000.0,457400000.0,454400000.0,3000000.0,1415100000.0,5955700000.0,,40000000.0,3708700000.0,1415100000.0,4540600000.0,57700000.0,,3794300000.0,746300000.0,-57700000.0,688600000.0,5955700000.0,198300000.0,198000000.0,201800000.0
Estee Lauder Companies Inc,EL,549300VFZ8XJ9NUPU221,1001250,2010.0,Q3,2010-01-01,2010-03-31,2011-05-06 12:07:28+00:00,0.29,0.29,,0.28,,50200000.0,57900000.0,57900000.0,57500000.0,400000.0,444600000.0,1860000000.0,,12500000.0,1276600000.0,444600000.0,1415400000.0,18200000.0,,1289100000.0,126300000.0,-18200000.0,108100000.0,1860000000.0,198300000.0,198000000.0,201800000.0
Estee Lauder Companies Inc,EL,549300VFZ8XJ9NUPU221,1001250,2010.0,Q2YTD,2009-07-01,2009-12-31,,2.01,2.01,0.55,2.01,45600000.0,181000000.0,399500000.0,399500000.0,396900000.0,2600000.0,970500000.0,4095700000.0,,27500000.0,2432100000.0,970500000.0,3125200000.0,39500000.0,,2505200000.0,620000000.0,-39500000.0,580500000.0,4095700000.0,197100000.0,197300000.0,200400000.0
Estee Lauder Companies Inc,EL,549300VFZ8XJ9NUPU221,1001250,2010.0,Q2,2009-10-01,2009-12-31,2011-02-04 17:13:22+00:00,1.3,1.3,0.55,1.28,45600000.0,118000000.0,261700000.0,261700000.0,256200000.0,5500000.0,525400000.0,2262300000.0,,9300000.0,1282400000.0,525400000.0,1736900000.0,19900000.0,,1337300000.0,399600000.0,-19900000.0,379700000.0,2262300000.0,197100000.0,197300000.0,200400000.0
Estee Lauder Companies Inc,EL,549300VFZ8XJ9NUPU221,1001250,2010.0,Q1,2009-07-01,2009-09-30,2010-11-01 16:53:18+00:00,0.72,0.72,,0.71,,63000000.0,137800000.0,137800000.0,140700000.0,-2900000.0,445100000.0,1833400000.0,,18200000.0,1149700000.0,445100000.0,1388300000.0,19600000.0,,1167900000.0,220400000.0,-19600000.0,200800000.0,1833400000.0,195400000.0,196700000.0,198200000.0
Estee Lauder Companies Inc,EL,549300VFZ8XJ9NUPU221,1001250,2011.0,Q4,2011-04-01,2011-06-30,,0.1,0.1,0.01,0.1,1700000.0,5500000.0,43200000.0,43200000.0,41100000.0,2100000.0,425100000.0,2060600000.0,,9400000.0,1559800000.0,425100000.0,1635500000.0,,-15900000.0,1570900000.0,64600000.0,-15900000.0,48700000.0,2060600000.0,393700000.0,394000000.0,402400000.0
Estee Lauder Companies Inc,EL,549300VFZ8XJ9NUPU221,1001250,2011.0,FY,2010-07-01,2011-06-30,2013-08-23 14:23:47+00:00,1.78,1.78,0.375,1.74,38000000.0,321700000.0,703800000.0,703800000.0,700800000.0,3000000.0,1936900000.0,8810000000.0,,49000000.0,5696700000.0,1936900000.0,6873100000.0,,-63900000.0,5783700000.0,1089400000.0,-63900000.0,1025500000.0,8810000000.0,393700000.0,394000000.0,402400000.0
Estee Lauder Companies Inc,EL,549300VFZ8XJ9NUPU221,1001250,2011.0,Q3YTD,2010-07-01,2011-03-31,,1.67,1.67,0.37,1.67,36300000.0,316200000.0,660600000.0,660600000.0,659700000.0,900000.0,1511800000.0,6749400000.0,,39600000.0,4136900000.0,1511800000.0,5237600000.0,,-48000000.0,4212800000.0,1024800000.0,-48000000.0,976800000.0,6749400000.0,389700000.0,395300000.0,404100000.0
Estee Lauder Companies Inc,EL,549300VFZ8XJ9NUPU221,1001250,2011.0,Q3TTM,2010-04-01,2011-03-31,,1.73,1.73,0.39,1.73,39100000.0,290900000.0,685600000.0,685600000.0,683600000.0,2000000.0,1926100000.0,8589500000.0,,60700000.0,5495200000.0,1926100000.0,6663400000.0,-30400000.0,-122300000.0,5595000000.0,1068400000.0,-91900000.0,976500000.0,8589500000.0,389700000.0,395300000.0,404100000.0
Estee Lauder Companies Inc,EL,549300VFZ8XJ9NUPU221,1001250,2011.0,Q3,2011-01-01,2011-03-31,2012-05-07 09:15:49+00:00,0.32,0.32,,0.31,36300000.0,68200000.0,125100000.0,125100000.0,124700000.0,400000.0,482600000.0,2165700000.0,,21800000.0,1415900000.0,482600000.0,1683100000.0,,-15800000.0,1474000000.0,209100000.0,-15800000.0,193300000.0,2165700000.0,389700000.0,395300000.0,404100000.0
Estee Lauder Companies Inc,EL,549300VFZ8XJ9NUPU221,1001250,2011.0,Q2YTD,2010-07-01,2010-12-31,,1.36,1.36,0.38,1.36,,248000000.0,535500000.0,535500000.0,535000000.0,500000.0,1029200000.0,4583700000.0,,17800000.0,2721000000.0,1029200000.0,3554500000.0,,-32200000.0,2738800000.0,815700000.0,-32200000.0,783500000.0,4583700000.0,395300000.0,393400000.0,401800000.0
Estee Lauder Companies Inc,EL,549300VFZ8XJ9NUPU221,1001250,2011.0,Q2TTM,2010-01-01,2010-12-31,,1.57,1.57,0.41,1.57,2800000.0,272900000.0,618400000.0,618400000.0,616400000.0,2000000.0,1888100000.0,8283800000.0,,51400000.0,5355900000.0,1888100000.0,6395700000.0,-12200000.0,-106500000.0,5410100000.0,985600000.0,-94300000.0,891300000.0,8283800000.0,395300000.0,393400000.0,401800000.0
Estee Lauder Companies Inc,EL,549300VFZ8XJ9NUPU221,1001250,2011.0,Q2,2010-10-01,2010-12-31,2012-02-06 09:09:30+00:00,0.87,0.87,0.375,0.86,,155700000.0,345900000.0,345900000.0,343900000.0,2000000.0,541100000.0,2492000000.0,,14000000.0,1419200000.0,541100000.0,1950900000.0,,-16100000.0,1433200000.0,517700000.0,-16100000.0,501600000.0,2492000000.0,395300000.0,393400000.0,401800000.0
Estee Lauder Companies Inc,EL,549300VFZ8XJ9NUPU221,1001250,2011.0,Q1TTM,2009-10-01,2010-09-30,,2.69,2.69,0.61,2.69,48400000.0,235200000.0,534200000.0,534200000.0,528700000.0,5500000.0,1872400000.0,8054100000.0,,46700000.0,5219100000.0,1872400000.0,6181700000.0,7700000.0,-90400000.0,5314200000.0,867500000.0,-98100000.0,769400000.0,8054100000.0,197000000.0,196700000.0,200400000.0
Estee Lauder Companies Inc,EL,549300VFZ8XJ9NUPU221,1001250,2011.0,Q1,2010-07-01,2010-09-30,2011-11-04 10:55:16+00:00,0.97,0.97,,0.95,,92300000.0,189600000.0,189600000.0,191100000.0,-1500000.0,488100000.0,2091700000.0,,3800000.0,1301800000.0,488100000.0,1603600000.0,,-16100000.0,1305600000.0,298000000.0,-16100000.0,281900000.0,2091700000.0,197000000.0,196700000.0,200400000.0
Estee Lauder Companies Inc,EL,549300VFZ8XJ9NUPU221,1001250,2012.0,Q4,2012-04-01,2012-06-30,,0.13,0.13,0.01,0.13,15000000.0,7000000.0,52200000.0,52200000.0,51200000.0,1000000.0,441200000.0,2251200000.0,,20400000.0,1701400000.0,441200000.0,1810000000.0,,-14000000.0,1736800000.0,73200000.0,-14000000.0,59200000.0,2251200000.0,389500000.0,388700000.0,397000000.0
Estee Lauder Companies Inc,EL,549300VFZ8XJ9NUPU221,1001250,2012.0,FY,2011-07-01,2012-06-30,2014-08-20 16:11:42+00:00,2.2,2.2,0.525,2.16,21700000.0,400600000.0,860500000.0,860500000.0,856900000.0,3600000.0,1995800000.0,9713600000.0,10500000.0,59600000.0,6324800000.0,1995800000.0,7717800000.0,,-61100000.0,6406100000.0,1311700000.0,-50600000.0,1261100000.0,9713600000.0,389500000.0,388700000.0,397000000.0
Estee Lauder Companies Inc,EL,549300VFZ8XJ9NUPU221,1001250,2012.0,Q3YTD,2011-07-01,2012-03-31,,2.08,2.08,0.53,2.08,6700000.0,393600000.0,808300000.0,808300000.0,805700000.0,2600000.0,1554600000.0,7462400000.0,10500000.0,39200000.0,4623400000.0,1554600000.0,5907800000.0,,-47100000.0,4669300000.0,1238500000.0,-36600000.0,1201900000.0,7462400000.0,383500000.0,388200000.0,396300000.0
Estee Lauder Companies Inc,EL,549300VFZ8XJ9NUPU221,1001250,2012.0,Q3TTM,2011-04-01,2012-03-31,,2.18,2.18,0.54,2.18,8400000.0,399100000.0,851500000.0,851500000.0,846800000.0,4700000.0,1979700000.0,9523000000.0,10500000.0,48600000.0,6183200000.0,1979700000.0,7543300000.0,,-63000000.0,6240200000.0,1303100000.0,-52500000.0,1250600000.0,9523000000.0,383500000.0,388200000.0,396300000.0
Estee Lauder Companies Inc,EL,549300VFZ8XJ9NUPU221,1001250,2012.0,Q3,2012-01-01,2012-03-31,2013-05-03 12:45:21+00:00,0.34,0.34,,0.33,,65700000.0,131300000.0,131300000.0,130400000.0,900000.0,469300000.0,2248200000.0,,28400000.0,1539000000.0,469300000.0,1778900000.0,,-14500000.0,1567400000.0,211500000.0,-14500000.0,197000000.0,2248200000.0,383500000.0,388200000.0,396300000.0
Estee Lauder Companies Inc,EL,549300VFZ8XJ9NUPU221,1001250,2012.0,Q2YTD,2011-07-01,2011-12-31,,1.75,1.75,0.53,1.75,6700000.0,327900000.0,677000000.0,677000000.0,675300000.0,1700000.0,1085300000.0,5214200000.0,10500000.0,10800000.0,3084400000.0,1085300000.0,4128900000.0,,-32600000.0,3101900000.0,1027000000.0,-22100000.0,1004900000.0,5214200000.0,385100000.0,386800000.0,395200000.0
Estee Lauder Companies Inc,EL,549300VFZ8XJ9NUPU221,1001250,2012.0,Q2TTM,2011-01-01,2011-12-31,,2.17,2.17,0.54,2.17,44700000.0,401600000.0,845300000.0,845300000.0,841100000.0,4200000.0,1993000000.0,9440500000.0,10500000.0,42000000.0,6060100000.0,1993000000.0,7447500000.0,,-64300000.0,6146800000.0,1300700000.0,-53800000.0,1246900000.0,9440500000.0,385100000.0,386800000.0,395200000.0
Estee Lauder Companies Inc,EL,549300VFZ8XJ9NUPU221,1001250,2012.0,Q2,2011-10-01,2011-12-31,2013-02-06 13:54:34+00:00,1.03,1.03,0.525,1.0,6700000.0,192500000.0,398400000.0,398400000.0,396700000.0,1700000.0,551000000.0,2737500000.0,10500000.0,6100000.0,1576700000.0,551000000.0,2186500000.0,,-16600000.0,1589500000.0,597000000.0,-6100000.0,590900000.0,2737500000.0,385100000.0,386800000.0,395200000.0
Estee Lauder Companies Inc,EL,549300VFZ8XJ9NUPU221,1001250,2012.0,Q1TTM,2010-10-01,2011-09-30,,2.02,2.02,0.39,2.02,38000000.0,364800000.0,792800000.0,792800000.0,788300000.0,4500000.0,1983100000.0,9195000000.0,,49900000.0,5902600000.0,1983100000.0,7211900000.0,,-63800000.0,5990500000.0,1221400000.0,-63800000.0,1157600000.0,9195000000.0,392400000.0,390500000.0,399300000.0
Estee Lauder Companies Inc,EL,549300VFZ8XJ9NUPU221,1001250,2012.0,Q1,2011-07-01,2011-09-30,2012-11-02 14:53:01+00:00,0.71,0.71,,0.7,,135400000.0,278600000.0,278600000.0,278600000.0,,534300000.0,2476700000.0,,4700000.0,1507700000.0,534300000.0,1942400000.0,,-16000000.0,1512400000.0,430000000.0,-16000000.0,414000000.0,2476700000.0,392400000.0,390500000.0,399300000.0
Estee Lauder Companies Inc,EL,549300VFZ8XJ9NUPU221,1001250,2013.0,Q4,2013-04-01,2013-06-30,,0.24,0.24,0.19,0.24,17700000.0,36900000.0,95900000.0,95900000.0,94000000.0,1900000.0,475600000.0,2407400000.0,,3100000.0,1765200000.0,475600000.0,1931800000.0,63100000.0,50100000.0,1786000000.0,145800000.0,-13000000.0,132800000.0,2407400000.0,387800000.0,387600000.0,394900000.0
Estee Lauder Companies Inc,EL,549300VFZ8XJ9NUPU221,1001250,2013.0,FY,2012-07-01,2013-06-30,2015-08-20 15:37:29+00:00,2.63,2.63,1.08,2.58,17700000.0,451400000.0,1023800000.0,1023800000.0,1019800000.0,4000000.0,2025900000.0,10181700000.0,23100000.0,15100000.0,6597000000.0,2025900000.0,8155800000.0,82200000.0,8300000.0,6629800000.0,1526000000.0,-50800000.0,1475200000.0,10181700000.0,387800000.0,387600000.0,394900000.0
Estee Lauder Companies Inc,EL,549300VFZ8XJ9NUPU221,1001250,2013.0,Q3YTD,2012-07-01,2013-03-31,,2.39,2.39,0.9,2.39,,414500000.0,927900000.0,927900000.0,925800000.0,2100000.0,1550300000.0,7774300000.0,23100000.0,12000000.0,4831800000.0,1550300000.0,6224000000.0,19100000.0,-41800000.0,4843800000.0,1380200000.0,-37800000.0,1342400000.0,7774300000.0,388700000.0,387200000.0,394000000.0
Estee Lauder Companies Inc,EL,549300VFZ8XJ9NUPU221,1001250,2013.0,Q3TTM,2012-04-01,2013-03-31,,2.52,2.52,0.92,2.52,15000000.0,421500000.0,980100000.0,980100000.0,977000000.0,3100000.0,1991500000.0,10025500000.0,23100000.0,32400000.0,6533200000.0,1991500000.0,8034000000.0,19100000.0,-55800000.0,6580600000.0,1453400000.0,-51800000.0,1401600000.0,10025500000.0,388700000.0,387200000.0,394000000.0
Estee Lauder Companies Inc,EL,549300VFZ8XJ9NUPU221,1001250,2013.0,Q3,2013-01-01,2013-03-31,2014-05-02 16:10:14+00:00,0.46,0.46,0.18,0.45,,53600000.0,178900000.0,178900000.0,178800000.0,100000.0,443100000.0,2291800000.0,,-1700000.0,1605300000.0,443100000.0,1848700000.0,,-12600000.0,1603600000.0,245100000.0,-12600000.0,232500000.0,2291800000.0,388700000.0,387200000.0,394000000.0
Estee Lauder Companies Inc,EL,549300VFZ8XJ9NUPU221,1001250,2013.0,Q2YTD,2012-07-01,2012-12-31,,1.93,1.93,0.72,1.93,,360900000.0,749000000.0,749000000.0,747000000.0,2000000.0,1107200000.0,5482500000.0,23100000.0,13700000.0,3226500000.0,1107200000.0,4375300000.0,19100000.0,-29200000.0,3240200000.0,1135100000.0,-25200000.0,1109900000.0,5482500000.0,385800000.0,387400000.0,394700000.0
Estee Lauder Companies Inc,EL,549300VFZ8XJ9NUPU221,1001250,2013.0,Q2TTM,2012-01-01,2012-12-31,,2.4,2.4,0.73,2.4,15000000.0,433600000.0,932500000.0,932500000.0,928600000.0,3900000.0,2017700000.0,9981900000.0,23100000.0,62500000.0,6466900000.0,2017700000.0,7964200000.0,19100000.0,-57700000.0,6544400000.0,1419800000.0,-53700000.0,1366100000.0,9981900000.0,385800000.0,387400000.0,394700000.0
Estee Lauder Companies Inc,EL,549300VFZ8XJ9NUPU221,1001250,2013.0,Q2,2012-10-01,2012-12-31,2014-02-05 16:08:25+00:00,1.16,1.16,0.72,1.13,,211600000.0,449400000.0,449400000.0,447500000.0,1900000.0,568000000.0,2933000000.0,21300000.0,13300000.0,1698600000.0,568000000.0,2365000000.0,,-13400000.0,1711900000.0,653100000.0,7900000.0,661000000.0,2933000000.0,385800000.0,387400000.0,394700000.0
Estee Lauder Companies Inc,EL,549300VFZ8XJ9NUPU221,1001250,2013.0,Q1TTM,2011-10-01,2012-09-30,,2.26,2.26,0.54,2.26,21700000.0,414500000.0,881500000.0,881500000.0,877800000.0,3700000.0,2000700000.0,9786400000.0,12300000.0,55300000.0,6345000000.0,2000700000.0,7785700000.0,19100000.0,-60900000.0,6422000000.0,1363700000.0,-67700000.0,1296000000.0,9786400000.0,389000000.0,387800000.0,395500000.0
Estee Lauder Companies Inc,EL,549300VFZ8XJ9NUPU221,1001250,2013.0,Q1,2012-07-01,2012-09-30,2013-11-01 13:25:38+00:00,0.77,0.77,,0.76,,149300000.0,299600000.0,299600000.0,299500000.0,100000.0,539200000.0,2549500000.0,1800000.0,400000.0,1527900000.0,539200000.0,2010300000.0,19100000.0,-15800000.0,1528300000.0,482000000.0,-33100000.0,448900000.0,2549500000.0,389000000.0,387800000.0,395500000.0
Estee Lauder Companies Inc,EL,549300VFZ8XJ9NUPU221,1001250,2014.0,FY,2013-07-01,2014-06-30,2016-08-24 14:10:00+00:00,3.12,3.12,0.78,3.06,,567700000.0,1209100000.0,1209100000.0,1204100000.0,5000000.0,2158200000.0,10968800000.0,,-2900000.0,6985900000.0,2158200000.0,8810600000.0,59400000.0,8600000.0,6983000000.0,1827600000.0,-50800000.0,1776800000.0,10968800000.0,385900000.0,386200000.0,393100000.0
Estee Lauder Companies Inc,EL,549300VFZ8XJ9NUPU221,1001250,2014.0,Q4,2014-04-01,2014-06-30,,0.68,0.68,0.2,0.67,,109200000.0,258400000.0,258400000.0,257700000.0,700000.0,533800000.0,2725300000.0,,-700000.0,1812000000.0,533800000.0,2191500000.0,29800000.0,17200000.0,1811300000.0,380200000.0,-12600000.0,367600000.0,2725300000.0,385900000.0,386200000.0,393100000.0
Estee Lauder Companies Inc,EL,549300VFZ8XJ9NUPU221,1001250,2014.0,Q3YTD,2013-07-01,2014-03-31,,2.45,2.45,0.59,2.45,,458500000.0,950700000.0,950700000.0,946400000.0,4300000.0,1624400000.0,8243500000.0,,-2200000.0,5173900000.0,1624400000.0,6619100000.0,29600000.0,-8600000.0,5171700000.0,1447400000.0,-38200000.0,1409200000.0,8243500000.0,387600000.0,385800000.0,392100000.0
Estee Lauder Companies Inc,EL,549300VFZ8XJ9NUPU221,1001250,2014.0,Q3TTM,2013-04-01,2014-03-31,,2.7,2.7,0.78,2.7,17700000.0,495400000.0,1046600000.0,1046600000.0,1040400000.0,6200000.0,2100000000.0,10650900000.0,,900000.0,6939100000.0,2100000000.0,8550900000.0,92700000.0,41500000.0,6957700000.0,1593200000.0,-51200000.0,1542000000.0,10650900000.0,387600000.0,385800000.0,392100000.0
Estee Lauder Companies Inc,EL,549300VFZ8XJ9NUPU221,1001250,2014.0,Q3,2014-01-01,2014-03-31,2015-05-05 14:59:22+00:00,0.55,0.55,0.2,0.54,,115600000.0,213700000.0,213700000.0,213200000.0,500000.0,498700000.0,2549800000.0,,,1709500000.0,498700000.0,2051100000.0,15000000.0,2700000.0,1709500000.0,341600000.0,-12300000.0,329300000.0,2549800000.0,387600000.0,385800000.0,392100000.0
Estee Lauder Companies Inc,EL,549300VFZ8XJ9NUPU221,1001250,2014.0,Q2YTD,2013-07-01,2013-12-31,,1.89,1.89,0.38,1.89,,342900000.0,737000000.0,737000000.0,733200000.0,3800000.0,1125700000.0,5693700000.0,,-2200000.0,3464400000.0,1125700000.0,4568000000.0,14600000.0,-11300000.0,3462200000.0,1105800000.0,-25900000.0,1079900000.0,5693700000.0,389600000.0,388300000.0,395400000.0
Estee Lauder Companies Inc,EL,549300VFZ8XJ9NUPU221,1001250,2014.0,Q2TTM,2013-01-01,2013-12-31,,2.59,2.59,0.75,2.59,17700000.0,433400000.0,1011800000.0,1011800000.0,1006000000.0,5800000.0,2044400000.0,10392900000.0,,-800000.0,6834900000.0,2044400000.0,8348500000.0,77700000.0,26200000.0,6851800000.0,1496700000.0,-51500000.0,1445200000.0,10392900000.0,389600000.0,388300000.0,395400000.0
Estee Lauder Companies Inc,EL,549300VFZ8XJ9NUPU221,1001250,2014.0,Q2,2013-10-01,2013-12-31,2015-02-05 15:02:58+00:00,1.11,1.11,0.2,1.09,,208700000.0,435200000.0,435200000.0,432500000.0,2700000.0,581600000.0,3018700000.0,,-3400000.0,1784200000.0,581600000.0,2437100000.0,14600000.0,2200000.0,1780800000.0,656300000.0,-12400000.0,643900000.0,3018700000.0,389600000.0,388300000.0,395400000.0
Estee Lauder Companies Inc,EL,549300VFZ8XJ9NUPU221,1001250,2014.0,Q1TTM,2012-10-01,2013-09-30,,2.63,2.63,1.27,2.63,17700000.0,436300000.0,1026000000.0,1026000000.0,1021000000.0,5000000.0,2030800000.0,10307200000.0,21300000.0,15900000.0,6749300000.0,2030800000.0,8276400000.0,63100000.0,10600000.0,6782900000.0,1493500000.0,-31200000.0,1462300000.0,10307200000.0,385500000.0,387800000.0,394900000.0
Estee Lauder Companies Inc,EL,549300VFZ8XJ9NUPU221,1001250,2014.0,Q1,2013-07-01,2013-09-30,2014-11-04 16:20:45+00:00,0.78,0.78,0.18,0.76,,134200000.0,301800000.0,301800000.0,300700000.0,1100000.0,544100000.0,2675000000.0,,1200000.0,1680200000.0,544100000.0,2130900000.0,,-13500000.0,1681400000.0,449500000.0,-13500000.0,436000000.0,2675000000.0,385500000.0,387800000.0,394900000.0
Estee Lauder Companies Inc,EL,549300VFZ8XJ9NUPU221,1001250,2015.0,FY,2014-07-01,2015-06-30,2017-08-25 11:13:53+00:00,2.87,2.87,0.92,2.82,,467000000.0,1094000000.0,1094000000.0,1089000000.0,5000000.0,2100000000.0,10780000000.0,,,7074000000.0,2100000000.0,8680000000.0,60000000.0,15000000.0,7074000000.0,1606000000.0,-45000000.0,1561000000.0,10780000000.0,379400000.0,379300000.0,385700000.0
Estee Lauder Companies Inc,EL,549300VFZ8XJ9NUPU221,1001250,2015.0,Q4,2015-04-01,2015-06-30,,0.4,0.4,0.24,0.39,,65100000.0,154400000.0,154400000.0,153100000.0,1300000.0,487400000.0,2524000000.0,,,1808600000.0,487400000.0,2036600000.0,15000000.0,6500000.0,1808600000.0,228000000.0,-8500000.0,219500000.0,2524000000.0,379400000.0,379300000.0,385700000.0
Estee Lauder Companies Inc,EL,549300VFZ8XJ9NUPU221,1001250,2015.0,Q3,2015-01-01,2015-03-31,2016-05-03 14:15:27+00:00,0.72,0.72,0.24,0.71,,112400000.0,272700000.0,272700000.0,272100000.0,600000.0,502900000.0,2580500000.0,,,1680400000.0,502900000.0,2077600000.0,15200000.0,3100000.0,1680400000.0,397200000.0,-12100000.0,385100000.0,2580500000.0,377900000.0,378500000.0,384700000.0
Estee Lauder Companies Inc,EL,549300VFZ8XJ9NUPU221,1001250,2015.0,Q3YTD,2014-07-01,2015-03-31,,2.47,2.47,0.68,2.43,,401900000.0,939600000.0,939600000.0,935900000.0,3700000.0,1612600000.0,8256000000.0,,,5265400000.0,1612600000.0,6643400000.0,45000000.0,8500000.0,5265400000.0,1378000000.0,-36500000.0,1341500000.0,8256000000.0,377900000.0,378500000.0,384700000.0
Estee Lauder Companies Inc,EL,549300VFZ8XJ9NUPU221,1001250,2015.0,Q3TTM,2014-04-01,2015-03-31,,3.15,3.15,0.88,3.1,,511100000.0,1198000000.0,1198000000.0,1193600000.0,4400000.0,2146400000.0,10981300000.0,,-700000.0,7077400000.0,2146400000.0,8834900000.0,74800000.0,25700000.0,7076700000.0,1758200000.0,-49100000.0,1709100000.0,10981300000.0,377900000.0,378500000.0,384700000.0
Estee Lauder Companies Inc,EL,549300VFZ8XJ9NUPU221,1001250,2015.0,Q2,2014-10-01,2014-12-31,2016-02-05 14:53:06+00:00,1.15,1.15,0.24,1.13,,183900000.0,437700000.0,437700000.0,435700000.0,2000000.0,573100000.0,3044500000.0,,,1838600000.0,573100000.0,2471400000.0,15000000.0,3800000.0,1838600000.0,632800000.0,-11200000.0,621600000.0,3044500000.0,378900000.0,380000000.0,386100000.0
Estee Lauder Companies Inc,EL,549300VFZ8XJ9NUPU221,1001250,2015.0,Q2YTD,2014-07-01,2014-12-31,,1.75,1.75,0.44,1.72,,289500000.0,666900000.0,666900000.0,663800000.0,3100000.0,1109700000.0,5675500000.0,,,3585000000.0,1109700000.0,4565800000.0,29800000.0,5400000.0,3585000000.0,980800000.0,-24400000.0,956400000.0,5675500000.0,378900000.0,380000000.0,386100000.0
Estee Lauder Companies Inc,EL,549300VFZ8XJ9NUPU221,1001250,2015.0,Q2TTM,2014-01-01,2014-12-31,,2.99,2.99,0.87,2.99,,514300000.0,1139000000.0,1139000000.0,1134700000.0,4300000.0,2142200000.0,10950600000.0,,-700000.0,7106500000.0,2142200000.0,8808400000.0,74600000.0,25300000.0,7105800000.0,1702600000.0,-49300000.0,1653300000.0,10950600000.0,378900000.0,380000000.0,386100000.0
Estee Lauder Companies Inc,EL,549300VFZ8XJ9NUPU221,1001250,2015.0,Q1,2014-07-01,2014-09-30,2015-11-02 14:08:38+00:00,0.6,0.6,0.2,0.59,,105600000.0,229200000.0,229200000.0,228100000.0,1100000.0,536600000.0,2631000000.0,,,1746400000.0,536600000.0,2094400000.0,14800000.0,1600000.0,1746400000.0,348000000.0,-13200000.0,334800000.0,2631000000.0,380200000.0,381800000.0,388200000.0
Estee Lauder Companies Inc,EL,549300VFZ8XJ9NUPU221,1001250,2015.0,Q1TTM,2013-10-01,2014-09-30,,2.96,2.96,0.83,2.96,,539100000.0,1136500000.0,1136500000.0,1131500000.0,5000000.0,2150700000.0,10924800000.0,,-4100000.0,7052100000.0,2150700000.0,8774100000.0,74200000.0,23700000.0,7048000000.0,1726100000.0,-50500000.0,1675600000.0,10924800000.0,380200000.0,381800000.0,388200000.0
Estee Lauder Companies Inc,EL,549300VFZ8XJ9NUPU221,1001250,2016.0,FY,2015-07-01,2016-06-30,2018-08-24 13:53:14+00:00,3.01,3.01,1.14,2.96,,434000000.0,1121000000.0,1121000000.0,1115000000.0,6000000.0,2181000000.0,11262000000.0,,133000000.0,7338000000.0,2181000000.0,9081000000.0,71000000.0,16000000.0,7471000000.0,1610000000.0,-55000000.0,1555000000.0,11262000000.0,370400000.0,370000000.0,376600000.0
Estee Lauder Companies Inc,EL,549300VFZ8XJ9NUPU221,1001250,2016.0,Q4,2016-04-01,2016-06-30,,0.25,0.25,0.3,0.24,,35000000.0,95000000.0,95000000.0,94000000.0,1000000.0,511000000.0,2646000000.0,,99000000.0,1893000000.0,511000000.0,2135000000.0,19000000.0,6000000.0,1992000000.0,143000000.0,-13000000.0,130000000.0,2646000000.0,370400000.0,370000000.0,376600000.0
Estee Lauder Companies Inc,EL,549300VFZ8XJ9NUPU221,1001250,2016.0,Q3,2016-01-01,2016-03-31,2017-05-03 11:37:31+00:00,0.72,0.72,0.3,0.71,,104000000.0,266000000.0,266000000.0,265000000.0,1000000.0,504000000.0,2657000000.0,,15000000.0,1754000000.0,504000000.0,2153000000.0,18000000.0,4000000.0,1769000000.0,384000000.0,-14000000.0,370000000.0,2657000000.0,368100000.0,369100000.0,375600000.0
Estee Lauder Companies Inc,EL,549300VFZ8XJ9NUPU221,1001250,2016.0,Q3YTD,2015-07-01,2016-03-31,,2.76,2.76,0.84,2.72,,399000000.0,1026000000.0,1026000000.0,1021000000.0,5000000.0,1670000000.0,8616000000.0,,34000000.0,5445000000.0,1670000000.0,6946000000.0,52000000.0,10000000.0,5479000000.0,1467000000.0,-42000000.0,1425000000.0,8616000000.0,368100000.0,369100000.0,375600000.0
Estee Lauder Companies Inc,EL,549300VFZ8XJ9NUPU221,1001250,2016.0,Q3TTM,2015-04-01,2016-03-31,,3.16,3.16,1.08,3.11,,464100000.0,1180400000.0,1180400000.0,1174100000.0,6300000.0,2157400000.0,11140000000.0,,34000000.0,7253600000.0,2157400000.0,8982600000.0,67000000.0,16500000.0,7287600000.0,1695000000.0,-50500000.0,1644500000.0,11140000000.0,368100000.0,369100000.0,375600000.0
Estee Lauder Companies Inc,EL,549300VFZ8XJ9NUPU221,1001250,2016.0,Q2,2015-10-01,2015-12-31,2017-02-02 12:18:37+00:00,1.21,1.21,0.3,1.19,,167000000.0,449000000.0,449000000.0,447000000.0,2000000.0,589000000.0,3124000000.0,,19000000.0,1886000000.0,589000000.0,2535000000.0,17000000.0,3000000.0,1905000000.0,630000000.0,-14000000.0,616000000.0,3124000000.0,369400000.0,369600000.0,376000000.0
Estee Lauder Companies Inc,EL,549300VFZ8XJ9NUPU221,1001250,2016.0,Q2YTD,2015-07-01,2015-12-31,,2.04,2.04,0.54,2.01,,295000000.0,760000000.0,760000000.0,756000000.0,4000000.0,1166000000.0,5959000000.0,,19000000.0,3691000000.0,1166000000.0,4793000000.0,34000000.0,6000000.0,3710000000.0,1083000000.0,-28000000.0,1055000000.0,5959000000.0,369400000.0,369600000.0,376000000.0
Estee Lauder Companies Inc,EL,549300VFZ8XJ9NUPU221,1001250,2016.0,Q2TTM,2015-01-01,2015-12-31,,3.16,3.16,1.02,3.11,,472500000.0,1187100000.0,1187100000.0,1181200000.0,5900000.0,2156300000.0,11063500000.0,,19000000.0,7180000000.0,2156300000.0,8907200000.0,64200000.0,15600000.0,7199000000.0,1708200000.0,-48600000.0,1659600000.0,11063500000.0,369400000.0,369600000.0,376000000.0
Estee Lauder Companies Inc,EL,549300VFZ8XJ9NUPU221,1001250,2016.0,Q1,2015-07-01,2015-09-30,2016-11-02 16:41:49+00:00,0.83,0.83,0.24,0.82,,128000000.0,311000000.0,311000000.0,309000000.0,2000000.0,577000000.0,2835000000.0,,,1805000000.0,577000000.0,2258000000.0,17000000.0,3000000.0,1805000000.0,453000000.0,-14000000.0,439000000.0,2835000000.0,372300000.0,372500000.0,379000000.0
Estee Lauder Companies Inc,EL,549300VFZ8XJ9NUPU221,1001250,2016.0,Q1TTM,2014-10-01,2015-09-30,,3.1,3.1,0.96,3.05,,489400000.0,1175800000.0,1175800000.0,1169900000.0,5900000.0,2140400000.0,10984000000.0,,,7132600000.0,2140400000.0,8843600000.0,62200000.0,16400000.0,7132600000.0,1711000000.0,-45800000.0,1665200000.0,10984000000.0,372300000.0,372500000.0,379000000.0
Estee Lauder Companies Inc,EL,549300VFZ8XJ9NUPU221,1001250,2017.0,FY,2016-07-01,2017-06-30,2019-08-23 13:01:04+00:00,3.4,3.4,1.32,3.35,31000000.0,361000000.0,1256000000.0,1256000000.0,1249000000.0,7000000.0,2434000000.0,11824000000.0,-12000000.0,195000000.0,7460000000.0,2434000000.0,9390000000.0,103000000.0,28000000.0,7686000000.0,1704000000.0,-87000000.0,1617000000.0,11824000000.0,367400000.0,367100000.0,373000000.0
Estee Lauder Companies Inc,EL,549300VFZ8XJ9NUPU221,1001250,2017.0,Q4,2017-04-01,2017-06-30,,0.62,0.62,0.34,0.61,31000000.0,-23000000.0,230000000.0,230000000.0,229000000.0,1000000.0,610000000.0,2894000000.0,-12000000.0,73000000.0,1938000000.0,610000000.0,2284000000.0,32000000.0,9000000.0,2042000000.0,242000000.0,-35000000.0,207000000.0,2894000000.0,367400000.0,367100000.0,373000000.0
Estee Lauder Companies Inc,EL,549300VFZ8XJ9NUPU221,1001250,2017.0,Q3,2017-01-01,2017-03-31,2018-05-02 13:47:43+00:00,0.81,0.81,0.34,0.8,,107000000.0,300000000.0,300000000.0,298000000.0,2000000.0,591000000.0,2857000000.0,,59000000.0,1780000000.0,591000000.0,2266000000.0,28000000.0,8000000.0,1839000000.0,427000000.0,-20000000.0,407000000.0,2857000000.0,367900000.0,367000000.0,372300000.0
Estee Lauder Companies Inc,EL,549300VFZ8XJ9NUPU221,1001250,2017.0,Q3YTD,2016-07-01,2017-03-31,,2.78,2.78,0.98,2.74,,384000000.0,1026000000.0,1026000000.0,1020000000.0,6000000.0,1824000000.0,8930000000.0,,122000000.0,5522000000.0,1824000000.0,7106000000.0,71000000.0,19000000.0,5644000000.0,1462000000.0,-52000000.0,1410000000.0,8930000000.0,367900000.0,367000000.0,372300000.0
Estee Lauder Companies Inc,EL,549300VFZ8XJ9NUPU221,1001250,2017.0,Q3TTM,2016-04-01,2017-03-31,,3.03,3.03,1.28,2.98,,419000000.0,1121000000.0,1121000000.0,1114000000.0,7000000.0,2335000000.0,11576000000.0,,221000000.0,7415000000.0,2335000000.0,9241000000.0,90000000.0,25000000.0,7636000000.0,1605000000.0,-65000000.0,1540000000.0,11576000000.0,367900000.0,367000000.0,372300000.0
Estee Lauder Companies Inc,EL,549300VFZ8XJ9NUPU221,1001250,2017.0,Q2,2016-10-01,2016-12-31,2018-02-02 11:10:29+00:00,1.17,1.17,0.34,1.15,,170000000.0,430000000.0,430000000.0,428000000.0,2000000.0,637000000.0,3208000000.0,,37000000.0,1917000000.0,637000000.0,2571000000.0,22000000.0,5000000.0,1954000000.0,617000000.0,-17000000.0,600000000.0,3208000000.0,365800000.0,366900000.0,372600000.0
Estee Lauder Companies Inc,EL,549300VFZ8XJ9NUPU221,1001250,2017.0,Q2YTD,2016-07-01,2016-12-31,,1.97,1.97,0.64,1.94,,277000000.0,726000000.0,726000000.0,722000000.0,4000000.0,1233000000.0,6073000000.0,,63000000.0,3742000000.0,1233000000.0,4840000000.0,43000000.0,11000000.0,3805000000.0,1035000000.0,-32000000.0,1003000000.0,6073000000.0,365800000.0,366900000.0,372600000.0
Estee Lauder Companies Inc,EL,549300VFZ8XJ9NUPU221,1001250,2017.0,Q2TTM,2016-01-01,2016-12-31,,2.94,2.94,1.24,2.89,,416000000.0,1087000000.0,1087000000.0,1081000000.0,6000000.0,2248000000.0,11376000000.0,,177000000.0,7389000000.0,2248000000.0,9128000000.0,80000000.0,21000000.0,7566000000.0,1562000000.0,-59000000.0,1503000000.0,11376000000.0,365800000.0,366900000.0,372600000.0
Estee Lauder Companies Inc,EL,549300VFZ8XJ9NUPU221,1001250,2017.0,Q1,2016-07-01,2016-09-30,2017-11-01 13:27:28+00:00,0.8,0.8,0.3,0.79,,107000000.0,296000000.0,296000000.0,294000000.0,2000000.0,596000000.0,2865000000.0,,26000000.0,1825000000.0,596000000.0,2269000000.0,21000000.0,6000000.0,1851000000.0,418000000.0,-15000000.0,403000000.0,2865000000.0,367500000.0,366400000.0,373300000.0
Estee Lauder Companies Inc,EL,549300VFZ8XJ9NUPU221,1001250,2017.0,Q1TTM,2015-10-01,2016-09-30,,2.98,2.98,1.2,2.93,,413000000.0,1106000000.0,1106000000.0,1100000000.0,6000000.0,2200000000.0,11292000000.0,,159000000.0,7358000000.0,2200000000.0,9092000000.0,75000000.0,19000000.0,7517000000.0,1575000000.0,-56000000.0,1519000000.0,11292000000.0,367500000.0,366400000.0,373300000.0
Estee Lauder Companies Inc,EL,549300VFZ8XJ9NUPU221,1001250,2018.0,FY,2017-07-01,2018-06-30,2019-08-23 13:01:04+00:00,3.01,3.01,1.48,2.95,,863000000.0,1117000000.0,1117000000.0,1108000000.0,9000000.0,2844000000.0,13683000000.0,-3000000.0,231000000.0,8553000000.0,2844000000.0,10839000000.0,128000000.0,56000000.0,8784000000.0,2055000000.0,-75000000.0,1980000000.0,13683000000.0,368100000.0,368000000.0,375700000.0
Estee Lauder Companies Inc,EL,549300VFZ8XJ9NUPU221,1001250,2018.0,Q4,2018-04-01,2018-06-30,,0.51,0.51,0.38,0.49,,73000000.0,188000000.0,188000000.0,186000000.0,2000000.0,697000000.0,3295000000.0,-1000000.0,33000000.0,2287000000.0,697000000.0,2598000000.0,32000000.0,16000000.0,2320000000.0,278000000.0,-17000000.0,261000000.0,3295000000.0,368100000.0,368000000.0,375700000.0
Estee Lauder Companies Inc,EL,549300VFZ8XJ9NUPU221,1001250,2018.0,Q3,2018-01-01,2018-03-31,2019-05-01 12:28:37+00:00,1.01,1.01,0.38,0.99,,106000000.0,374000000.0,374000000.0,372000000.0,2000000.0,683000000.0,3370000000.0,-1000000.0,97000000.0,2092000000.0,683000000.0,2687000000.0,33000000.0,16000000.0,2189000000.0,498000000.0,-18000000.0,480000000.0,3370000000.0,368300000.0,367900000.0,375700000.0
Estee Lauder Companies Inc,EL,549300VFZ8XJ9NUPU221,1001250,2018.0,Q3YTD,2017-07-01,2018-03-31,,2.5,2.5,1.1,2.46,,790000000.0,929000000.0,929000000.0,922000000.0,7000000.0,2147000000.0,10388000000.0,-2000000.0,198000000.0,6266000000.0,2147000000.0,8241000000.0,96000000.0,40000000.0,6464000000.0,1777000000.0,-58000000.0,1719000000.0,10388000000.0,368300000.0,367900000.0,375700000.0
Estee Lauder Companies Inc,EL,549300VFZ8XJ9NUPU221,1001250,2018.0,Q3TTM,2017-04-01,2018-03-31,,3.12,3.12,1.44,3.07,31000000.0,767000000.0,1159000000.0,1159000000.0,1151000000.0,8000000.0,2757000000.0,13282000000.0,-14000000.0,271000000.0,8204000000.0,2757000000.0,10525000000.0,128000000.0,49000000.0,8506000000.0,2019000000.0,-93000000.0,1926000000.0,13282000000.0,368300000.0,367900000.0,375700000.0
Estee Lauder Companies Inc,EL,549300VFZ8XJ9NUPU221,1001250,2018.0,Q2,2017-10-01,2017-12-31,2019-02-05 12:17:28+00:00,0.33,0.33,0.38,0.33,,565000000.0,125000000.0,125000000.0,123000000.0,2000000.0,753000000.0,3744000000.0,,67000000.0,2214000000.0,753000000.0,2991000000.0,32000000.0,12000000.0,2281000000.0,710000000.0,-20000000.0,690000000.0,3744000000.0,372700000.0,368700000.0,376100000.0
Estee Lauder Companies Inc,EL,549300VFZ8XJ9NUPU221,1001250,2018.0,Q2YTD,2017-07-01,2017-12-31,,1.49,1.49,0.72,1.47,,684000000.0,555000000.0,555000000.0,550000000.0,5000000.0,1464000000.0,7018000000.0,-1000000.0,101000000.0,4174000000.0,1464000000.0,5554000000.0,63000000.0,24000000.0,4275000000.0,1279000000.0,-40000000.0,1239000000.0,7018000000.0,372700000.0,368700000.0,376100000.0
Estee Lauder Companies Inc,EL,549300VFZ8XJ9NUPU221,1001250,2018.0,Q2TTM,2017-01-01,2017-12-31,,2.92,2.92,1.4,2.88,31000000.0,768000000.0,1085000000.0,1085000000.0,1077000000.0,8000000.0,2665000000.0,12769000000.0,-13000000.0,233000000.0,7892000000.0,2665000000.0,10104000000.0,123000000.0,41000000.0,8156000000.0,1948000000.0,-95000000.0,1853000000.0,12769000000.0,372700000.0,368700000.0,376100000.0
Estee Lauder Companies Inc,EL,549300VFZ8XJ9NUPU221,1001250,2018.0,Q1,2017-07-01,2017-09-30,2018-10-31 13:10:41+00:00,1.16,1.16,0.34,1.14,,119000000.0,430000000.0,430000000.0,427000000.0,3000000.0,711000000.0,3274000000.0,-1000000.0,34000000.0,1960000000.0,711000000.0,2563000000.0,31000000.0,12000000.0,1994000000.0,569000000.0,-20000000.0,549000000.0,3274000000.0,368100000.0,368400000.0,375400000.0
Estee Lauder Companies Inc,EL,549300VFZ8XJ9NUPU221,1001250,2018.0,Q1TTM,2016-10-01,2017-09-30,,3.76,3.76,1.36,3.7,31000000.0,373000000.0,1390000000.0,1390000000.0,1382000000.0,8000000.0,2549000000.0,12233000000.0,-13000000.0,203000000.0,7595000000.0,2549000000.0,9684000000.0,113000000.0,34000000.0,7829000000.0,1855000000.0,-92000000.0,1763000000.0,12233000000.0,368100000.0,368400000.0,375400000.0
Estee Lauder Companies Inc,EL,549300VFZ8XJ9NUPU221,1001250,2019.0,Q4,2019-04-01,2019-06-30,,-4.51,0.44,0.43,0.42,,41000000.0,158000000.0,158000000.0,157000000.0,1000000.0,835000000.0,3590000000.0,-1000000.0,117000000.0,2422000000.0,835000000.0,2755000000.0,32000000.0,16000000.0,2539000000.0,216000000.0,-17000000.0,199000000.0,3590000000.0,-44625000000.0,363500000.0,370400000.0
Estee Lauder Companies Inc,EL,549300VFZ8XJ9NUPU221,1001250,2019.0,FY,2018-07-01,2019-06-30,2019-08-23 13:01:04+00:00,-0.04,4.91,1.67,4.82,90000000.0,513000000.0,1794000000.0,1794000000.0,1785000000.0,9000000.0,3387000000.0,14863000000.0,69000000.0,216000000.0,8857000000.0,3387000000.0,11476000000.0,133000000.0,58000000.0,9163000000.0,2313000000.0,-6000000.0,2307000000.0,14863000000.0,-44625000000.0,363500000.0,370400000.0
Estee Lauder Companies Inc,EL,549300VFZ8XJ9NUPU221,1001250,2019.0,Q3,2019-01-01,2019-03-31,2020-05-01 12:59:31+00:00,1.53,1.53,0.43,1.51,52000000.0,170000000.0,557000000.0,557000000.0,555000000.0,2000000.0,819000000.0,3744000000.0,70000000.0,29000000.0,2170000000.0,819000000.0,2925000000.0,32000000.0,15000000.0,2251000000.0,674000000.0,53000000.0,727000000.0,3744000000.0,362700000.0,361900000.0,368300000.0
Estee Lauder Companies Inc,EL,549300VFZ8XJ9NUPU221,1001250,2019.0,Q3YTD,2018-07-01,2019-03-31,,4.47,4.47,1.24,4.4,90000000.0,472000000.0,1636000000.0,1636000000.0,1628000000.0,8000000.0,2552000000.0,11273000000.0,70000000.0,99000000.0,6435000000.0,2552000000.0,8721000000.0,101000000.0,42000000.0,6624000000.0,2097000000.0,11000000.0,2108000000.0,11273000000.0,362700000.0,361900000.0,368300000.0
Estee Lauder Companies Inc,EL,549300VFZ8XJ9NUPU221,1001250,2019.0,Q3TTM,2018-04-01,2019-03-31,,4.98,4.98,1.62,4.89,90000000.0,545000000.0,1824000000.0,1824000000.0,1814000000.0,10000000.0,3249000000.0,14568000000.0,69000000.0,132000000.0,8722000000.0,3249000000.0,11319000000.0,133000000.0,58000000.0,8944000000.0,2375000000.0,-6000000.0,2369000000.0,14568000000.0,362700000.0,361900000.0,368300000.0
Estee Lauder Companies Inc,EL,549300VFZ8XJ9NUPU221,1001250,2019.0,Q2,2018-10-01,2018-12-31,2020-02-06 15:05:03+00:00,1.58,1.58,0.43,1.55,38000000.0,171000000.0,577000000.0,577000000.0,573000000.0,4000000.0,910000000.0,4005000000.0,,29000000.0,2257000000.0,910000000.0,3095000000.0,35000000.0,12000000.0,2324000000.0,771000000.0,-23000000.0,748000000.0,4005000000.0,362700000.0,363300000.0,369900000.0
Estee Lauder Companies Inc,EL,549300VFZ8XJ9NUPU221,1001250,2019.0,Q2YTD,2018-07-01,2018-12-31,,2.94,2.94,0.81,2.89,38000000.0,302000000.0,1079000000.0,1079000000.0,1073000000.0,6000000.0,1733000000.0,7529000000.0,,70000000.0,4265000000.0,1733000000.0,5796000000.0,69000000.0,27000000.0,4373000000.0,1423000000.0,-42000000.0,1381000000.0,7529000000.0,362700000.0,363300000.0,369900000.0
Estee Lauder Companies Inc,EL,549300VFZ8XJ9NUPU221,1001250,2019.0,Q2TTM,2018-01-01,2018-12-31,,4.46,4.46,1.57,4.37,38000000.0,481000000.0,1641000000.0,1641000000.0,1631000000.0,10000000.0,3113000000.0,14194000000.0,-2000000.0,200000000.0,8644000000.0,3113000000.0,11081000000.0,134000000.0,59000000.0,8882000000.0,2199000000.0,-77000000.0,2122000000.0,14194000000.0,362700000.0,363300000.0,369900000.0
Estee Lauder Companies Inc,EL,549300VFZ8XJ9NUPU221,1001250,2019.0,Q1,2018-07-01,2018-09-30,2019-10-31 12:46:25+00:00,1.36,1.36,0.38,1.34,,131000000.0,502000000.0,502000000.0,500000000.0,2000000.0,823000000.0,3524000000.0,,41000000.0,2008000000.0,823000000.0,2701000000.0,34000000.0,15000000.0,2049000000.0,652000000.0,-19000000.0,633000000.0,3524000000.0,367600000.0,366800000.0,374400000.0
Estee Lauder Companies Inc,EL,549300VFZ8XJ9NUPU221,1001250,2019.0,Q1TTM,2017-10-01,2018-09-30,,3.21,3.21,1.52,3.15,,875000000.0,1189000000.0,1189000000.0,1181000000.0,8000000.0,2956000000.0,13933000000.0,-2000000.0,238000000.0,8601000000.0,2956000000.0,10977000000.0,131000000.0,59000000.0,8839000000.0,2138000000.0,-74000000.0,2064000000.0,13933000000.0,367600000.0,366800000.0,374400000.0
Estee Lauder Companies Inc,EL,549300VFZ8XJ9NUPU221,1001250,2020.0,Q3YTD,2019-07-01,2020-03-31,,3.18,3.18,1.39,3.11,1123000000.0,496000000.0,1155000000.0,1155000000.0,1146000000.0,9000000.0,2785000000.0,11864000000.0,573000000.0,54000000.0,6753000000.0,2785000000.0,9079000000.0,112000000.0,41000000.0,7930000000.0,1149000000.0,502000000.0,1651000000.0,11864000000.0,300000000.0,360200000.0,360200000.0
Estee Lauder Companies Inc,EL,549300VFZ8XJ9NUPU221,1001250,2020.0,Q3TTM,2019-04-01,2020-03-31,,-1.33,3.62,1.82,3.53,1123000000.0,537000000.0,1313000000.0,1313000000.0,1303000000.0,10000000.0,3620000000.0,15454000000.0,572000000.0,171000000.0,9175000000.0,3620000000.0,11834000000.0,144000000.0,57000000.0,10469000000.0,1365000000.0,485000000.0,1850000000.0,15454000000.0,300000000.0,360200000.0,360200000.0
Estee Lauder Companies Inc,EL,549300VFZ8XJ9NUPU221,1001250,2020.0,Q3,2020-01-01,2020-03-31,2020-05-01 12:59:31+00:00,-0.02,-0.02,0.48,-0.02,346000000.0,84000000.0,-4000000.0,-4000000.0,-6000000.0,2000000.0,836000000.0,3345000000.0,-1000000.0,24000000.0,2030000000.0,836000000.0,2509000000.0,42000000.0,14000000.0,2400000000.0,109000000.0,-29000000.0,80000000.0,3345000000.0,300000000.0,360200000.0,360200000.0
Estee Lauder Companies Inc,EL,549300VFZ8XJ9NUPU221,1001250,2020.0,Q2YTD,2019-07-01,2019-12-31,,3.2,3.2,0.91,3.13,777000000.0,412000000.0,1159000000.0,1159000000.0,1152000000.0,7000000.0,1949000000.0,8519000000.0,574000000.0,30000000.0,4723000000.0,1949000000.0,6570000000.0,70000000.0,27000000.0,5530000000.0,1040000000.0,531000000.0,1571000000.0,8519000000.0,359400000.0,360200000.0,366700000.0
Estee Lauder Companies Inc,EL,549300VFZ8XJ9NUPU221,1001250,2020.0,Q2TTM,2019-01-01,2019-12-31,,0.22,5.17,1.77,5.06,829000000.0,623000000.0,1874000000.0,1874000000.0,1864000000.0,10000000.0,3603000000.0,15853000000.0,643000000.0,176000000.0,9315000000.0,3603000000.0,12250000000.0,134000000.0,58000000.0,10320000000.0,1930000000.0,567000000.0,2497000000.0,15853000000.0,359400000.0,360200000.0,366700000.0
Estee Lauder Companies Inc,EL,549300VFZ8XJ9NUPU221,1001250,2020.0,Q2,2019-10-01,2019-12-31,2020-02-06 15:05:03+00:00,1.55,1.55,0.48,1.52,777000000.0,250000000.0,561000000.0,561000000.0,557000000.0,4000000.0,1041000000.0,4624000000.0,575000000.0,7000000.0,2538000000.0,1041000000.0,3583000000.0,38000000.0,13000000.0,3322000000.0,261000000.0,550000000.0,811000000.0,4624000000.0,359400000.0,360200000.0,366700000.0
Estee Lauder Companies Inc,EL,549300VFZ8XJ9NUPU221,1001250,2020.0,Q1TTM,2018-10-01,2019-09-30,,0.25,5.2,1.72,5.09,90000000.0,544000000.0,1890000000.0,1890000000.0,1880000000.0,10000000.0,3472000000.0,15234000000.0,68000000.0,198000000.0,9034000000.0,3472000000.0,11762000000.0,131000000.0,57000000.0,9322000000.0,2440000000.0,-6000000.0,2434000000.0,15234000000.0,360600000.0,361400000.0,368600000.0
Estee Lauder Companies Inc,EL,549300VFZ8XJ9NUPU221,1001250,2020.0,Q1,2019-07-01,2019-09-30,2019-10-31 12:46:25+00:00,1.65,1.65,0.43,1.61,,162000000.0,598000000.0,598000000.0,595000000.0,3000000.0,908000000.0,3895000000.0,-1000000.0,23000000.0,2185000000.0,908000000.0,2987000000.0,32000000.0,14000000.0,2208000000.0,779000000.0,-19000000.0,760000000.0,3895000000.0,360600000.0,361400000.0,368600000.0
