company_name,company_ticker,company_lei,company_cik,year,quarter,start_date,end_date,filing_date,basicdilutedeps,basiceps,dilutedeps,incometaxexpense,netincome,netincomecontinuing,netincometocommon,operatingcostofrevenue,operatingrevenue,otherincome,otheroperatingexpenses,otherspecialcharges,sgaexpense,totalcostofrevenue,totalgrossprofit,totalinterestexpense,totalinterestincome,totaloperatingexpenses,totaloperatingincome,totalotherincome,totalpretaxincome,totalrevenue,weightedavebasicdilutedsharesos,weightedavebasicsharesos,weightedavedilutedsharesos
O'Reilly Automotive Inc,ORLY,549300K2RLMQL149Q332,898173,2008.0,FY,2008-01-01,2008-12-31,2011-02-28 16:31:09+00:00,1.5,1.5,1.48,116300000.0,186232000.0,186232000.0,186232000.0,1948627000.0,3576553000.0,-10132000.0,,0.0,1292309000.0,1948627000.0,1627926000.0,26138000.0,3185000.0,1292309000.0,335617000.0,-33085000.0,302532000.0,3576553000.0,124200000.0,124526000.0,125413000.0
O'Reilly Automotive Inc,ORLY,549300K2RLMQL149Q332,898173,2009.0,Q4,2009-10-01,2009-12-31,,0.52,0.52,0.52,44050000.0,71923000.0,71923000.0,71923000.0,604163000.0,1173697000.0,1214000.0,,,444122000.0,604163000.0,569534000.0,11069000.0,416000.0,444122000.0,125412000.0,-9439000.0,115973000.0,1173697000.0,136100000.0,136230000.0,137882000.0
O'Reilly Automotive Inc,ORLY,549300K2RLMQL149Q332,898173,2009.0,FY,2009-01-01,2009-12-31,2012-02-28 16:33:21+00:00,2.26,2.26,2.23,189400000.0,307498000.0,307498000.0,307498000.0,2520534000.0,4847062000.0,2912000.0,0.0,0.0,1788909000.0,2520534000.0,2326528000.0,45176000.0,1543000.0,1788909000.0,537619000.0,-40721000.0,496898000.0,4847062000.0,136100000.0,136230000.0,137882000.0
O'Reilly Automotive Inc,ORLY,549300K2RLMQL149Q332,898173,2009.0,Q3YTD,2009-01-01,2009-09-30,,1.74,1.74,1.71,145350000.0,235575000.0,235575000.0,235575000.0,1916371000.0,3673365000.0,1698000.0,,,1344787000.0,1916371000.0,1756994000.0,34107000.0,1127000.0,1344787000.0,412207000.0,-31282000.0,380925000.0,3673365000.0,136300000.0,136774000.0,138704000.0
O'Reilly Automotive Inc,ORLY,549300K2RLMQL149Q332,898173,2009.0,Q3,2009-07-01,2009-09-30,2010-11-08 16:30:55+00:00,0.64,0.64,0.63,52050000.0,87225000.0,87225000.0,87225000.0,647684000.0,1258239000.0,825000.0,,0.0,461359000.0,647684000.0,610555000.0,11086000.0,340000.0,461359000.0,149196000.0,-9921000.0,139275000.0,1258239000.0,136300000.0,136774000.0,138704000.0
O'Reilly Automotive Inc,ORLY,549300K2RLMQL149Q332,898173,2009.0,Q2YTD,2009-01-01,2009-06-30,,1.1,1.1,1.08,93300000.0,148350000.0,148350000.0,148350000.0,1268687000.0,2415126000.0,873000.0,,,883428000.0,1268687000.0,1146439000.0,23021000.0,787000.0,883428000.0,263011000.0,-21361000.0,241650000.0,2415126000.0,135700000.0,135773000.0,137548000.0
O'Reilly Automotive Inc,ORLY,549300K2RLMQL149Q332,898173,2009.0,Q2,2009-04-01,2009-06-30,2010-08-05 14:07:53+00:00,0.63,0.63,0.62,53950000.0,85515000.0,85515000.0,85515000.0,647608000.0,1251377000.0,390000.0,,,454094000.0,647608000.0,603769000.0,10961000.0,361000.0,454094000.0,149675000.0,-10210000.0,139465000.0,1251377000.0,135700000.0,135773000.0,137548000.0
O'Reilly Automotive Inc,ORLY,549300K2RLMQL149Q332,898173,2009.0,Q1,2009-01-01,2009-03-31,2010-05-07 16:51:43+00:00,0.47,0.47,0.46,39350000.0,62835000.0,62835000.0,62835000.0,621079000.0,1163749000.0,483000.0,,,429334000.0,621079000.0,542670000.0,12060000.0,426000.0,429334000.0,113336000.0,-11151000.0,102185000.0,1163749000.0,133700000.0,135043000.0,136234000.0
O'Reilly Automotive Inc,ORLY,549300K2RLMQL149Q332,898173,2010.0,Q4,2010-10-01,2010-12-31,,0.75,0.75,0.72,63500000.0,105760000.0,105760000.0,105760000.0,673733000.0,1310330000.0,12084000.0,,,472461000.0,673733000.0,636597000.0,7492000.0,532000.0,472461000.0,164136000.0,5124000.0,169260000.0,1310330000.0,138900000.0,138654000.0,141992000.0
O'Reilly Automotive Inc,ORLY,549300K2RLMQL149Q332,898173,2010.0,FY,2010-01-01,2010-12-31,2013-02-28 17:04:29+00:00,3.02,3.02,2.95,270000000.0,419373000.0,419373000.0,419373000.0,2776533000.0,5397525000.0,13929000.0,0.0,20900000.0,1887316000.0,2776533000.0,2620992000.0,39273000.0,1941000.0,1908216000.0,712776000.0,-23403000.0,689373000.0,5397525000.0,138900000.0,138654000.0,141992000.0
O'Reilly Automotive Inc,ORLY,549300K2RLMQL149Q332,898173,2010.0,Q3YTD,2010-01-01,2010-09-30,,2.27,2.27,2.23,206500000.0,313613000.0,313613000.0,313613000.0,2102800000.0,4087195000.0,1845000.0,,20900000.0,1414855000.0,2102800000.0,1984395000.0,31781000.0,1409000.0,1435755000.0,548640000.0,-28527000.0,520113000.0,4087195000.0,138700000.0,138831000.0,141706000.0
O'Reilly Automotive Inc,ORLY,549300K2RLMQL149Q332,898173,2010.0,Q3TTM,2009-10-01,2010-09-30,,2.79,2.79,2.75,250550000.0,385536000.0,385536000.0,385536000.0,2706963000.0,5260892000.0,3059000.0,,20900000.0,1858977000.0,2706963000.0,2553929000.0,42850000.0,1825000.0,1879877000.0,674052000.0,-37966000.0,636086000.0,5260892000.0,138700000.0,138831000.0,141706000.0
O'Reilly Automotive Inc,ORLY,549300K2RLMQL149Q332,898173,2010.0,Q3,2010-07-01,2010-09-30,2011-11-08 16:30:43+00:00,0.84,0.84,0.82,73650000.0,116542000.0,116542000.0,116542000.0,732472000.0,1425887000.0,407000.0,,5900000.0,488484000.0,732472000.0,693415000.0,9756000.0,510000.0,494384000.0,199031000.0,-8839000.0,190192000.0,1425887000.0,138700000.0,138831000.0,141706000.0
O'Reilly Automotive Inc,ORLY,549300K2RLMQL149Q332,898173,2010.0,Q2YTD,2010-01-01,2010-06-30,,1.43,1.43,1.41,132850000.0,197071000.0,197071000.0,197071000.0,1370328000.0,2661308000.0,1438000.0,,15000000.0,926371000.0,1370328000.0,1290980000.0,22025000.0,899000.0,941371000.0,349609000.0,-19688000.0,329921000.0,2661308000.0,138300000.0,138230000.0,141117000.0
O'Reilly Automotive Inc,ORLY,549300K2RLMQL149Q332,898173,2010.0,Q2TTM,2009-07-01,2010-06-30,,2.59,2.59,2.56,228950000.0,356219000.0,356219000.0,356219000.0,2622175000.0,5093244000.0,3477000.0,,15000000.0,1831852000.0,2622175000.0,2471069000.0,44180000.0,1655000.0,1846852000.0,624217000.0,-39048000.0,585169000.0,5093244000.0,138300000.0,138230000.0,141117000.0
O'Reilly Automotive Inc,ORLY,549300K2RLMQL149Q332,898173,2010.0,Q2,2010-04-01,2010-06-30,2011-08-08 16:30:54+00:00,0.72,0.72,0.71,71850000.0,99595000.0,99595000.0,99595000.0,708608000.0,1381241000.0,924000.0,,15000000.0,476469000.0,708608000.0,672633000.0,11146000.0,503000.0,491469000.0,181164000.0,-9719000.0,171445000.0,1381241000.0,138300000.0,138230000.0,141117000.0
O'Reilly Automotive Inc,ORLY,549300K2RLMQL149Q332,898173,2010.0,Q1TTM,2009-04-01,2010-03-31,,2.5,2.5,2.47,211050000.0,342139000.0,342139000.0,342139000.0,2561175000.0,4963380000.0,2943000.0,,,1809477000.0,2561175000.0,2402205000.0,43995000.0,1513000.0,1809477000.0,592728000.0,-39539000.0,553189000.0,4963380000.0,137300000.0,137583000.0,139612000.0
O'Reilly Automotive Inc,ORLY,549300K2RLMQL149Q332,898173,2010.0,Q1,2010-01-01,2010-03-31,2011-05-23 16:32:50+00:00,0.71,0.71,0.7,61000000.0,97476000.0,97476000.0,97476000.0,661720000.0,1280067000.0,514000.0,,,449902000.0,661720000.0,618347000.0,10879000.0,396000.0,449902000.0,168445000.0,-9969000.0,158476000.0,1280067000.0,137300000.0,137583000.0,139612000.0
O'Reilly Automotive Inc,ORLY,549300K2RLMQL149Q332,898173,2011.0,Q4,2011-10-01,2011-12-31,,0.95,0.95,0.93,74600000.0,122988000.0,122988000.0,122988000.0,696610000.0,1391307000.0,-489000.0,-2798000.0,,490584000.0,696610000.0,694697000.0,9459000.0,625000.0,487786000.0,206911000.0,-9323000.0,197588000.0,1391307000.0,134700000.0,134667000.0,136983000.0
O'Reilly Automotive Inc,ORLY,549300K2RLMQL149Q332,898173,2011.0,FY,2011-01-01,2011-12-31,2014-02-28 13:02:01+00:00,3.77,3.77,3.71,308100000.0,507673000.0,507673000.0,507673000.0,2951467000.0,5788816000.0,-3447000.0,-2798000.0,,1973381000.0,2951467000.0,2837349000.0,49791000.0,2245000.0,1970583000.0,866766000.0,-50993000.0,815773000.0,5788816000.0,134700000.0,134667000.0,136983000.0
O'Reilly Automotive Inc,ORLY,549300K2RLMQL149Q332,898173,2011.0,Q3YTD,2011-01-01,2011-09-30,,2.82,2.82,2.78,233500000.0,384685000.0,384685000.0,384685000.0,2254857000.0,4397509000.0,-2958000.0,,,1482797000.0,2254857000.0,2142652000.0,40332000.0,1620000.0,1482797000.0,659855000.0,-41670000.0,618185000.0,4397509000.0,132500000.0,132777000.0,135033000.0
O'Reilly Automotive Inc,ORLY,549300K2RLMQL149Q332,898173,2011.0,Q3TTM,2010-10-01,2011-09-30,,3.57,3.57,3.5,297000000.0,490445000.0,490445000.0,490445000.0,2928590000.0,5707839000.0,9126000.0,,,1955258000.0,2928590000.0,2779249000.0,47824000.0,2152000.0,1955258000.0,823991000.0,-36546000.0,787445000.0,5707839000.0,132500000.0,132777000.0,135033000.0
O'Reilly Automotive Inc,ORLY,549300K2RLMQL149Q332,898173,2011.0,Q3,2011-07-01,2011-09-30,2012-11-08 16:56:25+00:00,1.12,1.12,1.1,86590000.0,148439000.0,148439000.0,148439000.0,781243000.0,1535453000.0,675000.0,,,513160000.0,781243000.0,754210000.0,7212000.0,516000.0,513160000.0,241050000.0,-6021000.0,235029000.0,1535453000.0,132500000.0,132777000.0,135033000.0
O'Reilly Automotive Inc,ORLY,549300K2RLMQL149Q332,898173,2011.0,Q2YTD,2011-01-01,2011-06-30,,1.7,1.7,1.68,146910000.0,236246000.0,236246000.0,236246000.0,1473614000.0,2862056000.0,-3633000.0,,,969637000.0,1473614000.0,1388442000.0,33120000.0,1104000.0,969637000.0,418805000.0,-35649000.0,383156000.0,2862056000.0,137900000.0,137399000.0,139716000.0
O'Reilly Automotive Inc,ORLY,549300K2RLMQL149Q332,898173,2011.0,Q2TTM,2010-07-01,2011-06-30,,3.29,3.29,3.22,284060000.0,458548000.0,458548000.0,458548000.0,2879819000.0,5598273000.0,8858000.0,,5900000.0,1930582000.0,2879819000.0,2718454000.0,50368000.0,2146000.0,1936482000.0,781972000.0,-39364000.0,742608000.0,5598273000.0,137900000.0,137399000.0,139716000.0
O'Reilly Automotive Inc,ORLY,549300K2RLMQL149Q332,898173,2011.0,Q2,2011-04-01,2011-06-30,2012-08-08 16:37:16+00:00,0.97,0.97,0.96,83210000.0,133772000.0,133772000.0,133772000.0,760657000.0,1479318000.0,309000.0,,,496293000.0,760657000.0,718661000.0,6257000.0,562000.0,496293000.0,222368000.0,-5386000.0,216982000.0,1479318000.0,137900000.0,137399000.0,139716000.0
O'Reilly Automotive Inc,ORLY,549300K2RLMQL149Q332,898173,2011.0,Q1TTM,2010-04-01,2011-03-31,,3.04,3.04,2.97,272700000.0,424371000.0,424371000.0,424371000.0,2827770000.0,5500196000.0,9473000.0,,20900000.0,1910758000.0,2827770000.0,2672426000.0,55257000.0,2087000.0,1931658000.0,740768000.0,-43697000.0,697071000.0,5500196000.0,140400000.0,140579000.0,142866000.0
O'Reilly Automotive Inc,ORLY,549300K2RLMQL149Q332,898173,2011.0,Q1,2011-01-01,2011-03-31,2012-05-10 16:31:32+00:00,0.73,0.73,0.72,63700000.0,102474000.0,102474000.0,102474000.0,712957000.0,1382738000.0,-3942000.0,,,473344000.0,712957000.0,669781000.0,26863000.0,542000.0,473344000.0,196437000.0,-30263000.0,166174000.0,1382738000.0,140400000.0,140579000.0,142866000.0
O'Reilly Automotive Inc,ORLY,549300K2RLMQL149Q332,898173,2012.0,FY,2012-01-01,2012-12-31,2015-02-27 15:28:23+00:00,4.83,4.83,4.75,355775000.0,585746000.0,585746000.0,585746000.0,3084766000.0,6182184000.0,1887000.0,,,2120025000.0,3084766000.0,3097418000.0,40200000.0,2441000.0,2120025000.0,977393000.0,-35872000.0,941521000.0,6182184000.0,121300000.0,121182000.0,123314000.0
O'Reilly Automotive Inc,ORLY,549300K2RLMQL149Q332,898173,2012.0,Q4,2012-10-01,2012-12-31,,1.16,1.16,1.14,79875000.0,132802000.0,132802000.0,132802000.0,738001000.0,1488385000.0,593000.0,,,527413000.0,738001000.0,750384000.0,11478000.0,591000.0,527413000.0,222971000.0,-10294000.0,212677000.0,1488385000.0,121300000.0,121182000.0,123314000.0
O'Reilly Automotive Inc,ORLY,549300K2RLMQL149Q332,898173,2012.0,Q3,2012-07-01,2012-09-30,2013-11-08 16:50:17+00:00,1.34,1.34,1.32,94650000.0,159332000.0,159332000.0,159332000.0,796065000.0,1601558000.0,550000.0,,,542175000.0,796065000.0,805493000.0,10451000.0,565000.0,542175000.0,263318000.0,-9336000.0,253982000.0,1601558000.0,118900000.0,118546000.0,120539000.0
O'Reilly Automotive Inc,ORLY,549300K2RLMQL149Q332,898173,2012.0,Q3YTD,2012-01-01,2012-09-30,,3.67,3.67,3.61,275900000.0,452944000.0,452944000.0,452944000.0,2346765000.0,4693799000.0,1294000.0,,,1592612000.0,2346765000.0,2347034000.0,28722000.0,1850000.0,1592612000.0,754422000.0,-25578000.0,728844000.0,4693799000.0,118900000.0,118546000.0,120539000.0
O'Reilly Automotive Inc,ORLY,549300K2RLMQL149Q332,898173,2012.0,Q3TTM,2011-10-01,2012-09-30,,4.62,4.62,4.54,350500000.0,575932000.0,575932000.0,575932000.0,3043375000.0,6085106000.0,805000.0,-2798000.0,,2083196000.0,3043375000.0,3041731000.0,38181000.0,2475000.0,2080398000.0,961333000.0,-34901000.0,926432000.0,6085106000.0,118900000.0,118546000.0,120539000.0
O'Reilly Automotive Inc,ORLY,549300K2RLMQL149Q332,898173,2012.0,Q2,2012-04-01,2012-06-30,2013-08-08 16:46:31+00:00,1.17,1.17,1.15,88950000.0,146120000.0,146120000.0,146120000.0,782988000.0,1562849000.0,-51000.0,,,536258000.0,782988000.0,779861000.0,9140000.0,658000.0,536258000.0,243603000.0,-8533000.0,235070000.0,1562849000.0,124900000.0,124870000.0,127188000.0
O'Reilly Automotive Inc,ORLY,549300K2RLMQL149Q332,898173,2012.0,Q2YTD,2012-01-01,2012-06-30,,2.33,2.33,2.29,181250000.0,293612000.0,293612000.0,293612000.0,1550700000.0,3092241000.0,744000.0,,,1050437000.0,1550700000.0,1541541000.0,18271000.0,1285000.0,1050437000.0,491104000.0,-16242000.0,474862000.0,3092241000.0,124900000.0,124870000.0,127188000.0
O'Reilly Automotive Inc,ORLY,549300K2RLMQL149Q332,898173,2012.0,Q2TTM,2011-07-01,2012-06-30,,4.4,4.4,4.32,342440000.0,565039000.0,565039000.0,565039000.0,3028553000.0,6019001000.0,930000.0,-2798000.0,,2054181000.0,3028553000.0,2990448000.0,34942000.0,2426000.0,2051383000.0,939065000.0,-31586000.0,907479000.0,6019001000.0,124900000.0,124870000.0,127188000.0
O'Reilly Automotive Inc,ORLY,549300K2RLMQL149Q332,898173,2012.0,Q1,2012-01-01,2012-03-31,2013-05-09 16:40:47+00:00,1.16,1.16,1.14,92300000.0,147492000.0,147492000.0,147492000.0,767712000.0,1529392000.0,795000.0,,,514179000.0,767712000.0,761680000.0,9131000.0,627000.0,514179000.0,247501000.0,-7709000.0,239792000.0,1529392000.0,127100000.0,126970000.0,129327000.0
O'Reilly Automotive Inc,ORLY,549300K2RLMQL149Q332,898173,2012.0,Q1TTM,2011-04-01,2012-03-31,,4.2,4.2,4.13,336700000.0,552691000.0,552691000.0,552691000.0,3006222000.0,5935470000.0,1290000.0,-2798000.0,,2014216000.0,3006222000.0,2929248000.0,32059000.0,2330000.0,2011418000.0,917830000.0,-28439000.0,889391000.0,5935470000.0,127100000.0,126970000.0,129327000.0
O'Reilly Automotive Inc,ORLY,549300K2RLMQL149Q332,898173,2013.0,FY,2013-01-01,2013-12-31,2016-02-26 13:14:39+00:00,6.14,6.14,6.03,388650000.0,670292000.0,670292000.0,670292000.0,3280236000.0,6649237000.0,2539000.0,,,2265516000.0,3280236000.0,3369001000.0,49074000.0,1992000.0,2265516000.0,1103485000.0,-44543000.0,1058942000.0,6649237000.0,109200000.0,109244000.0,111101000.0
O'Reilly Automotive Inc,ORLY,549300K2RLMQL149Q332,898173,2013.0,Q4,2013-10-01,2013-12-31,,1.43,1.43,1.4,91550000.0,152347000.0,152347000.0,152347000.0,801934000.0,1621234000.0,517000.0,,,563540000.0,801934000.0,819300000.0,12912000.0,532000.0,563540000.0,255760000.0,-11863000.0,243897000.0,1621234000.0,109200000.0,109244000.0,111101000.0
O'Reilly Automotive Inc,ORLY,549300K2RLMQL149Q332,898173,2013.0,Q3YTD,2013-01-01,2013-09-30,,4.71,4.71,4.63,297100000.0,517945000.0,517945000.0,517945000.0,2478302000.0,5028003000.0,2022000.0,,,1701976000.0,2478302000.0,2549701000.0,36162000.0,1460000.0,1701976000.0,847725000.0,-32680000.0,815045000.0,5028003000.0,108400000.0,108307000.0,110193000.0
O'Reilly Automotive Inc,ORLY,549300K2RLMQL149Q332,898173,2013.0,Q3TTM,2012-10-01,2013-09-30,,5.87,5.87,5.77,376975000.0,650747000.0,650747000.0,650747000.0,3216303000.0,6516388000.0,2615000.0,,,2229389000.0,3216303000.0,3300085000.0,47640000.0,2051000.0,2229389000.0,1070696000.0,-42974000.0,1027722000.0,6516388000.0,108400000.0,108307000.0,110193000.0
O'Reilly Automotive Inc,ORLY,549300K2RLMQL149Q332,898173,2013.0,Q3,2013-07-01,2013-09-30,2014-11-07 16:34:37+00:00,1.72,1.72,1.69,101800000.0,186489000.0,186489000.0,186489000.0,848862000.0,1728025000.0,690000.0,,,578783000.0,848862000.0,879163000.0,13295000.0,514000.0,578783000.0,300380000.0,-12091000.0,288289000.0,1728025000.0,108400000.0,108307000.0,110193000.0
O'Reilly Automotive Inc,ORLY,549300K2RLMQL149Q332,898173,2013.0,Q2YTD,2013-01-01,2013-06-30,,2.99,2.99,2.94,195300000.0,331456000.0,331456000.0,331456000.0,1629440000.0,3299978000.0,1332000.0,,,1123193000.0,1629440000.0,1670538000.0,22867000.0,946000.0,1123193000.0,547345000.0,-20589000.0,526756000.0,3299978000.0,110000000.0,110278000.0,112079000.0
O'Reilly Automotive Inc,ORLY,549300K2RLMQL149Q332,898173,2013.0,Q2TTM,2012-07-01,2013-06-30,,5.49,5.49,5.4,369825000.0,623590000.0,623590000.0,623590000.0,3163506000.0,6389921000.0,2475000.0,,,2192781000.0,3163506000.0,3226415000.0,44796000.0,2102000.0,2192781000.0,1033634000.0,-40219000.0,993415000.0,6389921000.0,110000000.0,110278000.0,112079000.0
O'Reilly Automotive Inc,ORLY,549300K2RLMQL149Q332,898173,2013.0,Q2,2013-04-01,2013-06-30,2014-08-08 16:38:00+00:00,1.61,1.61,1.58,109000000.0,177127000.0,177127000.0,177127000.0,843094000.0,1714969000.0,864000.0,,,575614000.0,843094000.0,871875000.0,11467000.0,469000.0,575614000.0,296261000.0,-10134000.0,286127000.0,1714969000.0,110000000.0,110278000.0,112079000.0
O'Reilly Automotive Inc,ORLY,549300K2RLMQL149Q332,898173,2013.0,Q1TTM,2012-04-01,2013-03-31,,5.05,5.05,4.97,349775000.0,592583000.0,592583000.0,592583000.0,3103400000.0,6237801000.0,1560000.0,,,2153425000.0,3103400000.0,3134401000.0,42469000.0,2291000.0,2153425000.0,980976000.0,-38618000.0,942358000.0,6237801000.0,111800000.0,111557000.0,113396000.0
O'Reilly Automotive Inc,ORLY,549300K2RLMQL149Q332,898173,2013.0,Q1,2013-01-01,2013-03-31,2014-05-09 16:46:08+00:00,1.38,1.38,1.36,86300000.0,154329000.0,154329000.0,154329000.0,786346000.0,1585009000.0,468000.0,,,547579000.0,786346000.0,798663000.0,11400000.0,477000.0,547579000.0,251084000.0,-10455000.0,240629000.0,1585009000.0,111800000.0,111557000.0,113396000.0
O'Reilly Automotive Inc,ORLY,549300K2RLMQL149Q332,898173,2014.0,FY,2014-01-01,2014-12-31,2017-02-28 16:32:37+00:00,7.46,7.46,7.34,444000000.0,778182000.0,778182000.0,778182000.0,3507180000.0,7216081000.0,2797000.0,,,2438527000.0,3507180000.0,3708901000.0,53290000.0,2301000.0,2438527000.0,1270374000.0,-48192000.0,1222182000.0,7216081000.0,104300000.0,104262000.0,106041000.0
O'Reilly Automotive Inc,ORLY,549300K2RLMQL149Q332,898173,2014.0,Q4,2014-10-01,2014-12-31,,1.78,1.78,1.76,108428000.0,181678000.0,181678000.0,181678000.0,852071000.0,1764178000.0,560000.0,,,609095000.0,852071000.0,912107000.0,14079000.0,613000.0,609095000.0,303012000.0,-12906000.0,290106000.0,1764178000.0,104300000.0,104262000.0,106041000.0
O'Reilly Automotive Inc,ORLY,549300K2RLMQL149Q332,898173,2014.0,Q3,2014-07-01,2014-09-30,2015-11-06 16:48:15+00:00,2.1,2.1,2.06,115321000.0,216997000.0,216997000.0,216997000.0,908671000.0,1876872000.0,982000.0,,,624433000.0,908671000.0,968201000.0,12983000.0,551000.0,624433000.0,343768000.0,-11450000.0,332318000.0,1876872000.0,103300000.0,103498000.0,105222000.0
O'Reilly Automotive Inc,ORLY,549300K2RLMQL149Q332,898173,2014.0,Q3YTD,2014-01-01,2014-09-30,,5.68,5.68,5.58,335572000.0,596504000.0,596504000.0,596504000.0,2655109000.0,5451903000.0,2237000.0,,,1829432000.0,2655109000.0,2796794000.0,39211000.0,1688000.0,1829432000.0,967362000.0,-35286000.0,932076000.0,5451903000.0,103300000.0,103498000.0,105222000.0
O'Reilly Automotive Inc,ORLY,549300K2RLMQL149Q332,898173,2014.0,Q3TTM,2013-10-01,2014-09-30,,7.11,7.11,6.98,427122000.0,748851000.0,748851000.0,748851000.0,3457043000.0,7073137000.0,2754000.0,,,2392972000.0,3457043000.0,3616094000.0,52123000.0,2220000.0,2392972000.0,1223122000.0,-47149000.0,1175973000.0,7073137000.0,103300000.0,103498000.0,105222000.0
O'Reilly Automotive Inc,ORLY,549300K2RLMQL149Q332,898173,2014.0,Q2YTD,2014-01-01,2014-06-30,,3.58,3.58,3.52,220251000.0,379507000.0,379507000.0,379507000.0,1746438000.0,3575031000.0,1255000.0,,,1204999000.0,1746438000.0,1828593000.0,26228000.0,1137000.0,1204999000.0,623594000.0,-23836000.0,599758000.0,3575031000.0,106000000.0,105772000.0,107556000.0
O'Reilly Automotive Inc,ORLY,549300K2RLMQL149Q332,898173,2014.0,Q2TTM,2013-07-01,2014-06-30,,6.73,6.73,6.61,413601000.0,718343000.0,718343000.0,718343000.0,3397234000.0,6924290000.0,2462000.0,,,2347322000.0,3397234000.0,3527056000.0,52435000.0,2183000.0,2347322000.0,1179734000.0,-47790000.0,1131944000.0,6924290000.0,106000000.0,105772000.0,107556000.0
O'Reilly Automotive Inc,ORLY,549300K2RLMQL149Q332,898173,2014.0,Q2,2014-04-01,2014-06-30,2015-08-07 16:33:33+00:00,1.94,1.94,1.91,119151000.0,205647000.0,205647000.0,205647000.0,896211000.0,1847088000.0,637000.0,,,614403000.0,896211000.0,950877000.0,12819000.0,506000.0,614403000.0,336474000.0,-11676000.0,324798000.0,1847088000.0,106000000.0,105772000.0,107556000.0
O'Reilly Automotive Inc,ORLY,549300K2RLMQL149Q332,898173,2014.0,Q1TTM,2013-04-01,2014-03-31,,6.4,6.4,6.28,403450000.0,689823000.0,689823000.0,689823000.0,3344117000.0,6792171000.0,2689000.0,,,2308533000.0,3344117000.0,3448054000.0,51083000.0,2146000.0,2308533000.0,1139521000.0,-46248000.0,1093273000.0,6792171000.0,106000000.0,106191000.0,108070000.0
O'Reilly Automotive Inc,ORLY,549300K2RLMQL149Q332,898173,2014.0,Q1,2014-01-01,2014-03-31,2015-05-08 16:32:26+00:00,1.64,1.64,1.61,101100000.0,173860000.0,173860000.0,173860000.0,850227000.0,1727943000.0,618000.0,,,590596000.0,850227000.0,877716000.0,13409000.0,631000.0,590596000.0,287120000.0,-12160000.0,274960000.0,1727943000.0,106000000.0,106191000.0,108070000.0
O'Reilly Automotive Inc,ORLY,549300K2RLMQL149Q332,898173,2015.0,FY,2015-01-01,2015-12-31,2018-02-28 16:32:56+00:00,9.32,9.32,9.17,529150000.0,931216000.0,931216000.0,931216000.0,3804031000.0,7966674000.0,1134000.0,,,2648622000.0,3804031000.0,4162643000.0,57129000.0,2340000.0,2648622000.0,1514021000.0,-53655000.0,1460366000.0,7966674000.0,99900000.0,99965000.0,101514000.0
O'Reilly Automotive Inc,ORLY,549300K2RLMQL149Q332,898173,2015.0,Q4,2015-10-01,2015-12-31,,2.23,2.23,2.18,131050000.0,218576000.0,218576000.0,218576000.0,921413000.0,1949052000.0,486000.0,,,665019000.0,921413000.0,1027639000.0,14112000.0,632000.0,665019000.0,362620000.0,-12994000.0,349626000.0,1949052000.0,99900000.0,99965000.0,101514000.0
O'Reilly Automotive Inc,ORLY,549300K2RLMQL149Q332,898173,2015.0,Q3,2015-07-01,2015-09-30,2016-11-08 16:32:47+00:00,2.68,2.68,2.64,134600000.0,266268000.0,266268000.0,266268000.0,990947000.0,2080201000.0,-647000.0,,,673994000.0,990947000.0,1089254000.0,14296000.0,551000.0,673994000.0,415260000.0,-14392000.0,400868000.0,2080201000.0,99400000.0,99270000.0,100770000.0
O'Reilly Automotive Inc,ORLY,549300K2RLMQL149Q332,898173,2015.0,Q3YTD,2015-01-01,2015-09-30,,7.09,7.09,6.99,398100000.0,712640000.0,712640000.0,712640000.0,2882618000.0,6017622000.0,648000.0,,,1983603000.0,2882618000.0,3135004000.0,43017000.0,1708000.0,1983603000.0,1151401000.0,-40661000.0,1110740000.0,6017622000.0,99400000.0,99270000.0,100770000.0
O'Reilly Automotive Inc,ORLY,549300K2RLMQL149Q332,898173,2015.0,Q3TTM,2014-10-01,2015-09-30,,8.87,8.87,8.75,506528000.0,894318000.0,894318000.0,894318000.0,3734689000.0,7781800000.0,1208000.0,,,2592698000.0,3734689000.0,4047111000.0,57096000.0,2321000.0,2592698000.0,1454413000.0,-53567000.0,1400846000.0,7781800000.0,99400000.0,99270000.0,100770000.0
O'Reilly Automotive Inc,ORLY,549300K2RLMQL149Q332,898173,2015.0,Q2,2015-04-01,2015-06-30,2016-08-08 16:32:20+00:00,2.32,2.32,2.29,138700000.0,233508000.0,233508000.0,233508000.0,976727000.0,2035518000.0,182000.0,,,673023000.0,976727000.0,1058791000.0,14319000.0,577000.0,673023000.0,385768000.0,-13560000.0,372208000.0,2035518000.0,100700000.0,100547000.0,102109000.0
O'Reilly Automotive Inc,ORLY,549300K2RLMQL149Q332,898173,2015.0,Q2YTD,2015-01-01,2015-06-30,,4.41,4.41,4.35,263500000.0,446372000.0,446372000.0,446372000.0,1891671000.0,3937421000.0,1295000.0,,,1309609000.0,1891671000.0,2045750000.0,28721000.0,1157000.0,1309609000.0,736141000.0,-26269000.0,709872000.0,3937421000.0,100700000.0,100547000.0,102109000.0
O'Reilly Automotive Inc,ORLY,549300K2RLMQL149Q332,898173,2015.0,Q2TTM,2014-07-01,2015-06-30,,8.29,8.29,8.17,487249000.0,845047000.0,845047000.0,845047000.0,3652413000.0,7578471000.0,2837000.0,,,2543137000.0,3652413000.0,3926058000.0,55783000.0,2321000.0,2543137000.0,1382921000.0,-50625000.0,1332296000.0,7578471000.0,100700000.0,100547000.0,102109000.0
O'Reilly Automotive Inc,ORLY,549300K2RLMQL149Q332,898173,2015.0,Q1,2015-01-01,2015-03-31,2016-05-10 09:46:27+00:00,2.09,2.09,2.06,124800000.0,212864000.0,212864000.0,212864000.0,914944000.0,1901903000.0,1113000.0,,,636586000.0,914944000.0,986959000.0,14402000.0,580000.0,636586000.0,350373000.0,-12709000.0,337664000.0,1901903000.0,101800000.0,101612000.0,103257000.0
O'Reilly Automotive Inc,ORLY,549300K2RLMQL149Q332,898173,2015.0,Q1TTM,2014-04-01,2015-03-31,,7.91,7.91,7.79,467700000.0,817186000.0,817186000.0,817186000.0,3571897000.0,7390041000.0,3292000.0,,,2484517000.0,3571897000.0,3818144000.0,54283000.0,2250000.0,2484517000.0,1333627000.0,-48741000.0,1284886000.0,7390041000.0,101800000.0,101612000.0,103257000.0
O'Reilly Automotive Inc,ORLY,549300K2RLMQL149Q332,898173,2016.0,FY,2016-01-01,2016-12-31,2019-02-27 16:33:18+00:00,10.87,10.87,10.73,599500000.0,1037691000.0,1037691000.0,1037691000.0,4084085000.0,8593096000.0,4692000.0,,,2809805000.0,4084085000.0,4509011000.0,70931000.0,4224000.0,2809805000.0,1699206000.0,-62015000.0,1637191000.0,8593096000.0,95500000.0,95447000.0,96720000.0
O'Reilly Automotive Inc,ORLY,549300K2RLMQL149Q332,898173,2016.0,Q4,2016-10-01,2016-12-31,,2.62,2.62,2.59,144900000.0,246030000.0,246030000.0,246030000.0,985075000.0,2099302000.0,871000.0,,,706517000.0,985075000.0,1114227000.0,18703000.0,1052000.0,706517000.0,407710000.0,-16780000.0,390930000.0,2099302000.0,95500000.0,95447000.0,96720000.0
O'Reilly Automotive Inc,ORLY,549300K2RLMQL149Q332,898173,2016.0,Q3,2016-07-01,2016-09-30,2017-11-07 16:34:10+00:00,2.93,2.93,2.9,153400000.0,278493000.0,278493000.0,278493000.0,1050929000.0,2220955000.0,1563000.0,,,722217000.0,1050929000.0,1170026000.0,18706000.0,1227000.0,722217000.0,447809000.0,-15916000.0,431893000.0,2220955000.0,95000000.0,94891000.0,96120000.0
O'Reilly Automotive Inc,ORLY,549300K2RLMQL149Q332,898173,2016.0,Q3YTD,2016-01-01,2016-09-30,,8.25,8.25,8.14,454600000.0,791661000.0,791661000.0,791661000.0,3099010000.0,6493794000.0,3821000.0,,,2103288000.0,3099010000.0,3394784000.0,52228000.0,3172000.0,2103288000.0,1291496000.0,-45235000.0,1246261000.0,6493794000.0,95000000.0,94891000.0,96120000.0
O'Reilly Automotive Inc,ORLY,549300K2RLMQL149Q332,898173,2016.0,Q3TTM,2015-10-01,2016-09-30,,10.48,10.48,10.32,585650000.0,1010237000.0,1010237000.0,1010237000.0,4020423000.0,8442846000.0,4307000.0,,,2768307000.0,4020423000.0,4422423000.0,66340000.0,3804000.0,2768307000.0,1654116000.0,-58229000.0,1595887000.0,8442846000.0,95000000.0,94891000.0,96120000.0
O'Reilly Automotive Inc,ORLY,549300K2RLMQL149Q332,898173,2016.0,Q2,2016-04-01,2016-06-30,2017-08-07 16:32:43+00:00,2.69,2.69,2.65,151000000.0,257794000.0,257794000.0,257794000.0,1049510000.0,2176689000.0,1241000.0,,,702118000.0,1049510000.0,1127179000.0,18701000.0,1193000.0,702118000.0,425061000.0,-16267000.0,408794000.0,2176689000.0,95800000.0,95967000.0,97282000.0
O'Reilly Automotive Inc,ORLY,549300K2RLMQL149Q332,898173,2016.0,Q2YTD,2016-01-01,2016-06-30,,5.32,5.32,5.24,301200000.0,513168000.0,513168000.0,513168000.0,2048081000.0,4272839000.0,2258000.0,,,1381071000.0,2048081000.0,2224758000.0,33522000.0,1945000.0,1381071000.0,843687000.0,-29319000.0,814368000.0,4272839000.0,95800000.0,95967000.0,97282000.0
O'Reilly Automotive Inc,ORLY,549300K2RLMQL149Q332,898173,2016.0,Q2TTM,2015-07-01,2016-06-30,,10.23,10.23,10.06,566850000.0,998012000.0,998012000.0,998012000.0,3960441000.0,8302092000.0,2097000.0,,,2720084000.0,3960441000.0,4341651000.0,61930000.0,3128000.0,2720084000.0,1621567000.0,-56705000.0,1564862000.0,8302092000.0,95800000.0,95967000.0,97282000.0
O'Reilly Automotive Inc,ORLY,549300K2RLMQL149Q332,898173,2016.0,Q1,2016-01-01,2016-03-31,2017-05-08 16:33:47+00:00,2.63,2.63,2.59,150200000.0,255374000.0,255374000.0,255374000.0,998571000.0,2096150000.0,1017000.0,,,678953000.0,998571000.0,1097579000.0,14821000.0,752000.0,678953000.0,418626000.0,-13052000.0,405574000.0,2096150000.0,97100000.0,97140000.0,98537000.0
O'Reilly Automotive Inc,ORLY,549300K2RLMQL149Q332,898173,2016.0,Q1TTM,2015-04-01,2016-03-31,,9.86,9.86,9.7,554550000.0,973726000.0,973726000.0,973726000.0,3887658000.0,8160921000.0,1038000.0,,,2690989000.0,3887658000.0,4273263000.0,57548000.0,2512000.0,2690989000.0,1582274000.0,-53998000.0,1528276000.0,8160921000.0,97100000.0,97140000.0,98537000.0
O'Reilly Automotive Inc,ORLY,549300K2RLMQL149Q332,898173,2017.0,FY,2017-01-01,2017-12-31,2020-02-28 16:30:28+00:00,12.82,12.82,12.67,504000000.0,1133804000.0,1133804000.0,1133804000.0,4257043000.0,8977726000.0,1406000.0,,,2995283000.0,4257043000.0,4720683000.0,91349000.0,2347000.0,2995283000.0,1725400000.0,-87596000.0,1637804000.0,8977726000.0,88400000.0,88426000.0,89502000.0
O'Reilly Automotive Inc,ORLY,549300K2RLMQL149Q332,898173,2017.0,Q4,2017-10-01,2017-12-31,,3.54,3.54,3.52,74409000.0,302315000.0,302315000.0,302315000.0,1031628000.0,2190808000.0,104000.0,,,756345000.0,1031628000.0,1159180000.0,26794000.0,579000.0,756345000.0,402835000.0,-26111000.0,376724000.0,2190808000.0,88400000.0,88426000.0,89502000.0
O'Reilly Automotive Inc,ORLY,549300K2RLMQL149Q332,898173,2017.0,Q3,2017-07-01,2017-09-30,2018-11-07 16:31:58+00:00,3.26,3.26,3.22,155796000.0,283734000.0,283734000.0,283734000.0,1109536000.0,2339830000.0,1299000.0,,,768331000.0,1109536000.0,1230294000.0,24324000.0,592000.0,768331000.0,461963000.0,-22433000.0,439530000.0,2339830000.0,87000000.0,86947000.0,88025000.0
O'Reilly Automotive Inc,ORLY,549300K2RLMQL149Q332,898173,2017.0,Q3YTD,2017-01-01,2017-09-30,,9.28,9.28,9.15,429591000.0,831489000.0,831489000.0,831489000.0,3225415000.0,6786918000.0,1302000.0,,,2238938000.0,3225415000.0,3561503000.0,64555000.0,1768000.0,2238938000.0,1322565000.0,-61485000.0,1261080000.0,6786918000.0,87000000.0,86947000.0,88025000.0
O'Reilly Automotive Inc,ORLY,549300K2RLMQL149Q332,898173,2017.0,Q3TTM,2016-10-01,2017-09-30,,11.9,11.9,11.74,574491000.0,1077519000.0,1077519000.0,1077519000.0,4210490000.0,8886220000.0,2173000.0,,,2945455000.0,4210490000.0,4675730000.0,83258000.0,2820000.0,2945455000.0,1730275000.0,-78265000.0,1652010000.0,8886220000.0,87000000.0,86947000.0,88025000.0
O'Reilly Automotive Inc,ORLY,549300K2RLMQL149Q332,898173,2017.0,Q2,2017-04-01,2017-06-30,2018-08-08 16:32:46+00:00,3.14,3.14,3.1,153505000.0,282821000.0,282821000.0,282821000.0,1090767000.0,2290829000.0,-762000.0,,,742617000.0,1090767000.0,1200062000.0,20827000.0,470000.0,742617000.0,457445000.0,-21119000.0,436326000.0,2290829000.0,90100000.0,90030000.0,91299000.0
O'Reilly Automotive Inc,ORLY,549300K2RLMQL149Q332,898173,2017.0,Q2YTD,2017-01-01,2017-06-30,,6.02,6.02,5.93,273795000.0,547755000.0,547755000.0,547755000.0,2115879000.0,4447088000.0,3000.0,,,1470607000.0,2115879000.0,2331209000.0,40231000.0,1176000.0,1470607000.0,860602000.0,-39052000.0,821550000.0,4447088000.0,90100000.0,90030000.0,91299000.0
O'Reilly Automotive Inc,ORLY,549300K2RLMQL149Q332,898173,2017.0,Q2TTM,2016-07-01,2017-06-30,,11.57,11.57,11.42,572095000.0,1072278000.0,1072278000.0,1072278000.0,4151883000.0,8767345000.0,2437000.0,,,2899341000.0,4151883000.0,4615462000.0,77640000.0,3455000.0,2899341000.0,1716121000.0,-71748000.0,1644373000.0,8767345000.0,90100000.0,90030000.0,91299000.0
O'Reilly Automotive Inc,ORLY,549300K2RLMQL149Q332,898173,2017.0,Q1,2017-01-01,2017-03-31,2018-05-07 16:31:29+00:00,2.88,2.88,2.83,120290000.0,264934000.0,264934000.0,264934000.0,1025112000.0,2156259000.0,765000.0,,,727990000.0,1025112000.0,1131147000.0,19404000.0,706000.0,727990000.0,403157000.0,-17933000.0,385224000.0,2156259000.0,92000000.0,92001000.0,93495000.0
O'Reilly Automotive Inc,ORLY,549300K2RLMQL149Q332,898173,2017.0,Q1TTM,2016-04-01,2017-03-31,,11.12,11.12,10.97,569590000.0,1047251000.0,1047251000.0,1047251000.0,4110626000.0,8653205000.0,4440000.0,,,2858842000.0,4110626000.0,4542579000.0,75514000.0,4178000.0,2858842000.0,1683737000.0,-66896000.0,1616841000.0,8653205000.0,92000000.0,92001000.0,93495000.0
O'Reilly Automotive Inc,ORLY,549300K2RLMQL149Q332,898173,2018.0,FY,2018-01-01,2018-12-31,2020-02-28 16:30:28+00:00,16.27,16.27,16.1,369600000.0,1324487000.0,1324487000.0,1324487000.0,4496462000.0,9536428000.0,-1489000.0,,,3224782000.0,4496462000.0,5039966000.0,122129000.0,2521000.0,3224782000.0,1815184000.0,-121097000.0,1694087000.0,9536428000.0,81400000.0,81406000.0,82280000.0
O'Reilly Automotive Inc,ORLY,549300K2RLMQL149Q332,898173,2018.0,Q4,2018-10-01,2018-12-31,,3.76,3.76,3.71,92800000.0,300357000.0,300357000.0,300357000.0,1080642000.0,2314957000.0,-4098000.0,,,806275000.0,1080642000.0,1234315000.0,31468000.0,683000.0,806275000.0,428040000.0,-34883000.0,393157000.0,2314957000.0,81400000.0,81406000.0,82280000.0
O'Reilly Automotive Inc,ORLY,549300K2RLMQL149Q332,898173,2018.0,Q3,2018-07-01,2018-09-30,2019-11-06 16:32:10+00:00,4.54,4.54,4.5,89500000.0,366151000.0,366151000.0,366151000.0,1166962000.0,2482717000.0,1416000.0,,,830607000.0,1166962000.0,1315755000.0,31582000.0,669000.0,830607000.0,485148000.0,-29497000.0,455651000.0,2482717000.0,80700000.0,80593000.0,81410000.0
O'Reilly Automotive Inc,ORLY,549300K2RLMQL149Q332,898173,2018.0,Q3YTD,2018-01-01,2018-09-30,,12.51,12.51,12.39,276800000.0,1024130000.0,1024130000.0,1024130000.0,3415820000.0,7221471000.0,2609000.0,,,2418507000.0,3415820000.0,3805651000.0,90661000.0,1838000.0,2418507000.0,1387144000.0,-86214000.0,1300930000.0,7221471000.0,80700000.0,80593000.0,81410000.0
O'Reilly Automotive Inc,ORLY,549300K2RLMQL149Q332,898173,2018.0,Q3TTM,2017-10-01,2018-09-30,,16.05,16.05,15.91,351209000.0,1326445000.0,1326445000.0,1326445000.0,4447448000.0,9412279000.0,2713000.0,,,3174852000.0,4447448000.0,4964831000.0,117455000.0,2417000.0,3174852000.0,1789979000.0,-112325000.0,1677654000.0,9412279000.0,80700000.0,80593000.0,81410000.0
O'Reilly Automotive Inc,ORLY,549300K2RLMQL149Q332,898173,2018.0,Q2,2018-04-01,2018-06-30,2019-08-08 16:31:43+00:00,4.32,4.32,4.28,96800000.0,353073000.0,353073000.0,353073000.0,1167435000.0,2456073000.0,988000.0,,,809488000.0,1167435000.0,1288638000.0,30862000.0,597000.0,809488000.0,479150000.0,-29277000.0,449873000.0,2456073000.0,81700000.0,81733000.0,82536000.0
O'Reilly Automotive Inc,ORLY,549300K2RLMQL149Q332,898173,2018.0,Q2YTD,2018-01-01,2018-06-30,,7.97,7.97,7.89,187300000.0,657979000.0,657979000.0,657979000.0,2248858000.0,4738754000.0,1193000.0,,,1587900000.0,2248858000.0,2489896000.0,59079000.0,1169000.0,1587900000.0,901996000.0,-56717000.0,845279000.0,4738754000.0,81700000.0,81733000.0,82536000.0
O'Reilly Automotive Inc,ORLY,549300K2RLMQL149Q332,898173,2018.0,Q2TTM,2017-07-01,2018-06-30,,14.77,14.77,14.63,417505000.0,1244028000.0,1244028000.0,1244028000.0,4390022000.0,9269392000.0,2596000.0,,,3112576000.0,4390022000.0,4879370000.0,110197000.0,2340000.0,3112576000.0,1766794000.0,-105261000.0,1661533000.0,9269392000.0,81700000.0,81733000.0,82536000.0
O'Reilly Automotive Inc,ORLY,549300K2RLMQL149Q332,898173,2018.0,Q1,2018-01-01,2018-03-31,2019-05-06 16:32:21+00:00,3.65,3.65,3.61,90500000.0,304906000.0,304906000.0,304906000.0,1081423000.0,2282681000.0,205000.0,,,778412000.0,1081423000.0,1201258000.0,28217000.0,572000.0,778412000.0,422846000.0,-27440000.0,395406000.0,2282681000.0,83500000.0,83530000.0,84523000.0
O'Reilly Automotive Inc,ORLY,549300K2RLMQL149Q332,898173,2018.0,Q1TTM,2017-04-01,2018-03-31,,13.59,13.59,13.45,474210000.0,1173776000.0,1173776000.0,1173776000.0,4313354000.0,9104148000.0,846000.0,,,3045705000.0,4313354000.0,4790794000.0,100162000.0,2213000.0,3045705000.0,1745089000.0,-97103000.0,1647986000.0,9104148000.0,83500000.0,83530000.0,84523000.0
O'Reilly Automotive Inc,ORLY,549300K2RLMQL149Q332,898173,2019.0,Q4,2019-10-01,2019-12-31,,4.28,4.28,4.24,84397000.0,324916000.0,324916000.0,324916000.0,1158391000.0,2482975000.0,2366000.0,,,883081000.0,1158391000.0,1324584000.0,35288000.0,732000.0,883081000.0,441503000.0,-32190000.0,409313000.0,2482975000.0,77000000.0,76985000.0,77788000.0
O'Reilly Automotive Inc,ORLY,549300K2RLMQL149Q332,898173,2019.0,FY,2019-01-01,2019-12-31,2020-02-28 16:30:28+00:00,18.07,18.07,17.88,399287000.0,1391042000.0,1391042000.0,1391042000.0,4755294000.0,10149985000.0,7033000.0,,,3473965000.0,4755294000.0,5394691000.0,139975000.0,2545000.0,3473965000.0,1920726000.0,-130397000.0,1790329000.0,10149985000.0,77000000.0,76985000.0,77788000.0
O'Reilly Automotive Inc,ORLY,549300K2RLMQL149Q332,898173,2019.0,Q3YTD,2019-01-01,2019-09-30,,13.79,13.79,13.64,314890000.0,1066126000.0,1066126000.0,1066126000.0,3596903000.0,7667010000.0,4667000.0,,,2590884000.0,3596903000.0,4070107000.0,104687000.0,1813000.0,2590884000.0,1479223000.0,-98207000.0,1381016000.0,7667010000.0,76100000.0,76172000.0,76969000.0
O'Reilly Automotive Inc,ORLY,549300K2RLMQL149Q332,898173,2019.0,Q3TTM,2018-10-01,2019-09-30,,17.55,17.55,17.35,407690000.0,1366483000.0,1366483000.0,1366483000.0,4677545000.0,9981967000.0,569000.0,,,3397159000.0,4677545000.0,5304422000.0,136155000.0,2496000.0,3397159000.0,1907263000.0,-133090000.0,1774173000.0,9981967000.0,76100000.0,76172000.0,76969000.0
O'Reilly Automotive Inc,ORLY,549300K2RLMQL149Q332,898173,2019.0,Q3,2019-07-01,2019-09-30,2019-11-06 16:32:10+00:00,5.14,5.14,5.08,110600000.0,391293000.0,391293000.0,391293000.0,1243998000.0,2666528000.0,732000.0,,,886167000.0,1243998000.0,1422530000.0,35858000.0,656000.0,886167000.0,536363000.0,-34470000.0,501893000.0,2666528000.0,76100000.0,76172000.0,76969000.0
O'Reilly Automotive Inc,ORLY,549300K2RLMQL149Q332,898173,2019.0,Q2YTD,2019-01-01,2019-06-30,,8.65,8.65,8.56,204290000.0,674833000.0,674833000.0,674833000.0,2352905000.0,5000482000.0,3935000.0,,,1704717000.0,2352905000.0,2647577000.0,68829000.0,1157000.0,1704717000.0,942860000.0,-63737000.0,879123000.0,5000482000.0,77600000.0,77613000.0,78412000.0
O'Reilly Automotive Inc,ORLY,549300K2RLMQL149Q332,898173,2019.0,Q2TTM,2018-07-01,2019-06-30,,16.95,16.95,16.77,386590000.0,1341341000.0,1341341000.0,1341341000.0,4600509000.0,9798156000.0,1253000.0,,,3341599000.0,4600509000.0,5197647000.0,131879000.0,2509000.0,3341599000.0,1856048000.0,-128117000.0,1727931000.0,9798156000.0,77600000.0,77613000.0,78412000.0
O'Reilly Automotive Inc,ORLY,549300K2RLMQL149Q332,898173,2019.0,Q2,2019-04-01,2019-06-30,2019-08-08 16:31:43+00:00,4.56,4.56,4.51,111290000.0,353681000.0,353681000.0,353681000.0,1221587000.0,2589874000.0,832000.0,,,870213000.0,1221587000.0,1368287000.0,34538000.0,603000.0,870213000.0,498074000.0,-33103000.0,464971000.0,2589874000.0,77600000.0,77613000.0,78412000.0
O'Reilly Automotive Inc,ORLY,549300K2RLMQL149Q332,898173,2019.0,Q1,2019-01-01,2019-03-31,2020-05-08 16:34:06+00:00,4.09,4.09,4.05,93000000.0,321152000.0,321152000.0,321152000.0,1131318000.0,2410608000.0,3103000.0,,,834504000.0,1131318000.0,1279290000.0,34291000.0,554000.0,834504000.0,444786000.0,-30634000.0,414152000.0,2410608000.0,78500000.0,78484000.0,79297000.0
O'Reilly Automotive Inc,ORLY,549300K2RLMQL149Q332,898173,2019.0,Q1TTM,2018-04-01,2019-03-31,,16.71,16.71,16.54,372100000.0,1340733000.0,1340733000.0,1340733000.0,4546357000.0,9664355000.0,1409000.0,,,3280874000.0,4546357000.0,5117998000.0,128203000.0,2503000.0,3280874000.0,1837124000.0,-124291000.0,1712833000.0,9664355000.0,78500000.0,78484000.0,79297000.0
O'Reilly Automotive Inc,ORLY,549300K2RLMQL149Q332,898173,2020.0,Q1TTM,2019-04-01,2020-03-31,,17.98,17.98,17.8,385509000.0,1370328000.0,1370328000.0,1370328000.0,4804557000.0,10215864000.0,-1260000.0,,,3511806000.0,4804557000.0,5411307000.0,145070000.0,2666000.0,3511806000.0,1899501000.0,-143664000.0,1755837000.0,10215864000.0,75100000.0,75022000.0,75663000.0
O'Reilly Automotive Inc,ORLY,549300K2RLMQL149Q332,898173,2020.0,Q1,2020-01-01,2020-03-31,2020-05-08 16:34:06+00:00,4.0,4.0,3.97,79222000.0,300438000.0,300438000.0,300438000.0,1180581000.0,2476487000.0,-5190000.0,,,872345000.0,1180581000.0,1295906000.0,39386000.0,675000.0,872345000.0,423561000.0,-43901000.0,379660000.0,2476487000.0,75100000.0,75022000.0,75663000.0
