company_name,company_ticker,company_lei,company_cik,year,quarter,start_date,end_date,filing_date,basicdilutedeps,basiceps,cashdividendspershare,dilutedeps,impairmentexpense,incometaxexpense,netincome,netincomecontinuing,netincomediscontinued,netincometocommon,netincometononcontrollinginterest,operatingcostofrevenue,operatingrevenue,othercostofrevenue,othergains,otherincome,otheroperatingexpenses,restructuringcharge,sgaexpense,totalcostofrevenue,totalgrossprofit,totalinterestexpense,totalinterestincome,totaloperatingexpenses,totaloperatingincome,totalotherincome,totalpretaxincome,totalrevenue,weightedavebasicdilutedsharesos,weightedavebasicsharesos,weightedavedilutedsharesos
Leidos Holdings Inc,LDOS,549300IUTGTP6EJP8124,1336920,2007.0,FY,2008-02-01,2009-01-31,2011-03-25 17:27:12+00:00,1.11,1.11,,1.09,,256000000.0,452000000.0,447000000.0,5000000.0,452000000.0,,8692000000.0,10070000000.0,,,-15000000.0,,,602000000.0,8692000000.0,1378000000.0,78000000.0,20000000.0,602000000.0,776000000.0,-73000000.0,703000000.0,10070000000.0,395000000.0,395000000.0,395000000.0
Leidos Holdings Inc,LDOS,549300IUTGTP6EJP8124,1336920,2008.0,Q3,2009-08-01,2009-10-31,2010-12-08 21:35:05+00:00,0.34,0.34,,0.34,,82000000.0,135000000.0,135000000.0,0.0,135000000.0,,2378000000.0,2765000000.0,,,2000000.0,,,154000000.0,2378000000.0,387000000.0,19000000.0,1000000.0,154000000.0,233000000.0,-16000000.0,217000000.0,2765000000.0,397100000.0,397100000.0,397100000.0
Leidos Holdings Inc,LDOS,549300IUTGTP6EJP8124,1336920,2008.0,Q2,2009-05-01,2009-07-31,2010-09-02 18:01:24+00:00,,0.31,,0.31,,77000000.0,123000000.0,125000000.0,-2000000.0,123000000.0,,2369000000.0,2749000000.0,,,,,,159000000.0,2369000000.0,380000000.0,19000000.0,,159000000.0,221000000.0,-19000000.0,202000000.0,2749000000.0,,396800000.0,396800000.0
Leidos Holdings Inc,LDOS,549300IUTGTP6EJP8124,1336920,2009.0,FY,2009-02-01,2010-01-31,2012-03-27 11:21:32+00:00,1.25,1.25,,1.23,,289000000.0,496000000.0,479000000.0,17000000.0,496000000.0,,9151000000.0,10580000000.0,,,6000000.0,593000000.0,,,9151000000.0,1429000000.0,76000000.0,,593000000.0,836000000.0,-70000000.0,766000000.0,10580000000.0,386000000.0,386000000.0,386000000.0
Leidos Holdings Inc,LDOS,549300IUTGTP6EJP8124,1336920,2010.0,FY,2010-02-01,2011-01-31,2013-03-26 19:39:22+00:00,1.65,1.65,,1.64,,307000000.0,619000000.0,547000000.0,72000000.0,619000000.0,,9374000000.0,10798000000.0,,,2000000.0,495000000.0,,,9374000000.0,1424000000.0,79000000.0,,495000000.0,929000000.0,-77000000.0,852000000.0,10798000000.0,364000000.0,364000000.0,364000000.0
Leidos Holdings Inc,LDOS,549300IUTGTP6EJP8124,1336920,2010.0,Q3YTD,2010-02-01,2010-10-31,,1.36,1.36,,1.36,,248000000.0,488000000.0,432000000.0,56000000.0,488000000.0,,7101000000.0,8197000000.0,,,5000000.0,124000000.0,,242000000.0,7101000000.0,1096000000.0,56000000.0,1000000.0,366000000.0,730000000.0,-50000000.0,680000000.0,8197000000.0,359000000.0,359000000.0,359000000.0
Leidos Holdings Inc,LDOS,549300IUTGTP6EJP8124,1336920,2010.0,Q3,2010-08-01,2010-10-31,2011-12-08 17:31:12+00:00,0.47,0.47,,0.46,,89000000.0,173000000.0,151000000.0,22000000.0,173000000.0,,2445000000.0,2821000000.0,,,7000000.0,124000000.0,,,2445000000.0,376000000.0,19000000.0,,124000000.0,252000000.0,-12000000.0,240000000.0,2821000000.0,359000000.0,359000000.0,359000000.0
Leidos Holdings Inc,LDOS,549300IUTGTP6EJP8124,1336920,2010.0,Q2YTD,2010-02-01,2010-07-31,,0.82,0.82,,0.82,,159000000.0,315000000.0,281000000.0,34000000.0,315000000.0,,4656000000.0,5376000000.0,,,-2000000.0,,,242000000.0,4656000000.0,720000000.0,37000000.0,1000000.0,242000000.0,478000000.0,-38000000.0,440000000.0,5376000000.0,363000000.0,363000000.0,363000000.0
Leidos Holdings Inc,LDOS,549300IUTGTP6EJP8124,1336920,2010.0,Q2,2010-05-01,2010-07-31,2011-09-01 20:34:05+00:00,0.5,0.5,,0.5,,95000000.0,190000000.0,157000000.0,33000000.0,190000000.0,,2351000000.0,2749000000.0,,,-2000000.0,,,126000000.0,2351000000.0,398000000.0,19000000.0,1000000.0,126000000.0,272000000.0,-20000000.0,252000000.0,2749000000.0,363000000.0,363000000.0,363000000.0
Leidos Holdings Inc,LDOS,549300IUTGTP6EJP8124,1336920,2010.0,Q1,2010-02-01,2010-04-30,2011-06-03 15:19:40+00:00,0.32,0.32,,0.32,,64000000.0,125000000.0,124000000.0,1000000.0,125000000.0,,2305000000.0,2627000000.0,,,,,,116000000.0,2305000000.0,322000000.0,18000000.0,,116000000.0,206000000.0,-18000000.0,188000000.0,2627000000.0,375000000.0,375000000.0,375000000.0
Leidos Holdings Inc,LDOS,549300IUTGTP6EJP8124,1336920,2011.0,Q4,2011-11-01,2012-01-31,,-1.92,-1.92,,-1.92,,-117000000.0,-161000000.0,-385000000.0,224000000.0,-161000000.0,,-1741000000.0,-2238000000.0,,2000000.0,2000000.0,-20000000.0,,,-1741000000.0,-497000000.0,29000000.0,,-20000000.0,-477000000.0,-27000000.0,-504000000.0,-2238000000.0,84000000.0,84000000.0,84000000.0
Leidos Holdings Inc,LDOS,549300IUTGTP6EJP8124,1336920,2011.0,FY,2011-02-01,2012-01-31,2014-03-27 16:12:24+00:00,0.68,0.68,,0.68,0.0,73000000.0,59000000.0,-235000000.0,294000000.0,59000000.0,,5351000000.0,5836000000.0,0.0,5000000.0,5000000.0,543000000.0,0.0,,5351000000.0,485000000.0,114000000.0,,543000000.0,-58000000.0,-109000000.0,-167000000.0,5836000000.0,84000000.0,84000000.0,84000000.0
Leidos Holdings Inc,LDOS,549300IUTGTP6EJP8124,1336920,2011.0,Q3YTD,2011-02-01,2011-10-31,,0.67,0.67,,0.67,,190000000.0,220000000.0,150000000.0,70000000.0,220000000.0,,7092000000.0,8074000000.0,,3000000.0,3000000.0,563000000.0,,,7092000000.0,982000000.0,85000000.0,,563000000.0,419000000.0,-82000000.0,337000000.0,8074000000.0,329000000.0,329000000.0,329000000.0
Leidos Holdings Inc,LDOS,549300IUTGTP6EJP8124,1336920,2011.0,Q3,2011-08-01,2011-10-31,2012-12-05 20:32:33+00:00,-0.27,-0.27,,-0.27,,43000000.0,-89000000.0,-92000000.0,3000000.0,-89000000.0,,2477000000.0,2790000000.0,,2000000.0,-2000000.0,333000000.0,,,2477000000.0,313000000.0,29000000.0,,333000000.0,-20000000.0,-31000000.0,-51000000.0,2790000000.0,329000000.0,329000000.0,329000000.0
Leidos Holdings Inc,LDOS,549300IUTGTP6EJP8124,1336920,2011.0,Q2YTD,2011-02-01,2011-07-31,,0.91,0.91,,0.91,,147000000.0,309000000.0,242000000.0,67000000.0,309000000.0,,4615000000.0,5284000000.0,,1000000.0,5000000.0,230000000.0,,,4615000000.0,669000000.0,56000000.0,,230000000.0,439000000.0,-51000000.0,388000000.0,5284000000.0,338000000.0,338000000.0,356000000.0
Leidos Holdings Inc,LDOS,549300IUTGTP6EJP8124,1336920,2011.0,Q2TTM,2010-08-01,2011-07-31,,1.81,1.81,,1.81,,295000000.0,613000000.0,508000000.0,105000000.0,613000000.0,,9333000000.0,10706000000.0,,1000000.0,9000000.0,725000000.0,,-242000000.0,9333000000.0,1373000000.0,98000000.0,-1000000.0,483000000.0,890000000.0,-90000000.0,800000000.0,10706000000.0,338000000.0,338000000.0,356000000.0
Leidos Holdings Inc,LDOS,549300IUTGTP6EJP8124,1336920,2011.0,Q2,2011-05-01,2011-07-31,2012-08-30 19:57:17+00:00,0.51,0.51,,0.5,,70000000.0,178000000.0,112000000.0,66000000.0,178000000.0,,2258000000.0,2596000000.0,,,1000000.0,129000000.0,,,2258000000.0,338000000.0,28000000.0,,129000000.0,209000000.0,-27000000.0,182000000.0,2596000000.0,338000000.0,338000000.0,356000000.0
Leidos Holdings Inc,LDOS,549300IUTGTP6EJP8124,1336920,2011.0,Q1TTM,2010-05-01,2011-04-30,,1.8,1.8,,1.8,,320000000.0,625000000.0,553000000.0,72000000.0,625000000.0,,9426000000.0,10859000000.0,,1000000.0,6000000.0,596000000.0,,-116000000.0,9426000000.0,1433000000.0,89000000.0,,480000000.0,953000000.0,-83000000.0,870000000.0,10859000000.0,347000000.0,347000000.0,347000000.0
Leidos Holdings Inc,LDOS,549300IUTGTP6EJP8124,1336920,2011.0,Q1,2011-02-01,2011-04-30,2012-05-31 19:22:58+00:00,0.37,0.37,,0.36,,77000000.0,131000000.0,130000000.0,1000000.0,131000000.0,,2357000000.0,2688000000.0,,1000000.0,4000000.0,101000000.0,,,2357000000.0,331000000.0,28000000.0,,101000000.0,230000000.0,-24000000.0,206000000.0,2688000000.0,347000000.0,347000000.0,347000000.0
Leidos Holdings Inc,LDOS,549300IUTGTP6EJP8124,1336920,2012.0,Q4,2012-11-01,2013-01-31,,2.27,2.27,0.49,2.27,,-135000000.0,188000000.0,45000000.0,143000000.0,188000000.0,,-804000000.0,-814000000.0,2000000.0,,,-123000000.0,11000000.0,176000000.0,-802000000.0,-12000000.0,20000000.0,6000000.0,64000000.0,-76000000.0,-14000000.0,-90000000.0,-814000000.0,83000000.0,83000000.0,83000000.0
Leidos Holdings Inc,LDOS,549300IUTGTP6EJP8124,1336920,2012.0,FY,2012-02-01,2013-01-31,2015-03-25 16:51:43+00:00,6.19,6.19,1.92,6.19,0.0,22000000.0,525000000.0,323000000.0,202000000.0,525000000.0,,5548000000.0,6449000000.0,2000000.0,,8000000.0,,11000000.0,467000000.0,5550000000.0,899000000.0,93000000.0,9000000.0,478000000.0,421000000.0,-76000000.0,345000000.0,6449000000.0,83000000.0,83000000.0,83000000.0
Leidos Holdings Inc,LDOS,549300IUTGTP6EJP8124,1336920,2012.0,Q3YTD,2012-02-01,2012-10-31,,4.06,4.06,1.49,4.06,,157000000.0,337000000.0,278000000.0,59000000.0,337000000.0,,6352000000.0,7263000000.0,,,8000000.0,123000000.0,,291000000.0,6352000000.0,911000000.0,73000000.0,3000000.0,414000000.0,497000000.0,-62000000.0,435000000.0,7263000000.0,83000000.0,83000000.0,83000000.0
Leidos Holdings Inc,LDOS,549300IUTGTP6EJP8124,1336920,2012.0,Q3TTM,2011-11-01,2012-10-31,,2.12,2.12,1.49,2.12,,40000000.0,176000000.0,-107000000.0,283000000.0,176000000.0,,4611000000.0,5025000000.0,,2000000.0,10000000.0,103000000.0,,291000000.0,4611000000.0,414000000.0,102000000.0,3000000.0,394000000.0,20000000.0,-89000000.0,-69000000.0,5025000000.0,83000000.0,83000000.0,83000000.0
Leidos Holdings Inc,LDOS,549300IUTGTP6EJP8124,1336920,2012.0,Q3,2012-08-01,2012-10-31,2013-12-10 17:17:44+00:00,1.32,1.32,0.48,1.32,0.0,28000000.0,112000000.0,55000000.0,57000000.0,112000000.0,,1434000000.0,1673000000.0,0.0,,2000000.0,,0.0,139000000.0,1434000000.0,239000000.0,20000000.0,1000000.0,139000000.0,100000000.0,-17000000.0,83000000.0,1673000000.0,83000000.0,83000000.0,83000000.0
Leidos Holdings Inc,LDOS,549300IUTGTP6EJP8124,1336920,2012.0,Q2YTD,2012-02-01,2012-07-31,,0.68,0.68,0.25,0.68,,129000000.0,225000000.0,223000000.0,2000000.0,225000000.0,,4918000000.0,5590000000.0,,,6000000.0,123000000.0,,152000000.0,4918000000.0,672000000.0,53000000.0,2000000.0,275000000.0,397000000.0,-45000000.0,352000000.0,5590000000.0,333000000.0,333000000.0,333000000.0
Leidos Holdings Inc,LDOS,549300IUTGTP6EJP8124,1336920,2012.0,Q2TTM,2011-08-01,2012-07-31,,-0.08,-0.08,0.25,-0.08,,55000000.0,-25000000.0,-254000000.0,229000000.0,-25000000.0,,5654000000.0,6142000000.0,,4000000.0,6000000.0,436000000.0,,152000000.0,5654000000.0,488000000.0,111000000.0,2000000.0,588000000.0,-100000000.0,-103000000.0,-203000000.0,6142000000.0,333000000.0,333000000.0,333000000.0
Leidos Holdings Inc,LDOS,549300IUTGTP6EJP8124,1336920,2012.0,Q2,2012-05-01,2012-07-31,2013-09-05 17:15:26+00:00,0.32,0.32,0.12,0.32,,63000000.0,110000000.0,108000000.0,2000000.0,110000000.0,,2485000000.0,2826000000.0,,,4000000.0,,,152000000.0,2485000000.0,341000000.0,24000000.0,2000000.0,152000000.0,189000000.0,-18000000.0,171000000.0,2826000000.0,333000000.0,333000000.0,333000000.0
Leidos Holdings Inc,LDOS,549300IUTGTP6EJP8124,1336920,2012.0,Q1TTM,2011-05-01,2012-04-30,,0.13,0.13,0.12,0.13,,62000000.0,43000000.0,-250000000.0,293000000.0,43000000.0,,5427000000.0,5912000000.0,,4000000.0,3000000.0,565000000.0,,,5427000000.0,485000000.0,115000000.0,,565000000.0,-80000000.0,-112000000.0,-192000000.0,5912000000.0,330000000.0,330000000.0,330000000.0
Leidos Holdings Inc,LDOS,549300IUTGTP6EJP8124,1336920,2012.0,Q1,2012-02-01,2012-04-30,2013-06-04 15:23:20+00:00,0.35,0.35,0.12,0.35,,66000000.0,115000000.0,115000000.0,,115000000.0,,2433000000.0,2764000000.0,,,2000000.0,123000000.0,,,2433000000.0,331000000.0,29000000.0,,123000000.0,208000000.0,-27000000.0,181000000.0,2764000000.0,330000000.0,330000000.0,330000000.0
Leidos Holdings Inc,LDOS,549300IUTGTP6EJP8124,1336920,2013.0,Q4,2013-11-02,2014-01-31,,0.53,0.53,0.3,0.53,,,44000000.0,48000000.0,-4000000.0,44000000.0,,1103000000.0,1287000000.0,1000000.0,,-11000000.0,,7000000.0,94000000.0,1104000000.0,183000000.0,23000000.0,,101000000.0,82000000.0,-34000000.0,48000000.0,1287000000.0,83000000.0,83000000.0,83000000.0
Leidos Holdings Inc,LDOS,549300IUTGTP6EJP8124,1336920,2013.0,FY,2013-02-01,2014-01-31,2016-02-26 15:57:49+00:00,1.94,1.94,4.0,1.94,51000000.0,4000000.0,164000000.0,84000000.0,80000000.0,164000000.0,,4992000000.0,5755000000.0,44000000.0,,-8000000.0,,65000000.0,440000000.0,5036000000.0,719000000.0,82000000.0,15000000.0,556000000.0,163000000.0,-75000000.0,88000000.0,5755000000.0,83000000.0,83000000.0,83000000.0
Leidos Holdings Inc,LDOS,549300IUTGTP6EJP8124,1336920,2013.0,Q3YTD,2013-02-01,2013-11-01,,1.6,1.6,6.03,1.6,51000000.0,4000000.0,120000000.0,36000000.0,84000000.0,120000000.0,,3889000000.0,4468000000.0,43000000.0,,3000000.0,,58000000.0,346000000.0,3932000000.0,536000000.0,59000000.0,15000000.0,455000000.0,81000000.0,-41000000.0,40000000.0,4468000000.0,75000000.0,75000000.0,75000000.0
Leidos Holdings Inc,LDOS,549300IUTGTP6EJP8124,1336920,2013.0,Q3TTM,2012-11-01,2013-11-01,,4.11,4.11,6.57,4.11,51000000.0,-131000000.0,308000000.0,81000000.0,227000000.0,308000000.0,,3085000000.0,3654000000.0,45000000.0,,3000000.0,-123000000.0,69000000.0,522000000.0,3130000000.0,524000000.0,79000000.0,21000000.0,519000000.0,5000000.0,-55000000.0,-50000000.0,3654000000.0,75000000.0,75000000.0,75000000.0
Leidos Holdings Inc,LDOS,549300IUTGTP6EJP8124,1336920,2013.0,Q3,2013-08-03,2013-11-01,2014-12-03 16:59:46+00:00,-0.04,-0.04,0.32,-0.04,19000000.0,-11000000.0,-3000000.0,-8000000.0,5000000.0,-3000000.0,,1219000000.0,1414000000.0,43000000.0,,2000000.0,,25000000.0,113000000.0,1262000000.0,152000000.0,21000000.0,5000000.0,157000000.0,-5000000.0,-14000000.0,-19000000.0,1414000000.0,75000000.0,75000000.0,75000000.0
Leidos Holdings Inc,LDOS,549300IUTGTP6EJP8124,1336920,2013.0,Q2YTD,2013-02-01,2013-08-02,,1.46,1.46,5.05,1.46,32000000.0,15000000.0,123000000.0,44000000.0,79000000.0,123000000.0,,2670000000.0,3054000000.0,,,1000000.0,,33000000.0,233000000.0,2670000000.0,384000000.0,38000000.0,10000000.0,298000000.0,86000000.0,-27000000.0,59000000.0,3054000000.0,84000000.0,84000000.0,84000000.0
Leidos Holdings Inc,LDOS,549300IUTGTP6EJP8124,1336920,2013.0,Q2TTM,2012-08-01,2013-08-02,,5.04,5.04,6.02,5.04,32000000.0,-92000000.0,423000000.0,144000000.0,279000000.0,423000000.0,,3300000000.0,3913000000.0,2000000.0,,3000000.0,-123000000.0,44000000.0,548000000.0,3302000000.0,611000000.0,78000000.0,17000000.0,501000000.0,110000000.0,-58000000.0,52000000.0,3913000000.0,84000000.0,84000000.0,84000000.0
Leidos Holdings Inc,LDOS,549300IUTGTP6EJP8124,1336920,2013.0,Q2,2013-05-04,2013-08-02,2014-09-09 10:12:50+00:00,0.5,0.5,0.48,0.5,30000000.0,-6000000.0,42000000.0,4000000.0,38000000.0,42000000.0,,1293000000.0,1457000000.0,,,0.0,,19000000.0,105000000.0,1293000000.0,164000000.0,18000000.0,6000000.0,154000000.0,10000000.0,-12000000.0,-2000000.0,1457000000.0,84000000.0,84000000.0,84000000.0
Leidos Holdings Inc,LDOS,549300IUTGTP6EJP8124,1336920,2013.0,Q1TTM,2012-05-01,2013-05-03,,5.85,5.85,1.96,5.85,2000000.0,-23000000.0,491000000.0,248000000.0,243000000.0,491000000.0,,4492000000.0,5282000000.0,2000000.0,,7000000.0,-123000000.0,25000000.0,595000000.0,4494000000.0,788000000.0,84000000.0,13000000.0,499000000.0,289000000.0,-64000000.0,225000000.0,5282000000.0,84000000.0,84000000.0,84000000.0
Leidos Holdings Inc,LDOS,549300IUTGTP6EJP8124,1336920,2013.0,Q1,2013-02-01,2013-05-03,2014-06-04 14:20:16+00:00,0.92,0.92,4.48,0.92,2000000.0,21000000.0,81000000.0,40000000.0,41000000.0,81000000.0,,1377000000.0,1597000000.0,,,1000000.0,,14000000.0,128000000.0,1377000000.0,220000000.0,20000000.0,4000000.0,144000000.0,76000000.0,-15000000.0,61000000.0,1597000000.0,84000000.0,84000000.0,84000000.0
Leidos Holdings Inc,LDOS,549300IUTGTP6EJP8124,1336920,2014.0,FY,2014-02-01,2015-01-30,2017-02-24 15:04:47+00:00,-4.36,-4.36,1.28,-4.36,567000000.0,47000000.0,-323000000.0,-330000000.0,7000000.0,-323000000.0,0.0,4392000000.0,5063000000.0,5000000.0,,5000000.0,,3000000.0,310000000.0,4397000000.0,666000000.0,75000000.0,1000000.0,880000000.0,-214000000.0,-69000000.0,-283000000.0,5063000000.0,74000000.0,74000000.0,74000000.0
Leidos Holdings Inc,LDOS,549300IUTGTP6EJP8124,1336920,2014.0,Q4,2014-11-01,2015-01-30,,0.59,0.59,0.31,0.59,40000000.0,-2000000.0,44000000.0,26000000.0,18000000.0,44000000.0,,1017000000.0,1169000000.0,5000000.0,,4000000.0,,3000000.0,67000000.0,1022000000.0,147000000.0,75000000.0,58000000.0,110000000.0,37000000.0,-13000000.0,24000000.0,1169000000.0,74000000.0,74000000.0,74000000.0
Leidos Holdings Inc,LDOS,549300IUTGTP6EJP8124,1336920,2014.0,Q3YTD,2014-02-01,2014-10-31,,-5.03,-5.03,0.99,-5.03,527000000.0,49000000.0,-367000000.0,-356000000.0,-11000000.0,-367000000.0,,3375000000.0,3894000000.0,,,1000000.0,,,243000000.0,3375000000.0,519000000.0,,-57000000.0,770000000.0,-251000000.0,-56000000.0,-307000000.0,3894000000.0,72300000.0,73000000.0,74000000.0
Leidos Holdings Inc,LDOS,549300IUTGTP6EJP8124,1336920,2014.0,Q3TTM,2013-11-02,2014-10-31,,-4.42,-4.42,1.33,-4.42,527000000.0,49000000.0,-323000000.0,-308000000.0,-15000000.0,-323000000.0,,4478000000.0,5181000000.0,1000000.0,,-10000000.0,,7000000.0,337000000.0,4479000000.0,702000000.0,23000000.0,-57000000.0,871000000.0,-169000000.0,-90000000.0,-259000000.0,5181000000.0,72300000.0,73000000.0,74000000.0
Leidos Holdings Inc,LDOS,549300IUTGTP6EJP8124,1336920,2014.0,Q3,2014-08-02,2014-10-31,2015-10-30 16:55:50+00:00,0.47,0.47,0.32,0.46,17000000.0,16000000.0,34000000.0,38000000.0,-4000000.0,34000000.0,,1115000000.0,1276000000.0,0.0,,0.0,,,72000000.0,1115000000.0,161000000.0,,-18000000.0,89000000.0,72000000.0,-18000000.0,54000000.0,1276000000.0,72300000.0,73000000.0,74000000.0
Leidos Holdings Inc,LDOS,549300IUTGTP6EJP8124,1336920,2014.0,Q2YTD,2014-02-01,2014-08-01,,-5.42,-5.42,0.65,-5.42,510000000.0,33000000.0,-401000000.0,-394000000.0,-7000000.0,-401000000.0,,2260000000.0,2618000000.0,,,1000000.0,,,171000000.0,2260000000.0,358000000.0,,-39000000.0,681000000.0,-323000000.0,-38000000.0,-361000000.0,2618000000.0,74000000.0,74000000.0,74000000.0
Leidos Holdings Inc,LDOS,549300IUTGTP6EJP8124,1336920,2014.0,Q2TTM,2013-08-03,2014-08-01,,-4.86,-4.86,1.36,-4.86,529000000.0,22000000.0,-360000000.0,-354000000.0,-6000000.0,-360000000.0,,4582000000.0,5319000000.0,44000000.0,,-8000000.0,,32000000.0,378000000.0,4626000000.0,693000000.0,44000000.0,-34000000.0,939000000.0,-246000000.0,-86000000.0,-332000000.0,5319000000.0,74000000.0,74000000.0,74000000.0
Leidos Holdings Inc,LDOS,549300IUTGTP6EJP8124,1336920,2014.0,Q2,2014-05-03,2014-08-01,2015-08-07 09:30:09+00:00,-5.92,-5.92,0.32,-5.92,510000000.0,9000000.0,-438000000.0,-439000000.0,1000000.0,-438000000.0,,1119000000.0,1306000000.0,,,-1000000.0,,,87000000.0,1119000000.0,187000000.0,,-19000000.0,597000000.0,-410000000.0,-20000000.0,-430000000.0,1306000000.0,74000000.0,74000000.0,74000000.0
Leidos Holdings Inc,LDOS,549300IUTGTP6EJP8124,1336920,2014.0,Q1TTM,2013-05-04,2014-05-02,,1.56,1.56,5.97,1.56,49000000.0,7000000.0,120000000.0,89000000.0,31000000.0,120000000.0,,4756000000.0,5470000000.0,44000000.0,,-7000000.0,,51000000.0,396000000.0,4800000000.0,670000000.0,62000000.0,-9000000.0,496000000.0,174000000.0,-78000000.0,96000000.0,5470000000.0,77100000.0,77000000.0,78000000.0
Leidos Holdings Inc,LDOS,549300IUTGTP6EJP8124,1336920,2014.0,Q1,2014-02-01,2014-05-02,2015-05-12 11:34:27+00:00,0.48,0.48,0.32,0.47,0.0,24000000.0,37000000.0,45000000.0,-8000000.0,37000000.0,,1141000000.0,1312000000.0,,,2000000.0,,,84000000.0,1141000000.0,171000000.0,,-20000000.0,84000000.0,87000000.0,-18000000.0,69000000.0,1312000000.0,77100000.0,77000000.0,78000000.0
Leidos Holdings Inc,LDOS,549300IUTGTP6EJP8124,1336920,2015.0,Q3YTD,2015-01-31,2015-10-02,,1.76,1.76,0.99,1.76,73000000.0,46000000.0,127000000.0,109000000.0,18000000.0,127000000.0,,3344000000.0,3805000000.0,13000000.0,,1000000.0,,,179000000.0,3357000000.0,448000000.0,15000000.0,-27000000.0,252000000.0,196000000.0,-41000000.0,155000000.0,3805000000.0,72100000.0,72000000.0,73000000.0
Leidos Holdings Inc,LDOS,549300IUTGTP6EJP8124,1336920,2015.0,Q3TTM,2014-11-01,2015-10-02,,2.38,2.38,1.31,2.38,113000000.0,44000000.0,171000000.0,135000000.0,36000000.0,171000000.0,,4361000000.0,4974000000.0,18000000.0,,5000000.0,,3000000.0,246000000.0,4379000000.0,595000000.0,90000000.0,31000000.0,362000000.0,233000000.0,-54000000.0,179000000.0,4974000000.0,72100000.0,72000000.0,73000000.0
Leidos Holdings Inc,LDOS,549300IUTGTP6EJP8124,1336920,2015.0,Q3,2015-07-04,2015-10-02,2016-11-04 15:19:17+00:00,0.68,0.68,0.32,0.67,4000000.0,31000000.0,49000000.0,49000000.0,0.0,49000000.0,0.0,1138000000.0,1302000000.0,13000000.0,,0.0,,0.0,53000000.0,1151000000.0,151000000.0,15000000.0,1000000.0,57000000.0,94000000.0,-14000000.0,80000000.0,1302000000.0,72100000.0,72000000.0,73000000.0
Leidos Holdings Inc,LDOS,549300IUTGTP6EJP8124,1336920,2015.0,Q2YTD,2015-01-31,2015-07-03,,1.07,1.07,0.66,1.07,69000000.0,15000000.0,78000000.0,60000000.0,18000000.0,78000000.0,,2206000000.0,2503000000.0,,,1000000.0,,,126000000.0,2206000000.0,297000000.0,,-28000000.0,195000000.0,102000000.0,-27000000.0,75000000.0,2503000000.0,72500000.0,73000000.0,74000000.0
Leidos Holdings Inc,LDOS,549300IUTGTP6EJP8124,1336920,2015.0,Q2TTM,2014-08-02,2015-07-03,,2.14,2.14,1.3,2.14,126000000.0,29000000.0,156000000.0,124000000.0,32000000.0,156000000.0,,4338000000.0,4948000000.0,5000000.0,,5000000.0,,3000000.0,265000000.0,4343000000.0,605000000.0,75000000.0,12000000.0,394000000.0,211000000.0,-58000000.0,153000000.0,4948000000.0,72500000.0,73000000.0,74000000.0
Leidos Holdings Inc,LDOS,549300IUTGTP6EJP8124,1336920,2015.0,Q2,2015-04-04,2015-07-03,2016-07-29 16:19:31+00:00,0.51,0.51,0.32,0.5,29000000.0,15000000.0,37000000.0,37000000.0,0.0,37000000.0,,1113000000.0,1257000000.0,,,2000000.0,,0.0,51000000.0,1113000000.0,144000000.0,,-14000000.0,80000000.0,64000000.0,-12000000.0,52000000.0,1257000000.0,72500000.0,73000000.0,74000000.0
Leidos Holdings Inc,LDOS,549300IUTGTP6EJP8124,1336920,2015.0,Q1TTM,2014-05-03,2015-04-03,,-4.37,-4.37,1.3,-4.37,607000000.0,23000000.0,-319000000.0,-352000000.0,33000000.0,-319000000.0,,4344000000.0,4997000000.0,5000000.0,,2000000.0,,3000000.0,301000000.0,4349000000.0,648000000.0,75000000.0,7000000.0,911000000.0,-263000000.0,-66000000.0,-329000000.0,4997000000.0,73200000.0,73000000.0,75000000.0
Leidos Holdings Inc,LDOS,549300IUTGTP6EJP8124,1336920,2015.0,Q1,2015-01-03,2015-04-03,2016-04-28 17:04:13+00:00,0.56,0.56,0.32,0.55,40000000.0,0.0,41000000.0,23000000.0,18000000.0,41000000.0,,1093000000.0,1246000000.0,,,-1000000.0,,0.0,75000000.0,1093000000.0,153000000.0,,-14000000.0,115000000.0,38000000.0,-15000000.0,23000000.0,1246000000.0,73200000.0,73000000.0,75000000.0
Leidos Holdings Inc,LDOS,549300IUTGTP6EJP8124,1336920,2016.0,FY,2016-01-02,2016-12-30,2019-02-19 17:15:32+00:00,2.39,2.39,1.28,2.35,4000000.0,72000000.0,246000000.0,246000000.0,,244000000.0,2000000.0,6103000000.0,7043000000.0,3000000.0,,-13000000.0,,104000000.0,422000000.0,6106000000.0,937000000.0,86000000.0,10000000.0,530000000.0,407000000.0,-89000000.0,318000000.0,7043000000.0,102000000.0,102000000.0,102000000.0
Leidos Holdings Inc,LDOS,549300IUTGTP6EJP8124,1336920,2016.0,Q4,2016-10-01,2016-12-30,,1.58,0.28,-13.32,0.28,4000000.0,45000000.0,60000000.0,60000000.0,,59000000.0,1000000.0,2178000000.0,2575000000.0,3000000.0,,-10000000.0,,30000000.0,218000000.0,2181000000.0,394000000.0,29000000.0,2000000.0,252000000.0,142000000.0,-37000000.0,105000000.0,2575000000.0,102000000.0,102000000.0,102000000.0
Leidos Holdings Inc,LDOS,549300IUTGTP6EJP8124,1336920,2016.0,Q3,2016-07-02,2016-09-30,2017-11-02 17:39:27+00:00,0.81,0.81,13.96,0.8,,-17000000.0,92000000.0,92000000.0,,91000000.0,1000000.0,1630000000.0,1868000000.0,,,-1000000.0,,49000000.0,88000000.0,1630000000.0,238000000.0,28000000.0,3000000.0,137000000.0,101000000.0,-26000000.0,75000000.0,1868000000.0,112000000.0,112000000.0,112000000.0
Leidos Holdings Inc,LDOS,549300IUTGTP6EJP8124,1336920,2016.0,Q2,2016-04-02,2016-07-01,2017-08-03 17:49:42+00:00,,0.56,0.32,0.55,,19000000.0,41000000.0,41000000.0,,41000000.0,0.0,1141000000.0,1288000000.0,,,-2000000.0,,16000000.0,56000000.0,1141000000.0,147000000.0,15000000.0,2000000.0,72000000.0,75000000.0,-15000000.0,60000000.0,1288000000.0,,73200000.0,74500000.0
Leidos Holdings Inc,LDOS,549300IUTGTP6EJP8124,1336920,2016.0,Q1,2016-01-02,2016-04-01,2017-05-04 17:36:45+00:00,,0.74,0.32,0.72,,25000000.0,53000000.0,53000000.0,,53000000.0,0.0,1154000000.0,1312000000.0,,,0.0,,9000000.0,60000000.0,1154000000.0,158000000.0,14000000.0,3000000.0,69000000.0,89000000.0,-11000000.0,78000000.0,1312000000.0,,71600000.0,73600000.0
Leidos Holdings Inc,LDOS,549300IUTGTP6EJP8124,1336920,2017.0,FY,2016-12-31,2017-12-29,2020-02-18 14:36:02+00:00,2.41,2.41,1.28,2.38,0.0,29000000.0,364000000.0,364000000.0,,366000000.0,-2000000.0,8738000000.0,10170000000.0,,,-26000000.0,10000000.0,139000000.0,737000000.0,8738000000.0,1432000000.0,140000000.0,13000000.0,886000000.0,546000000.0,-153000000.0,393000000.0,10170000000.0,152000000.0,152000000.0,152000000.0
Leidos Holdings Inc,LDOS,549300IUTGTP6EJP8124,1336920,2017.0,Q4,2017-09-30,2017-12-29,,0.74,0.74,0.32,0.74,,-79000000.0,113000000.0,113000000.0,,114000000.0,-1000000.0,2179000000.0,2516000000.0,,,-32000000.0,10000000.0,58000000.0,176000000.0,2179000000.0,337000000.0,35000000.0,8000000.0,244000000.0,93000000.0,-59000000.0,34000000.0,2516000000.0,152000000.0,152000000.0,152000000.0
Leidos Holdings Inc,LDOS,549300IUTGTP6EJP8124,1336920,2017.0,Q3,2017-07-01,2017-09-29,2018-10-25 17:40:19+00:00,0.54,0.54,0.32,0.53,0.0,37000000.0,79000000.0,79000000.0,,82000000.0,-3000000.0,2136000000.0,2503000000.0,,,0.0,,27000000.0,194000000.0,2136000000.0,367000000.0,35000000.0,5000000.0,221000000.0,146000000.0,-30000000.0,116000000.0,2503000000.0,152000000.0,152000000.0,152000000.0
Leidos Holdings Inc,LDOS,549300IUTGTP6EJP8124,1336920,2017.0,Q3YTD,2016-12-31,2017-09-29,,1.67,1.67,0.96,1.64,,108000000.0,251000000.0,251000000.0,,252000000.0,-1000000.0,6559000000.0,7654000000.0,,,6000000.0,,81000000.0,561000000.0,6559000000.0,1095000000.0,105000000.0,5000000.0,642000000.0,453000000.0,-94000000.0,359000000.0,7654000000.0,152000000.0,152000000.0,152000000.0
Leidos Holdings Inc,LDOS,549300IUTGTP6EJP8124,1336920,2017.0,Q3TTM,2016-10-01,2017-09-29,,3.25,1.95,-12.36,1.92,4000000.0,153000000.0,311000000.0,311000000.0,,311000000.0,,8737000000.0,10229000000.0,3000000.0,,-4000000.0,,111000000.0,779000000.0,8740000000.0,1489000000.0,134000000.0,7000000.0,894000000.0,595000000.0,-131000000.0,464000000.0,10229000000.0,152000000.0,152000000.0,152000000.0
Leidos Holdings Inc,LDOS,549300IUTGTP6EJP8124,1336920,2017.0,Q2,2017-04-01,2017-06-30,2018-07-26 17:38:39+00:00,0.65,0.65,0.32,0.64,0.0,37000000.0,98000000.0,98000000.0,,98000000.0,0.0,2190000000.0,2571000000.0,,,3000000.0,,22000000.0,186000000.0,2190000000.0,381000000.0,34000000.0,-7000000.0,208000000.0,173000000.0,-38000000.0,135000000.0,2571000000.0,151000000.0,151000000.0,151000000.0
Leidos Holdings Inc,LDOS,549300IUTGTP6EJP8124,1336920,2017.0,Q2YTD,2016-12-31,2017-06-30,,1.13,1.13,0.64,1.11,,71000000.0,172000000.0,172000000.0,,170000000.0,2000000.0,4423000000.0,5151000000.0,,,6000000.0,,54000000.0,367000000.0,4423000000.0,728000000.0,70000000.0,,421000000.0,307000000.0,-64000000.0,243000000.0,5151000000.0,151000000.0,151000000.0,151000000.0
Leidos Holdings Inc,LDOS,549300IUTGTP6EJP8124,1336920,2017.0,Q2TTM,2016-07-02,2017-06-30,,3.52,2.22,1.28,2.19,4000000.0,99000000.0,324000000.0,324000000.0,,320000000.0,4000000.0,8231000000.0,9594000000.0,3000000.0,,-5000000.0,,133000000.0,673000000.0,8234000000.0,1360000000.0,127000000.0,5000000.0,810000000.0,550000000.0,-127000000.0,423000000.0,9594000000.0,151000000.0,151000000.0,151000000.0
Leidos Holdings Inc,LDOS,549300IUTGTP6EJP8124,1336920,2017.0,Q1,2016-12-31,2017-03-31,2018-05-03 17:54:53+00:00,0.48,0.48,0.32,0.47,0.0,34000000.0,74000000.0,74000000.0,,72000000.0,2000000.0,2233000000.0,2580000000.0,,,3000000.0,,32000000.0,181000000.0,2233000000.0,347000000.0,36000000.0,7000000.0,213000000.0,134000000.0,-26000000.0,108000000.0,2580000000.0,150000000.0,150000000.0,150000000.0
Leidos Holdings Inc,LDOS,549300IUTGTP6EJP8124,1336920,2017.0,Q1TTM,2016-04-02,2017-03-31,,2.87,2.13,1.28,2.1,4000000.0,81000000.0,267000000.0,267000000.0,,263000000.0,4000000.0,7182000000.0,8311000000.0,3000000.0,,-10000000.0,,127000000.0,543000000.0,7185000000.0,1126000000.0,108000000.0,14000000.0,674000000.0,452000000.0,-104000000.0,348000000.0,8311000000.0,150000000.0,150000000.0,150000000.0
Leidos Holdings Inc,LDOS,549300IUTGTP6EJP8124,1336920,2018.0,FY,2017-12-30,2018-12-28,2020-02-18 14:36:02+00:00,3.85,3.85,1.28,3.8,7000000.0,28000000.0,582000000.0,582000000.0,,581000000.0,1000000.0,8690000000.0,10194000000.0,,,-1000000.0,0.0,37000000.0,729000000.0,8690000000.0,1504000000.0,138000000.0,18000000.0,773000000.0,731000000.0,-121000000.0,610000000.0,10194000000.0,151000000.0,151000000.0,151000000.0
Leidos Holdings Inc,LDOS,549300IUTGTP6EJP8124,1336920,2018.0,Q4,2018-09-29,2018-12-28,,1.26,1.26,0.32,1.24,,-38000000.0,188000000.0,188000000.0,,188000000.0,,2278000000.0,2647000000.0,,,-4000000.0,-1000000.0,5000000.0,183000000.0,2278000000.0,369000000.0,34000000.0,6000000.0,187000000.0,182000000.0,-32000000.0,150000000.0,2647000000.0,151000000.0,151000000.0,151000000.0
Leidos Holdings Inc,LDOS,549300IUTGTP6EJP8124,1336920,2018.0,Q3,2018-06-30,2018-09-28,2019-10-29 14:15:35+00:00,0.97,0.97,0.32,0.96,0.0,23000000.0,147000000.0,147000000.0,,147000000.0,0.0,2174000000.0,2575000000.0,,,2000000.0,1000000.0,7000000.0,194000000.0,2174000000.0,401000000.0,35000000.0,4000000.0,202000000.0,199000000.0,-29000000.0,170000000.0,2575000000.0,151000000.0,151000000.0,151000000.0
Leidos Holdings Inc,LDOS,549300IUTGTP6EJP8124,1336920,2018.0,Q3YTD,2017-12-30,2018-09-28,,2.59,2.59,0.96,2.56,7000000.0,66000000.0,394000000.0,394000000.0,,393000000.0,1000000.0,6412000000.0,7547000000.0,,,3000000.0,1000000.0,32000000.0,546000000.0,6412000000.0,1135000000.0,104000000.0,12000000.0,586000000.0,549000000.0,-89000000.0,460000000.0,7547000000.0,151000000.0,151000000.0,151000000.0
Leidos Holdings Inc,LDOS,549300IUTGTP6EJP8124,1336920,2018.0,Q3TTM,2017-09-30,2018-09-28,,3.33,3.33,1.28,3.3,7000000.0,-13000000.0,507000000.0,507000000.0,,507000000.0,,8591000000.0,10063000000.0,,,-29000000.0,11000000.0,90000000.0,722000000.0,8591000000.0,1472000000.0,139000000.0,20000000.0,830000000.0,642000000.0,-148000000.0,494000000.0,10063000000.0,151000000.0,151000000.0,151000000.0
Leidos Holdings Inc,LDOS,549300IUTGTP6EJP8124,1336920,2018.0,Q2,2018-03-31,2018-06-29,2019-07-30 13:01:32+00:00,0.95,0.95,0.32,0.94,0.0,20000000.0,145000000.0,145000000.0,,144000000.0,1000000.0,2152000000.0,2529000000.0,,,1000000.0,,8000000.0,174000000.0,2152000000.0,377000000.0,35000000.0,4000000.0,182000000.0,195000000.0,-30000000.0,165000000.0,2529000000.0,152000000.0,152000000.0,152000000.0
Leidos Holdings Inc,LDOS,549300IUTGTP6EJP8124,1336920,2018.0,Q2YTD,2017-12-30,2018-06-29,,1.62,1.62,0.64,1.6,7000000.0,43000000.0,247000000.0,247000000.0,,246000000.0,1000000.0,4238000000.0,4972000000.0,,,1000000.0,,25000000.0,352000000.0,4238000000.0,734000000.0,69000000.0,8000000.0,384000000.0,350000000.0,-60000000.0,290000000.0,4972000000.0,152000000.0,152000000.0,152000000.0
Leidos Holdings Inc,LDOS,549300IUTGTP6EJP8124,1336920,2018.0,Q2TTM,2017-07-01,2018-06-29,,2.9,2.9,1.28,2.87,7000000.0,1000000.0,439000000.0,439000000.0,,442000000.0,-3000000.0,8553000000.0,9991000000.0,,,-31000000.0,10000000.0,110000000.0,722000000.0,8553000000.0,1438000000.0,139000000.0,21000000.0,849000000.0,589000000.0,-149000000.0,440000000.0,9991000000.0,152000000.0,152000000.0,152000000.0
Leidos Holdings Inc,LDOS,549300IUTGTP6EJP8124,1336920,2018.0,Q1,2017-12-30,2018-03-30,2019-04-30 14:14:59+00:00,0.67,0.67,0.32,0.66,7000000.0,23000000.0,102000000.0,102000000.0,,102000000.0,,2086000000.0,2443000000.0,,,0.0,,17000000.0,178000000.0,2086000000.0,357000000.0,34000000.0,4000000.0,202000000.0,155000000.0,-30000000.0,125000000.0,2443000000.0,152000000.0,152000000.0,152000000.0
Leidos Holdings Inc,LDOS,549300IUTGTP6EJP8124,1336920,2018.0,Q1TTM,2017-04-01,2018-03-30,,2.6,2.6,1.28,2.57,7000000.0,18000000.0,392000000.0,392000000.0,,396000000.0,-4000000.0,8591000000.0,10033000000.0,,,-29000000.0,10000000.0,124000000.0,734000000.0,8591000000.0,1442000000.0,138000000.0,10000000.0,875000000.0,567000000.0,-157000000.0,410000000.0,10033000000.0,152000000.0,152000000.0,152000000.0
Leidos Holdings Inc,LDOS,549300IUTGTP6EJP8124,1336920,2019.0,Q4,2019-09-28,2020-01-03,,1.29,1.29,0.34,1.27,,46000000.0,181000000.0,181000000.0,,181000000.0,,2527000000.0,2954000000.0,,,,-5000000.0,2000000.0,171000000.0,2527000000.0,427000000.0,34000000.0,2000000.0,168000000.0,259000000.0,-32000000.0,227000000.0,2954000000.0,143000000.0,143000000.0,143000000.0
Leidos Holdings Inc,LDOS,549300IUTGTP6EJP8124,1336920,2019.0,FY,2018-12-29,2020-01-03,2020-02-18 14:36:02+00:00,4.66,4.66,1.32,4.6,0.0,196000000.0,670000000.0,670000000.0,,667000000.0,3000000.0,9546000000.0,11094000000.0,,,87000000.0,-40000000.0,5000000.0,689000000.0,9546000000.0,1548000000.0,133000000.0,18000000.0,654000000.0,894000000.0,-28000000.0,866000000.0,11094000000.0,143000000.0,143000000.0,143000000.0
Leidos Holdings Inc,LDOS,549300IUTGTP6EJP8124,1336920,2019.0,Q3YTD,2018-12-29,2019-09-27,,3.37,3.37,0.98,3.33,,150000000.0,489000000.0,489000000.0,,486000000.0,3000000.0,7019000000.0,8140000000.0,,,87000000.0,-35000000.0,3000000.0,518000000.0,7019000000.0,1121000000.0,99000000.0,16000000.0,486000000.0,635000000.0,4000000.0,639000000.0,8140000000.0,143000000.0,143000000.0,143000000.0
Leidos Holdings Inc,LDOS,549300IUTGTP6EJP8124,1336920,2019.0,Q3TTM,2018-09-29,2019-09-27,,4.63,4.63,1.3,4.57,,112000000.0,677000000.0,677000000.0,,674000000.0,3000000.0,9297000000.0,10787000000.0,,,83000000.0,-36000000.0,8000000.0,701000000.0,9297000000.0,1490000000.0,133000000.0,22000000.0,673000000.0,817000000.0,-28000000.0,789000000.0,10787000000.0,143000000.0,143000000.0,143000000.0
Leidos Holdings Inc,LDOS,549300IUTGTP6EJP8124,1336920,2019.0,Q3,2019-06-29,2019-09-27,2019-10-29 14:15:35+00:00,1.13,1.13,0.34,1.11,0.0,52000000.0,162000000.0,162000000.0,,161000000.0,1000000.0,2450000000.0,2835000000.0,,,-7000000.0,-35000000.0,0.0,177000000.0,2450000000.0,385000000.0,28000000.0,6000000.0,142000000.0,243000000.0,-29000000.0,214000000.0,2835000000.0,143000000.0,143000000.0,143000000.0
Leidos Holdings Inc,LDOS,549300IUTGTP6EJP8124,1336920,2019.0,Q2YTD,2018-12-29,2019-06-28,,2.24,2.24,0.64,2.22,,98000000.0,327000000.0,327000000.0,,325000000.0,2000000.0,4569000000.0,5305000000.0,,,94000000.0,,3000000.0,341000000.0,4569000000.0,736000000.0,71000000.0,10000000.0,344000000.0,392000000.0,33000000.0,425000000.0,5305000000.0,144000000.0,144000000.0,144000000.0
Leidos Holdings Inc,LDOS,549300IUTGTP6EJP8124,1336920,2019.0,Q2TTM,2018-06-30,2019-06-28,,4.47,4.47,1.28,4.42,,83000000.0,662000000.0,662000000.0,,660000000.0,2000000.0,9021000000.0,10527000000.0,,,92000000.0,,15000000.0,718000000.0,9021000000.0,1506000000.0,140000000.0,20000000.0,733000000.0,773000000.0,-28000000.0,745000000.0,10527000000.0,144000000.0,144000000.0,144000000.0
Leidos Holdings Inc,LDOS,549300IUTGTP6EJP8124,1336920,2019.0,Q2,2019-03-30,2019-06-28,2019-07-30 13:01:32+00:00,0.94,0.94,0.32,0.93,0.0,41000000.0,138000000.0,138000000.0,,136000000.0,2000000.0,2348000000.0,2728000000.0,,,2000000.0,,1000000.0,175000000.0,2348000000.0,380000000.0,33000000.0,6000000.0,176000000.0,204000000.0,-25000000.0,179000000.0,2728000000.0,144000000.0,144000000.0,144000000.0
Leidos Holdings Inc,LDOS,549300IUTGTP6EJP8124,1336920,2019.0,Q1,2018-12-29,2019-03-29,2020-05-05 13:29:52+00:00,1.3,1.3,0.32,1.29,,57000000.0,189000000.0,189000000.0,,189000000.0,,2221000000.0,2577000000.0,,,92000000.0,,2000000.0,166000000.0,2221000000.0,356000000.0,38000000.0,4000000.0,168000000.0,188000000.0,58000000.0,246000000.0,2577000000.0,145000000.0,145000000.0,145000000.0
Leidos Holdings Inc,LDOS,549300IUTGTP6EJP8124,1336920,2019.0,Q1TTM,2018-03-31,2019-03-29,,4.48,4.48,1.28,4.43,,62000000.0,669000000.0,669000000.0,,668000000.0,1000000.0,8825000000.0,10328000000.0,,,91000000.0,,22000000.0,717000000.0,8825000000.0,1503000000.0,142000000.0,18000000.0,739000000.0,764000000.0,-33000000.0,731000000.0,10328000000.0,145000000.0,145000000.0,145000000.0
Leidos Holdings Inc,LDOS,549300IUTGTP6EJP8124,1336920,2020.0,Q1TTM,2019-03-30,2020-04-03,,4.17,4.17,1.34,4.11,,154000000.0,596000000.0,596000000.0,,593000000.0,3000000.0,9819000000.0,11406000000.0,,,-19000000.0,-40000000.0,15000000.0,720000000.0,9819000000.0,1587000000.0,143000000.0,20000000.0,695000000.0,892000000.0,-142000000.0,750000000.0,11406000000.0,142000000.0,142000000.0,142000000.0
Leidos Holdings Inc,LDOS,549300IUTGTP6EJP8124,1336920,2020.0,Q1,2020-01-04,2020-04-03,2020-05-05 13:29:52+00:00,0.81,0.81,0.34,0.8,,15000000.0,115000000.0,115000000.0,,115000000.0,,2494000000.0,2889000000.0,,,-14000000.0,,12000000.0,197000000.0,2494000000.0,395000000.0,48000000.0,6000000.0,209000000.0,186000000.0,-56000000.0,130000000.0,2889000000.0,142000000.0,142000000.0,142000000.0
