Date,Market Capitalization,Cash & Equivalents,Preferred & Other,Total Debt,Enterprise Value,"Revenue, Comparable","Growth %, YoY",Gross Profit,Margin %,EBITDA,"Net Inc, Comparable","EPS, Comparable",Cash from Operations,Capital Expenditures,Free Cash Flow,Source: Bloomberg
06/30/1997,46050.375,-1366.0,0.0,10072.0,54756.375,4923.0,12.698413,2410.0,14.2392849888279,2201.0,701.0,0.355,1620.0,-1107.0,513.0,
09/30/1997,45861.916656,-2102.0,0.0,10206.0,53965.916656,5193.0,12.696984,2625.0,13.5759676487579,2348.0,705.0,0.354996,1883.0,-1220.0,663.0,
12/31/1997,55862.0,-2587.0,504.0,11054.0,64833.0,5600.0,12.5,2845.0,12.9285714285714,2478.0,724.0,0.36,1662.0,-1660.0,2.0,
03/31/1998,66763.125,-2129.0,0.0,10975.0,75609.125,5426.0,12.857143,2716.0,14.6701068927387,2497.0,796.0,0.395,2056.0,-1226.0,830.0,
06/30/1998,66118.125,-2316.0,0.0,11617.0,75419.125,5664.0,15.492958,2847.0,14.4420903954802,2508.0,818.0,0.41,1642.0,-1254.0,388.0,
09/30/1998,73669.75,-2600.0,0.0,11903.0,82972.75,5865.0,15.494422,2909.0,13.8789428815004,2574.0,814.0,0.41,2198.0,-1264.0,934.0,
12/31/1998,97256.25,-3187.0,451.0,12169.0,106689.25,6168.0,16.666667,3214.0,14.4779507133593,2682.0,893.0,0.42,1845.0,-1468.0,377.0,
03/31/1999,76399.1875,-1988.0,0.0,12976.0,87387.1875,5973.0,16.455696,,14.9840950945923,2720.0,895.0,0.46,1642.0,-1387.0,255.0,
06/30/1999,86945.625,-918.0,0.0,16084.0,102111.625,6148.0,24.390244,,15.8262849707222,2469.0,973.0,0.51,2451.0,-1498.0,953.0,
09/30/1999,84780.0,-1140.0,0.0,16094.0,99734.0,6422.0,21.95122,,14.8084708813454,2881.0,951.0,0.5,2378.0,-1571.0,807.0,
12/31/1999,88147.9375,-1392.0,0.0,16766.0,103521.9375,6681.0,26.190476,,15.0576261038767,3038.0,1006.0,0.53,1728.0,-1744.0,-16.0,
03/31/2000,88125.0,-1182.0,0.0,16364.0,103307.0,6440.0,13.043478,,15.2329192546584,2919.0,981.0,0.52,2350.0,-1563.0,787.0,
06/30/2000,80177.625,-1547.0,0.0,16977.0,95607.625,6701.0,9.803922,,15.8782271302791,3187.0,1064.0,0.56,2448.0,-1705.0,743.0,
09/30/2000,75573.0,-1212.0,0.0,20023.0,94384.0,6850.0,10.0,,15.1240875912409,3238.0,1036.0,0.55,1874.0,-1672.0,202.0,
12/31/2000,76635.0,-1061.0,0.0,20032.0,95606.0,6160.0,7.54717,,17.4350649350649,3081.0,1074.0,0.57,1918.0,-2055.0,-137.0,
03/31/2001,76643.16,-712.0,0.0,19325.0,95256.16,5919.0,0.0,,16.4723770907248,2758.0,975.0,0.52,1604.0,-1690.0,-86.0,
06/30/2001,75465.98,-658.0,0.0,19100.0,93907.98,5985.0,3.571429,,18.1286549707602,2753.0,1085.0,0.58,2108.0,-1667.0,441.0,
09/30/2001,77989.35,-854.0,0.0,20066.0,97201.35,6013.0,7.272727,,18.5930483951439,2875.0,1118.0,0.59,2649.0,-1367.0,1282.0,
12/31/2001,71607.55,-592.0,0.0,20125.0,91140.55,6213.0,10.526316,,19.2177691936263,3095.0,1194.0,0.63,1637.0,-1273.0,364.0,
03/31/2002,69259.94,-2061.0,0.0,19076.0,86274.94,5534.0,5.769231,3617.0,18.756776292013,2530.0,1038.0,0.55,2065.0,-1005.0,1060.0,
06/30/2002,58999.5,-1842.0,0.0,18041.0,75198.5,5780.0,-43.103448,3858.0,10.7266435986159,2726.0,620.0,0.33,2128.0,-1023.0,1105.0,
09/30/2002,34186.32,-2050.0,0.0,17674.0,49810.32,5434.0,-11.864407,3555.0,17.6297386823703,2531.0,958.0,0.52,2340.0,-835.0,1505.0,
12/31/2002,48118.2,-2482.0,0.0,17397.0,63033.2,5692.0,-28.571429,3837.0,14.8629655657063,2599.0,846.0,0.45,1713.0,-922.0,791.0,
03/31/2003,40024.49,-2442.0,0.0,16644.0,54226.49,5014.0,-3.636364,3339.0,18.4284004786598,2420.0,924.0,0.53,1902.0,-588.0,1314.0,
06/30/2003,49185.61,-4122.0,0.0,15412.0,60475.61,5079.0,72.727273,3314.0,19.5510927347903,2325.0,993.0,0.57,2385.0,-677.0,1708.0,
09/30/2003,43760.64,-5025.0,0.0,14993.0,53728.64,5141.0,1.923077,3352.0,18.0120599105232,2463.0,926.0,0.53,2433.0,-713.0,1720.0,
12/31/2003,51789.0,-4556.0,0.0,14980.0,62213.0,5742.0,13.333333,3733.0,16.5273423894114,2597.0,949.0,0.51,1634.0,-1076.0,558.0,
03/31/2004,50894.22,-5368.0,0.0,13124.0,58650.22,4976.0,-9.433962,3178.0,17.8456591639871,2256.0,888.0,0.48,1719.0,-635.0,1084.0,
06/30/2004,48008.82,-6216.0,0.0,13603.0,55395.82,5083.0,-10.526316,3294.0,18.5756445406256,2364.0,944.200012,0.51,1893.0,-731.0,1162.0,
09/30/2004,49656.72,-9200.0,0.0,16190.0,56646.72,5095.0,-13.207547,3214.0,16.7222767419038,2309.0,852.0,0.46,1775.0,-768.0,1007.0,
12/31/2004,50883.49,-696.0,0.0,20583.0,70770.49,5641.0,-35.294118,3589.0,19.1065422620103,2530.0,1077.800049,0.33,835.0,-1059.0,-224.0,
03/31/2005,48136.99,-516.0,0.0,18818.0,66438.99,346.686005,-58.333333,3171.0,6.8364455611642,2277.0,23.701,0.2,1718.0,-750.0,968.0,
06/30/2005,48676.24,-485.0,0.0,17692.0,65883.24,388.809998,-29.411765,3217.0,10.7816152402542,2266.0,41.919998,0.36,2102.0,-829.0,1273.0,
09/30/2005,48155.3,-2030.0,0.0,16956.0,63081.3,372.299988,-56.521739,3055.0,5.947086143876,1893.0,22.141001,0.2,1999.0,-886.0,1113.0,
12/31/2005,48725.8,-427.0,0.0,17188.0,65486.8,410.748993,9.090909,3037.0,9.72029138973446,2171.0,39.925999,0.36,899.0,-992.0,-93.0,
03/31/2006,62612.55,-301.0,0.0,17470.0,79781.55,371.722992,-20.0,3062.0,4.65400294636604,2131.0,17.299999,0.16,1632.0,-1081.0,551.0,
06/30/2006,65594.4,-742.0,0.0,17372.0,82224.4,403.557007,-8.333333,3246.0,8.69468263253325,2276.0,35.088001,0.33,1930.0,-950.0,980.0,
09/30/2006,77890.5,-2058.0,0.0,18204.0,94036.5,376.394989,40.0,3313.0,6.49796110861614,2346.0,24.458,0.28,1706.0,-730.0,976.0,
12/31/2006,,,,,,7591.667,69.4444444444444,,14.0878149687019,3253.667,1069.5,0.61,,,,
03/31/2007,,,,,,8566.0,276.875,,12.613822087322,3352.0,1080.5,0.603,,,,
