Date,Basic Shares Outstanding,Diluted Weighted Avg Shares,Basic Weighted Avg Shares,Per Share Data Items,Revenue,EBITDA,Operating Income,Net Income to Common - Basic,Net Income before XO - Basic,Normalized Net Income - Basic,Net Income to Common - Diluted,Net Income before XO - Diluted,Normalized Net Income - Diluted,Dividends,Cash Flow,Free Cash Flow,Cash & Equivalents,Book Value,Tangible Book Value,Source: Bloomberg
04/01/1990,81.919998,82.400002,82.400002,,10.453884,0.635922,0.200243,0.05125,0.05125,,0.05125,0.05125,0.05125,0.06875,0.350728,,0.72998,4.948731,,
07/01/1990,81.919998,82.400002,82.400002,,10.574029,0.716019,0.300971,0.01875,0.01875,,0.01875,0.01875,0.01875,0.06875,0.041262,,0.777588,5.112305,,
09/30/1990,118.599998,113.599998,113.599998,,7.304577,0.00088,-0.320423,-0.31875,-0.51375,,-0.31875,-0.51375,-0.51375,0.06875,-0.191021,,0.457841,5.785835,,
12/31/1990,118.688,118.4,118.4,,7.595439,0.041385,-0.269426,-1.0225,-1.06625,-1.06625,-1.0225,-1.06625,-1.06625,0.06875,0.184122,,0.674036,4.671071,,
03/31/1991,119.199997,119.199997,119.199997,,6.807886,0.146812,-0.124161,0.1275,-0.305,,0.1275,-0.305,-0.305,0.06875,0.092282,,0.406879,4.529363,,
06/30/1991,119.199997,118.400002,118.400002,,7.412162,0.284628,0.011824,-0.16125,-0.16125,,-0.16125,-0.16125,-0.16125,0.00625,0.21875,,0.500839,4.190436,,
09/29/1991,119.199997,118.400002,118.400002,,7.186656,0.320946,0.047297,-0.1175,-0.1175,,-0.1175,-0.1175,-0.1175,0.00625,0.299831,,0.458893,4.206376,,
12/31/1991,118.736,118.4,118.4,,7.309966,0.401182,0.146115,-0.03625,-0.03625,-0.03625,-0.03625,-0.03625,-0.03625,0.00625,0.289696,,0.433735,4.285979,,
03/30/1992,120.0,120.0,120.0,,7.344167,0.435,0.18,-2.0825,0.025,,-2.0825,0.025,0.025,0.00625,0.121667,,0.530833,4.173333,,
06/29/1992,138.399994,133.600006,133.600006,,7.096556,0.508234,0.269461,0.125,0.125,,0.125,0.125,0.125,0.00625,0.602545,,1.136561,4.799856,,
09/28/1992,138.399994,138.399994,138.399994,,6.528902,0.42052,0.205202,0.08625,0.08625,,0.08625,0.08625,0.08625,0.00625,0.154624,,1.03974,4.762283,,
12/31/1992,138.399992,140.0,140.0,,7.258572,0.533571,0.317857,0.1575,0.1975,0.1975,0.1575,0.1975,0.1975,0.00625,0.58,,0.391619,2.790463,,
04/04/1993,139.199997,139.199997,139.199997,,7.53161,0.664512,0.436782,0.28,0.28,,0.28,0.28,0.28,0.00625,0.172414,,0.49569,3.001437,,
07/04/1993,139.199997,140.0,140.0,,7.81,0.680714,0.451429,0.33125,0.33125,,0.33125,0.33125,0.33125,0.00625,0.608571,,0.432471,3.364224,,
10/03/1993,139.199997,140.0,140.0,,7.059286,0.582857,0.36,0.2775,0.2775,,0.2775,0.2775,0.2775,0.00625,0.246429,,0.400144,3.636494,,
12/31/1993,154.0,142.0,142.0,,7.871831,0.730986,0.519014,0.315,0.355,0.355,0.315,0.355,0.355,0.03125,0.999296,,0.501948,4.603247,,
04/03/1994,166.399994,161.199997,161.199997,,6.818858,0.601737,0.421836,0.3375,0.3375,,0.3375,0.3375,0.3375,0.03125,0.331266,,0.570313,5.246394,,
07/03/1994,166.399994,166.800003,166.800003,,7.223621,0.680456,0.482614,0.395,0.395,,0.395,0.395,0.395,0.03125,0.701439,,0.902043,5.709135,,
10/02/1994,166.399994,166.800003,166.800003,,6.927458,0.641487,0.440048,0.37,0.37,,0.37,0.37,0.37,0.03125,0.384892,,1.007212,6.064303,,
12/31/1994,166.399992,166.800004,166.800004,,7.659472,0.705635,0.513189,0.42,0.42,0.42,0.42,0.42,0.42,0.0625,0.845923,,0.882813,6.445914,,
04/02/1995,163.199996,165.199996,165.199996,,8.075061,0.780872,0.569007,0.4075,0.4075,0.04075,0.4075,0.4075,0.04075,0.0625,0.230024,0.03632,0.582108,6.758579,,
07/02/1995,162.0,163.199997,163.199997,,8.339461,0.778186,0.563726,0.4225,0.4225,0.4225,0.4225,0.4225,0.4225,0.0625,0.772059,0.453431,0.574074,7.049383,,
10/01/1995,160.399992,161.600008,161.600008,,7.543316,0.594059,0.371287,0.285,0.285,0.285,0.285,0.285,0.285,0.0625,0.259901,-0.024752,0.48005,7.225686,,
12/31/1995,160.800004,160.800004,160.800004,,8.277363,0.665423,0.435323,0.2625,0.2625,,0.2625,0.2625,0.2625,0.0625,1.243781,0.665423,0.373134,7.356965,,
03/31/1996,160.399994,161.199997,162.0,,8.123457,0.691358,0.45679,0.3025,0.3025,0.3025,0.3025,0.3025,0.3025,0.0625,0.154321,-0.067901,0.953865,7.543641,,
06/30/1996,158.800003,160.399994,160.399994,,8.204489,0.573566,0.336658,0.2775,0.2775,0.2775,0.275,0.275,0.275,0.0625,0.168329,-0.130923,1.064232,7.7267,,
09/29/1996,158.0,158.399994,156.399994,,8.081842,0.434783,0.210997,0.1675,0.1675,0.1675,0.1675,0.1675,0.1675,0.0625,-0.038363,-0.466752,0.5,7.917722,,
12/31/1996,157.600008,158.0,159.199996,,8.548995,0.53392,0.295226,0.2575,0.2575,0.2575,0.2575,0.2575,0.2575,0.0625,0.923367,-0.037688,0.685279,8.324873,,
03/30/1997,153.199997,154.0,152.800003,,8.534031,0.562827,0.307592,0.2675,0.2675,0.2675,0.265,0.265,0.265,0.0625,0.196335,-0.484293,0.528721,8.296345,,
06/29/1997,153.199997,154.800003,153.199997,,9.112272,0.750653,0.483029,0.35,0.35,0.35,0.345,0.345,0.345,0.06875,0.241514,-0.417755,0.724543,8.63577,,
09/29/1997,152.800003,156.0,153.199997,,8.916449,0.665796,0.417755,0.3525,0.3525,0.3525,0.345,0.345,0.345,0.06875,0.097911,-0.509138,0.399215,8.782722,,
12/31/1997,153.600008,155.199996,152.800004,,10.202879,0.85733,0.59555,0.4225,0.4225,0.4225,0.415,0.415,0.415,0.06875,0.772251,0.07199,0.31901,9.257812,8.105468,
03/29/1998,154.0,155.600006,154.0,,9.74026,0.766234,0.461039,0.045,0.045,0.2425,0.045,0.045,0.24,0.06875,0.136364,-0.402597,0.311688,9.149351,5.525974,
06/28/1998,154.0,155.199997,154.0,,10.616883,1.012987,0.681818,0.3475,0.3475,0.3475,0.345,0.345,0.345,0.06875,0.357143,-0.103896,0.25974,9.25974,5.525974,
09/27/1998,153.2,154.0,154.0,,9.902597,0.681818,0.357143,-0.715,-0.715,-0.715,-0.715,-0.715,-0.715,0.06875,0.571429,0.272727,0.411227,8.472585,5.966057,
12/31/1998,153.600006,153.600006,153.600006,,10.455729,0.77474,0.442708,0.1875,0.1875,0.1875,0.1875,0.1875,0.1875,0.06875,0.696615,0.234375,0.247396,8.28125,3.626302,
03/28/1999,154.399994,154.0,154.0,,9.772727,0.811688,0.448052,0.1575,0.1575,0.1575,0.1575,0.1575,0.1575,0.06875,0.207792,-0.032468,0.291451,8.387306,3.73057,
06/27/1999,153.600006,154.800003,154.0,,10.824675,1.097403,0.720779,0.3775,0.3775,0.3775,0.375,0.375,0.375,0.06875,0.980519,0.701299,0.436198,8.639323,3.919271,
09/26/1999,152.0,155.600006,153.199997,,10.646214,1.044386,0.665796,0.3425,0.3425,0.3425,0.3375,0.3375,0.3375,0.06875,-0.084856,-0.35248,0.394737,8.828947,4.019737,
12/31/1999,152.4,153.6,152.4,,12.047244,1.122047,0.721785,0.1625,0.1625,0.4575,0.1625,0.1625,0.455,0.075,0.89895,0.249344,0.485564,9.37664,6.988189,
03/26/2000,152.399994,153.199997,152.800003,,10.78534,0.909686,0.536649,0.2725,0.2725,0.2725,0.2725,0.2725,0.2725,0.075,0.058901,-0.143979,0.446194,9.475066,5.452756,
06/25/2000,152.399994,152.399994,152.399994,,11.607612,1.062992,0.669291,0.405,0.405,0.405,0.405,0.405,0.405,0.075,0.328084,-0.019685,0.485564,9.586615,5.538058,
09/24/2000,153.199997,152.800003,152.800003,,10.287958,0.759162,0.346859,0.165,0.165,0.165,0.165,0.165,0.165,0.075,0.098168,-0.242147,0.613577,9.523499,5.450392,
12/31/2000,153.2,153.2,153.2,,10.496084,0.4047,0.013055,-0.79,-0.79,-0.1125,-0.79,-0.79,-0.1125,0.075,2.049608,1.416449,0.4047,8.720627,3.929504,
03/25/2001,152.4,152.8,152.8,,8.828534,0.33377,-0.052356,-0.17,-0.17,-0.17,-0.17,-0.17,-0.17,0.075,0.281414,-0.124346,0.616798,8.346457,6.043307,
06/24/2001,153.2,152.8,152.8,,9.561518,0.569372,0.183246,-0.535,-0.535,0.015,-0.535,-0.535,0.015,0.075,0.091623,-0.301047,0.678851,7.643603,2.9047,
09/23/2001,153.2,154.0,152.8,,9.21466,0.536649,0.163613,0.02,0.02,0.02,0.02,0.02,0.02,0.075,0.0,-0.235602,0.750653,7.715405,3.009138,
12/31/2001,154.0,154.0,153.6,,9.52474,0.507812,0.15625,-0.0325,-0.0325,-0.0325,-0.0325,-0.0325,-0.0325,0.075,0.61849,-0.488281,0.61039,6.383117,3.454545,
03/31/2002,,154.0,154.0,,8.655844,0.24026,-0.103896,-0.155,-0.1725,-0.1725,-0.155,-0.1725,-0.1725,0.075,-0.207792,-0.324675,,,,
06/30/2002,,156.0,154.0,,9.467532,0.584416,0.233766,0.1025,0.1025,0.1025,0.1,0.1,0.1,0.075,0.435065,0.331169,,,,
09/29/2002,,180.0,154.8,,10.645995,0.820413,0.458656,0.2825,0.2825,0.2825,0.2625,0.2625,0.2625,0.075,0.05168,-0.077519,,,,
12/31/2002,156.0,180.8,155.6,,9.087404,0.526992,0.167095,0.3,0.3,-0.085,0.275,0.275,-0.055,0.075,0.96401,0.604113,1.910256,5.391026,2.576923,
03/30/2003,155.6,155.6,155.6,,8.913882,0.199229,-0.154242,-0.1975,-0.1975,-0.1975,-0.1975,-0.1975,-0.1975,0.075,-0.501285,-0.604113,0.893316,5.134961,2.332905,
06/29/2003,156.0,156.0,156.0,,9.865385,0.512821,0.166667,0.085,0.085,0.085,0.085,0.085,0.085,0.075,0.262821,0.089744,0.833333,5.423077,2.628205,
09/28/2003,159.6,183.6,157.6,,10.36802,0.571066,0.215736,0.155,0.155,0.155,0.15,0.15,0.15,0.075,0.317259,0.145939,1.052632,5.595238,2.863409,
12/31/2003,161.6,186.8,160.4,,10.822943,0.716958,0.355362,0.27,0.2925,0.2925,0.25,0.2675,0.2675,0.075,0.90399,0.648379,1.206683,5.872525,3.174505,
03/28/2004,163.2,189.2,162.0,,10.932099,0.765432,0.407407,0.2025,0.2025,0.2025,0.19,0.19,0.19,0.075,0.345679,0.240741,1.256127,6.188725,3.443627,
06/27/2004,168.399994,195.199997,167.199997,,12.70335,1.11244,0.705742,0.4925,0.4925,0.4925,0.44,0.44,0.44,0.075,1.172249,1.004785,2.369359,6.686461,4.073634,
09/26/2004,173.2,,,,,,,,,,,,,,,,2.817552,7.407621,4.844111,
12/31/2004,175.2,197.5104,174.4,,13.469037,1.141055,0.722477,0.6825,0.6825,0.6825,0.6025,0.6025,0.6025,0.075,1.41055,0.991972,3.841324,7.996575,5.439498,
03/27/2005,176.8,203.2,175.6,,12.574032,1.167426,0.763098,0.55,0.55,0.55,0.49,0.49,0.49,0.075,-0.353075,-0.529613,1.747738,8.450226,5.933258,
06/26/2005,177.199997,204.0,176.399994,,14.115647,1.485261,1.077098,0.8,0.8,0.8,0.7075,0.7075,0.7075,0.075,1.230159,0.963719,2.579007,9.051919,6.518059,
09/25/2005,179.6,204.8,177.6,,13.890766,1.554054,1.148649,0.8175,0.8175,0.8175,0.725,0.725,0.725,0.075,1.295045,1.052928,3.418708,9.805122,7.293987,
12/31/2005,178.0,205.2,178.0,,15.466292,1.764045,1.320225,0.9375,0.9375,0.86,0.8275,0.8275,0.7625,0.075,2.106742,1.741573,4.719101,10.47191,7.898876,
04/02/2006,,204.0,177.4,,15.095829,,1.223224,0.76,0.76,0.76,0.675,0.675,0.675,0.075,,,,,,
07/02/2006,,203.4,183.0,,15.530055,,1.486339,1.2,1.2,1.05,1.095,1.095,0.96,0.075,,,,,,
10/01/2006,202.399994,203.0,201.399994,,13.947369,1.564052,1.196624,0.85,0.85,0.85,0.845,0.845,0.845,0.09,1.281033,1.032771,5.479249,13.196641,10.864625,
12/31/2006,200.8,202.1,200.4,,15.134731,1.671657,1.302395,0.95,0.95,0.9,0.94,0.94,0.89,0.09,1.132735,0.648703,4.656375,13.954183,11.543825,
04/01/2007,201.0,201.0,200.0,,14.085,1.275,0.935,0.715,0.715,0.715,0.71,0.71,0.71,0.09,-0.565,-0.805,2.935323,14.61194,12.074627,
07/01/2007,200.4,201.2,200.0,,16.715,2.155,1.445,1.07,1.07,1.07,1.065,1.065,1.065,0.09,0.78,0.24,3.647705,15.763473,13.183633,
09/30/2007,197.399994,199.800003,198.199997,,17.013118,1.533804,1.165489,0.93,0.93,0.93,0.92,0.92,0.92,0.125,1.851665,1.478305,3.768997,16.185411,13.495441,
12/31/2007,195.7,197.5,195.7,,17.966275,1.624936,1.241696,1.01,1.515,1.01,1.0,1.5,1.0,0.125,1.46653,0.592744,3.561574,17.41952,14.670414,
03/30/2008,178.2,196.4,195.1,,17.806253,1.676064,1.291645,0.97,0.97,0.97,0.97,0.97,0.97,0.125,0.189646,-0.271656,3.108866,20.246914,17.132435,
06/29/2008,196.2,196.6,195.2,,19.91291,2.5,2.074795,1.5,1.5,1.52,1.49,1.49,1.51,0.125,1.890369,1.321721,3.205912,19.531091,16.615698,
09/28/2008,195.699997,196.5,194.899994,,18.948179,2.011288,1.626475,1.18,1.18,1.18,1.17,1.17,1.17,0.175,1.636737,0.974859,3.34696,19.887583,16.939193,
12/31/2008,196.2,196.622192,194.63348,,16.893291,0.837472,0.421305,0.22,0.22,0.33,0.22,0.22,0.32,0.175,1.34612,0.251755,2.56371,16.48318,13.501529,
03/29/2009,197.0,197.0,196.8,,12.393293,0.533537,0.147358,0.04,0.04,0.238821,0.04,0.04,0.238821,0.175,0.386179,0.060976,2.121827,16.360406,13.279188,
06/28/2009,197.0,197.4,197.1,,12.333841,1.00964,0.613902,0.28,0.28,0.334094,0.28,0.28,0.329899,0.175,1.243024,0.862506,2.796954,17.116751,14.055838,
09/27/2009,198.8,197.8,197.4,,12.816616,1.170213,0.744681,0.48,0.48,0.537487,0.48,0.48,0.536117,0.175,2.071935,1.742655,4.195171,17.922535,14.944668,
12/31/2009,198.3,198.7,198.4,,17.137097,2.384073,1.940524,1.36,1.36,1.367692,1.36,1.36,1.366794,0.175,2.051411,1.517137,5.648008,19.026727,16.041351,
03/28/2010,200.6,198.7,198.4,,12.489919,1.638105,1.239919,0.75,0.75,0.75,0.75,0.75,0.75,0.175,0.635081,0.398185,5.493519,18.898305,15.887338,
06/27/2010,195.0,197.3,196.9,,16.292534,2.427628,2.011173,1.25,1.25,1.25,1.25,1.25,1.25,0.175,1.528695,1.305231,6.117949,19.912821,16.897436,
09/26/2010,195.6,196.3,195.8,,17.369765,2.62002,2.221655,1.45,1.45,1.3381,1.44,1.44,1.333021,0.2625,0.980592,0.57712,6.365031,21.46728,18.481595,
12/31/2010,195.7,196.4,195.8,,21.138917,3.094995,2.681307,1.85,1.85,1.868744,1.84,1.84,1.859857,0.2625,1.976507,0.9857,6.959632,23.863056,20.853347,
03/27/2011,194.3,196.1,195.5,,19.744246,3.109974,2.705882,1.75,1.75,1.751151,1.75,1.75,1.746685,0.2625,0.450128,-0.015345,5.589295,25.048893,22.038085,
06/26/2011,192.8,194.4,193.8,,23.947368,4.375645,3.962848,2.61,2.61,2.414861,2.6,2.6,2.409671,0.2625,3.384933,2.745098,7.645228,26.753112,23.827801,
09/25/2011,191.0,192.7,192.1,,24.081208,3.763665,3.326393,2.35,2.35,2.201978,2.35,2.35,2.199507,0.4,3.248308,2.404997,7.528796,27.282723,24.34555,
12/31/2011,190.2,191.5,190.9,,25.777894,4.332111,3.902567,2.87,2.87,2.609481,2.86,2.86,2.599687,0.4,3.693033,2.409639,9.258675,28.874869,25.899054,
04/01/2012,190.5,190.8,190.4,,23.487395,3.84979,3.403361,2.39,2.39,2.386292,2.38,2.38,2.376593,0.4,0.110294,-0.551471,8.23622,31.548556,28.440945,
07/01/2012,188.8,190.1,189.8,,23.45627,3.867229,3.41412,2.47,2.47,2.449947,2.47,2.47,2.448958,0.4,1.981033,1.243414,7.447034,32.325212,29.07839,
09/30/2012,188.5,189.0,188.6,,21.834571,3.096501,2.613998,1.87,1.87,1.781548,1.86,1.86,1.775344,0.5,2.067869,1.230117,6.748011,34.366048,30.079576,
12/31/2012,188.3,188.8,188.4,,22.781316,2.993631,2.468153,1.96,1.96,1.975318,1.95,1.95,1.966684,0.5,3.954352,2.542463,8.58205,35.066383,30.743494,
03/31/2013,188.3,188.8,188.4,,20.81741,2.717622,2.197452,1.5,1.5,1.441879,1.49,1.49,1.43518,0.5,2.271762,1.666667,8.916622,35.342539,31.040892,
06/30/2013,185.9,188.2,187.8,,24.094782,3.791267,3.248136,2.2,2.2,2.201012,2.2,2.2,2.196546,0.5,2.832801,1.975506,8.536848,36.062399,31.705218,
09/29/2013,187.4,186.5,186.0,,22.935484,3.38172,2.817204,1.91,1.91,1.915591,1.9,1.9,1.906971,0.625,2.005376,1.241935,14.199573,37.865528,33.495197,
12/31/2013,185.4,186.3,185.7,,24.706516,3.527194,2.977921,2.33,2.33,1.949381,2.32,2.32,1.944262,0.625,4.071082,2.67636,15.366775,40.507012,36.09493,
03/30/2014,182.7,184.7,184.3,,23.906674,3.353228,2.783505,1.83,1.83,1.83044,1.83,1.83,1.826481,0.625,1.427021,0.846446,12.627258,40.28462,35.790914,
06/29/2014,182.7,183.2,182.8,,26.449672,3.960613,3.347921,2.44,2.44,2.390591,2.43,2.43,2.380873,0.625,2.396061,1.641138,13.0104,42.621784,38.144499,
09/28/2014,181.6,182.7,182.2,,26.838639,4.237102,3.616905,2.32,2.32,2.354555,2.32,2.32,2.352841,0.78,3.770582,2.870472,13.111233,42.665198,38.199339,
12/31/2014,181.1,181.9,181.4,,28.059537,3.891951,3.202867,2.45,2.45,2.169515,2.44,2.44,2.16265,0.78,4.840132,2.998897,13.219216,42.788515,38.249586,
03/29/2015,180.3,181.0,180.6,,26.074197,3.743079,3.03433,2.14,2.14,2.035991,2.14,2.14,2.03337,0.78,0.957918,0.404208,11.71381,42.739878,38.247366,
06/28/2015,177.6,179.6,179.2,,27.985491,4.737723,4.034598,2.63,2.63,2.633929,2.62,2.62,2.625568,0.78,2.209821,1.389509,10.411036,44.222973,39.650901,
09/27/2015,176.6,177.4,177.0,,26.101695,3.875706,3.146893,2.15,2.15,2.09548,2.14,2.14,2.088703,0.975,3.175141,2.350282,9.756512,43.878822,39.246886,
12/31/2015,174.3,175.8,175.5,,27.156695,2.051282,1.304843,0.92,0.92,2.390883,0.92,0.92,2.390883,0.975,5.321937,3.321937,10.390132,42.48996,37.8428,
04/03/2016,169.6,172.0,171.8,,24.976717,3.480792,2.735739,1.87,1.87,1.792782,1.87,1.87,1.792782,0.975,1.554133,1.140861,7.511792,40.801887,35.913915,
07/03/2016,168.7,169.0,168.8,,26.824645,4.135071,3.359005,2.41,2.41,2.505332,2.4,2.4,2.5,0.975,2.790284,2.091232,7.587433,40.669828,35.874333,
10/02/2016,167.6,168.2,167.8,,24.952324,3.075089,2.288439,1.72,1.72,2.039631,1.72,1.72,2.036587,1.025,3.432658,2.699642,8.955847,41.372315,36.593079,
12/31/2016,167.5,168.246464,167.65364,,26.858946,3.566878,2.737787,2.254648,2.254648,2.239737,2.246704,2.246704,2.231845,1.025,3.751783,2.445518,8.238806,41.044776,36.197015,
04/02/2017,167.3,168.0,167.5,,27.397015,4.053731,3.223881,2.36,2.36,2.36,2.36,2.36,2.36,1.025,2.262687,1.779104,8.768679,42.827256,37.884041,
07/02/2017,167.0,167.8,167.3,,30.35266,4.369396,3.50269,2.53,2.53,2.507173,2.53,2.53,2.502884,1.025,2.671847,2.068141,8.784431,44.868263,39.916168,
10/01/2017,167.5,167.0,166.3,,31.779916,4.6362,3.740229,2.72,2.72,2.665364,2.71,2.71,2.651617,1.08,3.878533,3.27721,8.620896,45.546269,33.60597,
12/31/2017,165.2,166.2,165.4,,33.107618,4.449819,3.542926,-1.66,-1.66,3.072551,-1.66,-1.66,3.046378,1.08,4.873035,3.518742,9.485472,43.940678,31.501211,
04/01/2018,164.3,165.7,164.9,,33.778047,4.147968,3.214069,1.97,1.97,3.318126,1.96,1.96,3.30073,1.08,-0.709521,-1.146149,8.441875,45.003043,32.556299,
07/01/2018,162.8,164.3,163.8,,37.435897,5.347985,4.407814,3.33,3.33,4.160226,3.32,3.32,4.150463,1.08,3.601954,2.905983,9.410319,44.834152,32.432432,
09/30/2018,160.0,161.8,161.3,,36.844389,5.895846,4.978301,4.29,4.29,4.070552,4.28,4.28,4.061088,1.14,5.67266,4.587725,8.79375,44.94375,32.06875,
12/31/2018,157.6,159.3,158.7,,38.601134,5.582861,4.606175,3.65,3.65,3.560555,3.63,3.63,3.542492,1.14,6.238185,4.045369,9.676396,46.624365,33.711929,
03/31/2019,157.2,157.7,157.2,,38.193384,6.399491,5.082697,4.22,4.22,4.19243,4.2,4.2,4.174952,1.14,2.620865,1.927481,10.012723,49.745547,36.895674,
06/30/2019,157.5,158.0,157.4,,39.523507,6.734435,5.387548,4.29,4.29,4.29,4.27,4.27,4.27,1.14,5.133418,4.288437,10.996825,52.55873,39.695238,
09/29/2019,152.9,156.6,155.9,,36.998076,5.952534,4.483643,3.99,3.99,3.774086,3.97,3.97,3.755313,1.311,7.203335,6.221937,12.184434,51.079137,35.971223,
12/31/2019,150.3,152.4,151.5,,36.818482,3.867987,2.336634,1.98,1.98,2.568713,1.97,1.97,2.555039,1.311,5.531353,3.518152,9.780439,49.946773,34.717232,
03/29/2020,147.4,149.7,149.3,,33.563295,5.371735,4.246484,3.42,3.42,2.829538,3.41,3.41,2.818484,1.311,2.538513,2.036169,13.772049,47.951153,32.700136,
06/28/2020,147.5,148.0,147.6,,26.097561,3.394309,2.276423,1.87,1.87,1.675745,1.86,1.86,1.666351,1.311,-0.149051,-0.670732,14.264407,48.759322,33.159322,
09/30/2020,,,,,,,,2.255,2.255,2.292,2.255,2.255,2.292,1.008,4.25,,,49.668,,
12/31/2020,,,,,,,,1.971,1.971,1.996,1.971,1.971,1.996,1.008,4.36,,,50.205,,
