Date,Revenue,Consensus Estimate,Comparable Actual,Revenue Surprise %,GAAP Actual,Adjusted Actual,Earnings Per Share,EPS Surprise %,EBIT,EBIT Surprise %,EBITDA,EBITDA Surprise %,Gross Margin %,Gross Margin Surprise %,Pretax Income (Loss),Pretax Income (Loss) Surprise %,Net Income,Net Income Surprise %,Source: Bloomberg
01/31/1990,,,28.219999,,28.219999,28.219999,,,,,,,,,,,,,
04/30/1990,,,37.965,,37.965,37.965,,,,,,,,,,,,,
07/31/1990,,,32.000999,,40.006001,40.006001,,,,,,,,,,,,,
10/31/1990,,,0.0,,40.695,40.695,,,,,,,,,,,,,
01/31/1991,,,25.790001,,25.790001,25.790001,,,,,,,,,,,,,
04/30/1991,,,29.947001,,41.623001,41.623001,,,,,,,,,,,,,
07/31/1991,,,47.472,,47.472,47.472,,,,,,,,,,,,,
10/31/1991,,,0.0,,45.903,45.903,,,,,,,,,,,,,
01/31/1992,,,28.826,,-4.04,-4.04,,,,,,,,,,,,,
04/30/1992,,,32.381001,,32.381001,32.381001,,,,,,,,,,,,,
08/01/1992,,,36.823002,,36.823002,36.823002,,,,,,,,,,,,,
10/31/1992,,,0.0,,-59.346001,-59.346001,,,,,,,,,,,,,
01/31/1993,,,35.681,,35.681,35.681,,,,,,,,,,,,,
04/30/1993,,,41.952999,,41.952999,41.952999,,,,,,,,,,,,,
07/31/1993,,,40.834999,,40.834999,40.834999,,,,,,,,,,,,,
10/31/1993,,,0.0,,48.331001,48.331001,,,,,,,,,,,,,
01/31/1994,,,43.998001,,43.998001,43.998001,,,,,,,,,,,,,
04/30/1994,,,47.738998,,47.738998,47.738998,,,,,,,,,,,,,
07/31/1994,,,48.307999,,48.307999,48.307999,,,,,,,,,,,,,
10/31/1994,,,0.0,,52.354,52.354,,,,,,,,,,,,,
01/31/1995,,,50.323002,,50.323002,50.323002,,,,,,,,,,,,,
04/30/1995,,,55.321999,,55.321999,55.321999,,,,,,,,,,,,,
07/30/1995,,,60.152,,60.152,60.152,,,,,,,,,,,,,
10/31/1995,,,0.0,,65.971001,65.971001,,,,,,,,,,,,,
01/31/1996,,,57.448002,,57.448002,57.448002,,,,,,,,,,,,,
04/30/1996,,,63.700001,,63.700001,63.700001,,,,,,,,,,,,,
07/31/1996,,,68.077003,,68.077003,68.077003,,,,,,,,,,,,,
10/31/1996,,,0.0,,78.859001,78.859001,,,,,,,,,,,,,
01/31/1997,,,62.035,,62.035,62.035,,,,,,,,,,,,,
04/30/1997,,,38.021999,,-70.134003,-70.134003,,,,,,,,,,,,,
07/31/1997,,,66.241997,,66.241997,66.241997,,,,,,,,,,,,,
10/31/1997,,,-1.749,,88.043999,88.043999,,,,,,,,,,,,,
01/31/1998,,,54.813,,54.813,54.813,,,,,,,,,,,,,
04/30/1998,,,54.289001,,54.289001,54.289001,,,,,,,,,,,,,
07/31/1998,,,62.437,,62.437,62.437,,,,,,,,,,,,,
10/31/1998,,,0.0,,63.805,63.805,,,,,,,,,,,,,
01/31/1999,,,51.081001,,51.081001,51.081001,,,,,,,,,,,,,
04/30/1999,,,47.269001,,-72.894997,-72.894997,,,,,,,,,,,,,
07/31/1999,,,50.152,,50.152,50.152,,,,,,,,,,,,,
10/31/1999,,,56.367401,,75.848999,75.848999,,,,,,,,,,,,,
01/31/2000,,,37.070999,,52.252,52.252,,,,,,,,,,,,,
04/30/2000,,,36.726002,,51.042,51.042,,,,,,,,,,,,,
07/31/2000,,,9.168,,33.338001,33.338001,,,,,,,,,,,,,
10/31/2000,,,28.377001,,-12.683,-12.683,,,,,,,,,,,,,
03/31/2001,,,32.683998,,11.192,11.192,,20.0,,,,,,,,,,,
06/30/2001,,,37.019001,,34.239,34.239,,9.0047393364929,,,,,,,,,,,
09/30/2001,,,41.861,,-54.514,-54.514,,4.0,,,,,,,,,,,
12/31/2001,,,41.602001,,28.493,28.493,,30.0,,,,,,,,,,,
03/31/2002,,,36.181,,41.19,41.19,,6.6350710900474,,,,,,,,,,,
06/30/2002,,,43.011002,,42.975,42.975,,7.56972111553786,,,,,,,,,,,
09/30/2002,,,46.056999,,31.249001,31.249001,,6.22710622710621,,,,,,,,,,,
12/31/2002,,,44.727001,,48.201,48.201,,5.26315789473685,,,,,,,,,,,
03/31/2003,,,40.924999,,16.912001,16.912001,,1.19047619047619,,,,,,,,,,,
06/30/2003,,,42.986,,44.993999,44.993999,,-1.81818181818182,,,,,,,,,,,
09/30/2003,,,44.124001,,44.124001,44.124001,,-1.78571428571429,,,,,,,,,,,
12/31/2003,,,51.419998,,51.419998,51.419998,,9.37500000000001,,,,,,,,,,,
03/31/2004,,,46.726002,,46.726002,46.726002,,10.03861003861,,,,,,,,,,,
06/30/2004,,,44.790001,,44.790001,44.790001,,-0.369003690036901,,,,,,,,,,,
09/30/2004,,,47.262001,,47.262001,47.262001,,0.0,,,,,,,,,,,
12/31/2004,,,47.917,,47.917,47.917,,-0.34965034965035,,,,,,,,,,,
03/31/2005,,48.3,47.393002,,47.393,47.393,,-2.09790209790208,,,,,,,,,,-1.87784265010351,
06/30/2005,,,48.568001,,-16.432,-16.432,,12.84046692607,,,,,,,,,,,
09/30/2005,,71.867,89.978996,,131.189,131.189,,30.6532663316583,,,,,,,,,,25.2021038863456,
12/31/2005,,60.8,55.923,,65.123,65.123,,-9.3484419263456,,,,,,,,,,-8.02138157894736,
03/31/2006,,59.033,88.853996,11.1414957228269,88.854,88.854,,49.7005988023952,,,,,,,,,,50.515806413362,
06/30/2006,,63.45,72.052002,2.26729191076395,66.552,66.552,,11.731843575419,,,,,,,,,,13.557134751773,
09/30/2006,,48.125,29.238001,-5.64837950776751,27.338,27.338,,-26.0089686098655,,,,,,,,,,-39.2457122077922,
12/31/2006,,57.933,80.699997,1.511239830226,80.708,80.708,,49.0066225165563,,,,,,,,,,39.2988400393558,
03/31/2007,,75.96,84.599998,1.91842297628209,84.616,84.616,,8.54503464203233,,,,,,,,,,11.3744049499737,
06/30/2007,,80.8,95.5,11.8673163265333,95.564,95.564,,10.9936575052854,,,,,,,,,,18.1930693069307,
09/30/2007,,97.38,93.676003,-6.01884649096163,93.676,93.676,,-5.20446096654276,,,,,,,,,,-3.80365270075991,
12/31/2007,,106.5,136.5,2.49467136456566,259.5,259.5,,25.4266211604096,,,,,,,,,,28.169014084507,
03/31/2008,,117.429,138.0,1.37784876078391,136.706,136.706,,18.1102362204724,,,,,,,,,,17.5178192780318,
06/30/2008,,149.0,161.173996,10.7220270016301,207.957,207.957,,10.828025477707,,,,,,,,,,8.17046711409395,
09/30/2008,,169.455,183.100006,-2.5385396892907,181.891,181.891,,10.989010989011,,,,,,,,,,8.05228880823817,
12/31/2008,,166.0,190.100006,2.6708802622314,189.5,189.5,,14.6637265711136,,,,,,,,,,14.5180759036145,
03/31/2009,,167.429,204.8,2.26624712911397,204.799,204.799,,21.3434452871073,,18.5721554946242,,,,,,22.438164519459,,22.3205060055307,
06/30/2009,,167.222,169.3,-9.50210770182786,169.27,169.27,,1.86199342825849,,1.42923005993545,,,,8.90909090909091,,-0.787008654243705,,1.24265945868367,
09/30/2009,,163.7,162.1,0.577338601714292,162.096,162.096,,-0.669642857142858,,0.195969285436512,,,,-2.78481012658228,,-1.21906827822391,,-0.97739767868051,
12/31/2009,,154.4,148.7,0.690947848138474,148.7,148.7,,-6.9239500567537,,7.4485596707819,,,,1.55172413793103,,7.78225806451613,,-3.6917098445596,
03/31/2010,,135.154,136.6,-2.76211421087747,136.635,136.635,,2.42587601078167,,-0.896547558439543,,,,-3.33758891118001,,2.66642593236834,,1.0698906432662,
06/30/2010,,127.0,157.4,3.54939202090243,157.375,157.375,,23.4042553191489,,19.8594847775176,,,,8.46456692913385,,25.7216472335036,,23.9370078740158,
09/30/2010,,66.871,163.804,6.73535635065203,-53.636,163.82656,,75.9082217973231,,106.432322161095,,,,-55.2,,94.0343032705377,,144.955212274379,
12/31/2010,,136.0,117.1,-6.40420701254057,117.1,144.587,,-13.3333333333333,,-82.6092843572417,,,,-62.1501912623314,,-81.3893608449668,,-13.8970588235294,
03/31/2011,,138.133,139.7,-9.32421639346026,139.711,139.711,,2.63157894736842,,0.989819850224069,,,,6.16302186878727,,3.28620394173093,,1.13441393439654,
06/30/2011,,144.235,165.5,4.55463043986795,165.499,165.499,,16.6253101736973,,12.0436799727,,,,0.911974623314835,,15.5934947988805,,14.7433008631747,
09/30/2011,,150.4,135.4,-3.79859783301465,135.362,159.60692,,-8.23529411764705,,-10.5807478122514,,,,-11.8244616009752,,-7.26546184738956,,-9.97340425531915,
12/31/2011,,143.7,153.1,-1.90860953128064,153.1,165.056,,9.75609756097562,,1.01626016260163,,,,1.4344262295082,,5.73729004597828,,6.54140570633264,
03/31/2012,,150.429,154.9,-0.0965030202459401,154.882,163.332,,4.83870967741936,,-6.95184240041581,,,,-8.95893819991706,,-4.74676285169629,,2.97216627113123,
06/30/2012,,157.143,161.2,5.97293195346366,161.19,161.19,,3.48583877995642,,7.90610328638498,,,,-4.65017064846416,,10.0428761783313,,2.58172492570461,
09/30/2012,,163.462,144.6,-0.476884211442369,144.583,144.583,,-10.880829015544,,-6.87719298245615,,,,-6.45442651548191,,-4.50866425992779,,-11.5390733014401,
12/31/2012,,160.375,254.179,-2.35762938166784,-4.4,288.599,,58.273381294964,,-28.2219159200551,,,,,,-25.2506836827712,,58.4904130943102,
03/31/2013,,154.556,166.5,4.2206944565312,166.458,166.458,,6.13943808532779,,13.4158642824392,,,,5.23988503205837,,14.8218965459065,,7.72794326975335,
06/30/2013,,164.462,161.4,-0.827469892945027,161.412,172.90145,,-2.77777777777778,,4.64048741810291,,,,2.93463761671853,,6.28754448398577,,-1.86182826427988,
09/30/2013,,169.214,173.0,-7.48227834820669,173.046,173.046,,1.84287099903008,,-0.658411823066331,,,,14.1257536606374,,0.554785478547849,,2.23740352453107,
12/31/2013,,158.933,166.8,-7.24605631726375,166.8,166.8,,2.74669379450662,,-3.38078291814947,,,,11.2963734889537,,-3.63309352517986,,4.9498845425431,
03/31/2014,,156.733,149.1,-16.08312704509,149.074,149.074,,-4.86039296794208,,4.54912475814684,,,,24.1172694200728,,3.44354611334213,,-4.87006565305329,
06/30/2014,,157.765,163.0,-12.3708931938396,77.79,172.073,,2.82258064516129,,2.88770053475937,,,,24.739336492891,,1.86702657540409,,3.31822647608786,
09/30/2014,,176.067,183.4,-10.1387554347296,69.502,183.361,,4.92700729927006,,16.5540540540541,,,,26.3785933827518,,14.6137543180415,,4.16489177415416,
12/31/2014,,174.938,220.1,-5.73697762186311,214.5,220.1,,27.9491833030853,,3.84866802795354,,,,11.8810207875613,,0.0890191144733304,,25.8160033840561,
03/31/2015,,148.5,144.1,-15.4378137200223,144.079,138.33235,,-2.4390243902439,,-0.889404485692193,,,,19.9119911991199,,-3.0936825957967,,-2.96296296296297,
06/30/2015,,156.938,148.5,-4.1310105218513,148.507,142.53155,,-5.21327014218009,,-10.5910721808225,,-7.20484269780312,,-2.4399201915403,,-10.032438053114,,-5.37664555429532,
09/30/2015,,164.467,176.4,-14.2534855177841,171.283,129.24295,,8.13226094727435,,1.39335476956057,,,,-5.78125514742217,,3.09583984939558,,7.25555886591231,
12/31/2015,,134.0,96.0,-3.80262138792126,-51.4,126.55705,,-26.9602577873255,,-13.9393939393939,,,,-5.45482973149967,,-12.6609628306619,,-28.3582089552239,
03/31/2016,,121.154,120.0,-0.0770896478292921,104.323,114.2108,,0.472813238770686,,-4.0731854202713,,0.731707317073175,,0.770791216451716,,-5.52895297918342,,-0.952506726975582,
06/30/2016,,122.833,101.8,2.65294043038938,101.813,99.6069,,-18.7358916478555,,-9.23433874709977,,-3.35791602696234,,-9.60210470463389,,-10.3311913000494,,-17.1232486383952,
09/30/2016,,121.091,158.8,-1.12071760442853,4.804,155.4071,,27.0620067643743,,14.3963553530752,,16.0139612601674,,5.55395189003436,,18.29590357618,,31.1410426869049,
12/31/2016,,112.0,115.0,2.25937556936294,70.5,66.4726,,1.35970333745363,,1.39290407358739,,,,-4.90697142857142,,0.112044817927165,,2.67857142857143,
03/31/2017,,93.65,80.1,0.0955025225167704,60.611,77.72875,,-14.701951951952,,-37.2483803621528,,-28.6784894140727,,-34.6461522243306,,-19.739837398374,,-14.4687666844634,
06/30/2017,,84.7,-24.0,-3.73602839522829,-24.025,97.817,,,,,,,,-84.1687587494167,,,,,
09/30/2017,,84.57,94.5,5.25239616613419,94.463,91.37225,,10.7438016528926,,3.81747988388523,,,,-6.90516919244342,,13.6215317611337,,11.7417523944661,
12/31/2017,,88.138,97.0,2.25660562336073,60.3,142.3,,11.1111111111111,,0.416009180892269,,,,-0.545023255813959,,3.17844081371354,,10.0546869681636,
03/31/2018,,100.871,78.4,2.68744002200294,-17.59,-19.29087,,-26.605504587156,,-99.7175141242938,,-75.9218839747272,,-76.2256944444444,,,,-22.2769676120986,
06/30/2018,,99.763,114.8,6.72873096002973,114.832,110.72874,,14.8936170212766,,24.8701298701299,,,,-8.85639830508474,,26.1855670103093,,15.0727223519742,
09/30/2018,,84.36,77.3,1.11328812685138,77.345,-41.1201,,-5.66037735849055,,17.7330895795247,,,,33.3726121662538,,15.1277013752456,,-8.36889521100048,
12/31/2018,,87.375,108.0,-1.16111499979412,50.3,50.3,,26.6447368421053,,20.4154727793696,,,,-13.653813559322,,22.9047717319025,,23.6051502145923,
03/31/2019,,75.038,-19.4,-12.766087153185,-58.426,-40.08619,,,,,,-89.1999860644981,,-54.481750695948,,,,,
06/30/2019,,74.3,-554.8,-13.025745602855,-554.808,-520.04326,,,,,,,,,,,,,
09/30/2019,,31.867,-1424.2,-17.3012706080017,-741.984,-512.6383,,,,,,,,-42.0430294906166,,,,,
12/31/2019,,-10.18,,,,,,,,,,,,,,,,,
03/31/2020,,29.717,,,,,,,,,,,,,,,,,
