Date,Revenue,Consensus Estimate,Comparable Actual,Revenue Surprise %,GAAP Actual,Adjusted Actual,Earnings Per Share,EPS Surprise %,EBIT,EBIT Surprise %,EBITDA,EBITDA Surprise %,Gross Margin %,Gross Margin Surprise %,Pretax Income (Loss),Pretax Income (Loss) Surprise %,Net Income,Net Income Surprise %,Source: Bloomberg
03/31/1992,,,1.41,,1.41,1.41,,,,,,,,,,,,,
06/30/1992,,,1.632,,1.632,1.632,,,,,,,,,,,,,
09/30/1992,,,3.503,,3.503,3.503,,,,,,,,,,,,,
12/31/1992,,,4.153,,4.153,4.153,,,,,,,,,,,,,
03/31/1993,,,1.656,,1.656,1.656,,,,,,,,,,,,,
06/30/1993,,,1.98,,1.98,1.98,,,,,,,,,,,,,
09/30/1993,,,5.708,,5.708,5.708,,,,,,,,,,,,,
12/31/1993,,,0.0,,2.141,2.141,,,,,,,,,,,,,
03/31/1994,,,2.139,,2.139,2.139,,,,,,,,,,,,,
06/30/1994,,,2.498,,2.497591,2.497591,,,,,,,,,,,,,
09/30/1994,,,4.575,,4.574703,4.574703,,,,,,,,,,,,,
12/31/1994,,,0.0,,6.133706,6.133706,,,,,,,,,,,,,
03/31/1995,,,2.416,,2.416,2.416,,,,,,,,,,,,,
06/30/1995,,,3.006,,3.006,3.006,,,,,,,,,,,,,
09/30/1995,,,2.809,,2.809,2.809,,,,,,,,,,,,,
12/31/1995,,,0.0,,3.826,3.826,,,,,,,,,,,,,
03/31/1996,,,2.34,,2.34,2.34,,,,,,,,,,,,,
06/30/1996,,,2.585,,2.585,2.585,,,,,,,,,,,,,
09/30/1996,,,3.83,,3.83,3.83,,,,,,,,,,,,,
12/31/1996,,,0.0,,4.836,4.836,,,,,,,,,,,,,
04/05/1997,,,2.974,,2.974,2.974,,,,,,,,,,,,,
07/05/1997,,,3.634,,3.634,3.634,,,,,,,,,,,,,
10/04/1997,,,5.51,,5.51,5.51,,,,,,,,,,,,,
01/03/1998,,,0.0,,6.824,6.824,,,,,,,,,,,,,
04/04/1998,,,4.666,,4.666,4.666,,,,,,,,,,,,,
07/04/1998,,,5.704,,5.704,5.704,,,,,,,,,,,,,
10/03/1998,,,9.056,,9.056,9.056,,,,,,,,,,,,,
01/02/1999,,,12.735,,12.735,12.735,,,,,,,,,,,,,
04/03/1999,,,10.431,,10.431,10.431,,,,,,,,,,,,,
07/03/1999,,,9.866,,9.866,9.866,,,,,,,,,,,,,
10/02/1999,,,13.131,,13.131,13.131,,,,,,,,,,,,,
01/01/2000,,,18.398001,,18.398001,18.398001,,,,,,,,,,,,,
04/01/2000,,,12.628,,12.628,12.628,,,,,,,,,,,,,
07/01/2000,,,11.948,,11.948,11.948,,,,,,,,,,,,,
09/30/2000,,,13.478,,13.478,13.478,,5.33063583815029,,,,,,,,,,,
12/30/2000,,,17.829,,17.829,17.829,,8.72660944206007,,,,,,,,,,,
04/07/2001,,,10.001,,10.001,10.001,,-3.25034013605443,,,,,,,,,,,
07/07/2001,,,7.283,,7.283,7.283,,1.209900990099,,,,,,,,,,,
10/06/2001,,,10.715,,10.715,10.715,,2.79659863945579,,,,,,,,,,,
01/05/2002,,,15.684,,15.684,15.684,,-13.8674418604651,,,,,,,,,,,
04/06/2002,,,11.815,,11.815,11.815,,10.3651006711409,,,,,,,,,,,
07/06/2002,,,9.738,,9.738,9.738,,9.28934426229509,,,,,,,,,,,
10/05/2002,,,14.097,,14.097,14.097,,-2.35707070707071,,,,,,,,,,,
01/04/2003,,,23.257,,23.257,23.257,,0.0,,,,,,,,,,,
04/05/2003,,,12.143,,12.143,12.143,,-7.40722222222221,,,,,,,,,,,
07/05/2003,,,10.389,,10.389,10.389,,0.0,,,,,,,,,,,
10/04/2003,,,16.799999,,16.799999,16.799999,,2.10225225225225,,,,,,,,,,,
01/03/2004,,,29.003,,29.003,29.003,,6.59430894308943,,,,,,,,,,,
04/03/2004,,,16.344999,,16.344999,16.344999,,7.84313725490197,,,,,,,,,,,
07/03/2004,,,15.78,,15.78,15.78,,17.9775280898876,,,,,,,,,,,
10/02/2004,,,23.372,,23.372,23.372,,0.323624595469256,,,,,,,,,,,
01/01/2005,,,35.071999,,35.072001,35.072001,,-6.00000000000001,,,,,,,,,,,
04/02/2005,,,23.893999,,23.894,23.894,,22.6053639846743,,,,,,,,,,,
07/02/2005,,,9.653,,9.653,9.653,,-9.72222222222221,,,,,,,,,,,
10/01/2005,,20.9,22.347,,21.694,21.694,,7.14285714285713,,,,,,,,,,6.92344497607657,
12/31/2005,,21.367,22.165001,,20.429,20.429,,6.16438356164384,,,,,,,,,,3.7347358075537,
04/08/2006,,8.123,9.716,6.02929614767256,9.716,9.716,,19.6581196581197,,,,,,,,,,19.6109811645944,
07/08/2006,,8.183,11.238,4.19534043408359,11.238,11.238,,39.1304347826087,,,,,,,,,,37.3334962727606,
10/07/2006,,20.867,21.9,4.79021398601399,,,,2.23642172523962,,,,,,,,,,4.95040015335217,
01/06/2007,,30.4,38.200001,10.2086824591088,35.087,35.087,,25.8581235697941,,,,,,,,,,25.6578980263158,
04/07/2007,,14.925,25.032,3.12077537212449,25.032,25.032,,56.5217391304348,,,,,,,,,,67.7185929648241,
07/07/2007,,13.02,17.4,3.04774344317419,14.672,14.672,,39.7849462365591,,,,,,,,,,33.6405529953917,
10/06/2007,,24.58,32.562,3.93681188405797,30.453,30.453,,34.1107871720117,,,,,,,,,,32.473555736371,
01/05/2008,,47.1,53.103001,2.74254021075985,53.103,53.103,,11.9402985074627,,,,,,,,,,12.7452250530786,
04/05/2008,,27.675,30.216999,2.72068925739005,30.217,30.217,,9.4147582697201,,,,,,,,,,9.18518157181572,
07/05/2008,,17.633,25.136999,1.78415273775216,25.137,25.137,,44.0,,,,,,,,,,42.5565643963024,
10/04/2008,,35.767,36.471,0.926108374384234,36.471,36.471,,4.85436893203884,,,,,,,,,,1.96829479687979,
01/03/2009,,46.225,46.271999,-4.3080437113402,46.272,46.272,,1.02489019033673,,,,,,,,,,0.10167441860465,
04/04/2009,,10.58,17.32,-0.17707045735477,17.32,18.31775,,64.5569620253165,,27.8356605800215,,,,,,67.7863046044864,,63.7051039697542,
07/04/2009,,12.92,16.623,-1.72215308027379,16.623,17.247,,26.2626262626263,,12.2677322677323,,,,1.10792741165234,,30.8592233009709,,28.6609907120743,
10/03/2009,,28.1,35.275,1.15702917771884,35.275,35.85285,,23.8095238095238,,27.4189249222568,,,,3.13549832026876,,24.6171070309002,,25.5338078291815,
01/02/2010,,60.514,69.971,0.828844317096477,69.971,72.5489,,13.9380530973451,,11.2904389409352,,,,0.277510940335146,,12.8596190838565,,15.6277886109,
04/03/2010,,22.067,35.907,8.42673857836529,35.907,36.20795,,63.0769230769231,,35.6137566137566,,,,2.76243093922652,,52.016973125884,,62.7180858295192,
07/03/2010,,22.5,39.464,7.83063251437532,54.485,55.8591,,72.6190476190476,,80.8487914558741,,,,5.01097293343087,,83.4110289937465,,75.3955555555555,
10/02/2010,,52.14,68.156,8.22830578512398,68.156,68.3445,,32.8021248339973,,37.2009864364982,,,,0.193253689388615,,38.0359801488834,,30.7172995780591,
01/01/2011,,89.583,96.657,7.88556444501896,96.657,100.1085,,8.95522388059701,,7.57985611510791,,,,-1.8066070199587,,9.51523947750363,,7.89658752218613,
04/02/2011,,43.186,55.822,4.44078787419064,55.822,56.0846,,30.1059001512859,,36.8301228508493,,,,-0.306830072894315,,33.8782979106358,,29.2594822396147,
07/02/2011,,48.471,51.361,3.49263304671159,51.361,51.699,,5.12483574244416,,12.5768352365416,,,,-1.90621225647219,,9.00744615548854,,5.96232798993213,
10/01/2011,,65.425,69.609,0.315343218560462,69.609,69.71885,,5.41586073500968,,10.4296018143287,,,,1.41825963945011,,5.2943336880468,,6.39510890332441,
12/31/2011,,111.636,117.911,-1.27148807719962,117.911,119.5009,,5.88901472253681,,-2.5295015344711,,,,-1.52765583845479,,-3.26475644699141,,5.62094664803469,
03/31/2012,,58.118,58.14,-4.58423227381092,58.14,58.86605,,0.64935064935065,,-9.40885783943935,,,,1.37160505041329,,-5.2676371780515,,0.0378540211294237,
06/30/2012,,49.208,57.921,0.116942128598576,57.338,61.52465,,19.5372750642674,,14.8759905320572,,,,1.59564823209429,,18.1758026521267,,17.7064704926028,
09/29/2012,,71.785,78.02,-4.10651716888577,76.791,78.44625,,10.0601891659501,,5.07097539823816,,,,0.937692335541799,,6.90962771601235,,8.6856585637668,
12/29/2012,,138.0,136.652,1.94893839495775,151.1,148.6528,,-0.175901495162709,,-21.1931448624283,,,,-0.419653785626849,,-21.2207772682854,,-0.976811594202908,
03/30/2013,,58.383,64.426,4.40577336786436,72.186,72.3589,,11.4551083591331,,8.57800805987335,,,,-0.947934856206116,,18.7541854289343,,10.3506157614374,
06/29/2013,,55.179,67.7,2.18921065997561,67.713,67.3633,,23.5230934479055,,28.733140655106,,,,3.27482876712328,,25.9352374505941,,22.6916036898095,
09/28/2013,,80.179,89.7,4.9740932642487,89.734,90.3398,,16.0058737151248,,15.5737704918033,,,,1.67809614941613,,15.0382009754149,,11.8746804025992,
12/28/2013,,137.25,148.5,4.1448146194852,148.5,148.05215,,10.2880658436214,,5.51741061332898,,,,-0.272773077123553,,5.31189083820663,,8.19672131147541,
04/05/2014,,64.329,66.3,0.687240663900409,66.343,66.50615,,3.9002557544757,,5.33199195171026,,,,2.11563567430298,,4.06430056583669,,3.06393694912093,
07/05/2014,,52.277,52.5,0.353923309267231,52.517,56.20445,,1.62723492723493,,0.68030441544872,,,,-0.817008458484375,,-0.936018074831796,,0.426573827878415,
10/04/2014,,97.831,103.7,1.86268067957041,103.721,104.2423,,7.75151181968114,,4.02326252946431,,,,-0.571408600835267,,5.5559763411393,,5.99912093303758,
01/03/2015,,159.769,154.1,-4.8322991025743,154.1,151.94925,,-2.31195050472159,,-5.99856945143965,,,,-0.446937165892564,,-4.1112873369614,,-3.54824778273633,
04/04/2015,,35.246,38.1,-0.996723102129977,38.07,48.40152,,8.8534107402032,,4.19756748739247,,,,-0.94398767621402,,10.2893231737988,,8.0973727515179,
07/04/2015,,42.755,54.6,-1.42428585891418,54.648,59.72845,,32.7014218009479,,6.61335998667334,,,,-1.10872675250358,,29.3944579543067,,27.7043620629166,
10/03/2015,,57.914,57.5,-2.99736019005626,57.534,59.71535,,-1.40845070422536,,-10.3893740902475,,,,-0.413412953605869,,-6.99877538760138,,-0.714853057982528,
01/02/2016,,70.6,84.378,6.95861429053301,70.4,84.21485,,18.6834576271186,,-10.9039887753057,,,,-1.28699409584475,,-1.19232763089684,,19.5155807365439,
04/02/2016,,7.119,5.8,-1.07946026986507,5.793,6.06665,,-20.5298013245033,,-8.57142857142857,,,,-0.974105199969982,,-16.9770328988206,,-18.527883129653,
07/02/2016,,5.264,6.0,2.04461436991842,6.021,6.4955,,31.8681318681319,,6.65382233537467,,,,-0.612792033703562,,-7.32603659023728,,13.9817629179331,
10/01/2016,,15.092,20.65,-0.156124434150393,17.356,20.25346,,36.5929712460064,,14.4121365360303,,,,0.756076462637582,,12.7833315024351,,36.8274582560297,
12/31/2016,,55.891,59.864,-1.8451113401028,49.7,55.2881,,6.07718696397943,,-10.7643955550567,,,,-1.79042950693375,,-1.99216922357114,,7.1084790037752,
04/01/2017,,-9.2,-31.295,-1.22241086587437,-48.186,-29.05455,,-219.177339901478,,-107.423580786026,,,,-1.92603095828903,,-165.443425076453,,-240.163043478261,
07/01/2017,,-15.44,-23.145,-3.43042071197412,-344.712,-22.36023,,-41.6071216617211,,38.11168681635,,,,2.61366869918699,,-1.96220600897267,,-49.9028497409326,
09/30/2017,,-14.13,5.755,5.95384615384616,-5.399,-1.55295,,,,,,,,-6.26262626262627,,,,,
12/30/2017,,17.844,31.0,3.49556030122512,-79.9,45.18995,,66.2337662337662,,57.0767195767196,,,,1.829587036069,,46.0509382575644,,73.7278637076888,
03/31/2018,,-50.067,-25.943,5.60296846011133,-48.273,-25.71829,,44.451511991658,,77.0491803278689,,,,-1.06380894539898,,55.5696604252618,,48.1834341981744,
06/30/2018,,-28.4,-7.8,2.59786476868328,-7.8,-1.25476,,71.7813051146384,,,,956.179775280899,,2.27101145038168,,,,72.5352112676056,
09/29/2018,,-9.26,9.563,-1.22222889249805,5.006,9.56531,,,,191.075050709939,,,,4.44271239282931,,,,,
12/29/2018,,63.35,51.142,-2.26872189247697,47.6,53.85802,,-16.1931177446103,,-13.8961970820378,,-0.970873786407767,,0.0755287009063428,,-7.14884110583636,,-19.2707182320442,
03/30/2019,,-27.167,-3.905,2.45130095317362,-12.242,2.01671,,86.7457912457913,,70.9406830437388,,248.768472906404,,2.8957528957529,,,,85.6259432399603,
06/29/2019,,-3.433,-7.3,0.430645968953426,-7.311,-6.15918,,-183.018867924528,,121.293336611753,,1.80623973727422,,-1.23482898399119,,-42.1965317919075,,-112.642004078066,
09/28/2019,,7.9,0.802,-3.31541218637993,-25.935,-7.29732,,-60.2975,,27.8976818545164,,-13.9240506329114,,-2.5808522287462,,-60.2836879432624,,-89.8481012658228,
12/28/2019,,39.8,27.228,-1.78053830227743,-6.9,29.282,,-31.7508860759494,,-29.441201000834,,-28.4883720930233,,-2.782462,,-30.4022450888681,,-31.5879396984925,
04/04/2020,,-75.8,-59.056,2.54593175853018,-85.581,-36.19494,,22.7076158940397,,-42.9967426710098,,,,-23.3784648187633,,-66.4265129682997,,22.089709762533,
07/04/2020,,-86.8,-22.5,42.3076923076923,-22.543,-8.69272,,74.2690058479532,,,,93.7830687830688,,11.9293072164948,,68.5406698564593,,74.0783410138249,
09/30/2020,,-37.1,,,,,,,,,,,,,,,,,
12/31/2020,,9.1,,,,,,,,,,,,,,,,,
