Date,Basic Shares Outstanding,Diluted Weighted Avg Shares,Basic Weighted Avg Shares,Per Share Data Items,Revenue,EBITDA,Operating Income,Net Income to Common - Basic,Net Income before XO - Basic,Normalized Net Income - Basic,Net Income to Common - Diluted,Net Income before XO - Diluted,Normalized Net Income - Diluted,Dividends,Cash Flow,Free Cash Flow,Cash & Equivalents,Book Value,Tangible Book Value,Source: Bloomberg
06/30/1989,305.40799,323.664001,323.664001,,0.100215,0.027559,0.022928,0.0175,0.0175,,0.0175,0.0175,0.0175,0.0,0.015615,,0.155533,0.641928,,
09/30/1989,306.783997,327.328003,327.328003,,0.105436,0.031455,0.026866,0.023125,0.023125,,0.023125,0.023125,0.023125,0.0,0.039095,,0.199492,0.666511,,
12/31/1989,307.264008,331.552002,331.552002,,0.110417,0.033274,0.02871,0.024375,0.024375,,0.024375,0.024375,0.024375,0.0,0.006883,,0.203558,0.696544,,
03/31/1990,307.471984,307.368016,307.368016,,0.123269,0.038049,0.033416,0.025625,0.025625,0.025625,0.025625,0.025625,0.025625,0.0,0.057644,,0.256892,0.725364,,
06/30/1990,307.712006,331.712006,331.712006,,0.118223,0.034467,0.029764,0.025,0.025,,0.025,0.025,0.025,0.0,0.047526,,0.305389,0.755128,,
09/30/1990,307.951996,332.911987,332.911987,,0.12148,0.038238,0.033456,0.0275,0.0275,,0.0275,0.0275,0.0275,0.0,-0.009159,,0.293013,0.789237,,
12/31/1990,308.160004,334.127991,334.127991,,0.132695,0.040071,0.035274,0.029375,0.029375,,0.029375,0.029375,0.029375,0.0,0.010505,,0.164908,0.828388,,
03/31/1991,308.519989,308.343994,308.343994,,0.168348,0.056998,0.048439,0.030625,0.03125,,0.030625,0.03125,0.03125,0.0,0.038373,,0.192973,0.855624,,
06/30/1991,308.735992,350.552002,350.552002,,0.157278,0.049459,0.04233,0.03125,0.03125,,0.03125,0.03125,0.03125,0.0,0.037218,,0.228778,0.885595,,
09/30/1991,309.799988,351.007996,351.007996,,0.166469,0.060084,0.052802,0.035,0.035,,0.035,0.035,0.035,0.0,0.003068,,0.234732,0.929513,,
12/31/1991,310.112,350.167999,350.167999,,0.179899,0.06215,0.054777,0.03625,0.03625,,0.03625,0.03625,0.03625,0.0,0.038801,,0.210382,0.98566,,
03/31/1992,332.28,321.200016,321.200016,,0.194994,0.068764,0.060439,0.0425,0.0425,0.0425,0.0425,0.0425,0.0425,0.0,0.040679,,0.4017,1.122755,,
06/30/1992,333.167999,359.584015,359.584015,,0.182831,0.061655,0.054477,0.03875,0.03875,,0.03875,0.03875,0.03875,0.0,0.031842,,0.453159,1.228746,,
09/30/1992,334.071992,363.463992,363.463992,,0.192154,0.068805,0.061591,0.04375,0.04375,0.04375,0.04375,0.04375,0.04375,0.0,0.021752,,0.470132,1.272483,,
12/31/1992,343.743988,365.480011,365.480011,,0.206501,0.073331,0.066296,0.04625,0.04625,,0.04625,0.04625,0.04625,0.0,0.01046,,0.447513,1.339456,,
03/31/1993,344.200016,338.239992,338.239992,,0.21969,0.083506,0.075,0.04875,0.04875,0.04875,0.04875,0.04875,0.04875,0.0,0.029148,,0.50054,1.392144,,
06/30/1993,344.832001,364.343994,364.343994,,0.217517,0.076269,0.069237,0.04875,0.04875,,0.04875,0.04875,0.04875,0.0,0.097128,,0.602627,1.44388,,
09/30/1993,345.135986,363.200012,363.200012,,0.228012,0.083186,0.076148,0.05375,0.05375,,0.05375,0.05375,0.05375,0.0,-0.018896,,0.594829,1.501324,,
12/31/1993,348.079987,371.544006,369.287994,,0.262657,0.090431,0.083035,0.05625,0.05625,,0.05625,0.05625,0.05625,0.0,0.047789,,0.619702,1.571021,,
03/31/1994,349.511992,372.455992,372.455992,,0.248566,0.094186,0.08659,0.06,0.06,0.06,0.06,0.06,0.06,0.0,0.065218,,0.518134,1.621638,,
06/30/1994,350.359985,370.399994,370.399994,,0.249876,0.094746,0.087303,0.06,0.06,,0.06,0.06,0.06,0.0,0.037492,,0.37945,1.691303,,
09/30/1994,356.928009,372.399994,372.399994,,0.257186,0.107532,0.096216,0.06625,0.06625,,0.06625,0.06625,0.06625,0.0,0.049742,,0.37231,1.755357,,
12/31/1994,360.440002,374.903992,374.903992,,0.286153,0.108577,0.099289,0.06875,0.06875,,0.06875,0.06875,0.06875,0.0,0.060853,,0.438517,1.844368,,
03/31/1995,361.448,376.135984,376.135984,,0.259877,0.114007,0.104441,0.07375,0.07375,0.07375,0.07375,0.07375,0.07375,0.0,0.029447,,0.393365,1.934812,,
06/30/1995,362.191986,375.40799,375.40799,,0.284871,0.110725,0.100174,0.07125,0.07125,,0.07125,0.07125,0.07125,0.0,0.148124,0.1407,0.776538,2.010009,,
09/30/1995,362.328003,375.048004,375.048004,,0.292456,0.12055,0.110671,0.0775,0.0775,,0.0775,0.0775,0.0775,0.0,-0.0347,-0.043549,0.343178,2.089767,,
12/31/1995,362.967987,374.839996,374.839996,,0.327793,0.104284,0.093709,0.06625,0.06625,,0.06625,0.06625,0.06625,0.0,0.02743,0.019979,0.370942,2.15932,,
03/31/1996,363.864016,376.424008,376.424008,,0.285277,0.101232,0.088244,0.0625,0.0625,0.0625,0.0625,0.0625,0.0625,0.0,-0.155774,-0.163069,0.339981,2.224779,,
06/30/1996,354.880005,373.247986,373.247986,,0.241973,0.033511,0.02142,0.05875,0.05875,0.025,0.05875,0.05875,0.025,0.0,0.258367,0.251495,0.726271,2.209924,,
09/30/1996,342.127991,355.208008,355.208008,,0.253885,0.031072,0.01721,0.01625,0.01625,0.01625,0.01625,0.01625,0.01625,0.0,-0.109586,-0.11647,0.503782,2.140132,,
12/31/1996,329.440002,342.0,342.0,,0.118725,-0.13793,-0.15181,-0.095,-0.095,-0.0875,-0.095,-0.095,-0.0875,0.0,0.039099,0.032243,0.444691,1.96253,,
03/31/1997,329.320008,329.407992,329.407992,,0.181061,-0.074385,-0.089567,-0.05625,-0.05625,-0.05625,-0.05625,-0.05625,-0.05625,0.0,0.18964,0.182658,0.523026,1.902098,,
06/30/1997,327.847992,335.29599,327.799988,,0.263472,0.006193,-0.009082,0.0025,0.0025,0.0025,0.0025,0.0025,0.0025,0.0,0.03302,0.028286,0.534071,1.891224,,
09/30/1997,322.160004,334.559998,325.303986,,0.321118,0.065379,0.04991,0.0475,0.0475,0.0475,0.04625,0.04625,0.04625,0.0,0.109021,0.104115,0.557543,1.881109,,
12/31/1997,317.855988,330.287994,320.679993,,0.36155,0.062165,0.046623,0.06,0.06,0.06,0.059,0.059,0.059,0.0,0.079278,0.073385,0.539015,1.887465,,
03/31/1998,321.612,341.059998,320.70401,,0.375165,0.050598,0.034904,0.0025,0.0025,0.07,0.0025,0.0025,0.0675,0.0,0.072512,0.066709,0.565439,1.909633,,
06/30/1998,322.472,339.584,322.028,,0.332471,-0.018682,-0.034506,0.02,0.02,0.02,0.02,0.02,0.02,0.0,-0.088843,-0.117723,0.465693,1.937759,1.28445,
09/30/1998,323.204,340.768,323.08,,0.394314,-0.004748,-0.021444,0.0325,0.0325,0.0325,0.03,0.03,0.03,0.0,0.053389,0.046639,0.53478,1.982571,1.302645,
12/31/1998,326.632,344.712,325.98,,0.421688,0.057464,0.041208,0.065,0.065,0.065,0.0625,0.0625,0.0625,0.0,-0.010225,-0.023403,0.580001,2.070158,1.408227,
03/31/1999,332.684,349.016,331.172,,0.526445,0.130334,0.113802,0.1175,0.1175,0.1175,0.1125,0.1125,0.1125,0.0,0.133644,0.129449,0.72666,2.23489,1.599392,
06/30/1999,333.56,349.716,333.444,,0.536201,0.098433,0.082278,0.075,0.075,0.075,0.07,0.07,0.07,0.0,0.146795,0.133939,0.69934,2.297374,1.420959,
09/30/1999,334.064,350.124,333.86,,0.603118,0.122342,0.103798,0.0825,0.0825,0.0825,0.08,0.08,0.08,0.0,0.048922,0.022237,0.627464,2.39335,1.543363,
12/31/1999,337.284,351.204,335.484,,0.698731,0.137103,0.114053,0.095,0.095,0.095,0.09,0.09,0.09,0.0,0.088687,0.069383,0.742591,2.514768,1.633478,
03/31/2000,338.644,356.308,338.032,,0.764008,0.153681,0.090571,0.0825,0.0825,0.0825,0.0775,0.0775,0.0775,0.0,0.229298,0.183,0.996973,2.612448,1.790739,
06/30/2000,348.952,360.728,342.928,,0.755923,0.125487,0.095653,0.0825,0.0825,0.1025,0.0775,0.0775,0.1025,0.0,-0.094168,-0.109245,0.972122,2.876052,2.100871,
09/30/2000,349.739992,365.384004,349.324004,,0.804305,0.217912,0.18658,0.1475,0.1475,0.1475,0.14,0.14,0.14,0.0,0.161143,0.13918,1.033419,3.028862,2.215243,
12/31/2000,352.04,368.452,351.336,,0.882591,0.269451,0.238811,0.19,0.19,0.19,0.18,0.18,0.18,0.0,0.324254,0.304031,1.303579,3.244904,2.498131,
03/31/2001,353.202,365.968,349.056,,0.928937,0.279448,0.246946,0.195,0.195,0.195,0.19,0.19,0.19,0.0,0.121287,0.089988,1.147426,3.460099,2.640308,
06/30/2001,354.058,369.034,353.54,,0.991424,0.292767,0.266587,0.21,0.21,0.21,0.2,0.2,0.2,0.0,0.325578,0.301239,1.426693,3.680081,2.879655,
09/30/2001,355.184,370.158,354.706,,1.060786,0.329817,0.291086,0.225,0.225,0.225,0.215,0.215,0.215,0.0,0.288433,0.268978,1.28276,3.960246,3.191489,
12/31/2001,356.446,370.676,355.906,,1.132602,0.382497,0.320104,0.245,0.245,0.245,0.235,0.235,0.235,0.0,0.312689,0.293476,1.548282,4.224051,3.45828,
03/31/2002,358.512,371.774,357.406,,1.222002,0.372075,0.345696,0.27,0.27,0.27,0.26,0.26,0.26,0.0,0.273588,0.234131,1.70572,4.532872,3.751088,
06/30/2002,359.162,371.506,358.808,,1.302058,0.455271,0.421741,0.345,0.345,0.345,0.3335,0.3335,0.3335,0.0,0.479777,0.438466,1.709786,4.934111,4.053728,
09/30/2002,360.46,371.446,359.606,,1.478282,0.531179,0.488182,0.395,0.395,0.395,0.38,0.38,0.38,0.0,0.300448,0.247415,2.776666,5.342948,4.495522,
12/31/2002,362.524,375.416,361.878,,1.621552,0.651512,0.617313,0.48,0.48,0.48,0.47,0.47,0.47,0.0,0.708993,0.634686,3.658381,5.932305,5.105312,
03/31/2003,363.472,376.135,363.089,,1.710638,0.66896,0.636758,0.5,0.5,0.5,0.48,0.48,0.48,0.0,0.527763,0.476013,3.96687,6.470424,5.661184,
06/30/2003,364.738,376.803,364.098,,1.663695,0.619322,0.604889,0.49,0.49,0.49,0.48,0.48,0.48,0.0,0.219727,0.16957,3.763236,7.0285,6.216646,
09/30/2003,365.559,375.108,365.081,,1.695944,0.639948,0.625779,0.51,0.51,0.51,0.49,0.49,0.49,0.0,0.448084,0.399536,4.135384,7.560405,6.807634,
12/31/2003,367.119,376.507,365.791,,1.914883,0.782961,0.768556,0.62,0.62,0.62,0.6,0.6,0.6,0.0,0.535795,0.441553,4.431462,8.267763,7.480016,
03/31/2004,369.527,381.088,368.537,,1.967455,0.599698,0.480684,0.39,0.39,0.39,0.38,0.38,0.38,0.0,0.51159,0.427333,4.851126,8.810896,8.02665,
06/30/2004,370.08,380.943,369.796,,2.11575,0.775695,0.758816,0.62,0.62,0.62,0.6,0.6,0.6,0.0,0.749351,0.68627,4.902067,9.438486,8.67413,
09/30/2004,368.366,375.226,369.879,,2.316109,0.965094,0.948151,0.8,0.8,0.8,0.79,0.79,0.79,0.0,0.856491,0.81017,5.57742,10.047833,9.259459,
12/31/2004,354.934,371.638,364.914,,2.243981,0.959933,0.882874,0.71,0.71,0.71,0.7,0.7,0.7,0.0,0.610316,0.570192,4.949872,9.595164,8.783872,
03/31/2005,347.643,356.989,351.023,,1.824946,0.53041,0.48478,0.15,0.15,0.41,0.15,0.15,0.4,0.0,0.311564,0.214937,4.657781,9.01035,8.209715,
06/30/2005,339.677,348.043,343.107,,2.042867,0.685611,0.633068,0.63,0.63,0.53,0.62,0.62,0.52,0.0,0.521569,0.491535,4.832506,8.98929,8.2039,
09/30/2005,341.374,345.815,340.531,,2.125903,0.787723,0.724783,0.6,0.6,0.6,0.59,0.59,0.59,0.0,0.425218,0.372415,5.316779,9.677243,8.926875,
12/31/2005,330.918,340.663,336.89,,2.206239,0.837511,0.75123,0.58,0.58,0.63,0.57,0.57,0.62,0.0,0.477185,0.445475,4.375235,9.231819,8.509773,
03/31/2006,321.34,329.969,325.491,,2.285734,0.452553,0.37707,0.28,0.28,0.28,0.28,0.28,0.28,,0.344535,0.295231,3.197479,8.395497,7.689858,
06/30/2006,320.575,325.915,321.503,,2.492761,0.833709,0.753586,0.62,0.62,0.62,0.62,0.62,0.62,0.0,1.09762,1.065483,3.331018,8.958231,8.294792,
09/30/2006,314.859,322.581,317.809,,2.604033,1.007369,0.911639,0.76,0.76,0.76,0.75,0.75,0.75,0.0,1.133231,1.112435,3.127622,8.994617,8.379452,
12/31/2006,317.392,320.363,316.2,,2.749352,1.003593,0.927106,0.79,0.79,0.79,0.78,0.78,0.78,0.0,1.065101,1.045566,4.70257,9.960774,9.390104,
03/31/2007,319.552,318.614,318.614,,2.705176,-0.555713,-0.620914,-0.75,-0.75,0.74,-0.75,-0.75,0.74,0.0,-0.509522,-0.531081,4.232845,9.465793,8.927495,
06/30/2007,318.247,321.921,319.58,,2.803658,1.03886,0.97477,0.84,0.84,0.84,0.83,0.83,0.83,0.0,1.093682,1.06363,4.811719,10.156404,9.644264,
09/30/2007,313.467,316.852,315.51,,2.829229,0.873703,0.797062,0.71,0.71,0.93,0.71,0.71,0.93,0.0,0.797281,0.771332,5.023371,10.507782,10.02636,
12/31/2007,311.365,313.107,312.14,,3.110306,1.235218,1.164372,0.97,0.97,0.97,0.96,0.96,0.96,0.0,1.136842,1.117252,5.643865,11.319423,10.723447,
03/31/2008,,312.634,311.39,,3.079123,0.613042,0.532853,0.55,0.55,0.779903,0.55,0.55,0.778988,0.0,0.76243,0.727162,,,,
06/30/2008,304.783,308.329,307.493,,3.082665,1.092044,0.960968,0.79,0.79,0.870219,0.79,0.79,0.87,0.0,1.036105,1.015896,6.013367,12.260917,10.569277,
09/30/2008,301.38,305.938,304.814,,3.191389,1.028512,0.968332,0.8,0.8,0.8,0.8,0.8,0.8,0.0,0.757075,0.714341,6.270711,12.823827,11.144177,
12/31/2008,301.613,302.791,302.163,,3.218283,0.710815,0.651215,0.62,0.62,0.62,0.62,0.62,0.62,0.0,0.931904,0.88628,7.26042,13.401508,11.754139,
03/31/2009,301.615,303.422,302.976,,3.141929,0.413333,0.34782,0.31,0.31,0.756835,0.31,0.31,0.756835,0.0,0.788346,0.763252,8.557008,13.641865,11.941478,
06/30/2009,301.676,303.393,302.958,,3.287423,1.12371,1.057156,0.87,0.87,0.87,0.87,0.87,0.87,0.0,1.122862,1.105166,9.460802,14.672791,13.000375,
09/30/2009,301.766,303.53,302.983,,3.344425,0.742035,0.673767,0.62,0.62,0.656153,0.61,0.61,0.65,0.0,0.678206,0.66774,10.162633,15.348863,13.708141,
12/31/2009,302.368,303.845,303.348,,3.47046,0.964035,0.872061,0.69,0.69,0.723088,0.69,0.69,0.72,0.0,0.939977,0.887578,10.726294,16.027218,14.411565,
03/31/2010,302.39,304.362,304.262,,3.449455,0.322699,0.264318,0.07,0.07,0.07,0.07,0.07,0.07,0.0,0.621645,0.595927,10.986679,16.170862,14.577863,
06/30/2010,285.542,301.026,300.95,,3.521947,0.590145,0.532314,0.39,0.39,0.780452,0.39,0.39,0.78,0.0,1.187895,1.158143,11.521633,15.740059,14.076013,
09/30/2010,285.612,287.491,287.401,,3.756654,1.315952,1.261405,1.0,1.0,1.0,1.0,1.0,1.0,0.0,0.811824,0.785394,12.055852,16.844443,15.197922,
12/31/2010,286.07,287.999,287.704,,3.860436,1.360016,1.306023,1.11,1.11,1.11,1.11,1.11,1.11,0.0,0.862751,0.814337,13.053071,17.920415,15.928378,
03/31/2011,286.119,288.663,288.371,,3.914305,1.466815,1.382212,1.12,1.12,1.12,1.12,1.12,1.12,0.0,1.071287,1.0436,13.459928,19.218856,16.630916,
06/30/2011,274.529,286.375,285.801,,4.005493,1.279957,1.18424,0.9,0.9,0.9,0.9,0.9,0.9,0.0,1.322669,1.267084,8.541338,19.252061,10.321001,
09/30/2011,267.15,273.753,273.196,,4.260051,1.266065,1.148835,0.91,0.91,0.91,0.91,0.91,0.91,0.0,1.138871,1.062461,8.252457,19.378615,10.279278,
12/31/2011,265.49,267.604,267.397,,4.470518,1.394185,1.291518,1.04,1.04,1.04,1.04,1.04,1.04,0.0,1.166172,1.116935,9.208821,20.547501,11.461336,
03/31/2012,268.106,268.465,268.023,,3.894278,0.883376,0.752712,0.72,0.72,0.72,0.72,0.72,0.72,0.0,1.64628,1.532044,9.052651,21.173778,10.666222,
06/30/2012,268.595,268.972,268.389,,3.046328,0.399308,0.267906,0.21,0.21,0.21,0.21,0.21,0.21,0.0,0.337365,0.268416,9.293825,21.385648,10.98844,
09/30/2012,265.967,267.169,266.503,,2.800321,0.204219,0.070705,0.08,0.08,0.08,0.08,0.08,0.08,0.0,0.098111,0.025681,7.956167,21.758598,10.876936,
12/31/2012,266.101,266.018,266.018,,2.692604,-0.576495,-0.716869,-0.58,-0.58,-0.58,-0.58,-0.58,-0.58,0.0,-0.099208,-0.147133,6.463354,21.299867,10.519115,
03/31/2013,266.499,267.259,266.322,,3.055797,0.232992,0.08626,0.17,0.17,0.17,0.17,0.17,0.17,0.0,0.168266,0.116348,6.284725,21.558261,10.898821,
06/30/2013,268.004,268.42,267.115,,3.102675,0.300429,0.127724,0.09,0.09,0.09,0.09,0.09,0.09,0.0,-0.105558,-0.162144,6.172065,21.590017,11.0682,
09/30/2013,268.968,270.825,268.54,,3.155783,0.487116,0.31211,0.26,0.26,0.26,0.26,0.26,0.26,0.0,0.581418,0.450406,6.237958,21.996606,11.511566,
12/31/2013,269.951,272.901,269.481,,3.259584,0.264126,0.080299,0.07,0.07,0.171296,0.07,0.07,0.171296,0.0,0.753055,0.657928,11.202418,22.201551,11.884235,
03/31/2014,272.331,277.082,271.408,,4.024487,0.516448,-0.102495,0.2,0.2,0.695558,0.2,0.2,0.686123,0.0,0.515943,0.361507,7.906004,22.639964,-0.161138,
06/30/2014,,,,,,,,0.653,0.653,0.779,0.653,0.653,0.779,,,,,,,
09/30/2014,,,,,,,,0.77,0.77,0.886,0.77,0.77,0.886,,,,,,,
