Date,Basic Shares Outstanding,Diluted Weighted Avg Shares,Basic Weighted Avg Shares,Per Share Data Items,Revenue,EBITDA,Operating Income,Net Income to Common - Basic,Net Income before XO - Basic,Normalized Net Income - Basic,Net Income to Common - Diluted,Net Income before XO - Diluted,Normalized Net Income - Diluted,Dividends,Cash Flow,Free Cash Flow,Cash & Equivalents,Book Value,Tangible Book Value,Source: Bloomberg
12/31/1989,,0.0,0.0,,,,,0.2475,0.2475,,0.2475,0.2475,0.2475,,,,,,,
04/01/1990,333.984008,332.799984,332.799984,,7.010217,0.597957,0.333534,0.37125,0.37125,0.37125,0.37125,0.37125,0.37125,0.03125,0.594952,,0.632665,6.72637,,
07/01/1990,333.415984,333.600008,333.600008,,7.341127,-0.797362,-1.067146,-0.71875,-0.71875,-0.71875,-0.71875,-0.71875,-0.71875,0.03125,0.866307,,0.377906,5.976018,,
10/01/1990,333.432008,333.600008,333.600008,,6.822542,0.605516,0.347722,0.20375,0.18,0.18,0.20375,0.18,0.18,0.03125,0.107914,,0.162252,6.149979,,
12/31/1990,333.376008,333.403992,333.403992,,7.195475,-2.045566,-2.363499,-1.58875,-1.61875,-1.61875,-1.58875,-1.61875,-1.61875,0.03125,0.374921,,0.326958,4.52942,,
04/01/1991,334.992008,333.600008,333.600008,,2.296163,0.350719,0.125899,0.16875,0.16875,0.16875,0.16875,0.16875,0.16875,0.03125,0.188849,,0.426876,4.662798,,
07/01/1991,335.175992,340.799984,340.799984,,2.511737,0.152582,0.058685,0.61875,0.61875,0.61875,0.61875,0.61875,0.61875,0.03125,1.059272,,1.464902,5.259923,,
09/30/1991,335.295992,341.600008,341.600008,,2.280445,0.272248,0.07904,0.2075,0.2075,0.2075,0.2075,0.2075,0.2075,0.03125,0.383489,,1.804376,5.43997,,
12/31/1991,335.312008,335.303984,335.303984,,2.746761,-0.020877,0.077542,0.48375,0.48375,0.48375,0.48375,0.48375,0.48375,0.03125,0.161048,,2.42759,5.904948,,
03/30/1992,338.73712,347.200016,347.200016,,2.442396,0.15841,0.109447,1.25125,0.085,0.085,1.25125,0.085,0.085,0.03125,0.429147,,3.530762,7.150087,,
06/29/1992,339.054992,350.399992,350.399992,,2.431507,0.159817,0.119863,0.245,0.1025,0.1025,0.245,0.1025,0.1025,0.1,0.493721,,3.916769,7.34984,,
09/28/1992,235.999376,254.399992,254.399992,,3.368711,0.212264,0.169025,0.47125,0.11375,0.11375,0.47125,0.11375,0.11375,,0.605346,,4.080519,7.01273,,
12/31/1992,247.368,249.016008,249.016008,,2.682558,0.590323,0.530086,0.69875,0.615,0.615,0.69875,0.615,0.615,0.05,0.12449,,3.812134,7.575758,,
04/03/1993,248.496,252.0,252.0,,3.404762,0.40873,0.357143,2.725,0.265,0.265,2.725,0.265,0.265,2.55125,-0.424603,,9.497135,7.802943,,
06/30/1993,248.591992,252.8,252.8,,3.061709,0.316456,0.25712,0.24125,0.24875,0.24875,0.24125,0.24875,0.24875,2.3,-0.039557,,6.476476,5.760443,,
09/30/1993,248.912,252.8,252.8,,3.06962,0.288766,0.253165,0.28875,0.3,0.3,0.28875,0.3,0.3,1.55,-0.193829,,3.89696,4.48753,,
12/31/1993,250.256,253.600008,253.600008,,3.071766,0.429811,0.35489,0.2525,0.2525,0.2525,0.2525,0.2525,0.2525,0.075,0.070978,,2.337606,4.703184,,
03/31/1994,253.656008,254.8,254.8,,3.139717,0.349294,0.313972,0.215,0.215,0.215,0.215,0.215,0.215,0.075,-0.176609,,2.803009,4.809663,,
06/30/1994,252.300004,254.0,254.0,,3.228346,0.401575,0.322835,0.28,0.22,0.22,0.28,0.22,0.22,0.0875,-0.645669,,3.915973,4.954419,,
09/30/1994,252.296004,253.199996,253.199996,,2.819905,0.422591,0.304107,0.2125,0.2125,0.2125,0.2125,0.2125,0.2125,0.0875,-0.864929,,3.777309,5.085297,,
12/31/1994,251.979996,253.199996,253.199996,,2.8594,0.323855,0.323855,0.23,0.23,0.23,0.23,0.23,0.23,0.0875,2.239337,,4.202715,5.222637,,
03/31/1995,251.828004,252.800004,252.800004,,2.978639,0.344146,0.3125,0.2375,0.2375,0.2375,0.2375,0.2375,0.2375,0.0875,0.68038,0.660601,4.288641,5.372715,,
06/30/1995,251.852004,252.800004,252.800004,,2.780854,0.336234,0.300633,0.325,0.242,0.242,0.325,0.242,0.242,0.09375,-0.621044,-0.656646,4.915585,5.602497,,
09/30/1995,251.92,253.199996,253.199996,,2.835703,0.339652,0.304107,0.3625,0.2475,0.2475,0.3625,0.2475,0.2475,0.09375,0.434439,0.402844,3.941728,5.874881,,
12/31/1995,252.979996,252.399992,252.399992,,3.538035,0.376387,0.328843,0.35,0.255,0.255,0.35,0.255,0.255,0.09375,0.416006,0.376387,4.328405,6.194166,,
03/31/1996,252.748001,252.800003,252.800003,,3.532437,0.379747,0.328323,0.2575,0.2575,0.2575,0.2575,0.2575,0.2575,0.09375,0.304589,0.265032,4.075205,6.334373,,
06/30/1996,253.464005,253.199997,253.199997,,3.672986,0.414692,0.351501,0.265,0.265,0.265,0.265,0.265,0.265,0.1025,2.460506,2.345972,3.045797,6.474292,,
09/29/1996,252.192001,252.399994,252.399994,,3.415214,0.431854,0.352615,0.27,0.27,0.27,0.27,0.27,0.27,0.1025,-0.586371,-0.625991,3.346656,6.602113,,
12/31/1996,253.072008,252.399992,249.332,,3.593602,0.441179,0.368986,0.28,0.28,0.28,0.2775,0.2775,0.2775,0.1025,1.941187,1.836908,3.532591,6.772776,,
03/30/1997,251.651992,253.572008,253.572008,,3.710977,0.485069,0.402253,0.28,0.28,0.28,0.28,0.28,0.28,0.1025,0.047324,0.007887,1.466311,6.930205,,
06/29/1997,251.248,1000.8,1000.8,,1.031175,0.135891,0.113909,0.08,0.08,0.08,0.08,0.08,0.08,0.025,0.043965,0.016986,2.606986,7.132395,,
09/28/1997,251.451996,253.600006,251.399994,,3.929992,0.533015,0.449483,0.325,0.325,0.325,0.325,0.325,0.325,0.1025,-0.481305,-0.533015,3.360482,7.381131,,
12/31/1997,251.572006,253.600006,251.600006,,4.375994,0.572337,0.465024,0.33,0.33,0.33,0.3275,0.3275,0.3275,0.1025,2.472178,2.341017,1.752977,7.612135,,
03/29/1998,505.104168,405.028016,399.884004,,4.143702,0.560162,0.48264,0.31,0.31,0.31,0.305,0.305,0.305,0.055,0.040012,-0.072521,1.350217,7.871644,3.052836,
06/28/1998,253.072006,405.029999,399.885986,,4.338737,0.642683,0.567662,0.37,0.37,0.37,0.365,0.365,0.365,0.11,0.092526,0.042512,0.964152,8.155782,3.374534,
09/27/1998,252.628006,405.029999,399.885986,,4.496282,0.745212,0.607673,0.395,0.395,0.395,0.39,0.39,0.39,0.11,0.59767,0.497642,0.886679,8.391785,3.43984,
12/31/1998,398.536011,403.799988,398.399994,,5.542169,0.753012,0.64006,0.405,0.405,0.405,0.395,0.395,0.395,0.11,0.670181,0.466867,0.760283,6.059678,1.573258,
04/04/1999,254.923824,404.48,398.916,,5.0186,0.711929,0.604137,0.81,0.81,0.81,0.8,0.8,0.8,0.12,0.436182,0.358471,0.725707,9.763701,3.769754,
07/04/1999,255.21145,404.632,398.398,,5.23848,0.823297,0.700305,0.44,0.44,0.44,0.43,0.43,0.43,0.12,0.860948,0.745486,1.5399,10.089673,4.106399,
10/03/1999,401.946662,405.224,400.586,,5.529399,1.006026,0.886202,0.46,0.46,0.46,0.455,0.455,0.455,0.12,-0.052423,-0.184729,0.171665,7.53085,1.005108,
12/31/1999,402.02713,404.079987,400.0,,6.6375,0.9525,0.82,0.495,0.495,0.495,0.49,0.49,0.49,0.12,1.3,1.1325,0.671596,7.887527,1.636705,
04/02/2000,401.317488,404.562,401.792,,6.336612,0.900964,0.761588,0.46,0.46,0.46,0.455,0.455,0.455,0.13,0.004978,-0.191641,0.588063,8.148162,1.911205,
07/02/2000,396.888144,403.684,400.208,,6.5391,0.974493,0.837065,0.51,0.51,0.51,0.505,0.505,0.505,0.13,1.116919,0.869548,0.69289,8.352479,2.08623,
10/01/2000,398.48768,401.174,397.35,,6.296716,0.999119,0.848119,0.74,0.74,0.74,0.735,0.735,0.735,0.13,0.619102,0.500818,0.961134,8.976438,2.602339,
12/31/2000,401.003298,400.8,399.6,,6.734234,1.016016,0.878378,0.545,0.545,0.545,0.545,0.545,0.545,0.13,0.940941,0.783283,0.441393,9.526106,3.214437,
04/01/2001,401.898,404.35,400.802,,6.669128,0.983029,0.833329,0.6,0.6,0.53,0.595,0.595,0.525,0.14,0.197105,0.06487,0.696694,9.977656,3.082872,
07/01/2001,402.752014,406.019989,402.058014,,7.367096,1.089395,0.922752,0.565,0.565,0.565,0.56,0.56,0.56,0.14,0.721289,0.579518,0.404716,10.463014,3.200481,
09/30/2001,403.570007,407.140015,402.903992,,7.495582,1.102,0.933225,0.57,0.57,0.57,0.565,0.565,0.565,0.14,0.729702,0.414491,1.434695,10.97703,2.054167,
12/31/2001,401.491094,406.0,403.6,,8.421705,1.17443,1.003469,0.61,0.61,0.68,0.605,0.605,0.675,0.14,1.085233,0.790387,1.093424,11.277959,1.917851,
03/31/2002,403.399692,405.406,401.986,,7.716687,1.0473,0.917942,0.57,0.575,0.575,0.565,0.57,0.57,0.15,-0.206475,-0.315931,0.934557,11.752612,2.491326,
06/30/2002,403.987858,407.672,403.654,,8.685657,1.18666,1.047927,0.65,0.675,0.675,0.645,0.67,0.67,0.15,1.055359,0.916627,0.930721,12.349381,2.428291,
09/29/2002,401.866978,406.242,403.254,,8.143751,1.185357,1.051446,0.665,0.69,0.69,0.66,0.685,0.685,0.15,0.634836,0.520764,1.164564,12.743023,2.600363,
12/31/2002,401.986204,403.6,402.2,,9.716559,1.101442,0.992044,0.39,0.725,0.725,0.39,0.72,0.72,0.15,1.325211,1.031825,0.815948,12.93328,2.808554,
03/30/2003,394.733134,399.436,397.756,,8.60075,0.942789,0.799485,0.555,0.555,0.555,0.555,0.555,0.555,0.16,0.505335,0.427398,1.894951,12.940388,0.131735,
06/29/2003,394.439502,397.158,394.448,,9.975966,1.100272,0.958301,0.615,0.615,0.615,0.61,0.61,0.61,0.16,0.651543,0.560277,2.056082,13.708059,0.51719,
09/28/2003,395.473782,398.044,394.622,,11.21833,1.107389,0.904663,0.665,0.645,0.645,0.66,0.64,0.64,0.16,0.932538,0.810903,1.762443,14.12483,-3.31754,
12/31/2003,395.932007,399.200012,395.399994,,11.965099,1.262013,1.047041,0.705,0.705,0.705,0.7,0.7,0.7,0.16,2.26606,1.992919,2.17209,14.954588,-3.010618,
04/04/2004,398.105988,400.605988,396.877991,,11.706368,1.287549,1.098574,0.68,0.67,0.67,0.67,0.66,0.66,0.18,0.821411,0.687869,2.182836,15.616444,-2.376252,
07/04/2004,399.839996,402.036011,398.39801,,11.676765,1.42571,1.217376,0.755,0.73,0.73,0.745,0.72,0.72,0.18,0.901109,0.740466,2.7511,16.151461,-1.693177,
10/03/2004,400.575989,403.70401,399.928009,,11.619591,1.432758,1.232722,0.805,0.8,0.8,0.8,0.795,0.795,0.18,0.77764,0.632614,1.712534,16.918138,-1.792419,
12/31/2004,402.066306,405.2,401.2,,12.896311,1.530409,1.321037,0.835,0.82,0.82,0.83,0.815,0.815,0.18,2.003988,1.782154,2.42746,17.880135,-0.537225,
04/03/2005,,404.048,401.115,,11.966643,1.35622,1.146803,0.84,0.88,0.88,0.83,0.87,0.87,0.2,0.892512,0.797776,,,,
07/03/2005,,404.398,401.416,,12.797198,1.53955,1.342747,0.86,0.84,0.84,0.85,0.83,0.83,0.2,0.495745,0.308906,,,,
10/02/2005,,405.607,402.121,,13.185086,1.63135,1.429918,0.93,0.91,0.91,0.92,0.9,0.9,0.2,1.489601,1.377695,,,,
12/31/2005,400.090054,405.3,401.9,,14.341876,1.729286,1.522767,1.01,0.99,0.99,1.01,0.98,0.98,0.2,2.239363,1.980592,5.826188,20.357917,1.402184,
04/02/2006,,404.503,401.469,,13.814267,1.688798,1.484548,0.93,0.96,0.96,0.92,0.95,0.95,0.23,1.158246,1.026231,,,,
07/02/2006,403.407109,406.958,403.518,,14.705664,2.046997,1.608355,1.58,1.04,1.04,1.56,1.03,1.03,0.23,1.965216,1.675266,3.467961,22.510758,-1.66829,
10/01/2006,404.64431,407.177,403.723,,15.032584,2.355575,1.676892,1.09,1.09,1.09,1.08,1.08,1.08,0.23,3.286907,2.798949,2.379868,23.408213,-0.83283,
12/31/2006,405.792438,408.67,404.986,,16.084507,2.009946,1.735862,1.01,1.14,1.14,1.0,1.13,1.13,0.23,1.977846,1.637094,3.95276,24.216814,0.25136,
04/01/2007,404.829171,409.435,405.596,,15.532698,1.928027,1.679011,1.07,1.08,1.08,1.06,1.07,1.07,0.29,1.264805,1.134133,3.685505,24.887041,0.511327,
07/01/2007,405.70784,408.9,405.15,,16.268049,2.13748,1.875848,1.27,1.28,1.28,1.26,1.27,1.27,0.29,1.002098,0.723189,4.421901,26.181402,1.703196,
09/30/2007,402.367552,407.321,403.669,,16.929712,2.244413,1.984299,1.35,1.35,1.35,1.34,1.34,1.34,0.29,2.326163,2.009072,5.052594,27.114512,2.390849,
12/31/2007,404.0,406.9,403.3,,18.633771,2.434912,2.159683,1.43,1.43,1.43,1.42,1.42,1.42,0.29,2.645673,2.199355,7.155941,29.128713,4.589109,
03/30/2008,398.490987,403.858,400.759,,17.479333,2.40294,2.148423,1.43,1.43,1.43,1.42,1.42,1.42,0.35,1.072964,0.860867,6.537162,29.553993,4.627457,
06/29/2008,397.260758,401.771,398.491,,18.326637,2.58977,2.311219,1.61,1.61,1.52,1.6,1.6,1.51,0.35,2.562166,2.273577,6.897233,30.670032,5.734269,
09/28/2008,389.848193,399.777,396.748,,17.99631,2.636434,2.351619,1.6,1.6,1.6,1.59,1.59,1.59,0.35,2.175184,1.887848,6.712869,31.124936,5.32515,
12/31/2008,386.710589,389.6,389.0,,20.18509,2.722365,2.411311,1.57,1.62,1.62,1.57,1.62,1.62,0.35,2.046272,1.59383,4.191765,25.996185,-7.698263,
04/05/2009,385.728673,386.541,385.845,,21.417927,2.70575,2.345501,1.53,1.54,1.54,1.53,1.54,1.54,0.38,0.383574,0.173645,2.91915,26.627525,-7.424908,
07/05/2009,385.090596,387.013,385.035,,21.037049,2.817926,2.454322,1.6,1.61,1.61,1.6,1.61,1.61,0.38,1.573883,1.342735,4.191222,28.567304,-5.983008,
10/04/2009,385.80129,388.088,385.243,,20.036704,2.629509,2.268698,1.48,1.49,1.49,1.47,1.48,1.48,0.38,1.534097,1.32384,3.652139,30.373149,-6.578516,
12/31/2009,385.704691,390.1,385.8,,20.471747,2.838258,2.465008,1.59,1.6,1.6,1.57,1.58,1.58,0.38,3.846553,3.499222,5.867183,32.208579,-5.040125,
04/04/2010,385.728673,388.984,384.823,,20.139129,2.757112,2.385512,1.55,1.56,1.56,1.53,1.54,1.54,0.42,0.545705,0.38979,5.249804,33.129505,-3.995036,
07/04/2010,380.374362,388.532,384.304,,21.087472,2.92737,2.563075,1.69,1.7,1.7,1.67,1.68,1.68,0.42,1.241205,1.077272,4.871517,33.753589,-3.930339,
10/03/2010,377.743896,382.54,379.088,,21.132296,2.920166,2.548221,1.71,1.71,1.71,1.7,1.7,1.7,0.42,2.318723,2.065483,4.878967,35.955578,-2.575819,
12/31/2010,372.052313,380.9,376.7,,22.832493,3.241306,2.856384,1.94,1.94,1.94,1.91,1.91,1.91,0.42,3.772233,3.371383,7.023206,35.790666,-3.561327,
04/03/2011,372.000435,376.363,372.68,,20.924117,2.876462,2.492755,1.66,1.66,1.66,1.64,1.64,1.64,0.47,0.880112,0.716432,6.677412,37.30372,-2.120965,
07/03/2011,361.76483,371.4,368.0,,21.410326,2.972826,2.578804,1.77,1.81,1.739136,1.76,1.79,1.72,0.47,2.008152,1.76087,5.962437,38.491857,-2.509918,
10/02/2011,356.112755,362.885,359.71,,21.831475,3.18312,2.774457,1.81,1.84,1.866782,1.8,1.83,1.847912,0.47,0.414223,0.07784,4.324473,38.243505,-5.276419,
12/31/2011,372.052313,359.4,356.2,,25.679394,3.107805,2.667041,1.69,1.69,2.050533,1.68,1.68,2.03448,0.47,5.676586,5.157215,7.119966,35.564891,-5.797572,
04/01/2012,360.60664,359.36,356.987,,21.230465,2.84044,2.409051,1.58,1.58,1.58,1.57,1.57,1.57,0.51,1.159706,0.907596,7.298812,38.418594,-4.681001,
07/01/2012,352.778253,357.4,355.0,,22.315493,3.15493,2.732394,1.79,1.79,1.79,1.77,1.77,1.77,0.51,2.222535,1.980282,7.19999,38.726877,-5.210072,
09/30/2012,353.069806,352.826,350.47,,22.638172,3.021657,2.582247,1.71,1.71,1.71,1.7,1.7,1.7,0.51,2.008731,1.694867,8.140033,40.422601,-4.101172,
12/31/2012,353.674248,350.9,350.9,,23.020804,-4.958678,-5.420348,-6.07,-6.07,1.290029,-6.07,-6.07,1.290029,0.62,2.217156,1.749786,9.31931,32.204776,-5.770847,
03/31/2013,353.186716,353.517,351.873,,21.041683,2.810673,2.407118,1.62,1.62,1.62,1.62,1.62,1.62,0.56,1.432335,1.21919,10.603457,32.792853,-4.705726,
06/30/2013,349.867839,352.932,351.11,,22.312096,3.087352,2.737034,1.82,1.82,1.856113,1.81,1.81,1.843151,0.56,1.671841,1.415511,10.738341,33.601259,-4.06725,
09/29/2013,352.198231,352.918,349.337,,22.141943,3.114471,2.750925,1.86,1.86,1.903606,1.84,1.84,1.876836,0.56,1.322505,1.030524,11.541796,35.789504,-1.848391,
12/31/2013,353.402794,354.6,350.5,,22.958631,2.950071,2.636234,1.41,1.78,1.78,1.4,1.76,1.76,0.56,4.453638,3.982882,14.999881,41.0325,4.315189,
03/30/2014,342.860725,347.248,342.232,,21.22829,2.919072,2.553823,1.74,1.74,1.796588,1.71,1.71,1.764284,0.62,1.233082,0.978868,12.529869,39.928749,1.633316,
06/29/2014,334.31595,342.785,336.692,,22.19833,3.195799,2.8186,1.61,1.92,1.92,1.58,1.88,1.88,0.62,2.589904,2.367149,11.489132,39.241322,0.625157,
09/28/2014,331.389741,338.181,331.811,,23.359684,3.384457,3.01075,2.1,2.09,2.09,2.06,2.05,2.05,0.62,7.546465,7.019056,15.404822,39.25891,0.980718,
12/31/2014,332.164097,335.8,330.0,,25.339394,3.618182,3.233333,2.12,2.23,2.23,2.09,2.19,2.19,0.62,0.109091,-0.448485,13.210338,35.611916,-2.450596,
04/05/2015,328.732777,334.682,329.154,,23.648505,3.496843,3.12012,2.18,2.18,2.18,2.14,2.14,2.14,0.69,2.263378,1.965645,13.421235,35.043661,-3.261007,
07/05/2015,322.727167,331.426,326.153,,24.166572,3.679255,3.314395,2.31,2.31,2.31,2.27,2.27,2.27,0.69,2.060383,1.778307,12.493525,34.93973,-3.746198,
10/04/2015,316.12816,321.938,316.68,,25.243148,3.634584,3.265126,2.31,2.31,2.31,2.28,2.28,2.28,0.69,2.693571,2.156751,10.66656,33.954583,-5.058075,
12/31/2015,312.987277,318.366,313.264,,25.923821,4.066857,3.680602,2.665483,2.665483,2.665483,2.622768,2.622768,2.622768,0.69,1.07577,0.408601,8.898125,34.308104,-4.690287,
04/03/2016,305.646967,313.499,307.928,,24.278403,3.377413,3.000701,2.08,2.12,2.12,2.04,2.08,2.08,0.76,1.558806,1.347718,6.239224,34.621642,-5.797538,
07/03/2016,305.278868,310.208,304.47,,25.532893,3.754064,3.373075,2.35,2.35,2.35,2.3,2.3,2.3,0.76,1.290768,1.064144,6.220542,36.01625,-4.291158,
10/02/2016,304.51955,309.728,303.938,,25.192638,3.698123,3.339497,2.13,2.4,2.4,2.09,2.36,2.36,0.76,1.641782,1.279866,7.562733,37.16346,-3.2149,
12/31/2016,302.418528,308.5,302.5,,25.302479,2.912397,2.538843,1.88,1.92,1.92,1.85,1.89,1.89,0.76,2.614876,2.12562,7.717781,34.062066,-6.024763,
04/02/2017,301.685448,307.282,301.771,,24.65777,3.834033,3.466205,2.53,2.53,2.53,2.48,2.48,2.48,0.84,1.76624,1.560786,7.186293,35.079584,-5.396349,
07/02/2017,299.461802,305.35,299.79,,25.601254,3.922746,3.559158,2.5,2.5,2.5,2.45,2.45,2.45,0.84,1.591114,1.287568,6.197785,36.572277,-4.715126,
10/01/2017,298.582883,303.751,298.145,,25.423871,3.920911,3.565379,2.56,2.56,2.56,2.52,2.52,2.52,0.84,2.924751,2.522263,9.116397,38.729615,-3.580245,
12/31/2017,296.895608,302.4,297.0,,27.868687,3.956229,3.569024,2.14,2.14,2.14,2.1,2.1,2.1,0.84,6.713805,6.191919,10.047303,38.515221,-3.977829,
04/01/2018,297.033427,301.104,296.399,,25.421813,3.768569,3.400821,2.7,2.7,2.7,2.65,2.65,2.65,0.93,-1.67342,-2.024298,14.584217,39.638636,-2.972729,
07/01/2018,296.281432,300.139,296.153,,31.017751,4.409883,3.673777,2.65,2.65,2.840761,2.62,2.62,2.804248,0.93,2.65741,2.066499,6.284565,40.481781,-35.378525,
09/30/2018,296.149755,299.087,295.339,,30.791734,4.571018,3.843041,2.88,2.92,2.92,2.85,2.89,2.89,0.93,2.674892,2.106054,3.410437,43.069426,-31.733945,
12/31/2018,288.698149,296.4,293.2,,35.395634,4.935198,4.181446,3.1,3.1,3.1,3.07,3.07,3.07,0.93,7.049795,6.22101,3.335664,40.6376,-36.186585,
03/31/2019,288.87199,289.9,288.6,,32.089397,4.50797,3.513514,2.59,2.59,2.59,2.56,2.56,2.56,1.02,-2.754678,-3.381843,2.329752,42.350939,-34.451246,
06/30/2019,288.84412,290.815,288.099,,33.165683,4.769194,3.783422,2.8,2.8,2.8,2.77,2.77,2.77,1.02,1.010069,0.381813,2.430377,44.581139,-31.996497,
09/29/2019,289.306108,290.9,288.4,,33.845354,5.232316,4.216366,3.17,3.17,3.17,3.14,3.14,3.14,1.02,3.78294,2.936893,3.366676,46.708312,-29.311514,
12/31/2019,289.610336,290.9,288.8,,37.302632,5.581717,4.598338,3.53,3.53,3.53,3.51,3.51,3.51,1.02,8.289474,6.970222,3.11453,46.880233,-29.056283,
03/29/2020,286.86454,289.9,288.6,,30.315315,3.995149,3.260568,2.45,2.45,2.45,2.43,2.43,2.43,1.1,-2.307692,-2.948718,18.580198,46.01475,-30.369735,
06/28/2020,286.932436,286.933,286.388,,32.347724,3.701272,2.936576,2.18,2.18,2.18,2.18,2.18,2.18,1.1,2.943559,2.171879,8.015824,48.408609,-27.968257,
09/30/2020,,,,,,,,2.869,2.869,2.877,2.869,2.869,2.877,1.101,4.265,,,51.16,,
12/31/2020,,,,,,,,3.554,3.554,3.556,3.554,3.554,3.556,1.083,7.88,,,54.33,,
