Date,Basic Shares Outstanding,Diluted Weighted Avg Shares,Basic Weighted Avg Shares,Per Share Data Items,Revenue,EBITDA,Operating Income,Net Income to Common - Basic,Net Income before XO - Basic,Normalized Net Income - Basic,Net Income to Common - Diluted,Net Income before XO - Diluted,Normalized Net Income - Diluted,Dividends,Cash Flow,Free Cash Flow,Cash & Equivalents,Book Value,Tangible Book Value,Source: Bloomberg
03/31/1995,287.440002,291.036011,291.036011,,0.772413,0.232617,0.175236,0.0725,0.0725,,0.0725,0.0725,0.0725,,0.04295,0.003092,0.146465,0.983857,,
06/30/1995,287.440002,287.440002,287.440002,,0.779641,0.216393,0.161425,0.075,0.075,,0.075,0.075,0.075,,0.082452,0.024701,0.150988,1.067353,,
09/30/1995,287.644012,287.440002,287.440002,,0.814431,0.272057,0.213262,0.0975,0.0975,0.0975,0.0975,0.0975,0.0975,0.00625,0.052533,,0.049367,1.20079,,
12/31/1995,287.843996,287.679992,287.679992,,0.863112,0.28191,0.217951,0.1075,0.1075,0.1075,0.1075,0.1075,0.1075,0.00625,0.074736,,0.011812,1.334751,,
03/31/1996,288.075989,287.959991,287.959991,,0.875469,0.277816,0.214613,0.1,0.1,0.1,0.1,0.1,0.1,0.00625,0.009376,-0.033685,0.008678,1.421847,,
06/30/1996,288.391998,288.200012,288.200012,,0.921235,0.216169,0.159958,-0.16,-0.16,0.1325,-0.16,-0.16,0.1325,0.00625,0.087786,0.041985,0.003121,1.294072,,
09/30/1996,288.635986,288.519989,288.519989,,0.901497,0.309857,0.258908,0.1425,0.1425,0.1425,0.1425,0.1425,0.1425,0.00625,0.266186,0.208998,0.024598,1.435026,,
12/31/1996,301.584016,288.679992,288.679992,,0.938063,0.310725,0.252529,0.1475,0.1475,0.1475,0.1475,0.1475,0.1475,0.00625,0.153804,-0.06651,0.064327,1.548159,,
03/31/1997,288.90799,298.0,293.839996,,0.906616,0.28587,0.232099,0.13,0.13,0.13,0.13,0.065,0.13,0.00625,0.156548,0.101416,0.022499,1.680466,,
06/30/1997,289.096008,299.160004,294.380005,,0.957266,0.300632,0.245941,0.0075,0.0075,0.1575,0.0075,0.115,0.1575,0.00625,-0.006115,-0.074054,0.040817,1.697706,,
09/30/1997,289.003998,300.019989,294.5,,0.965026,0.298472,0.239049,0.14,0.14,0.14,0.13,0.5,0.13,0.0065,0.23871,0.185399,0.020069,1.846687,,
12/31/1997,301.848,301.26001,294.48001,,1.683646,0.548424,0.503939,0.21,0.225,0.34,0.205,0.225,0.34,0.0065,0.291701,0.207145,0.102701,1.92746,1.302974,
03/31/1998,301.553986,307.140015,299.48999,,1.580353,0.584661,0.532238,0.17,0.17,0.17,0.16,0.16,0.16,0.0065,0.484824,0.421049,0.098821,2.074919,,
06/30/1998,301.641998,307.220001,299.619995,,1.640745,0.510647,0.453241,0.24,0.24,0.24,0.24,0.24,0.24,0.005,-0.022028,-0.12349,0.117026,2.335219,,
09/30/1998,301.276001,299.720001,299.720001,,1.500734,0.224877,0.163486,-0.61,-0.61,-0.61,-0.61,-0.61,-0.61,0.006,0.085413,-0.005005,0.095261,1.71869,,
12/31/1998,301.175995,308.440002,299.709991,,1.662941,0.58323,0.511161,0.11,0.12,1.17,0.11,0.12,1.17,0.0065,0.392046,0.260585,0.051797,1.839124,,
03/31/1999,301.746002,311.76001,300.309998,,1.985948,0.548766,0.456528,0.16,0.17,0.34,0.15,0.16,0.33,0.0,0.407579,0.278046,0.111683,1.874424,-0.459658,
06/30/1999,301.453003,310.75,300.480011,,2.032747,0.747471,0.646299,0.3,0.3,0.35,0.29,0.29,0.34,0.0,-0.004326,-0.170394,0.068336,2.067321,-0.2478,
09/30/1999,301.460999,311.160004,300.540009,,1.893259,0.697079,0.595927,0.35,0.35,0.34,0.34,0.34,0.33,0.0,0.505756,0.375324,0.084588,2.407277,0.524114,
12/31/1999,306.838989,309.880005,300.700012,,1.915863,0.733622,0.629864,0.32,0.32,0.37,0.31,0.31,0.36,0.0,0.285334,0.1287,0.090601,2.826564,0.651482,
03/31/2000,306.776001,311.899994,300.890015,,2.096115,0.708897,0.603543,0.39,0.39,0.37,0.38,0.38,0.36,0.0,0.247266,0.155539,0.099421,2.997953,0.814601,
06/30/2000,306.510986,309.23999,300.779999,,2.222222,0.810227,0.69752,0.41,0.41,0.41,0.4,0.4,0.4,0.0,0.465124,0.336459,0.205865,3.282753,1.132423,
09/30/2000,307.601013,310.320007,301.100006,,1.99535,0.715377,0.605447,0.41,0.41,0.37,0.4,0.4,0.36,0.0,0.809698,0.666224,0.276982,3.718453,1.613454,
12/31/2000,308.476013,310.209991,301.100006,,2.154766,1.007307,0.893059,0.03,0.03,0.48,0.03,0.03,0.46,0.0,0.628695,0.461309,0.546558,3.836603,1.753783,
03/31/2001,308.951996,309.440002,303.100006,,2.213791,0.758166,0.649621,0.37,0.37,0.42,0.36,0.36,0.41,0.0,0.43616,0.322006,0.600741,4.259885,2.203902,
06/30/2001,304.313995,305.559998,301.220001,,2.178806,0.727707,0.611181,0.38,0.38,0.38,0.38,0.38,0.38,0.0,0.47872,0.360534,0.860624,4.060937,2.018639,
09/30/2001,304.428009,302.850006,299.25,,2.21086,0.759231,0.63726,0.41,0.41,0.39,0.4,0.4,0.38,0.0,0.575104,0.457477,1.183203,4.582693,2.546086,
12/31/2001,305.153015,306.98999,299.880005,,2.396625,0.905362,0.783647,0.45,0.45,0.48,0.44,0.44,0.47,0.0,0.780312,0.634587,1.463856,5.065655,3.045685,
03/31/2002,305.766998,307.320007,300.76001,,2.359689,0.805626,0.704881,0.46,0.46,0.48,0.45,0.45,0.47,0.0,0.568227,0.457508,1.706855,5.587588,3.574617,
06/30/2002,306.14801,306.220001,301.480011,,2.613109,0.872031,0.768542,0.68,0.72,0.55,0.67,0.71,0.54,0.0,1.240547,1.124453,2.276676,6.527235,4.517423,
09/30/2002,306.591003,305.4,302.09,,2.691582,0.997716,0.884174,0.58,0.59,0.59,0.57,0.58,0.58,0.0,0.803734,0.692178,2.988346,7.152526,5.156707,
12/31/2002,306.604004,305.01001,302.630005,,2.959059,1.05971,0.954631,0.31,0.31,0.66,0.31,0.31,0.65,0.0,0.84757,0.718369,3.343401,7.572634,5.577227,
03/31/2003,308.812012,308.029999,303.200012,,2.829485,0.953166,0.83938,0.31,0.52,0.61,0.3,0.51,0.6,0.08,0.363786,0.253298,3.615468,7.898009,5.926583,
06/30/2003,310.200989,311.920013,304.519989,,3.042822,0.957901,0.842309,-0.32,-0.27,0.64,-0.32,-0.27,0.61,0.0,0.43741,0.135623,3.870716,7.85523,5.728222,
09/30/2003,311.947998,314.959991,306.640015,,3.000587,0.913775,0.788547,0.42,0.47,0.59,0.41,0.46,0.57,0.08,0.952909,0.771915,4.375729,8.427687,6.32926,
12/31/2003,308.971008,315.329987,306.070007,,3.108439,0.73676,0.597576,0.67,0.65,0.65,0.65,0.63,0.63,0.08,-0.421145,-0.644624,4.751902,8.78173,6.596735,
03/31/2004,310.596008,318.559998,308.480011,,3.028073,0.901193,0.765366,0.45,0.5,0.58,0.44,0.48,0.56,0.1,0.425311,0.237617,5.190988,9.609911,7.354248,
06/30/2004,314.843994,320.149994,310.910004,,3.019523,0.936605,0.801196,0.41,0.44,0.59,0.39,0.42,0.58,0.1,1.171722,0.989354,5.688532,10.008131,7.807041,
09/30/2004,317.789001,320.679993,312.700012,,2.956508,1.00064,0.860249,0.49,0.51,0.65,0.48,0.5,0.63,0.1,0.899584,0.74992,6.018773,10.841471,8.67368,
12/31/2004,320.692,325.56,316.06,,3.063342,1.098209,0.955831,0.33,0.39,0.72,0.32,0.38,0.7,0.1,1.135227,0.9726,6.904756,11.668829,9.546855,
03/31/2005,324.006012,329.470001,319.850006,,2.980459,1.018602,0.876348,0.51,0.55,0.55,0.49,0.54,0.54,0.1,0.873847,0.708144,7.16962,12.477855,10.584372,
06/30/2005,328.85199,331.899994,323.959991,,3.006853,0.484628,0.355291,0.33,0.36,0.3,0.32,0.35,0.29,0.1,1.171132,0.974194,7.897778,13.198035,11.347963,
09/30/2005,331.385986,335.220001,327.619995,,2.426592,0.509432,0.392528,0.2,0.2,0.33,0.2,0.2,0.32,0.1,0.532629,0.310115,8.215193,13.678611,11.856566,
12/31/2005,333.838013,335.920013,329.859985,,2.510762,0.413206,0.28982,0.24,0.26,0.26,0.23,0.25,0.25,0.1,0.49233,0.127327,8.490944,14.111634,12.317052,
