Date,Revenue,Consensus Estimate,Comparable Actual,Revenue Surprise %,GAAP Actual,Adjusted Actual,Earnings Per Share,EPS Surprise %,Pretax Income (Loss),Pretax Income (Loss) Surprise %,Net Income,Net Income Surprise %,Source: Bloomberg
03/31/1990,,,0.0,,58.548332,58.548332,,,,,,,
06/30/1990,,,0.0,,58.647001,58.647001,,,,,,,
09/30/1990,,,0.0,,59.334001,59.334001,,,,,,,
12/31/1990,,,0.0,,45.749669,45.749669,,,,,,,
03/31/1991,,,0.0,,57.490816,57.490816,,,,,,,
06/30/1991,,,0.0,,59.772671,59.772671,,,,,,,
09/30/1991,,,0.0,,61.16619,61.16619,,,,,,,
12/31/1991,,,0.0,,61.943322,61.943322,,,,,,,
03/31/1992,,,0.0,,63.034583,63.034583,,,,,,,
06/30/1992,,,0.0,,65.626812,65.626812,,,,,,,
09/30/1992,,,0.0,,67.275816,67.275816,,,,,,,
12/31/1992,,,0.0,,66.08678,66.08678,,,,,,,
03/31/1993,,,0.0,,72.666812,72.666812,,,,,,,
06/30/1993,,,0.0,,77.423818,77.423818,,,,,,,
09/30/1993,,,0.0,,63.588989,63.588989,,,,,,,
12/31/1993,,,0.0,,81.010385,81.010385,,,,,,,
03/31/1994,,,0.0,,74.767999,74.767999,,,,,,,
06/30/1994,,,0.0,,64.903,64.903,,,,,,,
09/30/1994,,,0.0,,64.697998,64.697998,,,,,,,
12/31/1994,,,0.0,,63.773018,63.773018,,,,,,,
03/31/1995,,,0.0,,68.621002,68.621002,,,,,,,
06/30/1995,,,0.0,,70.023003,70.023003,,,,,,,
09/30/1995,,,0.0,,60.973999,60.973999,,,,,,,
12/31/1995,,,0.0,,-56.383003,-56.383003,,,,,,,
03/31/1996,,,0.0,,76.274002,76.274002,,,,,,,
06/30/1996,,,0.0,,79.039001,79.039001,,,,,,,
09/30/1996,,,0.0,,73.693001,73.693001,,,,,,,
12/31/1996,,,0.0,,82.366005,82.366005,,,,,,,
03/31/1997,,,0.0,,77.328,77.328,,,,,,,
06/30/1997,,,0.0,,74.59,74.59,,,,,,,
09/30/1997,,,0.0,,92.974,92.974,,,,,,,
12/31/1997,,,0.0,,92.851,92.851,,,,,,,
03/31/1998,,,77.445999,,92.918,92.918,,,,,,,
06/30/1998,,,80.699997,,63.142,63.142,,,,,,,
09/30/1998,,,81.509003,,14.546,14.546,,,,,,,
12/31/1998,,,84.660004,,,,,,,,,,
03/31/1999,,,84.973999,,96.434,96.434,,,,,,,
06/30/1999,,,84.210999,,35.246,35.246,,,,,,,
09/30/1999,,,85.096001,,73.311996,73.311996,,,,,,,
12/31/1999,,,86.887001,,68.964,68.964,,,,,,,
03/31/2000,,,90.089996,,88.882,88.882,,,,,,,
06/30/2000,,,89.690002,,83.294,83.294,,,,,,,
09/30/2000,,,91.825996,,97.736,97.736,,,,,,,
12/31/2000,,,93.685997,,92.123,92.123,,,,,,,
03/31/2001,,,98.467003,,96.398,96.398,,,,,,,
06/30/2001,,,98.051003,,73.174,73.174,,,,,,,
09/30/2001,,,99.306999,,103.815,103.815,,,,,,,
12/31/2001,,,99.560799,,83.126,83.126,,,,,,,
03/31/2002,,,104.818001,,98.154,98.154,,,,,,,
06/30/2002,,,106.069,,62.712,62.712,,,,,,,
09/30/2002,,,109.691002,,117.375,117.375,,,,,,,
12/31/2002,,,106.337997,,105.192,105.192,,,,,,,
03/31/2003,,,110.001999,,100.633,100.633,,,,,,,
06/30/2003,,,110.119003,,109.592,109.592,,,,,,,
09/30/2003,,,107.908997,,107.882,107.882,,,,,,,
12/31/2003,,,114.0,,112.034,112.034,,,,,,,
03/31/2004,,,117.142998,,112.351,112.351,,,,,,,
06/30/2004,,,118.522003,,116.561,116.561,,,,,,,
09/30/2004,,,120.0,,124.132,124.132,,,,,,,
12/31/2004,,,117.735001,,115.511,115.511,,,,,,,
03/31/2005,,,121.0,,117.8,117.8,,1.58734693877551,,,,,
06/30/2005,,,121.0,,132.365,132.365,,-0.653529411764712,,,,,
09/30/2005,,122.0,122.0,,119.046,119.046,,-0.471814671814672,,,,0.0,
12/31/2005,,121.5,122.0,,126.136,126.136,,0.0,,,,0.411522633744856,
03/31/2006,,122.0,123.800003,21.3892345609065,120.274,120.274,,1.01003787878786,,,,1.47541229508197,
06/30/2006,,,123.5,10.1565285171103,127.375,127.375,,0.225878003696848,,,,,
09/30/2006,,,126.5,2.89881731429281,128.544,128.544,,-0.17825311942959,,,,,
12/31/2006,,129.333,130.600006,1.95475449851129,142.438,142.438,,1.25600000000001,,,,0.979646339294696,
03/31/2007,,129.0,130.248993,6.08899297423888,135.191,135.191,,2.02904347826089,,,,0.968211627906987,
06/30/2007,,,129.100006,,127.117,127.117,,-0.074496644295302,,,,,
09/30/2007,,132.0,129.699997,-2.7027027027027,132.882,132.882,,1.04332784184515,,,,-1.74242651515152,
12/31/2007,,131.5,132.1,,132.345,132.345,,0.750321543408356,,,,0.456273764258551,
03/31/2008,,133.0,131.800003,,118.173,118.173,,-0.694375000000001,,,,-0.902253383458644,
06/30/2008,,132.75,130.600006,,133.726,133.726,,-1.68970814132105,,,,-1.61958116760828,
09/30/2008,,132.75,132.350998,-15.6380750279955,63.151,63.151,,1.07093373493976,,,,-0.300566478342746,
12/31/2008,,129.0,118.599998,,137.209,137.209,,-6.43278195488721,,,,-8.06201705426357,
03/31/2009,,125.4,125.3,,76.706,32.502,,0.94847560975609,,-0.43310300364472,,-0.0797448165869287,
06/30/2009,,123.429,126.2,,114.118,102.361,,1.94902548725637,,2.81914893617022,,2.24501535295595,
09/30/2009,,123.5,122.3,,100.8,72.937,,-1.08601503759399,,0.053763440860212,,-0.971659919028342,
12/31/2009,,120.5,121.8,,113.329,-71.05935,,1.92402496099845,,,,1.07883817427386,
03/31/2010,,124.2,126.6,,121.676,120.112,,1.28275862068966,,2.97082228116711,,1.93236714975845,
06/30/2010,,127.0,130.8,,126.049,116.597,,4.03288888888888,,4.42708333333333,,2.99212598425198,
09/30/2010,,128.5,132.4,,114.531,143.326,,3.64005722460658,,2.22585235299255,,3.03501945525292,
12/31/2010,,133.5,136.2,,154.808,166.528,,1.86452933151432,,1.34999999999999,,2.02247191011235,
03/31/2011,,129.0,128.8,,100.141,85.947,,-0.962861072902339,,1.25628010967279,,-0.155038759689914,
06/30/2011,,129.5,128.9,,142.781,163.797,,0.795755968169762,,1.2694704450608,,-0.463320463320459,
09/30/2011,,128.5,128.8,,131.4,139.446,,2.30603773584905,,0.0686745805945307,,0.233463035019464,
12/31/2011,,123.0,127.9,,122.839,133.739,,1.01006060606061,,,,3.98373983739838,
03/31/2012,,128.667,128.3,,118.677,121.931,,-0.509165687426561,,3.09873949579832,,-0.285232421677656,
06/30/2012,,129.4,127.0,,128.988,132.018,,-0.383103448275866,,0.899479412665378,,-1.854714064915,
09/30/2012,,124.2,124.8,,130.672,135.805,,-0.578034682080925,,2.5268817204301,,0.483091787439609,
12/31/2012,,125.0,126.6,,150.987,166.087,,1.21769406392694,,3.91420911528151,,1.28,
03/31/2013,,129.8,131.6,,119.632,115.864,,1.71975850713501,,4.44444444444444,,1.38674884437595,
06/30/2013,,130.167,132.7,,133.901,137.994,,1.57371244635193,,4.45696721311476,,1.94596172609032,
09/30/2013,,131.727,132.7,,132.122,140.196,,-0.0699161425576492,,2.97702742345003,,0.738648872288889,
12/31/2013,,132.889,133.7,,142.817,143.817,,0.447162022703822,,2.5,,0.610283770665727,
03/31/2014,,136.714,136.9,,132.856,145.278,,0.829154228855736,,2.67725374636492,,0.136050441066758,
06/30/2014,,137.222,136.0,,130.923,131.197,,-0.68159688412852,,0.855716434930096,,-0.890527757939695,
09/30/2014,,135.25,130.9,,132.412,131.448,,-3.3203125,,-2.40847784200385,,-3.21626617375231,
12/31/2014,,130.8,130.7,,146.748,138.752,,-0.0999000999000889,,1.35169137554476,,-0.0764525993883966,
03/31/2015,,135.556,133.6,,121.648,130.855,,-0.478468899521521,,0.48780487804878,,-1.44294608870136,
06/30/2015,,135.778,133.5,,127.11,134.226,,-1.31578947368421,,-1.62368672397326,,-1.67773866163885,
09/30/2015,,133.0,135.6,,145.386,137.158,,2.36966824644551,,3.47394540942928,,1.95488721804511,
12/31/2015,,132.6,131.1,,133.0,108.2,,-1.31578947368421,,-0.887573964497047,,-1.13122171945701,
03/31/2016,,131.625,135.4,,124.033,133.384,,3.48071495766699,,0.173482032218089,,2.86799620132954,
06/30/2016,,133.857,138.7,0.610997963340122,138.429,139.2966,,3.38517840805123,,-0.295566502463051,,3.61804014732139,
09/30/2016,,135.571,144.0,2.01550387596899,151.869,139.61,,5.35714285714284,,2.65486725663717,,6.21740637747011,
12/31/2016,,135.5,140.3,0.641857891264223,135.448,134.109,,2.83687943262412,,4.25902864259029,,3.54243542435425,
03/31/2017,,137.375,138.7,1.98019801980198,133.541,138.671,,0.788781770376853,,1.20541205412054,,0.964513193812549,
06/30/2017,,139.571,140.3,0.48780487804878,140.273,142.263,,1.88356164383562,,1.83990442054958,,0.522314807517331,
09/30/2017,,142.0,146.1,1.14233066002959,153.334,145.146,,2.75689223057643,,3.01278077725674,,2.88732394366197,
12/31/2017,,144.0,146.8,0.710103063233364,1027.0,141.6,,1.05949470252648,,0.696055684454756,,1.94444444444445,
03/31/2018,,169.875,172.2,-0.496863508342712,173.6,175.252,,1.44927536231883,,2.80373831775701,,1.36865342163355,
06/30/2018,,171.6,175.1,0.468164794007491,184.425,175.06,,1.27431254191817,,2.0814479638009,,2.03962703962704,
09/30/2018,,175.167,182.7,1.02611940298507,178.724,181.5,,3.92156862745098,,7.05183442528029,,4.30046755382006,
12/31/2018,,177.8,177.0,-0.551470588235294,164.717,177.022,,-0.191938579654504,,3.18385650224215,,-0.449943757030378,
03/31/2019,,177.0,184.7,1.13071008593397,185.345,186.844,,3.40479192938208,,0.884955752212389,,4.3502824858757,
06/30/2019,,183.6,186.882,0.414039139191223,186.566,186.882,,1.21212121212121,,-1.53787882048612,,1.78758169934641,
09/30/2019,,186.8,192.383,-0.0587610619469015,201.818,192.383,,2.06489675516224,,5.2468085106383,,2.98875802997859,
12/31/2019,,190.0,188.093,-0.0325181758096422,187.061,187.585,,-1.10529377545085,,-5.57671517671518,,-1.00368421052632,
03/31/2020,,190.25,188.744,-2.73537532355479,165.54,142.336,,1.34739308728763,,-16.148347107438,,-0.791590013140605,
06/30/2020,,164.667,173.048,2.17804205446397,173.048,169.264,,11.4864864864865,,5.24329711851717,,5.0896658103931,
09/30/2020,,186.667,,,,,,,,,,,
12/31/2020,,191.0,,,,,,,,,,,
