Date,Revenue,Consensus Estimate,Comparable Actual,Revenue Surprise %,GAAP Actual,Adjusted Actual,Earnings Per Share,EPS Surprise %,Pretax Income (Loss),Pretax Income (Loss) Surprise %,Net Income,Net Income Surprise %,Source: Bloomberg
03/31/1990,,,27.407,,27.857,27.857,,,,,,,
06/30/1990,,,27.712999,,27.863001,27.863001,,,,,,,
09/30/1990,,,2.118,,2.118,2.118,,,,,,,
12/31/1990,,,0.0,,27.372999,27.372999,,,,,,,
03/31/1991,,,25.58,,25.58,25.58,,,,,,,
06/30/1991,,,29.638,,29.638,29.638,,,,,,,
09/30/1991,,,30.066999,,30.066999,30.066999,,,,,,,
12/31/1991,,,0.0,,31.737,31.737,,,,,,,
03/31/1992,,,31.907,,36.962002,36.962002,,,,,,,
06/30/1992,,,33.634998,,39.214001,39.214001,,,,,,,
09/30/1992,,,34.902,,41.033001,41.033001,,,,,,,
12/31/1992,,,0.0,,43.837002,43.837002,,,,,,,
03/31/1993,,,54.548,,54.548,54.548,,,,,,,
06/30/1993,,,58.271,,58.271,58.271,,,,,,,
09/30/1993,,,60.735001,,60.735001,60.735001,,,,,,,
12/31/1993,,,0.0,,63.358002,63.358002,,,,,,,
03/31/1994,,,66.741997,,66.741997,66.741997,,,,,,,
06/30/1994,,,67.453003,,67.453003,67.453003,,,,,,,
09/30/1994,,,55.902,,55.902,55.902,,,,,,,
12/31/1994,,,0.0,,52.495998,52.495998,,,,,,,
03/31/1995,,,54.862,,54.862,54.862,,,,,,,
06/30/1995,,,58.160999,,58.160999,58.160999,,,,,,,
09/30/1995,,,65.936996,,65.936996,65.936996,,,,,,,
12/31/1995,,,0.0,,65.528999,65.528999,,,,,,,
03/31/1996,,,62.825001,,72.403999,72.403999,,,,,,,
06/30/1996,,,65.087997,,75.289001,75.289001,,,,,,,
09/30/1996,,,66.462997,,77.444,77.444,,,,,,,
12/31/1996,,,0.0,,79.132004,79.132004,,,,,,,
03/31/1997,,,77.179001,,77.179001,77.179001,,,,,,,
06/30/1997,,,83.602997,,83.602997,83.602997,,,,,,,
09/30/1997,,,83.184998,,41.231998,41.231998,,,,,,,
12/31/1997,,,90.649002,,90.649002,90.649002,,,,,,,
03/31/1998,,,89.486,,89.486,89.486,,,,,,,
06/30/1998,,,92.308998,,92.308998,92.308998,,,,,,,
09/30/1998,,,88.754997,,88.754997,88.754997,,,,,,,
12/31/1998,,,83.218002,,31.218,31.218,,,,,,,
03/31/1999,,,96.571999,,96.572,96.572,,,,,,,
06/30/1999,,,104.975998,,104.975998,104.975998,,,,,,,
09/30/1999,,,105.586998,,105.587,105.587,,,,,,,
12/31/1999,,,94.803001,,114.94,114.94,,,,,,,
03/31/2000,,,104.172997,,104.173,104.173,,,,,,,
06/30/2000,,,97.523003,,97.521,97.521,,,,,,,
09/30/2000,,,83.029999,,50.53,50.53,,6.10932475884245,,,,,
12/31/2000,,,76.220001,,76.22,76.22,,-2.9126213592233,,,,,
03/31/2001,,,49.794998,,67.865997,67.865997,,-24.5283018867925,,,,,
06/30/2001,,,59.314999,,2.377,2.377,,-13.6690647482015,,,,,
09/30/2001,,,67.306999,,42.629002,42.629002,,-6.24999999999999,,,,,
12/31/2001,,,66.716003,,65.649,65.649,,-4.59363957597172,,,,,
03/31/2002,,,68.613998,,93.141,93.141,,-1.96078431372549,,,,,
06/30/2002,,,73.011002,,73.011002,73.011002,,-10.7692307692308,,,,,
09/30/2002,,,75.647003,,88.015,88.015,,-5.88235294117648,,,,,
12/31/2002,,,73.105003,,74.394,74.394,,-11.1747851002865,,,,,
03/31/2003,,,90.980003,,91.73,91.73,,8.93854748603353,,,,,
06/30/2003,,,93.089996,,97.387001,97.387001,,13.2596685082873,,,,,
09/30/2003,,,95.711998,,90.882,90.882,,11.716621253406,,,,,
12/31/2003,,,93.004997,,93.261,93.261,,4.98687664041995,,,,,
03/31/2004,,,104.172997,,104.173,104.173,,13.0653266331658,,,,,
06/30/2004,,,110.126999,,110.127,110.127,,11.1111111111111,,,,,
09/30/2004,,,97.848999,,93.486,93.486,,-3.89016018306637,,,,,
12/31/2004,,,100.556999,,91.139,91.139,,-0.462962962962963,,,,,
03/31/2005,,98.6,92.819,,96.519,96.519,,-7.36342042755344,,,,-5.86308316430019,
06/30/2005,,99.2,106.050003,,106.425,106.425,,3.44827586206897,,,,6.90524495967742,
09/30/2005,,108.0,106.774002,,108.574,108.574,,0.656455142231948,,,,-1.13518333333334,
12/31/2005,,109.0,100.572998,,100.573,100.573,,-5.98290598290599,,,,-7.73119449541285,
03/31/2006,,105.0,105.106003,1.8217143939394,104.456,104.456,,0.446428571428572,,,,0.100955238095239,
06/30/2006,,105.0,111.804001,1.74346315680581,111.604,111.604,,2.44988864142539,,,,6.48000095238095,
09/30/2006,,110.0,111.746002,-1.23851722488039,157.446,157.446,,1.54525386313466,,,,1.58727454545455,
12/31/2006,,110.0,111.400002,-4.457890628707,87.715,87.715,,2.44988864142539,,,,1.27272909090909,
03/31/2007,,99.8,108.125999,-2.30587667407617,95.726,95.726,,1.14942528735632,,,,8.34268436873747,
06/30/2007,,98.067,85.460999,-1.89604431137724,80.521,80.521,,-4.76190476190477,,,,-12.8544780609175,
09/30/2007,,159.5,171.343994,-3.41100157232705,138.202,138.202,,8.54503464203233,,,,7.42570156739813,
12/31/2007,,-150.571,128.164993,-10.53507137119,-239.28,-239.28,,,,,,,
03/31/2008,,128.0,,,127.068,127.068,,,,,,,
06/30/2008,,108.143,107.169998,0.143271666133677,90.201,90.201,,18.421052631579,,,,-0.899736460057511,
09/30/2008,,100.588,114.108002,-4.01150112431787,62.972,62.972,,21.7391304347826,,,,13.4409691016821,
12/31/2008,,79.429,-418.989014,-29.1780005972847,,,,,,,,,
03/31/2009,,4.437,8.349,-2.60016891891892,-2492.0,-52.36885,,-64.7058823529412,,,,88.1676808654496,
06/30/2009,,-38.917,-186.585,5.99724612736662,-182.546,-224.2706,,-196.08938547486,,-755.737704918033,,-379.443430891384,
09/30/2009,,-133.614,-166.19,2.42816948030452,-195.413,-195.452,,-25.0,,-63.7162849872774,,-24.3806786713967,
12/31/2009,,-163.8,-419.773,-1.33811802232855,-398.976,-449.04952,,-138.970588235294,,-178.66265560166,,-156.271672771673,
03/31/2010,,-88.112,1.537,2.74279702168988,10.38,10.38,,73.5099337748344,,,,,
06/30/2010,,15.25,48.764,3.10120508282152,19.338,19.338,,,,60.6786065531342,,219.76393442623,
09/30/2010,,63.679,100.946,2.78633776091082,71.451,71.451,,69.4915254237288,,20.666531192847,,58.5232180153583,
12/31/2010,,85.327,39.146,1.77911316945162,39.146,39.146,,-39.7590361445783,,22.1628394421972,,-54.1223762701138,
03/31/2011,,105.92,137.45,-4.71172662953484,118.743,118.743,,28.2051282051282,,18.952258891381,,29.767749244713,
06/30/2011,,132.143,145.9,1.38440239963083,138.214,138.214,,8.10810810810812,,5.83533347089936,,10.4106914479011,
09/30/2011,,142.933,143.4,-0.0601051840721228,135.688,135.688,,-2.4390243902439,,-8.20745216515608,,0.326726508224142,
12/31/2011,,124.722,117.2,-1.12227142580949,119.155,110.47344,,-7.8014184397163,,,,-6.03101297285162,
03/31/2012,,124.611,161.165,6.71656187862005,145.221,136.52936,,27.6595744680851,,,,29.3344889295487,
06/30/2012,,137.813,152.7,0.953376517189015,144.722,143.045,,9.67741935483872,,,,10.8023190845566,
09/30/2012,,149.389,170.66,-1.70316613304874,159.784,160.9423,,12.4260355029586,,,,14.2386654974596,
12/31/2012,,147.529,167.3,4.62302643249956,159.306,159.4308,,15.1515151515151,,,,13.4014329386087,
03/31/2013,,137.824,151.8,-1.86772062144211,145.304,140.364,,7.59493670886077,,,,10.1404690039471,
06/30/2013,,140.941,142.684,-0.4650570638773,143.033,143.033,,5.59006211180125,,,,1.23668769201297,
09/30/2013,,145.471,161.667,-0.467016929363696,170.869,181.869,,5.88235294117646,,,,11.1334905238845,
12/31/2013,,143.059,162.8,0.0583941605839383,150.207,150.212,,9.19540229885058,,,,13.7992017279584,
03/31/2014,,143.333,163.1,2.12546125461254,141.179,160.60577,,11.7647058823529,,,,13.7909623045635,
06/30/2014,,147.692,164.6,3.13669064748201,156.656,159.776,,6.74157303370787,,,,11.4481488503101,
09/30/2014,,158.667,170.0,0.459738088604078,147.052,162.052,,5.82010582010582,,,,7.142632053294,
12/31/2014,,159.533,177.6,-1.06376198775801,155.651,169.651,,12.6623036649215,,7.67219802438784,,11.324929638382,
03/31/2015,,155.895,167.85,-1.00313277679981,157.889,159.889,,7.23631578947369,,-0.0627802690582898,,7.66862311170979,
06/30/2015,,169.0,190.238,6.19493111073312,188.238,189.238,,12.8339805825243,,,,12.5668639053254,
09/30/2015,,177.667,177.02978,-1.10655582376135,144.62,147.87,,0.645370370370373,,1.81606040383945,,-0.358659739850402,
12/31/2015,,176.095,183.4,2.35189091397467,170.337,175.02695,,5.78504672897196,,-2.16228896852426,,4.14832902694569,
03/31/2016,,164.955,167.316,-0.410904081435878,163.316,167.316,,4.4776119402985,,0.246439361242986,,1.43129944530326,
06/30/2016,,173.05,168.7,1.32181843696612,154.666,168.666,,0.478468899521531,,1.46556867392619,,-2.51372435712223,
09/30/2016,,186.063,215.467,11.3505107522095,108.467,215.183,,6.1260663507109,,17.2064586452837,,15.8032494370187,
12/31/2016,,246.412,256.399,2.87720364975582,220.098,255.776,,4.58108108108107,,7.17614002736823,,4.05296819960067,
03/31/2017,,238.944,260.216,0.782079549809664,189.0,235.0,,-3.6697247706422,,-0.642535371748409,,8.90250435248427,
06/30/2017,,257.222,305.0,0.74487895716946,253.0,253.0,,12.0689655172414,,8.70774009274645,,18.5746164791503,
09/30/2017,,282.45,295.0,0.00508654391141057,256.0,256.0,,-1.18577075098814,,-0.453295009224462,,4.44326429456541,
12/31/2017,,294.0,290.0,1.37113036941735,413.0,290.0,,-0.763358778625955,,0.945011919841827,,-1.36054421768707,
03/31/2018,,314.842,314.0,-0.998185117967332,314.0,314.0,,0.0,,-3.06344686240296,,-0.267435729667574,
06/30/2018,,330.842,334.0,-0.446884835507687,334.0,334.0,,2.73972602739726,,-1.72013616054923,,0.954534188525041,
09/30/2018,,349.824,360.0,-0.48272787900358,360.0,360.0,,4.10094637223975,,-0.289613350314319,,2.90889132821075,
12/31/2018,,339.063,315.0,0.657889642819344,315.0,315.0,,-8.80503144654089,,-8.58206337998532,,-7.09691119349501,
03/31/2019,,339.8,339.0,-1.01442964738547,339.0,339.0,,1.26582278481013,,-0.9959199031124,,-0.23543260741613,
06/30/2019,,342.25,346.0,-0.115801663332982,346.0,346.0,,3.125,,0.665761382067824,,1.09569028487947,
09/30/2019,,351.643,354.0,1.33976630435709,354.0,354.0,,2.40963855421687,,-0.636694710205446,,0.67028207585535,
12/31/2019,,336.5,298.0,-1.03621407969234,298.0,298.0,,-10.828025477707,,-10.0182140550582,,-11.4413075780089,
03/31/2020,,274.778,30.0,0.859265148285782,30.0,30.0,,-86.784140969163,,-84.2960147075945,,-89.0820953642577,
06/30/2020,,69.921,131.0,3.71124964604044,131.0,131.0,,182.608695652174,,210.409878237009,,87.3542998526909,
