Date,Basic Shares Outstanding,Diluted Weighted Avg Shares,Basic Weighted Avg Shares,Per Share Data Items,Revenue,EBITDA,Operating Income,Net Income to Common - Basic,Net Income before XO - Basic,Normalized Net Income - Basic,Net Income to Common - Diluted,Net Income before XO - Diluted,Normalized Net Income - Diluted,Dividends,Cash Flow,Free Cash Flow,Cash & Equivalents,Book Value,Tangible Book Value,Source: Bloomberg
12/31/1989,,276.59198,276.59198,,0.729005,,,0.034375,0.034375,,0.034375,0.034375,0.034375,,,,,,,
04/01/1990,284.735992,284.191986,284.191986,,0.765556,0.102072,0.08622,0.0425,0.0425,,0.0425,0.0425,0.0425,,-0.025353,,0.096163,0.603903,,
07/01/1990,284.735992,284.735992,284.735992,,0.876918,0.131926,0.112385,0.054375,0.056875,,0.054375,0.056875,0.056875,,0.106193,,0.10646,0.659397,,
09/30/1990,284.735992,284.735992,284.735992,,0.713212,0.070792,0.047778,0.0225,0.025,,0.0225,0.025,0.025,0.000312,0.013469,,0.068492,0.683833,,
12/31/1990,284.32,284.767968,284.767968,,0.682198,0.066991,0.046592,0.01375,0.010625,0.010625,0.01375,0.010625,0.010625,,0.068961,,0.049244,0.699124,,
03/31/1991,285.104004,284.976013,284.976013,,0.688483,0.055949,0.034494,0.015625,0.015625,,0.015625,0.015625,0.015625,,-0.039986,,0.042472,0.709068,,
06/30/1991,284.656006,290.287994,290.287994,,0.914003,0.122306,0.101754,0.05625,0.05625,,0.05625,0.05625,0.05625,,0.081536,,0.077922,0.767713,,
09/29/1991,284.799988,291.519989,291.519989,,0.825419,0.073446,0.055801,0.030625,0.030625,,0.030625,0.030625,0.030625,,0.054449,,0.104368,0.804617,,
12/31/1991,284.736,271.776,271.776,,0.874661,0.067662,0.04787,0.026875,0.026875,0.026875,0.026875,0.026875,0.026875,,0.080577,,0.108588,0.835862,,
03/29/1992,285.984009,289.455994,289.455994,,0.854783,0.082538,0.057732,0.03,0.03,,0.03,0.03,0.03,,0.000494,,0.096397,0.873881,,
06/28/1992,286.054962,290.368011,290.368011,,0.943454,0.133224,0.108986,0.06,0.06125,,0.06,0.06125,0.06125,,0.088894,,0.089944,0.943535,,
09/27/1992,287.623993,290.488007,290.488007,,0.935495,0.104132,0.082623,0.045,0.045,,0.045,0.045,0.045,,0.050267,,0.062258,0.987317,,
12/31/1992,303.081632,322.6,284.2,,1.098392,0.118871,0.0874,0.05125,0.05125,0.05125,0.045,0.045,0.045,,0.166636,,0.145578,1.106567,,
03/28/1993,303.542542,303.208008,303.208008,,0.889109,0.1122,0.083012,-0.05,0.05,,-0.05,0.05,0.05,,-0.009759,,0.090225,1.058211,,
06/27/1993,303.440002,303.623993,303.623993,,1.10129,0.160778,0.131956,0.07875,0.07875,,0.07875,0.07875,0.07875,,0.140236,,0.182998,1.130942,,
09/26/1993,303.720001,303.743988,303.743988,,0.936236,0.119271,0.091706,0.05375,0.05375,,0.05375,0.05375,0.05375,0.0075,0.032366,,0.164085,1.193612,,
12/31/1993,303.967984,305.424,305.424,,1.077482,0.134364,0.110469,-0.12125,-0.12125,-0.12125,-0.12125,-0.12125,-0.12125,0.0075,0.152971,,0.255649,1.068902,,
03/31/1994,304.76001,,,,,,,0.03375,0.03375,,0.03375,0.03375,0.03375,0.0075,,,0.126634,1.136068,,
06/26/1994,304.928009,,,,,,,0.0575,0.045,,0.0575,0.045,0.045,0.0075,,,0.320535,1.248095,,
09/25/1994,305.179993,,,,,,,0.0775,0.075,,0.0775,0.075,0.075,0.01,,,0.207396,1.318029,,
12/31/1994,305.28,304.792,304.792,,1.354015,0.166937,0.133813,0.0825,0.0825,0.0825,0.0825,0.0825,0.0825,0.01,0.113349,,0.18961,1.41913,,
03/26/1995,298.996002,304.23999,304.23999,,0.969255,0.159742,0.126893,0.0775,0.0775,0.0775,0.0775,0.0775,0.0775,0.01,-0.044061,-0.090136,0.064533,1.392336,,
06/25/1995,299.096008,299.003998,299.003998,,1.189385,0.213161,0.175255,0.1125,0.1125,0.1125,0.1125,0.1125,0.1125,0.01,0.222509,0.154108,0.215967,1.495831,,
09/24/1995,309.079987,299.104004,299.104004,,1.0936,0.153311,0.127879,0.08,0.08,0.08,0.08,0.08,0.08,0.0125,0.121566,0.015369,0.15464,1.508593,,
12/31/1995,299.540008,299.200012,299.200012,,1.246323,0.195251,0.160267,0.105,0.1,0.1,0.105,0.1,0.1,0.0125,0.286865,0.154713,0.105034,1.651095,,
03/31/1996,301.951996,300.451996,299.944,,1.237068,0.220531,0.180117,0.11,0.11,0.11,0.11,0.11,0.11,0.0125,0.051746,-0.014546,0.131071,1.767059,,
06/30/1996,302.20401,301.899994,301.899994,,1.301106,0.247317,0.202448,0.13,0.13,0.13,0.13,0.13,0.13,0.0125,0.250977,0.159364,0.31857,1.896123,,
09/29/1996,302.496002,302.220001,301.855988,,1.278235,0.208623,0.162919,0.11,0.11,0.11,0.11,0.11,0.11,0.015,0.157635,0.035537,0.377017,1.995405,,
12/31/1996,302.675996,318.836,301.772,,1.264296,0.239058,0.186641,0.1975,0.1225,0.1225,0.1875,0.1175,0.1175,0.015,0.296267,-0.016463,0.470731,2.189536,,
03/30/1997,303.019989,306.660004,302.515991,,1.41181,0.262065,0.20709,0.135,0.135,0.135,0.13,0.13,0.13,0.015,0.037297,-0.044103,0.374721,2.295845,2.162689,
06/29/1997,303.556,307.208008,302.812012,,1.466537,0.287911,0.232633,0.16,0.16,0.16,0.16,0.16,0.16,0.0175,0.295011,0.12443,0.475939,2.4435,2.312384,
09/28/1997,304.59201,308.355988,303.584015,,1.463259,0.260844,0.201766,0.135,0.135,0.135,0.135,0.135,0.135,0.0175,0.475078,0.354495,0.345922,2.58755,2.458676,
12/31/1997,304.649994,308.962,304.3,,1.469494,0.270049,0.208028,0.145,0.145,0.145,0.14,0.14,0.14,0.0175,0.213253,-0.027578,0.484037,2.713501,2.56473,
03/29/1998,304.011993,308.402008,303.667999,,1.536306,0.295951,0.233172,0.145,0.145,0.145,0.145,0.145,0.145,0.0175,0.119334,0.048382,0.313264,2.821172,2.669733,
06/28/1998,305.332001,309.089996,303.859985,,1.701981,0.336362,0.266188,0.18,0.18,0.18,0.18,0.18,0.18,0.02,0.42927,0.272655,0.505925,2.987319,2.83888,
09/27/1998,305.614014,309.806,304.868011,,1.696465,0.324331,0.251059,0.17,0.17,0.17,0.17,0.17,0.17,0.02,0.151177,0.015134,0.399674,3.171163,3.024403,
12/31/1998,305.864014,310.10199,305.350006,,1.844005,0.35982,0.278939,0.2,0.2,0.2,0.195,0.195,0.195,0.02,0.34484,0.108521,0.540011,3.367219,3.199834,
03/28/1999,306.794,311.372,306.092,,1.824834,0.375737,0.2897,0.195,0.195,0.195,0.19,0.19,0.19,0.02,0.21899,0.134721,0.473406,3.561928,3.397628,
06/27/1999,304.8,311.212,306.162,,1.988215,0.405315,0.318511,0.225,0.225,0.225,0.22,0.22,0.22,0.0225,0.470823,0.376118,0.688924,3.620187,3.452267,
09/26/1999,302.64,309.208,304.392,,2.047337,0.405448,0.308428,0.215,0.215,0.215,0.21,0.21,0.21,0.0225,0.397198,0.270303,0.541346,3.643081,3.476652,
12/31/1999,302.722,307.244,302.528,,2.189758,0.461045,0.357322,0.245,0.245,0.245,0.24,0.24,0.24,0.0225,0.32909,0.089869,0.605886,3.835466,3.652434,
03/26/2000,303.593994,307.712006,302.89801,,2.248655,0.468739,0.361954,0.26,0.26,0.24,0.26,0.26,0.24,0.023,0.384083,0.309504,0.688406,4.092261,3.96215,
06/25/2000,302.563,308.104,303.337,,2.488892,0.520771,0.411981,0.3,0.3,0.3,0.29,0.29,0.29,0.025,0.648965,0.526563,0.984645,4.214084,4.085734,
09/24/2000,303.038,307.612,302.674,,2.359367,0.487895,0.37803,0.27,0.27,0.27,0.27,0.27,0.27,0.025,0.331667,0.185817,1.355556,4.461374,4.335427,
12/31/2000,302.071,307.158,302.56,,2.499207,0.540455,0.425602,0.31,0.31,0.31,0.31,0.31,0.31,0.025,0.502079,0.172402,1.389528,4.653393,4.473531,
03/25/2001,302.42,306.063,301.922,,2.682398,0.574178,0.456187,0.3,0.3,0.3,0.3,0.3,0.3,0.025,0.377614,0.286312,1.320478,4.938929,4.766057,
06/24/2001,303.99,306.569,302.621,,3.021367,0.694919,0.572036,0.38,0.38,0.38,0.38,0.38,0.38,0.03,0.803963,0.590805,1.79827,5.364301,5.196256,
09/23/2001,302.733,306.818,303.108,,2.999512,0.689959,0.558237,0.37,0.37,0.37,0.36,0.36,0.36,0.03,0.820295,0.578315,1.855678,5.449614,5.281321,
12/31/2001,302.79,305.512,302.343,,2.996223,0.773165,0.639793,0.39,0.39,0.39,0.39,0.39,0.39,0.03,0.498983,0.085668,2.098646,5.800334,5.636157,
03/31/2002,302.475,305.618,302.475,,3.06751,0.701456,0.560615,0.4,0.4,0.4,0.39,0.39,0.39,0.03,0.558344,0.381939,1.916615,6.106366,5.943113,
06/30/2002,302.313,305.194,302.209,,3.312588,0.741838,0.593222,0.48,0.48,0.48,0.47,0.47,0.47,0.035,0.815495,0.586836,2.405768,6.511248,6.341285,
09/29/2002,302.651,304.783,302.109,,3.758574,0.873681,0.727535,0.55,0.55,0.55,0.54,0.54,0.54,0.035,1.01183,0.812588,2.799773,7.031716,6.863172,
12/31/2002,302.6621,305.037,302.395,,3.394673,0.839772,0.693897,0.5,0.5,0.5,0.49,0.49,0.49,0.035,0.180628,-0.286351,2.629097,7.377584,7.212614,
03/30/2003,302.342,304.56,302.364,,3.683279,0.929439,0.777712,0.62,0.62,0.62,0.61,0.61,0.61,0.035,0.966044,0.827813,2.945952,7.929484,7.762583,
06/29/2003,302.661,304.339,302.164,,4.033809,1.032403,0.868965,0.67,0.67,0.67,0.66,0.66,0.66,0.04,1.051638,0.916436,3.938823,8.394719,8.224201,
09/28/2003,302.313,304.58,302.313,,3.749892,0.957309,0.789268,0.63,0.63,0.63,0.62,0.62,0.62,0.04,0.835115,0.697042,4.600652,9.054477,8.883253,
12/31/2003,301.511,304.404,302.244,,3.831573,0.990567,0.822309,0.6,0.6,0.6,0.6,0.6,0.6,0.08,-0.660652,-1.000907,4.386772,9.809566,9.631536,
03/28/2004,295.146,299.932,297.832,,3.913951,1.052792,0.881732,0.69,0.69,0.69,0.68,0.68,0.68,0.08,0.541218,0.437166,3.736073,9.375699,9.196381,
06/27/2004,295.083,296.396,294.304,,4.511695,1.304665,1.121463,0.84,0.84,0.84,0.83,0.83,0.83,0.1,1.698142,1.585283,4.449609,9.977261,9.783786,
09/26/2004,293.798,295.824,294.031,,4.423629,1.221439,1.03132,0.78,0.78,0.78,0.77,0.77,0.77,0.1,0.959154,0.803834,5.201996,10.52677,10.33185,
12/31/2004,294.310791,295.410004,294.01001,,4.15292,1.123567,0.942121,0.71,0.71,0.71,0.71,0.71,0.71,0.125,-0.376739,-0.729366,5.477434,10.93562,10.733602,
03/27/2005,284.663248,294.161,293.148,,4.517431,1.359269,1.177364,0.78,0.78,0.78,0.77,0.77,0.77,0.125,0.94615,0.813026,4.863736,11.490198,11.284913,
06/26/2005,274.412445,281.181,280.576996,,4.751865,1.48447,1.295042,0.85,0.85,0.85,0.84,0.84,0.84,0.16,2.614883,2.485133,2.68181,9.599725,9.39199,
09/25/2005,274.617096,275.459991,274.415009,,5.512071,1.691456,1.497229,0.97,0.97,0.97,0.96,0.96,0.96,0.16,1.463306,1.293133,3.706371,10.422199,10.214969,
12/31/2005,274.001648,273.338013,273.071991,,5.506596,1.452291,1.284086,0.84,0.84,0.84,0.84,0.84,0.84,0.18,-0.821355,-1.100626,3.818123,11.253965,11.047532,
03/26/2006,268.647706,273.623,272.966,,5.059205,1.51454,1.315864,0.86,0.86,0.86,0.86,0.86,0.86,0.18,1.337899,1.205952,4.13887,11.779695,11.567923,
06/25/2006,262.219177,268.130005,267.487,,5.148089,1.601046,1.399971,0.91,0.91,0.91,0.91,0.91,0.91,0.21,1.733101,1.534561,3.83067,11.318139,11.098143,
09/24/2006,259.134369,261.229004,260.269989,,6.659469,2.077427,1.859557,1.2,1.2,1.2,1.2,1.2,1.2,0.21,1.747405,1.561659,3.676402,10.984151,10.759746,
12/31/2006,258.1,259.158,258.138,,6.563462,1.66017,1.470167,0.97,0.97,0.97,0.96,0.96,0.96,0.21,-2.021399,-2.339578,3.473576,10.680887,10.453069,
04/01/2007,257.53302,258.15799,257.325989,,5.005472,1.324685,1.12469,0.75,0.75,0.75,0.74,0.74,0.74,0.21,2.019322,1.860865,3.60541,11.010188,10.780956,
07/01/2007,257.53302,254.016998,253.154999,,6.400103,1.972614,1.757943,1.15,1.15,1.15,1.14,1.14,1.14,0.25,2.144263,1.965555,2.809081,10.320401,10.08986,
09/30/2007,241.462494,247.613998,247.057007,,6.637626,1.832043,1.641168,1.07,1.07,1.07,1.07,1.07,1.07,0.3,1.237779,1.02155,1.891557,9.786211,9.535576,
12/31/2007,238.5,239.845,239.39,,6.662417,1.407164,1.193262,0.78,0.78,0.78,0.78,0.78,0.78,0.3,-2.381516,-2.810422,1.699493,9.96013,9.702683,
03/30/2008,236.555729,237.25,237.078,,5.903551,1.437396,1.227668,0.79,0.79,0.79,0.79,0.79,0.79,0.3,0.619113,0.43673,1.408391,10.278445,10.01126,
06/29/2008,235.325006,235.314,235.067,,7.144384,1.696367,1.471338,0.95,0.95,0.95,0.95,0.95,0.95,0.33,-0.790387,-1.03014,3.416229,10.763144,10.494992,
09/28/2008,232.823711,233.42,233.081,,6.584835,1.442983,1.149823,0.71,0.71,0.78,0.71,0.71,0.78,0.33,-0.781728,-1.013793,2.168632,10.73928,10.117874,
12/31/2008,232.763847,232.037,231.786,,5.793784,0.807292,0.592413,0.34,0.4,0.4,0.34,0.4,0.4,0.33,-1.668811,-1.993559,2.444082,9.089053,8.830718,
03/29/2009,234.453976,232.65,232.263,,5.954883,1.279524,1.042861,0.51,0.55,0.817686,0.5,0.55,0.815916,0.1,-0.977452,-1.0636,3.77312,9.52346,9.271615,
06/28/2009,234.57214,233.52,232.616,,5.415367,0.655892,0.359765,0.08,0.14,0.349809,0.08,0.14,0.345525,0.1,0.269195,0.144079,4.362841,9.603796,9.467838,
09/27/2009,234.443032,233.875,232.677,,5.352734,0.696601,0.425951,0.11,0.24,0.490861,0.11,0.24,0.487274,0.1,2.90299,2.729797,6.478329,9.767712,9.629094,
12/31/2009,234.313695,232.72,232.72,,3.840027,-0.441006,-0.983706,-0.94,-0.63,-0.2907,-0.94,-0.63,-0.2907,0.1,0.114558,-0.002909,7.127701,8.99699,8.862982,
03/28/2010,235.451951,234.228,232.864,,5.184022,0.945535,0.65613,0.14,0.3,0.429841,0.14,0.29,0.423858,0.1,0.803555,0.741038,6.295187,8.865499,8.738857,
06/27/2010,235.49,234.853,233.314,,5.609633,1.234217,0.937586,0.3,0.6,0.68092,0.3,0.59,0.673377,0.1,2.215388,2.08168,6.37577,9.074712,8.955344,
09/26/2010,235.53566,234.786,233.504,,5.395882,0.922464,0.652537,0.38,0.4,0.589182,0.38,0.4,0.586806,0.1,1.699551,1.563344,6.578749,9.297743,9.170408,
12/31/2010,235.520869,233.535,233.535,,4.639125,0.768557,0.157236,-0.2,-0.18,0.106283,-0.2,-0.18,0.106283,0.1,-0.036427,-0.435879,4.933962,9.370151,9.244514,
03/27/2011,236.27214,235.903,233.82,,5.238773,1.09175,0.825408,0.51,0.51,0.573986,0.51,0.51,0.573371,0.1,-0.44882,-0.567304,4.434395,9.904883,9.77373,
06/26/2011,236.411743,236.168,234.336,,6.42495,1.571346,1.28833,0.81,0.81,0.830505,0.81,0.81,0.827094,0.125,2.465989,2.288624,5.152168,10.707573,10.575786,
09/25/2011,232.37053,235.861,233.8,,5.976287,1.219346,1.038015,0.79,0.79,0.843922,0.78,0.78,0.838149,0.125,1.833191,1.675586,6.920146,11.194449,11.065327,
12/31/2011,230.540531,231.968,229.827,,5.151396,0.87116,0.401955,0.46,0.24,0.291413,0.46,0.24,0.291413,0.125,-0.070536,-0.431329,7.288653,10.49818,10.372037,
04/01/2012,231.519008,231.284,228.988,,6.243519,1.391606,1.202936,0.75,0.75,0.783788,0.74,0.74,0.772182,0.155,-0.321484,-0.429263,6.095754,11.120724,10.992268,
07/01/2012,227.900158,230.923,228.838,,7.558447,1.89788,1.710874,1.08,1.08,1.098126,1.07,1.07,1.087508,0.155,1.581285,1.426599,5.297688,11.699803,11.574292,
09/30/2012,226.257911,227.989,226.02,,5.531789,1.402469,0.960543,0.59,0.59,0.619244,0.59,0.59,0.616144,0.155,1.877073,1.721109,8.536793,11.948148,11.820294,
12/31/2012,226.100094,226.726,224.635,,5.212278,0.791471,0.516852,0.31,0.31,0.319189,0.31,0.31,0.314685,0.155,0.39602,-0.020981,5.324067,11.31191,11.181305,
03/31/2013,224.138,226.148,224.429,,7.000936,1.742894,1.551965,1.0,1.0,1.007172,0.99,0.99,0.998444,0.21,-0.4834,-0.58259,5.148636,11.854518,11.725754,
06/30/2013,223.065152,224.47,223.052,,8.044344,2.117789,1.935966,1.22,1.22,1.217257,1.21,1.21,1.208987,0.21,2.233407,2.034674,6.430054,12.647601,12.516774,
09/29/2013,221.107879,223.486,221.936,,6.054529,1.596582,1.133385,0.73,0.73,0.735058,0.73,0.73,0.731879,0.21,1.961944,1.758728,5.210981,13.033669,12.897804,
12/31/2013,219.959255,222.241,220.546,,5.398574,0.85734,0.553336,0.34,0.34,0.340688,0.34,0.34,0.338777,0.21,0.689153,0.251009,5.299259,13.682016,13.543572,
03/30/2014,218.365592,220.493,218.986,,7.882002,2.074471,1.876293,1.21,1.21,1.21,1.21,1.21,1.21,0.275,0.929676,0.81149,4.711182,14.470389,14.331049,
06/29/2014,217.464154,219.161,217.762,,9.187549,2.715901,2.515108,1.63,1.63,1.629748,1.62,1.62,1.623396,0.275,1.685354,1.461981,4.861307,15.479609,15.340496,
09/28/2014,214.268152,216.893,215.572,,6.037908,1.567773,1.039435,0.7,0.7,0.7,0.69,0.69,0.69,0.275,1.838254,1.625828,4.841807,15.328284,15.194629,
12/31/2014,211.876813,214.439,213.064,,5.632847,0.802782,0.461519,0.35,0.35,0.35,0.35,0.35,0.35,0.275,0.84392,0.318242,4.549837,13.731026,13.600044,
03/29/2015,208.135149,211.788,210.629,,7.942615,2.165637,1.947111,1.28,1.28,1.28,1.27,1.27,1.27,0.31,0.82942,0.648681,5.89013,14.10545,13.9823,
06/28/2015,205.966792,208.59,207.65,,8.785899,2.479884,2.227383,1.44,1.44,1.44,1.44,1.44,1.44,0.31,2.115309,1.888432,6.312158,14.680167,14.553424,
09/27/2015,191.860127,204.58,203.598,,6.470741,1.297753,1.060109,0.69,0.69,0.699869,0.69,0.69,0.699869,0.31,1.999101,1.734491,7.379918,13.341349,12.957591,
12/31/2015,184.733738,190.621,189.681,,6.224319,0.649907,0.354411,0.22,0.22,0.22,0.22,0.22,0.22,0.31,0.417338,-0.220154,4.154092,9.958408,9.573335,
03/27/2016,181.090078,184.204,183.429,,9.540302,2.392506,2.119774,1.37,1.37,1.37,1.36,1.36,1.36,0.35,0.224234,0.011558,4.081588,10.452367,10.150943,
06/26/2016,178.797243,181.339,180.587,,10.305709,2.565251,2.283232,1.55,1.55,1.55,1.55,1.55,1.55,0.35,2.298942,1.919512,4.864393,11.303345,10.916746,
09/25/2016,176.773435,179.32,178.438,,7.144291,1.666853,0.999653,0.64,0.64,0.64,0.64,0.64,0.64,0.35,2.642481,2.333158,4.499104,11.270743,10.889894,
12/31/2016,175.947709,177.642,176.616,,6.288219,0.704353,0.393,0.27,0.27,0.27,0.27,0.27,0.27,0.35,1.395853,0.866247,4.350742,10.913231,10.549839,
03/26/2017,175.038246,177.07,176.001,,8.533656,1.955,1.64307,1.06,1.06,1.06,1.05,1.05,1.05,0.365,0.908739,0.772564,4.825825,11.38842,11.080104,
06/25/2017,170.594597,175.324,174.409,,10.12086,2.591409,2.289372,1.48,1.48,1.48,1.48,1.48,1.48,0.365,2.678354,2.415472,5.794298,11.994325,11.674092,
09/24/2017,168.295171,170.688,169.85,,6.777716,0.887889,0.555855,0.4,0.4,0.4,0.4,0.4,0.4,0.365,1.895832,1.635567,4.059142,11.033115,10.700973,
12/31/2017,168.090816,168.819,167.894,,7.319666,1.431409,0.590849,0.049519,0.049519,0.479612,0.049248,0.049248,0.476984,0.365,0.33346,-0.216124,4.090176,10.971908,10.597962,
04/01/2018,166.436632,169.174,168.139,,9.171703,1.777636,1.406081,1.04,1.04,1.25281,1.03,1.03,1.242109,0.37,1.139498,0.970376,4.527351,11.992246,11.652633,
07/01/2018,166.554483,167.204,166.589,,10.28413,2.350305,1.944588,1.45,1.45,1.521811,1.45,1.45,1.516858,0.37,3.267112,3.021856,5.876449,12.977891,12.644961,
09/30/2018,162.83275,166.664,165.927,,7.929204,1.300668,0.900492,0.69,0.69,0.782217,0.68,0.68,0.775618,0.37,1.758894,1.45423,5.754389,13.221984,12.882261,
12/31/2018,159.657947,163.014,162.073,,7.070036,0.946857,0.023095,0.0,0.0,0.172749,0.0,0.0,0.168715,0.37,0.514373,-0.063582,7.602334,11.110935,10.72858,
03/31/2019,159.072779,160.026,159.311,,8.689795,1.485673,1.048967,0.8,0.8,0.98469,0.8,0.8,0.980764,0.375,0.205077,-0.01622,4.775192,11.300557,10.897402,
06/30/2019,156.73169,159.425,158.813,,10.280134,2.02547,1.613577,1.23,1.23,1.464666,1.23,1.23,1.46194,0.375,2.918911,2.616832,5.899496,12.190521,11.779315,
09/29/2019,154.292388,156.944,156.239,,8.144695,1.119228,0.767056,0.55,0.55,0.701924,0.55,0.55,0.697218,0.375,2.255628,2.012846,5.589265,11.900905,11.487877,
12/31/2019,152.468442,154.913,153.947,,6.965196,0.98897,0.080515,0.09,0.09,0.199952,0.09,0.09,0.199952,0.375,0.127466,-0.264091,5.469119,11.83195,11.341639,
03/29/2020,153.17327,153.744,153.004,,8.485033,1.047946,0.702681,0.46,0.46,0.516235,0.45,0.45,0.510432,0.38,-0.05609,-0.2713,9.56473,11.046203,10.627964,
06/28/2020,153.241253,153.199,153.199,,5.647733,-0.410394,-0.757831,-0.6,-0.6,-0.351575,-0.6,-0.6,-0.351575,0.02,4.039093,3.81652,25.166833,10.595743,10.176848,
09/30/2020,,,,,,,,0.306,0.306,0.351,0.306,0.306,0.351,0.02,0.49,,,10.615,,
12/31/2020,,,,,,,,0.051,0.051,0.071,0.051,0.051,0.071,0.02,0.46,,,10.65,,
