Date,Basic Shares Outstanding,Diluted Weighted Avg Shares,Basic Weighted Avg Shares,Per Share Data Items,Revenue,EBITDA,Operating Income,Net Income to Common - Basic,Net Income before XO - Basic,Normalized Net Income - Basic,Net Income to Common - Diluted,Net Income before XO - Diluted,Normalized Net Income - Diluted,Dividends,Cash Flow,Free Cash Flow,Cash & Equivalents,Book Value,Tangible Book Value,Source: Bloomberg
07/31/1989,420.743988,420.144012,420.144012,,0.286809,0.013167,-0.002923,-0.01,-0.01,,-0.01,-0.01,-0.01,0.0325,0.386905,,0.411457,1.021443,,
10/31/1989,430.552002,426.679993,426.679993,,0.318133,0.021981,0.005496,0.0,0.0,0.0,0.0,0.0,0.0,0.04,-0.007387,,0.390924,1.037687,,
01/31/1990,422.167999,423.496002,423.496002,,0.351208,0.009067,-0.0077,-0.01,-0.01,,-0.01,-0.01,-0.01,0.04,-0.252087,,0.132736,0.920785,,
04/30/1990,422.511993,422.339996,422.339996,,1.261588,0.450287,0.43057,0.30875,0.30875,,0.30875,0.30875,0.30875,0.04,0.153241,,0.567518,1.191322,,
07/31/1990,423.376008,422.976016,422.976016,,0.303126,0.012062,-0.007338,-0.0125,-0.0125,,-0.0125,-0.0125,-0.0125,0.04,0.514216,,0.466982,1.149543,,
10/31/1990,424.28,423.328,423.328,,0.358797,0.016571,-0.001658,-0.00625,-0.00625,-0.00625,-0.00625,-0.00625,-0.00625,0.04875,-0.051856,,0.289917,1.084423,,
01/31/1991,425.504,425.079984,425.079984,,0.398059,0.01722,-0.004446,-0.015,-0.015,-0.015,-0.015,-0.015,-0.015,0.04875,-0.286254,,0.107646,1.027619,,
04/30/1991,425.951992,425.728,425.728,,1.437378,0.508207,0.489721,0.36125,0.36125,0.36125,0.36125,0.36125,0.36125,0.04875,0.282798,,0.535786,1.346605,,
07/31/1991,427.023984,426.544008,426.544008,,0.38539,0.015297,-0.005908,-0.0125,-0.0125,-0.0125,-0.0125,-0.0125,-0.0125,0.04875,0.476785,,0.428929,1.288047,,
10/31/1991,435.424012,426.600008,426.600008,,0.22026,-0.025293,-0.047548,-0.01,-0.015,-0.0015,-0.01,-0.015,-0.015,0.54,-0.058819,,0.376706,1.311122,,
01/31/1992,426.324004,437.399992,437.399992,,0.530931,0.047826,0.017195,0.0125,0.0125,0.0125,0.0125,0.0125,0.0125,0.05475,-0.223205,,0.133321,1.275225,,
04/30/1992,426.392,450.651976,450.651976,,1.632785,0.59508,0.567731,0.38,0.4,0.4,0.38,0.4,0.4,0.055,0.585749,,0.643352,1.439316,,
07/31/1992,423.724,424.911988,424.911988,,0.404517,0.031042,0.001767,-0.0175,-0.0175,-0.0175,-0.0175,-0.0175,-0.0175,0.055,0.180171,,0.426214,1.322767,,
10/31/1992,428.608,426.600008,426.600008,,0.475959,-0.025563,-0.049897,-0.01,-0.01,-0.01,-0.01,-0.01,-0.01,0.0625,-0.06195,,0.348195,1.292923,,
01/31/1993,426.588012,429.787996,429.787996,,0.395211,0.084249,0.045122,0.02,0.0125,0.0125,0.02,0.0125,0.0125,0.0625,-0.772278,,0.130923,1.214026,,
04/30/1993,425.424012,430.575988,430.575988,,1.229697,0.678389,0.643408,0.4275,0.4225,0.4225,0.4275,0.4225,0.4225,0.0625,1.454568,,0.786895,1.529035,,
07/31/1993,421.115996,423.592012,423.592012,,0.232918,0.043594,0.008957,-0.0125,-0.02,-0.02,-0.0125,-0.02,-0.02,0.0625,-0.021228,,0.454499,1.37241,,
10/31/1993,424.764008,422.708008,422.708008,,0.299524,0.059909,0.033326,-0.0025,-0.0025,-0.0025,-0.0025,-0.0025,-0.0025,0.07,-0.030387,,0.351725,1.33855,,
01/31/1994,424.324004,427.567992,427.567992,,0.522345,0.11078,0.062526,0.03,-0.0425,-0.0425,0.03,-0.0425,-0.0425,0.07,-0.706472,,0.218757,1.279268,,
04/30/1994,424.596008,428.652008,428.652008,,1.788679,0.526768,0.502095,0.4525,0.4525,0.4525,0.4525,0.4525,0.4525,0.07,1.426978,,1.211472,1.667173,,
07/31/1994,417.140016,420.503996,420.503996,,0.325576,0.078515,0.042518,-0.0075,-0.0075,-0.0075,-0.0075,-0.0075,-0.0075,0.07,-0.217147,,0.890893,1.484502,,
10/31/1994,422.384004,420.0,420.0,,0.397252,0.105838,0.066924,-0.0025,-0.0025,-0.0025,-0.0025,-0.0025,-0.0025,0.078125,-0.105455,,0.741304,1.457581,,
01/31/1995,418.988008,422.631988,422.631988,,0.618645,0.169848,0.127534,0.02,0.02,0.02,0.02,0.02,0.02,0.078125,-0.154375,,0.405138,1.338174,,
04/30/1995,419.451996,426.338012,426.338012,,0.509786,0.150946,0.107975,0.2425,0.22,0.22,0.2425,0.22,0.22,0.07825,0.762796,,0.842735,1.635136,,
07/31/1995,417.951996,428.411988,428.411988,,0.468572,0.170635,0.106297,0.0125,0.0125,0.0125,0.0125,0.0125,0.0125,0.078125,-0.245623,,0.494172,1.583892,,
10/31/1995,415.648012,415.799988,415.799988,,0.529211,0.135981,0.082475,-0.02,-0.02,-0.02,-0.02,-0.02,-0.02,0.08,-0.046616,,0.166497,1.367539,,
01/31/1996,413.540008,413.444,413.444,,0.738015,0.181451,0.121668,-0.0125,-0.0125,-0.0125,-0.0125,-0.0125,-0.0125,0.08,-0.194041,,0.235581,1.247326,,
04/30/1996,413.668,421.559996,421.559996,,2.175029,0.367898,0.280812,0.4375,0.4375,0.4375,0.4375,0.4375,0.4375,0.08,0.985796,,1.761345,2.51311,,
07/31/1996,415.988008,415.291992,415.291992,,0.048339,-0.105326,-0.121288,-0.125,-0.0675,-0.0675,-0.125,-0.0675,-0.0675,0.08,-0.434273,-0.44213,1.069432,2.350589,,
10/31/1996,416.092012,416.067992,416.067992,,0.096552,-0.09316,-0.10973,-0.1775,-0.0675,-0.0675,-0.1775,-0.0675,-0.0675,0.08,-0.321385,,0.723487,2.091641,,
01/31/1997,416.168,416.164,416.164,,0.372779,-0.0282,-0.048774,-0.06,-0.0325,-0.0325,-0.06,-0.0325,-0.0325,0.05,-0.573906,-0.63616,0.648587,1.978996,,
04/30/1997,416.272004,423.704012,423.704012,,2.071602,0.829414,0.795331,0.475,0.5125,0.5125,0.475,0.5075,0.5075,0.05,1.513646,1.409146,1.246382,2.400097,,
07/31/1997,416.716003,416.40799,416.40799,,0.089787,-0.109237,-0.13036,-0.0925,-0.0825,-0.0825,-0.0925,-0.0825,-0.0825,0.05,0.337842,0.327878,0.777962,2.259683,,
10/31/1997,419.932007,418.208008,418.208008,,0.196244,-0.072595,-0.097076,-0.0975,-0.0725,-0.0725,-0.0975,-0.0725,-0.0725,0.05,-0.634378,-0.640779,0.514867,2.153618,,
01/31/1998,419.235992,420.2,420.2,,0.496628,0.004998,-0.032135,0.51,-0.035,-0.035,0.51,-0.035,-0.035,0.05,-0.324507,-0.381164,2.717457,2.616865,,
04/30/1998,427.924011,433.436005,422.447998,,2.362982,1.113536,1.063471,0.6075,0.6075,0.6075,0.5925,0.5925,0.5925,0.05,1.055711,1.017434,2.914102,3.135211,2.460839,
07/31/1998,402.140015,419.903992,419.903992,,0.164554,-0.07159,-0.103474,-0.065,-0.0625,-0.0625,-0.065,-0.0625,-0.0625,0.05,-0.833674,-0.843243,2.078547,2.826685,2.091112,
10/31/1998,390.488007,396.488007,396.488007,,0.206995,-0.086845,-0.120884,-0.0775,-0.0775,-0.0775,-0.0775,-0.0775,-0.0775,0.0625,-1.766681,-1.794117,1.169547,2.091457,1.334863,
01/31/1999,388.756,389.924,389.924,,0.747535,0.085286,0.039338,-0.06,-0.0075,-0.0075,-0.06,-0.0075,-0.0075,0.0625,0.922816,0.834581,0.720045,1.953107,1.037399,
04/30/1999,390.556,394.372009,389.85199,,2.996252,1.307853,1.232083,0.7625,0.765,0.765,0.755,0.7575,0.7575,0.0625,2.351423,2.283556,0.640423,2.719167,1.680817,
07/31/1999,391.523987,390.85199,390.85199,,0.311013,-0.083379,-0.130456,-0.095,-0.095,-0.095,-0.095,-0.095,-0.095,0.0625,-0.905854,-0.912716,1.386944,2.570683,1.532167,
10/31/1999,393.343994,391.256012,391.256012,,0.536595,-0.069313,-0.1315,-0.115,-0.115,-0.115,-0.115,-0.115,-0.115,0.06875,-0.017403,-0.065003,0.539002,2.411777,0.735977,
01/31/2000,393.528015,393.432007,393.432007,,1.302657,0.182143,0.089271,-0.0175,-0.0175,-0.0175,-0.0175,-0.0175,-0.0175,0.06875,-1.236239,-1.357096,0.715487,2.351225,-0.569904,
04/30/2000,392.140015,395.220001,392.996002,,4.091467,,,0.8675,0.8675,0.8675,0.8625,0.8625,0.8625,0.06875,3.404152,3.218397,1.127837,3.107536,0.314977,
07/31/2000,366.100006,373.044006,373.044006,,0.815212,-0.121265,-0.24848,-0.1375,-0.1375,-0.1375,-0.1375,-0.1375,-0.1375,0.06875,-0.78713,-0.818054,0.776165,2.545884,-0.379691,
10/31/2000,365.131989,365.612,365.612,,0.923039,0.064962,-0.068198,-0.135,-0.135,-0.135,-0.135,-0.135,-0.135,0.075,-0.276651,-0.315266,0.829182,2.285552,-0.645035,
01/31/2001,365.507996,368.144012,365.196014,,1.796296,0.34373,0.199019,0.01,0.01,0.01,0.01,0.01,0.01,0.075,-1.613372,-1.665459,1.181632,2.25519,-0.670333,
04/30/2001,367.22,373.628,366.616,,4.592688,2.207165,2.052731,1.0325,1.02,1.02,1.0125,1.0,1.0,0.075,3.361362,3.231157,0.659114,3.196288,0.331994,
07/31/2001,366.936005,367.716003,367.716003,,0.894661,0.030961,-0.06313,-0.085,-0.085,-0.085,-0.085,-0.085,-0.085,0.075,-0.708707,-0.746171,1.171054,2.926238,0.082873,
10/31/2001,365.39801,364.575989,364.575989,,1.025564,0.043758,-0.050404,-0.075,-0.075,-0.075,-0.075,-0.075,-0.075,0.08,0.401483,0.346767,1.714164,2.500703,-0.437829,
01/31/2002,367.007996,376.362,365.872009,,2.004887,0.311426,0.207108,0.08,0.08,0.08,0.08,0.08,0.08,0.08,-2.173159,-2.275979,1.803661,2.630493,-0.412152,
04/30/2002,362.25,376.168,365.06,,5.153473,2.305843,2.173561,1.27,1.27,1.27,1.23,1.23,1.23,0.08,4.754353,4.643598,1.282305,3.780317,0.72458,
07/31/2002,361.377991,362.417999,362.417999,,1.190244,0.161278,0.063123,-0.025,-0.025,0.005,-0.025,-0.025,0.005,0.08,-0.500292,-0.545354,1.113789,3.724804,0.743532,
10/31/2002,357.313995,357.76001,357.76001,,1.317632,0.12356,0.021551,-0.105,-0.105,-0.02,-0.105,-0.105,-0.02,0.09,-0.471022,-0.584708,0.790979,3.084002,0.056642,
01/31/2003,358.223206,364.346008,357.540009,,2.680576,0.804886,0.685543,0.37,0.37,0.15,0.365,0.365,0.15,0.09,-0.047326,-0.155359,1.270948,3.259113,0.253934,
04/30/2003,359.29,365.23,358.628,,5.32517,2.570212,2.438926,1.38,1.38,1.4,1.355,1.355,1.375,0.09,2.948944,2.794835,2.436341,4.630546,1.691194,
07/31/2003,356.549988,365.84201,358.890015,,1.380323,0.212491,0.112377,0.015,0.03,0.03,0.015,0.03,0.03,0.09,-0.300549,-0.336072,1.892242,4.497689,1.540556,
10/31/2003,356.556,362.222,355.656,,1.599501,0.213546,0.100853,0.03,0.03,0.03,0.03,0.03,0.03,0.1,-0.999522,-1.086241,0.732928,4.30759,0.997476,
01/31/2004,351.0712,361.968,353.464,,2.764516,0.685648,0.55413,0.3,0.3,0.27,0.295,0.295,0.265,0.1,-1.522899,-1.629238,2.111734,4.205888,0.533476,
04/30/2004,346.19,356.388,348.6,,6.287415,2.915476,2.773362,1.65,1.65,1.65,1.615,1.615,1.615,0.1,5.531976,5.443121,3.098717,5.256694,1.539244,
07/31/2004,332.473999,337.269989,337.269989,,1.442616,-0.012177,-0.127539,-0.11,-0.11,-0.11,-0.11,-0.11,-0.11,0.1,-1.527951,-1.595298,0.953759,4.557066,0.728857,
10/31/2004,326.951996,329.372009,329.372009,,1.645413,-0.066454,-0.192023,-0.15,-0.15,-0.15,-0.15,-0.15,-0.15,0.11,-0.461308,-0.576327,1.761103,4.020979,0.153744,
01/31/2005,330.16156,334.875,329.039001,,3.14928,0.589401,0.445455,0.28,0.28,0.28,0.28,0.28,0.28,0.11,-2.726604,-2.977741,1.745043,4.3877,0.537737,
04/30/2005,662.481592,673.664,661.54,,3.560297,1.614685,1.529678,0.945,0.945,0.945,0.93,0.93,0.93,0.11,3.141497,3.041388,1.660745,2.942373,1.035846,
07/31/2005,329.110199,330.713989,330.713989,,1.859592,0.00983,-0.123472,-0.09,-0.09,-0.09,-0.09,-0.09,-0.09,0.11,-0.938923,-1.030634,2.156986,5.539163,1.738387,
10/31/2005,325.325134,326.046997,326.046997,,1.855693,-0.237693,-0.379047,-0.26,-0.26,-0.26,-0.26,-0.26,-0.26,0.13,-1.20947,-1.354556,1.557291,4.839076,0.734148,
01/31/2006,328.295929,331.934998,327.289001,,3.534329,0.252437,0.103612,0.04,0.04,0.13686,0.04,0.04,0.1355,0.125,-3.008619,-3.282218,4.447756,4.836956,0.756787,
04/30/2006,328.512796,509.409,493.779,,2.426126,1.370984,1.351868,1.200727,0.810134,0.847317,1.163886,0.785276,0.846176,0.125,4.624921,4.572072,2.051144,6.537946,3.032302,
07/31/2006,321.575795,323.671,323.671,,1.059007,-0.473957,-0.580939,-0.41,-0.36,-0.36,-0.41,-0.36,-0.36,0.125,-1.470811,-1.576962,1.453116,5.633412,1.561669,
10/31/2006,321.915406,321.742,321.742,,1.231058,-0.479822,-0.595869,-0.49,-0.38,-0.38,-0.49,-0.38,-0.38,0.135,-2.16295,-2.306177,1.610855,5.059183,0.924494,
01/31/2007,322.819309,326.048,322.35,,2.88872,0.216566,0.09602,-0.19,0.07,0.07,-0.18,0.07,0.07,0.135,-4.862522,-5.00797,3.353783,4.740032,1.125354,
04/30/2007,323.218796,326.195,322.991,,6.861557,2.8268,2.704837,-0.26,1.83,1.87,-0.26,1.81,1.85,0.135,6.671025,6.566483,2.852056,4.376289,0.739954,
07/31/2007,324.546134,323.864,323.864,,1.047881,-0.60614,-0.720617,-0.93,-0.34,-0.34,-0.93,-0.34,-0.34,0.136,-1.035453,-1.080216,1.348563,3.331921,-0.304163,
10/31/2007,324.881336,324.694,324.694,,1.016178,-0.743066,-0.795897,-1.55,-0.42,-0.42,-1.55,-0.42,-0.42,0.14,-1.860435,-1.958074,1.190943,1.675319,-3.303908,
01/31/2008,325.323879,327.202,325.074,,2.752616,0.082824,-0.00479,-0.15,0.02,0.02,-0.15,0.02,0.02,0.14,-7.385085,-7.480528,4.33417,1.426062,-2.154628,
04/30/2008,326.010796,325.608,325.608,,7.426292,3.486576,3.373544,1.669375,2.099497,2.337452,1.669375,2.099497,2.337452,0.144,11.05279,10.978075,2.039494,3.030016,0.028024,
07/31/2008,328.088796,327.141,327.141,,0.831168,-0.59456,-0.646862,-0.41,-0.39,-0.381814,-0.41,-0.39,-0.381814,0.14,-1.115491,-1.160267,1.085066,2.550291,-0.951017,
10/31/2008,338.59951,329.81,329.81,,1.065671,-0.555253,-0.683218,-0.41,-0.4,-0.392048,-0.41,-0.4,-0.392048,0.15,-0.732828,-0.86605,2.048514,2.459135,-0.402168,
01/31/2009,339.59451,338.687,337.338,,2.944957,0.388945,0.296631,0.14,0.2,0.209091,0.14,0.2,0.209091,0.15,-5.210296,-5.255732,3.737407,2.473553,-1.185367,
04/30/2009,334.10151,337.963,336.859,,7.322806,3.588822,3.490336,2.09,2.09,2.09,2.08,2.08,2.08,0.15,10.23574,10.164591,4.952576,4.20788,0.507723,
07/31/2009,335.30612,334.533,334.533,,0.823551,-0.573474,-0.640182,-0.4,-0.39,-0.388035,-0.4,-0.39,-0.388035,0.15,-1.358841,-1.385026,3.001147,3.551125,-0.122056,
10/31/2009,335.306,335.346,335.346,,0.972372,-0.572969,-0.639796,-0.38,-0.38,-0.37025,-0.38,-0.38,-0.373111,0.15,-0.988755,,4.271451,3.194387,-0.488792,
01/31/2010,329.233821,334.297,332.999,,2.807372,0.353364,0.283616,0.15,0.16,0.186256,0.15,0.16,0.185188,0.15,-5.594041,-5.762095,5.247568,2.844383,-0.846019,
04/30/2010,323.305599,327.314,326.255,,7.165849,3.580196,3.399513,2.11,2.11,2.11,2.1,2.11,2.11,0.15,9.919943,9.836349,5.579999,4.455939,0.71991,
07/31/2010,308.513594,319.69,319.69,,0.858563,-0.58862,-0.658672,-0.41,-0.4,-0.345397,-0.41,-0.4,-0.346142,0.15,-1.08934,-1.116347,3.560978,3.322858,-0.72673,
10/31/2010,305.110195,306.804,306.804,,0.389793,-0.563493,-0.610709,-0.36,-0.36,-0.373895,-0.36,-0.36,-0.373895,0.15,-0.651067,-0.737021,3.145572,2.883565,-1.182969,
01/31/2011,305.250229,305.144,305.144,,2.229426,-0.032388,-0.091521,-0.04,-0.04,0.041141,-0.04,-0.04,0.037301,0.15,-3.016727,-3.069793,4.801602,2.71149,-1.300536,
04/30/2011,305.365599,306.118,305.283,,6.699551,3.631912,3.4134,2.15,2.1,2.111555,2.14,2.09,2.095843,0.15,6.610001,6.571476,5.494542,4.747011,2.42359,
07/31/2011,305.766188,305.491,305.491,,0.329381,-0.615868,-0.669787,-0.57,-0.39,-0.087111,-0.57,-0.39,-0.087111,0.15,-1.291524,-1.327378,3.312037,4.035361,0.429187,
10/31/2011,292.903052,299.895,299.895,,0.430797,-0.632818,-0.688344,-0.47,-0.41,-0.372235,-0.47,-0.41,-0.372235,0.15,-0.62715,-0.725707,1.954951,2.94576,0.554153,
01/31/2012,293.563719,292.963,292.963,,2.26404,0.04804,-0.012616,-0.01,-0.01,0.002142,-0.01,-0.01,0.002142,0.2,-2.731208,-2.837157,4.152366,2.7471,0.356672,
04/30/2012,292.118599,293.985,293.103,,6.825839,3.526798,3.347059,2.0,2.02,2.060441,1.99,2.01,2.051561,0.2,5.952924,5.915709,6.655975,4.538883,2.128115,
07/31/2012,271.109828,277.155,277.155,,0.348141,-0.569642,-0.622082,-0.39,-0.38,-0.377096,-0.39,-0.38,-0.377096,0.2,-1.346322,-1.394213,3.466754,3.1193,0.527605,
10/31/2012,271.292739,271.145,271.145,,0.506235,-0.549075,-0.608807,-0.39,-0.37,-0.367163,-0.39,-0.37,-0.367163,0.2,-0.715101,-0.890088,4.647751,2.554189,-0.061749,
01/31/2013,272.319178,271.542,271.542,,1.738144,-0.273457,-0.341148,-0.07,-0.06,-0.208628,-0.07,-0.06,-0.208628,0.2,-2.743185,-2.873342,1.536377,2.331411,-0.325376,
04/30/2013,272.63511,277.593,272.385,,8.077581,4.568545,4.409593,2.438974,2.529222,2.545821,2.393216,2.48177,2.498058,0.2,6.64146,6.578402,6.409974,4.634572,1.996537,
07/31/2013,273.863581,273.08,273.08,,0.465779,-0.573755,-0.657518,-0.42,-0.42,-0.410894,-0.42,-0.42,-0.416107,0.2,-1.167211,-1.29313,4.249839,4.036006,1.42112,
10/31/2013,274.046273,273.907,273.907,,0.490458,-0.489498,-0.609021,-0.39,-0.38,-0.398336,-0.39,-0.38,-0.402241,0.2,-0.633905,-0.825722,2.885542,3.484722,0.788006,
01/31/2014,274.21742,274.11,274.11,,0.728795,-1.099154,-1.183259,-0.78,-0.78,-0.77439,-0.78,-0.78,-0.778238,0.2,-2.290865,-2.432151,1.595099,2.504432,-0.252887,
04/30/2014,274.22811,283.011,274.223,,9.346371,5.505195,5.380293,3.31846,3.388239,3.35469,3.215416,3.283028,3.250521,0.2,7.037714,6.959832,9.513255,5.67611,2.788956,
07/31/2014,275.088388,274.575,274.575,,0.486519,-0.464915,-0.587599,-0.42,-0.4,-0.391964,-0.42,-0.4,-0.395529,0.2,-1.38973,-1.483842,6.664269,5.079095,2.073752,
10/31/2014,275.165623,275.106,275.106,,0.489368,-0.528956,-0.670462,-0.41,-0.41,-0.415131,-0.41,-0.41,-0.415131,0.2,-0.894172,-1.058058,3.665683,4.501565,1.309935,
01/31/2015,275.243978,275.19,275.19,,1.8499,-0.115775,-0.273088,-0.13,-0.13,-0.124291,-0.13,-0.13,-0.125976,0.2,-2.251619,-2.353181,6.136298,4.164978,0.944962,
04/30/2015,275.274631,277.612,275.26,,8.360714,4.575685,4.416206,2.68,2.7,2.703455,2.66,2.68,2.680072,0.2,6.807411,6.719196,8.888632,6.658619,3.483706,
07/31/2015,276.315728,275.765,275.765,,0.499403,-0.485515,-0.630907,-0.36,-0.35,-0.351941,-0.36,-0.35,-0.351987,0.2,-1.371624,-1.403133,6.173163,6.041737,2.888087,
10/31/2015,235.948689,266.267,266.267,,0.482279,-0.719143,-0.87819,-0.55,-0.54,-0.486335,-0.55,-0.54,-0.49109,0.2,-0.843015,-0.956022,1.528642,-0.115462,-3.964993,
01/31/2016,224.405675,231.904,231.904,,2.046291,-0.321422,-0.516774,-0.35,-0.34,-0.338722,-0.35,-0.34,-0.339577,0.2,-3.554212,-3.673395,0.844502,-2.391802,-6.47882,
04/30/2016,220.517257,229.335,222.099,,10.344382,5.433167,5.226719,3.154728,3.157263,3.220307,3.05519,3.057645,3.1187,0.2,8.876681,8.725825,4.066806,0.104767,-3.997596,
07/31/2016,219.092652,220.484,220.484,,0.567774,-0.650578,-0.837811,-0.56,-0.55,-0.551224,-0.56,-0.55,-0.552313,0.22,-2.077085,-2.105414,1.400645,-0.911975,-4.978067,
10/31/2016,211.493162,215.535,215.535,,0.60933,-0.75288,-0.965143,-0.68,-0.67,-0.663721,-0.68,-0.67,-0.66833,0.22,-1.217491,-1.396915,1.965156,-2.635882,-6.940962,
01/31/2017,207.166458,207.862,207.862,,2.173952,-0.3831,-0.60036,-0.5,-0.49,-0.49,-0.5,-0.49,-0.49,0.22,-3.290943,-3.430488,1.067605,-3.865568,-8.29698,
04/30/2017,207.171305,208.605,207.17,,11.236738,6.195385,5.954154,3.77,3.79,3.79,3.75,3.76,3.76,0.22,9.444587,9.370585,4.881617,-0.293878,-4.640865,
07/31/2017,209.057392,207.935,207.935,,0.662717,-0.680809,-0.89048,-0.63,-0.62,-0.62,-0.63,-0.62,-0.62,0.24,-1.967514,-2.030485,2.638347,-1.025211,-5.272672,
10/31/2017,209.068424,209.065,209.065,,0.673733,-0.818975,-1.033224,-0.74,-0.71,-0.71,-0.74,-0.71,-0.71,0.24,-1.144821,-1.353636,0.865731,-1.974344,-6.276758,
01/31/2018,209.119178,209.08,209.08,,2.336072,0.189425,-0.465243,-1.18,-1.16,-0.447317,-1.18,-1.16,-0.447317,0.24,-6.493691,-6.866109,0.895977,-3.33814,-7.621735,
04/30/2018,209.254089,210.527,209.23,,11.436453,6.198504,5.976657,5.45,5.47,5.47,5.42,5.43,5.43,0.24,10.551565,10.452545,7.383101,1.881497,-2.332767,
07/31/2018,201.819075,207.673,207.673,,0.699094,-0.68225,-0.876941,-0.74,-0.72,-0.72,-0.74,-0.72,-0.72,0.25,-1.808434,-1.866492,4.851454,0.951392,-3.323586,
10/31/2018,205.527276,205.52,205.52,,0.724363,-0.845514,-1.047407,-0.86,-0.83,-0.83,-0.86,-0.83,-0.83,0.25,-1.226781,-1.491305,2.923208,-0.152413,-4.393772,
01/31/2019,205.040973,205.532,205.532,,2.278886,-0.457408,-0.671915,-0.62,-0.58,-0.58,-0.62,-0.58,-0.58,0.25,-3.501961,-3.567936,0.991148,-1.041699,-5.318683,
04/30/2019,201.959319,204.199,202.675,,11.508292,5.88111,5.680385,4.32,4.36,4.36,4.29,4.32,4.32,0.25,9.641021,9.564505,7.784489,2.681367,-1.588949,
07/31/2019,200.958969,202.037,202.037,,0.74423,-0.478818,-0.965991,-0.74,-0.72,-0.72,-0.74,-0.72,-0.72,0.26,-2.394754,-2.469894,3.023841,1.447081,-4.726661,
10/31/2019,195.245665,198.079,198.079,,0.811802,-0.705067,-1.225466,-0.95,-0.93,-0.93,-0.95,-0.93,-0.93,0.26,-1.057593,-1.1973,1.256427,-0.387957,-6.742557,
01/31/2020,192.474018,194.077,194.077,,2.675253,-0.25239,-0.786306,-0.67,-0.66,-0.66,-0.67,-0.66,-0.66,0.26,-3.990555,-4.112445,0.999304,-1.65414,-8.262326,
04/30/2020,192.475308,193.726,192.475,,9.400452,4.016298,3.468461,2.39,2.4,2.4,2.37,2.39,2.39,0.26,8.191983,8.113142,13.829899,0.369091,-5.486797,
07/31/2020,192.898471,192.598,192.598,,3.120645,0.999304,0.794172,0.473832,0.485758,0.485758,0.473832,0.485758,0.485758,0.26,-0.106439,-0.149591,13.47118,0.701286,-5.127236,
10/31/2020,,,,,,,,-0.986,-0.986,-0.94,-0.986,-0.986,-0.94,0.253,,,,-0.53,,
01/31/2021,,,,,,,,-0.602,-0.602,-0.562,-0.602,-0.602,-0.562,0.253,,,,-1.42,,
