Date,Revenue,Consensus Estimate,Comparable Actual,Revenue Surprise %,GAAP Actual,Adjusted Actual,Earnings Per Share,EPS Surprise %,EBIT,EBIT Surprise %,EBITDA,EBITDA Surprise %,Gross Margin %,Gross Margin Surprise %,Pretax Income (Loss),Pretax Income (Loss) Surprise %,Net Income,Net Income Surprise %,Source: Bloomberg
12/31/1989,,,0.0,,27.355,27.355,,,,,,,,,,,,,
03/31/1990,,,8.636,,8.636,8.636,,,,,,,,,,,,,
06/30/1990,,,30.940001,,30.940001,30.940001,,,,,,,,,,,,,
09/30/1990,,,8.067,,8.067,8.067,,,,,,,,,,,,,
12/31/1990,,,0.0,,32.421001,32.421001,,,,,,,,,,,,,
03/31/1991,,,7.902,,7.902,7.902,,,,,,,,,,,,,
06/30/1991,,,36.224998,,36.224998,36.224998,,,,,,,,,,,,,
09/30/1991,,,9.904,,9.904,9.904,,,,,,,,,,,,,
12/31/1991,,,0.0,,40.526001,40.526001,,,,,,,,,,,,,
03/31/1992,,,9.645,,-14.955,-14.955,,,,,,,,,,,,,
06/30/1992,,,43.231998,,43.231998,43.231998,,,,,,,,,,,,,
09/30/1992,,,12.44,,12.44,12.44,,,,,,,,,,,,,
12/31/1992,,,0.0,,46.556,46.556,,,,,,,,,,,,,
03/31/1993,,,11.025,,10.512973,10.512973,,,,,,,,,,,,,
06/30/1993,,,48.987,,48.987,48.987,,,,,,,,,,,,,
09/30/1993,,,14.69,,14.69,14.69,,,,,,,,,,,,,
12/31/1993,,,0.0,,50.57703,50.57703,,,,,,,,,,,,,
03/31/1994,,,12.99,,-8.79,-8.79,,,,,,,,,,,,,
06/30/1994,,,54.098999,,54.098999,54.098999,,,,,,,,,,,,,
09/30/1994,,,17.403999,,17.403999,17.403999,,,,,,,,,,,,,
12/31/1994,,,0.0,,30.754009,30.754009,,,,,,,,,,,,,
03/31/1995,,,15.176,,15.176,15.176,,,,,,,,,,,,,
06/30/1995,,,63.768002,,63.768002,63.768002,,,,,,,,,,,,,
09/30/1995,,,22.181,,22.181,22.181,,,,,,,,,,,,,
12/31/1995,,,0.0,,28.687,28.687,,,,,,,,,,,,,
03/31/1996,,,17.832001,,17.832001,17.832001,,,,,,,,,,,,,
06/30/1996,,,82.928001,,82.928001,82.928001,,,,,,,,,,,,,
09/30/1996,,,27.471001,,27.471001,27.471001,,,,,,,,,,,,,
12/31/1996,,,0.0,,76.973999,76.973999,,,,,,,,,,,,,
03/31/1997,,,31.899,,22.035,22.035,,,,,,,,,,,,,
06/30/1997,,,94.924004,,89.764,89.764,,,,,,,,,,,,,
09/30/1997,,,29.969,,35.292,35.292,,,,,,,,,,,,,
12/31/1997,,,32.229,,53.287,53.287,,,,,,,,,,,,,
03/31/1998,,,37.738998,,37.738998,37.738998,,,,,,,,,,,,,
06/30/1998,,,118.511002,,118.511002,118.511002,,,,,,,,,,,,,
09/30/1998,,,46.987999,,46.987999,46.987999,,,,,,,,,,,,,
12/31/1998,,,0.0,,106.667,106.667,,,,,,,,,,,,,
03/31/1999,,,44.785,,44.785,44.785,,,,,,,,,,,,,
06/30/1999,,,150.007004,,150.007004,150.007004,,,,,,,,,,,,,
09/30/1999,,,67.775002,,67.775002,67.775002,,,,,,,,,,,,,
12/31/1999,,,130.082993,,78.682999,78.682999,,,,,,,,,,,,,
03/31/2000,,,63.634998,,42.935,42.935,,,,,,,,,,,,,
06/30/2000,,,219.136002,,166.360992,166.360992,,,,,,,,,,,,,
09/30/2000,,,117.487999,,90.788002,90.788002,,,,,,,,,,,,,
12/31/2000,,,168.328995,,123.613998,123.613998,,,,,,,,,,,,,
03/31/2001,,,73.900002,,-28.799999,-28.799999,,,,,,,,,,,,,
06/30/2001,,,117.042,,-113.099998,-113.099998,,,,,,,,,,,,,
09/30/2001,,,54.599998,,-481.100006,-481.100006,,,,,,,,,,,,,
12/31/2001,,,111.199997,,88.5,88.5,,,,,,,,,,,,,
03/31/2002,,,59.799999,,59.799999,59.799999,,,,,,,,,,,,,
06/30/2002,,,108.546799,,109.0,109.0,,,,,,,,,,,,,
09/30/2002,,,-0.4,,-89.599998,-89.599998,,,,,,,,,,,,,
12/31/2002,,,30.342199,,20.299999,20.299999,,,,,,,,,,,,,
03/31/2003,,,2.5,,-8.6,-8.6,,,,,,,,,,,,,
06/30/2003,,,106.0,,-13.5,-13.5,,,,,,,,,,,,,
09/30/2003,,,45.700001,,-327.100006,-327.100006,,,,,,,,,,,,,
12/31/2003,,,60.900002,,-189.9,-189.9,,,,,,,,,,,,,
03/31/2004,,,-47.375,,-88.6,-88.6,,,,,,,,,,,,,
06/30/2004,,,-37.049999,,-93.4,-93.4,,,,,,,,,,,,,
09/30/2004,,,-304.440002,,-501.5,-501.5,,,,,,,,,,,,,
12/31/2004,,109.0,245.899994,,125.3,125.3,,46.8531468531469,,,,,,,,,,125.596324770642,
03/31/2005,,-13.3,-155.699997,,-151.4,-151.4,,-825.0,,,,,,,,,,-1070.67666917293,
06/30/2005,,49.1,13.1,,3.5,3.5,,,,,,,,,,,,-73.3197556008147,
09/30/2005,,-15.85,-101.5,,-107.8,-107.8,,,,,,,,,,,,-540.378548895899,
12/31/2005,,65.65,-36.0,,-46.6,-46.6,,,,,,,,,,,,,
03/31/2006,,-139.5,-182.100006,6.73637643273678,-182.1,-182.1,,-36.5079365079365,,,,,,,,,,-30.5376387096774,
06/30/2006,,26.667,46.900002,1.03480253097812,44.2,44.2,,100.0,,,,,,,,,,75.8728090898864,
09/30/2006,,-51.675,-11.1,2.87531827448561,-8.2,-8.2,,68.75,,,,,,,,,,78.5195936139332,
12/31/2006,,120.933,97.900002,-0.198694242875056,49.1,49.1,,5.26315789473685,,,,,,,,,,-19.0460817146685,
03/31/2007,,-71.325,-125.401001,0.191667969037963,-132.8,-132.8,,-80.1242236024845,,,,,,,,,,-75.8163350858745,
06/30/2007,,56.0,104.900002,3.94339314465409,121.5,121.5,,86.2745098039216,,,,,,,,,,87.3214321428571,
09/30/2007,,25.0,-18.52,1.83776882650563,-28.8,-28.8,,,,,,,,,,,,,
12/31/2007,,139.0,198.434006,-1.05641306664231,162.7,162.7,,47.0588235294118,,,,,,,,,,42.7582776978417,
03/31/2008,,-62.367,-67.620003,3.36859347160357,-69.7,-69.7,,6.25000000000001,,,,,,,,,,-8.42272836596277,
06/30/2008,,85.78,97.365997,4.65046396351458,88.1,88.1,,5.59006211180125,,,,,,,,,,13.5066414082537,
09/30/2008,,34.713,48.235001,5.55338180296096,38.7,38.7,,29.0322580645161,,,,,,,,,,38.9537089851064,
12/31/2008,,153.4,220.835007,0.217796325698873,209.8,209.8,,43.3691756272401,,,,,,,,,,43.960239243807,
03/31/2009,,-87.912,-67.149,1.90695886197616,-73.9,-46.99,,19.1919191919192,,-1.50087777860198,,,,,,12.4447840099762,,23.6179361179361,
06/30/2009,,58.05,47.235,-7.42083772085976,20.9,58.145,,-23.0769230769231,,-35.9220219280263,,,,-9.68421052631579,,-69.5507487520799,,-18.6304909560724,
09/30/2009,,7.9,38.985,-0.975186534790904,17.2,32.735,,400.0,,11.4474673659449,,,,-30.8069458631256,,26.1134138812947,,393.481012658228,
12/31/2009,,134.7,185.735,3.53211668343153,129.4,172.04,,32.0,,-3.08510638297872,,,,-1.07142857142858,,9.96844735893458,,37.8878990348924,
03/31/2010,,-57.764,-57.71,1.26205756830639,-71.5,-64.74,,-11.1111111111111,,2.07125103562552,,,,2.62357414448668,,1.62601626016259,,0.0934838307596462,
06/30/2010,,53.271,92.593,6.65172391060715,105.3,119.08,,71.7171717171717,,36.0710814513228,,,,9.12676056338029,,47.7976340297005,,73.8150213061516,
09/30/2010,,41.51,56.61,3.04010562799141,42.4,53.515,,31.5789473684211,,3.49710187741297,,,,-1.71745152354572,,-0.70323488045007,,36.376776680318,
12/31/2010,,166.6,233.903,5.18199045938705,195.0,226.98,,40.0651465798046,,-0.731889469753544,,,,0.138568129330259,,3.30658105939005,,40.3979591836735,
03/31/2011,,-49.96,-32.565,1.88016852919659,-48.1,-28.275,,32.6923076923077,,2.02985337501651,,,,-2.33576642335765,,-6.58163118733662,,34.8178542834267,
06/30/2011,,108.5,117.476,-0.469378338152532,101.7,116.26,,11.1111111111111,,-14.7273919896616,,,,-4.51030927835052,,-13.3312235232718,,8.27281105990783,
09/30/2011,,52.53,122.04,4.62171659604019,208.1,122.17,,63.265306122449,,56.0315670800451,,,,5.35612535612534,,234.643602813386,,132.324386065106,
12/31/2011,,206.111,259.13,-0.278341115818306,259.0,259.0,,27.8772378516624,,0.46911649726349,,,,,,1.92519251925193,,25.7235179102522,
03/31/2012,,-44.392,-45.9,0.982278508159065,-45.9,-43.69,,-1.01010101010101,,11.4606741573034,,,,-1.9485294117647,,5.27720560503642,,-3.39700846999458,
06/30/2012,,95.05,99.0,-2.31885262655081,99.0,97.96,,6.79611650485438,,-2.97990297990298,,,,-1.27027027027027,,0.0645161290322544,,4.15570752235666,
09/30/2012,,76.623,68.7,-1.93482634585703,68.7,70.91,,-11.2426035502959,,-15.2258064516129,,,,-0.0550964187327714,,-17.8866045883326,,-10.340237265573,
12/31/2012,,245.462,260.0,-0.47132973255618,313.3,252.46,,5.8601134215501,,-5.23529343767701,,,,-3.73931623931624,,14.6578300620903,,5.92270901402254,
03/31/2013,,-51.175,-59.2,1.01691231299923,-59.2,-60.63,,-11.1111111111111,,3.21623410714693,,,,0.490566037735845,,6.47681020061383,,-15.6814851001466,
06/30/2013,,96.42,79.9,0.133020348749368,79.9,79.575,,-17.0506912442396,,-3.95604395604395,,,,-1.0655737704918,,-3.15229775921002,,-17.1333748185024,
09/30/2013,,75.022,73.7,-0.718975847689681,45.4,74.22,,-6.07734806629833,,-3.01576422206991,,,,-2.21917808219179,,-33.7605918534131,,-1.76214976940098,
12/31/2013,,255.0,244.0,0.285023577161637,193.1,244.26,,-4.27350427350426,,-12.1004566210046,,,,,,-11.1318767847148,,-4.31372549019608,
03/31/2014,,-31.23,-20.9,2.60520087748594,-20.9,-21.42,,37.5,,62.3394598770399,,,,,,50.8599508599509,,33.0771693884086,
06/30/2014,,108.233,106.0,0.39291729432575,99.4,105.805,,0.401606425702812,,-1.06564127957798,,,,,,-5.89784949237304,,-2.06314155571776,
09/30/2014,,90.392,89.7,3.40545486099994,89.7,89.635,,-0.4739336492891,,7.4540356423719,,,,,,9.69265163703224,,-0.765554473847236,
12/31/2014,,243.818,241.3,1.16024211357117,308.9,241.69,,-1.55440414507772,,2.69521577853883,,,,,,2.00699866460022,,-1.03273753373418,
03/31/2015,,-12.087,-1.8,1.87626167610764,-1.8,-1.735,,,,,,,,,,67.2246283506965,,85.1079672375279,
06/30/2015,,112.818,121.2,2.20001590661726,121.2,121.265,,6.22710622710621,,6.30541871921183,,,,,,5.94169517253738,,7.42966547891294,
09/30/2015,,103.273,110.2,2.22315498301577,74.9,110.2,,7.14285714285715,,2.75769745649264,,,,,,3.05676855895197,,6.70746468099117,
12/31/2015,,255.3,272.1,0.261953870918547,260.3,272.1,,6.10932475884245,,2.2707423580786,,,,,,-0.699932264619545,,6.58049353701528,
03/31/2016,,1.759,1.6,2.01780919390118,5.4,1.6,,,,71.3114754098361,,23.4951801341566,,,,,,-9.03922683342807,
06/30/2016,,134.556,134.5,-0.837137445962977,156.9,137.2,,-0.302114803625378,,-3.5710455764075,,-3.58758202582402,,,,-3.60414663212674,,-0.0416183596420907,
09/30/2016,,117.444,124.4,0.823498557566223,128.6,124.4,,6.52920962199313,,-0.924574209245745,,2.66028708133971,,,,1.42105263157894,,5.92282279213923,
12/31/2016,,269.5,303.6,0.335989316399322,317.6,303.6,,12.781954887218,,-0.932674654407986,,1.60877513711151,,,,-1.31711187516531,,12.6530612244898,
03/31/2017,,10.47,21.5,-0.481449853465611,24.7,24.115,,92.3,,3.16798666110879,,13.9020979020979,,,,31.8720484718881,,105.348615090735,
06/30/2017,,136.556,107.8,-3.36735222238684,107.7,120.8,,-21.2827988338192,,-12.6059097872917,,,,,,-16.1770896246271,,-21.0580274759073,
09/30/2017,,129.6,122.0,-2.75904472235526,169.7,145.5,,-5.48780487804879,,-3.19573371978457,,,,,,-3.82775119617225,,-5.86419753086419,
12/31/2017,,306.143,309.3,1.6580554781142,252.3,245.0,,2.5974025974026,,1.06603904194933,,,,,,1.53721682847897,,1.0312174376027,
03/31/2018,,15.933,9.9,-2.29808776319348,-14.1,9.9,,-36.1702127659575,,15.4280954364253,,13.8389366692729,,,,38.1348775485583,,-37.8648088872152,
06/30/2018,,164.9,165.6,2.1604614577871,145.8,165.6,,1.1764705882353,,0.936048183596668,,4.42035029190992,,,,1.67032967032968,,0.424499696785924,
09/30/2018,,179.8,184.5,0.813656668793871,161.0,184.5,,4.80349344978165,,0.586106797584753,,-3.03865288939916,,,,1.17031595350538,,2.61401557285873,
12/31/2018,,301.857,348.4,3.50343053173241,326.2,330.6,,12.5158027812895,,1.94708994708994,,-1.00095834524522,,,,7.10538620983256,,15.4188904017465,
03/31/2019,,21.0,42.2,2.06996130118835,-8.0,24.8,,129.166666666667,,131.25,,12.1611721611722,,,,1725.7859821171,,100.952380952381,
06/30/2019,,170.333,178.8,-0.69864544899542,169.5,163.359,,3.83747178329571,,5.83873957367933,,-2.11901306240929,,,,6.42893610336567,,4.97085121497303,
09/30/2019,,173.5,190.8,-0.957703548639261,165.6,173.3,,6.29067245119305,,8.63309352517986,,5.5776892430279,,,,10.4741833508957,,9.97118155619597,
12/31/2019,,312.0,344.4,1.17825046045877,328.9,327.2,,7.97546012269939,,1.22946513012715,,-2.02393523407251,,,,4.92239467849224,,10.3846153846154,
03/31/2020,,30.86,44.2,1.05042016806723,4.7,27.1,,25.0,,33.5164835164835,,-2.93733681462141,,,,103.464566929134,,43.2274789371355,
06/30/2020,,82.075,89.1,6.37052341597796,-45.6,71.5,,13.3004926108374,,24.8717948717949,,28.6434573829532,,,,51.3149432276623,,8.55924459335972,
09/30/2020,,133.2,,,,,,,,,,,,,,,,,
12/31/2020,,287.4,,,,,,,,,,,,,,,,,
