Date,Basic Shares Outstanding,Diluted Weighted Avg Shares,Basic Weighted Avg Shares,Per Share Data Items,Revenue,EBITDA,Operating Income,Net Income to Common - Basic,Net Income before XO - Basic,Normalized Net Income - Basic,Net Income to Common - Diluted,Net Income before XO - Diluted,Normalized Net Income - Diluted,Dividends,Cash Flow,Free Cash Flow,Cash & Equivalents,Book Value,Tangible Book Value,Source: Bloomberg
03/31/2000,10.051521,10.037147,8.361,,0.350795,-0.554599,-0.642028,-0.6,-0.6,-0.6,-0.6,-0.6,-0.6,0.0,-0.693219,-0.783519,5.435098,5.204287,5.204287,
06/30/2000,52.393799,29.712001,29.712001,,0.172557,-0.131563,-0.174138,-0.153333,-0.153333,-0.153333,-0.153333,-0.153333,-0.153333,0.0,-0.132573,-0.164782,1.666991,1.742248,1.742248,
09/30/2000,53.519674,51.997501,51.997501,,0.151142,-0.078331,-0.104159,-0.08,-0.08,-0.08,-0.08,-0.08,-0.08,0.0,-0.094985,-0.105851,1.638332,1.765201,1.765201,
12/31/2000,53.513735,52.7085,52.7085,,0.203098,-0.093078,-0.119886,-0.093333,-0.093333,-0.074667,-0.093333,-0.093333,-0.074667,0.0,0.035478,0.011232,1.671365,1.695453,1.695453,
03/31/2001,53.743498,53.101501,53.101501,,0.22747,-0.062352,-0.085685,-0.066667,-0.066667,-0.066667,-0.066667,-0.066667,-0.066667,0.0,-0.217979,-0.247394,1.431168,1.653912,1.653912,
06/30/2001,54.1035,53.482498,53.482498,,0.237835,-0.070434,-0.092385,-0.08,-0.08,-0.08,-0.08,-0.08,-0.08,0.0,-0.020343,-0.045809,1.376454,1.583742,1.583742,
09/30/2001,54.298502,54.084,54.084,,0.200817,-0.086661,-0.107869,-0.086667,-0.086667,-0.086667,-0.086667,-0.086667,-0.086667,0.0,-0.195196,-0.210561,1.183716,1.517648,1.517648,
12/31/2001,54.335999,54.220499,54.220499,,0.295331,-0.072039,-0.093286,-0.08,-0.08,-0.06,-0.08,-0.08,-0.06,0.0,0.086074,0.053393,1.226829,1.440905,,
03/31/2002,54.571501,54.461998,54.461998,,0.26457,-0.093313,-0.11228,-0.1,-0.1,-0.1,-0.1,-0.1,-0.1,0.0,-0.129613,-0.2035,1.037703,1.345629,,
06/30/2002,54.659998,54.575998,54.575998,,0.355229,-0.056911,-0.078185,-0.07,-0.07,-0.07,-0.07,-0.07,-0.07,0.0,-0.005057,-0.019367,1.013008,1.290304,,
09/30/2002,54.891003,54.748501,54.748501,,0.31199,-0.113336,-0.124971,-0.116667,-0.116667,-0.116667,-0.116667,-0.116667,-0.116667,0.0,-0.169594,-0.17732,0.88366,1.199996,,
12/31/2002,55.0725,54.961502,54.961502,,0.384724,-0.023234,-0.054493,-0.047333,-0.047333,-0.047333,-0.047333,-0.047333,-0.047333,0.0,0.044977,0.034788,0.905788,1.156294,1.109665,
03/31/2003,55.651503,55.292999,55.292999,,0.347874,-0.03438,-0.056698,-0.04,-0.04,-0.04,-0.04,-0.04,-0.04,0.0,-0.107536,-0.113287,0.808765,1.120527,,
06/30/2003,79.930624,56.918999,55.74,,0.384876,0.033441,0.009508,0.016667,0.016667,0.016667,0.016667,0.016667,0.016667,0.0,0.052601,0.039828,0.53609,2.559419,0.638991,
09/30/2003,81.45698,80.634001,80.634001,,0.290113,-0.018367,-0.045427,-0.04,-0.04,-0.04,-0.04,-0.04,-0.04,0.0,-0.098011,-0.108974,0.435187,2.512333,0.635121,
12/31/2003,99.154896,91.847998,91.847998,,0.30042,0.002896,-0.061112,-0.053333,-0.053333,-0.053333,-0.053333,-0.053333,-0.053333,0.0,0.033349,0.026239,1.139117,2.813346,1.288509,
03/31/2004,100.550995,102.411003,99.846004,,0.271007,0.021423,0.002834,0.01,0.01,0.01,0.006667,0.006667,0.006667,0.0,-0.009164,-0.014542,1.152003,2.825979,1.324711,
06/30/2004,100.932003,102.629997,100.676994,,0.308482,0.06208,0.04437,0.046667,0.046667,0.046667,0.046667,0.046667,0.046667,0.0,0.117862,-0.089464,1.054314,2.862591,1.371617,
09/30/2004,101.932205,105.915001,101.469006,,0.349792,0.071027,0.054076,0.06,0.06,0.06,0.056667,0.056667,0.056667,0.0,0.107205,0.101775,1.189173,2.940916,1.469153,
12/31/2004,102.704385,108.732,102.294,,0.441805,0.124142,0.107015,0.116667,0.116667,0.116667,0.106667,0.106667,0.106667,0.0,0.082957,0.07802,1.285612,3.066393,1.610243,
03/31/2005,104.153106,111.063,103.551,,0.40187,0.102182,0.086083,0.086667,0.086667,0.086667,0.083333,0.083333,0.083333,0.0,0.119246,0.109579,1.434926,3.170304,1.738882,
06/30/2005,104.777082,111.732,104.37,,0.505471,0.162575,0.146958,0.14,0.14,0.14,0.133333,0.133333,0.133333,0.0,0.099818,0.099818,1.513136,3.321432,1.911821,
09/30/2005,106.31349,114.039,105.462,,0.577213,0.21475,0.199209,0.196667,0.196667,0.196667,0.183333,0.183333,0.183333,0.0,0.202471,0.155554,1.781712,3.580148,2.20148,
12/31/2005,108.550347,113.025,107.457,,0.67091,0.235462,0.218794,0.47,0.47,0.47,0.436667,0.436667,0.436667,0.0,0.248174,0.023851,1.190111,4.077288,2.87977,
03/31/2006,109.658793,113.472,109.137,,0.707899,0.218991,0.199071,0.133333,0.133333,0.133333,0.126667,0.126667,0.126667,0.0,0.147668,0.11831,1.508744,4.274085,3.08517,
06/30/2006,110.355423,114.372,110.052,,0.790763,0.242576,0.222686,0.15,0.15,0.15,0.146667,0.146667,0.146667,0.0,0.179233,0.117708,1.454555,4.558634,3.374216,
09/30/2006,110.826063,114.552,110.625,,0.866278,0.255629,0.232099,0.156667,0.156667,0.156667,0.15,0.15,0.15,0.0,0.326129,0.307399,1.820944,4.905398,3.744155,
12/31/2006,111.279789,114.723,111.027,,1.01387,0.574185,0.319265,0.213333,0.213333,0.213333,0.206667,0.206667,0.206667,0.0,0.251524,0.217235,2.154416,5.2993,4.184506,
03/31/2007,112.389,115.194,111.867,,1.021114,0.332457,0.306963,0.213333,0.213333,0.213333,0.206667,0.206667,0.206667,0.0,0.298292,0.274111,2.44418,5.7233,4.623629,
06/30/2007,113.247,115.971,112.908,,1.242153,0.426019,0.398847,0.27,0.27,0.27,0.263333,0.263333,0.263333,0.0,0.357388,0.318436,2.701052,6.281394,5.193842,
09/30/2007,114.618,117.813,114.099,,1.375157,0.502844,0.473168,0.36,0.36,0.36,0.346667,0.346667,0.346667,0.0,0.429048,0.384622,3.219023,6.981024,5.962903,
12/31/2007,115.41,119.268,115.092,,1.64604,0.985255,0.637594,0.426667,0.426667,0.43,0.413333,0.413333,0.416667,0.0,0.721266,0.651027,3.703899,7.700147,6.537215,
03/31/2008,116.112,119.541,115.746,,1.625922,0.600453,0.560469,0.386667,0.386667,0.386667,0.373333,0.373333,0.373333,0.0,0.340262,0.280226,3.332713,8.455724,7.312646,
06/30/2008,116.505,119.94,116.319,,1.884378,0.725256,0.672246,0.44,0.44,0.44,0.426667,0.426667,0.426667,0.0,0.557097,0.169491,2.915214,9.218377,7.92966,
09/30/2008,117.342,120.324,117.045,,2.01625,0.784459,0.72649,0.493333,0.493333,0.493333,0.48,0.48,0.48,0.0,0.613525,0.434141,3.478908,10.085289,8.650833,
12/31/2008,117.549,119.511,117.414,,1.972039,0.76858,0.70466,0.433333,0.433333,0.433333,0.423333,0.423333,0.423333,0.0,0.870765,0.590202,3.839837,10.776493,9.356115,
03/31/2009,113.556,117.9,116.7,,1.614396,0.454156,0.385604,0.24,0.24,0.24,0.24,0.24,0.24,0.0,0.772065,0.536418,2.994258,10.348374,8.77368,
06/30/2009,113.793,115.8,113.7,,2.291996,0.954266,0.87511,0.55,0.55,0.55,0.54,0.54,0.54,0.0,0.729991,0.617414,3.345215,11.171021,9.635496,
09/30/2009,114.57,117.6,114.3,,2.450569,0.992126,0.914261,0.563333,0.563333,0.563333,0.546667,0.546667,0.546667,0.0,0.84252,0.795276,4.47584,12.134608,10.643371,
12/31/2009,115.5,119.1,114.9,,2.81114,1.192341,1.116623,0.673333,0.673333,0.673333,0.65,0.65,0.65,0.0,1.068755,1.001741,4.808658,13.309957,11.864935,
03/31/2010,115.5,120.6,116.4,,2.823024,1.195876,1.114261,0.733333,0.733333,0.733333,0.706667,0.706667,0.706667,0.0,0.993127,0.853952,6.436364,15.324675,13.912554,
06/30/2010,118.2,121.5,117.9,,2.974555,1.268024,1.184902,0.753333,0.753333,0.753333,0.73,0.73,0.73,0.0,1.48855,1.31637,8.188663,16.28088,14.923012,
09/30/2010,117.9,121.5,118.2,,2.913706,1.204738,1.117597,0.733333,0.733333,0.733333,0.713333,0.713333,0.713333,0.0,0.956007,0.532149,8.319763,17.033927,15.443596,
12/31/2010,116.7,120.3,117.3,,3.318841,1.40324,1.311168,1.033333,1.033333,1.033333,1.006667,1.006667,1.006667,0.0,1.208014,1.127877,7.8012,17.45844,15.890317,
03/31/2011,117.9,120.6,117.3,,3.30861,1.360614,1.26428,0.886667,0.886667,0.878048,0.863333,0.863333,0.854171,0.0,0.898551,0.773231,9.243427,18.921968,17.315522,
06/30/2011,117.3,120.9,117.6,,3.619898,1.52466,1.429422,0.996667,0.996667,0.996667,0.97,0.97,0.97,0.0,1.708333,1.380952,8.473146,19.509804,17.932651,
09/30/2011,117.0,120.3,117.3,,3.808184,1.623188,1.525149,1.043333,1.043333,1.043333,1.016667,1.016667,1.016667,0.0,1.343564,1.219949,7.782906,20.247863,18.604274,
12/31/2011,117.9,120.9,117.6,,4.22449,1.802721,1.696429,1.286667,1.286667,1.286667,1.25,1.25,1.25,0.0,1.817177,1.687925,8.729432,22.439355,20.845632,
03/31/2012,119.1,123.0,118.5,,4.178903,1.74346,1.631224,1.21,1.21,1.21,1.166667,1.166667,1.166667,0.0,1.392405,0.98481,8.155332,24.578505,22.735516,
06/30/2012,119.7,123.9,119.7,,4.482038,1.998329,1.882206,1.293333,1.293333,1.293333,1.25,1.25,1.25,0.0,1.82122,1.6934,10.12949,26.586466,24.803676,
09/30/2012,119.4,123.3,119.7,,4.492899,1.893066,1.766082,1.53,1.53,1.53,1.486667,1.486667,1.486667,0.0,1.707602,1.707602,9.559464,27.583752,25.842546,
12/31/2012,120.6,123.6,120.0,,5.0775,2.195833,2.0675,1.456667,1.456667,1.456667,1.416667,1.416667,1.416667,0.0,1.81,1.300833,10.981758,29.685738,27.68325,
03/31/2013,120.6,124.2,120.9,,5.057072,2.210091,2.07775,1.563333,1.563333,1.563333,1.52,1.52,1.52,0.0,2.133995,1.995864,11.262023,31.278607,29.306799,
06/30/2013,119.1,122.4,119.7,,4.832916,1.964077,1.825397,1.33,1.33,1.33,1.3,1.3,1.3,0.0,1.579783,1.370927,10.832914,31.224181,29.297229,
09/30/2013,114.3,117.9,115.8,,4.309154,1.647668,1.504318,1.353333,1.353333,1.353333,1.33,1.33,1.33,0.0,1.759931,1.466321,10.611549,28.559055,26.55818,
12/31/2013,114.6,116.4,114.3,,5.04112,1.983377,1.825022,1.453333,1.453333,1.453333,1.426667,1.426667,1.426667,0.0,2.004374,1.751531,12.246946,30.553229,28.533159,
03/31/2014,115.2,117.3,114.9,,4.044386,0.640557,0.492602,0.386667,0.386667,0.802905,0.376667,0.376667,0.78548,0.0,1.447346,1.376849,13.53559,31.741319,29.485243,
06/30/2014,108.0,112.8,110.7,,4.62692,1.447154,1.29178,0.94,0.94,1.018762,0.923333,0.923333,1.001143,0.0,1.391147,1.336947,9.061111,26.133333,23.022222,
09/30/2014,108.9,110.7,108.3,,5.079409,1.652816,1.469067,1.143333,1.143333,1.143333,1.116667,1.116667,1.116667,0.0,1.390582,1.263158,9.31405,28.321396,25.267218,
12/31/2014,109.8,111.9,109.2,,5.537546,1.89011,1.704212,1.343333,1.343333,1.40338,1.313333,1.313333,1.370966,0.0,1.778388,1.181319,11.224954,30.777778,27.824226,
03/31/2015,110.4,113.1,110.1,,4.832879,1.367847,1.184378,0.88,0.88,0.926051,0.856667,0.856667,0.900506,0.0,1.123524,0.949137,12.338768,32.476449,29.593297,
06/30/2015,111.0,113.4,110.7,,5.29449,1.760614,1.570009,1.213333,1.213333,1.257282,1.186667,1.186667,1.227946,0.0,1.672087,1.549232,14.067568,34.168468,31.225225,
09/30/2015,111.9,114.0,111.9,,5.269884,1.907954,1.697051,1.496667,1.496667,1.233244,1.466667,1.466667,1.209649,0.0,1.605898,1.351206,15.546917,36.775693,33.816801,
12/31/2015,112.2,114.3,111.9,,6.045576,2.417337,2.197498,1.696667,1.696667,1.694006,1.663333,1.663333,1.659478,0.0,2.839142,2.663092,13.901961,38.498217,35.611408,
03/31/2016,114.3,115.5,113.1,,5.25641,1.789567,1.58267,1.206667,1.206667,1.219174,1.18,1.18,1.192889,0.0,2.005305,1.920424,15.821522,41.560805,38.650919,
06/30/2016,115.5,117.6,114.9,,5.832028,2.329852,2.13577,1.606667,1.606667,1.632335,1.57,1.57,1.595981,0.0,2.277633,2.178416,18.907359,44.861472,41.870996,
09/30/2016,116.1,119.1,116.1,,5.881998,2.400517,2.208441,1.816667,1.816667,1.681309,1.77,1.77,1.637338,0.0,2.236003,2.105943,19.080965,47.732989,44.83118,
12/31/2016,116.4,119.4,116.4,,6.502577,2.478522,2.271478,1.753333,1.753333,1.785303,1.71,1.71,1.741903,0.0,2.792955,2.640034,21.946735,49.637457,46.68299,
03/31/2017,110.4,115.5,111.9,,6.07328,1.931189,1.728329,1.62,1.62,1.693207,1.57,1.57,1.645064,0.0,2.158177,1.68454,13.268116,37.386775,34.29529,
06/30/2017,111.3,345.6,333.0,,2.278679,0.852252,0.78048,0.67,0.67,0.667974,0.646667,0.646667,0.645033,0.0,0.65015,0.484084,16.382749,40.631626,37.455526,
09/30/2017,112.0,116.8,111.8,,7.225403,2.732558,2.509839,2.67,2.67,2.704152,2.56,2.56,2.591886,0.0,3.165474,2.705725,19.167857,44.266071,41.088393,
12/31/2017,112.3,112.2,112.2,,7.950089,3.178253,2.932264,-0.28,-0.28,2.544463,-0.28,-0.28,2.544463,0.0,2.959002,2.682709,17.458593,42.553874,39.01959,
03/31/2018,113.3,118.0,112.8,,7.513298,2.68617,2.453014,2.55,2.55,2.5813,2.44,2.44,2.47026,0.0,2.484043,2.128546,22.218005,48.518094,44.944395,
06/30/2018,113.7,118.5,113.5,,8.011454,2.701322,2.444053,2.25,2.25,2.42982,2.15,2.15,2.322865,0.0,2.039648,1.644934,25.791557,51.544415,47.743184,
09/30/2018,114.2,119.2,114.0,,8.07807,3.020175,2.748246,2.57,2.57,2.646173,2.45,2.45,2.526877,0.0,2.805263,2.392982,27.45972,54.996497,50.850263,
12/31/2018,114.5,119.2,114.3,,9.155731,3.222222,2.904637,2.56,2.56,2.562511,2.45,2.45,2.453314,0.0,2.958005,2.472441,26.751965,58.330131,53.949345,
03/31/2019,115.4,119.6,115.0,,8.466957,2.592174,2.193043,2.67,2.67,2.784826,2.56,2.56,2.675008,0.0,2.897391,1.89913,24.338821,60.868284,56.084922,
06/30/2019,115.2,119.3,115.4,,9.52253,3.555459,3.110919,2.76,2.76,2.771008,2.67,2.67,2.682358,0.0,2.738302,2.026863,23.597222,63.06684,58.241319,
09/30/2019,115.6,119.3,115.4,,9.77643,3.652513,3.168977,3.44,3.44,2.810338,3.33,3.33,2.722398,0.0,3.434142,2.682842,25.065744,67.140138,61.548443,
12/31/2019,116.0,119.7,115.8,,11.033679,4.030225,3.433506,3.09,3.09,3.190142,2.99,2.99,3.087898,0.0,4.772884,3.546632,27.773276,71.239655,65.427586,
03/31/2020,116.6,119.8,116.4,,9.445876,2.975945,2.431271,2.69,2.69,2.775957,2.62,2.62,2.700312,0.0,3.030928,2.127148,27.90223,72.956261,67.170669,
06/30/2020,117.0,119.7,116.8,,7.295377,1.236301,0.690068,0.58,0.58,0.438106,0.57,0.57,0.429405,0.0,1.968322,1.026541,38.361538,74.705128,69.118803,
09/30/2020,,,,,,,,1.543,1.543,2.027,1.543,1.543,2.027,,3.19,,,81.03,,
12/31/2020,,,,,,,,2.564,2.564,2.993,2.564,2.564,2.993,,3.827,,,85.22,,
