Date,Basic Shares Outstanding,Diluted Weighted Avg Shares,Basic Weighted Avg Shares,Per Share Data Items,Revenue,EBITDA,Operating Income,Net Income to Common - Basic,Net Income before XO - Basic,Normalized Net Income - Basic,Net Income to Common - Diluted,Net Income before XO - Diluted,Normalized Net Income - Diluted,Dividends,Cash Flow,Free Cash Flow,Cash & Equivalents,Book Value,Tangible Book Value,Source: Bloomberg
11/30/1993,111.239998,123.639999,123.639999,,0.638547,0.035474,0.019096,0.0075,0.0075,,0.0075,0.0075,0.0075,,0.024078,,0.011273,0.436138,,
02/28/1994,114.264,123.552002,123.552002,,0.726998,0.046766,0.030165,0.015,0.015,,0.015,0.015,0.015,,-0.088918,,0.001322,0.446265,,
05/31/1994,114.272003,123.856003,123.856003,,0.672248,0.03282,0.015122,0.00375,0.00375,,0.00375,0.00375,0.00375,,0.001373,,0.004621,0.450784,,
08/31/1994,114.872,123.256,123.256,,1.004259,0.029467,0.00357,-0.005,-0.005,-0.005,-0.005,-0.005,-0.005,0.0,-0.053287,,0.015652,0.445983,,
11/30/1994,115.704002,123.751999,123.751999,,0.866176,0.058456,0.037381,0.015,0.015,0.015,0.015,0.015,0.015,,0.101962,,0.03623,0.4616,,
02/28/1995,116.688004,116.391998,116.391998,,0.983289,0.029495,0.005662,-0.00625,-0.00625,-0.00625,-0.00625,-0.00625,-0.00625,,-0.081801,,0.037947,0.45434,,
05/31/1995,117.688004,124.264,124.264,,1.065803,0.047721,0.023836,0.01,0.01,0.01,0.01,0.01,0.01,,0.046128,,0.051662,0.461959,,
08/31/1995,118.2,126.504,126.504,,1.623625,0.09338,0.064599,0.04,0.04,0.04,0.04,0.04,0.04,0.0,-0.172935,,0.046413,0.504188,,
11/30/1995,141.367996,134.216003,134.216003,,1.742378,0.114703,0.084625,0.03875,0.03875,0.03875,0.03875,0.03875,0.03875,,-0.178712,-0.274714,0.024114,0.736744,,
02/29/1996,141.983992,148.16,148.16,,1.590362,0.109726,0.078766,0.0425,0.0425,0.0425,0.0425,0.0425,0.0425,,0.148461,0.10465,0.030567,0.781426,,
05/31/1996,142.024002,148.863998,148.863998,,1.47585,0.104854,0.076385,0.0425,0.0425,0.0425,0.0425,0.0425,0.0425,,0.352026,,0.197178,0.825487,,
08/31/1996,142.384,150.104,150.104,,1.159869,0.108958,0.073329,0.04375,0.04375,0.04375,0.04375,0.04375,0.04375,,0.330771,,0.514938,0.872528,,
11/30/1996,143.0,151.535995,142.679993,,1.423255,0.140826,0.102747,0.0625,0.0625,0.0625,0.0575,0.0575,0.0575,,0.087945,-0.005397,0.506427,0.933902,,
02/28/1997,145.712006,153.304001,144.727997,,1.535204,0.164225,0.122671,0.0775,0.0775,0.0775,0.0725,0.0725,0.0725,,0.057577,-0.071755,0.44717,1.008949,,
05/31/1997,146.016006,153.567993,146.016006,,1.695958,0.188596,0.151072,0.1,0.1,0.1,0.095,0.095,0.095,,0.163338,-0.052522,0.386471,1.109009,,
08/31/1997,148.0,155.039992,147.376008,,2.070948,0.240059,0.18579,0.1225,0.1225,0.1225,0.1175,0.1175,0.1175,0.0,0.167117,-0.038141,0.307142,1.22625,,
11/30/1997,148.0,154.699997,148.076004,,2.157757,0.246387,0.19825,0.13,0.13,0.13,0.125,0.125,0.125,0.0,0.145148,-0.067026,0.291561,1.355676,,
02/28/1998,148.679993,154.255997,148.320007,,2.229558,0.25956,0.204443,0.135,0.135,0.135,0.13,0.13,0.13,0.0,0.325108,0.143056,0.374496,1.541236,,
05/31/1998,148.740192,154.46,148.668,,2.082486,0.331692,0.173319,0.115,0.115,0.115,0.1125,0.1125,0.1125,0.0,0.467357,-0.009289,0.291434,1.657313,,
08/31/1998,149.072006,153.787994,148.932007,,2.132349,0.21916,0.137533,0.005,0.005,0.09,0.005,0.005,0.085,0.0,0.194498,0.000316,0.15522,1.666081,,
11/30/1998,149.276001,165.556,159.380005,,3.106506,0.28247,0.201129,0.13,0.13,0.13,0.12,0.12,0.12,0.0,0.166897,-0.057673,0.087194,1.793945,,
02/28/1999,163.828003,167.005997,159.944,,3.493116,0.338543,0.224604,0.14,0.14,0.14,0.13,0.13,0.13,0.0,0.047204,-0.322407,0.110408,1.789676,,
05/31/1999,164.147995,181.328003,173.130005,,3.36301,0.323503,0.226679,0.13,0.13,0.15,0.12,0.12,0.14,0.0,0.411823,0.182753,0.965403,3.147623,,
08/31/1999,174.703995,182.585999,174.561996,,3.450551,0.313505,0.224906,0.12,0.12,0.16,0.11,0.11,0.15,0.0,0.028735,-0.166646,0.876483,3.307371,,
11/30/1999,173.731422,182.778,174.82,,3.945899,0.38646,0.254862,0.15,0.15,0.17,0.145,0.145,0.165,0.0,-0.003981,-0.357968,0.277002,3.500386,,
02/29/2000,176.529999,184.518005,175.716003,,4.766566,0.404869,0.288101,0.19,0.19,0.19,0.18,0.18,0.18,0.0,-0.114315,-0.488863,0.320693,3.670096,,
05/31/2000,189.970001,184.960007,176.673996,,5.466843,0.486302,0.330309,0.22,0.22,0.22,0.21,0.21,0.21,0.0,-0.033678,-0.544806,0.20529,3.643633,,
08/31/2000,190.251007,197.535995,188.917999,,5.637832,0.491144,0.341593,0.25,0.25,0.25,0.24,0.24,0.24,0.0,0.328973,-0.280487,1.774508,6.676354,6.49575,
11/30/2000,190.810842,198.907,190.526,,5.925464,0.502598,0.342148,0.25,0.25,0.25,0.24,0.24,0.24,,-0.320061,-1.094139,0.686895,6.91642,,
02/28/2001,191.264008,198.326004,190.931,,6.343522,0.527929,0.309876,0.21,0.21,0.21,0.21,0.21,0.21,0.0,0.437132,0.010271,0.763996,7.187662,,
05/31/2001,191.459,198.100998,191.233994,,5.472165,0.423408,0.218047,0.1,0.1,0.17,0.09,0.09,0.16,0.0,0.075818,-0.14043,2.389326,7.281434,,
08/31/2001,196.871002,199.621002,194.755997,,4.847404,0.387911,0.162434,0.06,0.06,0.13,0.06,0.06,0.13,0.0,0.748619,0.549061,2.187483,7.182754,6.426482,
11/30/2001,197.154999,199.514999,197.011993,,4.489915,0.361475,0.138494,0.04,0.04,0.11,0.04,0.04,0.11,0.0,0.776866,0.663868,2.497441,7.219923,6.355613,
02/28/2002,197.546997,201.348007,197.304993,,4.166514,0.322034,0.089815,0.02,0.02,0.08,0.02,0.02,0.08,0.0,0.764938,0.693307,3.256663,7.473498,6.577083,
05/31/2002,197.639008,200.996994,197.481003,,4.30726,0.392595,0.146444,0.11,0.11,0.12,0.1,0.1,0.12,0.0,0.724384,0.637271,3.332798,7.581302,6.689352,
08/31/2002,197.951004,200.643005,197.787003,,4.9964,0.423653,0.171108,0.01,0.01,0.15,0.01,0.01,0.15,0.0,0.54138,0.375793,3.236836,7.612848,6.63055,
11/30/2002,198.179001,200.098999,197.972,,5.395945,0.426424,0.166372,0.04,0.04,0.15,0.04,0.04,0.15,0.0,0.472713,0.346519,2.716024,7.629567,6.011909,
02/28/2003,198.632004,200.725998,198.350998,,5.777218,0.457694,0.163498,0.05,0.05,0.16,0.05,0.05,0.16,0.0,0.293409,0.158436,2.503882,7.819103,6.123288,
05/31/2003,198.860001,202.132004,198.595993,,6.13962,0.481354,0.198025,0.02,0.02,0.19,0.02,0.02,0.19,0.0,0.222185,0.10969,2.58687,8.012768,6.189093,
08/31/2003,199.345958,203.98,199.059,,6.510708,0.495667,0.202618,0.1,0.1,0.1,0.1,0.1,0.1,0.0,0.339528,0.122913,3.510219,7.968438,6.055588,
11/30/2003,200.0,213.940002,199.626007,,7.559105,0.554552,0.272384,0.21,0.21,0.26,0.2,0.2,0.25,0.0,0.384905,0.180493,3.7434,8.31826,6.41561,
02/29/2004,200.720001,214.738007,200.266998,,7.449435,0.523616,0.25069,0.2,0.2,0.25,0.19,0.19,0.24,0.0,0.903324,0.680137,4.487281,8.610592,6.732792,
05/31/2004,200.953995,206.371002,200.716003,,8.100251,0.550559,0.278463,0.2,0.2,0.26,0.19,0.19,0.26,0.0,0.471293,0.19701,2.966669,8.748375,6.948605,
08/31/2004,,205.165,201.11,,8.086008,,0.28284,0.22,0.22,0.22,0.22,0.22,0.22,,,,,,,
11/30/2004,201.686005,205.843002,201.466995,,9.100126,0.617059,0.348965,0.28,0.28,0.32,0.27,0.27,0.32,0.0,0.138296,-0.138593,3.073272,9.659515,7.872053,
02/28/2005,202.31486,206.459,201.93,,8.498024,0.566984,0.286109,0.23,0.23,0.27,0.22,0.22,0.27,0.0,0.985183,0.760585,3.85427,9.987991,8.243482,
05/31/2005,203.185132,207.736,202.666,,9.564579,0.650262,0.361363,0.29,0.29,0.34,0.29,0.29,0.33,,0.940385,0.629844,3.35183,10.070097,7.816507,
08/31/2005,204.492126,209.970001,203.940994,,9.986173,0.589729,0.340422,0.29,0.29,0.32,0.28,0.28,0.31,0.0,0.846407,0.391491,3.892918,10.494003,8.277287,
11/30/2005,205.394501,209.759995,204.699005,,11.746061,0.668821,0.43392,0.38,0.38,0.4,0.37,0.37,0.39,0.0,0.701073,0.374882,4.263113,10.83249,8.682886,
02/28/2006,209.486176,214.091003,207.621994,,11.149888,0.638299,0.401431,0.33,0.33,0.35,0.32,0.32,0.34,0.0,0.028407,-0.225935,4.38512,11.504125,9.404034,
05/31/2006,212.288025,215.807999,210.440994,,12.319197,0.60723,0.367115,0.31,0.31,0.34,0.3,0.3,0.33,0.07,0.573985,0.26501,4.026977,11.937861,8.884369,
08/31/2006,202.931351,209.442001,206.865997,,14.27791,0.603531,0.35756,-0.22,-0.22,0.32,-0.22,-0.22,0.32,0.07,0.860359,0.399858,3.811944,11.306685,7.912562,
11/30/2006,205.997131,206.360992,203.076996,,15.875766,0.590116,0.333642,0.2,0.2,0.25,0.2,0.2,0.25,0.07,-1.242061,-1.595715,3.161656,11.49332,8.147531,
02/28/2007,205.997131,205.925003,203.376999,,14.430649,0.469915,0.185257,0.07,0.07,0.1,0.07,0.07,0.1,0.07,-0.001623,-0.268905,2.692693,11.572836,5.439911,
05/31/2007,207.555893,205.772003,203.727997,,14.734823,0.602794,0.289376,0.03,0.03,0.16,0.03,0.03,0.16,0.07,0.940416,0.508276,2.690157,11.717923,5.558373,
08/31/2007,204.574679,206.106,204.196,,15.327582,0.7631,0.440503,0.06,0.06,0.26,0.06,0.06,0.26,0.07,1.199162,0.768335,3.243925,11.941903,5.728642,
11/30/2007,209.531836,206.605,204.649,,16.457188,0.852513,0.528695,0.3,0.3,0.35,0.3,0.3,0.35,0.07,0.698787,0.376479,3.171146,12.29848,6.092654,
02/29/2008,209.169079,205.082,205.082,,14.914098,0.544338,0.211671,-0.12,-0.12,0.13,-0.12,-0.12,0.13,0.07,0.632927,0.22647,2.54038,12.465624,6.131389,
05/31/2008,210.032744,206.077,205.463,,15.030779,0.667317,0.323956,0.19,0.19,0.23,0.19,0.19,0.23,0.07,0.713296,0.394451,4.094928,12.738552,6.391903,
08/31/2008,206.380171,206.804,205.889,,15.857447,0.773752,0.427594,0.28,0.28,0.28,0.28,0.28,0.28,0.07,0.003099,-0.592727,3.745142,13.158847,6.898822,
11/30/2008,213.839652,206.411,206.411,,16.387252,-0.815867,-1.162535,-1.34,-1.34,0.210288,-1.34,-1.34,0.206733,0.07,-0.161464,-0.719211,2.711761,10.712265,6.484737,
02/28/2009,213.769317,206.711,206.711,,13.968294,-3.052648,-3.41336,-4.19,-4.19,-0.598907,-4.19,-4.19,-0.598999,0.07,1.657009,1.320414,3.625104,6.559861,5.766197,
05/31/2009,207.355009,207.19,207.19,,12.621753,0.310768,-0.03768,-0.14,-0.14,-0.069823,-0.14,-0.14,-0.071003,0.07,0.38178,0.138158,3.708206,6.794362,5.988888,
08/31/2009,208.022841,214.98,213.83,,13.092307,1.567329,0.201772,0.03,0.03,0.092881,0.03,0.03,0.092881,0.07,2.606318,1.239634,4.212384,6.89906,6.147758,
11/30/2009,208.774956,215.059,213.665,,14.453729,0.652058,0.31013,0.13,0.13,0.233408,0.13,0.13,0.230359,0.07,0.347567,0.169887,4.08127,7.037075,6.311466,
02/28/2010,209.57808,214.76,213.625,,14.065039,0.614076,0.289194,0.14,0.14,0.144119,0.14,0.14,0.144119,0.07,0.142909,-0.224122,3.789218,7.075649,6.387056,
05/31/2010,210.078576,216.522,213.881,,16.156545,0.776203,0.45134,0.24,0.24,0.252241,0.24,0.24,0.248861,0.07,0.174789,-0.427167,2.857735,7.136244,6.462858,
08/31/2010,210.496989,215.997,214.011,,18.040816,0.814589,0.481237,0.27,0.27,0.314537,0.27,0.27,0.309923,0.07,1.332801,0.61645,3.536055,7.496763,6.866977,
11/30/2010,212.603364,217.405,214.395,,19.040467,1.077217,0.727629,0.5,0.5,0.499587,0.49,0.49,0.491987,0.07,-0.385867,-0.858215,2.963989,7.955711,7.3432,
02/28/2011,213.72396,221.022,215.17,,18.258414,0.843821,0.486318,0.26,0.26,0.432914,0.25,0.25,0.420784,0.07,2.092917,1.599921,4.22188,8.385517,7.698444,
05/31/2011,213.954794,222.337,215.705,,19.599397,1.089316,0.707137,0.49,0.49,0.49,0.47,0.47,0.47,0.07,0.726974,0.200246,4.258587,9.036278,8.432973,
08/31/2011,203.416503,219.494,212.753,,20.118612,1.177079,0.778179,0.54,0.54,0.54,0.52,0.52,0.52,0.07,1.426969,0.778217,4.368431,9.178803,8.562801,
11/30/2011,207.612936,209.937,205.388,,21.066318,1.249844,0.831801,0.55,0.55,0.55,0.54,0.54,0.54,0.08,0.557837,0.055208,4.151495,9.144416,8.580607,
02/29/2012,206.604032,212.148,207.287,,20.436274,1.148606,0.724686,0.47,0.47,0.47,0.46,0.46,0.46,0.08,-0.527505,-0.900283,3.423699,9.68438,8.605684,
05/31/2012,205.473091,211.541,206.298,,20.605716,1.187869,0.759111,0.49,0.49,0.54033,0.48,0.48,0.527977,0.08,0.903058,0.363615,3.611806,9.799658,8.746357,
08/31/2012,206.028577,210.847,205.666,,21.09284,1.14542,0.701467,0.4,0.4,0.431097,0.39,0.39,0.417816,0.08,2.152514,1.151352,5.90819,10.217306,9.17827,
11/30/2012,202.140682,207.816,204.318,,22.695103,1.299367,0.833412,0.52,0.52,0.52,0.51,0.51,0.51,0.08,0.743517,-0.071315,5.095629,10.258761,9.212119,
02/28/2013,202.643007,206.804,202.458,,20.578861,1.150164,0.657129,0.44,0.37,0.37,0.43,0.37,0.37,0.08,0.759516,-0.252976,5.239041,10.738604,9.690638,
05/31/2013,202.651388,207.569,202.648,,20.70696,0.956417,0.459555,0.25,0.2,0.40182,0.24,0.19,0.391013,0.08,2.487056,2.084778,6.670204,10.883651,9.825765,
08/31/2013,203.16487,208.502,202.959,,22.239438,0.960623,0.357511,0.63,0.56,0.491326,0.61,0.55,0.48191,0.08,1.991575,0.592942,4.97809,11.494541,8.494786,
11/30/2013,206.454127,206.813,204.762,,21.208579,1.37232,0.758945,0.58,0.5,0.539373,0.57,0.49,0.531743,0.08,0.574843,-0.416513,3.725879,11.580645,7.886527,
02/28/2014,203.354328,205.251,205.251,,17.428977,0.610053,0.017739,-0.19,-0.16,-0.010655,-0.19,-0.16,-0.012722,0.08,0.082387,-0.323735,3.319964,11.287574,8.212734,
05/31/2014,199.82103,202.008,202.008,,18.741213,0.583343,-0.007985,0.93,-0.26,-0.175425,0.93,-0.26,-0.175425,0.08,1.360204,0.724684,6.617251,12.056834,8.965978,
08/31/2014,194.11385,198.053,198.053,,20.480604,0.844718,0.235508,-0.13,-0.1,0.006915,-0.13,-0.1,0.002814,0.08,0.455691,-0.601253,5.152899,11.549037,8.315368,
11/30/2014,193.221845,195.314,193.502,,23.516129,1.380528,0.74808,0.37,0.38,0.468187,0.37,0.37,0.460496,0.08,0.977256,-0.044315,4.76915,11.567833,8.3542,
02/28/2015,193.749894,195.473,193.561,,22.263385,1.301461,0.645021,0.27,0.3,0.40147,0.27,0.29,0.393585,0.08,1.737561,0.339908,4.987946,11.584858,8.392113,
05/31/2015,193.827796,196.304,193.785,,22.492149,1.399061,0.698826,0.37,0.37,0.359243,0.37,0.37,0.357672,0.08,1.844807,0.465691,4.967265,11.92636,8.526579,
08/31/2015,192.068068,196.351,193.904,,24.139848,1.518396,0.775554,0.45,0.47,0.449806,0.45,0.46,0.444946,0.08,1.844248,0.670027,4.758537,12.052269,8.168656,
11/30/2015,190.548351,193.243,190.355,,27.359287,1.974553,1.126858,0.69,0.69,0.699738,0.68,0.68,0.686798,0.08,0.764314,-0.560043,5.932059,12.503939,8.39239,
02/29/2016,191.187666,193.294,190.957,,23.060658,1.690784,0.811329,0.41,0.41,0.426614,0.41,0.41,0.423115,0.08,-0.380038,-1.447975,4.619639,12.903505,8.21473,
05/31/2016,191.220619,193.069,191.206,,22.545067,1.272272,0.31168,0.03,0.03,0.055284,0.03,0.03,0.055284,0.08,2.173316,1.062069,4.638574,13.034431,8.361217,
08/31/2016,186.998472,191.602,189.139,,23.425962,1.467614,0.495947,0.2,0.2,0.216189,0.2,0.2,0.214743,0.08,2.264261,0.912165,4.877361,13.038454,8.269822,
11/30/2016,183.10294,187.856,185.292,,27.550558,1.91324,0.893762,0.48,0.48,0.658577,0.47,0.47,0.651,0.08,0.820003,-0.064363,4.081939,12.965084,8.168858,
02/28/2017,182.349673,185.01,182.632,,24.342048,1.503565,0.455468,0.11,0.11,0.362181,0.11,0.11,0.355829,0.08,1.063685,0.205085,4.140934,13.223539,8.413571,
05/31/2017,179.463376,181.038,181.038,,24.798976,1.290464,0.239635,-0.14,-0.14,0.161299,-0.14,-0.14,0.160944,0.08,1.031938,0.136739,4.145308,12.969092,7.973454,
08/31/2017,177.727653,182.977,178.697,,28.109196,1.723056,0.660655,0.26,0.26,0.52477,0.25,0.25,0.512852,0.08,-11.175946,-12.484004,6.695182,13.24225,8.218946,
11/30/2017,176.30566,180.203,176.936,,31.568092,1.923786,0.823767,0.36,0.36,0.465547,0.35,0.35,0.45309,0.08,-3.671638,-4.907209,4.232751,13.214204,7.930829,
02/28/2018,172.06323,176.953,174.635,,30.355318,1.81648,0.74173,0.21,0.21,0.525597,0.21,0.21,0.517876,0.08,-1.22744,-3.092954,5.467734,13.263118,7.872083,
05/31/2018,168.799744,173.279,170.514,,31.885663,1.843221,0.662532,0.25,0.25,0.319908,0.25,0.25,0.319298,0.08,-3.004481,-4.615879,4.013584,12.874078,7.424875,
08/31/2018,164.588172,166.968,166.968,,34.568486,2.06,0.92171,-0.34,-0.34,0.548358,-0.34,-0.34,0.548358,0.08,1.622209,0.31966,7.64301,11.849314,6.339344,
11/30/2018,157.986896,163.67,161.557,,40.272319,2.510235,1.341384,0.77,0.77,0.867385,0.76,0.76,0.861009,0.08,-0.567558,-2.000569,5.091618,11.975145,6.303061,
02/28/2019,152.878329,156.737,154.725,,39.21144,2.240472,0.995204,0.44,0.44,0.513221,0.43,0.43,0.506907,0.08,1.289113,-0.686179,4.899694,12.082648,6.184264,
05/31/2019,152.926887,155.678,152.889,,40.131089,2.18675,0.921701,0.28,0.28,0.433493,0.28,0.28,0.42642,0.08,0.031991,-1.616827,4.538679,12.129803,6.305588,
08/31/2019,153.52038,156.981,153.327,,42.872116,2.521774,1.237519,0.34,0.34,0.752117,0.34,0.34,0.73906,0.08,7.046443,5.636033,7.577776,12.294413,6.568086,
11/30/2019,152.300356,156.462,153.1,,49.024807,2.504069,0.997903,0.26,0.26,0.764724,0.26,0.26,0.749941,0.08,0.136799,-1.368054,4.726463,12.053064,6.01736,
02/29/2020,151.407526,152.058,152.058,,40.281228,2.090834,0.596023,-0.02,-0.02,0.31722,-0.02,-0.02,0.31722,0.08,0.415776,-1.020334,4.601786,11.53728,5.358102,
05/31/2020,150.574036,150.723,150.723,,42.035005,1.898854,0.393994,-0.34,-0.34,0.198417,-0.34,-0.34,0.196507,0.08,3.228174,1.900042,5.069513,10.840528,4.715667,
08/31/2020,,,,,,,,0.393,0.393,0.659,0.393,0.393,0.659,,4.03,,,,,
11/30/2020,,,,,,,,0.885,0.885,1.003,0.885,0.885,1.003,,0.73,,,,,
