Date,Revenue,Consensus Estimate,Comparable Actual,Revenue Surprise %,GAAP Actual,Adjusted Actual,FFO Per Share,FFO Per Share Surprise %,EBIT,EBIT Surprise %,EBITDA,EBITDA Surprise %,Net Income,Net Income Surprise %,Source: Bloomberg
03/31/1994,,,8.769,,7.944,7.944,,,,,,,,,
06/30/1994,,,8.613,,8.613,8.613,,,,,,,,,
09/30/1994,,,8.816,,8.816,8.816,,,,,,,,,
12/31/1994,,,9.061,,9.061,9.061,,,,,,,,,
03/31/1995,,,10.553,,10.553,10.553,,,,,,,,,
06/30/1995,,,11.408,,11.408,11.408,,,,,,,,,
09/30/1995,,,11.665,,11.664999,11.664999,,,,,,,,,
12/31/1995,,,10.664,,10.664,10.664,,,,,,,,,
03/31/1996,,,13.411,,13.411,13.411,,,,,,,,,
06/30/1996,,,14.038,,14.038,14.038,,,,,,,,,
09/30/1996,,,15.224,,15.224,15.224,,,,,,,,,
12/31/1996,,,15.019,,15.019,15.019,,,,,,,,,
03/31/1997,,,15.995,,15.995,15.995,,,,,,,,,
06/30/1997,,,16.436001,,16.436,16.436,,,,,,,,,
09/30/1997,,,16.032,,16.032001,16.032001,,,,,,,,,
12/31/1997,,,18.934999,,18.934999,18.934999,,,,,,,,,
03/31/1998,,,20.875,,20.874999,20.874999,,,,,,,,,
06/30/1998,,,22.486,,22.486001,22.486001,,,,,,,,,
09/30/1998,,,28.209,,23.358001,23.358001,,,,,,,,,
12/31/1998,,,30.943001,,30.894002,30.894002,,,,,,,,,
03/31/1999,,,32.867001,,32.867,32.867,,,,,,,,,
06/30/1999,,,35.82,,35.82,35.82,,,,,,,,,
09/30/1999,,,38.995998,,38.996,38.996,,,,,,,,,
12/31/1999,,,42.617001,,42.617001,42.617001,,,,,,,,,
03/31/2000,,,42.091,,42.091,42.091,,,,,,,,,
06/30/2000,,,44.375999,,44.376,44.376,,,,,,,,,
09/30/2000,,,44.942001,,44.942,44.942,,,,,,,,,
12/31/2000,,,47.287998,,47.288002,47.288002,,,,,,,,,
03/31/2001,,,49.484001,,49.484,49.484,,,,,,,,,
06/30/2001,,,52.782001,,52.782,52.782,,,,,,,,,
09/30/2001,,,52.549999,,52.707,52.707,,,,,,,,,
12/31/2001,,,54.514999,,57.011,57.011,,,,,,,,,
03/31/2002,,,55.178001,,56.285,56.285,,,,,,,,,
06/30/2002,,,55.566002,,56.446,56.446,,,,,,,,,
09/30/2002,,,54.658001,,56.147,56.147,,,,,,,,,
12/31/2002,,,55.366001,,58.353002,58.353002,,,,,,,,,
03/31/2003,,,59.966999,,66.352,66.352,,,,,,,,,
06/30/2003,,,49.655998,,49.318,49.318,,,,,,,,,
09/30/2003,,,59.514999,,88.595,88.595,,,,,,,,,
12/31/2003,,,,,81.16,81.16,,,,,,,,,
03/31/2004,,,71.917,,68.48,68.48,,,,,,,,,
06/30/2004,,,62.153,,68.521,68.521,,,,,,,,,
09/30/2004,,,68.809998,,75.602,75.602,,,,,,,,,
12/31/2004,,,67.581001,,72.898,72.898,,,,,,,,,
03/31/2005,,,81.371002,,83.871,83.871,,,,,,,,,
06/30/2005,,,75.483002,,80.928,80.928,,,,,,,,,
09/30/2005,,,74.649002,,82.434,82.434,,-29.6551724137931,,,,,,,
12/31/2005,,77.85,87.25,,104.757,104.757,,17.8947368421053,,,,,,12.0745022479127,
03/31/2006,,77.7,80.689003,38.9077415492958,93.286,93.286,,9.27835051546393,,,,,,3.8468507078507,
06/30/2006,,89.3,87.681,18.135276053693,105.835,105.835,,6.17760617760618,,,,,,-1.81298992161254,
09/30/2006,,111.75,85.855003,2.69714801300187,88.518,88.518,,13.0604288499025,,,,,,-23.1722568232662,
12/31/2006,,87.14,83.175003,13.4069585476551,128.982,128.982,,8.41121495327101,,,,,,-4.55014574248336,
03/31/2007,,102.4,97.820999,9.16329150684931,150.855,150.855,,18.5410334346505,,,,,,-4.47168066406251,
06/30/2007,,87.275,98.496002,-5.112579602649,125.113,125.113,,17.5496688741722,,,,,,12.8570633056431,
09/30/2007,,77.85,76.709,-1.29999659090909,75.096,75.096,,2.88808664259926,,,,,,-1.46563904945407,
12/31/2007,,64.933,71.776001,5.96414341736694,72.107,72.107,,-0.562851782363978,,,,,,10.538556666102,
03/31/2008,,89.25,83.428001,4.23303829321662,86.645,86.645,,0.946372239747635,,,,,,-6.52324817927172,
06/30/2008,,103.7,82.220001,-3.44258259045621,82.552,82.552,,0.303951367781155,,,,,,-20.7135959498554,
09/30/2008,,101.15,87.750999,1.47874626452242,96.762,96.762,,0.147275405007364,,,,,,-13.2466643598616,
12/31/2008,,40.3,41.828999,1.92266793602832,-63.345,-63.345,,-83.6065573770492,,,,,,3.79404218362284,
03/31/2009,,46.043,41.426998,1.83561134453781,26.602,23.718,,-1.37614678899083,,,,,,-10.0254153725865,
06/30/2009,,41.057,29.9,-0.166137130801692,-146.473,-96.294,,-3.42679127725857,,,,,,-27.1744160557274,
09/30/2009,,35.4,28.205999,2.24813206370858,28.286,26.224,,-1.96078431372549,,,,,,-20.3220367231638,
12/31/2009,,25.24,40.144001,5.26781664032759,40.355,35.585,,4.72972972972973,,,,,,59.0491323296355,
03/31/2010,,25.686,45.960999,2.11605847953216,39.014,36.083,,13.1386861313869,,,,,,78.9340457836954,
06/30/2010,,30.183,31.356001,-4.48437410714285,12.789,13.762,,15.6716417910448,,,,,,3.88629692210847,
09/30/2010,,24.533,6.233,-0.698111320754717,17.471,26.773,,2.27272727272727,,,,,,-74.5934048016957,
12/31/2010,,25.7,28.539,0.930482783202482,22.247,16.857,,3.94265232974909,,,,,,11.0466926070039,
03/31/2011,,31.35,9.334,2.7619247706422,14.122,12.859,,1.69491525423729,,,,,,-70.2264752791069,
06/30/2011,,32.14,35.501999,-2.64831616341029,23.868,28.573,,-0.66225165562914,,,,,,10.4604822650902,
09/30/2011,,34.6,53.082001,-2.57980027051398,40.14,34.253,,2.64900662251656,,,,,,53.4161878612717,
12/31/2011,,34.18,29.754,-2.25679603351,31.556,19.604,,9.27152317880796,,,,,,-12.9490930368637,
03/31/2012,,35.117,36.599,-1.0770710849813,38.064,33.745,,2.99003322259136,,,,,,4.22017826124099,
06/30/2012,,33.45,16.365,5.00401427297057,48.271,51.332,,1.63934426229508,,,,,,-51.0762331838565,
09/30/2012,,41.943,46.07,2.14889867841409,27.106,13.746,,0.64935064935065,,,,,,9.83954414324202,
12/31/2012,,35.657,61.315,-0.0650024866723093,59.231,24.336,,7.84313725490197,,,,,,71.9578203438315,
03/31/2013,,43.629,56.013,2.86566504639858,53.197,47.431,,-0.621118012422361,,,,,,28.3847899333012,
06/30/2013,,47.5,96.255,1.66337907375644,36.566,88.812,,4.79041916167663,,,,,,102.642105263158,
09/30/2013,,56.725,115.965,-1.16098807495741,41.19,93.242,,0.303951367781155,,,,,,104.433671220802,
12/31/2013,,55.538,48.06,-0.144714765100671,47.035,43.965,,-0.602409638554217,,,,,,-13.4646548309266,
03/31/2014,,60.511,56.685,-0.605551515759389,72.427,52.324,,0.591715976331361,,,,,,-6.32281733899622,
06/30/2014,,59.06,145.442,3.34686805900539,74.939,137.614,,1.44927536231884,,,,,,146.261429055198,
09/30/2014,,66.1,93.521,0.321116900806149,180.135,90.868,,1.98300283286119,,,,,,41.4841149773071,
12/31/2014,,65.9,73.341,-0.597778347830823,38.207,73.333,,-0.568181818181819,,,,,,11.2913505311077,
03/31/2015,,59.183,302.235,4.9366775219486,295.769,270.18,,2.27272727272727,,,,,,410.678742206377,
06/30/2015,,88.043,137.93435,2.61470853418715,112.427,101.387,,2.49307479224377,,,,,,56.6670263394023,
09/30/2015,,68.629,72.9947,-2.28034482758621,62.999,96.722,,-2.17391304347826,,,,,,6.36130498768741,
12/31/2015,,50.467,388.85375,3.20760496508705,360.02,337.901,,0.574712643678161,,-13.3470031545741,,,,670.510927933105,
03/31/2016,,59.957,111.898,-0.24132062627638,129.158,108.102,,2.70270270270271,,11.9319587628866,,,,86.6304184665677,
06/30/2016,,68.388,238.73745,-2.38931404112964,191.854,204.799,,-0.523560209424084,,-11.0252100840336,,,,249.092603965608,
09/30/2016,,-24.362,-25.2156,-3.19376083188908,-55.099,-9.123,,4.04624277456648,,-20.2287037037037,,,,-3.50381742057302,
12/31/2016,,62.25,97.349,4.52515598222174,64.7,72.952,,0.0,,-20.291897891232,,,,56.3839357429719,
03/31/2017,,63.85,66.16005,-0.552920962199306,65.178,65.109,,0.0,,4.77327491785324,,-1.06714628297362,,3.61793265465935,
06/30/2017,,65.314,161.01435,1.97200690391142,131.861,141.697,,8.46560846560846,,37.682328907048,,-4.80045351473923,,146.523486541936,
09/30/2017,,61.943,68.0346,-0.390202702702693,101.957,66.121,,1.87667560321716,,-0.155000000000001,,-0.674595636441132,,9.83420241189481,
12/31/2017,,69.578,96.56315,5.63840482573728,72.929,74.544,,2.09424083769634,,-24.68,,2.46229383556311,,38.7840265601196,
03/31/2018,,66.663,86.21634,2.6423628691983,129.501,80.176,,3.35195530726257,,8.72175732217574,,1.73206197854589,,29.3316232392782,
06/30/2018,,70.329,95.12167,0.543146755854689,150.852,78.485,,3.35195530726257,,-34.0476635514019,,2.18559074407486,,35.2524136558177,
09/30/2018,,71.56,76.10744,0.273460192413956,85.624,73.472,,6.50887573964496,,-29.6359223300971,,2.24769230769231,,6.35472330911123,
12/31/2018,,69.967,104.83108,2.7108782074449,73.03,69.003,,-0.849858356940511,,9.26666666666666,,2.49576152189967,,49.8293195363529,
03/31/2019,,74.533,84.01025,4.53118467022415,101.635,80.712,,6.44257703081233,,32.7752475247525,,3.91296930040244,,12.7155085666752,
06/30/2019,,74.575,102.96829,1.64959857270294,86.493,89.182,,-0.826446280991736,,,,-2.59280881898417,,38.0734696614147,
09/30/2019,,83.271,85.12311,0.244168657107811,59.048,69.632,,5.71428571428572,,2.17565485362097,,-0.0404225636778586,,2.22419569838239,
12/31/2019,,69.233,73.75432,4.78768577494691,92.151,67.823,,3.64145658263306,,-1.03875407461065,,0.408977556109722,,6.5305851255904,
03/31/2020,,80.078,89.88946,1.46661250332686,83.746,87.54,,3.06406685236769,,-32.2216017634093,,-5.67393607914451,,12.2523789305427,
06/30/2020,,257.047,213.69302,-2.62515436690211,741.539,213.584,,1.26582278481013,,-65.7721810892902,,-10.3173652694611,,-16.8661684439033,
09/30/2020,,38.057,,,,,,,,,,,,,
12/31/2020,,43.6,,,,,,,,,,,,,
