Date,Revenue,Comparable Actual,GAAP Actual,Adjusted Actual,Earnings Per Share,EBIT,EBITDA,Gross Margin %,Pretax Income (Loss),Net Income,Source: Bloomberg
09/30/1988,,0.0,435,435.0,,,,,,,
12/25/1988,,0.0,312,312.0,,,,,,,
03/31/1989,,0.0,200,200.0,,,,,,,
06/30/1989,,0.0,60,60.0,,,,,,,
09/30/1989,,0.0,329,329.0,,,,,,,
12/31/1989,,0.0,-60,-60.0,,,,,,,
03/31/1990,,199.0,199,199.0,,,,,,,
06/30/1990,,384.0,384,384.0,,,,,,,
09/30/1990,,-206.0,-206,-206.0,,,,,,,
12/31/1990,,0.0,326,326.0,,,,,,,
03/31/1991,,178.0,178,178.0,,,,,,,
06/30/1991,,357.0,357,357.0,,,,,,,
09/30/1991,,-118.0,-118,-118.0,,,,,,,
12/31/1991,,0.0,-400,-400.0,,,,,,,
03/31/1992,,145.0,297,297.0,,,,,,,
06/30/1992,,361.0,361,361.0,,,,,,,
09/30/1992,,189.0,189,189.0,,,,,,,
12/31/1992,,0.0,299,299.0,,,,,,,
03/31/1993,,94.0,-2019,-2019.0,,,,,,,
06/30/1993,,304.0,371,371.0,,,,,,,
09/30/1993,,-127.0,-68,-68.0,,,,,,,
12/31/1993,,0.0,201,201.0,,,,,,,
03/31/1994,,145.0,82,82.0,,,,,,,
06/30/1994,,295.0,264,264.0,,,,,,,
09/30/1994,,193.0,193,193.0,,,,,,,
12/31/1994,,0.0,18,18.0,,,,,,,
03/31/1995,,262.0,262,262.0,,,,,,,
06/30/1995,,377.0,377,377.0,,,,,,,
09/30/1995,,338.0,338,338.0,,,,,,,
12/31/1995,,275.0,275,275.0,,,,,,,
03/31/1996,,274.0,274,274.0,,,,,,,
06/30/1996,,440.0,440,440.0,,,,,,,
09/30/1996,,410.0,410,410.0,,,,,,,
12/31/1996,,508.0,164,164.0,,,,,,,
03/31/1997,,272.0,149,149.0,,,,,,,
06/30/1997,,368.0,368,368.0,,,,,,,
09/30/1997,,262.0,232,232.0,,,,,,,
12/31/1997,,990.0,-744,-744.0,,,,,,,
03/31/1998,,238.0,225,225.0,,,,,,,
06/30/1998,,453.0,495,495.0,,,,,,,
09/30/1998,,398.0,398,398.0,,,,,,,
12/31/1998,,72.0,272,272.0,,,,,,,
03/31/1999,,259.0,191,191.0,,,,,,,
06/30/1999,,491.0,491,491.0,,,,,,,
09/30/1999,,466.0,235,235.0,,,,,,,
12/31/1999,,403.0,475,475.0,,,,,,,
03/31/2000,,296.0,289,289.0,,,,,,,
06/30/2000,,514.0,506,506.0,,,,,,,
09/30/2000,,430.0,418,418.0,,,,,,,
12/31/2000,,200.0,194,194.0,,,,,,,
03/31/2001,,157.0,150,150.0,,,,,,,
06/30/2001,,327.0,36,36.0,,,,,,,
09/30/2001,,153.0,96,96.0,,,,,,,
12/31/2001,,38.0,-206,-206.0,,,,,,,
03/31/2002,,39.0,39,39.0,,,,,,,
06/30/2002,,248.0,284,284.0,,,,,,,
09/30/2002,,304.0,334,334.0,,,,,,,
12/31/2002,,190.0,113,113.0,,,,,,,
03/31/2003,,30.0,5,5.0,,,,,,,
06/30/2003,,172.0,112,112.0,,,,,,,
09/30/2003,,253.0,122,122.0,,,,,,,
12/31/2003,,199.0,-16,-16.0,,,,,,,
03/31/2004,,66.0,21,21.0,,,,,,,
06/30/2004,,227.0,154,154.0,,,,,,,
09/30/2004,,193.0,458,458.0,,,,,,,
12/31/2004,,195.0,-59,-59.0,,,,,,,
03/31/2005,,8.0,-146,-146.0,,,,,,,
06/30/2005,,153.0,-155,-155.0,,,,,,,
09/30/2005,,56.0,-914,-914.0,,,,,,,
12/31/2005,,151.0,-46,-46.0,,,,,,,
03/31/2006,,-99.0,-298,-298.0,,,,,,,
06/30/2006,,-54.0,-282,-282.0,,,,,,,
09/30/2006,,130.0,-37,-37.0,,,,,,,
12/31/2006,,169.0,16,16.0,,,,,,,
03/31/2007,,-98.0,-151,-151.0,,,,,,,
06/30/2007,,131.0,567,567.0,,,,,,,
09/30/2007,,131.0,37,37.0,,,,,,,
12/31/2007,,118.0,215,215.0,,,,,,,
03/31/2008,,-112.0,-115,-115.0,,,,,,,
06/30/2008,,-45.0,496,496.0,,,,,,,
09/30/2008,,61.0,96,96.0,,,,,,,
12/31/2008,,-21.0,-918,-918.0,,,,,,,
03/31/2009,,-255.705002,-353,-281.35,,,,,,,
06/30/2009,,-116.0,-189,-166.3,,,,,,,
09/30/2009,,-63.0,-111,-89.55,,,,,,,
12/31/2009,,339.0,443,397.8,,,,,,,
03/31/2010,,256.0,119,193.75,,,,,,,
06/30/2010,,-136.0,-168,-153.35,,,,,,,
09/30/2010,,-5.0,-43,-24.15,,,,,,,
12/31/2010,,47.299999,-595,61.5,,,,,,,
03/31/2011,,-293.0,-246,-226.25,,,,,,,
06/30/2011,,-167.0,-179,-155.6,,,,,,,
09/30/2011,,-222.0,-222,-202.3,,,,,,,
12/31/2011,,,-117,-126.55,,,,,,,
03/31/2012,,-353.15,-366,-241.1,,,,,,,
06/30/2012,,,-299,-283.35,,,,,,,
09/30/2012,,,-312,-213.45,,,,,,,
12/31/2012,,,-402,-56.65,,,,,,,
03/31/2013,,,283,122.15,,,,,,,
06/30/2013,,,-224,-139.1,,,,,,,
09/30/2013,,,1989,625.05,,,,,,,
12/31/2013,,,-63,-1318.65,,,,,,,
03/31/2014,,,-36,-42.65,,,,,,,
06/30/2014,,,-62,-45.05,,,,,,,
09/30/2014,,,17,35.5,,,,,,,
12/31/2014,,,-42,-30.65,,,,,,,
03/31/2015,,,-58,-20.2,,,,,,,
06/30/2015,,,-24,-13.4,,,,,,,
09/30/2015,,,-22,-3.1,,,,,,,
12/31/2015,,,24,33.15,,,,,,,
03/31/2016,,,-18,-12.45,,,,,,,
06/30/2016,,,7,8.0,,,,,,,
09/30/2016,,,16,17.3,,,,,,,
12/31/2016,,,10,22.9,,,,,,,
03/31/2017,,,2,-3.2,,,,,,,
06/30/2017,,,-1,4.6,,,,,,,
09/30/2017,,,-46,12.6,,,,,,,
12/31/2017,,,110,106.0,,,,,,,
03/31/2018,,,-30,-13.41,,,,,,,
06/30/2018,,,-1,3.53,,,,,,,
09/30/2018,,,14,21.32,,,,,,,
12/31/2018,,,-19,-23.06,,,,,,,
03/31/2019,,,-23,-10.68,,,,,,,
06/30/2019,,,196,-7.84,,,,,,,
09/30/2019,,,-10,-7.89,,,,,,,
12/31/2019,,,-67,-12.7,,,,,,,
03/31/2020,,,-116,-167.35,,,,,,,
06/30/2020,,,-10,-2.1,,,,,,,
