Date,Basic Shares Outstanding,Diluted Weighted Avg Shares,Basic Weighted Avg Shares,Per Share Data Items,Revenue,EBITDA,Operating Income,Net Income to Common - Basic,Net Income before XO - Basic,Normalized Net Income - Basic,Net Income to Common - Diluted,Net Income before XO - Diluted,Normalized Net Income - Diluted,Dividends,Cash Flow,Free Cash Flow,Cash & Equivalents,Book Value,Tangible Book Value,Net Utility Plant,Source: Bloomberg
03/31/1998,,121.667,121.667,,6.801976,2.660927,2.297566,0.847,0.847,0.846,0.847,0.847,0.847,0.444,1.057855,0.599752,,,,,
06/30/1998,,134.166,134.166,,4.24384,1.257584,0.929706,0.19,0.19,0.19,0.19,0.19,0.19,0.3,-1.801552,-2.54838,,,,,
03/31/1999,142.744995,142.981003,142.981003,,6.721928,2.101062,1.694113,0.94,0.94,0.941,0.94,0.94,0.94,0.45,1.42107,0.817276,6.664598,21.319424,19.902681,26.637683,
06/30/1999,140.119995,,,,,,,,,,,,,,,,2.193085,20.896125,19.173915,28.869905,
09/30/1999,134.214005,136.505997,136.505997,,3.944654,0.731931,0.269461,0.0,0.0,0.0,0.0,0.0,0.0,0.445,0.316001,-0.697193,0.96785,20.131267,18.260948,26.197028,
12/31/1999,133.865997,133.865997,133.865997,,6.861063,1.58572,1.042326,0.56,0.56,0.56,0.56,0.56,0.56,0.445,1.072969,-0.353839,0.960677,20.281662,18.37096,26.762621,
03/31/2000,133.876007,134.117004,133.873001,,9.834791,2.734584,2.214831,1.22,1.22,1.22,1.22,1.22,1.22,0.445,1.421228,0.587796,1.638367,21.035501,18.555274,26.845736,
06/30/2000,133.895996,134.481995,133.889008,,7.077415,1.548551,0.997274,0.35,0.35,0.35,0.35,0.35,0.35,0.445,1.318869,0.38095,0.688049,20.838726,18.385255,27.048979,
09/30/2000,134.574997,135.669006,134.335007,,7.05056,1.228652,0.685436,0.1,0.1,0.1,0.1,0.1,0.1,0.445,0.747043,-0.492098,0.472733,20.508928,17.904046,27.314621,
12/31/2000,136.363,135.333,135.333,,14.114458,2.427324,1.549918,0.44,0.44,0.74,0.44,0.44,0.74,0.445,-0.127796,-1.823051,0.611082,20.649414,7.236171,44.22003,
03/31/2001,137.251404,,,,,,,,,,,,,,,,0.758528,21.851055,8.481858,46.339292,
06/30/2001,138.272797,139.360992,137.916,,9.710998,1.522361,0.640825,-0.06,-0.09,0.16,-0.06,-0.09,0.16,0.445,2.408299,0.241052,1.794684,21.549539,8.427319,47.347954,
09/30/2001,138.858795,,,,,,,,,,,,,,,,1.280164,21.038956,8.149431,48.16719,
12/31/2001,139.429993,140.121002,139.285004,,10.838841,1.707628,0.617626,0.25,0.44,0.71,0.25,0.44,0.71,0.445,1.287181,-1.454694,1.142165,20.731566,7.945034,47.378122,
03/31/2002,140.570999,,,,,,,,,,,,,,,,1.356617,21.597598,8.89697,47.824823,
06/30/2002,140.570999,,,,,,,,,,,,,,,,0.978858,21.030419,8.321104,49.472807,
09/30/2002,141.865997,,,,,,,,,,,,,,,,0.380112,20.426065,7.843564,49.712653,
12/31/2002,142.425003,,,,,,,,,,,,,,,,1.197943,20.674684,8.062959,53.253232,
03/31/2003,157.320999,158.044998,156.886002,,16.014972,,2.874476,1.54,1.54,1.46,1.53,1.53,1.45,0.445,,,1.551363,22.96673,11.594021,46.883787,
06/30/2003,158.492996,158.757004,157.942993,,8.915571,,0.849667,-0.05,-0.05,-0.05,-0.05,-0.05,-0.05,0.445,,,1.234553,22.641506,11.347423,47.531653,
09/30/2003,159.059998,159.539001,158.783005,,7.128055,3.634419,0.574507,0.07,0.07,0.02,0.07,0.07,0.02,0.445,6.275993,1.616628,0.742179,22.46502,11.045216,48.36478,
12/31/2003,159.664001,160.046997,159.412994,,11.684556,3.024158,2.075948,0.85,1.08,0.98,0.85,1.08,0.98,0.445,2.807676,0.979098,1.28865,22.989879,11.655376,55.706375,
03/31/2004,160.164001,161.164001,159.891998,,15.70185,4.084632,3.013909,1.54,1.54,1.54,1.53,1.53,1.53,0.445,3.628699,2.220249,1.604231,23.92876,12.626844,55.965621,
06/30/2004,160.175995,161.432999,160.167007,,8.527162,1.899892,0.717351,0.81,0.81,0.28,0.8,0.8,0.27,0.445,1.293943,0.03635,5.107676,24.450505,13.142693,42.924342,
09/30/2004,160.595993,161.345993,160.356995,,6.083302,1.108227,0.445257,-0.73,-0.19,0.01,-0.73,-0.19,0.01,0.445,-0.050718,-1.002638,2.249726,23.289697,12.777044,43.271074,
12/31/2004,160.818314,161.962006,160.759003,,11.735107,2.115067,1.500364,1.24,1.64,0.89,1.23,1.63,0.88,0.445,-0.13481,-1.392345,5.73301,24.218075,13.786421,43.949745,
03/31/2005,161.614212,162.244995,161.125,,15.39488,3.348332,2.689837,1.45,1.45,1.53,1.44,1.44,1.52,0.455,2.286424,1.562762,1.379829,25.166722,14.853892,43.914456,
06/30/2005,174.280628,170.878,169.933,,7.900172,1.152807,0.579052,0.1,0.11,0.11,0.09,0.1,0.1,0.455,0.546686,-0.187133,1.859071,25.725751,25.715996,40.519707,
09/30/2005,174.361298,175.238007,174.332001,,7.474818,1.098479,0.569603,0.13,0.13,0.13,0.13,0.13,0.13,0.455,0.036138,-0.776105,0.481758,25.163841,15.606674,41.019425,
12/31/2005,174.368381,174.998,174.365,,14.54363,2.068649,1.491125,0.66,0.7,0.7,0.65,0.69,0.69,0.455,-0.329768,-1.38732,0.714006,25.601545,16.04534,41.646886,
03/31/2006,174.940002,176.953003,174.703995,,15.232051,2.836226,2.204872,1.19,1.19,1.19,1.18,1.18,1.18,0.465,3.113266,2.375447,1.789756,26.440494,16.915514,41.768606,
06/30/2006,184.864,176.121,174.989,,7.873066,1.175502,0.597752,0.28,0.28,0.28,0.28,0.28,0.28,0.465,1.403517,0.638897,0.216916,24.814458,15.800805,39.844426,
09/30/2006,175.231995,176.294998,175.113998,,6.958324,1.232911,0.75151,0.29,0.29,0.29,0.29,0.29,0.29,0.0,0.674418,-0.11364,0.228269,26.064875,16.555767,42.398079,
12/31/2006,175.41272,176.615005,175.352005,,10.973356,1.672636,1.092089,0.72,0.72,0.72,0.71,0.71,0.7,0.93,0.861125,-0.027944,1.202307,25.76096,16.261648,42.785381,
03/31/2007,175.762817,176.854996,175.600006,,16.301252,2.893508,2.253986,1.22,1.22,1.22,1.21,1.21,1.21,0.474,1.98861,1.307517,1.857617,26.601189,17.120799,42.889617,
06/30/2007,175.919006,177.220001,175.845001,,8.703119,1.323893,0.729051,0.3,0.3,0.3,0.29,0.29,0.29,0.95,1.459808,0.660809,2.822322,26.46104,16.989067,43.21193,
