Date,Basic Shares Outstanding,Diluted Weighted Avg Shares,Basic Weighted Avg Shares,Per Share Data Items,Revenue,EBITDA,Operating Income,Net Income to Common - Basic,Net Income before XO - Basic,Normalized Net Income - Basic,Net Income to Common - Diluted,Net Income before XO - Diluted,Normalized Net Income - Diluted,Dividends,Cash Flow,Free Cash Flow,Cash & Equivalents,Book Value,Tangible Book Value,Source: Bloomberg
09/30/2003,113.839996,129.423996,113.639999,,0.73453,,0.057744,0.03125,0.03125,0.03125,0.0275,0.0275,0.0275,0.0,,,0.013352,0.968904,0.52254,
03/31/2004,158.347096,177.4486,157.142912,,0.636826,0.072335,0.062756,0.03625,0.03625,0.03625,0.03125,0.03125,0.03125,,0.037307,-0.005088,0.023252,1.163932,0.616111,
06/30/2004,160.939712,179.70892,160.409336,,0.653816,0.067744,0.057043,0.03375,0.03375,0.03375,0.03,0.03,0.03,,0.017244,-0.041969,0.012195,1.193543,0.641499,
09/30/2004,161.500424,179.9378,161.620896,,0.656136,0.060455,0.049346,0.02875,0.02875,0.02875,0.025,0.025,0.025,,0.071506,0.039331,0.019087,1.220925,0.67039,
12/31/2004,164.523304,180.184,162.464,,0.700216,0.060166,0.048749,0.03125,0.03125,0.03,0.0275,0.0275,0.02625,0.0,0.035186,0.008659,0.009796,1.244128,0.634099,
03/31/2005,165.222584,181.536,165.048,,0.810716,0.099135,0.087223,0.05125,0.05125,0.05125,0.04625,0.04625,0.04625,0.0,0.068532,0.05064,0.022576,1.292644,0.610256,
06/30/2005,164.523304,187.088,166.84,,0.81529,0.095139,0.082774,0.04625,0.04625,0.04625,0.04125,0.04125,0.04125,0.0,0.054777,0.033691,0.014071,1.38082,0.661608,
09/30/2005,170.888584,190.712,169.96,,0.786303,0.079578,0.067457,0.03875,0.03875,0.03875,0.035,0.035,0.035,0.0,0.087085,0.059785,0.022459,1.395652,0.657493,
12/31/2005,205.656,218.28,202.12,,0.712062,0.077954,0.065659,0.04,0.04,0.04,0.0375,0.0375,0.0375,0.0,0.01129,-0.063452,0.015429,1.662179,0.777789,
03/31/2006,210.07392,221.868,208.248,,0.922645,0.110834,0.097696,0.0575,0.0575,0.0575,0.055,0.055,0.055,0.0,0.019659,-0.021527,0.016875,1.708722,0.741715,
06/30/2006,211.740976,222.824,211.208,,0.923436,0.111222,0.097525,0.055,0.055,0.055,0.0525,0.0525,0.0525,0.0,0.042456,0.004924,0.019869,1.769842,0.684383,
09/30/2006,212.480372,223.64,212.392,,0.930633,0.099585,0.084113,0.05,0.05,0.05,0.0475,0.0475,0.0475,0.0,0.083633,0.046485,0.029913,1.829152,0.686214,
12/31/2006,213.199308,224.672,213.324,,0.958851,0.100922,0.086057,0.0475,0.0475,0.0475,0.045,0.045,0.045,,0.101053,0.045935,0.018907,1.881817,0.72656,
03/31/2007,213.320504,224.008,213.264,,1.103412,0.144023,0.127832,0.075,0.075,0.075,0.07,0.07,0.07,0.0,0.048907,0.00633,0.027569,1.958157,0.753561,
06/30/2007,214.52664,224.988,214.092,,1.089616,0.141271,0.124442,0.065,0.065,0.0675,0.0625,0.0625,0.065,0.0,0.014055,-0.028105,0.041272,2.038395,0.809769,
09/30/2007,265.987652,230.224,218.652,,1.113619,0.134771,0.11704,0.0675,0.0675,0.0675,0.0625,0.0625,0.0625,0.0,0.082634,0.048003,0.847182,3.078305,2.017725,
12/31/2007,268.298132,277.696,266.802,,1.554467,0.188331,0.161775,0.08,0.08,0.08,0.08,0.08,0.08,,0.085689,0.038002,0.276711,3.167286,-0.190292,
03/31/2008,270.763076,279.364,269.116,,1.827866,0.262181,0.232918,0.115,0.115,0.12,0.11,0.11,0.115,0.0,0.120216,0.071181,0.315442,3.330949,-0.05756,
06/30/2008,271.027834,280.602,270.574,,1.790239,0.256824,0.227527,0.115,0.115,0.12,0.11,0.11,0.115,0.0,0.129432,0.080618,0.383953,3.465061,0.081268,
09/30/2008,268.298132,282.38,273.17,,1.763056,0.215115,0.185112,0.09,0.09,0.095,0.09,0.085,0.09,0.0,0.138892,0.081023,0.364106,3.779579,0.118003,
12/31/2008,279.84282,284.756,278.976,,1.665971,0.147937,0.11416,0.045,0.051312,0.054718,0.045,0.049744,0.054622,0.0,0.099102,0.010578,0.282541,3.646711,0.150756,
03/31/2009,280.017482,285.578,279.586,,1.827237,0.251128,0.217897,0.115,0.115,0.116386,0.115,0.11,0.111827,0.0,0.14137,0.116626,0.331444,3.763129,0.175307,
06/30/2009,281.16998,287.0,280.446,,1.73422,0.228404,0.19525,0.105,0.1,0.102055,0.1,0.1,0.100578,0.0,0.169423,0.127825,0.460462,3.88645,0.307995,
09/30/2009,282.350608,288.094,281.492,,1.757819,0.232287,0.1991,0.105,0.105,0.109043,0.1,0.105,0.106923,0.0,0.17203,0.135052,0.587939,4.007202,0.470298,
12/31/2009,284.009594,289.196,282.768,,1.96594,0.247044,0.211216,0.13,0.13,0.120668,0.13,0.125,0.116695,0.0,0.100924,0.005874,0.383459,4.152796,0.610585,
03/31/2010,285.375786,290.248,284.388,,2.122157,0.351312,0.316219,0.19,0.185,0.182972,0.185,0.18,0.180179,0.0,0.309665,0.27133,0.678179,4.363751,0.817399,
06/30/2010,286.256128,290.992,285.684,,2.0466,0.27877,0.243657,0.135,0.135,0.135392,0.13,0.13,0.132658,0.0,0.045946,0.011135,0.665408,4.506097,0.957566,
09/30/2010,287.577212,291.596,286.516,,2.120723,0.263807,0.227586,0.125,0.125,0.125808,0.125,0.125,0.125497,0.0,0.151377,0.095063,0.586549,4.648877,0.979264,
12/31/2010,290.93315,294.112,289.524,,2.328177,0.290722,0.252594,0.145,0.145,0.145832,0.14,0.14,0.143039,0.0,0.050497,-0.033973,0.328904,4.860776,1.072019,
03/31/2011,291.759008,295.84,291.222,,2.701197,0.409643,0.368691,0.2,0.2,0.211818,0.195,0.195,0.206844,0.0,0.265485,0.203357,0.221131,5.091085,1.23421,
06/30/2011,292.3416,296.262,291.834,,2.603137,0.313044,0.268941,0.16,0.16,0.16174,0.16,0.16,0.161672,0.0,0.081433,-0.002337,0.144543,5.253108,1.381873,
09/30/2011,293.057445,296.804,292.65,,2.67862,0.338285,0.292117,0.17,0.17,0.174688,0.17,0.17,0.174688,0.0,0.198538,0.134454,0.153936,5.390489,1.322215,
12/31/2011,293.897216,298.068,293.278,,3.203895,0.362574,0.307347,0.19,0.19,0.211972,0.19,0.19,0.210202,0.0,0.179318,0.093659,0.164163,5.594082,0.201132,
03/31/2012,294.809841,299.342,294.278,,3.50613,0.509263,0.45402,0.28,0.28,0.254461,0.27,0.27,0.249593,0.0,0.374323,0.301844,0.187134,5.919358,0.466392,
06/30/2012,295.946908,300.152,295.29,,3.408619,0.425873,0.367662,0.22,0.22,0.2058,0.21,0.21,0.199248,0.0,0.036767,-0.031931,0.200553,6.128559,0.437734,
09/30/2012,297.016666,301.172,296.437,,3.429757,0.369596,0.308443,0.18,0.18,0.189781,0.18,0.18,0.187338,0.0,0.20598,0.141814,0.233031,6.358704,0.612787,
12/31/2012,297.810896,302.075,297.213,,3.593097,0.413626,0.351075,0.21,0.21,0.207921,0.21,0.21,0.207921,0.0,0.081147,-0.011779,0.200698,6.595105,0.561078,
03/31/2013,298.477692,302.937,298.226,,4.010371,0.538612,0.474767,0.28,0.28,0.289596,0.28,0.28,0.285853,0.0,0.356887,0.284925,0.211061,6.838799,0.887021,
06/30/2013,299.798228,303.657,299.159,,4.184223,0.508255,0.439158,0.25,0.25,0.275724,0.25,0.25,0.272273,0.0,0.344489,0.282014,0.538996,7.130306,0.542878,
09/30/2013,300.548111,304.685,300.223,,4.323766,0.484813,0.411011,0.24,0.24,0.255716,0.24,0.24,0.250918,0.0,0.437805,0.36794,0.357137,7.499984,0.594783,
12/31/2013,300.805276,305.199,300.644,,4.379562,0.526916,0.445108,0.26,0.26,0.278289,0.26,0.26,0.278289,0.0,0.289801,0.193142,0.500284,7.81484,0.86289,
03/31/2014,301.811389,305.514,301.406,,5.393977,0.669131,0.576744,0.35,0.35,0.352441,0.34,0.34,0.345155,0.0,0.321855,0.209993,0.375221,8.187322,0.147178,
06/30/2014,302.189513,305.837,302.03,,5.658815,0.677559,0.574764,0.35,0.35,0.357537,0.34,0.34,0.350152,0.0,0.182747,0.07145,0.362567,8.612198,0.208955,
09/30/2014,303.031358,306.206,302.724,,5.685126,0.620836,0.515942,0.3,0.3,0.310048,0.3,0.3,0.307655,0.0,0.563014,0.445941,0.807329,8.80336,0.625321,
12/31/2014,303.452655,306.601,303.191,,5.554687,0.597115,0.482369,0.27,0.27,0.269993,0.26,0.26,0.264535,0.0,0.217912,0.07301,0.37767,8.965672,0.613727,
03/31/2015,304.164218,306.961,304.003,,5.835179,0.712477,0.611593,0.35,0.35,0.379383,0.35,0.35,0.376839,0.0,0.592576,0.506735,0.576965,9.139494,1.029089,
06/30/2015,304.435529,307.247,304.286,,6.0406,0.760239,0.658213,0.39,0.39,0.400961,0.39,0.39,0.397437,0.0,0.337032,0.203384,0.471111,9.703509,1.441997,
09/30/2015,305.473459,307.728,305.059,,6.004517,0.65469,0.546599,0.33,0.33,0.342356,0.33,0.33,0.340051,0.0,0.728698,0.621145,0.448766,9.941004,1.535286,
12/31/2015,305.574384,308.028,305.52,,5.724401,0.606098,0.496436,0.31,0.31,0.326012,0.31,0.31,0.324749,0.0,0.12606,-0.106059,0.286009,10.192877,1.899109,
03/31/2016,306.521927,309.193,306.157,,6.276113,0.71479,0.60646,0.37,0.37,0.443101,0.36,0.36,0.435964,0.0,0.440441,0.275842,0.747809,10.551966,-0.941577,
06/30/2016,306.785582,309.778,306.718,,7.514414,0.946019,0.757846,0.47,0.45,0.475556,0.46,0.45,0.475556,0.0,0.740325,0.571029,0.890534,10.781599,-1.245851,
09/30/2016,307.487198,310.036,307.19,,7.185595,0.79068,0.597028,0.4,0.36,0.370988,0.39,0.35,0.363288,0.0,0.528129,0.363973,0.884105,11.14608,-1.005307,
12/31/2016,307.544759,310.12,307.514,,6.992872,0.707597,0.526415,0.28,0.31,0.311044,0.28,0.31,0.307911,0.0,0.360514,0.183845,0.739405,11.194953,-0.637471,
03/31/2017,308.283752,310.3,308.028,,7.605942,0.929448,0.765164,0.44,0.46,0.462765,0.44,0.45,0.455594,0.0,0.559342,0.415206,0.858346,11.699841,-0.293314,
06/30/2017,308.620187,310.396,308.407,,7.97132,0.974605,0.79302,0.49,0.49,0.487943,0.49,0.49,0.487943,0.0,0.615434,0.462561,0.983552,12.496542,0.22597,
09/30/2017,309.018211,310.779,308.909,,7.982286,0.838438,0.644523,0.4,0.4,0.404351,0.39,0.39,0.39813,0.0,0.282109,0.139698,0.890164,13.077019,0.149668,
12/31/2017,309.126386,311.106,309.07,,7.991248,0.741997,0.535911,0.4,0.4,0.342545,0.4,0.39,0.324056,0.0,0.225376,0.08446,0.905021,13.580753,-0.265623,
03/31/2018,309.630976,311.347,309.517,,8.790354,0.9293,0.732005,0.49,0.49,0.504541,0.49,0.49,0.500291,0.0,0.468998,0.268076,0.793457,14.231738,0.302247,
06/30/2018,317.820824,314.012,312.556,,9.696666,1.040556,0.821594,0.5,0.51,0.545634,0.5,0.5,0.543101,0.0,0.587114,0.416802,1.086153,14.849474,-2.125522,
09/30/2018,318.197309,319.402,318.082,,9.816268,0.994102,0.737964,0.42,0.42,0.45908,0.42,0.42,0.457329,0.0,0.605184,0.428053,1.072749,15.212134,-1.848469,
12/31/2018,316.146114,318.51,317.427,,9.459753,0.778907,0.517114,0.12,0.13,0.381531,0.11,0.13,0.381531,0.0,0.597214,0.350657,1.049391,15.12686,-1.669835,
03/31/2019,313.973538,316.018,315.046,,9.840795,0.94782,0.705929,0.31,0.31,0.471278,0.31,0.31,0.469567,0.0,0.562537,0.394257,1.006664,15.286263,-1.415511,
06/30/2019,309.695052,312.719,311.891,,10.414449,1.266891,0.757031,0.48,0.49,0.581504,0.48,0.49,0.581504,0.0,1.478654,1.323947,1.213991,15.629856,-1.451618,
09/30/2019,306.402419,307.96,307.23,,10.245656,1.272975,0.753064,0.5,0.49,0.512457,0.5,0.49,0.510575,0.0,1.063591,0.854357,1.41445,15.723659,-1.074819,
12/31/2019,306.731328,307.303,306.577,,9.817631,1.189805,0.674441,0.46,0.46,0.481782,0.46,0.46,0.481782,0.0,0.32247,-0.004296,1.70514,16.329848,-0.808515,
03/31/2020,303.943144,306.757,306.238,,9.799355,1.022825,0.789742,0.47,0.48,0.520945,0.47,0.48,0.520945,0.0,0.635333,0.489897,1.094889,16.311718,-0.645598,
06/30/2020,304.034241,304.19,304.001,,8.639192,0.833494,0.593593,0.39,0.39,0.452772,0.39,0.39,0.452772,0.0,2.363443,2.25567,1.567014,16.835295,-0.189594,
09/30/2020,,,,,,,,0.429,0.429,0.497,0.429,0.429,0.497,,0.09,,,17.27,,
12/31/2020,,,,,,,,0.456,0.456,0.504,0.456,0.456,0.504,,-0.11,,,17.63,,
