Date,Basic Shares Outstanding,Diluted Weighted Avg Shares,Basic Weighted Avg Shares,Per Share Data Items,Revenue,EBITDA,Operating Income,Net Income to Common - Basic,Net Income before XO - Basic,Normalized Net Income - Basic,Net Income to Common - Diluted,Net Income before XO - Diluted,Normalized Net Income - Diluted,Dividends,Cash Flow,Free Cash Flow,Cash & Equivalents,Book Value,Tangible Book Value,Source: Bloomberg
03/31/1994,,372.200012,372.200012,,13.53036,1.687265,1.080064,0.59,0.69,,0.59,0.69,0.69,,0.806018,0.507791,,,,
06/30/1994,,373.200012,373.200012,,14.903536,1.926581,1.213826,0.655,0.655,,0.655,0.655,0.655,,0.493033,0.179528,,,,
09/30/1994,,380.0,380.0,,15.010526,1.65,1.165789,0.64,0.64,,0.64,0.64,0.64,,2.086842,1.794737,,,,
12/31/1994,398.200012,378.200012,378.200012,,17.46166,1.961925,1.271814,0.675,0.675,,0.675,0.675,0.675,,0.571126,0.121629,1.604721,12.772476,,
03/31/1995,399.493988,377.0,377.0,,14.970822,1.795756,1.206897,0.325,0.325,,0.325,0.325,0.325,,0.493369,0.156499,1.284124,12.961397,,
06/30/1995,400.578003,378.600006,378.600006,,14.807184,1.883254,1.241416,-0.18,-0.18,,-0.18,-0.18,-0.18,0.175,0.192816,-0.18225,0.616609,12.629251,,
09/30/1995,398.303986,380.0,380.0,,14.607895,1.868421,1.342105,0.715,0.715,0.715,0.715,0.715,0.715,0.175,0.947368,0.618421,0.306299,13.193441,,
12/31/1995,397.497986,378.200012,378.200012,,16.002115,2.096774,1.419884,0.78,0.78,0.78,0.78,0.78,0.78,0.175,1.779482,1.41724,1.642776,13.667994,,
03/31/1996,398.10199,417.885986,378.600006,,13.494453,1.811939,1.246698,0.675,0.675,0.675,0.615,0.615,0.615,0.2,-0.367142,-0.692023,0.391859,14.207415,,
06/30/1996,400.209991,423.880005,380.399994,,18.601472,2.660358,1.821767,0.75,0.75,0.75,0.67,0.67,0.67,0.2,1.435331,0.846477,0.974488,14.772245,,
09/30/1996,385.411987,422.858002,382.399994,,18.378661,2.709205,1.765167,0.775,0.775,0.775,0.7,0.7,0.7,0.2,2.356172,1.744247,0.838064,16.058141,,
12/31/1996,385.778016,420.559998,370.399994,,20.685745,2.008639,1.190605,1.2,1.2,0.815,1.07,1.07,0.73,0.2,0.885529,0.464363,0.0,15.179714,,
03/31/1997,386.256012,429.630004,369.0,,18.086721,2.620596,1.777778,0.745,0.745,0.745,0.675,0.675,0.675,0.2,0.289973,-0.197832,0.0,15.771923,,
06/30/1997,382.029999,432.399994,369.399994,,18.673525,2.301029,1.724418,0.795,0.795,0.795,0.71,0.71,0.71,0.2,-0.389821,-0.868977,0.0,16.569379,,
09/30/1997,388.757996,435.200012,371.799988,,17.802583,2.509414,1.820871,0.85,0.85,0.85,0.755,0.755,0.755,0.2,0.720818,0.242066,0.282952,17.116047,,
12/31/1997,389.403992,406.399994,373.0,,21.120643,1.605898,0.876676,0.995,0.995,0.975,0.915,0.915,0.895,0.2,2.619303,2.042895,0.0,13.292108,-16.039897,
03/31/1998,391.079986,379.399994,373.899994,,16.627441,2.3295,1.652848,0.72,0.72,0.72,0.71,0.71,0.71,0.2,-0.596416,-0.938754,0.0,13.89997,-14.984147,
06/30/1998,391.437988,381.0,375.799988,,17.349655,2.33901,1.697712,0.77,0.77,0.74,0.76,0.76,0.73,0.2,0.380522,-0.095796,0.0,14.653662,-14.017546,
09/30/1998,392.511993,381.200012,377.200012,,16.831919,2.507953,1.845175,0.845,0.845,0.815,0.83,0.83,0.8,0.2,2.086426,1.635737,0.466228,15.306539,-13.036544,
12/31/1998,393.414001,383.0,378.799988,,18.954594,1.744984,1.055966,0.33,0.33,0.755,0.33,0.33,0.75,0.22,3.495248,2.914467,0.724428,15.599343,-12.205971,
03/31/1999,394.325012,382.600006,380.299988,,16.271365,1.885354,1.280568,-0.23,0.7,0.51,-0.23,0.7,0.51,0.22,-0.402314,-0.746779,0.109047,15.350282,-12.139732,
06/30/1999,395.157013,381.399994,381.399994,,16.263765,0.928159,0.343471,-0.11,-0.11,-0.08,-0.11,-0.11,-0.08,0.22,-0.060304,-0.440482,0.0,15.110449,-12.050906,
09/30/1999,395.953003,384.700012,382.799988,,16.084118,1.933124,1.274817,0.57,0.57,0.48,0.57,0.57,0.48,0.22,1.460293,1.026646,0.0,15.471533,-11.120007,
12/31/1999,398.165009,385.200012,384.600006,,18.153926,2.139886,1.453458,0.76,0.76,0.59,0.76,0.76,0.59,0.22,1.804472,1.214249,1.142742,15.975789,-10.196777,
03/31/2000,400.252924,387.5,387.1,,14.36838,1.405322,0.808577,0.14,0.14,0.14,0.14,0.14,0.14,0.11,1.245156,1.028158,1.331658,16.177271,13.129198,
06/30/2000,401.84201,391.195007,389.5,,15.584082,1.722721,1.106547,0.11,0.11,0.29,0.11,0.11,0.29,0.11,2.865212,2.605905,3.108187,16.02371,-9.379308,
09/30/2000,430.756012,405.600006,405.600006,,14.105029,1.642012,1.018245,-1.74,-1.73,0.29,-1.74,-1.73,0.29,0.11,0.362426,0.120809,4.499067,16.440862,-6.581452,
12/31/2000,432.14801,425.200012,421.0,,17.375297,1.551069,1.182898,0.21,0.5,0.44,0.21,0.5,0.44,0.11,0.643705,0.128266,3.482603,16.568397,-3.221119,
03/31/2001,434.327,427.8,423.3,,11.214269,1.363099,0.826837,0.25,0.3,0.28,0.25,0.3,0.28,0.11,2.478148,2.308056,5.500464,16.715516,-5.914898,
06/30/2001,435.984985,430.100006,425.700012,,13.361522,1.482264,0.93728,0.34,0.35,0.35,0.33,0.34,0.34,0.11,0.347663,0.063425,2.802849,16.995998,-5.305229,
09/30/2001,440.518005,433.200012,428.0,,14.535047,1.581776,1.023364,0.5,-0.2,0.44,0.49,-0.2,0.43,0.11,2.329439,2.051402,4.088369,17.779069,-4.004377,
12/31/2001,443.386,432.4,432.4,,16.961147,1.112396,0.823312,-3.49,-0.34,0.55,-3.49,-0.34,0.55,0.11,-0.853377,-1.563367,2.056899,14.531356,-4.210778,
03/31/2002,450.706,444.7,437.4,,13.639689,1.307727,1.001372,0.5,0.51,0.51,0.49,0.5,0.5,0.11,0.978509,0.738455,3.033019,15.222784,-3.146175,
06/30/2002,454.908997,452.5,444.5,,14.150731,1.397075,1.086614,0.76,0.79,0.59,0.75,0.78,0.58,0.11,2.519685,2.168729,5.339529,16.2538,-1.877299,
09/30/2002,456.079987,455.700012,448.5,,14.586399,1.525084,1.232999,0.65,0.67,0.67,0.64,0.66,0.66,0.11,2.630992,2.329989,7.652167,16.883003,-1.133573,
12/31/2002,455.709,449.8,449.8,,17.296576,1.400622,1.056025,-0.77,-0.76,0.83,-0.77,-0.76,0.83,0.11,-0.978213,-1.569586,6.00822,12.870055,-5.110718,
03/31/2003,450.097992,452.5,448.799988,,15.72861,1.361408,1.051693,0.56,0.56,0.56,0.55,0.55,0.55,0.12,1.212121,1.038324,4.643433,12.972731,-5.181094,
06/30/2003,450.872009,448.700012,445.299988,,17.311925,1.253088,0.920728,0.54,0.54,0.6,0.54,0.54,0.6,0.12,1.897597,1.619133,4.234018,13.509377,-4.526784,
09/30/2003,450.875,450.399994,446.600006,,18.087774,1.542768,1.204657,0.49,0.49,0.67,0.48,0.48,0.66,0.12,0.638155,0.268697,4.069864,13.968395,-3.998891,
12/31/2003,447.253,448.4,445.2,,20.166217,1.632974,1.248877,0.77,0.77,0.75,0.77,0.77,0.75,0.22,0.303235,-0.415544,2.794839,15.105544,-4.315231,
03/31/2004,448.791,447.5,444.3,,18.786856,1.417961,1.053342,0.66,0.66,0.66,0.65,0.65,0.65,0.22,2.390277,2.151699,4.732715,15.650938,-3.623067,
06/30/2004,444.885986,447.0,443.899994,,19.770217,1.547646,1.200721,0.67,0.67,0.67,0.66,0.66,0.66,0.22,1.653526,1.306601,5.041741,15.810792,-3.553719,
09/30/2004,442.677002,445.899994,441.399994,,19.116448,1.554146,1.171273,0.69,0.69,0.69,0.69,0.69,0.69,0.22,2.353874,2.05256,6.573642,16.35504,-3.024779,
12/31/2004,441.141338,448.2,442.9,,22.499436,1.402122,1.016031,0.84,0.84,0.86,0.83,0.83,0.85,0.25,0.200948,-0.648002,3.30053,15.915534,-3.497745,
03/31/2005,443.990087,446.5,441.3,,19.234081,1.796964,1.4276,0.84,0.84,0.81,0.83,0.83,0.8,0.25,3.507818,3.306141,7.056464,16.759383,-3.446023,
06/30/2005,443.781409,451.3,445.3,,20.873568,2.097462,1.715697,1.03,1.03,0.97,1.02,1.02,0.96,0.25,1.565237,1.298001,7.832685,17.77001,-2.357016,
09/30/2005,436.056619,445.8,440.5,,20.887628,2.00227,1.602724,0.97,0.97,0.97,0.96,0.96,0.96,0.25,2.027242,1.677639,8.177837,17.733936,-2.662498,
12/31/2005,436.911542,439.0,434.2,,23.558268,2.491939,2.040534,1.31,1.31,1.14,1.29,1.29,1.12,0.3,0.128973,-1.02948,6.117943,18.005933,-2.609224,
03/31/2006,431.882361,441.3,436.0,,21.133028,2.626147,2.227064,1.36,1.36,1.28,1.34,1.34,1.26,0.3,2.71789,2.493119,7.268183,18.375374,-2.630346,
06/30/2006,423.867513,433.7,428.8,,23.229944,2.637593,2.19916,1.35,1.35,1.32,1.34,1.34,1.31,0.3,3.76166,3.376866,7.988345,18.066966,-3.996532,
09/30/2006,423.895827,431.9,424.3,,22.637285,2.568937,2.132925,1.48,1.48,1.32,1.46,1.46,1.3,0.3,1.536649,1.088852,6.329385,19.068364,-4.373716,
12/31/2006,422.481655,432.8,423.4,,25.602267,3.190836,2.678318,1.72,1.72,1.68,1.68,1.68,1.64,0.35,0.78649,-0.252716,5.427455,16.294199,-7.032258,
03/31/2007,419.62442,432.1,421.4,,22.009967,2.864262,2.425249,1.64,1.64,1.43,1.6,1.6,1.39,0.35,3.516849,3.317513,7.325598,16.74831,-6.908559,
06/30/2007,413.353464,426.5,416.7,,25.560355,3.395728,2.954164,1.87,1.87,1.83,1.82,1.82,1.78,0.35,3.36933,2.961363,8.072994,17.319318,-6.674675,
09/30/2007,413.148976,424.5,413.5,,26.831923,3.301088,2.812576,1.85,1.85,1.85,1.8,1.8,1.8,0.35,2.261185,1.714631,8.29967,17.978987,-5.913121,
12/31/2007,408.122756,423.4,412.3,,26.293961,3.548387,2.946883,1.94,1.94,1.94,1.89,1.89,1.89,0.42,1.011399,-0.104293,7.304175,24.024634,-0.110261,
03/30/2008,402.123128,416.8,406.6,,24.552386,3.379242,2.897196,1.8,1.8,1.78,1.75,1.75,1.73,0.42,2.169208,1.913428,7.328601,23.29386,-1.143928,
06/29/2008,396.351634,409.5,399.3,,27.64588,3.919359,3.413474,2.21,2.21,2.21,2.15,2.15,2.15,0.42,3.721513,3.295768,8.35117,23.549796,-1.410364,
09/28/2008,400.607757,407.1,397.4,,26.615501,3.663815,3.125315,1.97,1.97,1.97,1.92,1.92,1.92,0.42,2.657272,2.081027,6.325389,24.482801,-0.354461,
12/31/2008,395.271609,400.7,395.8,,28.125316,3.994442,3.40576,2.08,2.08,2.0,2.05,2.05,1.97,0.57,2.564426,1.495705,5.63916,7.248181,-17.74982,
03/29/2009,388.885001,397.5,393.4,,26.367565,3.200305,2.686833,1.69,1.69,1.69,1.68,1.68,1.68,0.57,3.096085,2.760549,6.130347,7.24893,-18.555614,
06/28/2009,384.355119,390.9,386.9,,28.617214,3.323856,2.78625,1.9,1.89,1.89,1.88,1.87,1.87,0.57,2.936159,2.504523,6.951904,7.336965,-18.847154,
09/27/2009,380.782678,385.5,381.4,,28.230205,3.363922,2.80021,2.09,2.06,1.908757,2.07,2.04,1.889546,0.57,3.733613,3.256424,7.114294,8.246173,-18.756105,
12/31/2009,375.0,381.9,377.7,,32.308711,3.899921,3.293619,2.19,2.2,2.027667,2.17,2.19,2.006313,0.63,-1.6018,-2.584061,6.376,11.010667,-16.346667,
03/28/2010,370.99792,377.7,373.5,,27.676037,3.044177,2.511379,1.43,1.4,1.646586,1.41,1.38,1.63417,0.63,4.414993,4.168675,8.862583,10.857204,-16.692816,
06/27/2010,362.498184,371.7,367.6,,30.685528,3.579978,3.033188,2.24,1.94,1.94,2.22,1.92,1.92,0.63,3.332427,2.976061,9.928326,10.300741,-17.219397,
09/26/2010,360.128404,363.9,360.1,,31.499583,3.026937,2.435435,1.56,1.55,1.868925,1.54,1.53,1.848769,0.63,1.424604,0.949736,9.504943,10.879453,-16.183117,
12/31/2010,346.0,359.7,355.8,,35.865655,4.367622,3.133783,2.7,2.31,2.339517,2.67,2.28,2.311693,0.75,1.163575,-0.747611,8.026012,10.106936,-17.653179,
03/27/2011,347.299178,352.6,348.5,,30.490674,3.185079,2.479197,1.52,1.59,1.59,1.5,1.57,1.57,0.75,4.932568,4.559541,11.117216,10.915661,-16.752127,
06/26/2011,335.622531,346.6,342.8,,33.672695,3.614352,2.896733,2.16,2.18,2.106184,2.14,2.16,2.084986,0.75,2.607935,2.030338,10.493932,9.79672,-18.851535,
09/25/2011,323.570483,333.6,329.8,,36.746513,3.905397,3.156458,2.12,2.01,2.092177,2.1,1.99,2.06494,0.75,1.67071,0.939964,14.11439,9.095391,-20.592113,
12/31/2011,321.0,326.7,322.5,,37.863566,6.48062,3.355039,2.12,2.16,2.16,2.09,2.14,2.14,1.0,13.187597,10.127132,11.168224,3.11838,-28.495327,
03/25/2012,324.636773,328.6,324.1,,34.844184,3.933971,3.221228,2.06,2.06,2.06,2.03,2.03,2.03,1.0,1.413144,1.008948,10.836727,4.845415,-26.481904,
06/24/2012,324.41627,328.8,324.5,,36.736518,4.391371,3.673344,2.41,2.41,2.41,2.38,2.38,2.38,1.0,2.604006,2.064715,11.719511,6.793741,-24.517883,
09/30/2012,323.587437,328.3,323.5,,36.689335,4.278207,3.514683,2.25,2.25,2.293663,2.21,2.21,2.25569,1.0,4.862442,4.219474,14.376331,7.546647,-23.922437,
12/31/2012,321.0,328.0,322.7,,37.493028,4.146266,3.287883,1.76,1.76,1.804772,1.73,1.73,1.770854,1.15,-4.074992,-5.401302,5.912773,0.121495,-32.183801,
03/31/2013,320.405322,326.3,321.7,,34.410942,4.199565,3.478396,2.37,2.37,2.424619,2.33,2.33,2.388229,1.15,6.481194,6.151694,9.566008,0.948798,-31.372762,
06/30/2013,320.93659,325.9,320.8,,35.561097,4.794264,4.046135,2.68,2.68,2.68,2.64,2.64,2.64,1.15,1.94202,1.393392,8.864679,2.162421,-30.093172,
09/29/2013,320.307248,327.5,321.3,,35.315904,4.624961,3.902894,2.72,2.62,2.62,2.66,2.57,2.57,1.15,2.80112,2.150638,8.307648,3.986797,-28.900376,
12/31/2013,319.0,326.3,319.9,,36.051891,3.501094,2.607065,1.53,1.53,2.422632,1.5,1.5,2.379559,1.33,2.932166,1.853704,8.203762,15.416928,-17.021944,
03/31/2014,315.0,325.1,319.1,,33.375118,5.230335,4.487621,2.92,2.92,2.92,2.87,2.87,2.87,1.33,6.581009,6.258226,10.361905,15.238095,-17.68254,
06/29/2014,317.388019,322.1,316.8,,35.688131,5.265152,4.501263,2.81,2.81,2.81,2.76,2.76,2.76,1.33,3.083965,2.61048,10.825865,13.607949,-19.490339,
09/28/2014,315.925164,321.8,316.3,,35.137528,5.181789,4.400885,2.81,2.81,2.81,2.76,2.76,2.76,1.33,3.12994,2.488144,9.378803,14.478112,-19.624901,
12/31/2014,314.0,320.6,315.1,,39.765154,5.109489,4.258965,2.87,2.87,3.208505,2.82,2.82,3.153749,1.5,-0.637893,-1.872421,4.605096,10.828025,-24.796178,
03/29/2015,313.0,320.2,315.4,,32.057705,5.072923,4.299302,2.78,2.78,2.78,2.74,2.74,2.74,1.5,3.034242,2.660114,11.13738,11.246006,-23.389776,
06/28/2015,309.0,316.1,312.0,,37.317308,5.419872,4.63141,2.98,2.98,3.002564,2.94,2.94,2.964676,1.5,4.048077,3.435897,10.36246,9.650485,-25.517799,
09/27/2015,306.0,312.7,308.4,,32.619974,4.63035,3.86511,2.8,2.45,2.482977,2.77,2.42,2.45118,1.5,4.918936,4.299611,10.784314,9.19281,-26.205882,
12/31/2015,303.0,310.2,305.9,,37.659366,4.576659,3.595946,3.05,2.67,2.92661,3.01,2.63,2.882257,1.65,4.458974,3.023864,3.59736,10.221122,-38.349835,
03/27/2016,303.0,307.8,304.5,,34.049261,4.775041,3.802956,2.95,2.65,2.817734,2.91,2.61,2.778941,1.65,5.474548,4.978654,4.792079,10.485149,-47.943894,
06/26/2016,301.0,307.1,303.1,,38.195315,5.516331,4.536457,3.37,2.97,2.97,3.32,2.93,2.93,1.65,4.859782,4.084461,4.215947,9.956811,-48.754153,
09/25/2016,291.0,302.1,298.5,,38.696817,6.308208,5.319933,8.02,3.64,3.299832,7.93,3.61,3.265743,1.65,4.422111,3.61474,9.948454,7.982818,-43.549828,
12/31/2016,289.0,294.7,291.2,,47.369505,7.190934,6.067995,2.949863,2.977335,3.155907,2.914829,2.941975,3.118426,1.82,2.503434,1.006181,6.356401,5.228374,-46.179931,
03/26/2017,288.0,292.8,290.0,,38.662069,5.817241,4.834483,2.72,2.72,3.113793,2.69,2.69,3.079344,1.82,5.744828,5.158621,7.694444,5.149306,-46.211806,
06/25/2017,286.0,291.2,288.5,,43.545927,6.974003,5.948007,3.31,3.31,3.80364,3.28,3.28,3.768839,1.82,5.35182,4.388215,8.573427,4.423077,-47.059441,
09/24/2017,285.0,290.0,287.1,,42.985023,6.882619,5.84117,3.35,3.35,3.852316,3.32,3.32,3.813103,1.82,6.10937,5.33612,10.319298,7.361404,-44.178947,
12/31/2017,284.0,288.4,285.6,,48.473389,7.927171,6.82423,-2.605042,-2.860644,4.723564,-2.605042,-2.860644,4.649932,2.0,5.294118,3.518908,10.073944,-2.992958,-54.415493,
03/25/2018,284.0,287.9,285.5,,40.753065,7.019264,6.042032,4.05,4.05,4.749842,4.02,4.02,4.71149,2.0,2.21366,1.457093,8.426056,-0.640845,-51.823944,
06/24/2018,283.0,287.1,285.0,,47.010526,7.305263,6.298246,4.08,4.08,5.045895,4.05,4.05,5.008133,2.0,-0.252632,-1.178947,4.173145,1.469965,-49.508834,
09/30/2018,284.0,286.7,284.3,,50.362293,7.928245,6.904678,5.18,5.18,5.881393,5.14,5.14,5.834384,2.0,1.269785,0.077383,3.158451,3.320423,-47.235915,
12/31/2018,281.0,285.5,283.1,,50.904274,7.612151,6.538326,4.43,4.43,5.405652,4.39,4.39,5.361419,2.2,7.831155,6.20982,2.747331,4.960854,-45.797153,
03/31/2019,281.0,284.3,282.5,,50.746903,9.270796,8.081416,6.03,6.03,6.926442,5.99,5.99,6.87892,2.2,5.886726,4.881416,3.52669,8.772242,-41.740214,
06/30/2019,281.0,283.9,282.2,,51.123317,8.352232,7.115521,5.03,5.03,6.32365,5.0,5.0,6.284023,2.2,5.910702,5.028349,4.153025,10.142349,-40.128114,
09/29/2019,281.0,283.9,282.0,,53.797872,8.744681,7.464539,5.7,5.7,6.513191,5.66,5.66,6.465636,2.2,8.829787,7.737589,9.035587,13.854093,-34.807829,
12/31/2019,280.0,283.3,281.4,,56.425018,8.994314,7.636816,5.32,5.32,6.261052,5.29,5.29,6.22138,2.4,5.294954,3.00995,5.407143,11.167857,-38.178571,
03/29/2020,279.0,282.6,281.3,,55.638109,8.61358,7.543548,6.1,6.1,7.5754,6.08,6.08,7.544827,2.4,8.226093,7.184501,7.125448,12.351254,-36.777778,
06/28/2020,278.0,280.8,279.8,,57.969979,8.552538,7.455325,5.81,5.81,7.633881,5.79,5.79,7.606097,2.4,7.798427,6.572552,10.269784,13.492806,-35.629496,
09/30/2020,,,,,,,,6.05,6.05,6.081,6.05,6.05,6.081,2.436,6.44,,,,,
12/31/2020,,,,,,,,6.239,6.239,6.23,6.239,6.239,6.23,2.601,4.61,,,,,
