Date,Revenue,Consensus Estimate,Comparable Actual,Revenue Surprise %,GAAP Actual,Adjusted Actual,Earnings Per Share,EPS Surprise %,Pretax Income (Loss),Net Income,Net Income Surprise %,Source: Bloomberg
03/31/1990,,,0.0,,22.83,22.83,,,,,,
06/30/1990,,,0.0,,64.718999,64.718999,,,,,,
09/30/1990,,,0.0,,37.867001,37.867001,,,,,,
12/31/1990,,,0.0,,56.909001,56.909001,,,,,,
03/31/1991,,,0.0,,39.348999,39.348999,,,,,,
06/30/1991,,,0.0,,78.417,78.417,,,,,,
09/30/1991,,,0.0,,74.632004,74.632004,,,,,,
12/31/1991,,,0.0,,16.01,16.01,,,,,,
03/31/1992,,,0.0,,100.416,100.416,,,,,,
06/30/1992,,,0.0,,68.845001,68.845001,,,,,,
09/30/1992,,,0.0,,113.630997,113.630997,,,,,,
12/31/1992,,,0.0,,76.278999,76.278999,,,,,,
03/31/1993,,,0.0,,-27.421,-27.421,,,,,,
06/30/1993,,,0.0,,127.216003,127.216003,,,,,,
09/30/1993,,,0.0,,187.509003,187.509003,,,,,,
12/31/1993,,,0.0,,31.548,31.548,,,,,,
03/31/1994,,,0.0,,150.985001,150.985001,,,,,,
06/30/1994,,,0.0,,46.801998,46.801998,,,,,,
09/30/1994,,,0.0,,58.382,58.382,,,,,,
01/01/1995,,,0.0,,93.728996,93.728996,,,,,,
03/31/1995,,,0.0,,134.813004,134.813004,,,,,,
06/30/1995,,,0.0,,117.912003,117.912003,,,,,,
09/30/1995,,,0.0,,154.324997,154.324997,,,,,,
12/31/1995,,,0.0,,75.136002,75.136002,,,,,,
03/31/1996,,,0.0,,140.024002,140.024002,,,,,,
06/30/1996,,,0.0,,111.443001,111.443001,,,,,,
09/30/1996,,,0.0,,119.309998,119.309998,,,,,,
12/31/1996,,,0.0,,142.780975,142.780975,,,,,,
03/31/1997,,,0.0,,131.322,131.322,,,,,,
06/30/1997,,,0.0,,-7.861,-7.861,,,,,,
09/30/1997,,,0.0,,171.217998,171.217998,,,,,,
12/31/1997,,,0.0,,639.127015,639.127015,,,,,,
03/31/1998,,,128.100006,,122.017,122.017,,,,,,
06/30/1998,,,132.199997,,148.628,148.628,,,,,,
09/30/1998,,,130.699997,,113.422997,113.422997,,,,,,
12/31/1998,,,139.399994,,125.582003,125.582003,,,,,,
03/31/1999,,,155.699997,,145.038,145.038,,,,,,
06/30/1999,,,151.800003,,148.327,148.327,,,,,,
09/30/1999,,,131.399994,,132.296,132.296,,,,,,
12/31/1999,,,36.599998,,34.604,34.604,,,,,,
03/31/2000,,,170.600006,,170.199,170.199,,,,,,
06/30/2000,,,173.0,,163.587,163.587,,,,,,
09/30/2000,,,190.699997,,138.605,138.605,,32.922732362822,,,,
12/31/2000,,,184.800003,,148.926,148.926,,26.3858093126386,,,,
03/31/2001,,,178.600006,,160.185,160.185,,3.02351623740202,,,,
06/30/2001,,,168.100006,,141.699,141.699,,0.0,,,,
09/30/2001,,,143.199997,,119.034,119.034,,-1.20160213618158,,,,
12/31/2001,,,199.100006,,169.201,169.201,,18.3908045977012,,,,
03/31/2002,,,162.0,,85.59,85.59,,-6.66666666666667,,,,
06/30/2002,,,127.099998,,48.533,48.533,,-22.3638470451912,,,,
09/30/2002,,,73.0,,-136.405,-136.405,,-30.5555555555555,,,,
12/31/2002,,,112.199997,,51.027,51.027,,-3.22580645161291,,,,
03/31/2003,,,104.800003,,41.575,41.575,,-7.23270440251573,,,,
06/30/2003,,,153.300003,,142.686,142.686,,0.820633059788981,,,,
09/30/2003,,,156.0,,133.297,133.297,,9.70996216897856,,,,
12/31/2003,,,178.699997,,194.321,194.321,,163.44676180022,,,,
03/31/2004,,,175.300003,,130.444,130.444,,7.06401766004414,,,,
06/30/2004,,,181.399994,,186.976,186.976,,7.9913606911447,,,,
09/30/2004,,,178.199997,,199.663,199.663,,6.26992561105208,,,,
12/31/2004,,,189.899994,,189.858,189.858,,9.18367346938776,,,,
03/31/2005,,,172.5,,178.988,178.988,,-2.0,,,,
06/30/2005,,,218.600006,,197.976,197.976,,26.5182186234818,,,,
09/30/2005,,193.0,228.199997,,228.964,228.964,,24.1642788920726,,,18.2383404145078,
12/31/2005,,184.0,232.300003,,225.31,225.31,,20.4044117647059,,,26.2500016304348,
03/31/2006,,194.0,221.800003,,221.0,221.0,,14.3641354071363,,,14.3298984536082,
06/30/2006,,327.5,351.399994,8.17477420892934,349.0,349.0,,8.96309314586996,,,7.29770809160305,
09/30/2006,,330.0,371.100006,26.4138193138501,364.0,364.0,,10.82910321489,,,12.4545472727273,
12/31/2006,,346.0,375.200012,4.19989816756492,382.0,382.0,,8.41423948220065,,,8.4393098265896,
03/31/2007,,348.333,379.100006,3.85274493813131,396.0,396.0,,6.00155884645364,,,8.83264175372416,
06/30/2007,,370.0,386.700012,1.7186358203415,376.0,376.0,,4.83271375464684,,,4.51351675675676,
09/30/2007,,374.0,352.899994,-1.08840385182999,330.0,330.0,,-6.04515659140568,,,-5.6417128342246,
12/31/2007,,364.75,312.0,-5.67540176632403,112.5,112.5,,-14.6431199411332,,,-14.4619602467443,
03/31/2008,,347.6,333.0,-6.96645779579801,289.0,289.0,,-1.99081163859112,,,-4.20023014959724,
06/30/2008,,341.2,342.0,-3.82419868087923,125.0,125.0,,-1.49253731343284,,,0.23446658851114,
09/30/2008,,301.8,315.799988,-7.59892623579798,148.0,148.0,,7.32984293193718,,,4.63882968853544,
12/31/2008,,-3.887,-121.599998,-11.3146809641978,-505.5,-505.5,,,,,-3028.37658862876,
03/31/2009,,74.0,170.899994,-11.7376567766142,-579.0,-101.2,,69.6658097686375,,,130.945937837838,
06/30/2009,,212.5,52.099998,-22.7963997231286,-161.0,-363.55,,-2.17391304347825,,,-75.4823538823529,
09/30/2009,,244.333,278.299988,-14.4589989092032,137.0,-233.4,,10.091743119266,,,13.9019240135389,
12/31/2009,,258.25,297.200012,-5.13722005923001,84.1,102.815,,8.56453558504223,,,15.0822892545983,
03/31/2010,,269.0,276.100006,-1.44667958666406,265.0,205.3,,-3.0373831775701,,,2.63940743494424,
06/30/2010,,237.2,290.0,0.622005872353574,106.0,128.3,,7.90464240903387,,,22.2596964586847,
09/30/2010,,265.429,205.699997,1.5626233771282,246.0,241.3,,-27.3356401384083,,,-22.5028173259139,
12/31/2010,,263.833,265.5,-0.176259178698671,195.6,110.655,,-7.44920993227992,,,0.631839080024096,
03/31/2011,,281.0,349.5,-0.753340574145178,314.0,295.0,,17.519042437432,,,24.3772241992883,
06/30/2011,,302.8,348.799988,1.5195360834634,304.0,284.0,,15.3439153439154,,,15.1915416116248,
09/30/2011,,298.0,317.299988,-7.29568623098755,153.0,87.0,,7.87486515641855,,,6.47650604026845,
12/31/2011,,299.833,302.6,-6.87006304804697,-541.0,84.0,,0.300902708124373,,,0.922847051525348,
03/31/2012,,290.375,295.7,-1.87143437109906,243.0,148.0,,2.35414534288639,,,1.83383555746879,
06/30/2012,,293.875,322.0,1.47600507275014,321.0,343.0,,9.54773869346734,,,9.57039557635049,
09/30/2012,,291.667,335.0,4.62562867464758,428.0,413.0,,14.2303969022265,,,14.8570115919868,
12/31/2012,,296.125,310.0,3.13152400835073,320.0,332.0,,3.67577756833178,,,4.6855213170114,
03/31/2013,,304.364,285.0,-0.518294936469371,239.0,165.0,,-7.18835304822566,,,-6.36211904167378,
06/30/2013,,320.455,351.0,1.47871360004473,317.0,286.0,,10.6271777003484,,,9.53175952941911,
09/30/2013,,333.0,367.0,0.0977198697068404,337.0,281.0,,9.03173311635476,,,10.2102102102102,
12/31/2013,,345.889,382.0,2.8977318589071,351.0,296.0,,9.80392156862745,,,10.440054468341,
03/31/2014,,352.444,365.0,2.22924901185771,328.0,288.0,,3.39506172839506,,,3.56255178127589,
06/30/2014,,369.778,394.0,1.17440515392149,398.0,388.0,,7.45614035087718,,,6.5504167365284,
09/30/2014,,380.111,439.0,3.93053016453382,437.0,474.0,,15.7894736842105,,,15.4925797990587,
12/31/2014,,392.75,439.0,15.7409154400011,348.0,411.9,,12.761647535449,,,11.7759388924252,
03/31/2015,,390.625,352.0,0.0687862340259254,300.0,232.0,,-9.27419354838709,,,-9.888,
06/30/2015,,395.6,371.0,0.444607753077347,344.0,332.654209,,-4.57516339869281,,,-6.21840242669364,
09/30/2015,,389.222,289.0,10.9914193380632,227.0,165.0,,-27.1653543307087,,,-25.7493153007795,
12/31/2015,,389.5,382.0,-0.789777265063443,283.0,382.0,,-1.47152911068458,,,-1.92554557124519,
03/31/2016,,364.6,314.0,-1.48853717721198,208.0,110.0,,-15.994623655914,,,-13.878222709819,
06/30/2016,,379.143,373.0,-1.23636363636364,325.0,259.0,,-0.191938579654504,,,-1.62023299915862,
09/30/2016,,384.0,441.0,2.72578356055714,467.0,441.0,,16.8831168831169,,,14.84375,
12/31/2016,,391.75,409.0,0.537112165019147,190.0,409.0,,3.69068541300527,,,4.40331844288449,
03/31/2017,,368.778,442.0,1.93151387385335,435.0,338.0,,18.9591078066914,,,19.8553059021959,
06/30/2017,,400.857,419.0,2.3334508283398,411.0,419.0,,5.83524027459955,,,4.52605293159405,
09/30/2017,,421.5,454.0,0.354733254503721,418.0,454.0,,10.0271002710027,,,7.71055753262159,
12/31/2017,,431.375,440.0,3.58548464149681,815.0,2864.25,,2.21992772328342,,,1.99942045783831,
03/31/2018,,440.875,441.0,-4.11427368864103,367.0,409.0,,1.28534704370179,,,0.0283527076835838,
06/30/2018,,472.0,454.0,1.20763343604015,385.0,454.0,,-3.57995226730311,,,-3.8135593220339,
09/30/2018,,478.5,510.0,2.91619479048699,490.0,510.0,,7.83410138248848,,,6.58307210031348,
12/31/2018,,462.429,475.0,3.93323673266451,387.0,463.0,,1.22410546139359,,,2.7184713761464,
03/31/2019,,425.714,441.0,3.08644892943235,252.0,441.0,,5.21140609636186,,,3.59067355078762,
06/30/2019,,475.286,478.0,0.257934282830548,363.0,478.0,,-0.211416490486272,,,0.57102460413309,
09/30/2019,,487.833,-46.0,5.18911324010892,-161.0,-46.0,,,,,,
12/31/2019,,477.429,482.0,0.765532248766053,430.0,481.0,,-0.165700082850042,,,0.95741984672067,
03/31/2020,,441.333,465.0,-0.542615140285873,29.0,442.0,,3.84793694946686,,,5.36261734336657,
06/30/2020,,282.0,187.0,-3.77229080932785,-94.0,187.0,,-30.1655867530598,,,-33.6879432624113,
09/30/2020,,462.444,,,,,,,,,,
12/31/2020,,455.444,,,,,,,,,,
