Date,Revenue,Consensus Estimate,Comparable Actual,Revenue Surprise %,GAAP Actual,Adjusted Actual,Earnings Per Share,EBIT,EBITDA,Gross Margin %,Pretax Income (Loss),Net Income,Source: Bloomberg
12/30/1989,,,0.0,,-1.661,-1.661,,,,,,,
04/01/1990,,,1.141,,2.096,2.096,,,,,,,
07/01/1990,,,6.203,,6.203,6.203,,,,,,,
09/30/1990,,,4.189,,4.189,4.189,,,,,,,
12/30/1990,,,0.0,,-42.804001,-42.804001,,,,,,,
03/31/1991,,,2.139,,2.139,2.139,,,,,,,
06/30/1991,,,4.459,,4.459,4.459,,,,,,,
09/29/1991,,,0.804,,0.804,0.804,,,,,,,
12/29/1991,,,0.0,,0.939,0.939,,,,,,,
03/29/1992,,,0.309,,0.309,0.309,,,,,,,
06/28/1992,,,-5.854,,-5.854,-5.854,,,,,,,
09/27/1992,,,-111.359001,,-111.359001,-111.359001,,,,,,,
12/31/1992,,,0.0,,6.696,6.696,,,,,,,
03/31/1993,,,10.615,,10.615,10.615,,,,,,,
06/30/1993,,,13.07,,13.07,13.07,,,,,,,
09/30/1993,,,14.375,,14.375,14.375,,,,,,,
12/31/1993,,,0.0,,15.69,15.69,,,,,,,
03/31/1994,,,19.355,,19.355,19.355,,,,,,,
06/30/1994,,,23.438,,23.438,23.438,,,,,,,
09/30/1994,,,29.468,,29.468,29.468,,,,,,,
12/31/1994,,,0.0,,36.481998,36.481998,,,,,,,
03/31/1995,,,45.259998,,45.259998,45.259998,,,,,,,
06/30/1995,,,55.744999,,55.744999,55.744999,,,,,,,
10/01/1995,,,65.542,,65.542,65.542,,,,,,,
12/31/1995,,,0.0,,71.572998,71.572998,,,,,,,
03/31/1996,,,42.284,,42.284,42.284,,,,,,,
06/30/1996,,,46.495998,,46.495998,46.495998,,,,,,,
09/30/1996,,,27.743,,27.743,27.743,,,,,,,
12/29/1996,,,0.0,,30.660999,30.660999,,,,,,,
03/31/1997,,,38.407001,,38.407001,38.407001,,,,,,,
06/30/1997,,,45.799,,45.799,45.799,,,,,,,
09/30/1997,,,46.369999,,44.318001,44.318001,,,,,,,
12/29/1997,,,0.0,,30.724001,30.724001,,,,,,,
03/29/1998,,,31.416,,30.443,30.443,,,,,,,
06/30/1998,,,32.034,,31.379,31.379,,,,,,,
09/27/1998,,,24.922001,,-212.029999,-212.029999,,,,,,,
12/29/1998,,,-3.032,,9.757,9.757,,,,,,,
03/28/1999,,,10.52,,-86.902,-86.902,,,,,,,
06/27/1999,,,31.85,,9.831,9.831,,,,,,,
09/30/1999,,,54.763,,51.924,51.924,,,,,,,
12/31/1999,,,76.413002,,93.182999,93.182999,,,,,,,
04/02/2000,,,87.931,,86.242996,86.242996,,,,,,,
07/02/2000,,,98.225998,,70.575996,70.575996,,,,,,,
10/01/2000,,,114.079002,,18.096001,18.096001,,,,,,,
12/31/2000,,,116.325996,,61.685001,61.685001,,,,,,,
04/01/2001,,,9.493,,-31.247999,-31.247999,,,,,,,
07/01/2001,,,-20.863001,,-312.480988,-312.480988,,,,,,,
09/30/2001,,,-104.166,,-398.082001,-398.082001,,,,,,,
12/31/2001,,,-74.391998,,-250.143997,-250.143997,,,,,,,
03/31/2002,,,-42.361,,-171.753006,-171.753006,,,,,,,
06/30/2002,,,-20.927999,,-62.291,-62.291,,,,,,,
09/29/2002,,,16.507,,-27.626,-27.626,,,,,,,
12/31/2002,,,4.544,,-30.77,-30.77,,,,,,,
03/30/2003,,,-50.833,,-122.425003,-122.425003,,,,,,,
06/29/2003,,,-6.297,,-162.084,-162.084,,,,,,,
09/28/2003,,,16.958,,-31.652,-31.652,,,,,,,
12/31/2003,,,24.625,,7.614,7.614,,,,,,,
04/04/2004,,,25.235001,,9.085,9.085,,,,,,,
07/04/2004,,,27.575001,,7.242,7.242,,,,,,,
10/03/2004,,,-25.249001,,-282.432007,-282.432007,,,,,,,
12/31/2004,,,15.156,,-197.426,-197.426,,,,,,,
04/03/2005,,,6.252,,4.719,4.719,,,,,,,
07/03/2005,,,25.937,,25.262,25.262,,,,,,,
10/02/2005,,,28.079,,-73.394,-73.394,,,,,,,
12/31/2005,,52.3,38.136002,,37.79,37.79,,,,,,,
04/02/2006,,52.9,41.834,-1.3370424582187,13.168,13.168,,,,,,,
07/02/2006,,60.65,56.750999,0.129858895705526,53.847,53.847,,,,,,,
10/01/2006,,67.8,64.636002,0.266643276852024,43.61,43.61,,,,,,,
12/31/2006,,79.0,79.099998,0.857280624036962,59.013,59.013,,,,,,,
04/01/2007,,44.74,44.344002,-1.60359217758985,29.824,29.824,,,,,,,
07/01/2007,,-17.71,-14.162,1.27574089191232,-377.845,-377.845,,,,,,,
09/30/2007,,39.04,43.300999,5.21918930529861,-140.6,-140.6,,,,,,,
12/31/2007,,,94.313004,,-2000.588,-2000.588,,,,,,,
03/30/2008,,,64.342003,,-13.628,-13.628,,,,,,,
06/29/2008,,,83.389,,-13.647,-13.647,,,,,,,
09/28/2008,,,94.025002,,11.371,11.371,,,,,,,
12/31/2008,,,41.292999,,-606.349,-606.349,,,,,,,
04/05/2009,,,-17.619,,-103.547,-76.692,,,,,,,
07/05/2009,,,7.069,,-61.483,-55.473,,,,,,,
10/04/2009,,,118.884,,52.485,58.88,,,,,,,
12/31/2009,,,123.918,,64.826,67.112,,,,,,,
04/04/2010,,,92.407,,22.52,27.568,,,,,,,
07/04/2010,,,71.23,,7.432,7.768,,,,,,,
10/03/2010,,,79.487,,23.421,16.357,,,,,,,
12/31/2010,,,89.977,,-13.401,3.87705,,,,,,,
04/03/2011,,,65.156,,10.154,23.35691,,,,,,,
07/03/2011,,,59.756,,293.784,22.53265,,,,,,,
10/02/2011,,,82.902,,29.339,38.86175,,,,,,,
12/31/2011,,,72.952,,-1.786,25.07945,,,,,,,
04/01/2012,,,117.045,,75.197,85.2473,,,,,,,
07/01/2012,,,120.537,,58.713,70.27165,,,,,,,
09/30/2012,,,98.737,,39.665,40.59565,,,,,,,
12/31/2012,,,101.15,,22.653,36.096051,,,,,,,
03/31/2013,,,94.059,,18.432,31.7271,,,,,,,
06/30/2013,,,83.921,,24.62,38.44715,,,,,,,
09/29/2013,,,0.093,,36.559,43.28295,,,,,,,
12/31/2013,,,112.665,,45.043,56.56415,,,,,,,
03/30/2014,,,99.756,,33.233,43.2885,,,,,,,
