Date,Revenue,Consensus Estimate,Comparable Actual,Revenue Surprise %,GAAP Actual,Adjusted Actual,Earnings Per Share,EPS Surprise %,EBIT,EBIT Surprise %,EBITDA,EBITDA Surprise %,Gross Margin %,Gross Margin Surprise %,Pretax Income (Loss),Pretax Income (Loss) Surprise %,Net Income,Net Income Surprise %,Source: Bloomberg
03/31/2004,,46.6,,,,,,,,,,,,,,,,,
06/30/2004,,-371.0,,,,,,,,,,,,,,,,,
09/30/2004,,-8.88,,,,,,,,,,,,,,,,,
12/31/2004,,,,,69.256,69.256,,,,,,,,,,,,,
03/31/2005,,,103.079002,,7.112,7.112,,9.43396226415093,,,,,,,,,,,
06/30/2005,,,95.533997,,86.429,86.429,,0.371747211895911,,,,,,,,,,,
09/30/2005,,98.9,99.93,,80.096,80.096,,4.08921933085502,,,,,,,,,,1.04145601617796,
12/31/2005,,104.5,118.049004,,110.049,110.049,,20.4379562043796,,,,,,,,,,12.9655540669856,
03/31/2006,,121.5,134.841995,-0.120530131826732,121.783,121.783,,7.95454545454546,,,,,,,,,,10.9810658436214,
06/30/2006,,120.0,121.283997,-0.383427745664747,109.329,109.329,,0.591715976331361,,,,,,,,,,1.0699975,
09/30/2006,,110.5,117.553001,7.84210136452241,97.251,97.251,,10.7382550335571,,,,,,,,,,6.38280633484162,
12/31/2006,,114.25,130.059006,12.5327219667492,113.64,113.64,,15.6962025316456,,,,,,,,,,13.8372043763676,
03/31/2007,,107.571,114.597,5.38042348899509,90.914,90.914,,5.76923076923077,,,,,,,,,,6.5315001254985,
06/30/2007,,84.74,81.877998,8.2143405720339,34.398,34.398,,-10.5058365758755,,,,,,,,,,-3.37739202265753,
09/30/2007,,107.04,41.832001,-17.741131051649,-48.507,-48.507,,-59.7315436241611,,,,,,,,,,-60.9192815769806,
12/31/2007,,129.833,71.149002,-7.67436239955972,39.883,39.883,,-43.8202247191011,,,,,,,,,,-45.1996010259333,
03/31/2008,,117.92,23.573,-11.5554959836066,-11.234,-11.234,,-79.7101449275362,,,,,,,,,,-80.009328358209,
06/30/2008,,46.45,30.867001,0.19866619695848,-8.796,-8.796,,-24.3697478991597,,,,,,,,,,-33.5478988159311,
09/30/2008,,27.116,-4.984,-2.59712805167639,-32.208,-32.208,,,,,,,,,,,,,
12/31/2008,,13.506,4.069,-6.04322419867664,-136.526,-136.526,,,,,,,,,,,,-69.8726491929513,
03/31/2009,,0.317,8.906,1.72153092006033,-87.68,-45.608,,-218.181818181818,,5.12903101124753,,0.0538293216630155,,,,46.5242165242165,,2709.46372239748,
06/30/2009,,-2.358,-37.49,-1.78333702871169,-222.248,-37.497,,-483.333333333333,,-67.2733828155111,,-29.3220543806647,,1.19469026548672,,,,-1489.90670059372,
09/30/2009,,-2.473,20.146,-1.52933856948209,-122.992,-98.328,,-757.142857142857,,5.09223984669022,,5.85878839590444,,1.8942731277533,,-49.4757665677547,,,
12/31/2009,,15.478,20.912,3.39125513152567,-113.914,-32.354,,11.1111111111111,,-17.9536288051193,,-6.76010655987821,,-1.6949152542373,,-64.8437219650483,,35.1078950768833,
03/31/2010,,10.164,53.513,1.5234356283611,-28.905,37.103,,250.0,,59.3284275961002,,20.2573203194321,,18.9565217391304,,567.685950413223,,426.495474222747,
06/30/2010,,89.088,121.051,0.490833736689255,-4.679,118.898,,100.0,,4.36651352730985,,28.0067590402163,,10.3787878787879,,33.1566389929502,,35.8780082614943,
09/30/2010,,176.075,312.108,6.47007047163675,168.011,272.61,,44.6808510638298,,27.5392624809372,,12.8897769516729,,4.28124999999999,,41.8444444444444,,77.2585545932131,
12/31/2010,,303.6,287.112,-2.5894186968937,273.036,348.01,,8.24742268041236,,5.46988385175519,,2.61802133137184,,5.93567251461987,,8.0213567839196,,-5.43083003952569,
03/31/2011,,358.455,238.262,-1.46055798232756,228.156,237.689,,-15.9090909090909,,-8.70356748804706,,-7.01431172726774,,-1.91011235955056,,-9.39476061427281,,-33.5308476656763,
06/30/2011,,401.333,428.864,5.13645660261302,367.607,471.636,,1.07526881720429,,8.85442398986103,,15.3152046985574,,,,6.87197640117993,,6.85988941851279,
09/30/2011,,421.714,444.833,2.85485592315902,353.631,370.277,,5.76923076923077,,5.5598867771937,,2.6904485553661,,5.40166204986148,,3.99438992202424,,5.48215141067169,
12/31/2011,,481.333,466.403,3.05864044762686,320.114,429.836,,-0.523560209424084,,2.2360020861867,,0.447318047266202,,,,2.74101085893093,,-3.10180270207943,
03/31/2012,,478.727,572.634,6.446776842755,498.942,568.623,,17.056856187291,,15.0055878872349,,11.5109561752988,,,,16.9784760765512,,19.6159815510719,
06/30/2012,,492.692,365.282,-6.76851968873562,240.587,404.279,,-27.0315091210614,,-22.1501889338349,,-17.4427659574468,,,,-22.4212264150943,,-25.8599693114563,
09/30/2012,,498.625,382.906,-6.43129811852966,349.782,377.983,,-22.9480737018425,,-19.8366020772661,,-14.9053213834864,,,,-20.6818930409691,,-23.2076209576335,
12/31/2012,,503.533,450.473,1.88910287315824,434.782,579.272,,-9.99999999999999,,-2.65905292479108,,-3.57268193243419,,,,-3.42716909198706,,-10.5375417301349,
03/31/2013,,553.579,583.918,1.08630346162052,571.961,578.567,,5.97014925373133,,4.28800728074767,,2.7886979044031,,,,4.10578746988082,,5.48051858903608,
06/30/2013,,568.647,538.032,-1.5694838601976,529.753,676.53,,-4.83162518301611,,-3.51830499931209,,-3.75539568345325,,,,-4.25779030150346,,-5.38383214894302,
09/30/2013,,618.533,681.3,2.87410034818536,626.744,677.777,,7.18954248366012,,1.03458621496842,,6.11830051627105,,,,1.81572634384718,,10.1477204934902,
12/31/2013,,708.2,592.9,-1.74442856881762,577.539,784.129,,-14.792899408284,,-12.8246153846154,,-8.49659233550623,,,,-12.8562236332318,,-16.2807116633719,
03/31/2014,,764.0,793.89,2.84794861069829,776.185,792.198,,3.63247863247862,,5.31576083403694,,4.62195902405649,,,,1.47823161941375,,3.91230366492146,
06/30/2014,,716.818,690.352,-4.25703341698587,671.434,686.135,,-4.92170022371365,,-8.69325735992402,,-4.71709050239707,,,,-9.73505216693419,,-3.69215058773636,
09/30/2014,,654.7,675.656,-1.87328620932625,671.705,672.613,,1.94174757281554,,0.341902942947664,,1.19591699847767,,,,1.53140777518339,,3.20085535359705,
12/31/2014,,629.091,734.196,-1.40620553384782,721.305,728.823,,17.1974522292994,,12.1868156463809,,12.1473210163058,,,,15.0203039658038,,16.7074397821619,
03/31/2015,,578.333,531.106,-5.49304335846827,511.923,529.573,,-8.58725761772853,,-13.9201632710374,,-9.33081577463659,,,,-15.5323704548334,,-8.1660565798597,
06/30/2015,,486.6,481.463,-2.42848263587489,469.173,479.115,,-0.826446280991736,,0.0127680195931014,,0.481253263707566,,,,0.0115987460814977,,-1.05569256062474,
09/30/2015,,504.545,529.808,-2.24043918918919,519.358,526.661,,4.43037974683545,,2.48833420003466,,1.14969136579067,,,,2.81630374092685,,5.007085591969,
12/31/2015,,506.4,492.355,-1.57403267411865,465.782,489.016,,-3.72670807453416,,-1.78649877579573,,2.11182794371887,,,,-4.69710226210506,,-2.77349921011058,
03/31/2016,,492.375,357.332,-5.8093765485377,320.167,354.972,,-28.4578696343402,,-18.1509433962264,,-11.8612591614117,,,,-28.7870785889539,,-27.4268596090378,
06/30/2016,,445.5,411.306,-3.66844783715012,327.966,429.267442,,-7.47330960854093,,-8.66694640874652,,-3.24445637583893,,,,-11.134756618275,,-7.67542087542088,
09/30/2016,,481.625,572.201,5.27987879419804,513.357,597.544583,,19.8003327787022,,11.2541682247018,,10.8907258630988,,,,20.5635168447001,,18.8063327277446,
12/31/2016,,516.111,491.0,-1.38361197674385,509.0,543.4,,-5.34351145038168,,-11.2226983257052,,-1.87349285846782,,,,-8.16618911174785,,-4.86542623582911,
03/31/2017,,497.273,527.0,0.00428221813747372,481.0,488.0,,5.93900481540931,,8.42886041807148,,5.52762366247351,,,,3.88041672957875,,5.97800403400144,
06/30/2017,,460.286,576.0,4.45974259203831,546.0,553.0,,23.728813559322,,16.47159577505,,11.8468665461765,,,,17.9783532622515,,25.139587126265,
09/30/2017,,528.25,607.0,2.1629222364195,569.0,591.65,,13.4020618556701,,8.49176172370089,,3.71404504616628,,,,11.0335195530726,,14.9077141504969,
12/31/2017,,612.167,700.0,5.35175251536508,1212.0,680.923076,,14.4343302990897,,13.0745939994495,,10.0683483423946,,,,14.8977027864236,,14.3478821955447,
03/31/2018,,667.0,821.0,6.54668182552959,1456.0,794.763158,,23.0769230769231,,19.9068081801709,,16.331386370177,,,,21.9594594594595,,23.0884557721139,
06/30/2018,,620.556,588.0,0.611987721864965,556.0,654.769239,,-5.73248407643313,,-12.8716145292293,,-0.88665807069974,,,,-1.6893407086261,,-5.24626302863884,
09/30/2018,,654.571,604.0,-1.14599698454248,571.0,627.73913,,-5.17241379310345,,-3.4049240440021,,-1.30889183405968,,,,-13.976578786995,,-7.72582347827814,
12/31/2018,,671.0,598.0,-1.42920560449427,-170.0,602.192976,,-9.30506478209658,,-10.9366379236435,,-5.78798641608652,,,,-16.6584360861204,,-10.8792846497765,
03/31/2019,,668.4,708.0,3.98467210033637,582.0,687.390934,,5.08083140877599,,-5.0521821863813,,-0.862442992065155,,,,6.75710317596833,,5.9245960502693,
06/30/2019,,607.143,555.0,-1.72329122625397,954.0,562.47331,,-8.16326530612245,,-3.4348671419313,,-2.83886865934627,,,,-5.19775723594484,,-8.58825680276311,
09/30/2019,,562.222,573.0,-1.26295316127162,533.0,572.2,,1.07816711590297,,-3.08322552824494,,0.241656953167257,,,,-0.398789403046488,,1.9170363308444,
12/31/2019,,594.875,678.0,4.35091884716174,629.0,678.523812,,11.6751269035533,,0.820379965457688,,7.57689349155729,,,,3.6815509195013,,13.9735238495482,
03/31/2020,,-141.317,-21.0,8.43182151465015,-1.0,9.952381,,80.5194805194805,,,,68.74194535357,,,,84.3843843843844,,85.1397920986152,
06/30/2020,,-572.25,-801.0,-80.8372180333511,-820.0,-811.857143,,-26.9649334945587,,-65.0554958825635,,-97.0199526894991,,,,-49.8467640165855,,-39.9737876802097,
09/30/2020,,-382.0,,,,,,,,,,,,,,,,,
12/31/2020,,2.19,,,,,,,,,,,,,,,,,
