Date,Revenue,Consensus Estimate,Comparable Actual,Revenue Surprise %,GAAP Actual,Adjusted Actual,Earnings Per Share,EPS Surprise %,EBIT,EBIT Surprise %,EBITDA,EBITDA Surprise %,Gross Margin %,Pretax Income (Loss),Pretax Income (Loss) Surprise %,Net Income,Net Income Surprise %,Source: Bloomberg
03/31/2005,,,93.293999,,93.294,93.294,,,,,,,,,,,,
06/30/2005,,,120.248001,,120.248,120.248,,,,,,,,,,,,
09/30/2005,,,106.084999,,106.085,106.085,,,,,,,,,,,,
12/31/2005,,,-52.908001,,-52.908,-52.908,,,,,,,,,,,,
03/31/2006,,,126.744003,,126.744,126.744,,51.1904761904762,,,,,,,,,,
06/30/2006,,98.75,107.540001,5.22855516148722,-310.46,-310.46,,192.592592592593,,,,,,,,,8.90126683544304,
09/30/2006,,147.111,193.0,3.75808052455999,193.004,193.004,,31.4814814814815,,,,,,,,,31.1934525630306,
12/31/2006,,11.844,55.403999,1.19261389192702,40.902,40.902,,138.823529411765,,,,,,,,,367.781146572104,
03/31/2007,,160.25,214.906006,7.47848933968658,214.906,214.906,,33.0508474576271,,,,,,,,,34.1067120124805,
06/30/2007,,183.889,195.285995,2.02387927735058,252.286,252.286,,6.71641791044775,,,,,,,,,6.19775788655113,
09/30/2007,,201.0,244.460999,5.29718983833718,314.461,314.461,,28.6713286713287,,,,,,,,,21.6223875621891,
12/31/2007,,100.811,119.233002,9.2905768721345,304.233,304.233,,18.6666666666667,,,,,,,,,18.2738014700777,
03/31/2008,,264.545,341.877991,9.21387157841638,446.878,446.878,,25.7281553398058,,,,,,,,,29.2324523238012,
06/30/2008,,262.4,276.346985,2.84152127405918,-746.653,-746.653,,3.43137254901961,,,,,,,,,5.31516196646343,
09/30/2008,,293.75,321.917999,5.59466660038287,-193.582,-193.582,,10.2678571428571,,,,,,,,,9.58910604255319,
12/31/2008,,207.6,245.442001,1.7191609232535,239.442,239.442,,16.875,,,,,,,,,18.2283241811175,
03/31/2009,,343.063,379.608,-4.25212266573024,364.0,376.2681,,10.2661596958175,,3.92832873830954,,2.47058823529411,,,4.26204019719379,,10.6525623573513,
06/30/2009,,316.053,350.375,3.06309135563876,349.0,381.9628,,10.7438016528926,,12.3925365607665,,11.363273823934,,,10.1029920652187,,10.859571021316,
09/30/2009,,380.947,456.258,1.12212556777079,452.0,466.56705,,17.9661016949153,,12.7307329222488,,10.9693838013434,,,14.7939605633035,,19.7694167430115,
12/31/2009,,322.429,318.791,0.157593288978875,294.0,318.09095,,-2.01612903225807,,-6.97222437506335,,-7.12760047595562,,,-7.48223657650383,,-1.12831041872784,
03/31/2010,,411.522,455.0,3.02814527283554,453.0,453.0,,9.49367088607594,,11.01877168831,,9.65026785994006,,,10.684828534071,,10.5651702703622,
06/30/2010,,439.591,458.0,-1.29052692779963,458.0,458.0,,4.17910447761193,,6.21388246552493,,4.99860374197151,,,6.14636586404332,,4.18775634624003,
09/30/2010,,466.3,518.65,1.70309959425591,518.0,517.35,,11.2994350282486,,7.61087010272203,,6.88339726815089,,,8.13234157977544,,11.2266781042247,
12/31/2010,,397.909,417.6,0.897553199252314,415.0,417.6,,3.92156862745098,,-7.05014064996292,,-3.95037279749615,,,,,4.94861890532761,
03/31/2011,,535.409,562.0,3.2040704070407,562.0,562.0,,4.63414634146342,,5.77351309769626,,5.0155071304094,,,6.07571153911104,,4.96648356676858,
06/30/2011,,545.65,608.0,6.73636438142852,608.0,608.65,,12.5295508274232,,8.72235872235872,,8.33331400190685,,,9.46195522122482,,11.4267387519472,
09/30/2011,,611.864,717.0,6.54008438818565,717.0,713.75,,16.5631469979296,,10.8775035963262,,9.60381292200852,,,13.3340228736667,,17.1829033902959,
12/31/2011,,496.72,514.0,0.254872485433166,19.0,513.35,,2.80612244897959,,4.65047430073517,,3.66835319246182,,,3.38708643460494,,3.47882106619423,
03/31/2012,,670.125,682.0,1.51469393435268,682.0,682.0,,1.13207547169811,,2.31602555445054,,2.8507415206687,,,1.77168302246617,,1.77205745196792,
06/30/2012,,706.423,713.0,-3.08307644135967,700.0,713.0,,1.25448028673833,,-4.76553646629297,,-3.11266704990989,,,-5.06548335133478,,0.931028576362887,
09/30/2012,,742.071,772.0,-0.901701514684942,772.0,772.0,,3.69747899159664,,-1.67876122631719,,-1.18350803830769,,,-1.48238512439466,,4.03317202801349,
12/31/2012,,604.357,605.0,0.237183922273068,605.0,604.35,,0.8298755186722,,2.83099799828424,,3.11158798283262,,,2.28364834561348,,0.106394068406592,
03/31/2013,,763.37,766.0,-1.37214834332635,766.0,766.0,,0.972447325769855,,-0.775510643103767,,-0.995130213847131,,,-1.38878946238098,,0.344524935483448,
06/30/2013,,768.222,848.0,4.74066441360969,848.0,848.0,,10.6518282988871,,9.40753326104833,,8.87909436920233,,,9.5553987798745,,10.3847585723918,
09/30/2013,,841.885,879.0,3.99718673074669,879.0,879.0,,4.60431654676259,,1.92905639666084,,1.96365524160801,,,2.21131823257559,,4.4085593638086,
12/31/2013,,722.6,684.0,-0.773694480991825,623.0,680.75,,-5.0,,-3.35965632218273,,4.50485845830115,,,-4.61308564341603,,-5.34182120121783,
03/31/2014,,858.0,870.0,1.72369564008596,870.0,870.0,,1.52990264255911,,1.72722537211581,,4.00814296447717,,,1.81534939912252,,1.3986013986014,
06/30/2014,,902.917,931.0,2.74062896974533,931.0,931.0,,4.16666666666667,,3.5807637864274,,2.92723944081824,,,3.66348100912208,,3.11025265888226,
09/30/2014,,906.423,1015.0,2.23002777323966,1015.0,1038.2,,11.2531969309463,,5.98992349318903,,5.16004897673605,,,6.71924860015654,,11.9786236668752,
12/31/2014,,777.444,801.0,1.06109971710422,801.0,893.56,,2.37388724035607,,-11.9948130538146,,-13.2336070962627,,,-12.8953013632275,,3.02992884374952,
03/31/2015,,920.185,1020.0,-2.38277944680365,1020.0,1043.04,,11.1111111111111,,4.9286159208787,,6.433135492046,,,4.74887629470393,,10.8472752761673,
06/30/2015,,978.28,965.0,-1.00974204961193,921.0,999.23,,-0.351699882766706,,-9.27583843702068,,-10.4158629471952,,,-9.59396690891501,,-1.35748456474629,
09/30/2015,,990.217,1027.0,-0.59880380679079,977.0,1049.66,,4.0,,4.01648747527992,,-2.29131214152332,,,2.85226361229224,,3.71464032631232,
12/31/2015,,789.5,890.0,-1.37699964304508,890.0,923.72,,13.6690647482015,,-0.932593892543638,,-4.47130039238413,,,-0.0235716782222048,,12.7295756808106,
03/31/2016,,948.435,959.0,2.61143156790771,959.0,959.0,,1.1764705882353,,-1.50158927331847,,-2.3812745230686,,,-0.686208530735283,,1.11394033328589,
06/30/2016,,993.143,1061.0,4.04171555288478,983.0,1061.0,,6.43015521064301,,3.75383756628523,,3.49119014868671,,,3.88143966125618,,6.83255080084137,
09/30/2016,,1070.81,1184.0,4.87275984684208,1184.0,1184.0,,10.2040816326531,,9.53843651263726,,7.51966823199365,,,7.74134423986272,,10.5705027035609,
12/31/2016,,928.87,940.0,-1.0672602631051,933.0,940.0,,0.702576112412179,,4.33130699088146,,2.73492286115007,,,1.57241167198493,,1.19823010755003,
03/31/2017,,1022.143,1091.0,3.03011803241869,1081.0,1091.0,,6.65258711721226,,3.73988774812147,,4.34125606689744,,,4.67915104016581,,6.73653295086891,
06/30/2017,,1120.667,1200.0,2.53120770545702,1177.0,1177.0,,5.36398467432951,,3.69825751796684,,3.87334518101874,,,4.45606493214847,,7.07908772186565,
09/30/2017,,1311.593,1430.0,3.50614106991478,1430.0,1430.0,,8.76623376623377,,4.61158704023585,,4.17604790782722,,,5.5437799095339,,9.0277243016698,
12/31/2017,,1181.769,1208.0,1.85732777669626,227.0,1208.0,,1.78571428571427,,-8.22025691091817,,-8.43336023837532,,,0.8259052346416,,2.21963852495708,
03/31/2018,,1308.5,1581.0,10.2040652986792,1492.0,1581.0,,20.5787781350482,,15.145894948048,,13.3797446151495,,,16.6261512276725,,20.8253725640046,
06/30/2018,,1605.826,1744.0,0.410078596571204,1569.0,1744.0,,8.28440965427267,,6.86645402170956,,7.27176235816892,,,7.47945900837559,,8.60454370523332,
09/30/2018,,1748.333,1856.0,0.994581581106711,1899.0,1921.91,,5.82639714625446,,4.80667106227173,,3.20795147737908,,,4.67834121578438,,6.15826618842062,
12/31/2018,,1562.741,1611.0,0.226252801833191,899.0,2210.03,,1.97368421052632,,-0.773577364215291,,-0.829562594268472,,,-0.438233334006506,,3.08809969150358,
03/31/2019,,1715.32,1800.0,0.898146577064752,1862.0,1857.0,,7.48792270531402,,3.9280872113037,,3.13535918327419,,,3.55879347189435,,4.93668819812047,
06/30/2019,,1866.76,1900.0,0.826715328896602,2048.0,1937.0,,3.61842105263157,,2.77730255245309,,2.67225012411155,,,8.5857301366568,,1.78062525445156,
09/30/2019,,2045.16,2191.0,0.965672123529367,2108.0,2192.0,,6.69975186104217,,3.46294974233634,,4.03493069678811,,,-0.486610265273482,,7.1309824170236,
12/31/2019,,1895.423,1981.0,0.343336068109803,2100.0,1981.0,,4.47761194029851,,0.378216755884783,,0.88410294774948,,,4.96552677638781,,4.514928857569,
03/31/2020,,1743.375,1800.0,0.752084530219843,1693.0,1844.0,,5.71923743500866,,3.60824742268041,,2.58246454044363,,,-5.14865692503116,,3.24801032480103,
06/30/2020,,1171.563,1370.0,2.49784324253387,1420.0,1370.0,,18.3637946040035,,14.0958154089401,,13.7308450917918,,,22.8968628278626,,16.9378001865883,
09/30/2020,,1665.563,,,,,,,,,,,,,,,,
12/31/2020,,1831.323,,,,,,,,,,,,,,,,
