Date,Revenue,Consensus Estimate,Comparable Actual,Revenue Surprise %,GAAP Actual,Adjusted Actual,FFO Per Share,FFO Per Share Surprise %,EBIT,EBIT Surprise %,EBITDA,EBITDA Surprise %,Net Income,Net Income Surprise %,Source: Bloomberg
03/31/1994,,,1.212,,1.697,1.697,,,,,,,,,
06/30/1994,,,1.326,,1.326,1.326,,,,,,,,,
09/30/1994,,,1.607,,1.607,1.607,,,,,,,,,
12/31/1994,,,2.314,,2.314,2.314,,,,,,,,,
03/31/1995,,,1.798,,1.798,1.798,,,,,,,,,
06/30/1995,,,2.199,,2.199,2.199,,,,,,,,,
09/30/1995,,,2.722,,2.722,2.722,,,,,,,,,
12/31/1995,,,3.091,,3.091,3.091,,,,,,,,,
03/31/1996,,,1.72,,1.72,1.72,,,,,,,,,
06/30/1996,,,3.322,,3.322,3.322,,,,,,,,,
09/30/1996,,,1.601,,1.601,1.601,,,,,,,,,
12/31/1996,,,1.639,,1.639,1.639,,,,,,,,,
03/31/1997,,,2.99,,2.99,2.99,,,,,,,,,
06/30/1997,,,3.622,,3.622,3.622,,,,,,,,,
09/30/1997,,,3.278,,3.278,3.278,,,,,,,,,
12/31/1997,,,5.481,,-3.915,-3.915,,,,,,,,,
03/31/1998,,,4.783,,4.412,4.412,,,,,,,,,
06/30/1998,,,4.437,,3.818,3.818,,,,,,,,,
09/30/1998,,,3.719,,3.719,3.719,,,,,,,,,
12/31/1998,,,3.378,,3.377,3.377,,,,,,,,,
03/31/1999,,,6.987,,6.92,6.92,,,,,,,,,
06/30/1999,,,-1.34,,-1.34,-1.34,,,,,,,,,
09/30/1999,,,6.5,,6.5,6.5,,,,,,,,,
12/31/1999,,,5.378,,5.377999,5.377999,,,,,,,,,
03/31/2000,,,3.342,,3.286,3.286,,,,,,,,,
06/30/2000,,,6.763,,6.615,6.615,,,,,,,,,
09/30/2000,,,1.599,,1.599,1.599,,,,,,,,,
12/31/2000,,,2.173,,2.173,2.173,,,,,,,,,
03/31/2001,,,0.833,,0.833,0.833,,,,,,,,,
06/30/2001,,,1.016,,0.573,0.573,,,,,,,,,
09/30/2001,,,9.245,,9.062,9.062,,,,,,,,,
12/31/2001,,,2.524,,2.117,2.117,,,,,,,,,
03/31/2002,,,0.272,,0.272,0.272,,,,,,,,,
06/30/2002,,,0.974,,0.941,0.941,,,,,,,,,
09/30/2002,,,-0.269,,-0.231,-0.231,,,,,,,,,
12/31/2002,,,-1.498,,-2.911,-2.911,,,,,,,,,
03/31/2003,,,0.322,,0.401,0.401,,,,,,,,,
06/30/2003,,,0.857,,1.18,1.18,,,,,,,,,
09/30/2003,,,-7.14,,-3.062,-3.062,,,,,,,,,
12/31/2003,,,-0.207,,0.281,0.281,,,,,,,,,
03/31/2004,,,-0.285,,1.349,1.349,,,,,,,,,
06/30/2004,,,-0.116,,1.286,1.286,,,,,,,,,
09/30/2004,,,-0.808,,-0.576,-0.576,,,,,,,,,
12/31/2004,,,1.85,,,,,,,,,,,,
03/31/2005,,,0.864,,0.613,0.613,,,,,,,,,
06/30/2005,,,4.791,,4.558,4.558,,,,,,,,,
09/30/2005,,0.562,2.729,,0.125,0.125,,0.0,,,,,,385.5871886121,
12/31/2005,,8.356,0.578,,0.119,0.119,,9.45945945945947,,,,,,-93.0828147438966,
03/31/2006,,3.77,2.186,6.14959568733154,1.636,1.636,,8.38709677419354,,,,,,-42.0159151193634,
06/30/2006,,2.4,1.979,2.82261921472048,2.401,2.401,,0.472813238770686,,,,,,-17.5416666666667,
09/30/2006,,0.841,2.032,25.2432069486405,2.139,2.139,,13.0790190735695,,,,,,141.617122473246,
12/31/2006,,2.3,0.722,-1.17811408614668,0.807,0.807,,-0.240384615384616,,,,,,-68.6086956521739,
03/31/2007,,2.34,7.058,-1.23621706326176,,,,2.35294117647059,,,,,,201.623931623932,
06/30/2007,,1.78,1.907,0.091117647058819,5.628,5.628,,8.1081081081081,,,,,,7.13483146067416,
09/30/2007,,4.83,2.968,0.896302885852709,8.409,8.409,,10.5710814094775,,,,,,-38.5507246376812,
12/31/2007,,2.48,3.825,98.0914102285092,4.388,4.388,,1.63934426229508,,,,,,54.233870967742,
03/31/2008,,5.18,5.108,20.5438541162307,4.463,4.463,,4.34782608695651,,,,,,-1.38996138996139,
06/30/2008,,7.403,5.488,-0.484845266827559,5.427,5.427,,-0.105152471083071,,,,,,-25.8678913953802,
09/30/2008,,5.89,7.837,-0.410446695095942,2.977,2.977,,-2.17391304347826,,,,,,33.0560271646859,
12/31/2008,,7.879,7.15,-0.227833221020666,4.517,4.517,,1.99556541019956,,,,,,-9.25244320345221,
03/31/2009,,7.512,9.427,1.22968106161384,7.923,6.211,,7.67590618336888,,,,1.8021968842668,,25.4925452609159,
06/30/2009,,6.858,8.808,2.07679826933478,6.931,4.962,,5.03751339764201,,,,3.26926760743248,,28.4339457567804,
09/30/2009,,4.843,3.189,2.39158716392021,3.402,3.189,,4.70588235294118,,,,0.159458278724335,,-34.1523848854016,
12/31/2009,,5.293,4.391,3.26501843417913,6.09,3.566,,3.95480225988701,,,,2.54635618801207,,-17.0413754014736,
03/31/2010,,6.77,5.645,2.18173049704874,6.196,5.669,,2.37849017580145,,,,0.465686274509807,,-16.6174298375185,
06/30/2010,,5.55,5.932,2.83441642838575,1.383,2.788,,5.08474576271187,,,,0.862835978398067,,6.88288288288289,
09/30/2010,,4.834,3.518,1.60957325262081,3.544,3.696,,0.119189511323004,,,,3.26084663896564,,-27.2238311956971,
12/31/2010,,7.955,6.94,1.11709090909091,6.94,6.94,,-0.210084033613446,,,,1.61507936507937,,-12.7592708988058,
03/31/2011,,7.79,8.844,1.79621410416903,8.844,8.471,,-1.60642570281125,,,,0.399915402511004,,13.5301668806162,
06/30/2011,,10.116,9.272,1.83317972350231,7.428,7.1,,-6.81362725450901,,,,-1.92393819511831,,-8.34321866350336,
09/30/2011,,13.625,9.805,1.93795379537954,13.791,8.408,,-1.96078431372549,,,,0.0891790179606492,,-28.0366972477064,
12/31/2011,,13.02,12.307,0.0930034129692787,18.758,9.694,,0.469483568075128,,,,0.50423011844332,,-5.47619047619047,
03/31/2012,,14.683,14.063,0.00501567398119141,23.89,14.015,,3.8961038961039,,,,0.0410030998343568,,-4.22257031941701,
06/30/2012,,14.42,16.024,1.74220032840722,28.16,13.932,,4.72659870250231,,,,4.04870129870129,,11.123439667129,
09/30/2012,,18.267,16.491,-0.011799410029499,30.866,13.896,,0.817438692098103,,,,3.17021981663536,,-9.72245032024963,
12/31/2012,,17.2,19.712,0.599693251533729,22.307,17.05,,4.58081244598098,,,,6.4010695990506,,14.6046511627907,
03/31/2013,,17.72,21.343,0.402008537035218,21.18,19.551,,4.95382031905961,,,,5.18119590758497,,20.4458239277652,
06/30/2013,,24.833,,,59.089,19.573,,,,,,,,,
09/30/2013,,21.1,,,44.284,20.339,,,,,,,,,
12/31/2013,,9.993,-12.774,0.675210084033613,-9.272,11.89,,5.4481546572935,,,,9.61341905703924,,,
03/31/2014,,20.453,-0.05624,1.31234578688736,14.866,11.778,,1.17056856187291,,,,3.19770554493309,,,
06/30/2014,,22.217,32.704,-1.98236472945892,31.613,35.859,,-4.06504065040651,,,,0.0466165413533923,,47.2025926092632,
09/30/2014,,42.44,69.174,1.75092024539878,66.976,70.274,,5.78512396694215,,,,-1.97591240875912,,62.9924599434496,
12/31/2014,,33.5,35.509,1.70151057401812,34.525,35.763,,3.04449648711945,,,,2.57913669064749,,5.99701492537314,
03/31/2015,,39.238,61.267,2.00237388724035,61.267,34.434,,1.53846153846154,,,,1.88739946380696,,56.1420051990418,
06/30/2015,,51.357,136.812,1.12929687500001,136.299,30.438,,4.77657935285054,,,,3.65168337723296,,166.394065073895,
09/30/2015,,51.11,91.739,0.207683922663558,91.734,37.123,,3.75939849624059,,6.56389783340377,,2.4174520069808,,79.4932498532577,
12/31/2015,,45.333,43.218,0.0588946052541483,42.987,43.29,,3.57142857142857,,4.43945578231293,,1.37822445561138,,-4.66547548143735,
03/31/2016,,43.033,41.846,1.44579948865308,43.413,41.975,,2.05527994330262,,6.27590940288264,,2.26608579088472,,-2.75834824437061,
06/30/2016,,46.382,42.773,-0.218815172651416,45.144,42.773,,1.91518467852257,,0.662805662805663,,0.666013071895428,,-7.78103574662584,
09/30/2016,,50.236,40.506,0.204463455323829,84.279,40.506,,0.067159167226319,,-1.28652037617554,,0.505487411233045,,-19.3685803009794,
12/31/2016,,66.567,44.552,-3.48365935039556,39.079,44.177,,-23.8544474393531,,15.8252840909091,,0.570966658507281,,-33.0719425541184,
03/31/2017,,64.844,47.185,1.62287418500926,40.983,47.185,,2.24089635854342,,-12.8687635574837,,-0.708577039460332,,-27.2330516316082,
06/30/2017,,41.489,49.301,0.141530412034008,47.393,51.038,,2.77777777777778,,2.02807742057983,,-0.415663354763301,,18.8290872279399,
09/30/2017,,45.388,57.687,-0.684400826446275,113.787,57.687,,2.31923601637108,,6.87598647125141,,-2.86438356164383,,27.0974706971006,
12/31/2017,,57.267,64.0,-0.845077720207254,122.528,59.792,,1.55721056194989,,22.247906097085,,10.7190650779102,,11.7572074667784,
03/31/2018,,54.733,51.518,0.427186991869918,48.097,50.72021,,-1.16678105696638,,-14.5703905540418,,-2.01885057471264,,-5.87396999981729,
06/30/2018,,55.8,59.972,-0.00974081735711398,58.885,58.154,,4.44743935309973,,-2.97752808988765,,3.88253968253969,,7.47670250896058,
09/30/2018,,52.314,53.481,0.392359109708871,51.869,51.97,,-0.199600798403186,,1.66091370558375,,0.0824053452115823,,2.23076040830371,
12/31/2018,,57.267,60.944,-0.43537081540127,60.36,59.285,,0.453661697990934,,2.11830985915493,,0.347276688453158,,6.42080081023975,
03/31/2019,,56.663,54.153,-0.0386212945359663,62.738,52.252,,4.4973544973545,,,,4.8329988851728,,-4.42969839224891,
06/30/2019,,58.143,62.225,0.652254478072881,60.995,60.436,,2.61437908496732,,,,2.12674216027875,,7.02062157095437,
09/30/2019,,60.044,79.118,1.05324580598103,77.723,76.682,,10.896196002579,,,,8.77158071870119,,31.766704416761,
12/31/2019,,71.075,69.608,-0.139674173454713,148.667,64.581,,2.68948655256724,,,,1.39327731092437,,-2.06401688357369,
03/31/2020,,65.8,36.366,0.0576752333932387,35.726,36.131,,1.44020037570445,,,,1.20169921800252,,-44.7325227963526,
06/30/2020,,64.236,76.33,-0.0496090564357427,74.14,73.982,,2.64686894770821,,,,2.31459694989107,,18.8274487826141,
09/30/2020,,61.05,,,,,,,,,,,,,
12/31/2020,,65.8,,,,,,,,,,,,,
