Date,Basic Shares Outstanding,Diluted Weighted Avg Shares,Basic Weighted Avg Shares,Per Share Data Items,Revenue,EBITDA,Operating Income,Net Income to Common - Basic,Net Income before XO - Basic,Normalized Net Income - Basic,Net Income to Common - Diluted,Net Income before XO - Diluted,Normalized Net Income - Diluted,Dividends,Cash Flow,Free Cash Flow,Cash & Equivalents,Book Value,Tangible Book Value,Source: Bloomberg
03/31/1996,,,,,,,,0.19,0.085,,0.19,0.085,,,,,,,,
06/30/1996,,,,,,,,-0.13,-0.075,,-0.13,-0.075,,,,,,,,
09/30/1996,,,,,,,,0.15,-0.035,,0.15,-0.035,,,,,,,,
12/31/1996,,,,,,,,-0.34,-0.315,,-0.34,-0.315,,,,,,,,
03/31/1997,,,,,,,,-0.27,-0.265,0.105,-0.265,-0.26,0.105,,,,,,,
06/30/1997,,,,,,,,0.16,0.14,0.14,0.155,0.14,0.14,,,,,,,
09/30/1997,,345.200012,341.0,,1.313196,,0.286804,0.25,0.16,0.16,0.245,0.155,0.155,,,,,,,
12/31/1997,,,,,,,,0.4,0.605,0.605,0.4,0.6,0.605,,,,,,,
03/31/1998,343.140015,348.200012,342.399994,,1.375876,0.374416,0.271028,0.185,0.15,0.15,0.185,0.15,0.15,0.11,0.500876,0.471671,0.339803,-1.300344,-1.845019,
06/30/1998,342.582634,349.0,343.0,,1.411079,0.412536,0.309038,0.18,0.115,0.185,0.175,0.115,0.18,0.11,0.312828,0.273469,0.723621,-0.740551,-1.680179,
09/30/1998,334.210894,342.600006,339.200012,,1.354953,0.405071,0.30395,0.2,0.2,0.185,0.2,0.2,0.185,0.0925,0.124705,0.081958,0.467968,-0.978125,-1.943683,
12/31/1998,330.108002,336.399994,331.799988,,1.566606,0.55214,0.442435,0.26,0.26,0.26,0.26,0.26,0.26,0.0925,0.063593,0.011151,0.274456,-1.123875,-1.704897,
03/31/1999,328.102996,335.8,330.2,,1.486675,0.423985,0.316778,0.185,0.185,0.185,0.18,0.18,0.18,0.0925,0.203816,0.172623,0.216091,-1.121294,-2.113056,
06/30/1999,322.018998,329.6,324.4,,1.078298,0.32799,0.127312,0.205,0.06,0.06,0.2,0.06,0.06,0.0925,0.410296,0.353576,0.237253,-1.434387,-2.443334,
09/30/1999,321.766,325.4,321.8,,0.432878,0.311063,0.206961,0.13,0.13,0.13,0.13,0.13,0.13,0.0925,0.260099,0.237415,0.220036,-1.347563,-1.871236,
12/31/1999,321.647618,325.0,321.8,,0.436296,0.325357,0.214108,0.12,0.12,0.12,0.12,0.12,0.12,0.0925,0.211311,0.163766,0.351938,-1.295206,-2.301587,
03/31/2000,323.411668,325.0,322.4,,0.432072,0.210298,0.197891,0.11,0.11,0.11,0.11,0.11,0.11,0.0925,0.054901,0.045596,0.216442,-1.027792,-2.030848,
06/30/2000,324.198714,326.6,323.8,,0.461396,0.25664,0.231007,0.13,0.13,0.13,0.13,0.13,0.13,0.0925,-0.214947,-0.23533,0.169032,-0.933378,-1.809076,
09/30/2000,321.647618,327.8,324.4,,0.470099,0.238594,0.224723,0.125,0.125,0.125,0.125,0.125,0.125,0.0,0.237978,0.22688,0.070263,-0.811758,-0.855906,
12/31/2000,320.82174,326.8,323.0,,0.498762,0.250155,0.23839,0.125,0.125,0.125,0.125,0.125,0.125,0.0225,0.185759,0.179257,0.371234,-0.880551,-0.923254,
03/31/2001,314.922,322.2,318.0,,0.566667,0.295283,0.28239,0.15,0.15,0.155,0.15,0.15,0.155,0.0225,0.225786,0.216352,0.314364,-1.028509,-1.070106,
06/30/2001,316.61,322.4,316.0,,0.649367,0.341772,0.329114,0.175,0.175,0.18,0.17,0.17,0.175,0.0225,0.195253,0.183861,0.519251,-0.810145,-0.84931,
09/30/2001,312.092,323.0,316.4,,0.60177,0.310051,0.296144,0.16,0.16,0.165,0.155,0.155,0.16,0.0225,0.367573,0.354298,0.559771,-0.947157,-0.984646,
12/31/2001,308.815936,316.0,310.2,,0.712121,0.37234,0.357834,0.19,0.19,0.2,0.185,0.185,0.195,0.0225,0.219213,0.206318,0.52847,-0.984729,-1.037511,
06/30/2002,310.831188,318.6,310.0,,0.875806,0.494194,0.474194,0.255,0.255,0.255,0.245,0.245,0.245,0.0225,0.304194,0.28871,0.252549,-0.459092,-1.144351,
09/30/2002,306.9682,318.8,310.4,,0.799936,0.433312,0.410438,0.22,0.22,0.22,0.215,0.215,0.215,0.0225,0.401418,0.379832,0.227711,-0.588009,-1.279611,
12/31/2002,297.78,306.4,302.0,,0.900331,0.450993,0.427152,0.231126,0.231126,0.231126,0.227807,0.227807,0.222758,0.0225,0.303311,0.287417,0.133992,-1.098126,-1.805695,
03/31/2003,296.508,303.0,296.2,,0.93923,0.52971,0.503376,0.31,0.31,0.285,0.305,0.305,0.28,0.0225,0.260297,0.246117,0.194936,-0.917007,-1.62053,
06/30/2003,298.459336,304.8,297.6,,1.050739,0.620296,0.59375,0.34,0.34,0.345,0.33,0.33,0.335,0.0225,0.344758,0.329301,0.272064,-0.4674,-1.161632,
09/30/2003,297.6572,305.8,298.8,,1.02075,0.5666,0.539491,0.285,0.285,0.285,0.28,0.28,0.28,0.0225,0.509705,0.496653,0.604387,-0.303033,-0.993761,
12/31/2003,297.343272,306.6,298.4,,1.175268,0.619638,0.590147,0.285,0.285,0.33,0.28,0.28,0.325,0.0225,0.457105,0.439678,0.905015,-0.107956,-0.793359,
03/31/2004,299.444,306.2,298.2,,1.110664,0.64118,0.613347,0.345,0.345,0.355,0.34,0.34,0.35,0.0375,0.356808,0.334675,1.229278,0.332616,-0.345307,
06/30/2004,295.536,304.2,297.8,,1.200806,0.723304,0.69409,0.35,0.35,0.395,0.34,0.34,0.385,0.0375,0.413365,0.397246,1.124398,0.210127,-0.470332,
09/30/2004,295.856,301.4,295.2,,1.212398,0.698171,0.670054,0.325,0.325,0.325,0.315,0.315,0.315,0.0375,0.504065,0.493564,1.52439,0.498553,-0.177113,
12/31/2004,298.2,305.4,297.0,,1.318519,0.753199,0.723569,0.415,0.415,0.435,0.4,0.4,0.425,0.0375,0.476094,0.453199,2.032529,1.064722,0.385983,
03/31/2005,300.123696,306.0,299.0,,1.30602,0.795987,0.767224,0.395,0.395,0.44,0.39,0.39,0.43,0.055,0.523411,0.505017,2.588933,1.648654,0.979263,
06/30/2005,300.87963,307.7,300.4,,1.48735,0.870506,0.841545,0.48,0.48,0.52,0.47,0.47,0.51,,0.629494,0.608855,3.093596,2.134076,1.47235,
09/30/2005,295.426252,307.7,299.6,,1.405541,0.803405,0.774032,0.49,0.49,0.48,0.48,0.48,0.47,0.055,0.669893,0.646862,2.770235,1.684346,1.01582,
12/31/2005,290.297538,300.9,292.0,,1.620548,0.861301,0.830137,0.51,0.51,0.54,0.5,0.5,0.52,0.07,0.553425,0.509932,1.999672,1.065803,0.29797,
03/31/2006,290.762543,299.5,290.5,,1.515318,0.852668,0.82031,0.5,0.5,0.5,0.49,0.49,0.49,0.07,0.482272,0.459208,2.080736,1.314475,0.548214,
06/30/2006,281.906928,293.7,286.4,,1.785615,1.074721,1.009427,0.6,0.6,0.6,0.59,0.59,0.59,0.07,1.126397,1.081355,0.816936,0.073074,-0.709454,
09/30/2006,279.802799,287.9,280.7,,1.76523,1.059138,0.957606,0.56,0.56,0.56,0.55,0.55,0.55,0.07,2.027788,1.952262,1.052884,0.138312,-0.641166,
12/31/2006,278.60546,286.7,279.1,,2.113938,1.12397,1.084558,1.0,1.0,0.67,0.97,0.97,0.64,0.07,0.656754,0.621283,1.735429,0.60085,-0.267044,
03/31/2007,273.8,284.9,277.7,,2.099388,1.134318,1.097227,0.63,0.63,0.63,0.62,0.62,0.62,0.08,0.667267,0.548073,1.09496,-0.256026,-1.139153,
06/30/2007,266.947277,276.0,269.6,,2.396513,1.382789,1.349036,0.97,0.97,0.78,0.95,0.95,0.76,0.0,1.080119,0.856825,1.404772,-0.996077,-1.900375,
09/30/2007,258.383251,267.6,262.2,,2.002288,0.999619,0.955378,0.52,0.52,0.52,0.51,0.51,0.51,0.08,2.935164,2.3791,1.647553,-2.358899,-3.285043,
12/31/2007,251.406846,260.3,256.1,,1.971496,1.069895,1.023428,0.497071,0.497071,0.497071,0.489051,0.489051,0.489051,0.12,0.837173,0.696603,1.754129,-3.11686,-4.05876,
03/31/2008,244.73289,251.0,247.4,,1.740905,0.853274,0.802749,0.49,0.49,0.49,0.48,0.48,0.48,0.1,0.747373,0.67017,1.428496,-3.689737,-4.809734,
06/30/2008,243.7,248.1,244.6,,1.993459,1.023303,0.95462,0.55,0.55,0.55,0.54,0.54,0.54,0.0,0.260834,0.159035,1.611818,-3.372179,-4.485433,
09/30/2008,239.805489,244.6,241.3,,1.796104,0.839619,0.779113,0.47,0.47,0.46,0.46,0.46,0.45,0.0,0.649399,0.560713,1.859007,-3.727187,-4.838505,
12/31/2008,235.144735,237.8,236.2,,1.709145,0.663844,0.531753,0.38,0.38,0.38,0.37,0.37,0.37,0.0,0.568586,0.488146,1.075933,-4.228885,-6.151105,
03/31/2009,235.679594,236.5,235.4,,1.737043,0.698811,0.63254,0.38,0.38,0.414189,0.38,0.38,0.410867,0.1,0.828377,0.775701,1.478702,-3.924396,-5.795156,
06/30/2009,236.317232,238.1,236.1,,1.908937,0.859382,0.792884,0.46,0.46,0.471474,0.46,0.46,0.468463,0.1,0.548496,0.453621,1.682907,-3.204591,-5.114312,
09/30/2009,236.462825,238.2,236.4,,1.911168,0.798223,0.729695,0.43,0.43,0.435279,0.42,0.42,0.429656,0.1,0.558799,0.43401,1.816353,-2.778027,-4.700527,
12/31/2009,236.857439,238.5,236.6,,2.053254,0.826289,0.756128,0.43,0.43,0.427726,0.43,0.43,0.427065,0.1,0.791209,0.679628,2.043001,-2.559345,-4.476532,
03/31/2010,236.962717,239.1,236.9,,2.011819,0.897425,0.83073,0.48,0.48,0.476762,0.47,0.47,0.468097,0.105,0.692697,0.624314,2.126495,-2.285592,-4.173652,
06/30/2010,234.250057,236.5,235.3,,2.030599,0.874203,0.809605,0.51,0.51,0.515087,0.51,0.51,0.510846,0.105,0.59456,0.513387,2.10715,-2.134898,-4.005549,
09/30/2010,234.211711,235.7,234.3,,2.190781,0.883483,0.806231,0.58,0.58,0.511741,0.58,0.58,0.511697,0.105,0.728553,0.64618,3.434926,-1.313769,-3.228703,
12/31/2010,230.785691,235.3,233.4,,2.417738,0.916024,0.842331,0.59,0.59,0.588967,0.58,0.58,0.580276,0.105,0.76521,0.660668,2.913092,-1.341504,-4.089942,
03/31/2011,227.760009,231.4,228.9,,2.521188,1.169943,1.092617,0.68,0.68,0.68,0.67,0.67,0.67,0.115,0.877676,0.792049,3.188444,-1.018177,-3.788637,
06/30/2011,228.691513,231.5,228.2,,2.65206,1.279141,1.183611,0.83,0.83,0.736635,0.82,0.82,0.729719,0.14,1.07362,1.003506,4.151881,-0.114128,-2.900414,
09/30/2011,222.038767,229.0,226.0,,2.350885,0.95177,0.867699,0.58,0.58,0.578894,0.57,0.57,0.570568,0.14,0.975221,0.895575,3.906975,-0.828684,-3.54938,
12/31/2011,222.44004,225.7,222.2,,2.552205,0.867687,0.774527,0.43,0.43,0.432651,0.43,0.43,0.429712,0.14,0.616562,0.553105,3.483186,-0.759755,-4.790055,
03/31/2012,224.691528,227.4,223.4,,2.895255,1.309311,1.204118,0.78,0.78,0.78,0.76,0.76,0.76,0.16,0.277529,0.209042,3.685052,0.36806,-3.662354,
06/30/2012,222.283232,227.2,223.9,,2.861992,1.342564,1.243859,0.77,0.77,0.77,0.76,0.76,0.76,0.16,0.7749,0.745422,3.776713,0.445828,-3.49554,
09/30/2012,222.874008,226.1,222.5,,3.094382,1.320449,1.212135,0.83,0.83,0.83,0.81,0.81,0.81,0.16,1.170787,1.111011,6.915118,1.398099,-2.548525,
12/31/2012,223.252018,227.3,223.0,,3.382063,1.273543,1.166816,0.72,0.72,0.772646,0.7,0.7,0.753674,0.2,1.466816,1.42287,7.943041,1.725404,-2.14287,
03/31/2013,222.906137,227.2,223.3,,3.277206,1.361397,1.25571,0.84,0.84,0.986153,0.83,0.83,0.97,0.2,0.9073,0.868786,7.938768,2.050639,-1.702062,
06/30/2013,220.43207,226.2,222.3,,3.40081,1.681961,1.578048,1.01,1.01,1.01,1.0,1.0,1.0,0.25,0.748988,0.706253,7.489382,2.030558,-1.697575,
09/30/2013,215.121838,222.0,217.8,,3.23921,1.445822,1.338384,0.84,0.84,0.84,0.83,0.83,0.83,0.25,1.305785,1.246556,9.504846,1.308561,-2.545069,
12/31/2013,213.960651,219.0,214.3,,3.636024,1.564162,1.455436,0.96,0.96,0.96,0.94,0.94,0.94,0.28,1.275315,1.222585,9.844333,1.575056,-2.569631,
03/31/2014,213.683458,218.5,214.0,,3.585047,1.664019,1.556075,1.02,1.02,1.02,1.0,1.0,1.0,0.28,0.828037,0.738785,9.216904,1.803134,-2.265501,
06/30/2014,211.208847,215.7,212.0,,4.120283,2.04717,1.941981,1.51,1.51,1.135377,1.48,1.48,1.116069,0.28,1.324528,1.231604,9.2766,2.108813,-3.883834,
09/30/2014,208.623374,214.2,210.4,,3.878802,1.772338,1.662072,1.02,1.02,0.989068,1.0,1.0,0.966853,0.28,1.196768,1.111217,10.092829,1.201687,-5.269783,
12/31/2014,204.363144,210.5,206.5,,4.249395,1.8,1.669249,1.14,1.14,1.14,1.12,1.12,1.12,0.34,1.4954,1.409201,8.208917,-0.918952,-7.606068,
03/31/2015,202.167449,206.5,202.7,,4.27035,1.972866,1.831771,1.14,1.14,1.14,1.11,1.11,1.11,0.34,1.291564,1.197829,9.870036,-1.848468,-8.357923,
06/30/2015,200.349316,204.4,201.3,,4.560854,2.22156,2.082961,1.3,1.3,1.3,1.28,1.28,1.28,0.34,1.65226,1.544461,10.219651,-1.653113,-8.288523,
09/30/2015,197.740493,202.5,199.4,,4.187061,1.895687,1.753761,1.16,1.16,1.125878,1.14,1.14,1.104938,0.34,1.5,1.373621,9.817413,-2.376347,-8.944551,
12/31/2015,196.075528,200.2,197.0,,4.395431,1.836548,1.690863,1.11,1.11,1.11,1.09,1.09,1.09,0.71,1.546193,1.428934,11.384389,-2.881543,-9.386179,
03/31/2016,194.327214,197.9,195.0,,4.185128,1.712821,1.559487,0.95,0.95,0.95,0.93,0.93,0.93,0.37,1.300513,1.165641,10.635155,-2.99289,-10.094829,
06/30/2016,192.254545,195.8,193.4,,4.802999,2.282316,2.120993,1.32,1.32,1.32,1.3,1.3,1.3,0.37,1.598242,1.453464,10.542274,-3.120863,-10.228107,
09/30/2016,191.170774,194.3,191.7,,4.784038,2.244131,2.073552,1.33,1.33,1.352786,1.31,1.31,1.330736,0.37,1.878978,1.719875,10.764721,-2.952857,-10.007283,
12/31/2016,190.694041,190.8,190.8,,4.937631,-2.307128,-2.47956,-2.25,-2.25,1.426101,-2.25,-2.25,1.422432,0.38,1.940252,1.780922,11.667381,-6.423903,-13.345986,
03/31/2017,191.307726,194.3,191.1,,5.103087,2.507588,2.33752,1.81,1.81,1.496075,1.78,1.78,1.472743,0.0,-2.681319,-2.779173,11.825973,-4.846119,-11.742861,
06/30/2017,191.036523,193.8,191.0,,5.23822,2.581152,2.408901,1.63,1.63,1.536649,1.61,1.61,1.513509,0.38,2.470157,2.343979,17.625949,-3.558482,-10.581223,
09/30/2017,191.080978,194.1,191.1,,5.562009,2.571952,2.346939,1.66,1.66,1.472527,1.63,1.63,1.445044,0.38,2.042909,1.903715,5.605477,-1.931642,-29.957456,
12/31/2017,190.970115,194.4,191.0,,6.102094,2.698429,2.437173,0.13,0.13,1.448168,0.13,0.13,1.421667,0.38,2.119372,2.008377,6.196257,-1.715975,-29.913057,
03/31/2018,191.920678,194.5,191.4,,5.886625,2.820794,2.564263,1.95,1.95,1.951411,1.92,1.92,1.923085,0.44,2.045455,1.967085,7.179008,1.040534,-27.476977,
06/30/2018,191.890263,194.4,191.9,,6.123502,3.034914,2.782699,1.96,1.96,1.968734,1.94,1.94,1.94823,0.44,2.010422,1.891089,7.377654,1.265828,-25.85436,
09/30/2018,191.608693,194.5,191.8,,5.635036,2.67414,2.433785,1.62,1.62,1.617831,1.59,1.59,1.590514,0.44,1.60219,1.471846,5.97833,2.08811,-24.940413,
12/31/2018,191.303577,194.0,191.4,,5.53814,2.217346,1.964472,1.31,1.31,1.551724,1.29,1.29,1.527113,0.44,1.966562,1.819749,9.50322,2.399328,-25.551012,
03/31/2019,189.602651,192.8,190.4,,5.997899,2.820378,2.426471,1.96,1.96,1.985294,1.93,1.93,1.955934,0.5,1.927521,1.822479,6.912351,0.64978,-27.265969,
06/30/2019,189.161616,191.3,189.4,,6.407603,2.951426,2.552798,1.64,1.64,1.985744,1.62,1.62,1.963962,0.5,2.045407,1.946674,6.953842,1.865072,-25.365083,
09/30/2019,188.750835,191.1,189.0,,6.563492,3.288889,2.903704,2.01,2.01,2.07619,1.99,1.99,2.058027,0.5,2.333333,2.215873,6.748579,2.50383,-24.32572,
12/31/2019,187.687129,190.6,188.3,,6.548062,3.055762,2.67658,1.91,1.91,1.917153,1.88,1.88,1.890493,0.5,2.546468,2.503452,10.283071,3.260746,-24.551497,
03/31/2020,187.51608,189.6,187.5,,6.88,3.541333,3.157333,2.6,2.6,2.635253,2.57,2.57,2.602226,0.56,1.84,1.728,11.897646,3.103734,-27.992266,
06/30/2020,187.695821,189.0,187.7,,7.645178,4.214172,3.782632,2.71,2.71,2.706446,2.69,2.69,2.684709,0.56,3.367075,3.148641,11.715764,5.546208,-25.669192,
09/30/2020,,,,,,,,1.814,1.814,1.932,1.814,1.814,1.932,0.549,2.178,,,8.183,,
12/31/2020,,,,,,,,1.73,1.73,1.824,1.73,1.73,1.824,0.549,2.058,,,9.113,,
