Date,Basic Shares Outstanding,Diluted Weighted Avg Shares,Basic Weighted Avg Shares,Per Share Data Items,Revenue,EBITDA,Operating Income,Net Income to Common - Basic,Net Income before XO - Basic,Normalized Net Income - Basic,Net Income to Common - Diluted,Net Income before XO - Diluted,Normalized Net Income - Diluted,Dividends,Cash Flow,Free Cash Flow,Cash & Equivalents,Book Value,Tangible Book Value,Source: Bloomberg
01/31/1997,84.029206,84.866,84.866,,40.464509,1.801558,1.130064,0.73,0.73,0.73,0.73,0.73,0.73,0.19,-0.786369,-2.413864,2.007576,20.519163,,
04/30/1997,83.914134,84.038,84.038,,37.909434,-0.194876,-0.916645,-0.83,-0.83,-0.83,-0.83,-0.83,-0.83,0.19,1.360242,-0.062174,3.253981,19.44707,,
07/31/1997,83.849305,84.345,84.345,,43.581777,2.011465,1.232284,0.79,0.79,0.79,0.79,0.79,0.79,0.19,0.558243,-0.547738,2.770196,20.034513,,
10/31/1997,83.748111,84.657,84.657,,47.281879,2.420627,1.652941,1.04,1.04,1.04,1.04,1.04,1.04,0.19,2.763658,1.40214,3.694567,20.789126,18.897752,
01/31/1998,82.786538,82.636,82.575,,41.16281,1.924977,1.081344,0.66,0.66,0.66,0.66,0.66,0.66,0.2,1.939304,0.720339,3.689163,21.024723,,
04/30/1998,77.796756,80.865,80.506,,40.768129,1.94506,1.081572,0.67,0.67,0.67,0.67,0.67,0.67,0.2,2.947246,1.203662,4.106739,20.505559,,
07/31/1998,76.549662,77.294,76.933,,45.869159,2.243225,1.340153,0.81,0.81,0.81,0.81,0.81,0.81,0.2,1.236777,-1.023319,4.033029,19.837227,,
10/31/1998,75.572537,75.958,75.065,,43.892933,2.497662,1.429055,0.85,0.85,0.85,0.84,0.84,0.84,0.2,2.797056,0.318777,4.506187,20.187347,18.34685,
01/31/1999,75.791659,75.633,75.119,,45.049388,2.146195,1.108947,0.68,0.68,0.68,0.68,0.68,0.68,0.2,0.66818,-1.129727,4.067044,20.657629,,
04/30/1999,75.797347,75.154,75.154,,41.132967,2.070216,1.062791,-0.97,-0.97,-0.97,-0.97,-0.97,-0.97,0.2,0.097972,-1.441148,2.742457,19.53505,,
07/31/1999,75.857377,75.847,75.2,,40.817074,2.184056,1.079229,0.67,0.67,0.67,0.66,0.66,0.66,0.2,3.284029,1.798537,2.898677,19.961803,,
10/31/1999,73.893,75.849,75.098,,38.250939,2.296999,1.211857,1.01,1.01,1.01,1.0,1.0,1.0,,2.135356,0.245865,2.836723,21.400836,21.400836,
01/31/2000,76.372541,76.149,75.602,,39.6619,2.086426,1.110195,0.69,0.69,0.69,0.69,0.69,0.69,0.25,-0.352094,-2.099786,1.939571,21.306152,,
04/30/2000,75.680647,76.789,75.453,,33.898758,1.941169,0.88418,0.68,0.68,0.68,0.66,0.66,0.66,0.25,-0.424397,-2.425735,1.588372,21.585518,,
07/31/2000,75.669076,76.097,74.964,,38.720666,1.747545,0.7363,0.44,0.44,0.44,0.44,0.44,0.44,0.25,1.987487,0.619938,1.396052,21.751673,,
10/31/2000,73.893,73.893,73.893,,,,-1.474335,-0.74,-0.74,-0.74,-0.72,-0.72,-0.72,,0.865332,-0.094921,0.093771,18.602818,18.602818,
01/31/2001,73.748001,74.154999,73.902,,3.695597,0.531339,-0.049079,-0.02,-0.02,-0.02,-0.02,-0.02,-0.02,0.04,-0.293361,-0.875348,0.029682,11.738759,11.738759,
04/30/2001,74.321999,74.277,73.663002,,4.179751,0.585776,-0.020743,0.03,0.03,-0.06,0.03,0.03,-0.06,0.04,1.488956,0.716561,0.150978,11.789376,11.789376,
07/31/2001,74.389999,73.950996,73.950996,,4.080973,0.425782,-0.209355,-0.13,-0.13,-0.06,-0.13,-0.13,-0.06,0.04,1.159768,0.260646,0.040382,11.627987,11.627987,
10/31/2001,74.543999,74.380997,74.014,,4.3301,0.454022,-0.177318,0.1,0.1,0.01,0.1,0.1,0.01,0.08,0.38944,-0.706556,0.075982,11.621995,11.621995,
03/31/2002,74.809998,74.348999,74.348999,,5.012549,0.355499,-0.274314,-0.06,-0.06,-0.06,-0.06,-0.06,-0.06,0.04,0.291356,-0.328881,0.239567,11.275324,11.275324,
06/30/2002,74.866,74.445,74.445,,5.16345,0.236765,-0.435597,-0.22,-0.22,0.01,-0.22,-0.22,0.01,0.04,0.022231,-0.615219,0.031309,11.028678,11.028678,
09/30/2002,74.862,74.468002,74.468002,,5.430681,0.540715,-0.14284,-0.02,-0.02,0.09,-0.02,-0.02,0.09,0.04,1.303056,0.921658,0.207649,10.979856,10.979856,
12/31/2002,75.318001,74.502998,74.502998,,5.186315,0.314591,-0.490034,-0.14,-0.14,-0.06,-0.14,-0.14,-0.06,0.04,0.028482,-0.147726,0.03618,10.730662,10.730662,
03/31/2003,75.32,74.530998,74.530998,,5.017402,0.492091,-0.139298,-0.24,-0.13,-0.13,-0.24,-0.13,-0.13,0.04,-0.440877,-0.672888,0.057966,10.465229,10.465229,
06/30/2003,75.309,74.55,74.55,,5.277036,0.681636,0.044413,-0.03,-0.03,-0.03,-0.03,-0.03,-0.03,0.04,0.478726,0.018726,0.331023,10.408026,10.408026,
09/30/2003,75.299004,74.573997,74.573997,,5.003594,0.467683,-0.181176,-0.05,-0.05,-0.2,-0.05,-0.05,-0.2,0.04,0.088409,-0.371202,0.65722,10.325754,10.325754,
12/31/2003,75.508362,74.699997,74.699997,,5.093267,0.380027,-0.33676,-0.22,-0.22,-0.22,-0.22,-0.22,-0.22,0.04,0.08012,-0.97091,1.175406,10.051284,10.051284,
03/31/2004,75.809998,74.945999,74.945999,,5.406119,0.723708,0.044405,-0.03,-0.03,-0.03,-0.03,-0.03,-0.03,0.04,1.392776,0.307715,1.735378,10.008257,10.008257,
06/30/2004,75.886002,82.903,75.164001,,6.125858,1.081621,0.383388,0.17,0.17,0.17,0.16,0.16,0.16,0.04,0.939293,-0.255428,2.957054,10.15319,10.15319,
09/30/2004,76.010002,76.527,75.267998,,5.802373,0.884719,0.082186,0.03,0.03,0.05,0.03,0.03,0.05,0.04,0.37308,-0.704416,2.474898,10.162597,10.162597,
12/31/2004,76.430992,76.6,75.7,,5.473976,0.16469,-0.638732,0.02,0.02,0.02,0.02,0.02,0.02,0.04,0.35889,-0.895139,1.603159,10.164372,10.164372,
03/31/2005,76.758053,89.305,76.127,,7.487816,1.71072,0.942832,0.67,0.67,0.43,0.59,0.59,0.39,0.04,0.989386,-0.140647,1.785441,10.833964,10.833964,
06/30/2005,76.862503,89.376999,76.321999,,7.632596,1.467362,0.675113,0.48,0.48,0.48,0.44,0.44,0.44,0.04,1.843951,0.379288,1.885835,11.295052,11.295052,
09/30/2005,76.914558,89.545998,76.408997,,6.985342,1.300357,0.548509,0.29,0.29,-0.04,0.28,0.28,-0.04,0.04,0.712141,-0.393304,1.828874,11.565482,11.565482,
12/31/2005,81.939989,76.7,76.7,,6.752999,1.100535,0.341812,-2.76,-2.76,0.04,-2.76,-2.76,0.04,0.04,-0.004185,-0.842516,3.898194,10.263414,10.263414,
03/31/2006,81.981827,82.192001,81.541,,6.861199,1.017366,0.322096,0.07,0.08,0.08,0.07,0.08,0.08,0.04,0.467237,-0.46855,3.439213,9.18789,,
06/30/2006,80.296112,81.856003,81.075996,,6.859194,0.956991,0.250839,0.04,0.04,0.04,0.04,0.04,0.04,0.04,1.112647,0.061029,2.913603,8.783339,8.783339,
09/30/2006,80.761703,81.056999,80.319,,6.921114,1.31472,0.580361,0.3,0.3,0.06,0.3,0.3,0.06,0.04,0.69961,-0.258245,3.185842,9.015164,,
12/31/2006,81.066,80.8,80.5,,6.812422,0.961615,0.245963,0.13,0.13,0.13,0.13,0.13,0.13,0.04,0.378099,-0.362671,2.951237,8.601522,,
03/31/2007,81.094276,81.047997,80.563004,,7.538448,1.461043,0.689609,0.4,0.4,0.4,0.4,0.4,0.4,0.04,1.1669,0.423966,3.345526,9.070048,,
06/30/2007,81.160957,81.671997,80.638,,7.661425,1.49277,0.745641,0.43,0.43,0.43,0.43,0.43,0.43,0.04,1.422605,0.470783,3.965811,9.506997,,
09/30/2007,79.572456,80.477997,79.997002,,7.543295,1.202208,0.441804,0.27,0.27,0.27,0.27,0.27,0.27,0.04,1.233646,0.482606,4.230899,9.586383,,
12/31/2007,79.944,80.0,79.3,,7.377049,1.15396,0.361917,0.06,0.06,0.08,0.06,0.06,0.08,0.05,1.117087,0.186772,4.568448,9.806915,9.806915,
03/31/2008,80.540665,80.597,79.767998,,8.081248,1.620036,0.864695,0.53,0.53,0.53,0.52,0.52,0.52,0.05,1.722884,0.174055,4.855274,10.423517,10.423517,
06/30/2008,80.765855,80.162,80.162,,10.314588,2.482585,1.705322,-1.16,-1.16,1.15,-1.16,-1.16,1.15,0.05,1.711834,-0.511302,4.357089,9.304712,9.304712,
09/30/2008,85.135343,83.959,82.623,,9.238299,2.101388,1.312141,0.624015,0.624015,0.7414,0.614621,0.614621,0.7296,0.05,1.832153,-0.954746,10.309408,12.475583,12.475583,
12/31/2008,85.44797,85.1,84.8,,8.903302,1.908703,1.088443,0.63,0.63,0.5585,0.6298,0.6296,0.5565,,-0.423892,-2.845283,7.564603,13.184772,13.184772,
03/31/2009,85.484539,85.182,84.859,,9.051344,1.713301,0.857304,0.51,0.51,0.457359,0.51,0.51,0.455822,0.06,0.481764,-0.74031,6.920901,13.700618,,
06/30/2009,85.469643,85.27,84.872,,8.219754,1.370841,0.573864,0.24,0.24,0.24,0.24,0.24,0.24,0.06,1.33732,0.448605,7.30877,13.958839,,
09/30/2009,85.544413,85.662,84.93,,7.553986,1.319345,0.539067,0.19,0.19,-0.051124,0.19,0.19,-0.052815,0.06,0.915189,0.399011,7.658162,14.160457,,
12/31/2009,86.213582,86.3,85.3,,6.845252,1.445815,0.699883,0.29,0.29,0.273857,0.28,0.28,0.267949,0.06,0.665873,0.061161,7.848253,14.571753,14.571753,
03/31/2010,96.454056,87.393,86.137,,7.994694,1.523898,0.775451,0.39,0.39,0.025652,0.39,0.39,0.025652,0.06,0.895747,0.243925,12.056901,18.340608,,
06/30/2010,102.105377,100.664,100.664,,8.048041,-0.239559,-1.100741,-0.88,-0.88,-0.904534,-0.88,-0.88,-0.904534,0.06,1.07222,-0.007907,4.859274,18.940276,17.113565,
09/30/2010,102.117413,101.581,101.581,,7.975547,0.597917,-0.29983,-0.41,-0.41,-0.419835,-0.41,-0.41,-0.422043,0.06,0.816796,-0.301986,4.670643,18.518252,16.88147,
12/31/2010,101.634721,101.8,101.8,,7.170923,0.15053,-0.626719,-0.69,-0.69,-0.650933,-0.69,-0.69,-0.652328,0.06,-0.001503,-1.537181,3.219166,17.518246,15.967299,
03/31/2011,103.101921,102.326,102.326,,9.281668,1.101499,0.15089,-0.07,-0.07,0.021304,-0.07,-0.07,0.021304,0.06,0.391953,-0.593173,2.72251,17.345458,15.955328,
06/30/2011,,,,,,,,0.538,0.538,0.608,0.538,0.538,0.608,0.065,1.865,,,19.49,,
09/30/2011,,,,,,,,1.045,1.045,0.833,1.045,1.045,0.833,0.065,2.043,,,20.15,,
