Date,Basic Shares Outstanding,Diluted Weighted Avg Shares,Basic Weighted Avg Shares,Per Share Data Items,Revenue,Net Revenue,Operating Income,Net Income to Common - Basic,Net Income before XO - Basic,Normalized Net Income - Basic,Net Income to Common - Diluted,Net Income before XO - Diluted,Normalized Net Income - Diluted,Dividends,Cash Flow,Free Cash Flow,Cash & Equivalents,Book Value,Tangible Book Value,Source: Bloomberg
03/31/1990,263.519989,269.322006,269.322006,,3.130082,1.418376,0.263625,0.208333,0.208333,,0.208333,0.208333,0.208333,0.058333,2.402329,,25.144203,4.826958,,
06/30/1990,262.877998,273.935989,273.935989,,3.259886,1.547807,0.277437,0.466667,0.466667,,0.466667,0.466667,0.466667,0.058333,-0.376,,13.744018,5.241975,,
09/30/1990,264.372002,271.866005,271.866005,,3.093436,1.463956,0.261158,0.198333,0.198333,,0.198333,0.198333,0.198333,0.058333,1.655227,,10.715961,5.382567,,
12/31/1990,263.784006,264.078,264.078,,3.127864,1.556358,-0.374889,-0.42,-0.42,-0.42,-0.42,-0.42,-0.42,0.058333,0.458198,,13.048555,4.905529,,
03/31/1991,264.095993,273.318008,273.318008,,2.916017,1.551306,0.274406,0.208333,0.208333,,0.208333,0.208333,0.208333,0.058333,0.647597,,9.496547,5.058767,,
06/30/1991,299.213997,292.494003,292.494003,,2.656465,1.473534,0.263253,0.2,0.2,,0.2,0.2,0.2,0.058333,0.601722,,8.879932,5.116739,,
09/30/1991,304.259995,315.797997,315.797997,,2.495266,1.488293,0.243827,0.183333,0.183333,,0.183333,0.183333,0.183333,0.058333,0.550985,,11.204233,5.23894,,
12/31/1991,306.87,305.565012,305.565012,,2.582102,1.626495,0.258537,0.196667,0.196667,0.196667,0.196667,0.196667,0.196667,0.058333,0.343626,,9.091798,5.370352,,
03/31/1992,311.538002,326.400009,326.400009,,2.401961,1.608456,0.300245,0.226667,0.226667,,0.226667,0.226667,0.226667,0.058333,0.652574,,8.775815,5.543465,,
06/30/1992,316.44001,331.841995,331.841995,,2.148613,1.467566,0.313402,0.235,0.235,,0.235,0.235,0.235,0.058333,0.054243,,10.178865,5.742005,,
09/30/1992,323.664001,338.166,338.166,,2.279945,1.712177,0.558897,0.428333,0.428333,,0.428333,0.428333,0.428333,0.058333,-0.461312,,8.70656,6.114365,,
12/31/1992,329.772012,326.717994,326.717994,,2.154763,1.637498,0.419322,0.285,0.285,0.285,0.285,0.285,0.285,0.058333,0.523387,,9.837099,6.337712,,
03/31/1993,363.288002,213.419998,561.701981,,1.296061,0.721023,0.503826,0.078333,0.078333,,0.078333,0.078333,0.078333,0.063333,0.854546,,12.422651,6.504481,,
06/30/1993,380.028008,573.449982,573.449982,,1.199756,0.64173,0.362717,0.188333,0.188333,,0.188333,0.188333,0.188333,0.063333,0.233673,,11.520204,6.80213,,
09/30/1993,384.048019,590.400009,590.400009,,1.593835,1.302507,0.370935,0.208333,0.208333,,0.208333,0.208333,0.208333,0.063333,0.477642,,9.511831,9.074386,,
12/31/1993,573.918,580.949982,580.949982,,1.346071,0.755659,0.383854,0.21,0.21,0.21,0.21,0.21,0.21,0.063333,0.96566,,6.331915,6.178583,,
03/31/1994,574.812012,594.167999,594.167999,,1.615705,1.354836,0.429172,0.24,0.24,,0.24,0.24,0.24,0.093333,0.193548,,5.72535,6.323807,,
06/30/1994,576.048019,596.417999,596.417999,,1.607933,1.314514,0.429229,0.243333,0.243333,,0.243333,0.243333,0.243333,0.093333,0.442643,,4.926673,6.450851,,
09/30/1994,587.742004,596.994003,596.994003,,1.636532,1.273045,0.425465,0.105,0.105,,0.105,0.105,0.105,0.093333,0.507543,,5.456476,6.286772,,
12/31/1994,588.659972,628.57202,628.57202,,1.687953,1.282272,0.079545,0.0175,0.0175,0.0175,0.0175,0.0175,0.0175,0.1125,0.424772,,5.261102,6.263378,,
03/31/1995,585.94397,595.064026,595.064026,,1.819972,1.322547,0.457094,0.27,0.27,,0.27,0.27,0.27,0.1125,-0.396596,-0.426845,5.196743,6.408463,,
06/30/1995,569.411987,592.219971,592.219971,,1.877681,1.335652,0.4576,0.2725,0.2725,,0.2725,0.2725,0.2725,0.125,-0.330958,-0.366418,5.294936,6.397828,,
09/30/1995,565.236023,575.875977,575.875977,,1.995221,1.413499,0.482743,0.2875,0.2875,,0.2875,0.2875,0.2875,0.125,0.25179,0.215324,6.724624,6.533554,,
12/31/1995,548.747984,566.74402,566.74402,,2.064424,1.468035,0.47817,0.295,0.295,0.295,0.295,0.295,0.295,0.1375,0.95634,0.883997,5.68567,6.542165,,
03/31/1996,529.771973,546.023987,536.47998,,2.193931,1.61609,0.525649,0.315,0.315,0.315,0.31,0.31,0.31,0.1375,-0.089472,-0.141664,7.793919,6.387654,,
06/30/1996,520.276001,532.916016,528.119995,,2.179429,1.601909,0.532076,0.32,0.32,0.32,0.315,0.315,0.315,0.15,1.109596,1.049004,7.430671,6.404293,,
09/30/1996,517.659973,526.392029,513.400024,,2.271134,1.651733,0.559018,0.335,0.335,0.335,0.33,0.33,0.33,0.15,0.890144,0.83171,8.101843,6.566086,,
12/31/1996,514.588013,526.09198,516.419983,,2.430193,1.795051,0.557686,0.345,0.345,0.345,0.335,0.335,0.335,0.151668,0.327253,0.259479,7.238801,6.716052,,
03/31/1997,515.323975,526.40802,516.02002,,2.331305,1.755746,0.618193,0.35,0.35,0.35,0.345,0.345,0.345,0.15,0.238363,0.178288,7.230403,6.797665,,
06/30/1997,503.197998,518.950012,509.015991,,2.40464,1.787763,0.62277,0.365,0.365,0.365,0.355,0.355,0.355,0.165,-0.033398,-0.096264,9.115696,6.711076,,
09/30/1997,509.156006,520.612,510.161987,,2.577613,1.962122,0.639013,0.375,0.375,0.375,0.365,0.365,0.365,0.165,0.791905,0.748782,7.390662,7.041064,,
12/31/1997,507.571991,518.859985,507.772003,,2.656704,2.018623,0.476592,0.38,0.38,0.325,0.375,0.375,0.32,0.165,0.013786,-0.037418,9.035172,7.195038,,
03/31/1998,520.419983,526.271973,515.427979,,2.700668,2.062364,0.682928,0.4,0.4,0.4,0.39,0.39,0.39,0.165,-0.023282,-0.091186,8.610353,7.851351,4.165866,
06/30/1998,521.416016,531.695984,520.98999,,2.756291,2.080654,0.671798,0.41,0.41,0.41,0.405,0.405,0.405,0.18,0.408837,0.360851,7.230311,8.120196,3.985301,
09/30/1998,522.280029,531.547974,522.156006,,2.773118,2.081753,0.685619,0.42,0.42,0.42,0.41,0.41,0.41,0.18,0.308337,0.231732,7.327487,8.344183,4.294631,
12/31/1998,523.846008,531.495972,523.08197,,2.873355,2.187038,0.619406,0.425,0.425,0.38,0.42,0.42,0.375,0.18,0.495142,0.433966,7.108959,8.630399,4.214979,
03/31/1999,521.064,531.288,523.448,,2.865614,2.174046,0.693479,0.49,0.54,0.44,0.48,0.53,0.43,0.18,1.753756,1.67925,7.500038,8.640014,4.272028,
06/30/1999,514.211,525.712,518.273,,2.830555,2.178389,0.715839,0.45,0.45,0.45,0.45,0.45,0.45,0.2,1.171197,1.078582,8.197024,8.36816,4.017806,
09/30/1999,508.65,518.605,511.777,,2.821541,2.13765,0.728833,0.46,0.46,0.47,0.45,0.45,0.46,0.2,0.912507,0.84998,9.027819,8.294505,4.004718,
12/31/1999,500.623,512.496,505.891,,2.862277,2.154614,0.761034,0.47,0.47,0.48,0.47,0.47,0.48,0.2,1.188003,1.085214,9.38231,8.022005,3.747331,
03/31/2000,491.21,502.082,496.74,,2.204373,1.771551,0.628095,0.51,0.4,0.4,0.5,0.39,0.39,0.2,0.857591,0.77908,11.864579,7.839824,3.65017,
06/30/2000,488.171,495.103,489.48,,2.214595,1.752881,0.604723,0.5,0.38,0.38,0.5,0.38,0.38,0.22,1.025578,0.970418,9.709712,7.915259,4.977764,
09/30/2000,487.989949,495.332,488.188,,2.214311,1.753423,0.620663,0.52,0.4,0.4,0.51,0.4,0.4,0.22,-0.010242,-0.092178,7.852621,8.262465,5.368963,
12/31/2000,486.739,494.986,487.398,,2.045556,1.663938,0.558065,0.52,0.52,0.52,0.52,0.52,0.52,0.22,0.268774,0.135413,15.250473,8.530239,4.339081,
03/31/2001,477.204,489.328,482.718,,2.376129,1.89966,0.640125,0.55,0.41,0.41,0.54,0.41,0.41,0.22,1.593063,1.479124,9.88047,8.126504,5.324767,
06/30/2001,470.03,480.301,474.555,,2.098808,1.660503,0.337158,0.12,0.22,0.41,0.12,0.21,0.4,0.24,10.295961,10.203243,11.503521,7.325064,4.45078,
09/30/2001,467.834,473.076,468.579,,2.398742,1.935639,0.591149,0.41,0.38,0.38,0.4,0.38,0.38,0.24,3.459395,3.365494,19.271793,7.609537,4.151045,
12/31/2001,446.509,468.668,465.121,,2.337026,1.98013,0.578344,1.71,-0.09,0.39,1.7,-0.09,0.38,0.12,7.443224,7.395925,18.740944,7.798275,3.66174,
03/31/2002,441.023,447.623,443.882,,2.730455,2.475883,0.727671,0.49,0.48,0.48,0.48,0.47,0.47,0.12,-2.16499,-2.415056,11.552685,7.729756,3.174438,
06/30/2002,435.151,441.013,437.719,,2.736916,2.455913,0.354108,0.25,0.24,0.24,0.25,0.24,0.24,0.12,1.149139,1.085171,11.697089,7.516931,2.792134,
09/30/2002,430.941,434.993,432.674,,2.662513,2.403657,0.651761,0.44,0.43,0.43,0.44,0.43,0.43,0.12,0.064714,-0.027735,14.684145,7.715673,2.842617,
12/31/2002,430.782,433.294,430.918,,2.726737,2.499315,0.582477,0.38,0.38,0.41,0.38,0.38,0.41,0.13,1.167275,1.097657,15.989526,7.881016,2.822773,
03/31/2003,431.475,433.102,431.431,,2.540383,2.324821,0.567878,0.37,0.39,0.39,0.37,0.38,0.38,0.13,-0.470527,-0.542381,12.628773,8.165015,3.126485,
06/30/2003,430.616,433.304,431.253,,2.610996,2.395346,0.584344,0.41,0.4,0.4,0.41,0.4,0.4,0.14,1.013326,0.876516,20.354562,8.415851,3.353336,
09/30/2003,430.232,431.335,426.183,,2.663175,2.47077,0.518557,0.43,0.37,0.37,0.42,0.36,0.36,0.14,0.908061,0.809511,13.85764,8.507038,3.391194,
12/31/2003,427.032,428.904,424.181,,2.937425,2.711107,0.655381,0.43,0.44,0.44,0.43,0.44,0.44,0.16,0.200386,0.198029,14.743626,8.66914,3.297177,
03/31/2004,424.491,427.103,421.668,,2.423708,2.217384,0.690116,0.58,0.59,0.47,0.57,0.58,0.46,0.16,0.329643,0.206323,13.178136,9.107378,3.693836,
06/30/2004,424.003,423.795,419.015,,2.446213,2.245743,0.689713,0.42,0.43,0.47,0.42,0.42,0.46,0.18,0.883023,0.789948,18.624868,8.841919,3.407995,
09/30/2004,423.549,423.114,419.136,,2.700794,2.481295,0.598851,0.44,0.43,0.43,0.43,0.43,0.43,0.18,0.668041,0.548748,15.559003,9.347207,3.619416,
12/31/2004,423.354004,422.830994,418.635986,,2.904671,2.622804,0.644952,0.46,0.47,0.44,0.46,0.47,0.44,0.18,2.128341,2.059068,17.592842,9.689291,3.864378,
03/31/2005,423.203003,423.136993,419.661987,,2.652134,2.337596,0.676735,0.61,0.73,0.45,0.6,0.72,0.44,0.18,0.214458,0.17395,16.124649,9.931404,4.465942,
06/30/2005,418.164001,417.944,414.90799,,3.094662,2.711445,0.713411,0.3,0.49,0.48,0.3,0.49,0.48,0.2,0.961659,0.874893,12.043122,9.857376,4.414536,
09/30/2005,418.125,417.911011,414.605988,,3.181334,2.761658,0.656045,0.47,0.47,0.47,0.47,0.46,0.46,0.2,0.419676,0.287019,12.654111,10.001794,4.424514,
12/31/2005,415.479,415.534,412.081,,3.385257,2.919329,0.718305,0.5,0.49,0.49,0.5,0.48,0.48,0.2,0.533876,0.380993,13.136645,10.113628,4.544153,
03/31/2006,413.555084,414.247986,409.554993,,3.506245,3.025235,0.739827,0.51,0.47,0.5,0.5,0.47,0.5,0.2,0.119642,-0.004883,10.313016,10.151006,4.529022,
06/30/2006,411.438995,412.985992,408.153992,,3.768186,3.175272,0.798718,0.56,0.56,0.56,0.56,0.55,0.55,0.22,1.087825,0.955522,14.019089,10.307725,4.593634,
09/30/2006,411.862,411.996002,407.209991,,3.848137,3.167899,0.798114,0.55,0.54,0.54,0.54,0.53,0.53,0.22,0.245574,0.147344,19.630362,10.91385,5.237191,
12/31/2006,415.236725,416.687,410.901,,4.395219,3.704055,0.934532,0.58,0.73,0.65,0.57,0.72,0.64,0.22,0.598684,0.481868,15.403262,11.261046,4.404716,
03/31/2007,416.332397,418.598999,412.356995,,4.07414,3.407242,0.906981,0.61,0.59,0.62,0.6,0.58,0.61,0.22,0.645072,0.623246,12.864721,11.75503,4.856696,
06/30/2007,418.330444,419.296997,413.88501,,4.329705,3.616947,1.038936,0.67,0.68,0.7,0.66,0.67,0.69,0.22,,,18.951525,12.416022,5.423942,
09/30/2007,,,,,,,,0.607,0.607,0.603,0.607,0.607,0.603,0.237,0.635,,,15.423,,
12/31/2007,,,,,,,,0.66,0.66,0.673,0.66,0.66,0.673,0.237,0.71,,,15.735,,
