Date,Revenue,Consensus Estimate,Comparable Actual,Revenue Surprise %,GAAP Actual,Adjusted Actual,Earnings Per Share,EPS Surprise %,EBIT,EBIT Surprise %,EBITDA,EBITDA Surprise %,Gross Margin %,Gross Margin Surprise %,Pretax Income (Loss),Pretax Income (Loss) Surprise %,Net Income,Net Income Surprise %,Source: Bloomberg
03/31/2003,,,12.39,,22.031,22.031,,,,,,,,,,,,,
06/30/2003,,,20.457001,,40.868,40.868,,,,,,,,,,,,,
09/30/2003,,,18.488001,,24.836,24.836,,,,,,,,,,,,,
12/31/2003,,,24.351,,26.167,26.167,,,,,,,,,,,,,
03/31/2004,,,19.212999,,40.993,40.993,,,,,,,,,,,,,
06/30/2004,,,18.73,,-1.067,-1.067,,,,,,,,,,,,,
09/30/2004,,,,,24.515,24.515,,,,,,,,,,,,,
12/31/2004,,,21.971001,,21.971,21.971,,4.16666666666667,,,,,,,,,,,
03/31/2005,,,27.789,,27.789,27.789,,47.7207155222158,,,,,,,,,,,
06/30/2005,,,26.063,,26.063,26.063,,15.3846153846154,,,,,,,,,,,
09/30/2005,,,28.798,,29.538,29.538,,25.5946717411989,,,,,,,,,,,
12/31/2005,,26.117,29.555,,29.556,29.556,,15.4499151103566,,,,,,,,,,13.1638396446759,
03/31/2006,,26.486,30.934999,33.1676752525252,30.934999,30.934999,,18.8118811881188,,,,,,,,,,16.7975496488711,
06/30/2006,,28.617,36.706001,15.3200763779528,36.706001,36.706001,,25.748502994012,,,,,,,,,,28.266418562393,
09/30/2006,,27.98,30.038,11.1789967182372,30.038,30.038,,6.4234131508932,,,,,,,,,,7.35525375268049,
12/31/2006,,27.483,26.375,16.2248337440758,26.375,26.375,,-5.73926263778031,,,,,,,,,,-4.03158316049922,
03/31/2007,,28.767,29.839001,1.8788613131011,29.839001,29.839001,,1.30246020260492,,,,,,,,,,3.72649563736226,
06/30/2007,,30.65,32.359001,2.09233952865708,32.359001,32.359001,,1.9108280254777,,,,,,,,,,5.57585970636216,
09/30/2007,,33.1,34.292,-0.538104236974745,34.292,34.292,,2.24438902743141,,,,,,,,,,3.6012084592145,
12/31/2007,,29.833,21.268999,,-1168.487061,-1168.487061,,-27.6018099547511,,,,,,,,,,-28.7064693460262,
03/31/2008,,20.55,12.644,-94.6514106583072,-362.677011,-362.677011,,-9.63855421686748,,,,,,,,,,-38.4720194647202,
06/30/2008,,4.11,1.611,-10.6904337049258,-8.833,-8.833,,400.0,,,,,,,,,,-60.8029197080292,
09/30/2008,,5.42,-7.851,-5.27981583850932,-66.079999,-66.079999,,,,,,,,,,,,,
12/31/2008,,-10.62,131.669998,34.5991561181435,97.079,97.079,,,,,,,,,,,,,
03/31/2009,,-1.45,14.089,21.4277657266811,-16.378,-14.0055,,1233.33333333333,,-73.2095032397408,,12.2453151618399,,,,,,,
06/30/2009,,-16.1,-23.339,15.7009063564154,-32.973,-24.5204,,-244.444444444444,,,,-31.5555555555556,,1.68126094570928,,,,-44.9627329192546,
09/30/2009,,16.6,4.226,4.44253859348199,-49.161,-26.606,,,,-56.6582301994567,,13.7098976109215,,-0.664335664335669,,,,-74.5421686746988,
12/31/2009,,11.71,-1.071,-3.1437908496732,-23.886,-19.62525,,,,-80.2948960302458,,1.79682100898411,,-1.42857142857143,,,,,
03/31/2010,,11.85,10.85,8.20074906367042,-21.402,-21.44035,,,,-62.3734679163663,,-2.98584905660377,,1.24890061565523,,,,-8.43881856540084,
06/30/2010,,13.275,8.994,-5.1438127090301,-25.798,-23.6517,,,,-74.9523151347616,,5.79983726606996,,0.929824561403511,,,,-32.2485875706215,
09/30/2010,,11.65,12.237,-1.63324937027708,-24.588,-22.27075,,,,-61.4588866832555,,5.15655199072286,,-1.08391608391609,,,,5.03862660944206,
12/31/2010,,10.26,-28.5,2.31534569983137,-19.436,-28.6296,,,,26.703557312253,,2.56370656370656,,,,60.6214285714286,,,
03/31/2011,,10.707,16.895,-1.33422818791946,-21.723,-22.3734,,,,-9.16618911174785,,2.54761904761906,,,,-14.7076923076923,,57.7939665639301,
06/30/2011,,13.175,38.762,3.18009320905459,-438.335,-426.908,,,,-9.05036238617357,,5.227868852459,,,,80.0306748466257,,194.208728652751,
09/30/2011,,19.3,21.498,1.13528914689962,15.834,21.424,,23.0769230769231,,-7.3691222750557,,15.649253611428,,-0.407801418439711,,-19.4372093023256,,11.3886010362694,
12/31/2011,,8.3,7.606,-0.801062741181834,3.123,30.501,,60.8040201005025,,15.6975444646677,,16.3478351193671,,-0.232142857142862,,120.956790123457,,-8.36144578313254,
03/31/2012,,13.9,16.001,1.161097047487,10.269,16.6936,,7.31707317073171,,-9.31095406360424,,9.92443729903537,,-0.431654676258996,,-16.9060773480663,,15.1151079136691,
06/30/2012,,16.233,17.484,-0.597064358298835,-25.056,3.93855,,0.0,,-92.6021251475797,,2.56479400749064,,0.798548094373861,,,,7.70652374792091,
09/30/2012,,17.94,23.74,-1.36926438455936,-54.76,-5.2209,,7.27969348659004,,,,-1.98328690807798,,-0.434782608695656,,,,32.329988851728,
12/31/2012,,19.46,18.768,2.45735761780862,20.2,25.92,,-0.383141762452108,,-10.8433734939759,,4.10163339382941,,0.967153284671535,,30.952380952381,,-3.55601233299075,
03/31/2013,,16.72,13.905,-0.699912510936126,-12.6,19.64,,-18.4549356223176,,3.69850187265917,,11.1572344449057,,-0.455373406193078,,27.2890739601571,,-16.8361244019139,
06/30/2013,,21.733,20.536,2.68742353288613,19.1,20.595,,-4.60526315789474,,-9.26558497011102,,1.88405797101449,,-1.43646408839778,,-5.02549162418063,,-5.50775318639856,
09/30/2013,,24.8,22.63,3.15859219496165,22.5,22.63,,-8.01186943620179,,-0.310880829015541,,4.85628520909578,,-0.20579981290926,,1.32978723404255,,-8.75000000000001,
12/31/2013,,25.575,25.48,-0.924499229583967,23.4,25.48,,3.15186246418338,,-13.4512811223155,,-1.16429495472185,,3.10018903591683,,-17.6029962546816,,-0.371456500488754,
03/31/2014,,18.42,26.3,0.847343644922657,39.0,46.93,,12.8048780487805,,-4.78641276376737,,7.62195543152399,,1.28491620111731,,8.11881188118812,,42.7795874049946,
06/30/2014,,19.9,17.9,0.426624381772188,25.6,34.96,,-13.8461538461538,,-24.4269340974212,,-2.45369773537881,,0.728971962616823,,74.4565217391305,,-10.0502512562814,
09/30/2014,,20.65,14.5,-3.73989336101035,-3.0,9.545,,-34.5238095238095,,-47.8950228558642,,-3.11772541948678,,0.110905730129381,,-68.2432432432432,,-29.7820823244552,
12/31/2014,,14.029,11.5,1.25995655322231,10.5,35.655,,-17.4311926605505,,,,-4.43906376109766,,0.573012939001839,,128.494623655914,,-18.0269441870411,
03/31/2015,,9.094,6.6,-0.899280575539568,-72.0,3.01,,-29.9363057324841,,-90.6248276622732,,-8.76125862673997,,-1.61616161616162,,,,-27.4246756102925,
06/30/2015,,10.297,14.1,3.6176658301398,-12.4,10.35,,54.3624161073826,,,,2.35033259423504,,-1.04112154696132,,,,36.9330873069826,
09/30/2015,,13.814,15.1,1.69538287511554,4.9,10.88,,7.14285714285714,,-24.8868778280543,,0.66444672917273,,0.24441774491682,,-36.1551194135729,,9.30939626465904,
12/31/2015,,13.743,14.8,0.137699305123576,2.6,10.335,,3.60360360360361,,-33.7974005744049,,-0.436734569220904,,,,-73.3439957350393,,7.69118824128648,
03/31/2016,,11.35,10.7,1.1129762593277,-4.2,6.815,,2.40963855421687,,72.8136455449989,,15.825630984186,,1.00474339755335,,295.045195848678,,-5.72687224669604,
06/30/2016,,14.088,10.2,-1.33938787736977,3.1,7.55567,,-25.7425742574257,,-16.9954398729313,,-3.9819260096018,,1.13608285487473,,-37.3982721923125,,-27.5979557069847,
09/30/2016,,14.733,16.9,-1.67746306809432,10.1,14.145283,,16.2790697674419,,8.45717597383781,,2.49142175145458,,1.4951282051282,,15.7641208919276,,14.7084775673658,
12/31/2016,,15.375,13.2,4.70440251572327,7.1,10.7325,,-16.3179916317992,,-10.7560405300078,,-5.00585480093675,,6.89257013574661,,-5.1975051975052,,-14.1463414634146,
03/31/2017,,13.75,14.585,-0.438370293965959,8.8,14.457364,,3.10794392523365,,46.25,,1.22137404580152,,,,-5.83333333333333,,6.07272727272728,
06/30/2017,,15.0,18.1,-0.24330900243309,6.2,15.872727,,17.3913043478261,,,,5.5472263868066,,,,-42.6666666666667,,20.6666666666667,
09/30/2017,,14.0,15.9,-5.00298507462686,7.7,13.875,,-7.6923076923077,,,,-2.99999999999999,,,,-16.4285714285714,,13.5714285714286,
12/31/2017,,13.067,16.1,0.839920948616595,-52.5,34.857051,,1.96078431372549,,86.6348448687351,,2.58992805755395,,2.73581225296443,,88.3161512027491,,23.2111425728936,
03/31/2018,,12.833,3.545,-1.6053858104609,7.1,6.308,,-77.6875,,103.37552742616,,1.57548766910184,,,,65.9090909090909,,-72.3759058676849,
06/30/2018,,7.1,13.123,-3.28735222663703,2.3,12.240854,,25.8828025477707,,-50.9009672509452,,-1.48270181219111,,,,,,84.830985915493,
09/30/2018,,9.75,15.7,-8.30993986801068,-20.9,13.359847,,53.8461538461538,,,,-4.14820781312928,,-3.89823107569722,,,,61.025641025641,
12/31/2018,,6.0,0.6,-0.774748923959825,-12.5,-1.227907,,-92.3076923076923,,129.739776951673,,14.9976042165788,,,,56566.6666666667,,-90.0,
03/31/2019,,5.0,-3.9,-5.28528528528529,-13.5,-7.139,,,,179.349681128178,,-3.65384615384615,,-5.97809021113243,,-313.917216556689,,,
06/30/2019,,6.45,7.7,-5.9814169570267,-27.2,6.239427,,57.8947368421053,,184.992500197363,,2.41418332704639,,-4.40895238095237,,,,19.3798449612403,
09/30/2019,,3.1,-2.2,-2.93062200956936,-7.7,-3.439437,,,,14.2329660185773,,-6.80486705723299,,0.869587628865986,,-44.1860465116279,,,
12/31/2019,,-3.15,0.4,-1.61094224924013,-11.9,-0.992453,,,,78.1690140845071,,14.5698657384386,,-1.04153798767968,,97.1929824561404,,,
03/31/2020,,-6.05,-3.8,-0.376712328767131,-21.5,-17.132636,,-4.16666666666667,,167.704280155642,,4.83460559796438,,-4.04224744376278,,-9.46196660482376,,37.1900826446281,
06/30/2020,,-8.7,0.9,8.44961240310078,-4.6,-0.394118,,,,399.378881987578,,42.1550094517958,,-3.50250212765957,,,,,
09/30/2020,,8.25,,,,,,,,,,,,,,,,,
12/31/2020,,6.5,,,,,,,,,,,,,,,,,
