Date,Revenue,Consensus Estimate,Comparable Actual,Revenue Surprise %,GAAP Actual,Adjusted Actual,Earnings Per Share,EPS Surprise %,EBIT,EBIT Surprise %,EBITDA,EBITDA Surprise %,Gross Margin %,Gross Margin Surprise %,Pretax Income (Loss),Pretax Income (Loss) Surprise %,Net Income,Net Income Surprise %,Source: Bloomberg
09/30/2009,,,,,168.0,177.1,,,,,,,,,,,,,
12/31/2009,,,,,-52.0,-43.55,,,,,,,,,,,,,
03/31/2010,,,,,-289.0,-289.65,,,,,,,,,,,,,
06/30/2010,,,,,405.0,356.25,,,,,,,,,,,,,
09/30/2010,,,,,277.0,286.75,,,,,,,,,,,,,
12/31/2010,,,,,230.0,228.05,,,,,,,,,,,,,
03/31/2011,,511.0,,,529.0,566.05,,,,,,,,,,,,,
06/30/2011,,687.0,819.0,4.57091431718358,802.0,647.3,,14.9598393574297,,19.8552691090005,,14.7553175665626,,,,23.6093943139679,,19.2139737991266,
09/30/2011,,861.5,1129.75,-3.07582619523412,1133.0,962.05,,21.998450813323,,45.7332228666114,,23.3846918489066,,,,23.562180789003,,31.1375507835171,
12/31/2011,,,-75.0,23.7243678192325,-75.0,109.6,,,,,,-87.7634262406526,,,,,,,
03/31/2012,,421.833,594.7,6.88305370456268,596.0,629.15,,28.7878787878788,,43.328335832084,,35.2337514253136,,,,54.5529122231337,,40.9799612642918,
06/30/2012,,871.6,867.0,-0.836943574824228,814.0,553.35,,0.796812749003985,,-10.2335164835165,,-7.4274058075354,,,,-5.98845598845599,,-0.5277650298302,
09/30/2012,,1074.0,1129.0,-0.0331759601888478,1224.0,1294.2,,2.22359481161211,,38.0189366351056,,13.4124377582371,,,,15.3284671532847,,5.12104283054004,
12/31/2012,,692.143,758.9,0.936579021888463,755.0,834.3,,7.14285714285714,,19.9798183652876,,6.24867820725565,,,,14.1240733515412,,9.64497220950005,
03/31/2013,,677.1,724.35,10.4776638580697,724.0,761.7,,0.0,,10.727969348659,,2.77777777777778,,,,6.57294832826748,,6.97828976517501,
06/30/2013,,626.2,632.0,0.955008133080674,592.0,556.25,,2.52365930599369,,-10.7806691449814,,-15.2308984047019,,,,-14.5299145299145,,0.9262216544235,
09/30/2013,,242.0,183.0,-1.41569658280135,168.0,281.75,,-7.23270440251573,,-53.8815353005438,,-16.913963023944,,,,-56.5473241329107,,-24.3801652892562,
12/31/2013,,349.0,633.0,17.6242118537201,626.0,625.35,,82.2916666666667,,90.5482041587902,,54.0819647060312,,,,77.8764993336295,,81.3753581661891,
03/31/2014,,307.286,239.95,-2.96844357282938,199.0,273.1,,-23.4404536862004,,4.55104551045511,,-12.4353549600376,,,,-30.7129798903108,,-21.9131362964795,
06/30/2014,,794.0,851.1,9.96951452172898,854.0,925.5,,33.7579617834395,,-5.35019394943881,,16.3300239643958,,,,19.6750902527076,,7.19143576826197,
09/30/2014,,599.778,672.0,-5.0350327966607,671.0,589.75,,3.14685314685315,,23.6301369863014,,3.2003872401719,,,,5.40816326530612,,12.0414553384752,
12/31/2014,,362.0,798.0,19.9366578989747,798.0,488.6,,107.246376811594,,85.419734904271,,67.235142118863,,63.5555202821869,,93.0081300813008,,120.441988950276,
03/31/2015,,677.5,891.0,-11.8260046797683,891.0,850.05,,13.3659902029391,,12.7300613496932,,13.6215713621571,,,,50.9782608695652,,31.5129151291513,
06/30/2015,,942.0,826.0,2.9657497923775,826.0,874.75,,-13.5166093928981,,-17.1322160148976,,-11.1850334482293,,27.3635199004975,,-14.5488772354444,,-12.3142250530786,
09/30/2015,,953.667,1039.46,-11.8100611189469,948.0,1024.43,,6.21671247938428,,5.15527950310559,,13.1748713734935,,41.712822671156,,11.2215179030324,,8.99611709328309,
12/31/2015,,367.833,422.4,-4.08931029209359,186.0,87.2,,14.259479015919,,-6.10079575596817,,4.2036554010214,,,,0.110369614103488,,14.8347211914102,
03/31/2016,,98.557,33.327,2.66737522893105,1.0,154.7,,-58.978431372549,,-41.7165668662675,,-14.5680202434028,,,,-62.0689655172414,,-66.1850502754751,
06/30/2016,,520.0,626.86,2.10514786911301,801.0,868.95,,10.7660455486543,,8.65512649800266,,4.46735395189003,,,,8.21078431372549,,20.55,
09/30/2016,,427.0,484.8,-1.9635112477216,145.0,335.45,,-28.4833538840937,,-18.0043520766975,,-9.46648125641653,,,,-18.0423666910153,,13.536299765808,
12/31/2016,,130.143,227.0,8.94307006034037,227.0,357.0,,65.0430769230769,,44.0854611776967,,14.4765756233125,,,,61.2111324598809,,74.4235187447654,
03/31/2017,,-17.287,30.0,-5.45808966861599,30.0,31.95,,,,54.1385135135135,,16.8666196189132,,,,112.947827782193,,,
06/30/2017,,551.143,529.3,-4.09584521401743,483.0,525.25,,-3.9595684803002,,-7.38780207134637,,-5.57070972856681,,,,-6.6079295154185,,-3.96321825733069,
09/30/2017,,732.625,903.0,-13.7742116396096,903.0,907.55,,19.5945945945946,,13.1533601378518,,11.5820338531254,,,,19.3439865433137,,23.2554171643064,
12/31/2017,,466.8,511.45,1.19046512876791,2016.0,478.3,,3.7944111776447,,12.961841308298,,9.81162573497338,,,,21.6619092927371,,9.56512425021422,
03/31/2018,,66.488,37.0,-7.20759529099075,37.0,40.7,,-47.7124183006536,,-7.31964191679832,,-6.90812851679068,,-16.3446226507921,,3.21285140562249,,-44.3508603056191,
06/30/2018,,973.833,1055.0,1.00480998000424,1055.0,1096.87,,11.6576487948844,,9.28249749148447,,5.31913245945988,,-9.60904933481153,,15.8489989301544,,8.33479662324033,
09/30/2018,,794.857,737.0,5.94324085833078,737.0,791.51,,0.0588581518540253,,0.621587526078771,,-0.755686146700132,,-24.5263868946613,,-6.76607343274011,,-7.27891935278924,
12/31/2018,,1077.1,800.11,-0.338040894143049,951.0,1034.066467,,23.2106339468303,,6.29776021080369,,-7.26296802769729,,17.3523193654078,,-7.31659390754263,,-25.7162751833627,
03/31/2019,,24.425,-7.0,-2.99945087824734,-7.0,-105.59,,,,10.0328947368421,,1.43724049824337,,-16.8572605475576,,-25.3496535853759,,,
06/30/2019,,945.444,1106.0,3.5895112483394,1106.0,1130.62,,30.5660377358491,,36.4061456245825,,5.62134243716198,,-18.8848908594816,,5.30614394002937,,16.9820740308257,
09/30/2019,,953.727,1100.0,-5.14619727663612,1095.0,1070.73,,21.8236173393124,,14.8051948051948,,12.9329403095063,,-19.7895644923353,,9.20529636091102,,15.3369884673497,
12/31/2019,,598.571,1018.0,4.59466442197905,443.0,1524.4,,82.883939038687,,28.8080697634446,,26.7071945539074,,9.78069834291512,,36.7530933392325,,70.0717208150746,
03/31/2020,,-150.437,-106.0,-10.0491229658747,-9234.0,-1370.438793,,25.5813953488372,,5.99078341013825,,10.2826162451962,,-54.357005674378,,-18.7429500080571,,29.5386108470656,
06/30/2020,,-1166.9,-868.0,-10.617524223045,9.0,129.749123,,24.2165242165242,,35.9167148640833,,118.781941589241,,27.5046229374062,,25.3399771618395,,25.6148770245951,
09/30/2020,,-677.5,,,,,,,,,,,,,,,,,
12/31/2020,,-298.25,,,,,,,,,,,,,,,,,
