Date,Revenue,Consensus Estimate,Comparable Actual,Revenue Surprise %,GAAP Actual,Adjusted Actual,Earnings Per Share,EPS Surprise %,EBIT,EBIT Surprise %,EBITDA,EBITDA Surprise %,Gross Margin %,Gross Margin Surprise %,Pretax Income (Loss),Pretax Income (Loss) Surprise %,Net Income,Net Income Surprise %,Source: Bloomberg
09/30/1989,,,2.788,,2.788,2.788,,,,,,,,,,,,,
12/30/1989,,,6.091,,5.471,5.471,,,,,,,,,,,,,
03/31/1990,,,4.361,,6.193,6.193,,,,,,,,,,,,,
06/30/1990,,,6.578,,6.578,6.578,,,,,,,,,,,,,
09/29/1990,,,3.716,,3.716,3.716,,,,,,,,,,,,,
12/29/1990,,,2.851,,2.851,2.851,,,,,,,,,,,,,
03/30/1991,,,1.407,,1.407,1.407,,,,,,,,,,,,,
06/29/1991,,,7.458,,7.458,7.458,,,,,,,,,,,,,
09/28/1991,,,3.334,,3.334,3.334,,,,,,,,,,,,,
12/28/1991,,,0.123,,0.123,0.123,,,,,,,,,,,,,
03/28/1992,,,0.323,,0.323,0.323,,,,,,,,,,,,,
06/27/1992,,,4.477,,4.477,4.477,,,,,,,,,,,,,
09/26/1992,,,4.01182,,-6.363,-6.363,,,,,,,,,,,,,
12/26/1992,,,-0.756441,,-0.924,-0.924,,,,,,,,,,,,,
03/27/1993,,,-4.77151,,-4.771515,-4.771515,,,,,,,,,,,,,
07/03/1993,,,0.0,,8.161515,8.161515,,,,,,,,,,,,,
10/02/1993,,,4.088,,4.088,4.088,,,,,,,,,,,,,
01/01/1994,,,3.088,,3.088,3.088,,,,,,,,,,,,,
04/02/1994,,,1.6,,1.6,1.6,,,,,,,,,,,,,
07/02/1994,,,0.0,,5.267,5.267,,,,,,,,,,,,,
03/31/1995,,,1.768,,1.768,1.768,,,,,,,,,,,,,
06/30/1995,,,5.386,,5.386,5.386,,,,,,,,,,,,,
09/30/1995,,,3.59,,3.59,3.59,,,,,,,,,,,,,
12/31/1995,,,0.0,,3.825,3.825,,,,,,,,,,,,,
03/31/1996,,,4.114,,4.114,4.114,,,,,,,,,,,,,
06/30/1996,,,8.798,,8.798,8.798,,,,,,,,,,,,,
09/30/1996,,,8.534,,8.534,8.534,,,,,,,,,,,,,
12/31/1996,,,0.724,,4.197,4.197,,,,,,,,,,,,,
03/31/1997,,,6.478,,6.478,6.478,,,,,,,,,,,,,
06/30/1997,,,11.929,,11.929,11.929,,,,,,,,,,,,,
09/30/1997,,,9.521,,9.521,9.521,,,,,,,,,,,,,
12/31/1997,,,0.0,,8.495,8.495,,,,,,,,,,,,,
03/31/1998,,,9.337,,9.337,9.337,,,,,,,,,,,,,
06/30/1998,,,15.408,,15.408,15.408,,,,,,,,,,,,,
09/30/1998,,,15.203,,15.203,15.203,,,,,,,,,,,,,
12/31/1998,,,0.0,,11.432,11.432,,,,,,,,,,,,,
03/31/1999,,,12.428,,12.428,12.428,,,,,,,,,,,,,
06/30/1999,,,20.986,,20.986,20.986,,,,,,,,,,,,,
09/30/1999,,,19.378,,19.378,19.378,,,,,,,,,,,,,
12/31/1999,,,13.992,,13.992,13.992,,,,,,,,,,,,,
03/31/2000,,,14.913,,14.913,14.913,,,,,,,,,,,,,
06/30/2000,,,22.606001,,22.606,22.606,,,,,,,,,,,,,
09/30/2000,,,12.299,,12.299,12.299,,-1.38067061143984,,,,,,,,,,,
12/31/2000,,,10.45,,10.45,10.45,,1.69491525423729,,,,,,,,,,,
03/31/2001,,,0.225,,9.871,9.871,,-8.87850467289719,,,,,,,,,,,
06/30/2001,,,0.312,,14.611,14.611,,-3.35570469798658,,,,,,,,,,,
09/30/2001,,,0.02,,12.439,12.439,,-5.55555555555556,,,,,,,,,,,
12/31/2001,,,-0.426,,8.627,8.627,,5.71428571428572,,,,,,,,,,,
03/31/2002,,,8.614,,-30.21,-30.21,,-1.96078431372549,,,,,,,,,,,
06/30/2002,,,19.65,,20.080999,20.080999,,-5.38922155688622,,,,,,,,,,,
09/30/2002,,,14.218,,14.728,14.728,,-5.17241379310343,,,,,,,,,,,
12/31/2002,,,5.097,,-25.101,-25.101,,-17.3913043478261,,,,,,,,,,,
03/31/2003,,,0.214,,0.535,0.535,,,,,,,,,,,,,
06/30/2003,,,5.448,,1.313,1.313,,0.0,,,,,,,,,,,
09/30/2003,,,8.798,,7.198,7.198,,13.7931034482759,,,,,,,,,,,
12/31/2003,,,3.491,,-5.497,-5.497,,160.0,,,,,,,,,,,
03/31/2004,,,5.995,,5.767,5.767,,4.76190476190477,,,,,,,,,,,
06/30/2004,,,15.292,,15.252,15.252,,0.900900900900902,,,,,,,,,,,
09/30/2004,,,13.506,,12.704,12.704,,11.1111111111111,,,,,,,,,,,
12/31/2004,,,6.23185,,5.415,5.415,,-4.54545454545455,,,,,,,,,,,
03/31/2005,,,11.831,,6.5,6.5,,24.6006389776358,,,,,,,,,,,
06/30/2005,,22.033,24.573,,24.1,24.1,,9.58904109589042,,,,,,,,,,11.5281623020015,
09/30/2005,,22.0,22.986,,17.101,17.101,,8.02919708029196,,,,,,,,,,4.48181818181819,
12/31/2005,,13.1,14.477,,18.192,18.192,,5.61797752808988,,,,,,,,,,10.5114503816794,
03/31/2006,,20.933,29.200001,6.68545319407483,29.7,29.7,,16.7701863354037,,,,,,,,,,39.4926718578321,
06/30/2006,,46.233,51.599998,-1.03448116710875,42.2,42.2,,3.79746835443037,,,,,,,,,,11.6085869400645,
09/30/2006,,46.833,51.799999,10.4442865993793,50.4,50.4,,12.6373626373626,,,,,,,,,,10.6057673008349,
12/31/2006,,43.46,43.900002,3.24986840703251,43.9,43.9,,-12.8787878787879,,,,,,,,,,1.01242982052462,
03/31/2007,,55.76,64.099998,6.51099283419817,64.1,64.1,,15.4285714285714,,,,,,,,,,14.9569548063128,
06/30/2007,,78.25,96.900002,8.09342090322635,97.5,97.5,,23.5772357723577,,,,,,,,,,23.833868370607,
09/30/2007,,80.367,84.0,2.41221496183206,75.9,75.9,,2.6045777426993,,,,,,,,,,4.52051215050953,
12/31/2007,,85.533,96.0,9.32380466801522,99.2,99.2,,9.71089696071164,,,,,,,,,,12.2373820630634,
03/31/2008,,96.363,102.699997,-1.84345229577304,102.7,102.7,,6.73965104344851,,,,,,,,,,6.57617238981766,
06/30/2008,,117.429,131.100006,6.52249711312863,133.9,133.9,,10.9243697478992,,,,,,,,,,11.6419334236006,
09/30/2008,,107.286,104.300003,-11.3140986378205,-26.1,-26.1,,-1.35635018495684,,,,,,,,,,-2.78321216188505,
12/31/2008,,72.614,66.5,-0.0237510569986192,-200.4,-200.4,,-8.56118332586284,,,,,,,,,,-8.41986393808357,
03/31/2009,,21.189,22.9,-7.12009942379393,-655.8,23.4,,29.1288073394495,,,,,,,,,,8.07494454669875,
06/30/2009,,19.611,24.8,-7.66485232444009,-12.3,29.915,,45.1649523809524,,-0.929715664218154,,,,25.0472622950819,,9.09224929053183,,26.4596399979603,
09/30/2009,,9.318,-4.9,-6.31310447443936,-12.6,0.1,,,,6.92915058598591,,,,16.1522510162602,,-51.2833563586127,,,
12/31/2009,,1.833,-6.0,-3.99496336996337,,,,,,-30.6616961789376,,,,4.64666021297193,,,,,
03/31/2010,,-2.402,-9.9,-12.3316218224919,-23.2,-12.9,,-627.272727272727,,-21.1295967780601,,,,11.924882629108,,-575.500969618617,,-312.156536219817,
06/30/2010,,7.878,15.7,0.712398023670004,14.1,14.5,,78.7064150943396,,30.524225012414,,,,5.29115251299827,,84.1121495327103,,99.2891596851993,
09/30/2010,,14.09,0.8,-1.92178770949721,1.4,4.322323,,-90.7192575406033,,-10.2127196053717,,,,3.44280296425457,,-63.4347723519698,,-94.3222143364088,
12/31/2010,,5.265,15.0,-3.07163413362326,-65.5,12.24508,,158.823529411765,,-1.99856851841656,,,,3.83068970087925,,84.8848524164775,,184.900284900285,
03/31/2011,,4.791,-13.5,-6.80530046444613,-52.4,-13.5,,,,-37.8043291460371,,,,1.67952791647753,,,,,
06/30/2011,,22.99,20.2,1.99939431818913,3.0,20.5,,-11.4799446749654,,-9.23930786810317,,,,-1.98099896373057,,-11.6564417177914,,-12.1357111787734,
09/30/2011,,22.47,24.4,0.30206426666581,23.7,24.4,,7.46268656716417,,-5.01355013550136,,,,-1.06202484472049,,4.83282230982626,,8.58923008455719,
12/31/2011,,17.855,18.5,7.1835236803579,14.9,19.6,,2.37659963436929,,-5.03482056579254,,,,-9.37219730941704,,-26.8724501578016,,3.61243349201904,
03/31/2012,,11.43,0.8,-0.951674643352328,-0.3,0.6,,-88.7955182072829,,-7.28629683773178,,,,0.998609531032732,,-53.3730158730159,,-93.0008748906387,
06/30/2012,,32.84,42.8,-3.69969699725719,45.3,45.0,,27.2365805168986,,5.28432683094176,,,,4.72573839662448,,12.9862406955523,,30.3288672350791,
09/30/2012,,36.91,22.6,-8.57729939045155,22.2,22.4,,-40.5594405594406,,-20.9901965173016,,,,2.36318407960199,,-38.8273976792644,,-38.7699810349499,
12/31/2012,,30.88,35.4,3.87968189144831,,,,12.2661122661123,,9.24827101004872,,,,-4.67657342657343,,-9.86580019139608,,14.6373056994819,
03/31/2013,,17.367,12.6,-1.26443100604728,10.4,16.6,,-33.9449541284404,,-15.9327461969576,,,,-0.809716599190281,,-32.2212467076383,,-27.4486094316808,
06/30/2013,,47.073,60.285,-1.92725224824231,57.6,65.8,,27.4787535410765,,-0.707158771674904,,,,4.6987951807229,,1.05263157894737,,28.0670448027532,
09/30/2013,,42.87,52.5,-2.21686746987952,52.9,56.4,,23.7113402061856,,2.16150081566069,,,,1.57271322742939,,7.25602027883398,,22.4632610216935,
12/31/2013,,45.683,63.9,-0.333935018050546,,,,41.3533834586466,,3.18168905482733,,232.606828201651,,1.86180504794255,,-0.845423233482925,,39.8769783070289,
03/31/2014,,27.017,23.7,-6.58652889828152,-8.8,20.63,,-13.4860050890585,,-18.6158845399455,,,,7.68114773917949,,-15.7632925055141,,-12.2774549357812,
06/30/2014,,57.592,47.8,-4.23265564320992,46.6,47.93,,-18.3197199533256,,-8.43899890772664,,,,3.65031029564815,,-11.8798098389935,,-17.0023614390888,
09/30/2014,,58.45,50.1,-0.229725533118013,73.1,50.1,,-12.2486288848263,,2.57043994068215,,,,0.987122720071489,,5.54089709762533,,-14.2857142857143,
12/31/2014,,46.731,37.5,-2.39680112901328,33.6,37.5,,-15.2276295133438,,,,,,,,-29.3333333333333,,-19.7534826988509,
03/31/2015,,-7.217,-6.3,-0.71719647856925,-8.4,-25.335,,-2.04081632653061,,-29.6815286624204,,656.429942418426,,4.49946178686759,,17.6470588235294,,12.7061105722599,
06/30/2015,,43.4,30.6,-7.02187516736378,23.3,-6.225,,-28.8025889967637,,-15.8841940532081,,,,,,-21.8024286848283,,-29.4930875576037,
09/30/2015,,5.67,12.8,-0.527257374633817,4.8,-29.605,,18.8118811881188,,42.5474254742548,,413.063063063063,,14.5271923076923,,266.279882566755,,125.749559082892,
12/31/2015,,28.042,59.7,0.431248428747318,43.5,7.1,,117.171717171717,,-68.6874203531768,,,,3.54046894031669,,-63.333136199657,,112.894943299337,
03/31/2016,,-3.221,-5.3,16.863124680431,-195.9,-7.04,,-48.1481481481482,,47.0283702629944,,,,-4.47469092721834,,45.5288243304585,,-64.545172306737,
06/30/2016,,5.854,5.0,-1.3754005210275,-5.8,3.455,,8.10810810810812,,-20.1252091316315,,-45.3705000700378,,-3.50876771318411,,-21.8553062767835,,-14.5883156815852,
09/30/2016,,-89.2,-38.1,-0.219926919226067,-140.7,-73.51,,28.4345047923323,,-3.48101265822785,,68.0658436213992,,15.9378676829864,,70.1919720767888,,57.2869955156951,
12/31/2016,,-23.41,-32.6,-3.0830456831979,-33.4,-32.6,,-43.9749608763693,,22.4952741020794,,54.3707973102786,,-9.92983454368496,,14.1982233271685,,-39.2567278940624,
03/31/2017,,-21.909,-24.2,-9.21667468219898,-36.0,-24.72,,-6.9182389937107,,3.01174068402245,,41.4348462664715,,6.36007394873722,,4.6218487394958,,-10.4568898626135,
06/30/2017,,-5.556,6.5,-0.469654090429844,0.5,6.37,,,,83.2946635730859,,52.3890474166717,,6.0729387240112,,,,,
09/30/2017,,-3.029,13.5,3.71951583709232,9.6,13.3,,,,80.4604853764779,,8.16432657306292,,-2.14432345013477,,,,,
12/31/2017,,-1.928,-5.3,13.7262775015648,35.3,-5.3,,-257.142857142857,,28.9314319202969,,11.7993654630609,,-2.68355358070288,,,,-174.896265560166,
03/31/2018,,-8.261,-4.1,3.46934509612654,-10.0,-4.1,,45.7013574660633,,148.447204968944,,13.9012855525212,,4.5601015168506,,,,50.3692046967679,
06/30/2018,,10.372,14.3,8.8387239961589,9.7,13.189,,71.6738197424893,,18.3333333333333,,13.2930513595166,,-4.99789944366453,,4.49574726609963,,37.8711916698805,
09/30/2018,,3.793,7.3,-0.520493750759736,11.5,15.495,,127.272727272727,,18.6730694927416,,4.81099656357388,,-1.6934292035398,,-76.9112365315546,,92.4597943580279,
12/31/2018,,-1.245,5.8,5.55813891557602,-78.3,5.8,,,,24.7191011235955,,19.7673970809104,,3.32659822121411,,30.4915180513267,,,
03/31/2019,,0.184,2.7,4.66641960717542,-26.7,3.116,,,,81.184668989547,,40.0851869380029,,7.30762304250561,,134.344986553976,,1367.39130434783,
06/30/2019,,17.3,33.5,-0.922654102866115,46.0,33.184,,91.4460285132383,,47.4420292245275,,35.0632237792362,,0.923975387907974,,143.710327572627,,93.6416184971098,
09/30/2019,,11.383,19.2,-1.73283614827813,18.1,16.435,,58.8235294117647,,44.359749606098,,34.6504750519096,,6.8913488624052,,48.8353467262898,,68.6725819204076,
12/31/2019,,10.64,12.6,-6.04217356042174,9.2,12.6,,20.6896551724138,,7.73130544993664,,2.91423813488759,,2.94327808471455,,2.56410256410257,,18.4210526315789,
03/31/2020,,-4.34,-6.3,-7.234941880944,-7.8,-6.379,,-100.0,,638.461538461538,,31.8023772944125,,13.5979644970414,,27.8688524590164,,-45.1612903225806,
06/30/2020,,-18.183,-16.2,17.2918899607003,-12.7,-12.421,,18.8255613126079,,86.3481228668942,,,,14.8178582554517,,42.156862745098,,10.905791123577,
09/30/2020,,-10.857,,,,,,,,,,,,,,,,,
12/31/2020,,-6.871,,,,,,,,,,,,,,,,,
