Date,Revenue,Consensus Estimate,Comparable Actual,Revenue Surprise %,GAAP Actual,Adjusted Actual,Earnings Per Share,EBIT,EBIT Surprise %,EBITDA,EBITDA Surprise %,Gross Margin %,Pretax Income (Loss),Pretax Income (Loss) Surprise %,Net Income,Source: Bloomberg
12/31/1996,,,0.0,,2.198,2.198,,,,,,,,,,
03/31/1997,,,0.0,,1.387,1.387,,,,,,,,,,
06/30/1997,,,0.0,,1.908,1.908,,,,,,,,,,
09/30/1997,,,0.0,,4.128,4.128,,,,,,,,,,
12/31/1997,,,0.0,,3.254,3.254,,,,,,,,,,
03/31/1998,,,4.475,,4.475,4.475,,,,,,,,,,
06/30/1998,,,9.196,,6.709,6.709,,,,,,,,,,
09/30/1998,,,-1.305,,6.16,6.16,,,,,,,,,,
12/31/1998,,,34.131001,,3.198,3.198,,,,,,,,,,
03/31/1999,,,7.43,,3.214,3.214,,,,,,,,,,
06/30/1999,,,13.053,,8.697,8.697,,,,,,,,,,
09/30/1999,,,34.775799,,-3.234,-3.234,,,,,,,,,,
12/31/1999,,,9.085,,-13.917,-13.917,,,,,,,,,,
03/31/2000,,,15.821,,6.511,6.511,,,,,,,,,,
06/30/2000,,,24.283001,,12.131,12.131,,,,,,,,,,
09/30/2000,,,33.403599,,21.01,21.01,,,,,,,,,,
12/31/2000,,,29.708401,,12.465,12.465,,,,,,,,,,
03/31/2001,,,20.281,,5.694,5.694,,,,,,,,,,
06/30/2001,,,36.084999,,19.827,19.827,,,,,,,,,,
09/30/2001,,,39.583,,25.631,25.631,,,,,,,,,,
12/31/2001,,,27.336,,17.868,17.868,,,,,,,,,,
03/31/2002,,,22.941,,-422.071,-422.071,,,,,,,,,,
06/30/2002,,,17.358,,-75.729,-75.729,,,,,,,,,,
09/30/2002,,,19.478319,,14.003,14.003,,,,,,,,,,
12/31/2002,,,-6.057,,-51.099,-51.099,,,,,,,,,,
03/31/2003,,,10.01,,-115.866,-115.866,,,,,,,,,,
06/30/2003,,,10.39,,9.647,9.647,,,,,,,,,,
09/30/2003,,,12.587,,12.223,12.223,,,,,,,,,,
12/31/2003,,,12.569,,12.134,12.134,,,,,,,,,,
03/31/2004,,,12.99,,12.405,12.405,,,,,,,,,,
06/30/2004,,,14.83,,16.24,16.24,,,,,,,,,,
09/30/2004,,,21.121,,19.988,19.988,,,,,,,,,,
12/31/2004,,,24.146999,,24.471,24.471,,,,,,,,,,
03/31/2005,,31.4,21.271999,,20.57,20.57,,,,,,,,,,
06/30/2005,,37.8,25.57,,18.017,18.017,,,,,,,,,,
09/30/2005,,45.82,30.848,,26.066,26.066,,,,,,,,,,
12/31/2005,,53.556,35.32,,33.541,33.541,,,,,,,,,,
03/31/2006,,55.18,37.43,2.62916597777487,42.262,42.262,,,,,,,,,,
06/30/2006,,62.382,40.944,0.849614739454768,39.617,39.617,,,,,,,,,,
09/30/2006,,66.008,40.092999,3.2254493126248,-83.817,-83.817,,,,,,,,,,
12/31/2006,,70.992,45.23,0.781004164894732,39.075,39.075,,,,,,,,,,
03/31/2007,,74.554,,,39.482,39.482,,,,,,,,,,
06/30/2007,,70.309,,,28.616,28.616,,,,,,,,,,
09/30/2007,,72.717,45.723999,0.0427335311572627,33.301,33.301,,,,,,,,,,
12/31/2007,,81.07,51.935001,-0.0409430920021572,45.0,45.0,,,,,,,,,,
03/31/2008,,41.377,29.118,1.86083525852584,22.591,22.591,,,,,,,,,,
06/30/2008,,70.608,49.167999,-2.1865510444102,30.83,30.83,,,,,,,,,,
09/30/2008,,65.331,47.889999,-1.2629384908958,42.778,42.778,,,,,,,,,,
12/31/2008,,49.192,31.951,-7.25710570900749,28.594,28.594,,,,,,,,,,
03/31/2009,,-20.107,-1.223,0.523951208525466,-10.341,-5.133638,,,,,23097.0149253731,,,,,
06/30/2009,,3.128,3.243,-1.73527571407168,-1.37,4.151,,,257.446808510638,,12.7411706998038,,,149.488491048593,,
09/30/2009,,2.892,1.369,-0.973952539431236,32.751,64.583,,,81.3693525850023,,19.7954366640441,,,32.9875518672199,,
12/31/2009,,-0.571,-1.513,0.359724085975945,-2.113,-9.581,,,93.7956204379562,,33.9379703336378,,,-1145.18388791594,,
03/31/2010,,-25.19,-16.977,1.47902359933449,-24.179,-9.708,,,4.23624608305897,,,,,1.56411274315205,,
06/30/2010,,-5.92,-0.196,-0.626985337975612,-2.957,3.612,,,,,35.0696511489463,,,,,
09/30/2010,,-0.317,2.001,2.16160714285715,-5.724,4.853,,,117.857142857143,,3.56181665264928,,,,,
12/31/2010,,13.178,7.054,-3.06829366542146,0.501,2.63625,,,-20.4849776830324,,-20.871653259695,,,-15.7611170132038,,
03/31/2011,,4.361,6.253,-0.527840042014089,0.078,9.511,,,72.6456760222254,,0.163735597331722,,,167.759688144921,,
06/30/2011,,16.756,10.986,1.50700811465909,10.986,10.986,,,-3.53756175117825,,4.09051724137932,,,-1.66507519694438,,
09/30/2011,,22.225,15.76,-2.03050484651137,31.827,21.223,,,12.5399116476403,,11.676777784727,,,9.37232845894263,,
12/31/2011,,23.025,13.072,-3.44573194283506,10.906,22.00375,,,-18.160741885626,,-0.727761652723239,,,-15.0445168295331,,
03/31/2012,,5.241,4.6,2.4040782355389,3.742,13.40855,,,41.1061523748805,,10.2962726983116,,,41.0036252623545,,
06/30/2012,,10.149,6.781,-2.54934210526315,4.802,10.8184,,,-0.783648408466631,,3.98882681564247,,,9.29155581830724,,
09/30/2012,,8.367,9.548,-5.21162890123984,-194.239,11.674,,,52.0639642989959,,14.0162931574707,,,77.1722242141747,,
12/31/2012,,12.583,8.696,-0.309579990561588,-73.025,-9.84925,,,7.47894997523527,,2.71155741416509,,,7.21608519430978,,
03/31/2013,,13.1,7.286,0.679154239252255,4.984,8.7189,,,5.62916180407771,,3.56534206183893,,,7.77862595419847,,
06/30/2013,,14.571,9.575,-3.52839059674503,3.38,9.5705,,,3.40067762579997,,-1.15696408426685,,,3.78834671607988,,
09/30/2013,,14.571,8.174,-1.16800490100078,11.269,11.09035,,,-12.5460122699387,,-11.6618610747051,,,-2.16869123601674,,
12/31/2013,,12.543,10.477,1.83198987409233,-20.115,5.1301,,,19.6923885894571,,-6.73207138343013,,,31.9221876744001,,
03/31/2014,,7.425,8.513,-1.33643375341702,2.065,10.30615,,,61.5172413793103,,-15.2169751116784,,,71.4343434343434,,
06/30/2014,,13.025,1.065,-2.22069125049659,0.034,1.06505,,,-16.5090909090909,,-14.7918953987424,,,-6.97888675623801,,
09/30/2014,,5.673,4.652,0.717908741842544,-1.669,0.4472,,,26.523505513639,,7.9158878504673,,,59.8801339679182,,
12/31/2014,,10.34,6.487,-3.30527441826651,-289.719,134.13245,,,11.1325301204819,,5.53498026128362,,,20.4835589941973,,
03/31/2015,,11.5,7.461,-1.83406813627254,8.17,37.25015,,,,,7.15107285923927,,,80.7130434782609,,
06/30/2015,,13.675,10.24,0.229999999999993,-1.043,-0.54925,,,15.5081967213115,,7.61791841120457,,,13.4698354661792,,
09/30/2015,,14.8,9.697,-2.63286713286713,10.42,20.126,,,-1.84393063583814,,1.17880317231435,,,-1.62837837837839,,
12/31/2015,,16.525,10.568,-4.66526946107784,56.065,-9.91005,,,-0.192096597145994,,-3.09921513382974,,,-3.10438729198183,,
03/31/2016,,9.903,6.228,-1.28008608985628,1.841,4.7174,,,-3.49573587773368,,-6.38390714316883,,,-7.12915278198527,,
06/30/2016,,5.095,-2.052,-3.63218390804597,-124.155,20.057,,,,,-45.0419161676647,,,,,
09/30/2016,,2.15,-4.748,-3.92521255483949,-180.504,1.70385,,,,,-60.6159420289855,,,,,
