Date,Basic Shares Outstanding,Diluted Weighted Avg Shares,Basic Weighted Avg Shares,Per Share Data Items,Revenue,EBITDA,Operating Income,Net Income to Common - Basic,Net Income before XO - Basic,Normalized Net Income - Basic,Net Income to Common - Diluted,Net Income before XO - Diluted,Normalized Net Income - Diluted,Dividends,Cash Flow,Free Cash Flow,Cash & Equivalents,Book Value,Tangible Book Value,Source: Bloomberg
06/30/1989,243.998992,244.302755,244.302755,,0.0862,0.017781,0.015366,0.014815,0.014815,,0.014815,0.014815,0.014815,0.007407,0.024822,,0.076746,0.435346,,
09/30/1989,244.039495,244.485008,244.485008,,0.094701,0.01821,0.016054,0.019259,0.019259,,0.019259,0.019259,0.019259,0.007407,0.02293,,0.081159,0.454205,,
12/31/1989,244.268998,244.991238,244.991238,,0.098375,0.025295,0.021246,0.034074,0.034074,,0.034074,0.034074,0.034074,0.014815,0.020307,,0.09406,0.481064,,
03/31/1990,244.376993,244.322993,244.322993,,0.110927,0.033943,0.030349,0.038519,0.038519,0.038519,0.038519,0.038519,0.038519,0.0,0.009708,,0.089693,0.520642,,
06/30/1990,244.491755,245.099256,245.099256,,0.107973,,,0.02963,0.02963,,0.02963,0.02963,0.02963,,0.030522,,0.1169,0.544039,,
09/30/1990,244.579508,245.112748,245.112748,,0.09895,,,0.02963,0.02963,,0.02963,0.02963,0.02963,,0.062241,,0.161972,0.568371,,
12/31/1990,244.626758,257.951251,257.951251,,0.102795,0.023349,0.017406,0.032593,0.032593,,0.032593,0.032593,0.032593,0.007407,0.024981,,0.126319,0.594522,,
03/31/1991,257.505736,244.45125,244.45125,,0.111638,0.114231,0.111638,0.035556,0.035556,0.035556,0.035556,0.035556,0.035556,,0.03946,,0.169402,0.650591,,
06/30/1991,244.957506,257.762252,257.762252,,0.108135,0.024406,0.020123,0.034074,0.034074,,0.034074,0.034074,0.034074,0.007407,0.029853,,0.157231,0.653889,,
09/30/1991,238.295259,257.782491,257.782491,,0.117844,0.025238,0.020479,0.032593,0.032593,,0.032593,0.032593,0.032593,0.014815,0.033455,,0.179722,0.701617,,
12/31/1991,258.349488,258.1875,258.1875,,0.135111,0.028084,0.023119,0.039852,0.039852,,0.039852,0.039852,0.039852,0.007407,0.038894,,0.181018,0.741554,,
03/31/1992,259.2675,258.808493,258.808493,,0.149922,0.04387,0.038279,0.048741,0.048741,0.048741,0.048741,0.048741,0.048741,0.003704,0.073386,,0.232671,0.784719,,
06/30/1992,259.395756,259.314749,259.314749,,0.149776,0.041787,0.036076,0.044444,0.044444,,0.044444,0.044444,0.044444,0.003704,0.044205,,0.231661,0.821451,,
09/30/1992,259.655617,259.530759,259.530759,,0.196586,0.071583,0.067476,0.065185,0.065185,,0.065185,0.065185,0.065185,0.008889,0.029838,,0.251221,0.877566,,
12/31/1992,261.555754,259.787247,259.787247,,0.235223,0.089689,0.0852,0.082963,0.082963,,0.082963,0.082963,0.082963,0.008889,0.097553,,0.341778,0.989739,,
03/31/1993,263.874368,262.715059,262.715059,,0.232179,0.094266,0.089028,0.082963,0.082963,0.082963,0.082963,0.082963,0.082963,0.008889,0.090543,,0.372321,1.12164,,
06/30/1993,266.533874,265.004989,265.004989,,0.220777,0.063697,0.053422,0.062222,0.062222,,0.062222,0.062222,0.062222,0.020741,0.034075,,0.367338,1.238668,,
09/30/1993,266.797133,267.846748,267.846748,,0.215631,0.048808,0.038186,0.065185,0.065185,,0.065185,0.065185,0.065185,0.011852,0.011925,,0.3594,1.292446,,
12/31/1993,267.056994,266.932137,266.932137,,0.248887,0.064256,0.054276,0.082963,0.082963,,0.082963,0.082963,0.082963,0.011852,0.048821,,0.385764,1.367248,,
03/31/1994,267.303362,267.195372,267.195372,,0.258515,0.072606,0.06167,0.065185,0.065185,0.065185,0.065185,0.065185,0.065185,0.011852,0.038837,,0.330901,1.42149,,
06/30/1994,267.438366,267.360758,267.360758,,0.318469,0.128766,0.117448,0.100741,0.100741,,0.100741,0.100741,0.100741,0.014815,0.073956,,0.349438,1.511358,,
09/30/1994,267.69488,267.543011,267.543011,,0.358869,0.138225,0.127101,0.106667,0.106667,,0.106667,0.106667,0.106667,0.014815,0.190171,,0.509711,1.604136,,
12/31/1994,267.816364,267.758995,267.758995,,0.389421,0.141493,0.129445,0.118519,0.118519,,0.118519,0.118519,0.118519,0.044444,0.134266,,0.565649,1.680678,,
03/31/1995,268.295635,268.005365,268.005365,,0.413014,0.154355,0.1414,0.124444,0.124444,0.124444,0.124444,0.124444,0.124444,0.009876,0.111669,,0.670361,1.799239,,
06/30/1995,268.400253,268.346257,268.346257,,0.406907,0.148472,0.135597,0.124444,0.124444,,0.124444,0.124444,0.124444,0.031605,0.098034,0.07876,0.71649,1.909305,,
09/30/1995,266.996252,268.467751,268.467751,,0.363973,0.119307,0.110844,0.111111,0.111111,,0.111111,0.111111,0.111111,0.017778,0.062451,0.01833,0.674489,2.015586,,
12/31/1995,268.721998,268.623001,268.623001,,0.339952,0.085197,0.06941,0.08,0.08,,0.08,0.08,0.08,0.017778,0.109797,0.078426,0.768813,2.07098,,
03/31/1996,274.117504,270.535498,270.535498,,0.349803,0.069747,0.056876,0.066667,0.066667,0.066667,0.066667,0.066667,0.066667,0.017778,0.0111,-0.010986,0.69109,2.24882,,
06/30/1996,274.239006,274.202991,262.705507,,0.375108,0.057848,0.041803,0.053333,0.053333,0.053333,0.048889,0.048889,0.048889,0.017778,0.108209,0.0758,0.719602,2.281032,,
09/30/1996,274.261494,274.256996,274.256996,,0.397368,0.073238,0.056243,0.062222,0.062222,0.062222,0.062222,0.062222,0.062222,0.017778,-0.008492,-0.029308,0.579607,2.325562,,
12/31/1996,274.416744,274.311001,274.311001,,0.415517,0.079949,0.061649,0.066667,0.066667,0.066667,0.066667,0.066667,0.066667,0.017778,0.072903,0.0515,0.607806,2.371827,,
03/31/1997,274.639491,274.563,274.563,,0.432276,0.065843,0.053274,0.048889,0.048889,0.048889,0.048889,0.048889,0.048889,0.035556,0.001606,-0.023015,0.509876,2.402204,2.402204,
06/30/1997,274.657499,276.837753,274.646255,,0.397559,0.078374,0.059637,0.062222,0.062222,0.062222,0.057778,0.057778,0.057778,0.017778,-0.008808,-0.031845,0.451679,2.448967,,
09/30/1997,274.688999,276.979494,274.565248,,0.463034,0.064498,0.044893,0.111111,0.111111,0.111111,0.111111,0.111111,0.111111,0.017778,-0.016604,-0.034338,0.407137,2.546422,,
12/31/1997,274.806004,277.679255,274.785748,,0.471338,0.111956,0.092108,0.08,0.08,0.08,0.08,0.08,0.08,0.017778,0.152322,0.121364,0.486241,2.606122,,
03/31/1998,274.949993,277.371002,274.850996,,0.592186,0.178406,0.157576,0.115556,0.115556,0.115556,0.115556,0.115556,0.115556,0.017778,0.06466,0.03137,0.453621,2.707638,,
06/30/1998,275.32575,279.1755,275.16375,,0.605886,0.187485,0.167395,0.124444,0.124444,0.124444,0.124444,0.124444,0.124444,0.017778,0.162387,0.142653,0.570561,2.813776,2.353031,
09/30/1998,275.5395,278.57025,275.418,,0.644809,0.202794,0.182366,0.133333,0.133333,0.133333,0.133333,0.133333,0.133333,0.017778,0.044333,0.034624,0.559553,2.929932,2.425975,
12/31/1998,289.9935,293.26275,289.449,,0.643274,0.204858,0.177769,0.026667,0.026667,0.133333,0.026667,0.026667,0.133333,0.017778,0.177088,0.166161,0.707516,3.530941,2.399133,
03/31/1999,290.43,293.40225,290.22525,,0.656793,0.198615,0.171339,0.124444,0.124444,0.124444,0.12,0.12,0.12,0.017778,0.190535,0.171691,0.894264,3.649434,2.492518,
06/30/1999,290.58975,293.19525,290.556,,0.609504,0.18933,0.159494,0.111111,0.111111,0.111111,0.111111,0.111111,0.111111,0.017778,0.153561,0.134852,0.996033,3.744495,2.591,
09/30/1999,290.68875,292.824,290.6595,,0.66913,0.239648,0.208006,0.128889,0.128889,0.128889,0.124444,0.124444,0.124444,0.017778,0.081783,0.057431,1.01167,3.856671,2.72078,
12/31/1999,290.799,292.5585,290.772,,0.701158,0.233245,0.200666,0.137778,0.137778,0.137778,0.137778,0.137778,0.137778,0.017778,0.192439,0.160614,1.14542,3.981685,2.863301,
03/31/2000,291.11625,293.43375,290.99475,,0.737759,0.228197,0.198663,0.155556,0.155556,0.155556,0.151111,0.151111,0.151111,0.017778,-0.016206,-0.04175,1.040993,4.13485,2.993924,
06/30/2000,280.5345,291.8115,289.57725,,0.577583,0.101324,0.066849,-0.262222,-0.262222,0.062222,-0.262222,-0.262222,0.057778,0.017778,0.154487,0.124001,0.854711,3.675584,2.512023,
09/30/2000,280.74375,282.7215,280.62,,0.73963,0.181092,0.145652,0.12,0.12,0.12,0.12,0.12,0.12,0.017778,0.026196,0.001479,0.908031,3.784633,2.645893,
12/31/2000,280.87875,283.509,280.82025,,0.79495,0.212631,0.173328,0.133333,0.133333,0.133333,0.133333,0.133333,0.133333,0.017778,-0.067752,-0.082405,0.877069,3.900452,2.795466,
03/31/2001,281.1555,282.67425,281.043,,0.884733,0.24587,0.205211,0.151111,0.151111,0.151111,0.146667,0.146667,0.146667,0.017778,0.120821,0.1035,1.013311,4.028148,2.981098,
06/30/2001,281.55825,284.3415,281.31975,,0.845774,0.268054,0.228704,0.182222,0.182222,0.182222,0.177778,0.177778,0.177778,0.017778,0.20492,0.193563,1.217542,4.206213,3.170768,
09/30/2001,282.318669,286.5105,282.087,,1.015034,0.395718,0.351799,0.226667,0.226667,0.226667,0.222222,0.222222,0.222222,0.017778,0.45006,0.43628,1.621582,4.415269,3.396474,
12/31/2001,282.680651,431.631,423.873,,0.701132,0.311619,0.282979,0.182222,0.182222,0.182222,0.182222,0.182222,0.182222,0.013333,0.284522,0.268248,2.071104,4.693929,3.701233,
03/31/2002,284.37075,287.7075,283.7385,,0.99598,0.433004,0.393514,0.235556,0.235556,0.235556,0.235556,0.235556,0.235556,0.017778,0.129764,0.106358,2.1699,4.931024,3.977628,
06/30/2002,281.95425,285.64875,283.392,,0.972056,0.369915,0.333993,0.217778,0.217778,0.217778,0.217778,0.217778,0.217778,0.017778,0.076438,0.056106,2.108477,5.052575,4.103219,
09/30/2002,275.59575,641.808,634.644,,0.503493,0.180358,0.165439,0.106667,0.106667,0.106667,0.106667,0.106667,0.106667,0.008889,0.162367,0.150697,2.477665,5.330728,4.376573,
12/31/2002,412.690471,419.8365,414.783,,0.772679,0.272854,0.247582,0.164444,0.164444,0.164444,0.164444,0.164444,0.164444,0.022222,0.310247,0.288493,1.715479,3.519597,2.893835,
03/31/2003,271.761,278.5305,273.177,,1.294714,0.438284,0.40003,0.273333,0.273333,0.273333,0.266667,0.266667,0.266667,0.022,0.216486,0.178291,2.527243,5.322073,4.391708,
06/30/2003,268.353,276.1275,270.2205,,1.226435,0.427695,0.389482,0.313333,0.313333,0.26,0.306667,0.306667,0.253333,0.022,0.113163,0.077511,2.399824,5.462436,4.53746,
09/30/2003,403.701932,276.4245,268.644,,1.340287,0.539372,0.499457,0.34,0.34,0.34,0.33,0.33,0.33,0.022,0.16045,0.020961,1.581246,3.798161,3.190495,
12/31/2003,268.184053,276.881,268.56,,1.30245,0.500752,0.457302,0.32,0.32,0.31,0.31,0.31,0.3,0.03,0.503805,0.347892,2.611721,5.9302,5.0266,
03/31/2004,268.423,275.838,268.301,,1.242496,0.407799,0.364546,0.28,0.28,0.25,0.27,0.27,0.25,0.03,0.061845,-0.048002,2.559982,6.183479,5.299874,
06/30/2004,268.694291,275.409,268.553,,1.262365,0.415088,0.374272,0.31,0.31,0.248,0.3,0.3,0.24,0.03,0.555853,0.483242,3.02571,6.465787,5.594425,
09/30/2004,269.117354,272.93,268.945,,1.14133,0.314603,0.273376,0.18,0.18,0.18,0.18,0.18,0.18,0.03,0.03062,-0.0389,2.970719,6.629283,5.775785,
12/31/2004,269.241972,273.139,269.165,,1.081017,0.224245,0.181978,0.13,0.13,0.13,0.13,0.13,0.13,0.03,0.240418,0.147508,3.102284,6.741245,5.902397,
03/31/2005,269.305081,273.003,269.276,,1.175133,0.240805,0.197452,0.14,0.14,0.19,0.14,0.14,0.19,0.03,-0.068747,-0.171025,3.000615,6.854442,6.026117,
06/30/2005,,273.262,269.445,,1.200163,,0.265602,0.16,0.16,0.19,0.16,0.16,0.19,0.06,,,,,,
09/30/2005,215.129564,229.259,225.042,,1.324171,0.400436,0.345233,0.16,0.16,0.2187,0.16,0.16,0.2176,0.06,0.393891,0.277597,2.935501,3.861213,2.853043,
12/31/2005,210.155547,218.705,213.351,,1.458845,0.464193,0.411669,0.23,0.23,0.26,0.22,0.22,0.25,0.06,0.574977,0.455212,2.651074,3.613885,2.605932,
03/31/2006,210.17882,215.61,209.717,,1.547543,0.499802,0.444046,0.27,0.27,0.27,0.27,0.27,0.27,0.06,0.471164,0.343258,2.465172,3.747528,2.757067,
06/30/2006,210.811102,214.791,209.955,,1.696268,0.614113,0.557972,0.36,0.36,0.36,0.35,0.35,0.35,0.06,0.442423,0.310409,2.693995,4.129541,-1.409005,
06/30/2007,248.749194,251.604,248.477,,2.198678,0.865038,0.756907,0.32,0.32,0.44,0.32,0.32,0.44,0.06,0.340277,0.228118,5.991746,6.934611,3.099198,
09/30/2007,248.834699,250.5,248.66,,1.918648,0.476108,0.366155,0.6,0.6,0.42,0.6,0.6,0.42,0.0,0.016782,-0.101774,5.102158,7.582025,3.766975,
12/31/2007,304.375167,274.313,274.313,,4.211791,,-0.001352,-5.04,-5.04,0.11,-5.04,-5.04,0.11,0.0,,,1.890966,11.181681,-11.273098,
03/31/2008,304.475269,304.181,304.181,,3.532308,-0.858127,-1.221431,-1.47,-1.47,-0.6473,-1.47,-1.47,-0.6473,0.0,1.086547,0.937034,2.454521,10.361199,-11.431618,
06/30/2008,304.509896,304.284,304.284,,3.953944,0.603633,0.243194,-0.05,-0.05,0.189464,-0.05,-0.05,0.189464,0.0,-0.552957,-0.636665,1.747017,10.273834,-11.158202,
09/30/2008,304.725952,458.35,304.449,,5.44212,2.195563,1.842121,0.6,0.6,0.6,0.47,0.47,0.47,,0.285506,0.184507,2.309209,9.772338,-9.788205,
12/31/2008,304.732621,304.525,304.525,,3.950924,0.488026,0.167894,-0.13,-0.13,0.26,-0.13,-0.13,0.26,0.0,0.444213,0.235974,1.966993,9.04617,-9.37897,
03/31/2009,304.944273,458.049,304.578,,3.972437,1.057128,0.746413,0.23,0.23,0.212703,0.23,0.23,0.212703,0.0,0.414757,0.312669,1.618109,8.580938,-8.830774,
06/30/2009,305.120615,313.177,307.982,,4.113802,0.887834,0.567283,0.19,0.19,0.222341,0.19,0.19,0.222341,0.0,0.681501,0.610351,1.50627,9.487995,-8.893021,
09/30/2009,305.546917,305.285,305.285,,4.140636,0.54004,0.200724,-0.13,-0.13,0.144466,-0.13,-0.13,0.144466,0.0,0.688976,0.590288,2.024059,10.007514,-8.917642,
12/31/2009,306.48474,309.396,305.797,,4.420635,0.537049,0.196274,0.01,0.01,0.237847,0.01,0.01,0.231683,0.0,0.191385,-0.041668,1.331469,10.212828,-8.437676,
03/31/2010,308.485236,311.948,306.996,,4.209742,0.980381,0.646611,0.2,0.2,0.226358,0.2,0.2,0.226358,0.0,0.783961,0.718299,1.787541,10.262002,-7.812147,
06/30/2010,309.353666,314.407,308.968,,4.429378,0.961436,0.629793,0.17,0.17,0.244469,0.16,0.16,0.236538,0.0,0.383412,0.276145,2.693396,9.586484,-7.427703,
09/30/2010,309.626305,437.921,309.446,,4.379158,1.096337,0.757218,0.35,0.35,0.385636,0.33,0.33,0.354912,0.0,1.220934,1.082072,2.070331,11.397798,-8.403188,
12/31/2010,436.110462,376.876,372.401,,3.852028,0.556094,0.252883,0.01,0.01,0.262747,0.01,0.01,0.262747,0.0,0.522168,0.249696,1.584775,8.259098,-5.729294,
03/31/2011,438.283123,448.473,437.148,,3.314571,0.757698,0.484218,0.24,0.24,0.300616,0.23,0.23,0.290736,0.0,-0.104267,-0.198832,1.457896,8.906836,-5.171244,
06/30/2011,426.155443,445.391,433.236,,3.63284,0.936665,0.647386,0.34,0.34,0.364908,0.33,0.33,0.356146,0.0,0.436081,0.274335,1.093822,9.078305,-5.477837,
09/30/2011,426.485111,431.587,426.412,,3.695384,0.955606,0.623594,0.37,0.37,0.392515,0.36,0.36,0.384735,0.0,0.663659,0.529842,1.2734,8.163373,-5.400899,
12/31/2011,426.678437,429.691,426.56,,3.589727,0.871233,0.579979,0.3,0.3,0.327317,0.3,0.3,0.323574,0.0,0.689436,0.422712,0.950932,8.183622,-6.226954,
03/31/2012,428.432042,432.365,427.251,,3.706615,0.875843,0.586395,0.3,0.3,0.361916,0.3,0.3,0.359094,0.0,-0.250607,-0.33427,0.674737,8.789863,-5.653849,
06/30/2012,405.838727,424.394,420.281,,4.01592,0.91475,0.622134,0.33,0.33,0.432109,0.33,0.33,0.431456,0.0,0.720149,0.569838,0.85396,7.848411,-6.835503,
09/30/2012,407.345886,411.562,406.469,,4.432776,1.244533,0.823408,0.52,0.52,0.620007,0.51,0.51,0.609029,0.0,1.137523,0.987453,0.898489,8.860998,-5.680025,
12/31/2012,395.205176,412.62,406.84,,4.234721,0.962128,0.645585,0.4,0.4,0.488932,0.39,0.39,0.479557,0.0,0.715409,0.358001,0.885537,8.453123,-6.071262,
03/31/2013,381.023937,399.0,393.2,,4.149288,0.871567,0.543744,0.27,0.27,0.441163,0.27,0.27,0.43683,0.0,0.222787,0.087742,0.77271,7.536209,-7.048035,
06/30/2013,381.701965,387.1,381.2,,4.464061,1.119544,0.809811,0.47,0.47,0.515566,0.46,0.46,0.508653,0.0,0.489192,0.298788,0.72669,7.672428,-6.295771,
09/30/2013,382.727742,395.5,382.1,,4.625491,1.221387,0.889296,0.42,0.42,0.536561,0.4,0.4,0.516612,0.0,1.085219,0.789825,0.953472,8.401061,-5.579034,
12/31/2013,371.60413,396.2,376.8,,4.799628,1.102176,0.725053,0.48,0.48,0.648915,0.45,0.45,0.61232,0.0,1.109076,0.854034,0.783899,7.916489,-10.539711,
03/31/2014,373.465707,396.7,372.3,,4.608112,1.005103,0.641955,0.31,0.31,0.473077,0.29,0.29,0.441819,0.0,0.720118,0.52592,0.650662,8.499576,-9.76743,
06/30/2014,373.967554,397.4,373.8,,4.915195,0.950508,0.604869,0.34,0.34,0.510956,0.32,0.32,0.485564,0.0,0.479936,0.263242,0.518494,8.915212,-9.29225,
09/30/2014,374.160841,397.3,374.1,,5.570703,1.680567,1.323176,1.33,1.33,1.114942,1.26,1.26,1.053607,0.0,1.178027,0.998931,0.53346,9.053593,-8.932255,
12/31/2014,375.223307,400.6,374.6,,5.559797,1.497597,1.047784,0.51,0.51,0.797499,0.47,0.47,0.743448,0.0,0.33796,0.057662,0.600975,8.677233,-8.369683,
03/31/2015,489.493548,443.8,418.0,,4.477751,0.799761,0.3811,0.14,0.14,0.455148,0.13,0.13,0.431154,0.0,0.638756,0.523684,0.5663,18.536097,-5.74696,
06/30/2015,491.39766,521.9,490.1,,4.839216,1.092226,0.564375,0.34,0.34,0.575192,0.32,0.32,0.538627,0.0,0.234034,0.083248,0.894795,19.470789,-5.02831,
09/30/2015,491.736385,514.0,490.5,,5.494801,1.750866,1.225484,0.87,0.87,1.104505,0.83,0.83,1.050155,0.0,1.98736,1.813456,1.193729,19.957034,-4.473739,
12/31/2015,490.616902,509.8,490.2,,5.080987,1.559772,0.864749,0.4,0.4,0.662212,0.38,0.38,0.635034,0.0,1.330069,1.012648,2.519277,19.90229,-5.783739,
03/31/2016,491.359852,509.6,489.8,,4.473867,0.822172,0.215598,0.03,0.03,0.356519,0.03,0.03,0.34539,0.0,0.164353,0.058595,2.440981,20.908098,-5.234249,
06/30/2016,508.420735,509.7,504.4,,5.076725,2.005155,0.814631,0.33,0.33,0.932646,0.33,0.33,0.922557,0.0,0.985527,0.608446,12.513062,20.317621,-6.327043,
09/30/2016,535.073254,523.6,523.6,,5.838617,0.601986,-0.249618,-0.23,-0.23,0.999079,-0.23,-0.23,0.99788,0.0,2.292972,2.066654,2.348463,22.104076,-25.079183,
12/31/2016,535.328098,536.5,534.1,,6.11833,1.483617,0.591275,0.78,0.78,1.257823,0.78,0.78,1.254004,0.0,0.654372,0.37184,2.022124,20.765209,-23.468785,
03/31/2017,535.926732,536.9,534.5,,5.087933,1.203368,0.426006,0.12,0.12,0.396046,0.12,0.12,0.390603,0.0,0.847334,0.738073,1.350558,21.749242,-22.592827,
06/30/2017,536.122277,537.0,535.0,,5.536822,1.672897,0.885607,0.56,0.56,0.623154,0.55,0.55,0.617761,0.0,1.061308,0.966168,1.143023,23.936517,-22.700232,
09/30/2017,536.349677,537.0,535.2,,5.581278,1.419283,0.591368,0.17,0.17,0.443677,0.16,0.16,0.437758,0.0,1.025037,0.937033,1.146454,24.781594,-22.305597,
12/31/2017,524.207175,535.7,533.3,,6.073317,1.774798,0.788487,0.46,0.46,1.01788,0.46,0.46,1.017281,0.0,0.929121,0.646728,0.703539,25.386146,-23.166222,
03/31/2018,515.370894,516.8,514.4,,5.218701,1.271773,0.302683,0.17,0.17,0.39912,0.17,0.17,0.398729,0.0,1.208787,1.149106,0.758483,25.567412,-23.651316,
06/30/2018,515.520656,516.3,514.4,,5.45937,1.323484,0.347784,0.07,0.07,0.418845,0.07,0.07,0.414671,0.0,0.836314,0.748445,0.688042,23.682271,-22.937393,
09/30/2018,515.613237,516.5,514.5,,5.56346,1.630321,0.657337,0.34,0.34,1.263318,0.34,0.34,1.256316,0.0,1.27036,1.150826,0.920263,23.401649,-23.213911,
12/31/2018,515.798798,516.5,514.6,,5.982705,1.635639,0.45239,0.1,0.1,0.402375,0.1,0.1,0.401766,0.0,1.236106,1.013214,0.800894,23.588849,-21.801718,
03/31/2019,516.452477,515.0,515.0,,4.845631,1.065437,0.046602,-0.05,-0.05,0.185257,-0.05,-0.05,0.183801,0.0,-0.077087,-0.180194,0.495108,23.025545,-20.663663,
06/30/2019,515.861922,515.5,515.5,,5.531523,1.201358,0.185257,-0.33,-0.33,0.162084,-0.33,-0.33,0.158951,0.0,1.297575,1.211639,0.46117,23.073616,-20.394605,
09/30/2019,516.141427,516.2,516.0,,5.739729,1.578488,0.627326,0.37,0.37,0.5331,0.37,0.37,0.5331,0.0,0.945349,0.863566,0.747276,22.209804,-18.886296,
12/31/2019,516.148797,516.6,516.1,,6.18446,1.627398,0.527611,0.04,0.04,0.498297,0.04,0.04,0.498132,0.0,1.330556,1.140864,0.973363,23.023981,-18.127912,
03/31/2020,516.94422,517.0,516.4,,5.072037,1.161309,0.357668,0.04,0.04,0.318654,0.04,0.04,0.318053,0.0,0.56371,0.479667,1.178657,21.78707,-17.624532,
06/30/2020,516.947234,517.2,516.9,,5.283807,1.063842,0.259625,0.08,0.08,0.525539,0.08,0.08,0.525539,0.0,0.734185,0.648094,0.700652,22.722242,-16.893407,
09/30/2020,,,,,,,,0.453,0.453,1.164,0.453,0.453,1.164,,1.555,,,22.795,,
12/31/2020,,,,,,,,0.665,0.665,1.327,0.665,0.665,1.327,,0.91,,,23.49,,
