Date,Basic Shares Outstanding,Diluted Weighted Avg Shares,Basic Weighted Avg Shares,Per Share Data Items,Revenue,EBITDA,Operating Income,Net Income to Common - Basic,Net Income before XO - Basic,Normalized Net Income - Basic,Net Income to Common - Diluted,Net Income before XO - Diluted,Normalized Net Income - Diluted,Dividends,Cash Flow,Free Cash Flow,Cash & Equivalents,Book Value,Tangible Book Value,Source: Bloomberg
12/31/1989,,45.773998,45.773998,,0.722615,,,0.0,,,0.0,,,,,,,,,
03/31/1990,46.506924,46.105999,46.105999,,0.709712,0.040559,-0.033206,-0.05,-0.05,,-0.05,-0.05,-0.05,,-0.042077,,0.057712,2.729701,,
06/30/1990,46.62648,46.490002,46.490002,,0.709056,0.023446,-0.052936,-0.07,-0.07,,-0.07,-0.07,-0.07,,0.081372,,0.0,2.669728,,
09/30/1990,66.657349,54.875999,54.875999,,0.583643,0.067334,-0.000838,-0.015,-0.015,,-0.015,-0.015,-0.015,,0.02369,,0.568879,2.612585,,
12/31/1990,66.667999,66.657997,66.657997,,0.504651,-0.019803,-0.054427,-0.045,-0.045,,-0.045,-0.045,-0.045,,-0.010876,,0.73149,2.566719,,
03/31/1991,66.798637,66.725998,66.725998,,0.603348,0.045844,-0.019333,-0.06,-0.06,,-0.06,-0.06,-0.06,,-0.081647,,0.312432,2.509138,,
06/30/1991,67.797928,66.995995,66.995995,,0.711401,0.130575,0.051734,-0.005,-0.005,,-0.005,-0.005,-0.005,,0.080676,,0.251202,2.452745,,
09/30/1991,67.906288,69.015999,69.015999,,0.692868,0.118726,0.029674,0.055,-0.015,,0.055,-0.015,-0.015,,0.092355,,0.42245,2.526467,,
12/31/1991,67.463997,67.311996,67.311996,,0.618597,-0.063807,-0.125134,-0.155,-0.155,,-0.155,-0.155,-0.155,,-0.01444,,0.831866,3.369456,,
03/31/1992,67.854012,67.585999,67.585999,,0.530687,0.031959,-0.030228,-0.115,-0.075,-0.075,-0.115,-0.075,-0.075,,0.238289,,0.882114,3.234179,,
06/30/1992,68.047401,67.874001,67.874001,,0.484339,0.030041,-0.035463,-0.055,-0.06,-0.06,-0.055,-0.06,-0.06,,-0.068539,,0.763291,3.153258,,
09/30/1992,68.575859,68.122002,68.122002,,0.489064,0.045551,-0.02155,-0.05,-0.045,-0.045,-0.05,-0.045,-0.045,,0.010422,,0.542684,3.100873,,
12/31/1992,68.596001,68.528,68.528,,0.549498,0.086972,0.021758,-0.045,-0.045,-0.035,-0.045,-0.045,-0.035,,0.019306,,0.400796,3.043005,,
03/31/1993,68.932289,69.424004,69.424004,,0.751498,0.139102,0.073001,-0.025,-0.025,-0.025,-0.025,-0.025,-0.025,,0.077149,,0.305169,3.059959,,
06/30/1993,69.458,69.984001,69.984001,,0.564172,0.130944,0.069816,0.035,0.035,0.035,0.035,0.035,0.035,,0.128301,,0.308546,3.082726,,
09/30/1993,95.585999,127.788002,127.788002,,0.496377,0.132681,0.050153,0.035,0.035,0.035,0.035,0.035,0.035,,0.100667,,0.255958,2.293913,,
12/31/1993,95.096001,152.233994,152.233994,,0.718926,0.143115,0.080889,0.065,0.05,0.05,0.065,0.05,0.05,0.0,0.049917,,0.444635,3.427726,,
03/31/1994,96.781998,153.856003,153.856003,,0.512954,0.128841,0.067108,0.03,0.03,,0.03,0.03,0.03,,0.117051,,0.460282,3.394123,,
06/30/1994,97.213997,154.641998,154.641998,,0.566437,0.106304,0.042867,0.06,0.06,,0.06,0.06,0.06,,0.144611,,0.59476,3.466754,,
09/30/1994,155.621994,155.787994,155.787994,,0.629445,0.108898,0.013904,-0.005,-0.005,,-0.005,-0.005,-0.005,,0.172305,,0.946762,3.402977,,
12/31/1994,155.651993,156.647995,156.647995,,0.558015,0.082012,0.047463,-0.03,-0.03,,-0.03,-0.03,-0.03,,0.073036,,0.927229,3.344622,,
03/31/1995,166.352005,160.132004,160.132004,,0.531412,0.067376,0.012209,-0.03,-0.03,,-0.03,-0.03,-0.03,,0.021713,-0.078716,0.76156,3.117877,,
06/30/1995,188.873993,177.037994,177.037994,,0.417905,0.049142,-0.001734,-0.035,-0.035,,-0.035,-0.035,-0.035,,-0.01289,-0.073589,0.544617,2.725066,,
09/30/1995,189.031998,190.973999,190.973999,,0.443265,0.064024,0.016463,0.005,0.005,,0.005,0.005,0.005,,0.093542,-0.091814,0.455082,2.730379,,
12/31/1995,188.966003,190.863998,190.863998,,0.441335,0.10191,0.05178,0.015,0.015,,0.015,0.015,0.015,,0.054615,-0.0972,0.341167,2.749002,,
03/31/1996,189.341995,191.563995,191.563995,,0.546851,0.120419,0.073803,0.05,0.05,,0.05,0.05,0.05,,0.094151,-0.125989,0.254413,2.785467,,
06/30/1996,243.699997,193.455994,193.455994,,0.566982,0.148644,0.100297,0.075,0.075,0.075,0.075,0.075,0.075,,0.135524,-0.040144,0.19414,2.227497,,
09/30/1996,244.645996,247.509995,247.509995,,0.638649,0.182364,0.123292,0.095,0.095,0.095,0.095,0.095,0.095,,0.206464,-0.017082,0.707635,3.620844,,
12/31/1996,264.627991,249.617996,249.617996,,0.56782,0.147093,0.069955,0.1,0.1,,0.1,0.1,0.1,,0.172355,-0.169775,0.647932,3.496414,,
03/31/1997,264.90659,267.496002,264.306,,0.638332,0.20068,0.134182,0.085,0.09,0.09,0.08,0.085,0.085,0.0,0.137061,-0.054603,0.44128,3.581583,,
06/30/1997,263.072628,269.13,269.13,,0.68737,0.240066,0.168331,0.58,0.6,-0.125,0.58,0.6,-0.125,0.0,0.303381,0.029473,1.124389,4.213966,4.213966,
09/30/1997,262.628186,266.26001,262.764008,,0.653194,0.237175,0.166107,0.125,0.125,0.125,0.125,0.125,0.125,0.0,0.079041,-0.405284,0.512348,4.196541,4.196541,
12/31/1997,262.68399,265.862,262.34201,,0.716058,0.310152,0.224897,0.17,0.17,0.18,0.17,0.17,0.17,0.0,0.24898,-0.28249,0.25273,4.374283,,
03/31/1998,262.568154,265.082,262.100006,,0.721236,0.32454,0.253014,0.175,0.175,0.175,0.175,0.175,0.175,0.0,0.245486,-0.289542,0.182905,4.572862,,
06/30/1998,262.556808,265.03601,262.466004,,0.823832,0.34401,0.267863,0.19,0.19,0.19,0.19,0.19,0.19,0.0,0.313823,-0.17118,0.203171,4.761514,,
09/30/1998,262.155458,263.471984,262.604004,,0.74275,0.241729,0.184312,0.125,0.125,0.125,0.125,0.125,0.125,0.0,0.338818,-0.25623,0.164463,4.880486,4.880486,
12/31/1998,262.201996,263.64801,262.253998,,0.716588,0.238814,0.170636,0.125,0.125,0.13,0.125,0.125,0.13,0.0,0.104441,-0.340857,0.804769,4.997952,4.997952,
03/31/1999,262.719962,263.731994,262.303986,,0.686684,0.218998,0.146208,0.06,0.1,0.1,0.06,0.1,0.1,0.0,0.268421,-0.23228,1.121491,5.047846,,
06/30/1999,263.58097,264.682006,262.671998,,0.668023,0.237993,0.158879,0.105,0.105,0.105,0.105,0.105,0.105,0.0,0.250324,-0.224477,0.780144,5.13185,,
09/30/1999,262.877438,265.921998,263.358002,,0.671424,0.247545,0.155963,0.095,0.095,0.095,0.095,0.095,0.095,0.0,0.201141,-0.16656,0.568455,5.190792,,
12/31/1999,263.764008,266.119996,263.596008,,0.658155,0.227796,0.132999,0.06,0.06,0.085,0.06,0.06,0.08,0.0,0.238429,-0.022534,0.503583,5.300352,5.300352,
03/31/2000,267.171134,269.243988,264.828002,,0.697883,0.276074,0.176522,0.095,0.095,0.095,0.095,0.095,0.095,0.0,0.098589,-0.130628,0.216577,5.407837,,
06/30/2000,266.782934,271.231994,267.201996,,0.863482,0.364017,0.259732,0.16,0.16,0.16,0.16,0.16,0.16,0.0,0.388897,0.326562,0.474727,5.61401,,
09/30/2000,268.577856,271.838012,267.556,,0.844227,0.372057,0.266471,0.165,0.165,0.165,0.165,0.165,0.165,0.0,0.308178,0.269159,0.7398,5.785857,,
12/31/2000,267.182006,271.309998,267.850006,,0.900426,0.408762,0.303076,0.195,0.195,0.195,0.19,0.19,0.19,0.0,0.365201,0.22557,0.648378,5.901292,5.901292,
03/31/2001,268.193662,271.093994,267.338012,,0.831872,0.414266,0.309758,0.205,0.205,0.205,0.2,0.2,0.2,0.0,0.375274,0.30102,0.823013,6.150943,,
06/30/2001,263.97704,270.914002,267.73001,,0.921249,0.472543,0.363792,0.255,0.255,0.255,0.25,0.25,0.25,0.0,0.32643,0.227759,0.828102,6.338343,,
09/30/2001,264.4992,265.618,264.106,,1.032888,0.53619,0.42141,0.29,0.295,0.295,0.29,0.295,0.295,0.0,0.490523,0.314749,0.80015,6.503672,,
12/31/2001,264.029998,265.764008,264.112,,0.986324,0.469452,0.351298,0.24,0.24,0.24,0.24,0.24,0.24,0.0,0.506512,0.350953,1.05407,6.735291,6.735291,
03/31/2002,268.904,266.582,264.142,,0.915167,0.405956,0.267299,0.195,0.195,0.195,0.195,0.195,0.195,0.0,0.248385,-0.164449,0.841613,6.863104,6.863104,
06/30/2002,268.426,268.264,265.014,,0.9571,0.439841,0.295358,0.215,0.215,0.215,0.215,0.215,0.215,0.0,0.455791,0.455791,0.950642,7.147672,7.147672,
09/30/2002,264.176,266.714,264.608,,0.906511,0.385427,0.237816,0.185,0.185,0.185,0.185,0.185,0.185,0.0,0.43233,0.199971,0.949878,7.373588,7.373588,
12/31/2002,263.486,266.058,263.87,,0.951631,0.392955,0.239489,0.195,0.195,0.195,0.195,0.195,0.195,0.0,0.547868,0.159067,1.007515,7.549585,7.549585,
03/31/2003,263.716,265.956,263.57,,0.929575,0.365694,0.207603,0.15,0.15,0.15,0.15,0.15,0.15,0.0,0.163638,0.103566,0.805518,7.70513,7.70513,
06/30/2003,263.89,265.77,263.76,,0.939945,0.389217,0.222437,0.165,0.165,0.165,0.165,0.165,0.165,0.0,0.281157,0.224985,0.728266,7.879359,7.879359,
09/30/2003,267.574,266.046,264.018,,0.964502,0.42849,0.254365,0.2,0.2,0.2,0.2,0.2,0.2,0.0,0.412229,0.35721,0.741458,7.987936,7.987936,
12/31/2003,267.788,266.282,264.234,,0.907552,0.333345,0.140485,0.115,0.115,0.106,0.115,0.115,0.1055,0.0,0.526745,0.271067,0.888176,8.134887,8.134887,
03/31/2004,266.308,267.654,265.252,,0.925282,0.336544,0.146434,0.105,0.105,0.105,0.105,0.105,0.105,0.0,0.232051,0.179757,1.059563,8.412597,8.412597,
06/30/2004,264.472,267.408,265.08,,0.954463,0.368734,0.175649,0.13,0.13,0.13,0.13,0.13,0.13,0.0,0.246126,0.113849,0.83343,8.457561,8.457561,
09/30/2004,267.452,267.62,265.038,,1.002264,0.364997,0.166071,0.115,0.115,0.135,0.115,0.115,0.135,0.0,0.323957,0.147884,0.71132,8.60824,8.60824,
12/31/2004,268.814,270.622,267.808,,1.128237,0.420241,0.215654,0.195,0.195,0.195,0.195,0.195,0.195,0.0,0.446458,0.24149,0.712679,8.8702,8.8702,
03/31/2005,271.31,273.162,270.418,,1.147575,0.423426,0.214945,0.17,0.17,0.17,0.165,0.165,0.165,0.01,0.264572,0.112626,0.723847,9.124102,9.124102,
06/30/2005,272.9,274.6,272.13,,1.264131,0.55579,0.337037,0.27,0.27,0.27,0.265,0.265,0.265,0.01,0.446195,0.297865,0.713041,9.381407,9.381407,
09/30/2005,273.832,276.226,273.416,,1.343027,0.570029,0.345916,0.28,0.28,0.28,0.275,0.275,0.275,0.01,0.530269,-0.193665,0.772408,9.700335,,
12/31/2005,274.018,276.404,273.944,,1.316324,0.558395,0.32269,0.37,0.37,0.37,0.365,0.365,0.365,0.02,0.697435,0.290136,0.606902,9.969177,9.969177,
03/31/2006,275.428,276.91,273.442,,1.689261,0.897251,0.680163,0.53,0.53,0.53,0.525,0.525,0.525,0.02,0.552596,0.182755,2.90115,10.566936,,
06/30/2006,273.602,276.594,273.6,,1.891499,1.044338,0.815738,0.655,0.655,0.665,0.65,0.65,0.66,0.02,0.802109,-0.542025,0.953951,11.061725,11.061725,
09/30/2006,271.172,273.996,271.33,,2.071227,1.185866,0.944241,0.765,0.765,0.765,0.755,0.755,0.755,0.02,1.196705,0.031099,0.625986,11.629471,,
12/31/2006,269.184,271.57,269.004,,2.077382,1.178622,0.933797,0.74,0.74,0.74,0.735,0.735,0.735,0.02,1.090887,-0.161555,0.229248,11.995486,11.995486,
03/31/2007,267.988,269.6,267.122,,2.419958,1.406721,1.165389,0.935,0.935,0.935,0.93,0.93,0.93,0.02,1.011695,0.125665,0.287748,12.60696,,
06/30/2007,268.34,268.74,265.928,,2.730059,1.633262,1.357537,1.09,1.09,1.13,1.08,1.08,1.12,0.02,1.360601,0.156106,0.568048,13.672542,13.672542,
09/30/2007,268.639,269.476,266.684,,2.967092,1.754552,1.48235,1.19,1.19,1.23,1.18,1.18,1.22,0.04,1.36235,-0.083001,0.560525,14.893899,,
12/31/2007,268.223,269.508,267.074,,3.113789,1.880857,1.571553,1.3,1.3,1.3,1.29,1.29,1.29,0.04,1.568809,0.278515,0.600463,16.062463,16.062463,
03/31/2008,268.683,268.578,266.451,,3.232958,2.061925,1.750802,1.44,1.44,1.47,1.43,1.43,1.46,0.04,1.849109,0.849042,1.189495,17.359736,17.359736,
06/30/2008,269.157,269.194,266.464,,3.050847,1.923187,1.593551,1.41,1.41,1.31,1.4,1.4,1.3,0.79,1.661823,0.625961,1.192479,17.993781,17.993781,
09/30/2008,263.807,267.041,264.746,,3.255879,2.15422,1.804182,1.44,1.44,1.48,1.43,1.43,1.47,0.04,1.496347,0.221084,0.809884,18.811844,,
12/31/2008,261.899,262.452,261.501,,3.480499,2.318894,1.962291,1.59,1.59,1.59,1.58,1.58,1.58,0.04,2.128202,0.785144,1.959958,20.201356,20.201356,
03/31/2009,261.25,259.83,259.266,,3.456493,2.341553,1.982909,1.58,1.58,1.614774,1.58,1.58,1.610105,0.04,2.113019,0.963701,1.96648,21.63657,,
06/30/2009,261.404,259.326,258.487,,3.477436,2.264056,1.879445,1.5,1.5,1.542391,1.49,1.49,1.532468,,1.74324,0.599218,2.568515,23.191286,,
09/30/2009,261.825,258.838,257.913,,3.511397,2.356058,1.955749,1.63,1.63,1.639748,1.63,1.63,1.635213,0.09,2.003676,0.671664,2.88778,24.508508,,
12/31/2009,261.974,257.597,256.507,,3.665109,2.413521,1.974285,1.72,1.72,1.721777,1.72,1.72,1.71946,0.049421,2.422948,0.248262,2.807504,25.912617,25.912617,
03/31/2010,261.926,256.221,255.122,,3.295878,2.112001,1.657877,1.44,1.44,1.44,1.43,1.43,1.43,0.046215,1.975267,0.860945,3.236448,26.933321,,
06/30/2010,261.246,255.024,254.224,,2.792506,1.552859,1.05634,0.85,0.85,0.85,0.85,0.85,0.85,0.04,2.008032,0.965798,4.145947,27.821946,,
09/30/2010,262.324,253.184,252.513,,2.426085,0.996539,0.429115,0.34,0.34,0.373414,0.34,0.34,0.373414,0.66,1.074293,-0.242989,1.399956,26.974257,,
12/31/2010,262.415,251.374,250.687,,2.568083,1.079745,0.463586,0.39,0.39,0.39,0.39,0.39,0.39,0.13,1.470675,-0.13459,1.287545,27.296469,27.296469,
03/31/2011,262.446,251.801,251.026,,2.306088,0.973549,0.343646,0.22,0.22,0.160161,0.21,0.21,0.155269,0.14,0.345677,-2.103451,1.938231,27.399827,,
06/30/2011,262.668,252.068,251.368,,2.498317,0.963384,0.314459,0.21,0.21,0.172768,0.21,0.21,0.17,0.146528,-0.180285,-3.573398,0.878969,27.493688,,
09/30/2011,252.718,252.029,251.58,,2.933071,1.310895,0.650219,0.53,0.53,0.53,0.53,0.53,0.53,0.17,0.859098,-1.535452,0.779584,28.995857,,
12/31/2011,252.639,252.05,251.636,,2.984648,1.322498,0.642205,0.5,0.5,0.5,0.5,0.5,0.5,0.14,1.918056,-0.272008,0.94679,29.316618,29.316618,
03/31/2012,252.73,252.462,251.971,,3.165801,1.249033,0.570078,0.47,0.47,0.47,0.47,0.47,0.47,0.142685,0.399355,-1.554346,0.826336,29.67146,,
06/30/2012,253.076,252.745,252.387,,3.561685,1.696244,0.968731,0.63,0.63,0.588123,0.63,0.63,0.588123,0.139291,1.724811,0.409379,1.087788,29.628799,,
09/30/2012,253.299,252.974,252.657,,3.498941,1.480311,0.70817,0.45,0.45,0.45,0.45,0.45,0.45,0.13,1.565593,-0.880051,0.862487,30.126688,,
12/31/2012,253.348,252.975,252.722,,3.823834,1.683985,0.857614,0.5,0.5,0.504912,0.5,0.5,0.504912,0.13,1.781361,0.401564,1.113457,30.484417,30.484417,
03/31/2013,254.014,253.341,253.073,,3.836739,1.722614,0.908003,0.59,0.59,0.581753,0.59,0.59,0.581753,0.13,0.80037,-0.931549,0.844552,31.02155,,
06/30/2013,254.08,253.556,253.295,,4.016601,1.841525,1.002231,0.69,0.69,0.69,0.69,0.69,0.69,0.13,1.750974,-1.585278,0.654152,30.728377,,
09/30/2013,254.165,253.618,253.357,,2.528105,1.827299,0.944312,1.1,0.64,0.478122,1.1,0.64,0.478122,0.25,1.763322,-0.242997,0.701788,31.902736,,
12/31/2013,253.448,253.661,253.423,,2.861181,1.747454,0.812393,0.68,0.56,0.56,0.68,0.56,0.56,0.25,2.133441,-0.843534,0.451603,32.837438,32.837438,
03/31/2014,254.194,254.075,253.94,,3.131397,1.948779,0.980421,0.99,0.6,0.6,0.99,0.6,0.6,0.375,1.991793,-0.216555,0.451368,33.66738,,
06/30/2014,254.258,254.335,254.238,,4.878747,2.363809,1.363195,0.91,0.91,0.924263,0.91,0.91,0.924263,0.375,2.069034,-0.55618,0.552734,34.521938,,
09/30/2014,252.258,253.949,253.842,,3.265007,1.732235,0.959782,0.49,0.57,0.57,0.49,0.57,0.57,0.375,1.404318,-0.848043,0.270969,29.249114,,
12/31/2014,247.501,249.65,249.65,,3.223473,-1.500889,-2.170495,-2.44,-2.38,0.474905,-2.44,-2.38,0.474905,0.375,1.561827,0.322864,0.276807,26.524054,26.524054,
03/31/2015,241.962,242.685,242.685,,3.314346,1.806857,1.171721,0.72,0.72,0.72,0.72,0.72,0.72,0.375,1.518767,1.031234,0.339735,27.067953,,
06/30/2015,241.97,241.966,241.966,,3.279614,1.794765,1.137139,0.64,0.64,0.64,0.64,0.64,0.64,0.375,1.650215,1.276717,1.02361,27.403042,,
09/30/2015,241.97,241.97,241.97,,3.705711,2.358247,1.694313,1.32,1.32,0.706679,1.32,1.32,0.706679,0.375,2.001682,1.368525,0.679547,28.392069,,
12/31/2015,241.977,241.974,241.974,,3.54453,0.458363,-0.204485,-0.63,-0.63,0.521692,-0.63,-0.63,0.520855,0.15,2.118748,1.649016,2.116916,27.685396,27.685396,
03/31/2016,243.212,242.826,242.826,,2.520212,1.339144,0.722575,0.42,0.42,0.307475,0.42,0.42,0.307475,0.15,0.71013,0.342278,0.971161,27.841048,,
06/30/2016,243.218,243.217,243.217,,3.678949,2.469646,1.849024,1.28,1.28,1.294299,1.28,1.28,1.294299,0.02,2.823754,2.537652,3.383705,29.178297,,
09/30/2016,243.233,243.224,243.224,,1.583532,0.62919,-0.009078,-0.23,-0.23,-0.23,-0.23,-0.23,-0.23,0.02,0.415851,-1.534466,1.751621,28.96373,,
12/31/2016,243.239,243.238,243.238,,1.686233,-5.055756,-5.69365,-5.36,-5.36,-0.151469,-5.36,-5.36,-0.155192,0.0,0.671774,0.419075,2.983576,23.67499,23.67499,
03/31/2017,244.685,244.222,244.222,,1.486254,0.74187,0.186154,-1.24,-1.24,-0.170722,-1.24,-1.24,-0.175395,0.0,0.580918,0.423758,2.124245,22.316587,,
06/30/2017,244.903,244.828,244.828,,1.136071,0.933051,-0.179207,-0.38,-0.37,-0.37,-0.38,-0.37,-0.37,0.0,1.038627,0.762482,2.462105,21.953055,,
09/30/2017,244.965,244.94,244.94,,1.086846,0.330705,-0.231093,-0.4,-0.4,-0.356687,-0.4,-0.4,-0.361521,0.0,-0.396334,-0.396334,2.485102,21.58252,21.58252,
12/31/2017,244.971,244.97,244.97,,1.34541,0.113389,-0.450235,-0.1,-0.1,-0.293322,-0.1,-0.1,-0.293322,0.0,0.480038,0.341217,2.705745,21.5379,21.5379,
03/31/2018,261.246,246.175,246.175,,0.955243,0.291967,-0.231055,-0.58,-0.58,-0.550044,-0.58,-0.58,-0.551861,0.0,0.223065,0.085699,1.767216,19.093004,,
06/30/2018,246.76,246.74,246.74,,1.047131,-2.901536,-3.427114,-2.55,-2.55,-0.006959,-2.55,-2.55,-0.011514,0.0,-0.00413,-0.174585,1.66758,17.678035,,
09/30/2018,246.789,246.78,246.78,,1.132215,0.372903,-0.088512,-0.33,-0.33,-0.431968,-0.33,-0.33,-0.431968,0.0,-0.042864,-0.340518,1.322263,17.375029,,
12/31/2018,246.794,246.793,246.793,,1.255676,0.374731,-0.08811,-0.13,-0.13,-0.363722,-0.13,-0.13,-0.363722,0.0,0.520821,0.336659,1.520426,17.233689,17.233689,
03/31/2019,249.15,248.251,248.251,,1.139524,0.352969,-0.095919,-0.29,-0.27,-0.369658,-0.29,-0.27,-0.369658,0.0,-0.164249,-0.554149,0.750925,16.791114,16.791114,
06/30/2019,249.155,249.154,249.154,,1.175723,-0.023471,-0.476452,-0.61,-0.61,-0.61,-0.61,-0.61,-0.61,0.0,0.133704,-0.089294,0.61715,16.201357,,
09/30/2019,249.191,249.181,249.181,,1.105726,-2.10486,-2.568462,-1.79,-1.79,0.607145,-1.79,-1.79,0.602478,0.0,-0.096364,-0.378219,0.545738,14.421733,14.421733,
12/31/2019,249.2,249.198,249.198,,1.822198,0.911685,0.466541,-0.13,-0.13,-0.645583,-0.13,-0.13,-0.645583,0.0,0.87579,0.690411,0.419827,14.682873,14.682873,
03/31/2020,250.952,250.047,250.047,,1.125032,-4.114722,-4.529368,-4.25,-4.25,-0.344055,-4.25,-4.25,-0.344146,0.0,-0.003239,-0.149056,0.701038,10.346728,10.346728,
06/30/2020,251.041,250.978,250.978,,0.947964,-0.024257,-0.380324,-0.17,-0.17,-0.354677,-0.17,-0.17,-0.356558,0.0,0.195607,0.064544,0.761696,10.185468,,
09/30/2020,,,,,,,,-0.44,-0.44,-0.45,-0.44,-0.44,-0.45,,,,,9.99,,
12/31/2020,,,,,,,,-0.53,-0.53,-0.512,-0.53,-0.53,-0.512,,,,,9.56,,
