Date,Basic Shares Outstanding,Diluted Weighted Avg Shares,Basic Weighted Avg Shares,Per Share Data Items,Revenue,EBITDA,Operating Income,Net Income to Common - Basic,Net Income before XO - Basic,Normalized Net Income - Basic,Net Income to Common - Diluted,Net Income before XO - Diluted,Normalized Net Income - Diluted,Dividends,Cash Flow,Free Cash Flow,Cash & Equivalents,Book Value,Tangible Book Value,Source: Bloomberg
03/31/1990,23.85,23.875999,23.875999,,25.537444,4.824259,3.945468,2.2,2.2,,2.2,2.2,2.2,0.75,1.119953,,170.2852,39.4135,,
06/30/1990,23.8582,23.864,23.864,,25.278913,4.948332,4.068387,2.4,2.4,,2.4,2.4,2.4,0.75,1.089088,,175.38996,41.109012,,
09/30/1990,23.9136,23.8856,23.8856,,26.133945,4.885035,3.940994,2.35,2.35,,2.35,2.35,2.35,0.75,2.290125,,183.059979,42.532659,,
12/31/1990,23.664999,23.789301,23.789301,,28.438919,5.052566,4.044045,2.8,2.8,2.8,2.8,2.8,2.8,0.75,3.105136,,199.310425,44.268161,,
03/31/1991,23.6666,23.6798,23.6798,,27.615942,4.74058,3.82972,2.25,2.25,,2.25,2.25,2.25,0.75,1.286751,,208.078093,45.606128,,
06/30/1991,23.657401,23.6854,23.6854,,26.940393,4.590887,3.65339,2.1,2.1,,2.1,2.1,2.1,0.75,1.602084,,216.7353,46.89784,,
09/30/1991,23.6634,23.6688,23.6688,,26.325795,4.88977,3.955164,2.35,2.35,,2.35,2.35,2.35,0.75,1.344808,,228.701287,49.312482,,
01/01/1992,23.6634,23.6634,23.6634,,27.595866,4.921651,3.908103,2.05,2.05,2.05,2.05,2.05,2.05,0.75,1.356018,,237.70553,51.527379,,
03/31/1992,23.6638,23.6696,23.6696,,16.441258,3.317335,2.33088,2.05,1.1,,2.05,1.1,1.1,0.75,1.951364,,245.367813,53.046805,,
06/30/1992,23.6658,23.675999,23.675999,,15.788225,2.708185,1.697246,2.2,0.75,,2.2,0.75,0.75,0.75,2.878316,,253.022679,55.199865,,
09/30/1992,23.669,23.6758,23.6758,,19.457505,3.374796,2.145566,3.0,0.95,,3.0,0.95,0.95,0.75,2.514762,,266.620801,57.907516,,
12/31/1992,23.6716,23.675999,23.675999,,19.806979,2.810737,1.569902,3.5,1.75,1.75,3.5,1.75,1.75,0.75,2.035521,,6.885382,59.196632,,
03/31/1993,23.673199,23.6856,23.6856,,19.836018,3.505548,2.159329,3.05,1.15,,3.05,1.15,1.15,0.75,-1.967693,,1.23587,61.794395,,
06/30/1993,23.67639,23.687199,23.687199,,20.898967,3.734633,2.424305,0.75,-1.15,,0.75,-1.15,-1.15,0.75,2.369888,,2.133433,35.494643,,
09/30/1993,23.6808,23.6888,23.6888,,20.552919,3.499164,2.215984,0.85,0.85,,0.85,0.85,0.85,0.75,2.641121,,2.474452,32.343081,,
12/31/1993,23.681,23.687199,23.687199,,20.544851,3.243355,1.802282,0.35,0.55,0.55,0.35,0.55,0.55,0.75,3.294522,,2.035429,31.779951,,
03/31/1994,23.6838,23.6924,23.6924,,16.422229,2.741554,1.729922,0.85,0.85,,0.85,0.85,0.85,0.625,1.287459,,0.313379,14.985644,,
06/30/1994,23.6868,23.6908,23.6908,,11.653596,2.627307,2.242516,1.3,1.3,,1.3,1.3,1.3,0.625,0.981816,,0.46908,15.746492,,
09/30/1994,23.6868,23.6896,23.6896,,10.339347,1.85993,1.453212,0.95,0.95,,0.95,0.95,0.95,0.625,1.902945,,1.095885,16.206537,,
12/31/1994,23.6868,23.689999,23.689999,,11.143352,2.245125,1.76965,1.05,1.05,1.05,1.05,1.05,1.05,0.625,0.986788,,1.315754,16.504425,,
03/31/1995,23.6868,23.687601,23.687601,,9.890871,2.129046,1.667539,0.9,0.9,,0.9,0.9,0.9,0.625,1.586864,1.015215,1.652819,17.097878,,
06/30/1995,23.6868,23.6886,23.6886,,9.478399,1.702085,1.166257,0.55,0.55,,0.55,0.55,0.55,0.625,1.601234,1.199733,1.651257,17.12342,,
09/30/1995,23.6868,23.6884,23.6884,,10.202124,2.141723,1.62797,0.7,0.7,,0.7,0.7,0.7,0.625,1.319169,0.87355,1.02403,17.054942,,
12/31/1995,23.6888,23.692,23.692,,10.972354,2.317955,1.75114,0.95,0.95,0.95,0.95,0.95,0.95,0.625,1.796725,1.32302,1.265239,17.313161,,
03/31/1996,23.6888,23.6912,23.6912,,10.222572,2.081659,1.515415,0.8,0.8,0.8,0.8,0.8,0.8,0.625,1.653863,1.224927,1.485977,17.434061,,
06/30/1996,23.6888,23.6896,23.6896,,12.635081,2.221608,1.607794,0.85,0.85,0.85,0.85,0.85,0.85,0.625,2.104383,1.758873,2.103188,17.566403,,
09/30/1996,23.6888,23.6888,23.6888,,12.840203,2.805334,2.165369,1.2,1.2,1.2,1.2,1.2,1.2,0.625,2.448372,2.21801,1.377444,18.176522,,
12/31/1996,23.6888,23.6888,23.6888,,12.832097,2.667801,1.87405,1.05,1.05,1.05,1.05,1.05,1.05,0.625,1.612788,1.376431,0.850529,18.569957,,
03/31/1997,23.6888,23.6888,23.6888,,11.21682,2.29142,1.577497,0.85,0.85,0.85,0.85,0.85,0.85,0.625,1.80541,1.568716,0.850571,18.581144,,
06/30/1997,23.6888,23.6888,23.6888,,11.369761,2.311345,1.659265,0.95,0.95,0.95,0.95,0.95,0.95,0.625,1.391839,0.946397,0.666391,18.902308,,
09/30/1997,23.6888,23.6888,23.6888,,10.725491,1.992883,1.379597,0.8,0.8,0.8,0.8,0.8,0.8,0.625,1.667877,1.149193,0.544814,18.929283,,
12/31/1997,16.692999,16.768401,16.768401,,16.3696,2.769078,1.822953,0.95,0.95,0.95,0.95,0.95,0.95,0.3125,1.034446,0.136924,1.088001,8.662194,,
03/31/1998,16.692999,16.692999,16.692999,,13.594442,1.897622,0.991853,0.8,0.8,0.8,0.8,0.8,0.8,0.3125,2.005452,1.432157,0.920206,9.054035,,
06/30/1998,16.692999,16.692999,16.692999,,14.632002,2.812437,1.880908,1.0,1.0,0.8,1.0,1.0,0.8,0.315,1.001558,0.695142,0.493141,9.236746,,
09/30/1998,16.692999,16.692999,16.692999,,17.089919,3.872582,2.920626,1.85,1.85,1.5,1.85,1.85,1.5,0.315,1.846942,1.562751,0.674834,10.929911,4.79075,
12/31/1998,16.692999,16.692999,16.692999,,13.042833,1.345594,0.342239,0.6,0.6,0.6,0.6,0.6,0.6,0.3125,2.916372,2.718145,0.503385,11.202421,,
03/31/1999,16.692999,16.692999,16.692999,,12.300127,1.577727,0.60109,0.9,0.9,0.65,0.9,0.9,0.65,0.315,1.681124,1.438387,1.087402,11.201282,4.535254,
06/30/1999,16.692999,16.692999,16.692999,,12.354281,1.870125,0.875397,0.8,0.8,0.8,0.8,0.8,0.8,0.315,0.850596,0.63368,0.223507,11.783023,5.341041,
09/30/1999,16.692999,16.692999,16.692999,,12.977715,2.15803,1.175882,1.0,1.0,1.0,1.0,1.0,1.0,0.315,2.494459,2.320314,0.439765,12.508956,6.232133,
12/31/1999,16.692999,16.692999,16.692999,,12.9114,1.580303,0.632481,0.6,0.6,0.6,0.6,0.6,0.6,0.3125,2.629725,2.437249,0.94926,12.892171,6.951776,
03/31/2000,16.692999,16.692999,16.692999,,11.891931,1.320014,0.321452,1.65,1.65,0.05,1.65,1.65,0.05,0.315,0.322291,0.119631,0.477326,14.192117,8.53819,
06/30/2000,16.692999,16.692999,16.692999,,12.853651,1.604804,0.545798,0.55,0.55,0.3,0.55,0.55,0.3,0.315,1.549752,1.383993,0.819086,14.173307,8.732942,
09/30/2000,16.69093,16.6926,16.6926,,12.244228,3.578712,2.615171,1.3,1.3,1.3,1.3,1.3,1.3,0.0,2.253034,1.919054,0.921399,15.741963,10.300924,
12/31/2000,16.6908,16.691,16.691,,12.186448,0.701216,-0.2469,0.15,0.15,-0.1,0.15,0.15,-0.1,0.0,1.235456,0.951591,0.267812,20.487754,15.261043,
03/31/2001,16.69093,16.691,16.691,,13.016596,1.049428,-0.533881,-0.7,-0.7,-0.7,-0.7,-0.7,-0.7,,0.771853,0.634833,0.6733,14.392188,9.366045,
06/30/2001,16.691,16.691,16.691,,10.643041,1.114193,-1.601222,-5.68,-5.68,0.24,-5.68,-5.68,0.24,0.0,1.12342,0.969025,0.490084,8.625547,3.754778,
09/30/2001,16.691,16.689,16.689,,9.949248,0.711786,-0.123195,0.04,0.04,-0.14,0.04,0.04,-0.14,0.0,7.048235,6.943016,1.031933,8.751483,4.022108,
12/31/2001,,3.3378,3.3378,,47.796453,,3.151777,0.1,-0.1,-0.1,0.1,-0.1,-0.1,,,,,,,
03/31/2002,16.69093,16.8898,16.691,,8.757774,1.307651,0.457612,-0.1,0.05,0.05,-0.1,0.05,0.05,,0.467018,0.325744,0.701399,8.562615,4.14225,
06/30/2002,3.338186,3.3382,3.3382,,52.557067,10.69858,2.568151,-0.7,-0.7,-0.7,-0.7,-0.7,-0.7,,11.483434,9.312204,4.536895,43.682707,21.906509,
09/30/2002,16.688999,16.688999,16.688999,,10.849962,1.961052,1.204746,0.65,0.61,0.61,0.65,0.61,0.61,0.0,1.019055,0.836779,0.929235,9.290671,5.006951,
12/31/2002,16.688999,16.737,16.688999,,10.41105,1.001798,0.243274,0.18,0.14,0.06,0.18,0.14,0.06,0.0,1.637726,1.495057,0.927437,9.17239,5.017677,
03/31/2003,16.689009,16.689,16.689,,10.394032,0.96243,0.287075,0.98,-0.01,-0.01,0.98,-0.01,-0.01,,1.120319,1.011385,0.934927,10.193176,6.116301,
06/30/2003,16.69093,16.724,16.724,,10.797297,1.615523,0.897154,0.34,0.34,0.34,0.34,0.34,0.34,,0.404987,0.268297,0.907379,8.736541,4.381302,
09/30/2003,16.761,17.02,16.753,,12.344476,1.894108,1.211902,0.61,0.61,0.61,0.61,0.61,0.61,0.0,1.913627,1.726676,1.31621,11.407314,7.520017,
12/31/2003,16.785999,17.082001,16.768,,12.772245,1.252564,0.56423,0.28,0.28,0.28,0.28,0.28,0.28,0.0,1.443046,1.181775,1.987788,11.895806,8.151674,
03/31/2004,16.832001,17.121,16.813,,13.327901,1.47386,0.827098,0.35,0.35,0.35,0.34,0.34,0.34,0.0,0.779575,0.583596,1.324263,12.191836,8.551627,
06/30/2004,16.964,17.168,16.904,,13.103999,,1.259288,0.67,0.67,0.67,0.66,0.66,0.66,0.0,-1.211903,-1.374704,1.294388,12.70402,9.189932,
09/30/2004,16.972,17.189,16.969,,13.239908,0.665861,0.046909,0.76,0.76,0.26,0.75,0.75,0.26,0.0,1.854323,1.419176,1.737332,13.506599,10.091032,
12/31/2004,16.980759,17.318,16.978,,13.611733,1.004359,0.262811,0.17,0.17,0.17,0.17,0.17,0.17,0.0,-0.046295,-0.313818,1.694742,13.655573,10.341116,
03/31/2005,16.981759,17.314,16.982,,14.080438,1.186963,0.647215,0.28,0.28,0.28,0.28,0.28,0.28,0.0,0.086209,-0.101814,1.494545,13.869176,10.653608,
06/30/2005,17.033059,17.305,17.016,,16.376822,1.623178,1.129584,0.77,0.77,0.77,0.76,0.76,0.76,0.0,0.381288,0.153209,1.846586,14.461055,11.346288,
09/30/2005,17.062059,17.317,17.042,,15.897899,1.201443,0.720866,0.79,0.79,0.61,0.77,0.77,0.59,0.0,2.694167,2.302488,2.362259,15.166048,12.125617,
12/31/2005,17.081559,17.344,17.344,,16.537708,2.256112,1.751557,0.642931,0.642931,0.47317,0.642931,0.642931,0.47317,0.0,0.584006,0.348708,3.302567,15.575862,12.656105,
03/31/2006,17.188109,17.394,17.122,,17.713351,1.837928,1.400421,0.8,0.8,0.8,0.79,0.79,0.79,0.125,0.370809,0.117977,3.28512,16.251468,13.414565,
06/30/2006,17.245259,17.411,17.232,,19.261606,2.474756,1.611363,1.18,1.18,0.9,1.17,1.17,0.89,0.125,0.966516,0.384285,3.703743,17.379965,14.614451,
09/30/2006,17.272259,17.409,17.257,,18.839833,2.546445,1.26256,1.1,1.1,0.82,1.09,1.09,0.81,0.125,2.493191,1.659327,5.017873,18.448311,15.749359,
12/31/2006,17.28986,17.406,17.209,,17.605555,1.085537,0.644953,0.26,-0.04,0.38,0.25,-0.04,0.37,0.125,-0.345691,-1.22773,3.487593,17.432298,14.441644,
03/31/2007,17.29586,17.412,17.294,,17.913496,2.019255,1.581126,0.94,0.94,0.94,0.93,0.93,0.93,0.125,1.629929,0.997224,4.214939,18.353756,15.453062,
06/30/2007,17.29586,17.411,17.296,,19.889743,2.524283,1.698196,1.79,1.01,1.01,1.78,1.0,1.0,0.125,2.654371,1.388182,6.265372,20.136553,17.32484,
09/30/2007,16.180821,16.887,16.772,,21.282256,3.222573,1.96363,1.26,1.2,1.2,1.25,1.19,1.19,0.125,4.809802,3.082876,5.126254,19.797759,16.887338,
12/31/2007,15.566225,16.117,16.001,,22.756015,1.841572,1.403287,1.69,1.69,0.97,1.68,1.68,0.96,0.2,1.806575,1.325855,4.617176,20.365053,17.438525,
03/31/2008,15.48237,15.558,15.459,,24.733165,2.545443,2.108869,1.28,1.28,1.42,1.27,1.27,1.41,0.2,-0.597969,-1.255321,3.102238,21.378833,18.535793,
06/30/2008,15.49437,15.556,15.488,,27.497546,2.368543,1.925039,1.14,1.14,1.14,1.13,1.13,1.13,0.2,0.411738,-0.997998,2.568159,22.405106,19.663529,
09/30/2008,15.183207,15.365,15.306,,28.786358,2.120868,1.674572,1.08,1.08,1.08,1.07,1.07,1.07,0.2,0.942768,-0.290801,2.205792,21.818118,18.133718,
12/31/2008,15.199207,15.242,15.196,,24.256054,2.357923,1.863188,1.27,1.27,1.27,1.27,1.27,1.27,0.2,0.597855,-0.96453,1.431719,19.153828,15.596472,
03/31/2009,15.204207,15.241,15.203,,22.175097,3.539828,3.029205,1.89,1.89,1.89,1.88,1.88,1.88,0.2,6.358548,5.351838,3.914048,20.630343,17.230757,
06/30/2009,15.204207,15.242,15.204,,24.396277,4.529729,4.016377,2.02,2.02,2.503157,2.01,2.01,2.495501,0.25,3.818732,2.262891,7.369539,23.655558,20.401261,
09/30/2009,15.207989,15.245,15.208,,27.474487,6.684903,6.164321,3.73,3.73,3.885258,3.72,3.72,3.877429,0.25,2.62283,0.785047,8.815761,27.120614,24.012314,
12/31/2009,15.209989,15.245,15.208,,26.580813,4.570686,4.038861,3.04,3.04,2.857049,3.03,3.03,2.846333,0.375,1.96127,0.401302,10.002045,30.123953,27.161229,
03/31/2010,15.04244,15.154,15.118,,26.136129,5.128324,4.547625,2.79,2.79,2.888613,2.78,2.78,2.881099,0.375,2.830798,2.389139,5.86813,31.492032,28.641098,
06/30/2010,14.388651,14.828,14.796,,31.754596,5.601717,4.997567,2.69,2.69,3.120049,2.69,2.69,3.115428,0.375,2.052379,1.284672,3.25993,30.441214,26.905093,
09/30/2010,14.291122,14.383,14.353,,32.869574,6.103602,5.399011,3.19,3.19,3.415244,3.18,3.18,3.409438,0.375,2.211175,1.716018,3.53947,33.491212,30.083082,
12/31/2010,14.034884,14.235,14.209,,32.419452,5.415793,4.723555,3.48,3.48,3.167851,3.47,3.47,3.160903,0.44,4.162643,3.369977,3.526356,35.029858,31.714833,
03/31/2011,13.845311,13.906,13.89,,36.57905,6.353204,5.621238,3.57,3.57,3.534125,3.57,3.57,3.534044,0.44,1.166019,-0.572714,3.597102,37.615768,34.411939,
06/30/2011,13.833811,13.856,13.852,,41.764583,6.908894,6.143373,3.77,3.77,3.953148,3.77,3.77,3.950427,0.6,2.236284,1.468236,4.40139,40.674836,37.593762,
09/30/2011,13.404831,13.68,13.68,,40.745322,9.595541,8.836915,5.22,5.22,4.046857,5.22,5.22,4.046857,0.6,5.617763,5.034357,4.062864,41.519882,38.514174,
12/31/2011,13.404831,13.405,13.405,,37.713987,5.007012,4.216263,2.51,2.51,2.557255,2.51,2.51,2.557255,0.75,4.518762,3.71727,3.757601,40.999622,38.161317,
03/31/2012,13.404831,13.405,13.405,,41.975308,8.563819,7.81298,4.96,4.96,5.031481,4.96,4.96,5.027139,0.75,4.706453,4.152033,5.426849,45.817139,43.105057,
06/30/2012,13.404831,13.405,13.405,,43.830511,7.837076,7.045431,4.12,4.11,4.674599,4.12,4.11,4.674599,0.75,2.56464,1.853338,3.681882,48.511615,45.972903,
09/30/2012,13.417877,13.406,13.406,,41.328062,9.488587,7.068104,4.83,4.83,4.909369,4.83,4.83,4.909369,0.75,16.924884,15.026928,5.940359,53.457563,51.041159,
12/31/2012,13.417877,13.467,13.467,,38.117027,5.867602,5.055246,3.94,3.88,3.972228,3.94,3.88,3.865149,25.75,6.496027,5.50776,6.642556,29.975308,27.699091,
03/31/2013,13.327077,13.376,13.376,,41.847339,8.09218,7.210302,5.07,5.0,4.974656,5.07,5.0,4.970096,0.9,2.02811,0.823789,4.803229,31.407412,29.278063,
06/30/2013,13.312122,13.303,13.303,,43.883259,8.055777,6.996768,4.81,4.84,4.60678,4.81,4.84,4.60678,0.9,7.199729,6.016538,5.524664,35.039117,33.049427,
09/30/2013,13.260406,13.279,13.279,,43.712252,7.313352,6.55712,5.94,4.29,4.324196,5.94,4.29,4.320123,0.9,6.438211,5.284961,18.646865,40.653808,38.784408,
12/31/2013,13.099356,13.236,13.236,,42.034678,6.457238,5.685252,4.08,4.08,4.033469,4.08,4.08,4.004448,1.1,6.126095,5.271381,18.222499,43.700469,41.920305,
03/31/2014,12.867035,12.953,12.953,,44.501042,7.753648,6.961708,4.43,4.43,4.548985,4.43,4.43,4.538083,1.1,0.338223,-0.375975,11.397886,41.694532,40.00129,
06/30/2014,12.64479,12.732,12.732,,48.7306,9.026626,8.204995,5.24,5.24,5.353754,5.24,5.24,5.349959,1.1,6.293984,5.398366,8.987417,40.609374,39.000964,
09/30/2014,12.531045,12.549,12.549,,46.989162,7.854729,7.016017,4.53,4.53,4.527293,4.53,4.53,4.522031,1.1,6.148856,4.690971,11.294828,39.463349,37.983983,
12/31/2014,12.446365,37.449213,24.966213,,21.984832,3.61805,3.205732,4.17,4.17,2.149104,4.17,4.17,2.149104,1.4,2.935167,2.103363,8.27575,33.828431,32.473899,
03/31/2015,12.443241,12.413,12.413,,45.07903,8.858777,8.038186,5.14,5.14,5.272456,5.14,5.14,5.260841,1.4,4.555869,2.910497,9.582954,35.592817,34.366448,
06/30/2015,12.424302,12.407,12.407,,45.192956,8.004755,7.168131,4.72,4.72,4.66132,4.72,4.72,4.64746,1.4,5.370275,2.982671,10.155259,39.953069,38.823428,
09/30/2015,11.986215,12.187,12.187,,44.386067,8.897678,8.010503,5.08,5.08,5.260441,5.08,5.08,5.252315,1.4,5.347255,2.544351,9.20449,31.38447,30.34903,
12/31/2015,11.948446,11.980889,11.980889,,40.032255,6.783303,5.874606,4.5,4.5,4.441574,4.5,4.5,4.441574,1.6,6.650508,3.12047,7.818925,32.436352,31.523514,
03/31/2016,11.848949,11.839,11.839,,43.071797,8.959709,8.057606,5.22,5.22,5.422755,5.22,5.22,5.42272,1.6,6.27308,3.870344,10.317877,33.011198,32.187327,
06/30/2016,11.848384,11.823,11.823,,44.134907,9.108856,8.229045,5.43,5.43,5.510869,5.43,5.43,5.506123,1.6,9.618033,6.586399,13.34663,36.47873,35.698708,
09/30/2016,11.848654,11.824,11.824,,43.647666,9.598698,8.612821,6.03,6.03,6.00499,6.03,6.03,6.004628,1.6,6.047784,2.883288,15.859017,40.254615,39.50896,
12/31/2016,11.845972,11.83212,11.83212,,42.395361,6.788302,5.761098,3.86,3.86,3.86,3.86,3.86,3.86,1.6,7.939744,4.460401,16.221041,40.794542,39.913567,
03/31/2017,11.852617,11.829,11.829,,45.888748,8.954011,7.913687,5.39,5.39,5.39,5.39,5.39,5.39,1.75,2.891876,-1.026122,21.197344,44.801498,43.931311,
06/30/2017,11.852512,11.829,11.829,,46.258179,8.402739,7.361484,5.29,5.29,5.29,5.29,5.29,5.29,1.75,4.93778,1.652211,23.457897,49.247366,48.385355,
09/30/2017,11.853107,11.829,11.829,,46.361992,7.885028,6.653056,5.04,5.04,5.04,5.04,5.04,5.04,1.75,7.197058,4.17381,8.858099,53.019854,40.610112,
12/31/2017,11.779978,11.63428,11.63428,,48.132072,7.425814,6.038191,0.35,0.35,3.047975,0.35,0.35,3.046772,1.75,5.59072,3.206387,7.144835,51.073864,38.821125,
03/31/2018,11.787054,11.762,11.762,,50.097347,8.437341,6.93547,5.14,5.14,5.14,5.14,5.14,5.14,1.75,0.853596,-1.084594,6.178813,55.5512,43.492462,
06/30/2018,11.465814,11.647,11.647,,51.425431,7.271057,5.763802,4.53,4.53,4.53,4.53,4.53,4.53,1.75,4.785782,3.08543,9.575334,48.185066,36.04646,
09/30/2018,11.404031,11.409,11.409,,49.361557,7.57218,5.973179,5.12,5.12,5.12,5.12,5.12,5.12,1.75,3.099746,2.001052,12.972167,49.46251,37.402476,
12/31/2018,11.184482,11.231004,11.231004,,47.93089,8.380017,6.750955,5.58,5.58,5.58,5.58,5.58,5.58,1.75,8.615971,6.879528,6.530477,43.802386,31.639194,
03/31/2019,11.188126,11.166,11.166,,48.058033,9.765359,7.421816,5.57,5.57,5.57,5.57,5.57,5.57,1.75,1.713416,0.786226,6.993754,48.104213,36.032576,
06/30/2019,11.188126,11.166,11.166,,50.458266,11.172398,8.837095,6.63,6.63,6.63,6.63,6.63,6.63,1.75,11.77539,10.623142,6.544349,52.66083,40.688762,
09/30/2019,11.189222,11.167,11.167,,49.773171,10.235068,7.899884,6.06,6.06,6.06,6.06,6.06,6.06,1.9,7.39957,6.153667,7.147146,56.245019,44.374488,
12/31/2019,11.188549,11.166,11.166,,47.863604,8.437131,6.050152,4.48,4.48,4.48,4.48,4.48,4.48,1.9,9.310854,7.313541,12.905784,61.053314,49.266263,
03/31/2020,10.938744,11.136,11.136,,50.235004,11.768588,9.849677,7.67,7.67,7.67,7.67,7.67,7.67,1.9,5.788524,3.983028,16.332954,58.438976,46.462098,
06/30/2020,10.923999,10.904,10.904,,37.680117,4.470286,2.54558,2.05,2.05,2.05,2.05,2.05,2.05,1.9,2.736244,0.903705,9.343099,58.154985,46.171919,
