Date,Revenue,Comparable Actual,GAAP Actual,Adjusted Actual,Earnings Per Share,Consensus Estimate,EPS Surprise %,EBIT,EBITDA,Gross Margin %,Pretax Income (Loss),Net Income,Source: Bloomberg
12/31/1989,,0.0,20.399998,20.399998,,,,,,,,,
03/31/1990,,24.605,24.604999,24.604999,,,,,,,,,
06/30/1990,,40.68,40.679998,40.679998,,,,,,,,,
09/30/1990,,17.436001,16.293999,16.293999,,,,,,,,,
12/31/1990,,0.0,10.129,10.129,,,,,,,,,
03/31/1991,,-39.367001,-33.534,-33.534,,,,,,,,,
06/30/1991,,17.603001,18.481001,18.481001,,,,,,,,,
09/30/1991,,4.61,4.77,4.77,,,,,,,,,
12/31/1991,,0.0,-6.179,-6.179,,,,,,,,,
03/31/1992,,-4.413,-39.313999,-39.313999,,,,,,,,,
06/30/1992,,-6.293,-8.467,-8.467,,,,,,,,,
09/30/1992,,-8.104,-11.331,-11.331,,,,,,,,,
12/31/1992,,0.0,-17.288,-17.288,,,,,,,,,
03/31/1993,,-13.49,-13.49,-13.49,,,,,,,,,
06/30/1993,,-28.002001,-28.002001,-28.002001,,,,,,,,,
09/30/1993,,-18.722,-18.722,-18.722,,,,,,,,,
12/31/1993,,0.0,-49.595001,-49.595001,,,,,,,,,
03/31/1994,,-6.367,-6.367,-6.367,,,,,,,,,
06/30/1994,,-15.534,-15.534,-15.534,,,,,,,,,
09/30/1994,,-4.578,-4.578,-4.578,,,,,,,,,
12/31/1994,,0.0,2.497,2.497,,,,,,,,,
03/31/1995,,13.062,13.062,13.062,,,,,,,,,
06/30/1995,,21.002001,21.002001,21.002001,,,,,,,,,
09/30/1995,,17.426001,17.426001,17.426001,,,,,,,,,
12/31/1995,,0.0,34.118999,34.118999,,,,,,,,,
03/31/1996,,13.444,13.444,13.444,,,,,,,,,
06/30/1996,,11.919,11.919,11.919,,,,,,,,,
09/30/1996,,-4.249,-4.249,-4.249,,,,,,,,,
12/31/1996,,0.0,-10.297,-10.297,,,,,,,,,
03/31/1997,,-35.721001,-35.721,-35.721,,,,,,,,,
06/30/1997,,2.255,2.255,2.255,,,,,,,,,
09/30/1997,,9.761,9.761,9.761,,,,,,,,,
12/31/1997,,9.786,14.232,14.232,,,,,,,,,
03/31/1998,,16.299999,301.015015,301.015015,,,,,,,,,
06/30/1998,,23.414,23.729,23.729,,,,,,,,,
09/30/1998,,31.358999,28.959,28.959,,,,,,,,,
12/31/1998,,18.789,12.975,12.975,,,,,,,,,
03/31/1999,,13.94,13.94,13.94,,,,,,,,,
06/30/1999,,29.833,111.822998,111.822998,,,,,,,,,
09/30/1999,,17.146,17.146,17.146,,,,,,,,,
12/31/1999,,16.862,16.862,16.862,,,,,,,,,
03/31/2000,,23.708,23.708,23.708,,,,,,,,,
06/30/2000,,14.885,63.438,63.438,,,,,,,,,
09/30/2000,,30.169001,30.169001,30.169001,,,,,,,,,
12/31/2000,,12.326,37.293999,37.293999,,,,,,,,,
03/31/2001,,23.976999,34.558998,34.558998,,,,,,,,,
06/30/2001,,23.495001,25.424,25.424,,,,,,,,,
09/30/2001,,16.638,20.538,20.538,,,,,,,,,
12/31/2001,,5.883,40.886002,40.886002,,,,,,,,,
03/31/2002,,4.464,6.384,6.384,,,,,,,,,
06/30/2002,,9.748,14.048,14.048,,,,,,,,,
09/30/2002,,8.782,8.782,8.782,,,,,,,,,
12/31/2002,,4.696,7.596,7.596,,,,,,,,,
03/31/2003,,9.43,9.43,9.43,,,,,,,,,
06/30/2003,,2.469,28.834999,28.834999,,,,,,,,,
09/30/2003,,13.933,16.334,16.334,,,,,,,,,
12/31/2003,,7.592,8.812,8.812,,,,,,,,,
03/31/2004,,5.079,4.089,4.089,,,,,,,,,
06/30/2004,,-116.456001,179.044,179.044,,,,,,,,,
09/30/2004,,8.534,8.534,8.534,,,,,,,,,
12/31/2004,,-17.447001,3.7,3.7,,,,,,,,,
03/31/2005,,5.605,13.179,13.179,,,,,,,,,
06/30/2005,,8.681,9.885,9.885,,,,,,,,,
09/30/2005,,2.789,2.789,2.789,,,,,,,,,
12/31/2005,,5.7,5.6,5.6,,,,,,,,,
03/31/2006,,4.893,6.644,6.644,,,,,,,,,
06/30/2006,,2.636,2.685,2.685,,,,,,,,,
09/30/2006,,3.094,3.291,3.291,,,,,,,,,
12/31/2006,,,13.6,13.6,,,,,,,,,
03/31/2007,,,5.766,5.766,,,,,,,,,
06/30/2007,,,-1.53,-1.53,,,,,,,,,
09/30/2007,,,-16.027,-16.027,,,,,,,,,
12/31/2007,,,10.0,10.0,,,,,,,,,
03/31/2008,,,-0.29,-0.29,,,,,,,,,
06/30/2008,,,3.965,3.965,,,,,,,,,
09/30/2008,,,-6.745,-6.745,,,,,,,,,
12/31/2008,,,36.254,36.254,,,,,,,,,
03/31/2009,,,-11.843,-10.718,,,,,,,,,
06/30/2009,,,-2.144,-9.87163,,,,,,,,,
09/30/2009,,,3.12,3.12272,,,,,,,,,
12/31/2009,,,-0.9,-2.535,,,,,,,,,
03/31/2010,,,-4.808,6.2901,,,,,,,,,
06/30/2010,,,4.29,5.5276,,,,,,,,,
09/30/2010,,,11.494,9.39915,,,,,,,,,
12/31/2010,,,56.892,7.63462,,,,,,,,,
03/31/2011,,,17.167,14.177,,,,,,,,,
06/30/2011,,,16.919,18.14945,,,,,,,,,
09/30/2011,,,27.674,20.10178,,,,,,,,,
12/31/2011,,,19.9,21.03,,,,,,,,,
03/31/2012,,,21.049,20.65074,,,,,,,,,
06/30/2012,,,25.973,20.42908,,,,,,,,,
09/30/2012,,,10.007,7.7682,,,,,,,,,
12/31/2012,,,17.6,-4.1711,,,,,,,,,
03/31/2013,,,-2.118,2.98206,,,,,,,,,
06/30/2013,,,-14.255,-13.31561,,,,,,,,,
09/30/2013,,,-5.94,19.37978,,,,,,,,,
12/31/2013,,-33.0,,,,0.01,,,,,,,
03/31/2014,,3.313,3.755,4.63326,,-0.02,,,,,,,
06/30/2014,,5.5,5.472,6.04985,,0.09,22.2222222222222,,,,,,
09/30/2014,,13.9,13.889,5.046,,0.17,70.5882352941176,,,,,,
12/31/2014,,5.4,5.4,5.14,,0.11,0.0,,,,,,
03/31/2015,,10.0,10.042,9.197,,,,,,,,,
06/30/2015,,3.916,-29.267,-28.76845,,0.22,-63.6363636363636,,,,,,
09/30/2015,,0.9,0.943,1.45455,,0.11,-81.8181818181818,,,,,,
12/31/2015,,-5.73,-5.6,-5.015,,0.02,,,,,,,
03/31/2016,,-2.5,-2.469,-2.5275,,-0.07,26.6642857142857,,,,,,
06/30/2016,,0.99645,0.845,1.40855,,-0.05,,,,,,,
09/30/2016,,7.335,7.372,9.1764,,0.06,150.0,,,,,,
12/31/2016,,9.6,9.6,10.445,,0.06,228.541666666667,,,,,,
03/31/2017,,8.335,8.35,10.6575,,0.17,0.676470588235285,,,,,,
06/30/2017,,41.1,41.167,42.0341,,0.23,266.931739130435,,,,,,
09/30/2017,,17.435,17.472,18.18895,,0.21,70.48,,,,,,
12/31/2017,,11.47,49.1,49.7786,,0.34,-30.7282352941176,,,,,,
03/31/2018,,,14.248,14.11923,,,,,,,,,
06/30/2018,,6.222,-42.615,6.207,,0.56,-77.1853571428571,,,,,,
09/30/2018,,-15.005,-15.386,-15.80154,,0.49,,,,,,,
12/31/2018,,3.116,2.8,2.47689,,0.42,-84.7657142857143,,,,,,
03/31/2019,,14.963,15.204,14.98043,,0.13,136.344615384615,,,,,,
06/30/2019,,17.671,5.878,-13.30715,,0.2,81.427,,,,,,
09/30/2019,,-1.995,-1.538,-1.58303,,0.22,,,,,,,
12/31/2019,,6.379,6.3,4.35186,,0.11,18.8336363636364,,,,,,
03/31/2020,,1.9,1.91,-7.61029,,0.16,-75.66625,,,,,,
06/30/2020,,4.521,4.589,4.52106,,0.2,-53.6785,,,,,,
09/30/2020,,,,,,0.12,,,,,,,
12/31/2020,,,,,,0.09,,,,,,,
