Date,Revenue,Consensus Estimate,Comparable Actual,Revenue Surprise %,GAAP Actual,Adjusted Actual,Earnings Per Share,EPS Surprise %,EBIT,EBIT Surprise %,EBITDA,EBITDA Surprise %,Gross Margin %,Gross Margin Surprise %,Pretax Income (Loss),Pretax Income (Loss) Surprise %,Net Income,Net Income Surprise %,Source: Bloomberg
07/28/1995,,,0.529,,0.529,0.529,,,,,,,,,,,,,
10/27/1995,,,1.096,,1.096,1.096,,,,,,,,,,,,,
01/26/1996,,,2.016,,2.016,2.016,,,,,,,,,,,,,
04/30/1996,,,0.0,,2.959,2.959,,,,,,,,,,,,,
07/26/1996,,,3.809,,-0.491,-0.491,,,,,,,,,,,,,
10/25/1996,,,2.78,,2.78,2.78,,,,,,,,,,,,,
01/24/1997,,,3.38,,3.38,3.38,,,,,,,,,,,,,
04/25/1997,,,0.0,,-5.419,-5.419,,,,,,,,,,,,,
07/25/1997,,,4.221,,4.221,4.221,,,,,,,,,,,,,
10/24/1997,,,4.885,,4.885,4.885,,,,,,,,,,,,,
01/23/1998,,,5.555,,5.555,5.555,,,,,,,,,,,,,
04/24/1998,,,0.0,,6.304,6.304,,,,,,,,,,,,,
07/31/1998,,,7.097,,7.097,7.097,,,,,,,,,,,,,
10/30/1998,,,8.376,,8.376,8.376,,,,,,,,,,,,,
01/29/1999,,,9.394,,9.394,9.394,,,,,,,,,,,,,
04/30/1999,,,10.746,,10.746,10.746,,,,,,,,,,,,,
07/30/1999,,,13.468,,13.468,13.468,,,,,,,,,,,,,
10/29/1999,,,16.048,,16.048,16.048,,,,,,,,,,,,,
01/28/2000,,,20.132,,19.799,19.799,,,,,,,,,,,,,
04/30/2000,,,24.476999,,24.476999,24.476999,,,,,,,,,,,,,
07/28/2000,,,32.594002,,4.976,4.976,,,,,,,,,,,,,
10/27/2000,,,36.923,,35.360001,35.360001,,6.38297872340426,,,,,,,,,,,
01/26/2001,,,38.928001,,34.070999,34.070999,,6.79611650485438,,,,,,,,,,,
04/27/2001,,,7.917,,0.479,0.479,,17.6470588235294,,,,,,,,,,,
07/27/2001,,,4.731,,-0.513,-0.513,,25.0,,,,,,,,,,,
10/26/2001,,,7.664,,-11.211,-11.211,,233.333333333333,,,,,,,,,,,
01/25/2002,,,15.452,,6.984,6.984,,100.0,,,,,,,,,,,
04/30/2002,,,14.61,,7.773,7.773,,0.0,,,,,,,,,,,
07/26/2002,,,18.033001,,16.165001,16.165001,,16.2790697674419,,,,,,,,,,,
10/25/2002,,,17.5,,15.813,15.813,,-1.96078431372548,,,,,,,,,,,
01/24/2003,,,22.737,,19.671,19.671,,7.14285714285714,,,,,,,,,,,
04/30/2003,,,25.518999,,24.823,24.823,,4.47761194029851,,,,,,,,,,,
08/01/2003,,,28.739,,27.073,27.073,,11.1111111111111,,,,,,,,,,,
10/31/2003,,,33.627998,,48.412998,48.412998,,1.12359550561798,,,,,,,,,,,
01/30/2004,,,40.063,,40.152,40.152,,9.99999999999999,,,,,,,,,,,
04/30/2004,,,43.535999,,36.449001,36.449001,,3.44827586206896,,,,,,,,,,,
07/30/2004,,,49.868,,46.862,46.862,,3.17460317460318,,,,,,,,,,,
10/29/2004,,,58.367001,,55.328999,55.328999,,15.1079136690647,,,,,,,,,,,
01/28/2005,,,62.848999,,60.127,60.127,,0.0,,,,,,,,,,,
04/30/2005,,65.9,66.568001,,63.436,63.436,,0.0,,,,,,,,,,1.01365857359634,
07/29/2005,,64.1,62.148998,,60.12,60.12,,3.22580645161291,,,,,,,,,,-3.04368486739469,
10/28/2005,,70.022,79.126999,,70.718,70.718,,15.3846153846154,,,,,,,,,,13.0030547542201,
01/27/2006,,79.6,84.747002,2.8178517478983,76.393,76.393,,6.79611650485438,,,,,,,,,,6.46608291457287,
04/30/2006,,87.642,89.252998,1.13813754691482,59.221,59.221,,4.07239819004525,,,,,,,,,,1.83815750439288,
07/28/2006,,90.344,96.555,1.24188281266549,54.67,54.67,,18.1818181818182,,,,,,,,,,6.87483396794476,
10/27/2006,,94.264,108.864998,1.22238355182636,86.931,86.931,,17.6470588235294,,,,,,,,,,15.4894742425528,
01/26/2007,,106.992,66.514,3.86726223962969,66.514,66.514,,-36.3295880149813,,,,,,,,,,-37.8327351577688,
04/27/2007,,117.4,114.217003,0.987700745061811,89.62,89.62,,-0.332225913621263,,,,,,,,,,-2.71124105621806,
07/27/2007,,78.722,75.987,0.403953168565786,34.337,34.337,,-0.497512437810946,,,,,,,,,,-3.47425116231803,
10/26/2007,,95.625,116.414001,4.21244527583085,83.758,83.758,,24.031007751938,,,,,,,,,,21.7401317647059,
01/25/2008,,122.4,131.748993,0.626407626636306,101.823,101.823,,9.14454277286135,,,,,,,,,,7.63806617647059,
04/25/2008,,127.5,130.701004,0.140963058995394,89.821,89.821,,4.68319559228651,,,,,,,,,,2.51059137254903,
07/25/2008,,77.7,75.936,0.883568460008329,34.723,36.801695,,-1.34529147982063,,1.15836223155077,,34.6501079913607,,,,-4.15355500297075,,-2.27027027027026,
10/24/2008,,91.775,92.107,0.79953560371517,43.053,59.211637,,4.08921933085502,,1.46938121834523,,18.0051590713672,,,,-9.52239771440893,,0.361754290384085,
01/23/2009,,93.765,93.398,-18.3147966141393,-81.623,48.690936,,-0.709219858156009,,3.06257167362121,,19.5477178423237,,,,-11.007643829329,,-0.391404042019948,
04/24/2009,,75.515,100.845,2.71127702081799,68.4,78.871972,,33.6206896551724,,53.8001173479366,,38.6896853146853,,,,19.8529897952437,,33.5430047010528,
07/31/2009,,66.077,75.932,1.0944770650835,51.664,20.906403,,11.1111111111111,,26.3248348838861,,33.6371000405022,,1.88740910205082,,-1.89226869455007,,14.9144180274528,
10/30/2009,,102.478,130.136,3.21113195435254,95.677,94.532403,,25.4237288135593,,30.8711225248361,,31.0292553191489,,-25.3849941803205,,17.0651879680745,,26.9892074396456,
01/29/2010,,134.12,143.855,5.88603474514713,107.88,107.497675,,5.82010582010582,,8.00070769172443,,11.5368809272919,,-1.24725557060775,,0.936955720260866,,7.25842529078436,
04/30/2010,,158.815,183.1,8.09643995749203,145.1,145.08961,,15.2073732718894,,15.3717088968313,,15.4555680539933,,-0.11258443832874,,9.61450121705889,,15.2913767591222,
07/30/2010,,168.192,182.6,0.961342223279146,150.7,149.238235,,7.45614035087719,,8.10619933310129,,17.7829099307159,,-0.9181450357921,,4.26288100879482,,8.56640030441399,
10/29/2010,,187.5,202.699,1.22460477216082,175.4,175.456398,,5.26315789473685,,8.45407675977603,,15.7201646090535,,3.09839020448754,,2.11813789291635,,8.10613333333334,
01/28/2011,,203.448,210.629,-0.743115575057502,186.4,186.34553,,4.20841683366734,,3.34359232041539,,7.84802347324596,,0.0523673104765299,,-1.35782912777159,,3.52964885376115,
04/29/2011,,217.6,236.7,2.95975969568373,160.6,164.695,,12.3809523809524,,6.93007212292255,,12.0554765291608,,0.157193934163466,,3.09476640187725,,8.77757352941176,
07/29/2011,,227.29,222.3,-3.52068132316006,139.5,147.445061,,-0.900900900900902,,-4.69752060075641,,10.3182579564489,,-1.39783912025905,,-9.49786958632221,,-2.19543314708081,
10/28/2011,,234.074,235.5,-2.19449083049014,165.6,166.749074,,5.88235294117648,,-1.67727009832272,,5.69254185692541,,-4.23345663789561,,-6.25910358317034,,0.609209053547164,
01/27/2012,,220.625,216.201,0.22618915764545,119.6,121.895945,,-0.172117039586919,,-2.18984183003072,,-0.073161258855371,,-3.40247028664646,,-6.95360026338829,,-2.00521246458924,
04/27/2012,,237.667,252.4,1.08080764901181,180.7,181.87,,5.09554140127389,,7.01754385964912,,7.66666666666667,,-1.60125271505784,,3.29497454875586,,6.19900953855605,
07/27/2012,,143.808,156.4,-0.895684578528819,63.8,63.8,,10.2362204724409,,6.32792284168432,,13.0584192439862,,-2.45802462997033,,-0.842948390683316,,8.75611927013797,
10/26/2012,,177.115,189.0,0.436624307592052,109.6,109.6,,6.9182389937107,,6.26116868122129,,6.89535689535689,,-1.90239867659223,,-0.0690465971224479,,6.71032944696948,
01/25/2013,,206.154,242.7,0.330886969109829,158.1,158.872575,,19.0053285968029,,14.3305520978403,,16.3053981394963,,-2.24607762180016,,6.87200651991504,,17.7275240839372,
04/26/2013,,254.125,252.5,-2.1841456826538,173.8,173.8,,1.62002945508099,,-2.93529019346231,,1.98168032325054,,-0.58363507101168,,-7.66652702136573,,-0.639449090014756,
07/26/2013,,176.875,191.9,-1.12214174058159,81.6,119.729938,,7.72357723577236,,5.63528078463928,,4.18299389375601,,0.500040986966144,,6.59193032843841,,8.49469964664311,
10/25/2013,,219.042,231.5,-3.02299942310603,166.8,167.651316,,5.43130990415336,,3.85551605249214,,1.87590187590188,,4.07632263660017,,4.41590695702213,,5.68749372266506,
01/24/2014,,245.731,260.6,-1.02181147298603,192.1,192.1,,5.63380281690141,,7.69542784268836,,6.51459241865145,,2.50201775625504,,7.09568162574089,,6.05092560564195,
04/25/2014,,269.615,284.2,-1.15544430298105,197.0,225.054395,,5.92686002522067,,6.92497555069155,,6.7774247738647,,2.78181208803487,,6.81663656808483,,5.40956549153422,
07/25/2014,,189.64,197.5,1.22067016892542,88.0,88.0,,5.26315789473685,,5.62484660523438,,2.88988948014736,,1.31568581107696,,4.10522330900543,,4.1446952119806,
10/24/2014,,227.48,226.4,-0.366045781882698,159.8,159.8,,1.01010101010101,,1.13798636771828,,0.363118547525803,,1.20196798903906,,-0.448934194249389,,-0.474767012484607,
01/23/2015,,245.96,238.3,-3.66092221704705,176.8,176.8,,-2.47074122236671,,-2.74425491349411,,-1.13857560933583,,0.547876976715212,,-3.13775285018774,,-3.11432753293218,
04/24/2015,,227.077,202.3,-3.13202468978906,135.0,135.0,,-10.0968188105117,,-12.8896493473068,,-11.1801206973879,,-2.20820189274448,,-11.5079726651481,,-10.9112767915729,
07/31/2015,,73.088,89.0,1.02699426151537,-30.0,14.224806,,24.4635193133047,,18.5475053231283,,2.13776722090261,,0.899528818238066,,22.186568612897,,21.7710157618214,
10/30/2015,,171.423,181.0,0.551887209312847,114.0,124.65,,7.20562390158173,,7.44880236289238,,2.78526504941599,,-1.24510175704714,,5.8252427184466,,5.58676490319269,
01/29/2016,,200.846,206.0,-4.60208884257418,153.0,154.341772,,2.7900146842878,,0.645533854435208,,-1.743264659271,,2.14488061513558,,0.165562913907287,,2.56614520577955,
04/29/2016,,169.667,157.0,-1.59024459816016,-8.0,85.214885,,-4.67937608318889,,-11.4256166692202,,-6.59536541889483,,-0.643944321581893,,-10.6680156947906,,-7.46580065658024,
07/29/2016,,102.325,129.0,2.72352289289763,64.0,64.0,,27.4238227146814,,24.1791044776119,,9.36708860759494,,0.160513643659713,,26.7333856619571,,26.0688981187393,
10/28/2016,,151.583,169.0,-0.977734030627439,109.0,109.0,,10.4972375690608,,11.3373029084142,,5.24193548387097,,0.938551443244209,,12.2217149018335,,11.4900747445294,
01/27/2017,,209.917,231.0,0.664572595002191,146.0,181.346528,,10.3633916554509,,12.3466606537468,,9.27451364806537,,-1.11745317147681,,12.7798648230071,,10.0434933807171,
04/28/2017,,229.478,239.0,2.65801779220797,190.0,255.703465,,4.62287104622871,,10.2480220207814,,5.58823529411765,,2.30597706797708,,10.5111591072714,,4.14941737334297,
07/28/2017,,152.261,173.0,0.315482729459358,131.0,131.0,,12.7272727272727,,10.2751073731309,,4.13871276540352,,2.16990952037793,,12.7877008701518,,13.6206907875293,
10/27/2017,,190.045,223.0,2.90083384409872,174.0,174.0,,17.5616835994195,,16.1871809658059,,10.6706366473992,,1.72441069451036,,17.7686650625275,,17.3406298508248,
01/26/2018,,246.773,273.0,1.85587694365491,-479.0,260.57764,,9.15104740904079,,2.68674910314718,,-0.238813789336707,,-0.650690366608469,,5.63311402507809,,10.6279860438541,
04/27/2018,,274.0,288.0,2.51233302702491,290.0,269.08,,4.37375745526839,,2.79794526853278,,2.50920040147206,,1.41369986480397,,5.63920749526731,,5.10948905109489,
07/27/2018,,217.045,281.0,3.55974322242229,283.0,257.444444,,29.8377028714107,,28.1501951735334,,23.2539030402629,,3.71114887618451,,29.884840475741,,29.4662397198738,
10/26/2018,,263.522,280.0,0.316887623924746,241.0,241.0,,6.96266397578204,,8.85517402249027,,7.27969348659004,,2.17254408060454,,6.61643571619513,,6.25298836529778,
01/25/2019,,298.81,305.0,-2.55082414071087,249.0,249.0,,4.52961672473868,,3.27119240239184,,3.72208436724566,,0.739231061085112,,2.87332042158858,,2.07155048358489,
04/26/2019,,317.286,305.0,-3.15076360026086,396.0,143.75,,-3.02066772655008,,-5.64769693407725,,-6.78901947099325,,3.85136900116273,,-4.11061304765857,,-3.87221623393405,
07/26/2019,,146.053,157.0,-0.432105329299064,103.0,118.32433,,6.90789473684211,,-0.430164066476853,,-2.36559139784946,,2.63772852931743,,5.83867553591111,,7.49522433637105,
10/26/2019,,225.778,257.0,-0.645334280258422,243.0,202.076923,,16.2046908315565,,16.6376645289386,,15.4340836012862,,3.50395972343829,,12.3818099954975,,13.828628121429,
01/24/2020,,273.611,265.0,-4.03280929596719,277.0,227.0,,-1.69491525423729,,-4.22102839600921,,-6.2050947093403,,1.46537776647164,,-3.93996247654784,,-3.14716879072844,
04/24/2020,,231.917,265.0,2.92736898249574,196.0,208.105263,,11.214953271028,,12.3326711253029,,14.9496514329977,,1.40172979421413,,2.21986927843426,,14.2650172259903,
07/31/2020,,91.1,163.0,13.1388699311095,77.0,110.252747,,78.921568627451,,85.2173913043478,,55.1829322466579,,0.672134545346865,,75.0841750841751,,78.9242590559824,
10/31/2020,,164.35,,,,,,,,,,,,,,,,,
01/31/2021,,202.95,,,,,,,,,,,,,,,,,
