Date,Revenue,Consensus Estimate,Comparable Actual,Revenue Surprise %,GAAP Actual,Adjusted Actual,Earnings Per Share,EPS Surprise %,EBIT,EBIT Surprise %,EBITDA,EBITDA Surprise %,Gross Margin %,Gross Margin Surprise %,Pretax Income (Loss),Pretax Income (Loss) Surprise %,Net Income,Net Income Surprise %,Source: Bloomberg
03/31/1990,,,14.994,,14.994,14.994,,,,,,,,,,,,,
06/30/1990,,,18.648001,,18.648001,18.648001,,,,,,,,,,,,,
09/29/1990,,,21.021999,,21.021999,21.021999,,,,,,,,,,,,,
12/31/1990,,,0.0,,20.400999,20.400999,,,,,,,,,,,,,
03/31/1991,,,13.986,,13.986,13.986,,,,,,,,,,,,,
06/29/1991,,,13.365,,13.365,13.365,,,,,,,,,,,,,
09/28/1991,,,15.536,,15.536,15.536,,,,,,,,,,,,,
12/31/1991,,,0.0,,21.829,21.829,,,,,,,,,,,,,
04/02/1992,,,16.219999,,16.219999,16.219999,,,,,,,,,,,,,
07/04/1992,,,17.431,,17.431,17.431,,,,,,,,,,,,,
10/03/1992,,,20.427,,20.427,20.427,,,,,,,,,,,,,
12/31/1992,,,0.0,,25.148001,25.148001,,,,,,,,,,,,,
04/03/1993,,,21.745001,,21.745001,21.745001,,,,,,,,,,,,,
07/03/1993,,,30.417,,30.417,30.417,,,,,,,,,,,,,
10/02/1993,,,34.806999,,34.806999,34.806999,,,,,,,,,,,,,
12/31/1993,,,36.540001,,36.540001,36.540001,,,,,,,,,,,,,
03/31/1994,,,34.880001,,34.880001,34.880001,,,,,,,,,,,,,
07/02/1994,,,49.68,,49.68,49.68,,,,,,,,,,,,,
10/01/1994,,,64.524002,,64.524002,64.524002,,,,,,,,,,,,,
12/31/1994,,,77.549004,,77.549004,77.549004,,,,,,,,,,,,,
04/01/1995,,,67.307999,,67.307999,67.307999,,,,,,,,,,,,,
07/01/1995,,,69.933998,,69.933998,69.933998,,,,,,,,,,,,,
09/30/1995,,,63.002998,,63.002998,63.002998,,,,,,,,,,,,,
12/31/1995,,,0.0,,74.289001,74.289001,,,,,,,,,,,,,
03/30/1996,,,52.584,,52.584,52.584,,,,,,,,,,,,,
06/29/1996,,,55.243,,55.243,55.243,,,,,,,,,,,,,
09/28/1996,,,57.887001,,57.887001,57.887001,,,,,,,,,,,,,
12/31/1996,,,0.0,,82.455002,82.455002,,,,,,,,,,,,,
04/05/1997,,,65.012001,,65.012001,65.012001,,,,,,,,,,,,,
07/05/1997,,,72.995003,,72.995003,72.995003,,,,,,,,,,,,,
10/04/1997,,,79.984001,,79.984001,79.984001,,,,,,,,,,,,,
12/31/1997,,,0.0,,76.490997,76.490997,,,,,,,,,,,,,
04/04/1998,,,65.138,,65.138,65.138,,,,,,,,,,,,,
07/04/1998,,,72.225998,,72.225998,72.225998,,,,,,,,,,,,,
10/03/1998,,,65.125999,,65.125999,65.125999,,,,,,,,,,,,,
12/31/1998,,,61.219002,,61.219002,61.219002,,,,,,,,,,,,,
04/03/1999,,,28.173,,28.173,28.173,,,,,,,,,,,,,
07/03/1999,,,50.646999,,50.647,50.647,,,,,,,,,,,,,
10/02/1999,,,68.162003,,68.162,68.162,,,,,,,,,,,,,
12/31/1999,,,97.607002,,97.607,97.607,,,,,,,,,,,,,
04/01/2000,,,81.489998,,81.49,81.49,,,,,,,,,,,,,
07/01/2000,,,81.804001,,81.804,81.804,,,,,,,,,,,,,
09/30/2000,,,67.793999,,67.794,67.794,,-1.16279069767442,,,,,,,,,,,
12/31/2000,,,79.82,,79.82,79.82,,39.1891891891892,,,,,,,,,,,
03/31/2001,,,32.738998,,32.739,32.739,,1.94174757281554,,,,,,,,,,,
06/30/2001,,,33.292999,,33.293,33.293,,-1.37614678899083,,,,,,,,,,,
09/29/2001,,,20.462999,,20.463277,20.463277,,4.83870967741936,,,,,,,,,,,
12/31/2001,,,14.566,,26.46573,26.46573,,10.4651162790698,,,,,,,,,,,
03/30/2002,,,20.261999,,20.262295,20.262295,,25.0,,,,,,,,,,,
06/29/2002,,,42.248001,,59.748302,59.748302,,3.84615384615385,,,,,,,,,,,
09/28/2002,,,39.179001,,39.1788,39.1788,,4.16666666666667,,,,,,,,,,,
12/31/2002,,,42.491001,,42.891015,42.891015,,14.406779661017,,,,,,,,,,,
04/05/2003,,,16.282,,17.782,17.782,,-9.48275862068966,,,,,,,,,,,
07/05/2003,,,8.425,,8.425,8.425,,-50.0,,,,,,,,,,,
10/04/2003,,,11.928,,16.022,16.022,,-3.84615384615385,,,,,,,,,,,
12/31/2003,,,17.469,,20.552223,20.552223,,37.5,,,,,,,,,,,
04/03/2004,,,113.240997,,113.238,113.238,,78.75,,,,,,,,,,,
07/03/2004,,,251.442001,,251.442,251.442,,6.4690026954178,,,,,,,,,,,
10/02/2004,,,415.386993,,415.387,415.387,,12.5108601216334,,,,,,,,,,,
12/31/2004,,,341.411011,,341.410999,341.410999,,6.10610610610611,,,,,,,,,,,
04/02/2005,,,348.740997,,354.666,354.666,,4.54985479186836,,,,,,,,,,,
07/02/2005,,,322.707001,,322.707,322.707,,2.94117647058823,,,,,,,,,,,
10/01/2005,,264.667,291.877014,,291.877,291.877,,9.54063604240283,,,,,,,,,,10.2808487646741,
12/31/2005,,292.75,341.033997,,341.034,341.034,,15.3439153439154,,,,,,,,,,16.4932526046114,
04/01/2006,,346.333,379.161011,5.54034230425722,380.031,380.031,,5.5846422338569,,,,,,,,,,9.47874184671976,
07/01/2006,,404.0,452.78299,2.70777382622774,450.011,450.011,,8.69565217391303,,,,,,,,,,12.0749975247525,
09/30/2006,,482.0,517.578003,1.78732276940604,521.636,521.636,,7.41687979539641,,,,,,,,,,7.38132842323651,
12/31/2006,,348.333,408.158997,4.60163112183353,405.104,405.104,,18.8380281690141,,,,,,,,,,17.174943803774,
03/31/2007,,377.667,381.028992,4.69852100840336,381.029,381.029,,1.85933710590137,,,,,,,,,,0.890200096910782,
06/30/2007,,360.4,344.850006,6.89026170241847,344.85,344.85,,-1.55440414507772,,,,,,,,,,-4.31464872364039,
09/29/2007,,346.0,381.222,1.90916031831141,381.222,381.222,,10.4452054794521,,,,,,,,,,10.1797687861272,
12/31/2007,,363.75,364.846008,3.14173147294301,,,,3.27868852459017,,,,,,,,,,0.301308041237109,
03/29/2008,,391.571,409.753998,4.83180280295048,409.754,409.754,,6.49546827794561,,,,,,,,,,4.64360179890748,
06/28/2008,,538.0,580.754028,7.04568488352784,580.754,580.754,,7.24156992813709,,,,,,,,,,7.94684535315984,
09/27/2008,,698.889,734.590027,-0.853080302465526,734.59,734.59,,5.43130990415337,,,,,,,,,,5.10825424352078,
12/31/2008,,50.3,201.820999,22.5549464127546,105.892,105.892,,388.549618320611,,,,,,,,,,301.234590457257,
04/04/2009,,-173.4,-150.645,-13.0220263104603,-189.645369,-189.645369,,16.2108391608392,,,,-76.8791627021884,,,,,,13.1228373702422,
07/04/2009,,-190.0,-127.769,3.32112367748996,-133.337,-133.337,,27.3648648648649,,,,77.2548512916589,,,,,,32.7531578947368,
10/03/2009,,-47.457,-29.538,3.82328639441273,-29.538,-29.538,,34.2105263157895,,,,74.2021099389228,,,,,,37.7583918073203,
12/31/2009,,21.917,60.727,0.4234408775631,58.907,60.727,,191.412121212121,,,,26.6051044083527,,,,,,177.07715472008,
04/03/2010,,23.534,30.964,1.47014524878473,30.964,30.964,,63.9344262295082,,,,15.4942305990208,,,,,,31.5713435880003,
07/03/2010,,82.733,90.992,-1.16285342045016,90.992,90.992,,14.1732283464567,,,,4.50773660591402,,,,,,9.98271548233474,
10/02/2010,,47.45,23.495,6.44903258983096,23.495,23.495,,-33.9622641509434,,,,-2.30707395498393,,,,,,-50.4847207586934,
12/31/2010,,-35.38,-5.03242,0.000934163770328006,-11.359,-11.359,,85.1317757009346,,,,23.6941678520626,,,,,,85.7760881854155,
04/02/2011,,106.475,159.841,8.49770376310818,159.841,159.841,,41.643059490085,,,,35.6729992520569,,,,,,50.12068560695,
07/02/2011,,260.75,299.773,-1.44726285970296,299.773,299.773,,15.1960784313726,,,,13.8904741563434,,,,,,14.9656759348035,
10/01/2011,,168.3,181.518,8.23211236212993,181.518,190.58095,,9.404990403071,,,,4.59638778730213,,,,,,7.85383244206773,
12/31/2011,,86.93,118.00816,0.969856287079627,137.056,137.056,,30.887676056338,,,,22.6783172332292,,,,,,35.750787990337,
03/31/2012,,126.618,132.39284,0.387769641796953,145.104,132.504,,7.93238341968912,,,,7.74959527899114,,,,,,4.5608365319307,
06/30/2012,,145.0,147.2834,0.903410101808829,112.299,157.6598,,-2.9146750524109,,,,0.891329498606777,,,,,,1.57475862068966,
09/29/2012,,130.625,142.16,-0.678402978899459,110.308,142.16,,4.76854460093897,,,,-1.71003036264656,,,,,,8.83062200956937,
12/31/2012,,92.925,143.28026,-1.89567067185096,136.908,143.28026,,48.9072847682119,,,,16.0499653018737,,,,,,54.1891417810062,
03/30/2013,,74.256,84.789,-1.15764939333038,84.789,84.789,,6.99588477366256,,,,-2.81391304347827,,,,,,14.1847123464771,
06/29/2013,,94.389,85.145,1.71529454802788,85.145,85.145,,-9.99999999999999,,,,-2.64096169021547,,,,,,-9.79351407473328,
09/28/2013,,123.333,161.597,2.89329446064139,147.597,161.247,,26.4588688946015,,,,7.84919653893696,,,,,,31.0249487160776,
12/31/2013,,128.4,148.11836,2.51143861994755,170.494,170.494,,14.6965346534653,,,,6.20629539951574,,,,,,15.3569781931464,
04/05/2014,,116.25,130.21708,5.54636363636364,111.031,117.42636,,8.30425531914893,,4.99300155520995,,6.86031043235405,,,,14.507365792759,,12.0146924731183,
07/05/2014,,130.375,147.041,1.33159821470465,147.041,147.041,,14.713216957606,,6.02074074074073,,11.0149112426036,,,,12.6451931406429,,12.783125599233,
10/04/2014,,238.625,255.05711,5.78934449360491,245.447,255.05711,,5.59880636604775,,5.68283752860412,,2.35742251223491,,,,8.25834256096737,,6.88616448402305,
12/31/2014,,175.0,210.427,-6.86504052147728,210.427,210.427,,16.9064748201439,,,,10.9741162996311,,-18.4943492063492,,22.4394036052807,,20.244,
04/04/2015,,44.225,67.8,-5.8574196043069,67.8,67.8,,41.8918918918919,,15.5208480565371,,11.0069760685267,,,,,,53.3069530808366,
07/04/2015,,78.238,115.13376,0.313282688766123,124.755,124.755,,43.0274900398406,,40.2485753052917,,14.2180798878767,,-17.9158240740741,,67.6139534883721,,47.158362943838,
10/03/2015,,153.875,216.926,-6.3724778761258,226.389,216.1967,,42.6145569620253,,34.3233613445378,,22.8790737564322,,,,37.3143410852713,,40.9754670999188,
12/31/2015,,71.522,144.718,-5.48714934106195,-62.022,144.718,,103.53982300885,,73.2481857764877,,41.8935483870968,,,,101.63532875368,,102.340538575543,
04/02/2016,,92.75,70.754,2.16046191916415,87.196,87.196,,-18.5185185185185,,-14.2767816091954,,-5.05348589675359,,,,-13.4926650366748,,-23.7153638814016,
07/02/2016,,221.833,233.772,-5.96296788482835,242.768,242.768,,4.73457675753229,,1.19753997539975,,-3.73443297879018,,,,6.20962199312716,,5.38197653189561,
10/01/2016,,285.167,282.83712,-5.04125719344843,306.481,306.481,,-2.12746400885936,,-7.3788109349928,,-5.42968928717434,,-4.25996052631579,,-9.23952502517741,,-0.817023007570983,
12/31/2016,,113.667,137.21128,2.89082339173683,159.639,159.639,,24.131884057971,,7.9954356846473,,3.41781800857552,,,,20.5862884160756,,20.7133820721933,
04/01/2017,,369.0,363.32192,3.32368013465268,355.707,362.12992,,-1.45217770034842,,-8.17378048780488,,-5.74332129963899,,,,-4.3193493150685,,-1.53877506775068,
07/01/2017,,340.6,323.048,0.584191852064085,321.91,321.91,,-5.39303857008467,,-11.1389067524116,,-5.80298313263504,,-9.78175657894737,,-5.68241299303944,,-5.15325895478568,
09/30/2017,,266.714,255.66948,0.196065891472872,253.95,256.78815,,1.92672634271099,,-22.7348877374784,,-1.24736522059681,,-16.7723745819398,,-7.92579505300353,,-4.14095997960362,
12/31/2017,,198.571,208.691,5.31783587028459,382.572,207.372,,17.7305054151624,,-19.9283516483516,,4.45769449176605,,-22.3561142336321,,-0.440576271291169,,5.09641387715225,
03/31/2018,,358.714,375.979,3.26121787145095,352.998,374.798,,5.03106535362579,,-6.02786745964317,,2.28921269475027,,-11.4325276665082,,2.26204162537166,,4.81302653367306,
06/30/2018,,628.571,659.853,1.53792670877209,680.234,656.934,,-0.386966938188786,,5.39696362073904,,-2.83539494610354,,10.2485346196117,,1.92657494353635,,4.97668521137627,
09/29/2018,,689.143,743.964,3.15773786846574,673.849,741.157,,1.70576006929406,,17.8996314496314,,-6.53064069707842,,27.3827719344961,,0.303137714550382,,7.95495274565657,
12/31/2018,,576.222,646.779,1.44016756626118,644.342,644.342,,7.44610624033006,,20.3502296338171,,2.51347785108387,,12.6186906355581,,9.7203948191246,,12.244759832148,
03/30/2019,,472.111,501.806,-0.127661658762836,499.838,499.838,,8.61628989361702,,-0.248360775487353,,0.828632837011958,,3.68226204755521,,4.50991654252361,,6.2898343821686,
06/29/2019,,397.143,386.483,-1.82029207533346,384.052,399.3496,,-0.0621835443037938,,-15.0044515103339,,-6.39856933831897,,-11.3326479708777,,-3.14818840579711,,-2.68417169634111,
09/28/2019,,246.429,296.3796,-1.7641636087639,273.376,294.7246,,21.3233458177278,,-3.63040233918721,,-4.3773489237347,,-7.42324821065654,,8.92753324340503,,20.2697734438723,
12/31/2019,,107.157,188.33664,3.84366020478368,106.842,187.35564,,11.8210862619808,,-17.6131242112854,,-2.73099585727157,,7.19644798382001,,9.88286066584464,,75.7576639883535,
04/04/2020,,295.6,268.89824,4.68334997917255,19.701,268.30458,,-6.66119873817034,,,,-46.2496871088861,,-14.3118250746726,,-63.516957605985,,-9.03307171853858,
07/04/2020,,35.752,131.00698,-1.96777783894449,108.089,130.21498,,220.342222222222,,89.9863588667366,,30.3393476752255,,54.0708943376257,,217.42110799439,,266.43259118371,
09/30/2020,,113.283,,,,,,,,,,,,,,,,,
12/31/2020,,134.55,,,,,,,,,,,,,,,,,
