Date,Basic Shares Outstanding,Diluted Weighted Avg Shares,Basic Weighted Avg Shares,Per Share Data Items,Revenue,EBITDA,Operating Income,Net Income to Common - Basic,Net Income before XO - Basic,Normalized Net Income - Basic,Net Income to Common - Diluted,Net Income before XO - Diluted,Normalized Net Income - Diluted,Dividends,Cash Flow,Free Cash Flow,Cash & Equivalents,Book Value,Tangible Book Value,Source: Bloomberg
03/31/1990,77.771999,82.127998,82.127998,,0.185016,0.057508,0.053575,0.039167,0.039167,,0.039167,0.039167,0.039167,,-0.063742,,0.387504,0.553155,,
06/30/1990,78.323999,83.867998,83.867998,,0.197322,0.061955,0.057865,0.041667,0.041667,,0.041667,0.041667,0.041667,,-0.014726,,0.416718,0.594913,,
09/30/1990,79.02,85.068003,85.068003,,0.202356,0.062162,0.057801,0.043333,0.043333,,0.043333,0.043333,0.043333,,0.081946,,0.466781,0.648013,,
12/31/1990,80.49,83.862,83.862,,0.216427,0.064797,0.060039,0.045,0.045,0.045,0.045,0.045,0.045,,0.134483,,0.494881,0.697242,,
03/31/1991,82.427999,86.189999,86.189999,,0.217195,0.068279,0.063511,0.046667,0.046667,,0.046667,0.046667,0.046667,,0.047778,,0.511707,0.764655,,
06/30/1991,83.441998,87.516003,87.516003,,0.228187,0.068776,0.065577,0.048333,0.048333,,0.048333,0.048333,0.048333,,0.056687,,0.522435,0.824896,,
09/30/1991,84.300001,87.666,87.666,,0.231515,0.074647,0.067347,0.05,0.05,,0.05,0.05,0.05,,-0.052175,,0.461566,0.891329,,
12/31/1991,84.69,84.495,84.495,,0.248867,0.074265,0.06759,0.046667,0.046667,0.046667,0.046667,0.046667,0.046667,,0.025043,,0.478711,0.955213,,
03/31/1992,85.716002,88.337997,88.337997,,0.244402,0.073717,0.064661,0.046667,0.046667,,0.046667,0.046667,0.046667,,0.018305,,0.526938,1.016823,,
06/30/1992,83.298002,86.045998,86.045998,,0.168666,0.004242,-0.003672,0.001667,0.001667,,0.001667,0.001667,0.001667,,0.023406,,0.476938,1.006759,,
09/30/1992,81.941998,84.659998,84.659998,,0.192807,0.016112,0.006815,0.008333,0.008333,,0.008333,0.008333,0.008333,,0.039889,,0.465293,0.988504,,
12/31/1992,82.104,82.023,82.023,,0.211819,0.032369,0.020677,0.016667,0.016667,0.016667,0.016667,0.016667,0.016667,,0.082062,,0.52358,1.007028,,
03/31/1993,83.114651,86.334,86.334,,0.242813,0.042185,0.032803,0.025,0.025,,0.025,0.025,0.025,,-0.024869,,0.486292,1.034896,,
06/30/1993,83.988001,87.323999,87.323999,,0.289439,0.068778,0.059319,0.041667,0.041667,,0.041667,0.041667,0.041667,,0.031595,,0.497333,1.077416,,
09/30/1993,84.978001,89.021999,89.021999,,0.336703,0.090337,0.078385,0.053333,0.053333,,0.053333,0.053333,0.053333,,0.037642,,0.538787,1.170444,,
12/31/1993,85.002,89.4,89.4,,0.417573,0.104966,0.093602,0.063333,0.063333,0.063333,0.063333,0.063333,0.063333,,0.019016,,0.57201,1.240688,,
03/31/1994,94.548002,91.679998,91.679998,,0.462882,0.122219,0.114518,0.078333,0.078333,,0.078333,0.078333,0.078333,,0.00925,,1.116248,1.779012,,
06/30/1994,94.800001,99.251999,99.251999,,0.514146,0.149972,0.140007,0.1,0.1,,0.1,0.1,0.1,,0.209104,,1.274219,1.881825,,
09/30/1994,95.981998,100.596004,100.596004,,0.591803,0.198666,0.176081,0.125,0.125,,0.125,0.125,0.125,,0.072806,,1.308329,2.037049,,
12/31/1994,97.014006,101.861994,101.861994,,0.703687,0.212003,0.211944,0.15,0.15,0.15,0.15,0.15,0.15,,0.056292,,1.407415,2.208073,,
03/31/1995,97.589996,102.089996,102.089996,,0.745715,0.242296,0.225478,0.163333,0.163333,,0.163333,0.163333,0.163333,,0.119032,0.100274,1.499529,2.3946,,
06/30/1995,98.609997,102.737995,102.737995,,0.850688,0.291625,0.260439,0.186667,0.186667,,0.186667,0.186667,0.186667,,0.151852,0.100946,1.58559,2.580479,,
09/30/1995,98.910004,103.620003,103.620003,,0.968992,0.309853,0.297915,0.211667,0.211667,,0.211667,0.211667,0.211667,,0.092415,0.011272,1.645678,2.82108,,
12/31/1995,95.652,102.821994,102.821994,,1.067836,0.356305,0.341804,0.241667,0.241667,0.241667,0.241667,0.241667,0.241667,,0.213767,0.177637,1.566083,2.851817,,
03/31/1996,96.257996,99.047997,95.874001,,1.202453,0.41565,0.389647,0.266667,0.266667,0.266667,0.256667,0.256667,0.256667,,0.163193,0.087584,1.644767,3.113913,,
06/30/1996,96.558002,99.186001,96.306004,,1.248603,0.437096,0.405914,0.276667,0.276667,0.276667,0.266667,0.266667,0.266667,,0.095145,0.053444,1.680254,3.397771,,
09/30/1996,96.948006,98.501999,96.569996,,1.259159,0.400114,0.374702,0.26,0.26,0.26,0.256667,0.256667,0.256667,,0.151113,0.085979,1.774601,3.637548,,
12/31/1996,199.08,199.08,194.268,,0.538467,0.138994,0.121585,0.086667,0.086667,0.086667,0.085,0.085,0.085,,0.143472,0.052206,0.887422,1.876813,,
03/29/1997,98.616005,102.821995,98.279995,,1.034066,0.255342,0.218997,0.16,0.16,0.16,0.153333,0.153333,0.153333,,0.074064,0.013991,1.860408,4.014004,,
06/28/1997,99.779995,99.060001,99.060001,,1.155522,0.295437,0.249404,-1.553333,-1.553333,0.166667,-1.553333,-1.553333,0.166667,,-0.547981,-0.615132,0.497825,2.491461,,
09/27/1997,101.021999,105.828003,100.638004,,1.540969,0.354508,0.308055,0.2,0.2,0.2,0.19,0.19,0.19,,0.268646,0.172162,0.668963,2.765417,,
12/31/1997,104.952,104.952,101.1,,1.610584,0.389555,0.335341,0.22,0.22,0.22,0.213333,0.213333,0.213333,0.0,0.421513,0.284154,0.934608,2.867987,,
03/28/1998,101.504997,104.570995,101.448006,,1.608844,0.364768,0.312584,0.206667,0.206667,0.206667,0.2,0.2,0.2,0.0,0.110697,-0.009749,0.991675,3.195616,,
06/27/1998,102.278996,105.141003,101.795998,,1.403238,0.289952,0.23607,0.156667,0.156667,0.156667,0.153333,0.153333,0.153333,0.0,0.268812,0.093452,1.05045,3.353103,3.353103,
09/26/1998,102.519001,103.977001,102.285004,,1.043203,0.172058,0.109615,0.073333,0.073333,0.073333,0.073333,0.073333,0.073333,0.0,0.023738,,1.085594,3.461368,3.461368,
12/31/1998,103.497002,106.151997,102.894001,,1.030342,0.18142,0.116567,0.08,0.08,0.08,0.076667,0.076667,0.076667,0.0,0.192664,0.122184,1.263979,3.627786,,
03/27/1999,116.307003,113.394001,107.928005,,1.067665,0.179768,0.117847,0.086667,0.086667,0.086667,0.083333,0.083333,0.083333,0.0,0.145467,0.103143,2.923556,5.634132,5.634132,
06/26/1999,116.819996,120.779995,116.334,,1.125019,0.188131,0.128466,0.106667,0.106667,0.106667,0.103333,0.103333,0.103333,0.0,0.121512,0.090842,2.955539,5.737862,5.737862,
09/25/1999,117.317997,121.938,116.823006,,1.326074,0.314955,0.244858,0.186667,0.186667,0.186667,0.18,0.18,0.18,0.0,0.22683,0.108677,3.019307,5.969519,5.969519,
12/31/1999,119.063999,124.277996,118.182003,,1.62221,0.440735,0.372883,0.28,0.28,0.28,0.27,0.27,0.27,0.0,0.230983,0.172979,3.235713,6.464582,6.464582,
04/01/2000,130.623001,137.076004,128.244995,,1.715139,0.29676,0.223463,-0.51,0.19,0.19,-0.48,0.17,0.17,0.0,0.344271,0.264603,3.44669,6.727238,6.727238,
07/01/2000,131.069,144.248993,135.759003,,2.680949,0.821338,0.734537,0.58,0.58,0.58,0.54,0.54,0.54,0.0,0.881349,0.665834,8.174351,11.364793,11.364793,
09/30/2000,131.447998,147.121002,138.938995,,2.10804,0.421833,0.322645,0.31,0.31,0.31,0.3,0.3,0.3,0.0,0.418169,0.29921,8.394559,12.018486,12.018486,
12/31/2000,140.600998,146.022995,140.031998,,3.161249,0.989874,0.904279,0.67,0.67,0.71,0.64,0.64,0.68,0.0,0.492716,0.337744,8.674647,11.674704,11.674704,
03/31/2001,142.451996,148.108002,141.009003,,3.253019,0.896716,0.819721,0.58,0.58,0.65,0.55,0.55,0.62,0.0,-0.009028,-0.241673,8.423554,12.231643,12.231643,
06/30/2001,143.199997,149.643005,142.266998,,2.649237,0.593258,0.509247,0.42,0.42,0.42,0.4,0.4,0.4,0.0,0.256265,0.139934,8.759197,12.931844,12.931844,
09/29/2001,143.315994,149.485992,143.218002,,2.120453,0.279274,0.175334,-0.1,-0.1,0.25,-0.1,-0.1,0.24,0.0,0.190318,0.035966,6.531979,12.940935,12.940935,
12/31/2001,143.606003,148.459,143.354004,,1.395364,0.152371,0.053044,0.12,0.12,0.12,0.12,0.12,0.12,0.0,0.102174,0.042852,6.419105,13.035626,13.035626,
03/30/2002,145.184006,150.623993,144.255005,,1.176243,-0.032449,-0.119247,0.03,0.03,-0.02,0.03,0.03,-0.02,0.0,0.443603,0.415854,6.599722,13.188091,13.188091,
06/30/2002,145.070999,151.052994,145.119995,,1.530781,0.114595,0.023146,0.08,0.08,0.08,0.08,0.08,0.08,0.0,0.240814,0.183117,6.492641,13.318272,13.318272,
09/28/2002,143.001999,146.093994,143.690994,,1.604102,0.134678,0.055612,0.03,0.03,0.11,0.03,0.03,0.11,0.0,0.550946,0.488061,6.46656,13.1276,13.1276,
12/31/2002,149.119003,145.703995,144.416,,1.507014,0.103977,0.054419,0.02,0.02,0.11,0.02,0.02,0.11,0.0,0.254882,0.217739,6.837841,13.785553,13.785553,
03/29/2003,149.910995,152.229004,149.434006,,1.59542,0.157615,0.068104,0.08,0.08,0.08,0.08,0.08,0.08,0.0,0.110651,0.05555,6.202347,13.891056,13.891056,
06/28/2003,149.949997,153.033997,149.949997,,1.594198,0.11143,0.029136,0.05,0.05,0.05,0.05,0.05,0.05,0.0,0.023908,-0.038073,6.340094,14.161281,14.161281,
09/27/2003,152.335999,155.451996,151.279999,,1.461522,-0.125324,-0.272376,-0.64,-0.23,0.04,-0.64,-0.23,0.04,0.0,0.102849,0.060947,6.416822,13.360624,13.360624,
12/31/2003,152.899002,156.580002,152.057007,,1.489645,0.520607,0.378503,0.07,0.07,0.07,0.07,0.07,0.07,0.0,0.049093,0.001296,6.554209,13.550514,11.847788,
03/27/2004,147.856995,156.100006,152.910995,,1.719052,0.286389,0.152017,0.11,0.11,0.12,0.11,0.11,0.12,0.0,0.196016,0.162519,6.984702,14.13154,12.36463,
06/26/2004,142.772995,151.386002,149.112,,2.268221,0.537388,0.395568,0.25,0.25,0.29,0.25,0.25,0.29,0.0,0.204102,0.161744,6.152739,13.771084,11.887976,
09/25/2004,139.789993,143.574005,142.332993,,2.922267,0.74677,0.585416,0.45,0.45,0.38,0.45,0.45,0.38,0.0,0.144309,0.101944,3.651091,12.992361,10.19171,
12/31/2004,140.306,140.687,139.466,,2.43982,0.584508,0.378888,0.27,0.27,0.28,0.27,0.27,0.28,0.0,0.424691,0.322415,4.189144,13.26981,10.566376,
04/02/2005,138.109942,141.099,139.89,,2.428622,0.438459,0.286375,0.22,0.22,0.22,0.22,0.22,0.22,0.0,0.639431,0.529373,4.869403,13.741198,11.547243,
07/02/2005,138.598511,138.944,138.067993,,2.387121,0.469102,0.316692,0.24,0.24,0.24,0.24,0.24,0.24,0.0,0.541335,0.457434,4.943293,13.529265,11.415065,
10/01/2005,133.377533,138.895004,137.848007,,2.458345,0.384627,0.236246,0.17,0.17,0.21,0.17,0.17,0.21,0.0,0.379846,0.316653,5.480638,14.183566,11.995956,
12/31/2005,132.82,134.752,133.98,,2.479982,0.393589,0.212868,0.17,0.17,0.2,0.17,0.17,0.2,0.0,0.425466,0.357897,4.888119,13.396198,10.664862,
04/01/2006,127.243874,132.264008,131.102005,,2.791002,0.49254,0.345342,0.19,0.18,0.26,0.19,0.18,0.26,0.0,0.233742,0.1643,4.809434,13.842387,11.644128,
07/01/2006,123.245468,125.910004,125.124001,,3.277333,0.741792,0.600644,0.42,0.42,0.42,0.42,0.42,0.42,0.0,0.734567,0.640373,4.247556,13.473307,11.184914,
09/30/2006,123.603943,123.357002,122.150002,,3.635137,0.941555,0.804061,0.57,0.57,0.57,0.57,0.57,0.57,0.0,1.156381,1.096087,5.362191,14.084689,11.813103,
12/31/2006,125.452003,124.446999,122.765999,,3.571877,1.230218,0.815478,0.35,0.35,0.65,0.34,0.34,0.64,0.0,1.493451,1.402799,6.802028,14.624756,12.541003,
03/31/2007,126.358292,127.137001,123.978996,,3.201946,0.679188,0.543713,0.43,0.43,0.43,0.42,0.42,0.42,0.0,-0.016341,-0.098517,6.778716,15.118992,13.054672,
06/30/2007,123.817039,126.629997,123.788002,,3.36329,0.724998,0.587496,0.46,0.46,0.46,0.45,0.45,0.45,0.0,0.561016,0.477486,6.996541,15.665542,13.563586,
09/29/2007,116.144974,121.902,120.414001,,3.266041,0.684264,0.543982,0.41,0.41,0.41,0.41,0.41,0.41,0.0,1.400319,1.346994,7.382687,15.7807,13.49825,
12/31/2007,105.344002,112.394997,111.160004,,3.269728,0.654228,0.508357,0.48,0.48,0.43,0.47,0.47,0.42,0.0,0.626574,0.570196,5.664926,14.515178,11.981726,
03/29/2008,99.861572,101.375,100.682999,,3.125781,0.42756,0.27086,0.15,0.15,0.15,0.15,0.15,0.15,0.0,-0.322994,-0.358631,2.975679,14.249335,11.489064,
06/28/2008,99.149925,98.202003,98.202003,,2.62459,0.197185,0.022586,-0.02,-0.02,0.07,-0.02,-0.02,0.07,0.0,1.605812,1.530987,4.324824,14.342341,11.605213,
09/27/2008,97.664421,98.348,97.581001,,2.562978,0.214652,0.065638,0.01,0.01,0.02,0.01,0.01,0.02,0.0,0.478403,0.419569,4.661923,14.302947,11.630971,
12/31/2008,97.088997,96.015999,96.015999,,1.962725,-0.066281,-0.231389,-1.36,-1.36,-0.21,-1.36,-1.36,-0.21,0.0,0.181001,0.168232,4.850066,12.84164,11.315751,
03/28/2009,97.657332,96.193,96.193,,1.028276,-0.430229,-0.554916,-0.69,-0.69,-0.471062,-0.69,-0.69,-0.471062,0.0,0.234861,0.217687,5.096617,12.205044,10.687277,
06/27/2009,97.586405,96.472,96.472,,1.235675,-0.470852,-0.594825,-0.52,-0.52,-0.50653,-0.52,-0.52,-0.508162,0.0,-0.042883,-0.102424,4.880782,11.863056,10.349433,
09/26/2009,96.9998,96.701,96.701,,1.829133,0.086917,-0.033888,-0.04,-0.04,-0.030005,-0.04,-0.04,-0.030005,0.0,0.068045,0.05031,4.985412,11.89922,10.376021,
12/31/2009,96.867,97.161,96.053,,2.542284,0.513144,0.396281,0.37,0.37,0.395248,0.36,0.36,0.388548,0.0,0.398676,0.369733,5.17586,12.179349,10.673336,
03/27/2010,96.049896,96.672,96.0,,2.877385,0.625635,0.510656,0.43,0.43,0.473802,0.43,0.43,0.473746,0.0,0.646333,0.607865,5.756539,12.668384,11.177638,
06/26/2010,91.913821,95.332,94.065,,3.416457,0.886589,0.775049,0.67,0.67,0.674482,0.66,0.66,0.661439,0.0,1.107798,1.076309,6.037851,12.885374,11.356388,
09/25/2010,90.187631,92.859,91.512,,4.012621,1.078951,0.977926,0.83,0.83,0.888682,0.82,0.82,0.874492,0.0,0.893413,0.824996,6.592334,13.694284,12.126208,
12/31/2010,90.988,91.934,89.576,,4.290848,1.088405,0.985956,0.91,0.91,0.944087,0.89,0.89,0.923334,0.0,0.986972,0.908915,7.377357,14.596848,13.052622,
03/26/2011,89.307628,92.855,90.321,,4.574628,1.337928,1.24042,1.07,1.07,1.07053,1.04,1.04,1.04359,0.0,0.927414,0.871625,7.149938,14.978653,13.39787,
06/25/2011,69.629867,82.074,80.068,,4.37407,1.128353,1.018147,0.81,0.81,0.80962,0.79,0.79,0.791117,0.0,1.188715,1.128416,11.66712,15.290062,13.265687,
09/24/2011,66.58939,70.379,68.883,,4.452927,0.955374,0.827113,0.74,0.74,0.719295,0.73,0.73,0.708192,0.0,1.447425,1.365518,11.061957,14.569603,12.480367,
12/31/2011,69.646,69.032,66.973,,4.221268,0.889836,0.762098,0.57,0.57,0.454661,0.56,0.56,0.4433,0.0,1.264062,1.114867,13.19154,15.801769,13.826379,
03/31/2012,72.168068,75.682,70.452,,4.637512,0.909371,0.788977,0.63,0.63,0.647102,0.59,0.59,0.605111,0.0,0.465026,0.390649,14.050134,11.102168,9.197641,
06/30/2012,,,,,,,,0.762,0.762,0.756,0.762,0.762,0.756,,1.095,,,17.205,,
09/30/2012,,,,,,,,0.8,0.8,0.766,0.8,0.8,0.766,,0.76,,,17.87,,
