Date,Revenue,Consensus Estimate,Comparable Actual,Revenue Surprise %,GAAP Actual,Adjusted Actual,Earnings Per Share,EPS Surprise %,EBIT,EBIT Surprise %,EBITDA,EBITDA Surprise %,Gross Margin %,Gross Margin Surprise %,Pretax Income (Loss),Pretax Income (Loss) Surprise %,Net Income,Net Income Surprise %,Source: Bloomberg
03/31/2007,,16.5,18.0,-9.80926430517711,1.0,1.0,,-30.0,,,,,,,,,,9.09090909090909,
06/30/2007,,30.0,49.0,2.70026719476296,29.0,29.0,,37.037037037037,,,,,,,,,,63.3333333333333,
09/30/2007,,56.1,52.299999,-18.6831805650236,112.0,112.0,,-8.25688073394495,,,,,,,,,,-6.77362032085562,
12/31/2007,,25.1,45.150002,1.06568494477814,-46.0,-46.0,,75.609756097561,,,,,,,,,,79.8804860557769,
03/31/2008,,5.848,7.75,12.4221022019111,-13.0,-13.0,,118.75,,,,,,,,,,32.5239398084815,
06/30/2008,,27.775,32.599998,12.0683517265931,41.0,41.0,,17.9245283018868,,,,,,,,,,17.3717299729973,
09/30/2008,,35.68,94.0,7.76660492193703,-807.0,-807.0,,154.416961130742,,,,,,,,,,163.452914798206,
12/31/2008,,23.075,16.0,-5.80767547059681,-34.0,-34.0,,-10.958904109589,,,,,,,,,,-30.6608884073673,
03/31/2009,,1.137,5.0,-10.1684467087275,-28.0,-8.5,,,,-3.7593984962406,,,,,,91.9385796545106,,339.753737906772,
06/30/2009,,5.863,62.0,-9.53241841590448,33.0,39.5,,642.424242424242,,161.412596214358,,,,42.9268292682927,,843.61334867664,,957.479106259594,
09/30/2009,,45.225,78.0,2.39270793771363,80.0,86.5,,63.1016042780749,,45.6986520176565,,,,18.6857142857143,,82.7676240208877,,72.4709784411277,
12/31/2009,,25.4,1.0,0.640914602459734,-21.0,-13.2,,-96.1240310077519,,-52.0871143375681,,,,-29.6446700507614,,-93.6373276776246,,-96.0629921259843,
03/31/2010,,14.56,53.0,23.8288870768649,48.0,53.2,,228.125,,94.4667201283079,,,,8.01736613603474,,170.579268292683,,264.010989010989,
06/30/2010,,72.2,73.0,0.0,937.0,940.9,,-3.87858347386172,,1.82741037229668,,,,4.40729483282675,,0.89686098654708,,1.10803324099723,
09/30/2010,,53.05,44.0,-6.64093126064656,58.0,69.05,,-5.66037735849057,,-12.7061105722599,,,,-11.1607142857143,,-13.3678930233208,,-17.0593779453346,
12/31/2010,,22.833,29.0,4.52565666364484,-110.0,-22.25,,25.6830601092896,,2.69576379974326,,,,,,73.5593220338983,,27.0091534182981,
03/31/2011,,46.5,25.253,-1.98802797220514,24.0,24.0,,-42.6934097421203,,-39.7131929276657,,,,-10.0330760749724,,-44.4161378479781,,-45.6924731182796,
06/30/2011,,71.014,76.746,4.16367552045944,78.0,67.6,,3.5653650254669,,0.99725437093673,,,,-4.23306772908365,,10.4424924909427,,8.07164784408708,
09/30/2011,,92.633,110.0,3.15145479120722,124.0,124.0,,18.2654402102497,,9.93788819875776,,,,0.275229357798159,,16.0662122687439,,18.7481782949921,
12/31/2011,,57.863,48.0,-5.37143689042312,50.0,50.0,,-16.3179916317992,,-21.4285714285714,,,,-1.98776758409786,,-19.1742523618344,,-17.0454349065897,
03/31/2012,,34.75,11.0,3.8669207007699,-46.0,-23.9,,-70.3947368421053,,-43.3218658968985,,,,-20.8022922636103,,-67.860127273896,,-68.3453237410072,
06/30/2012,,76.65,66.0,-7.4573661874098,39.0,40.3,,-15.3605015673981,,-11.1954459203036,,,,-11.7480865053681,,-10.2822580645161,,-13.894324853229,
09/30/2012,,39.688,39.0,-2.73040924884397,44.0,44.0,,-1.19760479041916,,-3.32744545758342,,,,-12.6235027874372,,3.8525294082403,,-1.73352146744609,
12/31/2012,,18.9,12.44,-0.336825414023522,-56.0,7.7,,-31.6770186335404,,-4.27451124774493,,,,-13.3644363078013,,-6.86274509803921,,-34.1798941798942,
03/31/2013,,22.111,35.0,0.202408865909143,22.0,33.05,,53.4391534391534,,39.6192203082502,,11.9942196531792,,1.80645161290322,,57.5475104211114,,58.2922527248881,
06/30/2013,,83.108,69.0,-7.70287039276642,49.0,52.25,,-17.1511627906977,,-16.1595672751859,,,,-1.32430548640843,,-16.6000930567383,,-16.9755017567503,
09/30/2013,,75.317,63.0,-4.3676455459231,51.0,58.15,,-16.6666666666667,,-13.5595313328539,,,,-2.19387755102041,,-12.8540305010893,,-16.3535456802581,
12/31/2013,,32.427,52.0,5.98772599104329,82.0,61.85,,61.7647058823529,,16.5189950236679,,,,-0.65395095367848,,52.8130515259782,,60.3601936657724,
03/31/2014,,42.043,35.0,-4.62209677648061,120.0,99.85,,-15.9420289855072,,-17.3429516080553,,-7.52772657217975,,2.64603655118285,,-15.75400168492,,-16.7518968674928,
06/30/2014,,53.727,45.0,2.9879424301202,21.0,35.95,,-14.4144144144144,,-13.2352409529663,,-4.65753424657534,,-5.12727461247343,,-14.8568284823557,,-16.2432296610643,
09/30/2014,,58.84,74.0,-0.14003517498617,52.0,68.25,,30.7053941908714,,14.3411524202211,,7.71880707925918,,-3.34770344350418,,25.2257676098736,,25.7647858599592,
12/31/2014,,49.273,55.0,-3.77718428080885,33.0,84.9,,14.0776699029126,,12.6754630750924,,1.29851336082864,,7.05555555555555,,15.5224098852087,,11.6229983966878,
03/31/2015,,15.217,22.0,-1.98944376776289,18.0,22.0,,52.0,,19.9208522375232,,8.36149394379651,,6.84103386589354,,53.6237122718236,,44.5751462180456,
06/30/2015,,63.1,93.0,-0.352360817477097,91.0,89.75,,46.2962962962963,,25.1755265797392,,18.8725552987954,,13.8937411764706,,47.789722593217,,47.3851030110935,
09/30/2015,,79.615,113.0,3.0960571579783,112.0,113.3,,42.8571428571428,,37.6366808705868,,21.1985688729875,,14.1442613301942,,44.6808510638298,,41.9330528166803,
12/31/2015,,52.987,79.0,0.484214603912454,109.0,79.0,,45.6953642384106,,22.3021582733813,,11.7554032683184,,14.3610793746242,,48.8261338691074,,49.0931737973465,
03/31/2016,,39.767,62.0,-0.565428109854604,57.0,62.0,,52.2988505747127,,33.3333333333333,,17.362371445856,,15.8185187126533,,58.9240008698998,,55.9081650614831,
06/30/2016,,96.843,150.0,5.84127371238439,138.0,146.45,,52.122641509434,,42.3123221095974,,30.3963660284381,,19.4674150323897,,54.0397615134407,,54.8898733000836,
09/30/2016,,116.267,125.0,0.62142679592344,112.0,119.8,,9.2184368737475,,5.26315789473685,,4.67937608318891,,2.56298809424695,,8.28587470923237,,7.51115965837254,
12/31/2016,,70.312,81.0,5.69806579417996,86.0,95.95,,19.205298013245,,15.1592057682293,,19.3521675371356,,1.16578508771929,,22.2829950802423,,15.2008192058255,
03/31/2017,,68.376,97.0,13.1335151532316,101.0,97.0,,38.2113821138211,,28.4835187954106,,14.8219359428682,,4.88108193609618,,38.2361072712192,,41.8626418626419,
06/30/2017,,121.0,136.0,6.75511899819981,96.0,135.0,,11.5241635687732,,5.79576816927323,,4.69353800808874,,-0.888080495356033,,11.7140121289499,,12.396694214876,
09/30/2017,,140.0,141.0,4.90044621188042,96.0,112.0,,-0.556881463802697,,-0.932642487046632,,3.63420782316347,,-0.542324132145573,,-0.507834418630968,,0.714285714285714,
12/31/2017,,116.25,125.0,5.959950305707,-4.0,137.0,,6.9364161849711,,9.06785034876347,,3.22942005907197,,1.23802759073738,,9.98219335917042,,7.52688172043011,
03/31/2018,,108.773,90.0,4.28801995225323,92.0,90.0,,-16.405433646813,,-15.9640635798203,,-10.9467284011696,,-9.80238453276047,,-17.2411951973197,,-17.258878582001,
06/30/2018,,164.0,131.0,-1.74399030368325,121.0,131.0,,-19.2546583850932,,-16.623484904565,,-12.613350828812,,-8.333332,,-19.7043701229277,,-20.1219512195122,
09/30/2018,,186.0,171.0,-3.92476326015304,161.0,171.0,,-6.77966101694915,,-8.7846840260459,,-7.08074534161491,,-5.15928106839087,,-9.05587668593449,,-8.06451612903226,
12/31/2018,,140.25,152.0,2.74135876042908,171.0,194.0,,8.83280757097791,,1.20469092620047,,1.94909784097147,,-5.02029083665339,,6.53036377757719,,8.37789661319073,
03/31/2019,,63.171,60.0,-0.235855125944006,44.0,60.0,,-3.22580645161291,,-1.27659574468085,,-1.5540700298777,,-2.84496436936264,,-5.11096087013249,,-5.01970841050482,
06/30/2019,,127.364,143.0,4.54070765011239,138.0,143.79,,11.6794543904518,,10.6586826347305,,7.98524096764849,,-0.904695464362841,,14.893839253074,,12.2766244778744,
09/30/2019,,163.75,179.0,2.04258584474787,150.0,179.0,,9.54301075268817,,7.41055260208849,,5.93681917211329,,-0.793382770078612,,-5.82423782045302,,9.31297709923664,
12/31/2019,,121.333,125.0,-0.737487614185617,73.0,125.0,,1.98555956678698,,1.205034454361,,2.26691665246293,,-3.40146801519225,,3.02624800904736,,3.02226105016772,
03/31/2020,,57.973,65.0,-2.02815787847208,-917.0,65.0,,13.6363636363636,,1.1333914559721,,7.90697674418605,,-2.29998466492868,,53.6932759191786,,12.1211598502751,
06/30/2020,,23.67,96.0,4.47762153640611,96.0,94.84,,235.87786259542,,116.601815823606,,56.5265486725664,,13.708409201099,,181.115879828326,,305.576679340938,
09/30/2020,,136.071,,,,,,,,,,,,,,,,,
12/31/2020,,118.529,,,,,,,,,,,,,,,,,
