Date,Basic Shares Outstanding,Diluted Weighted Avg Shares,Basic Weighted Avg Shares,Per Share Data Items,Revenue,EBITDA,Operating Income,Net Income to Common - Basic,Net Income before XO - Basic,Normalized Net Income - Basic,Net Income to Common - Diluted,Net Income before XO - Diluted,Normalized Net Income - Diluted,Dividends,Cash Flow,Free Cash Flow,Cash & Equivalents,Book Value,Tangible Book Value,Source: Bloomberg
03/31/1990,37.951,38.068001,38.068001,,28.00331,3.435694,1.994589,0.79,0.79,,0.79,0.79,0.79,0.38,0.852186,,1.367606,34.080077,,
06/30/1990,37.950001,38.050999,38.050999,,27.613203,2.87635,1.469344,0.52,0.52,,0.52,0.52,0.52,0.38,1.744475,,0.593966,34.157048,,
09/30/1990,37.945999,38.034,38.034,,27.71231,2.869433,1.338802,0.27,0.27,,0.27,0.27,0.27,0.38,2.39746,,0.712196,33.922814,,
12/31/1990,37.948509,37.947254,37.947254,,26.752131,2.781361,1.383236,0.04,0.04,,0.04,0.04,0.04,0.38,1.630711,,0.683716,33.538183,,
03/31/1991,37.948002,37.948002,37.948002,,26.16027,1.732555,0.205281,-0.53,-0.53,,-0.53,-0.53,-0.53,0.38,0.219722,,1.456888,32.726043,,
09/30/1991,37.945,37.946999,37.946999,,26.792369,1.061375,-0.833004,-0.47,-0.47,,-0.47,-0.47,-0.47,0.38,1.292065,,1.205666,30.531481,,
12/31/1991,37.944,37.942501,37.942501,,25.385781,1.309955,-0.449628,-0.73,-0.73,-0.73,-0.73,-0.73,-0.73,0.15,-1.423338,,0.580092,30.238009,,
03/31/1992,37.943001,37.944,37.944,,25.14047,0.895,-0.842297,-3.24,-1.3,,-3.24,-1.3,-1.3,0.15,0.006272,,0.555386,28.770445,,
06/30/1992,37.942001,37.943001,37.943001,,24.304878,0.541599,-1.154102,-1.39,-1.39,,-1.39,-1.39,-1.39,0.15,0.916533,,1.217279,27.394391,,
09/30/1992,37.941238,37.943001,37.943001,,24.629048,1.027067,-0.717392,-1.13,-1.13,,-1.13,-1.13,-1.13,0.15,0.473236,,1.050414,26.095932,,
12/31/1992,37.939999,37.941002,37.941002,,23.851771,2.413726,-0.166306,-1.2,-0.78,-0.78,-1.2,-0.78,-0.78,0.15,0.361192,,0.535899,29.953505,,
03/31/1993,37.950699,37.948002,37.948002,,25.931273,2.112891,0.210551,-0.56,-0.56,,-0.56,-0.56,-0.56,0.15,1.248024,,1.60358,29.211531,,
06/30/1993,37.95393,37.950001,37.950001,,25.665085,1.599341,-0.108037,-0.72,-0.72,,-0.72,-0.72,-0.72,0.15,1.869407,,0.871161,28.478869,,
09/30/1993,37.966999,37.952999,37.952999,,26.437173,1.559429,-0.114616,-0.91,-0.91,,-0.91,-0.91,-0.91,0.15,-0.635312,,0.254563,27.387126,,
12/31/1993,37.987999,37.950001,37.950001,,26.268776,1.667721,-0.102767,-0.98,-0.98,-0.98,-0.98,-0.98,-0.98,0.15,0.975731,,0.590423,25.921081,,
03/31/1994,38.034,38.02,38.02,,24.758021,1.299842,-0.461599,-1.35,-1.35,,-1.35,-1.35,-1.35,0.15,0.10768,,0.788715,24.406872,,
06/30/1994,38.037998,38.037998,38.037998,,26.296074,2.07135,0.318892,-0.86,-0.86,,-0.86,-0.86,-0.86,0.15,1.947316,,0.868579,23.571324,,
09/30/1994,38.233002,38.111,38.111,,28.599616,2.094408,0.972685,-1.19,-1.19,,-1.19,-1.19,-1.19,0.15,1.700008,,0.931551,22.011926,,
12/31/1994,38.284,38.110001,38.110001,,29.096828,4.185148,2.141433,0.32,0.32,0.32,0.32,0.32,0.32,0.15,1.910207,,0.769355,21.77492,,
03/31/1995,47.036999,61.257,54.355999,,22.49908,3.359703,2.248694,0.93,0.93,,0.85,0.85,0.85,0.15,2.66953,1.63682,0.756277,22.72662,,
06/30/1995,47.453999,61.405998,54.547001,,23.286339,4.288595,3.175243,1.82,1.82,,1.64,1.64,1.64,0.15,3.658295,2.57279,1.625806,24.817593,,
09/30/1995,48.133999,61.667,54.886002,,24.398024,4.713042,3.590169,2.03,2.03,,1.83,1.83,1.83,0.15,2.382466,0.920508,1.545415,27.096668,,
12/31/1995,47.812,61.074001,56.323002,,22.050673,3.511532,2.478739,0.79,0.79,0.79,0.79,0.79,0.79,0.15,2.0756,-0.615805,1.076487,28.144085,,
03/31/1996,48.275002,53.403,48.400002,,25.363635,2.565496,1.422107,0.32,0.32,0.32,0.3,0.3,0.3,0.15,0.692087,-2.870744,1.008079,28.07886,,
06/30/1996,48.470001,48.080002,48.080002,,26.237728,1.336522,0.136023,-0.55,-0.55,-0.55,-0.55,-0.55,-0.55,0.15,1.234047,-2.461377,1.263792,27.761996,,
09/30/1996,48.472,48.469002,48.469002,,27.984277,1.918133,0.657534,-0.24,-0.24,-0.24,-0.24,-0.24,-0.24,0.15,0.864367,-1.943613,1.200239,27.293447,,
12/31/1996,48.521,48.473,48.473,,26.050383,2.233821,0.566088,-0.16,-0.16,-0.46,-0.16,-0.16,-0.46,0.15,1.212593,-1.150496,5.376043,27.275716,,
03/31/1997,48.512001,48.512001,48.512001,,26.253503,1.280096,0.116054,-0.51,-0.51,-0.51,-0.51,-0.51,-0.51,0.15,0.602964,-1.089215,3.504803,26.659342,,
06/30/1997,48.717999,48.601002,48.601002,,27.427624,1.325281,0.182301,-0.53,-0.53,-0.53,-0.53,-0.53,-0.53,0.15,1.493591,-0.01679,5.107394,26.09709,,
09/30/1997,56.223999,54.813999,54.813999,,26.31335,1.729303,0.634145,-0.23,-0.23,-0.23,-0.23,-0.23,-0.23,0.15,0.257215,-0.80536,1.192551,22.110416,,
12/31/1997,56.223999,56.191002,56.191002,,25.713369,2.555035,1.05088,0.02,0.02,0.02,0.02,0.02,0.02,0.15,0.233062,-1.049136,1.130941,25.392786,,
03/31/1998,56.278,56.242001,56.242001,,26.483766,2.103232,0.853632,-0.32,-0.17,-0.1,-0.32,-0.17,-0.1,0.15,1.455425,0.294389,1.685241,25.121255,,
06/30/1998,56.328125,56.316002,56.316002,,27.318167,2.142375,0.879679,-1.2,-1.2,-0.04,-1.2,-1.2,-0.04,0.15,1.484978,0.338145,1.544965,23.712862,,
09/30/1998,56.334,60.848999,56.332001,,28.367357,2.265497,1.024107,0.77,0.77,0.19,0.72,0.72,0.14,0.15,2.950259,2.01129,1.289861,24.388789,16.411635,
12/31/1998,56.338001,56.334999,56.334961,,27.268733,2.284035,1.016314,-0.21,-0.21,0.08,-0.21,-0.21,0.08,0.15,2.433001,1.475389,1.320033,23.887624,14.982605,
03/31/1999,56.390999,60.880001,56.368999,,28.582252,2.566091,1.341393,0.23,0.23,0.27,0.22,0.22,0.26,0.15,1.70356,0.838333,1.008583,23.860811,15.116259,
06/30/1999,56.851188,61.314,56.6,,29.646784,4.911237,2.429311,0.98,0.98,0.98,0.92,0.92,0.92,0.15,4.608834,2.686943,1.290158,22.17477,13.524168,
09/30/1999,57.13692,61.667,57.078,,31.347227,5.810925,2.066313,0.8,0.8,0.8,0.74,0.74,0.74,0.15,5.866393,2.995112,1.227175,22.974147,14.134189,
12/31/1999,,112.595,112.357,,12.380635,,0.375873,0.2,0.2,0.2,0.2,0.2,0.2,,,,,,,
03/31/2000,57.219461,61.498,57.212,,34.019314,3.180609,1.892138,0.691533,0.691533,0.691533,0.643338,0.643338,0.643338,0.15,2.022653,0.853859,1.431908,24.771974,16.449299,
06/30/2000,57.330829,61.401,57.275,,34.480576,2.885989,1.542191,0.49,0.49,0.49,0.46,0.46,0.46,0.15,3.193488,1.516019,1.116328,25.300768,15.422697,
09/30/2000,57.331175,61.384,57.331,,34.381399,4.481711,3.207183,1.475641,1.475641,1.475641,1.378209,1.378209,1.378209,0.15,1.725123,0.749333,2.61186,26.738681,19.646868,
12/31/2000,57.337158,61.369,61.369,,32.798677,3.7239,2.518926,0.301671,0.301671,-0.352034,0.281836,0.281836,-0.352034,,2.46033,-1.767114,1.095625,26.963509,19.929136,
03/31/2001,57.390406,57.353,57.353,,33.150071,0.897843,-0.381392,-0.618974,-0.618974,-0.618974,-0.618974,-0.618974,-0.618974,0.1499,0.850749,-0.344062,1.165961,26.072023,19.17953,
06/30/2001,57.550571,61.709,57.484,,32.874939,2.474532,1.174118,0.342339,0.342339,0.342339,0.3189,0.3189,0.3189,0.15,3.098845,-1.028304,1.197677,26.448287,19.44502,
09/30/2001,58.028,61.959,57.831,,32.412305,2.155488,0.909651,0.259031,0.259031,0.259031,0.241773,0.241773,0.241773,0.15,0.803963,-0.732531,1.204487,28.181843,21.095488,
12/31/2001,58.062,58.042999,58.042999,,30.265492,2.014093,0.707234,-0.78,-0.78,0.03,-0.78,-0.78,0.03,0.15,2.310873,0.490085,0.976577,25.104475,18.072699,
03/31/2002,58.195,58.098999,58.098999,,30.778896,1.730649,0.478752,-0.17,-0.17,-0.17,-0.17,-0.17,-0.17,0.15,0.008864,-0.779755,0.967265,24.914615,17.841052,
06/30/2002,58.236,58.212002,58.212002,,32.433638,1.924844,0.573061,0.0,0.0,-0.07,0.0,0.0,-0.07,0.15,2.502302,1.536642,1.357305,24.977368,18.079264,
09/30/2002,58.282001,62.007,58.269001,,33.212015,2.137569,0.793012,0.09,0.09,0.09,0.09,0.09,0.09,0.15,1.321183,0.400608,1.536135,24.866339,18.06671,
12/31/2002,58.284,58.283001,58.283001,,30.898341,2.082889,0.758266,0.05,0.05,0.05,0.05,0.05,0.05,0.15,1.463823,0.065937,1.117837,21.589991,14.717762,
03/31/2003,58.291781,58.289,58.289,,31.794043,1.3273,0.030623,-0.53,-0.38,-0.38,-0.53,-0.38,-0.38,,0.726741,-0.056803,1.462573,20.282516,13.257512,
06/30/2003,58.313553,58.3,58.3,,33.087204,1.645523,0.380858,-0.12,-0.12,-0.12,-0.12,-0.12,-0.12,,1.826398,0.684151,1.684686,20.537335,13.306632,
09/30/2003,59.548948,62.697,58.411,,36.133622,2.579617,1.243927,0.51,0.51,0.51,0.48,0.48,0.48,,0.318793,-0.413878,1.587669,20.579809,13.514781,
12/31/2003,87.137306,71.02,71.02,,33.121909,1.730118,0.596381,0.05,0.05,0.05,0.05,0.05,0.05,,2.213996,1.256125,1.433129,24.539799,9.328312,
03/31/2004,87.442001,91.266998,86.074997,,41.00632,2.206866,1.06427,0.65,0.72,0.29,0.61,0.67,0.27,0.15,-1.11497,-1.932164,2.855367,25.377141,9.85802,
06/30/2004,87.915001,91.702,86.474,,39.331926,2.543354,1.378923,0.54,0.54,0.54,0.52,0.52,0.52,0.0,0.915154,-0.021556,2.049639,25.689063,10.385998,
09/30/2004,88.153,92.016,86.864,,42.030404,2.895929,1.720183,0.68,0.73,0.73,0.64,0.69,0.69,0.15,-1.187914,-2.072055,1.909249,26.48915,11.072363,
12/31/2004,93.575557,88.24,88.24,,30.467577,0.358012,-0.251802,-0.02,0.51,-0.24,-0.02,0.51,-0.24,0.15,-3.748606,-4.474411,13.278489,27.234826,12.53789,
03/26/2005,93.85259,92.956,92.956,,24.988166,0.523667,0.138022,-0.07,-0.03,0.11,-0.07,-0.03,0.11,0.15,-3.552842,-3.825821,8.945219,27.138686,12.363825,
06/25/2005,70.705143,81.726,81.726,,25.595331,0.198321,-0.259122,-0.28,-0.23,-0.17,-0.28,-0.23,-0.17,0.15,1.358674,0.945978,0.810959,24.386444,4.738453,
09/24/2005,70.744388,70.711,70.711,,32.352746,0.74359,0.207082,-0.07,-0.02,-0.02,-0.07,-0.02,-0.02,0.15,1.671451,0.962,1.108781,24.422842,4.291422,
12/31/2005,70.804612,70.783,70.783,,34.688569,0.535595,-0.02916,-0.62,-0.33,0.07,-0.62,-0.33,0.07,0.15,0.612167,0.002119,1.019679,23.7406,3.636938,
04/01/2006,70.859903,70.833,70.833,,34.214801,0.321178,-0.118081,-0.37,-0.21,0.7754,-0.37,-0.21,0.7754,0.15,1.015699,0.68646,1.081627,23.014864,3.101557,
07/01/2006,74.055572,74.924,72.877,,28.00542,1.039738,0.639036,0.36,0.36,0.3,0.35,0.35,0.29,0.15,1.084499,0.759636,2.348993,23.837828,4.885304,
09/30/2006,74.323079,74.779,74.235,,30.233906,1.273537,0.839052,0.41,0.41,0.56,0.41,0.41,0.56,0.15,2.543073,1.872513,4.221488,24.359647,5.427089,
12/30/2006,75.397094,75.464,74.625,,30.241943,1.348744,0.876489,0.76,0.72,0.475,0.76,0.71,0.468,0.15,0.480724,-0.564422,3.741126,25.60986,6.811576,
03/31/2007,75.328168,75.744,74.992,,32.486839,1.895909,1.46809,0.77,0.77,0.79,0.76,0.76,0.77,0.15,-1.078982,-1.454008,1.853822,26.345736,4.835296,
06/30/2007,75.374649,76.593,75.344,,28.302413,1.180824,0.742528,0.35,0.35,0.35,0.35,0.35,0.35,0.15,1.633468,1.217828,2.926912,27.163947,8.085981,
09/29/2007,75.394768,76.557999,75.375999,,30.715599,1.62703,1.197105,0.65,0.65,0.65,0.64,0.64,0.64,0.15,-0.142008,-0.697875,1.954393,27.92727,8.79772,
12/29/2007,75.397094,76.602,75.385,,29.157949,1.617802,1.165975,0.93,0.93,0.659,0.92,0.92,0.65,0.15,0.519347,-0.004683,2.024441,29.557943,10.770428,
03/29/2008,75.905846,76.553,75.646,,30.443394,1.505327,1.039288,0.82,0.82,0.69,0.81,0.81,0.68,0.15,1.882796,1.442879,2.784489,29.967204,11.328456,
06/28/2008,75.934846,75.916,75.916,,26.142592,0.891275,0.431727,-11.79,-11.79,-3.78,-11.79,-11.79,-3.78,0.15,-0.10264,-0.664893,2.053366,18.079736,11.680816,
09/27/2008,75.952456,75.931,75.931,,27.608447,1.17616,0.713977,-5.7,-5.7,0.36,-5.7,-5.7,0.36,0.15,1.476261,1.00079,3.087603,11.691814,5.654142,
12/27/2008,75.977152,75.954,75.954,,24.792743,0.47484,-0.021,-5.21,-5.21,0.02,-5.21,-5.21,0.02,0.0,-0.303486,-0.723517,2.247768,3.256742,2.180195,
03/28/2009,76.289256,77.141,76.128,,25.111969,0.753547,0.361221,0.17,0.17,0.250197,0.17,0.17,0.246483,0.0,0.040563,-0.102236,1.956435,3.307963,2.241259,
06/27/2009,76.289602,76.285,76.285,,21.732687,0.040493,-0.360005,-0.23,-0.23,0.053366,-0.23,-0.23,0.053366,0.0,1.45663,1.35543,3.877842,3.54431,2.454974,
09/26/2009,76.292594,77.152,76.285,,24.014511,0.700937,0.330301,0.07,0.07,0.085941,0.07,0.07,0.081665,0.0,3.341797,3.2716,7.169058,3.890981,2.786902,
12/26/2009,84.624726,81.232,81.232,,22.288027,-0.018429,-0.359723,-0.04,-0.04,-0.028806,-0.04,-0.04,-0.028921,0.0,-0.125468,-0.301888,5.749738,5.515138,4.524812,
03/27/2010,84.81262,85.847,84.655,,22.647853,0.895021,0.58299,0.29,0.29,0.395712,0.29,0.29,0.391576,0.0,0.75634,0.647132,6.363959,5.76933,4.787247,
06/26/2010,85.01381,86.101,84.928,,19.465583,0.631535,0.33101,0.14,0.14,0.145547,0.14,0.14,0.145547,0.0,0.046628,-0.181142,6.130804,5.914698,4.947184,
09/26/2010,85.02613,86.543,85.014,,21.330204,0.771308,0.48138,0.23,0.23,0.356424,0.23,0.23,0.34942,0.0,1.035006,0.781354,6.914768,6.349072,5.373583,
12/25/2010,85.05771,86.722,85.038,,20.769691,0.616513,0.33017,0.14,0.14,0.095981,0.14,0.14,0.094337,0.0,-0.797773,-1.307639,5.435439,6.699734,5.72121,
03/26/2011,85.967898,86.427,85.368,,21.823177,0.580194,0.335161,0.13,0.13,0.13,0.13,0.13,0.13,0.0,0.010203,-0.189076,5.165777,6.882557,5.921164,
06/25/2011,86.00428,85.978,85.978,,19.163228,0.298425,0.046768,-0.04,-0.04,0.069541,-0.04,-0.04,0.064678,0.0,0.299844,0.169811,5.328712,7.229443,6.259386,
09/24/2011,86.089903,87.087,86.033,,20.62891,0.726465,0.480002,0.25,0.25,0.25,0.25,0.25,0.25,0.0,0.605489,0.450234,5.638594,7.299021,6.350013,
12/31/2011,86.158662,87.333,86.127,,21.314837,0.383341,0.145796,0.03,0.03,0.167276,0.03,0.03,0.16168,0.0,-0.291012,-0.617077,4.957261,6.270606,5.324444,
03/31/2012,86.574354,87.326,86.341,,21.692035,0.427827,0.206715,0.06,0.06,0.246475,0.06,0.06,0.246475,0.0,1.001934,0.822043,5.790733,6.482104,5.536051,
06/30/2012,86.62417,87.461,86.576,,18.508582,0.47661,0.266679,0.12,0.12,0.12,0.12,0.12,0.12,0.0,-0.050476,-0.247297,5.131408,6.521009,5.585635,
09/29/2012,86.716145,88.104,86.661,,20.131074,0.598851,0.386091,5.0,5.0,0.345473,4.92,4.92,0.345327,0.02,0.873426,0.693403,5.835384,11.718129,10.780761,
12/29/2012,86.883521,86.795,86.795,,19.592062,-0.365205,-0.57743,-0.39,-0.39,0.159341,-0.39,-0.39,0.159341,0.04,0.315352,-0.13404,5.697927,11.590023,10.660445,
03/30/2013,86.984543,88.298,86.902,,20.33013,1.383777,1.172551,0.65,0.65,0.12307,0.64,0.64,0.12307,0.02,0.378127,0.051748,6.658148,12.255775,11.326874,
06/29/2013,87.136058,87.049,87.049,,17.611334,0.203368,-0.009983,-0.12,-0.12,0.018558,-0.12,-0.12,0.013815,0.0,-0.139324,-0.368092,6.220054,10.364194,9.45752,
09/28/2013,87.433875,89.183,87.239,,19.083885,0.98339,0.765575,0.35,0.35,0.156811,0.34,0.34,0.152745,0.02,0.739257,0.544298,5.766655,10.755831,9.851193,
12/31/2017,610.353994,520.0,520.0,,4.963462,,0.113462,-0.1,-0.09,-0.048558,-0.1,-0.09,-0.048558,0.025,,,1.019081,3.502885,1.374612,
06/30/2018,614.166542,533.333333,533.333333,,4.9275,,0.09,0.03,0.03,0.056362,0.03,0.03,0.050737,0.025,,,1.216282,3.510448,1.362823,
