Date,Basic Shares Outstanding,Diluted Weighted Avg Shares,Basic Weighted Avg Shares,Per Share Data Items,Revenue,EBITDA,Operating Income,Net Income to Common - Basic,Net Income before XO - Basic,Normalized Net Income - Basic,Net Income to Common - Diluted,Net Income before XO - Diluted,Normalized Net Income - Diluted,Dividends,Cash Flow,Free Cash Flow,Cash & Equivalents,Book Value,Tangible Book Value,Source: Bloomberg
08/31/1989,5174.887562,5513.0625,5513.0625,,0.030086,0.003315,0.001726,0.000988,0.000988,,0.000988,0.000988,0.000988,,-0.001282,,0.008182,0.047256,,
11/30/1989,5240.943237,5537.524658,5537.524658,,0.035055,0.004767,0.002952,0.001728,0.001728,,0.001728,0.001728,0.001728,,-0.002358,,0.007212,0.054368,,
02/28/1990,5278.850807,5554.169975,5554.169975,,0.042857,0.009287,0.007504,0.004444,0.004444,,0.004444,0.004444,0.004444,,0.001839,,0.010652,0.060278,,
05/31/1990,5311.089,5561.054919,5561.054919,,0.05725,0.014954,0.012192,0.007407,0.007407,0.007407,0.007407,0.007407,0.007407,,0.010763,,0.009382,0.063417,,
08/31/1990,5332.230148,5321.011322,5321.011322,,0.040368,-0.003729,-0.006766,-0.005432,-0.005432,,-0.005432,-0.005432,-0.005432,,-0.00186,,0.009414,0.067266,,
11/30/1990,5414.364143,5381.96402,5381.96402,,0.047681,0.004054,0.000914,-0.000247,-0.000247,,-0.000247,-0.000247,-0.000247,,-0.004666,,0.009562,0.069091,,
02/28/1991,5561.41951,5583.006203,5583.006203,,0.048263,0.008206,0.005155,0.002222,0.002222,,0.002222,0.002222,0.002222,,0.00738,,0.012979,0.059026,,
05/31/1991,5520.028379,5673.563879,5673.563879,,0.0506,0.008763,0.005125,0.000988,0.000988,0.000988,0.000988,0.000988,0.000988,,0.014227,,0.018384,0.062443,,
08/31/1991,5543.396713,5685.146713,5685.146713,,0.043046,0.00451,0.001508,0.000494,0.000494,,0.000494,0.000494,0.000494,,0.011794,,0.013693,0.062377,,
11/30/1991,5601.878723,5762.218208,5762.218208,,0.049277,0.007791,0.00485,0.002469,0.002469,,0.002469,0.002469,0.002469,,0.008037,,0.007797,0.066739,,
02/29/1992,5628.97348,5825.762718,5825.762718,,0.04971,0.007711,0.005128,0.002963,0.002963,,0.002963,0.002963,0.002963,,0.007639,,0.019257,0.069707,,
05/31/1992,5665.828621,5647.40104,5647.40104,,0.063787,0.01133,0.00837,0.004691,0.004691,0.004691,0.004691,0.004691,0.004691,,0.014955,,0.031152,0.076782,,
08/31/1992,5684.863678,5653.962158,5653.962158,,0.054279,0.006501,0.002836,-0.005926,0.001728,,-0.005926,0.001728,0.001728,,0.010323,,0.038628,0.072769,,
11/30/1992,5751.850342,5913.485733,5913.485733,,0.059723,0.012119,0.008727,0.005679,0.005679,,0.005679,0.005679,0.005679,,0.005015,,0.038283,0.075638,,
02/28/1993,5787.612282,5960.223015,5960.223015,,0.062094,0.014636,0.01138,0.004938,0.004938,,0.004938,0.004938,0.004938,,0.013313,,0.046645,0.079046,,
05/31/1993,5760.233879,5974.195581,5974.195581,,0.079109,0.020845,0.017661,0.011605,0.011605,0.011605,0.011605,0.011605,0.011605,,0.025126,,0.062111,0.09167,,
09/01/1993,5768.293579,5994.242867,5994.242867,,0.066406,0.013022,0.009135,0.006173,0.006173,,0.006173,0.006173,0.006173,,0.008874,,0.050031,0.09603,,
11/30/1993,5873.087082,5992.623138,5992.623138,,0.075454,0.019566,0.015339,0.01037,0.01037,,0.01037,0.01037,0.01037,,0.010771,,0.049679,0.100987,,
02/28/1994,5784.351814,5989.342278,5989.342278,,0.080608,0.021794,0.017342,0.011852,0.011852,,0.011852,0.011852,0.011852,,0.021182,,0.055916,0.113017,,
05/31/1994,5798.810088,5978.20502,5978.20502,,0.111761,0.033233,0.028337,0.019259,0.019259,0.019259,0.019259,0.019259,0.019259,,0.033262,,0.080147,0.127708,,
08/31/1994,5794.516983,5983.834213,5983.834213,,0.092996,0.01975,0.01463,0.01037,0.01037,,0.01037,0.01037,0.01037,,0.017013,,0.085131,0.134621,,
11/30/1994,5801.037918,5986.345688,5986.345688,,0.111968,0.028799,0.023041,0.015802,0.015802,,0.015802,0.015802,0.015802,,0.0108,,0.056791,0.141824,,
02/28/1995,5821.780655,5980.837418,5980.837418,,0.12076,0.032102,0.025891,0.017778,0.017778,,0.017778,0.017778,0.017778,,0.025255,,0.069145,0.161981,,
05/31/1995,5850.319432,6003.328635,6003.328635,,0.169552,0.052456,0.044874,0.03037,0.03037,0.03037,0.03037,0.03037,0.03037,,0.041841,,0.100134,0.207058,,
08/31/1995,5867.289185,6027.979477,6027.979477,,0.128037,0.029108,0.020757,0.008889,0.008889,,0.008889,0.008889,0.008889,,0.026987,0.017089,0.098393,0.222573,,
11/30/1995,5876.603806,6036.390198,6036.390198,,0.160226,0.042926,0.033896,0.022963,0.022963,0.022963,0.022963,0.022963,0.022963,,0.013273,-0.000137,0.094351,0.248731,,
02/29/1996,5888.052109,6034.310898,6034.310898,,0.169073,0.045541,0.036449,0.024444,0.024444,,0.024444,0.024444,0.024444,,0.046667,0.033508,0.12054,0.270234,,
05/31/1996,5902.433899,6045.00293,6045.00293,,0.242196,0.068651,0.058762,0.044444,0.044444,,0.044444,0.044444,0.044444,,0.06034,0.045722,0.142468,0.316895,,
08/31/1996,5915.789978,6064.289978,5908.931763,,0.17809,0.039202,0.02858,0.018889,0.018889,0.018889,0.018889,0.018889,0.018889,0.0,0.039618,0.02456,0.168327,0.337377,,
11/30/1996,5921.207886,6083.540771,5920.172974,,0.221509,0.05711,0.046314,0.03,0.03,0.03,0.03,0.03,0.03,0.0,0.002474,-0.011863,0.148394,0.360726,,
02/28/1997,5880.689758,6058.673767,5910.930176,,0.232216,0.061357,0.050234,0.027778,0.027778,0.032222,0.027778,0.027778,0.032222,0.0,0.043041,0.031783,0.177372,0.351642,,
05/31/1997,5867.819824,6016.57196,5880.699097,,0.331258,0.107494,0.095192,0.061667,0.061667,0.061667,0.059999,0.06,0.06,0.0,0.089674,0.064109,0.206753,0.403849,,
08/31/1997,5882.987915,6037.595947,5875.709839,,0.232964,0.048874,0.036767,0.001667,0.001667,0.026667,0.001667,0.001667,0.025,0.0,0.076049,0.062861,0.252988,0.415655,,
11/30/1997,5903.783936,6051.3479,5894.946167,,0.273748,0.060486,0.046142,0.031667,0.031667,0.031667,0.03,0.03,0.03,0.0,0.029004,0.015805,0.256513,0.452011,,
02/28/1998,5840.771851,5949.845947,5849.682129,,0.298949,0.068929,0.054409,0.036667,0.036667,0.036667,0.035,0.035,0.035,0.0,0.061733,0.047154,0.259695,0.441215,,
05/31/1998,5840.021851,5954.615845,5842.044067,,0.412964,0.118601,0.10355,0.07,0.07,0.07,0.0675,0.0675,0.0675,0.0,0.108805,0.09378,0.328629,0.506429,,
08/31/1998,5831.430174,5934.893922,5837.363892,,0.299641,0.061542,0.047596,0.033333,0.033333,0.033333,0.033333,0.033333,0.033333,0.0,0.102369,0.08724,0.39474,0.528378,0.528378,
11/30/1998,5758.271851,5899.620117,5783.040161,,0.355513,0.081432,0.066067,0.046667,0.046667,0.046667,0.046667,0.046667,0.046667,0.0,0.004982,-0.00965,0.331361,0.523648,0.506479,
02/28/1999,5757.911865,5981.843994,5761.409912,,0.360835,0.087835,0.070587,0.05,0.05,0.05,0.05,0.05,0.05,0.0,0.077179,0.062247,0.380148,0.580358,0.563166,
05/31/1999,5724.536133,5931.23584,5747.591797,,0.512089,0.158683,0.140284,0.0925,0.0925,0.0925,0.09,0.09,0.09,0.0,0.128065,0.112818,0.447681,0.645514,0.545008,
08/31/1999,5694.687988,5964.804199,5721.839844,,0.346832,0.07707,0.060446,0.0425,0.0425,0.0425,0.04,0.04,0.04,0.0,0.114669,0.105075,0.477945,0.614691,0.506477,
11/30/1999,5643.060059,6012.600098,5717.779785,,0.406081,0.117613,0.10075,0.0675,0.0675,0.0675,0.06,0.06,0.06,0.0,0.019584,0.007417,0.37812,0.602608,,
02/28/2000,5676.817871,5996.37793,5637.87793,,0.434457,0.154529,0.136527,0.135,0.135,0.09,0.125,0.125,0.085,0.0,0.172055,0.157486,0.487527,0.701852,,
05/31/2000,5615.144043,6009.585938,5637.855957,,0.59851,0.263647,0.246284,0.87,0.87,0.165,0.815,0.815,0.155,0.0,0.210265,0.200183,1.382333,1.150721,0.946097,
08/31/2000,5597.448242,5932.870117,5604.058105,,0.408276,0.133867,0.117422,0.09,0.09,0.09,0.08,0.08,0.08,0.0,-0.155924,-0.169021,0.904443,0.959526,0.736715,
11/30/2000,5580.987793,5874.986816,5584.428223,,0.48098,0.184421,0.1694,0.11,0.11,0.11,0.11,0.11,0.11,0.0,0.108869,0.094436,0.780537,0.882722,,
02/28/2001,5609.970215,5851.333008,5595.808105,,0.481789,0.171838,0.156925,0.1,0.1,0.1,0.1,0.1,0.1,0.0,0.180265,0.169061,0.888639,0.949037,0.81105,
05/31/2001,5592.36084,5800.032227,5602.589844,,0.587407,0.246731,0.23113,0.15,0.15,0.15,0.15,0.15,0.15,0.0,0.256351,0.239114,1.052804,1.122562,0.994489,
08/31/2001,5558.916992,5780.02002,5579.811035,,0.405928,0.148173,0.133657,0.09,0.09,0.09,0.09,0.09,0.09,0.0,0.226454,0.206283,1.088599,1.118801,0.956943,
11/30/2001,5496.055176,5695.859863,5528.37207,,0.430506,0.162767,0.148316,0.1,0.1,0.1,0.1,0.1,0.1,0.0,0.044513,0.035993,0.90238,1.038041,,
02/28/2002,5490.339844,5669.333984,5492.296875,,0.410393,0.154997,0.141787,0.09,0.09,0.09,0.09,0.09,0.09,0.0,0.118082,0.110942,1.021972,1.090953,,
05/31/2002,5431.0,5610.625977,5471.617188,,0.50698,0.247793,0.224115,0.12,0.12,0.14,0.12,0.12,0.14,0.0,0.19826,0.183798,1.075493,1.126312,1.044191,
08/31/2002,5356.0,5514.97998,5398.817871,,0.375638,0.12299,0.107431,0.06,0.06,0.07,0.06,0.06,0.07,0.0,0.225605,0.21764,1.198469,1.070762,0.993279,
11/30/2002,5269.0,5419.831055,5308.868164,,0.434933,0.165007,0.149561,0.1,0.1,0.1,0.1,0.1,0.1,0.0,0.047279,0.041252,1.040235,1.005504,0.935472,
02/28/2003,5242.0,5383.378906,5258.666992,,0.438704,0.168864,0.151369,0.11,0.11,0.11,0.11,0.11,0.11,0.0,0.138438,0.135966,1.152232,1.065242,0.997138,
05/31/2003,5233.0,5355.759766,5240.182129,,0.540439,0.255525,0.242358,0.16,0.16,0.16,0.16,0.16,0.16,0.0,0.157628,0.118889,1.245748,1.20772,,
08/31/2003,5224.0,5347.0,5230.0,,0.396176,0.129446,0.117782,0.08,0.08,0.08,0.08,0.08,0.08,0.0,0.239197,0.224665,1.417305,1.24464,1.198507,
11/30/2003,5226.0,5337.0,5226.0,,0.477995,0.186567,0.175086,0.12,0.12,0.12,0.12,0.12,0.12,0.0,0.066781,0.061615,1.544967,1.377535,1.332568,
02/29/2004,5195.0,5337.0,5218.0,,0.480836,0.18877,0.177654,0.12,0.12,0.12,0.12,0.12,0.12,0.0,0.107129,0.099272,1.543407,1.425602,,
05/31/2004,5171.0,5283.0,5185.0,,0.59325,0.281389,0.270781,0.19,0.19,0.19,0.19,0.19,0.19,0.0,0.196336,0.187657,1.660607,1.546123,,
08/31/2004,5128.0,5241.0,5154.0,,0.429763,0.14901,0.138727,0.1,0.1,0.1,0.1,0.1,0.1,0.0,0.27435,0.267753,1.841849,1.563183,,
11/30/2004,5104.0,5218.0,5123.0,,0.537966,0.230919,0.220769,0.16,0.16,0.16,0.16,0.16,0.16,0.0,0.075151,0.06383,1.848746,1.684757,,
02/28/2005,5136.0,5230.0,5122.0,,0.575947,0.207341,0.181179,0.11,0.11,0.16,0.1,0.1,0.16,0.0,0.147989,0.136665,1.778037,1.921729,-0.014408,
05/31/2005,5145.0,5234.0,5145.0,,0.753741,0.36171,0.311565,0.2,0.2,0.26,0.2,0.2,0.26,0.0,0.193392,0.186006,0.933333,2.106317,0.074052,
08/31/2005,5149.0,5244.0,5148.0,,0.537685,0.183178,0.145882,0.1,0.1,0.14,0.1,0.1,0.14,0.0,0.283217,0.273116,0.899592,2.200621,0.150709,
11/30/2005,5154.0,5238.0,5152.0,,0.638975,0.24903,0.216615,0.15,0.15,0.19,0.15,0.15,0.19,0.0,0.057842,0.051242,0.660264,2.350601,0.287156,
02/28/2006,5312.0,5304.0,5207.0,,0.666411,0.267909,0.223353,0.15,0.15,0.2,0.14,0.14,0.19,0.0,0.212406,0.198003,1.461596,2.83189,0.049887,
05/31/2006,5232.0,5373.0,5278.0,,0.919098,0.413983,0.363964,0.25,0.25,0.29,0.24,0.24,0.29,0.0,0.318113,0.303903,1.453555,2.869266,0.129014,
08/31/2006,5185.0,5307.0,5217.0,,0.688327,0.240943,0.191681,0.13,0.13,0.17,0.13,0.13,0.17,0.0,0.311098,0.301706,1.600386,2.873481,-0.052073,
11/30/2006,5178.0,5287.0,5184.0,,0.803048,0.308642,0.256944,0.19,0.19,0.23,0.18,0.18,0.22,0.0,0.046875,0.03588,1.511201,2.996138,0.052723,
02/28/2007,5136.0,5257.0,5159.0,,0.855592,0.335724,0.281062,0.2,0.2,0.24,0.2,0.2,0.24,0.0,0.27893,0.264005,1.254868,3.074572,-0.166861,
05/31/2007,5107.0,5224.0,5122.0,,1.137837,0.521476,0.459,0.31,0.31,0.36,0.31,0.31,0.36,0.0,0.432448,0.405896,1.374584,3.312904,-0.494224,
08/31/2007,5117.0,5217.0,5110.0,,0.886301,0.316243,0.247358,0.16,0.16,0.21,0.16,0.16,0.21,0.0,0.528571,0.511546,1.513191,3.475669,-0.331053,
11/30/2007,5128.0,5232.0,5125.0,,1.036683,0.423415,0.353171,0.25,0.25,0.29,0.25,0.25,0.29,0.0,0.117463,0.104,1.644306,3.762676,-0.009945,
02/29/2008,5149.0,5235.0,5148.0,,1.039044,0.42735,0.358003,0.26,0.26,0.3,0.26,0.26,0.3,0.0,0.350427,0.342852,2.040396,4.042533,0.336376,
05/31/2008,5150.0,5233.0,5150.0,,1.405631,0.680583,0.600777,0.4,0.4,0.46,0.39,0.39,0.45,0.0,0.445631,0.436311,2.144272,4.470874,-0.652621,
08/31/2008,5154.0,5235.0,5152.0,,1.034744,0.387811,0.295225,0.21,0.21,0.21779,0.21,0.21,0.21779,,0.628882,0.566188,2.526387,4.620877,-0.50388,
11/30/2008,5046.0,5187.0,5127.0,,1.093622,0.481958,0.385216,0.25,0.25,0.25804,0.25,0.25,0.2552,0.0,0.146284,0.131461,2.10979,4.522592,-0.76635,
02/28/2009,4983.0,5056.0,5005.0,,1.08951,0.487712,0.387612,0.27,0.27,0.271688,0.26,0.26,0.266092,0.0,0.450949,0.432567,2.266506,4.631146,-0.656031,
05/31/2009,5005.0,5043.0,4995.0,,1.373574,0.677878,0.577377,0.38,0.38,0.390953,0.38,0.38,0.390953,0.05,0.402002,0.394394,2.522278,5.012987,-0.203996,
08/31/2009,5012.0,5063.0,5009.0,,1.008984,0.445598,0.347375,0.22,0.22,0.232155,0.22,0.22,0.227676,0.05,0.746257,0.735277,4.103152,5.216081,0.077813,
11/30/2009,5009.0,5064.0,5010.0,,1.169261,0.534132,0.434731,0.29,0.29,0.30938,0.29,0.29,0.308166,0.05,0.12994,0.120958,4.149331,5.496307,0.369136,
02/28/2010,5015.0,5076.0,5015.0,,1.276969,0.482154,0.367498,0.24,0.24,0.28623,0.23,0.23,0.278551,0.05,0.355135,0.342971,3.487338,5.678166,-0.360319,
05/31/2010,5026.0,5090.0,5022.0,,1.892672,0.79769,0.657109,0.47,0.47,0.502122,0.46,0.46,0.490974,0.05,0.5,0.48626,3.674692,6.127736,0.209312,
08/31/2010,5025.0,5083.0,5026.0,,1.492638,0.52109,0.381417,0.27,0.27,0.300821,0.27,0.27,0.300821,0.05,0.759451,0.735973,4.703881,6.389254,0.414129,
11/30/2010,5051.0,5117.0,5044.0,,1.701427,0.68973,0.549167,0.37,0.37,0.389687,0.37,0.37,0.38868,0.05,0.187153,0.163164,4.918828,6.812908,0.989309,
02/28/2011,5061.0,5149.0,5057.0,,1.733043,1.008305,0.590666,0.42,0.42,0.435677,0.41,0.41,0.426939,0.05,1.470635,1.397073,4.81229,7.235131,1.357044,
05/31/2011,5068.0,5164.0,5065.0,,2.127345,0.995656,0.860612,0.63,0.63,0.652178,0.62,0.62,0.638258,0.06,0.745706,0.730306,5.692186,7.848461,2.044791,
08/31/2011,5051.0,5150.0,5062.0,,1.654287,0.670091,0.530028,0.36,0.36,0.380272,0.36,0.36,0.376493,0.06,1.070921,1.039313,6.268066,8.095823,2.256781,
11/30/2011,5032.0,5123.0,5041.0,,1.744098,0.756199,0.617139,0.43,0.43,0.443018,0.43,0.43,0.438052,0.06,0.248959,0.223368,6.162957,8.330684,2.538553,
02/29/2012,4979.0,5080.0,5007.0,,1.805273,0.808268,0.662473,0.5,0.5,0.513354,0.49,0.49,0.504245,0.06,0.601158,0.572798,5.973489,8.610765,2.329584,
05/31/2012,4905.0,5027.0,4950.0,,2.205253,1.085253,0.928485,0.7,0.7,0.707855,0.69,0.69,0.70052,0.06,0.819596,0.775758,6.254027,8.90683,2.175331,
08/31/2012,4831.0,4939.0,4867.0,,1.680912,0.744812,0.591535,0.42,0.42,0.439817,0.41,0.41,0.431581,0.06,1.165194,1.136634,6.542538,8.968951,2.207617,
11/30/2012,4748.0,4868.0,4792.0,,1.897746,0.874165,0.724332,0.54,0.54,0.540015,0.53,0.53,0.531387,0.06,0.165902,0.121661,7.096672,9.052864,2.243471,
02/28/2013,4719.0,4812.0,4735.0,,1.891869,0.857233,0.704118,0.53,0.53,0.540012,0.52,0.52,0.531005,0.06,0.674551,0.650053,7.079254,9.185844,2.242848,
05/31/2013,4646.0,4756.0,4684.0,,2.337105,1.225875,1.067464,0.81,0.81,0.787259,0.8,0.8,0.774878,0.12,0.974381,0.935312,6.934137,9.609987,2.295523,
08/31/2013,4569.0,4674.0,4608.0,,1.81684,0.785156,0.623481,0.48,0.48,0.486836,0.47,0.47,0.481198,0.12,1.365451,1.332248,8.558547,9.529656,1.89582,
11/30/2013,4506.0,4600.0,4535.0,,2.045204,0.912679,0.751929,0.56,0.56,0.573911,0.56,0.56,0.570801,0.12,0.252701,0.224917,8.205504,9.667776,1.94696,
02/28/2014,4483.0,4575.0,4496.0,,2.070062,0.95129,0.793372,0.57,0.57,0.575541,0.56,0.56,0.564947,0.12,0.673265,0.640569,8.303591,9.972563,1.968994,
05/31/2014,4464.0,4569.0,4475.0,,2.529609,1.258771,1.096983,0.81,0.81,0.822854,0.8,0.8,0.807939,0.12,0.995754,0.961341,8.696013,10.501344,2.484095,
08/31/2014,4438.0,4548.0,4451.0,,1.931251,0.824534,0.665693,0.49,0.49,0.506022,0.48,0.48,0.495018,0.12,1.51157,1.466412,11.630464,10.670122,2.713384,
11/30/2014,4398.0,4505.0,4417.0,,2.172968,0.967851,0.801902,0.57,0.57,0.571532,0.56,0.56,0.564985,0.12,0.240435,0.189495,10.171214,10.810141,1.590041,
02/28/2015,4373.0,4494.0,4389.0,,2.125085,0.931192,0.770791,0.57,0.57,0.577396,0.56,0.56,0.568721,0.12,0.515607,0.431761,10.010748,10.998171,1.583581,
05/31/2015,4343.0,4463.0,4359.0,,2.456068,1.078,0.913512,0.63,0.63,0.67334,0.62,0.62,0.65968,0.15,1.038541,0.901583,12.518536,11.204927,1.881188,
08/31/2015,4282.0,4412.0,4317.0,,1.956915,0.770211,0.614779,0.4,0.4,0.424025,0.4,0.4,0.418929,0.15,1.362289,1.258976,13.061653,10.998832,1.636852,
11/30/2015,4208.0,4316.0,4239.0,,2.121491,0.846426,0.697098,0.52,0.52,0.532825,0.51,0.51,0.524283,0.15,0.121727,0.075725,12.437025,10.913498,1.462452,
02/29/2016,4156.0,4256.0,4182.0,,2.15495,0.872549,0.723816,0.51,0.51,0.533839,0.5,0.5,0.521267,0.15,0.835725,0.747728,12.215351,11.037055,1.524783,
05/31/2016,4131.0,4238.0,4147.0,,2.554618,1.09742,0.956836,0.68,0.68,0.710267,0.66,0.66,0.691024,0.15,0.914637,0.871232,13.586299,11.447349,1.877511,
08/31/2016,4106.0,4221.0,4119.0,,2.086672,0.770575,0.641175,0.44,0.44,0.462901,0.43,0.43,0.447695,0.15,1.426317,1.353727,16.657574,11.552606,1.703361,
11/30/2016,4103.0,4195.0,4104.0,,2.201511,0.87232,0.74001,0.5,0.5,0.514057,0.48,0.48,0.49852,0.15,0.26462,0.080166,14.186205,11.811358,-0.387278,
02/28/2017,4115.0,4204.0,4107.0,,2.241295,0.880205,0.720477,0.55,0.55,0.571959,0.53,0.53,0.556174,0.15,0.657171,0.550037,14.423329,12.300122,0.078493,
05/31/2017,4137.0,4248.0,4132.0,,2.636012,1.159729,0.985721,0.78,0.78,0.800479,0.76,0.76,0.778028,0.19,1.080833,0.953775,15.972444,13.019096,0.758037,
08/31/2017,4171.0,4284.0,4156.0,,2.190568,0.828922,0.661453,0.52,0.52,0.531274,0.5,0.5,0.514933,0.19,1.579885,1.466073,16.0386,13.416207,1.379286,
11/30/2017,4143.0,4283.0,4160.0,,2.305048,0.895913,0.730529,0.53,0.53,0.581205,0.52,0.52,0.567587,0.19,0.204327,0.060337,17.277335,13.484914,1.474777,
02/28/2018,4093.0,4122.0,4122.0,,2.347404,0.973799,0.804221,-0.98,-0.98,0.700411,-0.98,-0.98,0.700411,0.19,0.803008,0.733624,17.213535,11.675788,-0.385048,
05/31/2018,3997.0,4149.0,4046.0,,2.722195,1.201928,1.028423,0.81,0.81,0.84963,0.79,0.79,0.82895,0.19,1.151755,1.058329,16.827871,11.601701,-1.014011,
08/31/2018,3811.0,3999.0,3904.0,,2.354764,0.896004,0.711578,0.58,0.58,0.596017,0.57,0.57,0.585466,0.19,1.721824,1.623719,15.768565,9.988717,-3.130412,
11/30/2018,3632.0,3817.0,3720.0,,2.57043,1.022849,0.833602,0.63,0.63,0.659105,0.61,0.61,0.641143,0.19,0.146774,0.033602,13.598844,8.417401,-5.316355,
02/28/2019,3443.0,3617.0,3526.0,,2.726602,1.174135,0.963982,0.78,0.78,0.719731,0.76,0.76,0.702707,0.19,0.811401,0.685763,11.626489,6.887598,-7.476038,
05/31/2019,3359.0,3495.0,3389.0,,3.285925,1.478607,1.256123,1.1,1.1,1.121373,1.07,1.07,1.087262,0.24,1.30481,1.182945,11.261387,6.485561,-8.119381,
08/31/2019,3296.0,3410.0,3317.0,,2.779017,1.136871,0.86735,0.64,0.64,0.664401,0.63,0.63,0.649594,0.24,1.808863,1.692493,10.832524,5.592536,-9.150789,
11/30/2019,3214.0,3331.0,3245.0,,2.962712,1.256394,0.980894,0.71,0.71,0.725152,0.69,0.69,0.702644,0.24,0.158089,0.050539,8.538892,4.842253,-10.186372,
02/29/2020,3161.0,3271.0,3190.0,,3.070846,1.387147,1.105956,0.81,0.81,0.820879,0.79,0.79,0.804553,0.24,0.944201,0.820063,8.180323,4.503322,-10.640304,
05/31/2020,3067.0,3162.0,3091.0,,3.377548,1.679392,1.394047,1.01,1.01,1.028675,0.99,0.99,1.010125,0.24,1.169201,1.029117,14.0388,3.936746,-11.552983,
08/31/2020,3068.682,3107.0,3041.0,,3.080237,1.286419,1.055903,0.74,0.74,0.781631,0.72,0.72,0.760534,0.24,1.95758,1.814206,13.777576,3.30435,-12.100309,
11/30/2020,,,,,,,,0.792,0.792,1.0,0.792,0.792,1.0,0.24,0.235,,,3.045,,
02/28/2021,,,,,,,,0.824,0.824,1.04,0.824,0.824,1.04,0.24,0.69,,,2.86,,
