Date,Revenue,Consensus Estimate,Comparable Actual,Revenue Surprise %,GAAP Actual,Adjusted Actual,Earnings Per Share,EPS Surprise %,EBIT,EBIT Surprise %,EBITDA,EBITDA Surprise %,Gross Margin %,Gross Margin Surprise %,Pretax Income (Loss),Pretax Income (Loss) Surprise %,Net Income,Net Income Surprise %,Source: Bloomberg
03/31/2019,,,,,273.0,275.5,,,,,,,,,,,,,
06/30/2019,,,,,308.0,302.333333,,,,,,,,,,,,,
09/30/2019,,,,,317.0,311.833333,,,,,,,,,,,,,
12/31/2019,,,,,218.0,227.972973,,,,,,,,,,,,,
03/31/2020,,201.0,247.95,-2.21976947469995,165.0,249.173554,,24.4567391304348,,18.4210526315789,,9.55555555555556,,9.97363999999999,,25.8426966292135,,23.3582089552239,
06/30/2020,,191.4,244.0,2.7625797648301,224.0,244.0,,26.410835214447,,24.6930422919509,,16.7243367935409,,2.49355052264808,,26.044039483675,,27.4817136886102,
09/30/2020,,237.6,,,,,,,,,,,,,,,,,
12/31/2020,,246.8,,,,,,,,,,,,,,,,,
