Date,Basic Shares Outstanding,Diluted Weighted Avg Shares,Basic Weighted Avg Shares,Per Share Data Items,Revenue,EBITDA,Operating Income,Net Income to Common - Basic,Net Income before XO - Basic,Normalized Net Income - Basic,Net Income to Common - Diluted,Net Income before XO - Diluted,Normalized Net Income - Diluted,Dividends,Cash Flow,Free Cash Flow,Cash & Equivalents,Book Value,Tangible Book Value,Source: Bloomberg
09/30/1989,164.875504,164.84512,164.84512,,3.472478,0.457975,0.310516,0.142222,0.133333,,0.142222,0.133333,0.133333,0.062222,0.076993,,0.139893,5.179854,,
12/31/1989,164.949752,164.936246,164.936246,,3.604969,0.488662,0.340986,0.151111,0.154074,,0.151111,0.154074,0.154074,0.062222,0.046012,,0.153362,5.348586,,
03/31/1990,165.034119,164.997002,164.997002,,3.857422,0.527816,0.385352,0.180741,0.180741,,0.180741,0.180741,0.180741,0.068148,0.308509,,0.142383,5.516368,,
06/30/1990,165.098247,165.067875,165.067875,,3.932285,0.587643,0.433931,0.201481,0.201481,0.201481,0.201481,0.201481,0.201481,0.068148,0.343186,,0.131921,5.683913,,
09/30/1990,164.190369,164.743874,164.743874,,3.736655,0.492055,0.331053,0.145185,0.145185,,0.145185,0.145185,0.145185,0.068148,0.438875,,0.155807,5.868432,,
12/31/1990,162.242995,162.772875,162.772875,,3.789323,0.454984,0.2896,0.118519,0.118519,,0.118519,0.118519,0.118519,0.068148,0.344541,,0.180051,5.982902,,
03/31/1991,158.571004,162.026998,162.026998,,3.726212,0.424219,0.262691,0.085926,0.085926,,0.085926,0.085926,0.085926,0.068148,0.356262,,0.185103,6.12752,,
06/30/1991,162.691882,162.487691,162.487691,,3.721377,0.332616,0.182525,0.014815,0.014815,0.014815,0.014815,0.014815,0.014815,0.062222,0.520649,,0.238752,5.799152,,
09/30/1991,162.718879,162.705374,162.705374,,3.525778,0.405623,0.238468,-0.228148,0.094815,,-0.228148,0.094815,0.094815,0.068148,0.287815,,0.310996,5.806106,,
12/31/1991,162.80662,162.782995,162.782995,,3.510926,0.357703,0.190425,0.074074,0.074074,,0.074074,0.074074,0.074074,0.068148,0.263271,,0.31,5.908648,,
03/31/1992,163.208256,163.029376,163.029376,,3.717778,0.418477,0.251231,0.097778,0.097778,,0.097778,0.097778,0.097778,0.068148,0.385403,,0.372855,5.94734,,
06/30/1992,163.380375,162.997319,162.997319,,3.831468,0.501303,0.345963,0.124444,0.124444,0.124444,0.124444,0.124444,0.124444,0.071111,0.50718,,0.612393,5.716837,,
09/30/1992,163.407374,163.390496,163.390496,,3.722212,0.401829,0.226347,0.097778,0.097778,,0.097778,0.097778,0.097778,0.071111,0.210814,,0.663171,5.910204,,
12/31/1992,163.471503,163.447878,163.447878,,3.601613,0.416182,0.231309,0.088889,0.088889,,0.088889,0.088889,0.088889,0.071111,0.396328,,0.820694,5.658937,,
03/31/1993,163.707752,163.639439,163.639439,,3.71075,0.398797,0.249451,0.091852,0.091852,,0.091852,0.091852,0.091852,0.071111,0.374708,,0.97263,5.6201,,
06/30/1993,164.028382,163.618313,163.618313,,4.188089,0.542855,0.354441,0.118519,0.118519,0.118519,0.118519,0.118519,0.118519,0.071111,0.420741,,0.97535,5.68743,,
09/30/1993,164.116121,164.079648,164.079648,,3.701928,0.420588,0.247362,0.097778,0.097778,,0.097778,0.097778,0.097778,0.071111,0.334557,,1.17284,5.723399,,
12/31/1993,164.348997,164.26463,164.26463,,3.605317,0.39997,0.225313,0.059259,0.085926,,0.059259,0.085926,0.085926,0.071111,0.095121,,0.181054,5.69897,,
03/31/1994,164.649374,164.591323,164.591323,,4.115363,0.54176,0.370445,-0.115556,-0.115556,,-0.115556,-0.115556,-0.115556,0.074074,0.536444,,0.426682,5.526872,,
06/30/1994,165.172497,165.030747,165.030747,,4.237677,0.663404,0.495199,0.248889,0.248889,0.248889,0.248889,0.248889,0.248889,0.074074,0.608317,,0.493968,5.850556,,
09/30/1994,165.314243,165.266997,165.266997,,4.310945,0.664513,0.486455,0.263704,0.263704,,0.263704,0.263704,0.263704,0.074074,0.229634,0.062844,0.205094,6.098501,,
12/31/1994,165.850872,165.806993,165.806993,,4.452352,0.628876,0.447514,0.248889,0.248889,,0.248889,0.248889,0.248889,0.074074,0.231872,0.038979,0.262603,6.318333,,
03/31/1995,166.036497,166.050003,166.050003,,5.297639,0.87134,0.685589,0.397037,0.397037,,0.397037,0.397037,0.397037,0.074074,0.380705,0.126125,0.26811,6.777642,,
06/30/1995,166.504498,166.047759,166.047759,,5.323824,0.859241,0.681051,0.408889,0.408889,,0.408889,0.408889,0.408889,0.08,0.60538,0.303407,0.383353,7.156047,,
09/30/1995,166.842001,166.659748,166.659748,,5.034533,0.782594,0.57438,0.346667,0.346667,0.346667,0.346667,0.346667,0.346667,0.08,0.252976,-0.015133,0.281979,7.39351,,
12/31/1995,166.866755,166.855494,166.855494,,4.940658,0.693444,0.489681,0.286667,0.286667,0.286667,0.286667,0.286667,0.286667,0.08,0.411014,0.075742,0.442131,7.632132,,
03/31/1996,167.001749,166.923008,166.923008,,5.579554,0.905831,0.700473,0.413333,0.413333,0.413333,0.413333,0.413333,0.413333,0.08,0.591285,0.312048,0.38284,7.93615,,
06/30/1996,167.157,167.1255,167.1255,,5.933637,0.889649,0.659977,0.386667,0.386667,0.386667,0.386667,0.386667,0.386667,0.08,0.769129,0.443284,0.382592,8.27939,,
09/30/1996,167.217751,168.486757,167.181753,,5.738234,0.803383,0.540645,0.306667,0.306667,0.306667,0.3,0.3,0.3,0.08,0.601352,0.344374,0.401411,8.506543,,
12/31/1996,167.422509,168.621752,167.364007,,5.793283,0.793468,0.530108,0.313333,0.313333,0.313333,0.313333,0.313333,0.313333,0.08,0.328613,0.089081,0.255234,8.72836,,
03/31/1997,167.539495,168.864757,167.546241,,6.249618,1.040298,0.780531,0.466667,0.466667,0.466667,0.466667,0.466667,0.466667,0.088889,0.519976,0.272444,0.27424,8.886764,,
06/30/1997,167.289746,169.098748,167.514741,,6.656525,1.142222,0.913538,0.553333,0.553333,0.553333,0.546667,0.546667,0.546667,0.088889,0.893396,0.507299,0.41244,9.249228,,
09/30/1997,167.433002,168.682503,167.404495,,6.47037,1.053634,0.781072,0.466667,0.466667,0.466667,0.466667,0.466667,0.466667,0.1,0.437838,0.076892,0.235652,9.529603,,
12/31/1997,166.326005,168.2715,166.691997,,6.688671,1.002658,0.718559,0.426667,0.426667,0.426667,0.42,0.42,0.42,0.1,0.321803,0.003731,0.220537,9.60287,,
03/31/1998,165.867005,167.710498,165.720004,,7.220299,1.151816,0.879604,0.506667,0.506667,0.533333,0.5,0.5,0.526667,0.1,0.429272,0.1292,0.255898,9.862474,,
06/30/1998,164.809502,167.090995,165.3945,,7.487299,1.19822,0.928664,0.52,0.54,0.566667,0.513333,0.533333,0.56,0.1,0.740786,0.294744,0.184989,10.21452,7.789411,
09/30/1998,163.3815,165.192,164.049,,7.429024,1.138916,0.836695,0.473333,0.473333,0.473333,0.473333,0.473333,0.473333,0.1,0.117063,-0.228371,0.270539,10.656617,,
12/31/1998,162.710999,164.132996,162.813,,7.364406,1.04222,0.703163,0.393333,0.393333,0.393333,0.386667,0.386667,0.386667,0.1,0.636565,0.280442,0.245466,10.876628,,
03/31/1999,167.363995,164.003998,162.755997,,7.715777,1.103554,0.80104,0.473333,0.473333,0.473333,0.466667,0.466667,0.466667,0.113333,0.962103,0.641469,0.245435,10.657191,,
06/30/1999,167.851501,164.743504,163.182003,,7.876273,1.254182,0.959861,0.56,0.56,0.56,0.56,0.56,0.56,0.113333,1.101004,0.713173,0.198253,11.044655,8.41442,
09/30/1999,167.998501,165.142502,163.6035,,7.635607,1.104665,0.77947,0.446667,0.446667,0.446667,0.446667,0.446667,0.446667,0.113333,0.719948,0.413573,0.383462,11.489216,,
12/31/1999,168.130497,165.309002,163.783504,,7.608318,1.108237,0.780005,0.46,0.46,0.46,0.453333,0.453333,0.453333,0.113333,0.582879,0.192181,0.442234,11.710808,,
03/31/2000,167.935501,165.301495,164.061001,,8.543085,1.391653,1.08662,0.653333,0.653333,0.653333,0.646667,0.646667,0.646667,0.113333,0.924437,0.595187,0.361538,12.122082,,
06/30/2000,174.581562,166.084224,164.778533,,9.034563,1.448708,1.1489,0.686667,0.686667,0.686667,0.68,0.68,0.68,0.113333,1.050647,0.672254,0.392138,13.228533,9.959345,
09/30/2000,,171.842972,170.894528,,8.690337,1.352255,0.957673,0.733333,0.733333,0.733333,0.726667,0.726667,0.726667,0.113333,0.073993,-0.312696,,,,
12/31/2000,,172.246708,171.010544,,8.582038,1.238409,0.851755,0.453333,0.453333,0.453333,0.453333,0.453333,0.453333,0.113333,0.947725,0.342558,,,,
03/31/2001,,172.874205,171.659053,,8.983261,1.330929,0.939275,0.513333,0.533333,0.533333,0.513333,0.533333,0.533333,0.12,0.778147,0.229158,,,,
06/30/2001,175.9635,173.4225,172.266,,8.619205,0.955917,0.585896,0.286667,0.286667,0.386667,0.28,0.28,0.38,0.12,1.299577,0.887796,0.13392,14.371816,8.90071,
09/30/2001,175.9125,173.6295,172.7505,,8.543344,1.010648,0.653121,0.353333,0.353333,0.373333,0.346667,0.346667,0.366667,0.12,1.175667,0.83242,0.201145,14.670009,8.411449,
12/31/2001,175.7385,173.4285,172.515,,8.331623,0.749541,0.39738,0.166667,0.166667,0.22,0.166667,0.166667,0.22,0.12,0.853485,0.541495,0.164352,14.709605,8.595407,
03/31/2002,176.5605,174.423,173.256,,9.109826,0.89904,0.561729,0.3,0.3,0.313333,0.3,0.3,0.313333,0.12,0.621323,0.365442,0.180771,14.874386,8.647551,
06/30/2002,177.036246,174.8835,173.9325,,9.530094,0.965915,0.387294,-0.066667,-0.066667,0.226667,-0.066667,-0.066667,0.226667,0.12,0.994995,0.712633,0.262003,14.593147,8.181726,
09/30/2002,177.056687,174.912,174.3495,,9.09612,0.997032,0.629534,0.346667,0.346667,0.353333,0.346667,0.346667,0.353333,0.12,0.83254,0.611066,0.258279,14.758878,8.419597,
12/31/2002,177.172605,175.6785,174.4185,,8.698624,0.84272,0.46573,0.22,0.22,0.253333,0.213333,0.213333,0.246667,0.12,0.661031,0.42918,0.199608,15.076405,8.66126,
03/31/2003,177.191998,175.334999,174.758995,,9.423515,0.899679,0.549534,0.28,0.28,0.306667,0.28,0.28,0.306667,0.126667,0.376055,0.182589,0.297395,15.372539,8.89359,
06/30/2003,177.2475,175.4415,174.7635,,9.502333,0.92069,0.530677,0.28,0.28,0.293333,0.28,0.28,0.293333,0.126667,1.323623,1.063861,1.387044,14.222548,7.632587,
09/30/2003,177.859344,176.655,175.356,,9.049693,0.976967,0.615536,0.32,0.32,0.346667,0.32,0.32,0.346667,0.126667,0.821369,0.611516,1.154896,14.550042,7.964119,
12/31/2003,178.859781,178.506,176.235,,9.198059,0.928164,0.563395,0.313333,0.313333,0.326667,0.313333,0.313333,0.326667,0.126667,1.328482,1.135915,0.771817,15.119514,8.40663,
03/31/2004,179.334168,179.457,177.363,,10.746554,1.25405,0.904512,0.606667,0.606667,0.613333,0.6,0.6,0.606667,0.126667,0.712262,0.531847,0.947706,15.561251,8.319223,
06/30/2004,179.225985,179.420808,177.292632,,10.63091,1.384175,1.03394,0.706667,0.706667,0.646667,0.706667,0.706667,0.626667,0.126667,0.890996,0.680028,1.025783,16.640745,9.501061,
09/30/2004,179.211214,179.568048,177.432849,,10.583807,1.517402,1.160016,0.746667,0.706667,0.706667,0.74,0.7,0.7,0.126667,0.898847,0.674728,1.622203,17.389899,10.084179,
12/31/2004,180.256977,181.684433,178.348743,,10.68654,1.33932,0.959749,0.96,0.62,0.62,0.94,0.606667,0.606667,0.126667,0.986147,0.770132,0.648302,18.792072,9.53081,
03/31/2005,180.28128,181.154643,178.760979,,11.817243,1.527632,1.165954,0.78,0.786667,0.786667,0.766667,0.773333,0.773333,0.133333,0.912033,0.725371,0.578452,19.198061,9.876328,
06/30/2005,179.540269,180.6855,180.6855,,12.023638,1.652352,1.28194,0.893333,0.866667,0.866667,0.893333,0.866667,0.866667,0.133333,1.965332,1.725994,1.871892,18.603888,9.631444,
09/30/2005,179.64851,180.671052,178.324018,,,,,0.966667,0.806667,0.806667,0.953333,0.793333,0.793333,,1.164919,0.920078,,19.453281,9.078533,
12/31/2005,179.595855,180.486252,178.231509,,12.10525,1.556032,1.155851,0.726667,0.726667,0.726667,0.713333,0.713333,0.713333,0.153333,1.192011,0.843038,1.744684,20.086054,6.493157,
03/31/2006,180.475884,181.771047,179.180797,,13.941606,1.907392,1.502265,0.993333,0.993333,0.993333,0.973333,0.973333,0.973333,0.153333,1.059528,0.798367,1.389327,21.166933,7.632288,
06/30/2006,180.472792,182.358457,179.530824,,14.575391,1.990499,1.591114,1.08,1.046667,1.046667,1.06,1.033333,1.033333,0.153333,1.919475,1.666265,0.950575,23.500512,9.750223,
09/30/2006,176.88118,180.603478,178.010298,,14.333851,2.170914,1.753859,1.18,1.18,1.18,1.166667,1.166667,1.166667,0.173333,0.643221,0.31465,0.994193,24.140878,10.02473,
12/31/2006,173.656864,176.889597,173.907229,,14.439607,2.036994,1.611721,1.106667,1.106667,1.046667,1.093333,1.093333,1.033333,0.173333,1.110632,0.783147,0.904646,24.859743,9.657712,
03/31/2007,173.740725,176.210663,173.176299,,16.0586,2.208154,1.781878,1.206667,1.206667,1.173333,1.186667,1.186667,1.153333,0.173333,1.323692,0.980082,1.057478,26.018321,12.460199,
06/30/2007,174.23883,176.845301,173.479484,,16.568905,2.246502,1.828314,1.253333,1.253333,1.253333,1.226667,1.226667,1.226667,0.173333,2.421185,2.058716,0.991203,27.041418,10.686418,
09/30/2007,168.222472,173.221492,169.78281,,16.416597,2.451214,2.002547,1.35,1.35,1.35,1.33,1.33,1.33,0.21,1.583794,1.25111,1.117074,27.024499,8.74033,
12/31/2007,168.499639,171.993863,168.063375,,16.833293,2.349899,1.880017,1.26,1.26,1.26,1.23,1.23,1.23,0.21,1.217993,0.847549,1.173,28.35161,8.782547,
03/31/2008,167.731095,170.892454,167.750603,,18.971836,2.770977,2.31474,1.52,1.52,1.52,1.49,1.49,1.49,0.21,2.325899,1.912011,1.085869,30.519046,10.383638,
06/30/2008,167.715002,171.441236,167.545162,,19.975223,2.943899,2.376625,1.51,1.51,1.59,1.47,1.47,1.55,0.21,2.702782,2.152751,1.94406,31.356593,8.587604,
09/30/2008,161.152731,166.913216,164.415418,,18.639906,2.925206,2.401131,1.52,1.52,1.556794,1.5,1.5,1.534659,0.25,1.869332,1.27162,3.774848,29.437093,7.020346,
12/31/2008,160.666772,161.755586,160.83912,,16.716431,1.987962,1.430143,0.97,0.97,1.027451,0.96,0.96,1.020915,0.25,0.852827,0.379572,1.630642,28.516668,2.867861,
03/31/2009,160.510189,161.011156,161.011156,,14.562426,1.28293,0.733576,0.33,0.33,0.555234,0.33,0.33,0.553443,0.25,1.686709,1.364968,1.037616,27.840301,2.601692,
06/30/2009,181.046128,161.548615,160.472872,,13.777768,1.170092,0.588062,0.31,0.31,0.369357,0.31,0.31,0.369357,0.25,2.574254,2.296712,1.036261,23.575202,0.50407,
09/30/2009,160.691446,162.040785,160.629291,,13.927503,1.415308,0.836566,0.46,0.46,0.535631,0.45,0.45,0.527419,0.25,1.618964,1.431582,1.181451,27.891864,1.50359,
12/31/2009,160.799431,162.744788,160.76779,,14.64664,1.694127,1.090934,0.65,0.65,0.71013,0.64,0.64,0.699111,0.25,2.153398,1.959746,1.454601,28.308726,2.168795,
03/31/2010,161.035631,163.632703,160.931123,,16.248088,2.015651,1.468349,0.96,0.96,1.030195,0.94,0.94,1.012892,0.25,1.461165,1.267039,2.36321,28.624901,3.22587,
06/30/2010,161.256018,163.997297,161.310414,,17.273962,2.525851,2.002053,1.38,1.38,1.539386,1.35,1.35,1.50949,0.26,2.339744,2.101941,3.56902,27.087144,2.676365,
09/30/2010,161.33198,164.10722,161.272536,,17.543427,2.745669,2.218698,1.53,1.53,1.545124,1.51,1.51,1.522279,0.27,0.76194,0.435226,5.726304,30.340823,4.954517,
12/31/2010,161.882021,166.101535,161.701219,,17.728153,2.539028,2.011469,1.42,1.42,1.43044,1.39,1.39,1.396766,0.29,1.764223,1.411072,4.995836,31.586343,6.323247,
03/31/2011,162.1745,166.690347,162.160426,,19.980849,2.995694,2.478724,1.72,1.72,1.745435,1.68,1.68,1.700706,0.32,2.415978,2.115905,6.831869,33.802528,8.106108,
06/30/2011,155.090509,163.68861,159.369296,,21.395778,3.082727,2.545139,1.83,1.83,1.876778,1.79,1.79,1.832219,0.37,2.302828,1.996376,4.239241,34.714271,7.718177,
09/30/2011,151.080156,155.429408,152.439026,,21.214259,3.396801,2.840303,1.95,1.95,1.973596,1.91,1.91,1.934674,0.37,2.030294,1.741726,2.8088,33.209285,6.600225,
12/31/2011,150.902888,154.717211,150.960202,,20.580471,2.888967,2.363669,1.59,1.59,1.600899,1.56,1.56,1.565856,0.37,1.682033,1.331556,3.233762,34.181758,7.805927,
03/31/2012,151.051111,154.944246,151.01791,,22.471262,3.350867,2.819328,2.07,2.07,2.073895,2.01,2.01,2.017236,0.39,2.933725,2.554962,5.120512,36.925197,10.294363,
06/30/2012,149.630598,154.155617,150.470993,,22.673247,3.523955,3.008733,2.01,2.01,1.956664,1.96,1.96,1.911063,0.41,3.481894,3.051778,5.602577,32.724022,5.850682,
09/30/2012,149.180977,152.61711,149.285849,,21.53543,2.930874,2.387139,1.61,1.61,1.613055,1.57,1.57,1.576981,0.41,-0.046696,-0.560375,2.923503,34.46233,5.839719,
12/31/2012,149.158283,152.198704,149.001273,,20.573616,2.31594,1.761213,1.21,1.21,1.244932,1.19,1.19,1.219793,0.41,2.377892,1.95148,3.336288,35.705137,4.442247,
03/31/2013,149.251263,152.360612,149.287628,,22.152144,2.980213,2.399141,1.72,1.72,1.724009,1.68,1.68,1.685337,0.43,2.488224,1.993608,11.238223,36.241288,5.797211,
06/30/2013,149.288524,152.115402,149.298277,,22.962308,3.229475,2.65981,1.82,1.82,1.871192,1.78,1.78,1.833918,0.45,3.162367,2.815176,11.932679,38.438494,8.201649,
09/30/2013,149.235808,151.860261,149.237306,,21.617544,2.870495,2.297046,1.64,1.64,1.699045,1.61,1.61,1.670878,0.45,1.894238,1.514635,13.03724,40.786867,10.193277,
12/31/2013,149.128841,152.151024,149.153599,,20.824211,1.227185,0.660587,1.7,1.7,-0.467377,1.66,1.66,-0.467377,0.45,1.725858,1.355797,14.346802,42.213337,12.8277,
03/31/2014,148.936277,151.739617,149.039529,,22.53366,2.873949,2.316647,1.63,1.63,1.918263,1.6,1.6,1.886616,0.48,1.860996,1.488451,14.073059,43.313799,13.937867,
06/30/2014,148.902813,151.803746,148.967357,,23.665688,3.368711,2.807837,2.02,2.02,2.113664,1.98,1.98,2.071098,0.48,3.829174,3.500451,14.689152,44.723319,15.444443,
09/30/2014,148.645133,151.073635,148.738828,,21.984387,3.301055,2.751313,1.88,1.88,1.905008,1.85,1.85,1.871577,0.48,1.753907,1.386087,13.7076,44.259794,16.013111,
12/31/2014,142.455351,148.182777,145.493247,,21.547344,2.972385,2.430388,1.84,1.84,1.876693,1.8,1.8,1.839101,0.63,1.90815,1.529631,13.774042,40.4109,11.609834,
03/31/2015,138.676726,141.189803,138.794789,,22.784076,3.556301,3.004356,2.06,2.06,2.110817,2.02,2.02,2.074008,0.63,1.819614,1.476395,14.643445,37.149096,8.917033,
06/30/2015,138.558739,141.00094,138.674443,,22.675469,2.972365,2.393606,1.29,1.29,1.506066,1.27,1.27,1.478501,0.63,3.684103,3.265072,13.81417,36.838434,8.286515,
09/30/2015,135.980028,138.574908,136.844504,,20.967945,2.750947,2.179335,1.42,1.42,1.5365,1.41,1.41,1.520291,0.63,0.145706,-0.136958,13.161867,35.678166,6.619921,
12/31/2015,135.102576,137.065447,135.373356,,19.986134,2.424192,1.848961,1.35,1.35,1.54356,1.33,1.33,1.519507,0.63,2.642167,2.370784,13.827834,35.524164,6.741737,
03/31/2016,134.681477,136.552769,134.80961,,20.982666,2.663312,2.101898,1.39,1.39,1.477126,1.37,1.37,1.45822,0.63,2.484029,2.221548,15.626715,37.299947,8.272273,
06/30/2016,134.012232,136.255977,134.385814,,22.004927,3.134178,2.575592,1.8,1.8,1.877279,1.77,1.77,1.846941,0.63,3.707899,3.420644,15.700022,34.140578,5.59387,
09/30/2016,133.398476,135.825658,133.679378,,20.520226,2.913606,2.350071,1.57,1.57,1.632039,1.55,1.55,1.609201,0.63,0.852278,0.608965,16.046345,34.837587,6.256271,
12/31/2016,133.293693,135.81276,133.320109,,20.033017,2.726475,2.173281,1.81,1.81,1.630538,1.78,1.78,1.603864,0.63,2.177046,1.885792,16.542681,33.967916,6.487771,
03/31/2017,133.183359,136.102974,133.232378,,23.411269,3.233231,2.576799,1.79,1.79,2.004495,1.75,1.75,1.958597,0.66,2.890566,2.336046,6.42964,35.606092,-23.31325,
06/30/2017,133.191653,135.592333,133.344472,,26.219595,5.016616,4.126545,2.199604,2.199604,2.499679,2.163139,2.163139,2.458239,0.66,3.848513,3.40971,6.938903,39.504345,-19.766351,
09/30/2017,133.226057,135.79427,133.176964,,25.264512,4.208536,3.336711,2.14,2.14,2.280359,2.1,2.1,2.23472,0.66,1.787096,1.191377,7.315071,41.470416,-17.78628,
12/31/2017,133.048544,136.194919,133.112568,,25.321974,3.876381,2.989094,0.42,0.42,2.430545,0.41,0.41,2.373194,0.66,1.643526,1.151875,8.51378,41.439018,-17.733452,
03/31/2018,132.959431,135.76828,133.032431,,28.185541,4.73892,3.858683,2.75,2.75,2.851769,2.7,2.7,2.798615,0.66,3.34102,2.968735,8.955626,44.15146,-15.122387,
06/30/2018,132.414023,135.001851,132.696489,,28.768485,5.153399,4.288501,2.66,2.66,3.60585,2.62,2.62,3.5476,0.76,5.240998,4.838877,6.458017,44.25412,-12.536995,
09/30/2018,132.348854,134.664496,132.361654,,26.286269,4.55298,3.703104,2.84,2.84,2.850372,2.79,2.79,2.801651,0.76,1.204186,0.886072,7.502211,46.100739,-10.123737,
12/31/2018,129.365355,132.31121,130.361273,,26.634022,4.468344,3.624136,2.39,2.39,2.640698,2.36,2.36,2.605692,0.76,2.927649,2.526302,8.335624,44.951827,-11.836021,
03/31/2019,128.285393,130.884968,128.706137,,28.650677,5.191415,4.35029,3.2,3.2,3.212693,3.14,3.14,3.157155,0.76,4.285398,3.891905,9.111864,46.848498,-10.012208,
06/30/2019,128.480042,130.460247,128.561494,,28.635845,5.100936,4.281189,3.22,3.22,3.344543,3.17,3.17,3.29503,0.88,4.959051,4.569992,26.235188,46.403853,-9.9246,
09/30/2019,128.46471,130.130076,128.463992,,25.956775,4.488518,3.546449,2.64,2.64,2.729417,2.6,2.6,2.69017,0.88,3.496163,3.104263,30.432443,47.457516,-18.804799,
12/31/2019,128.363097,130.495381,128.396933,,27.243439,3.747722,2.52411,1.59,1.59,2.596513,1.57,1.57,2.557853,0.88,2.934938,2.403399,8.518609,49.314602,-44.102263,
03/31/2020,128.217414,129.746547,128.28972,,28.859927,5.247077,4.07109,2.86,2.86,2.967492,2.83,2.83,2.933631,0.88,3.623759,3.125597,6.162603,49.104016,-42.237757,
06/30/2020,128.555963,129.993001,128.523334,,24.591667,4.740711,3.50513,2.3,2.3,2.59221,2.27,2.27,2.558043,0.88,6.069637,5.67991,5.883189,47.558922,-43.209703,
09/30/2020,,,,,,,,1.573,1.573,2.257,1.573,1.573,2.257,0.907,3.945,,,48.12,,
12/31/2020,,,,,,,,1.469,1.469,2.227,1.469,1.469,2.227,0.937,3.24,,,48.617,,
