Date,Basic Shares Outstanding,Diluted Weighted Avg Shares,Basic Weighted Avg Shares,Per Share Data Items,Revenue,EBITDA,Operating Income,Net Income to Common - Basic,Net Income before XO - Basic,Normalized Net Income - Basic,Net Income to Common - Diluted,Net Income before XO - Diluted,Normalized Net Income - Diluted,Dividends,Cash Flow,Free Cash Flow,Cash & Equivalents,Book Value,Tangible Book Value,Source: Bloomberg
12/31/1989,,0.0,0.0,,,,,0.136,0.136,,0.136,0.136,0.136,,,,,,,
03/31/1990,653.059998,659.000015,659.000015,,3.468892,0.770865,0.496206,0.294,0.294,,0.294,0.294,0.294,0.09,-0.080425,,0.339938,6.105105,,
06/30/1990,645.500031,655.500031,655.500031,,3.610984,0.839054,0.56598,0.38,0.38,,0.38,0.38,0.38,0.0485,0.628528,,0.390395,6.413633,,
09/30/1990,632.5,650.0,650.0,,3.292308,0.496923,0.218462,0.118,0.118,,0.118,0.118,0.118,0.097,0.72,,0.373123,6.528063,,
12/31/1990,630.0,617.5,617.5,,3.565992,0.432389,0.111741,0.054,0.054,0.054,0.054,0.054,0.054,0.097,0.448583,,0.32381,6.490476,,
03/31/1991,631.500015,635.499992,635.499992,,3.498033,0.749017,0.45476,0.262,0.262,,0.262,0.262,0.262,0.097,-0.095987,,0.330958,6.581156,,
06/30/1991,634.000015,638.499985,638.499985,,3.87314,0.927173,0.634299,-0.084,-0.084,,-0.084,-0.084,-0.084,0.104,0.571652,,0.369085,6.228706,,
10/01/1991,627.000008,639.095001,639.095001,,2.844648,0.503837,0.262872,0.182,0.168,,0.182,0.168,0.168,0.104,0.693168,,0.406699,6.30941,,
01/01/1992,614.63745,635.49999,635.49999,,2.237608,0.461054,0.110149,0.106,0.028,0.028,0.106,0.028,0.028,0.104,0.681353,,0.307498,5.944968,,
03/31/1992,615.499992,627.5,627.5,,3.144223,0.705976,0.412749,-0.632,0.218,,-0.632,0.218,0.218,0.104,0.087649,,0.298944,5.926889,,
06/30/1992,612.999992,623.499985,623.499985,,3.279872,0.583801,0.296712,0.172,0.156,,0.172,0.156,0.156,0.112,0.485966,,0.339315,6.122349,,
09/30/1992,609.080009,620.629997,620.629997,,3.02918,0.49627,0.191741,0.09,0.078,,0.09,0.078,0.078,0.112,0.626782,,0.30702,6.073094,,
12/31/1992,602.319985,617.00001,617.00001,,3.02269,0.233387,-0.111831,0.228,-0.67,-0.67,0.228,-0.67,-0.67,0.112,0.267423,,1.21032,4.989042,,
03/31/1993,600.154991,604.000015,604.000015,,3.213576,0.614238,0.38245,0.234,0.234,,0.234,0.234,0.234,0.112,-0.81457,,0.298256,5.085353,,
06/30/1993,599.190483,604.129982,604.129982,,3.691259,0.773012,0.539619,0.332,0.332,,0.332,0.332,0.332,0.116,0.667075,,0.312088,5.273782,,
09/30/1993,593.305016,603.829994,603.829994,,3.06212,0.48358,0.251726,0.156,0.156,,0.156,0.156,0.156,0.116,0.693904,,0.350579,5.19463,,
12/31/1993,579.87999,602.00001,602.00001,,3.126246,0.42691,0.17608,0.098,0.098,0.098,0.098,0.098,0.098,0.116,0.666113,,0.470787,4.923433,,
03/31/1994,580.784988,593.499985,593.499985,,3.371525,0.768324,0.537489,0.326,0.326,,0.326,0.326,0.326,0.116,-0.30834,,0.430452,5.189528,,
06/30/1994,589.379997,591.500015,591.500015,,3.83601,0.897718,0.671175,0.438,0.438,,0.438,0.438,0.438,0.126,0.605241,,0.456412,5.422648,,
09/30/1994,568.955002,589.939995,589.939995,,3.241008,0.447503,0.222056,0.198,0.198,,0.198,0.198,0.198,0.126,1.315388,,0.929775,5.531193,,
12/31/1994,557.67502,564.760015,564.760015,,3.700687,0.483391,0.205397,0.102,0.102,0.102,0.102,0.102,0.102,0.126,0.617962,,0.909132,5.286233,,
03/31/1995,559.025002,568.499985,568.499985,,4.077397,0.891821,0.635004,0.404,0.404,,0.404,0.404,0.404,0.126,-0.202287,-0.35708,0.463307,5.763606,,
06/30/1995,566.409988,572.210007,572.210007,,4.337568,1.032838,0.777687,0.502,0.502,,0.502,0.502,0.502,0.138,0.232432,0.020971,0.490811,6.21458,,
09/30/1995,581.389999,577.000008,577.000008,,3.549393,0.65338,0.388215,0.236,0.236,,0.236,0.236,0.236,0.138,1.071057,0.842288,0.247682,6.245377,,
12/31/1995,589.07501,580.49999,580.49999,,3.641688,0.45478,0.191214,0.13,0.13,0.13,0.13,0.13,0.13,0.138,0.322136,0.048234,0.50418,6.335356,,
03/31/1996,585.929985,598.499985,598.499985,,3.849624,0.920635,0.676692,0.43,0.43,0.43,0.43,0.43,0.43,0.138,-0.422723,-0.644946,0.24747,6.51955,,
06/30/1996,586.283997,597.599976,597.599976,,4.315596,1.087684,0.85676,0.62,0.62,0.62,0.62,0.62,0.62,0.15,0.304552,0.035141,0.336015,6.88233,,
09/30/1996,588.02002,297.899994,597.900024,,2.411774,0.548587,0.294364,0.28,0.18,0.18,0.28,0.18,0.18,0.15,1.138986,0.864693,0.207476,7.055882,,
12/31/1996,584.375977,598.799988,598.799988,,2.4165,0.257181,0.0,-0.69,-0.39,0.04,-0.69,-0.39,0.04,0.15,0.990314,0.599532,0.284064,6.314428,,
03/31/1997,591.583008,602.599976,585.5,,3.202391,0.857387,0.681469,0.47,0.35,0.11,0.45,0.34,0.1,0.15,-1.151153,-1.354398,0.17918,6.469084,,
06/30/1997,589.499023,606.5,606.5,,3.454246,0.957955,0.71723,0.55,0.43,0.52,0.54,0.41,0.52,0.16,0.553998,0.257214,0.298559,6.936398,,
09/30/1997,592.986023,609.599976,588.700012,,2.928486,0.46883,0.373705,-0.23,-0.29,0.17,-0.23,-0.28,0.16,0.16,0.560557,0.35502,0.310294,6.683125,,
12/31/1997,595.284973,610.5,590.200012,,3.0837,0.450695,0.21857,0.01,0.01,0.09,0.01,0.01,0.09,0.03,0.379532,0.064385,0.225102,6.894177,2.128392,
03/31/1998,598.93103,619.400024,597.700012,,2.876025,0.714405,0.485193,0.33,0.28,0.28,0.32,0.27,0.27,0.03,-0.854944,-1.079137,0.195348,7.298002,2.638033,
06/30/1998,600.89502,624.299988,599.0,,3.502504,0.69616,0.539232,0.43,0.37,0.39,0.41,0.36,0.38,0.03,0.36227,-0.020033,0.20303,7.695188,3.105368,
09/30/1998,604.221985,626.799988,600.400024,,2.851432,0.514657,0.291472,-0.17,-0.18,0.14,-0.17,-0.18,0.14,0.03,0.849434,0.557961,0.355829,7.755428,2.580178,
12/31/1998,629.294983,603.5,603.5,,3.559238,0.120961,-0.28169,-1.0,-1.0,0.05,-1.0,-1.0,0.05,0.03,0.371168,-0.336371,0.141428,7.923152,-0.468779,
03/31/1999,631.302979,1283.0,1246.0,,3.29053,,0.467897,0.25,0.26,0.26,0.25,0.26,0.26,0.03,-0.90931,-1.144462,0.159987,7.723708,-1.458887,
06/30/1999,633.708984,1308.0,1269.0,,3.434988,0.814815,0.683215,0.43,0.41,0.41,0.42,0.4,0.4,0.03,0.803783,0.551615,0.160957,8.26089,0.506542,
09/30/1999,634.607971,1283.0,1249.0,,2.992794,,0.215372,0.18,0.15,0.21,0.18,0.15,0.21,0.03,0.688551,0.386709,0.132365,8.291733,0.972254,
12/31/1999,1284.0,654.900024,638.5,,6.62177,1.032106,0.704777,0.23,0.23,0.18,0.22,0.22,0.18,0.03,1.675803,0.598277,1.353583,8.287383,3.773364,
03/31/2000,1269.324951,1286.0,1257.0,,3.319014,,0.374702,-0.14,-0.03,0.27,-0.14,-0.03,0.27,0.045,-0.59109,-0.845664,1.002895,8.626633,4.16363,
06/30/2000,1297.732056,1308.0,1269.0,,4.08747,0.834515,0.834515,0.38,0.42,0.55,0.37,0.41,0.54,0.12,0.230102,-0.024429,1.000977,8.868549,4.593398,
09/30/2000,1289.649048,1317.0,1280.0,,3.350781,,0.525781,0.2,0.2,0.33,0.19,0.19,0.33,0.12,0.835156,0.5875,1.252279,9.252905,5.096735,
12/31/2000,1299.800049,1327.0,1290.0,,3.485271,,0.405426,0.11,0.15,0.32,0.11,0.15,0.32,0.12,0.297674,0.297674,1.592553,8.969072,7.697338,
03/31/2001,1300.973022,1328.0,1298.0,,2.473035,,0.317411,0.19,0.16,0.28,0.19,0.16,0.28,0.12,0.140986,0.016179,1.413557,8.896418,4.986268,
06/30/2001,1301.516968,1326.0,1300.0,,2.625385,,0.508462,0.57,0.32,0.37,0.55,0.31,0.36,0.135,0.256154,0.113077,1.536668,9.344481,5.495895,
09/30/2001,1289.412964,1321.0,1299.0,,2.717475,,0.639723,0.32,0.35,0.43,0.32,0.35,0.43,0.135,0.665127,0.464973,1.457252,9.280192,5.430378,
12/31/2001,1297.259033,1316.0,1316.0,,2.799392,,0.493161,0.06,-0.11,0.36,0.06,-0.11,0.36,0.135,0.555471,0.464286,1.075344,9.352026,8.193429,
03/31/2002,1293.119019,1317.0,1297.0,,2.410948,,0.375482,-0.34,0.3,0.31,-0.33,0.3,0.31,0.135,-0.052429,-0.192753,1.998269,9.960413,8.84064,
06/30/2002,1290.19873,1312.0,1292.0,,2.75,,0.43808,0.7,0.68,0.39,0.69,0.67,0.39,0.135,0.355263,0.155573,1.756319,9.221835,8.024345,
09/30/2002,1292.916748,1311.0,1290.0,,2.774419,,0.556589,-0.33,0.46,0.46,-0.33,0.45,0.45,0.135,0.634109,0.323256,2.062004,5.849565,4.677795,
12/31/2002,1295.751953,1316.0,1293.0,,2.888631,,0.467904,0.42,0.43,0.41,0.41,0.42,0.4,0.135,0.111369,-0.121423,2.09145,5.970278,4.779464,
