Date,Revenue,Consensus Estimate,Comparable Actual,Revenue Surprise %,GAAP Actual,Adjusted Actual,Earnings Per Share,EPS Surprise %,EBIT,EBIT Surprise %,EBITDA,Gross Margin %,Gross Margin Surprise %,Pretax Income (Loss),Pretax Income (Loss) Surprise %,Net Income,Net Income Surprise %,Source: Bloomberg
10/28/1989,,,7.25,,7.25,7.25,,,,,,,,,,,,
01/27/1990,,,13.435,,13.435,13.435,,,,,,,,,,,,
04/28/1990,,,20.141001,,20.141001,20.141001,,,,,,,,,,,,
07/28/1990,,,0.0,,25.409,25.409,,,,,,,,,,,,
10/27/1990,,,8.318,,8.318,8.318,,,,,,,,,,,,
01/26/1991,,,16.663,,16.663,16.663,,,,,,,,,,,,
04/27/1991,,,24.701,,24.701,24.701,,,,,,,,,,,,
08/03/1991,,,0.0,,30.239,30.239,,,,,,,,,,,,
11/02/1991,,,7.334,,9.809,9.809,,,,,,,,,,,,
02/01/1992,,,18.885,,18.885,18.885,,,,,,,,,,,,
05/02/1992,,,27.171,,27.171,27.171,,,,,,,,,,,,
08/01/1992,,,0.0,,36.842999,36.842999,,,,,,,,,,,,
10/31/1992,,,10.982,,10.982,10.982,,,,,,,,,,,,
01/30/1993,,,3.255,,3.255,3.255,,,,,,,,,,,,
05/01/1993,,,24.999001,,24.999001,24.999001,,,,,,,,,,,,
07/31/1993,,,0.0,,39.076,39.076,,,,,,,,,,,,
10/30/1993,,,11.073,,11.073,11.073,,,,,,,,,,,,
01/29/1994,,,22.031,,22.031,22.031,,,,,,,,,,,,
04/30/1994,,,27.816999,,27.816999,27.816999,,,,,,,,,,,,
07/30/1994,,,0.0,,38.000999,38.000999,,,,,,,,,,,,
10/29/1994,,,13.309,,12.529,12.529,,,,,,,,,,,,
01/28/1995,,,26.481001,,26.481001,26.481001,,,,,,,,,,,,
04/29/1995,,,33.507999,,33.507999,33.507999,,,,,,,,,,,,
07/29/1995,,,0.0,,45.917999,45.917999,,,,,,,,,,,,
10/28/1995,,,19.674,,19.674,19.674,,,,,,,,,,,,
01/27/1996,,,33.942001,,33.942001,33.942001,,,,,,,,,,,,
04/27/1996,,,40.598,,40.598,40.598,,,,,,,,,,,,
08/03/1996,,,2.8,,48.619999,48.619999,,,,,,,,,,,,
11/02/1996,,,20.443001,,17.284,17.284,,,,,,,,,,,,
02/01/1997,,,28.968,,28.968,28.968,,,,,,,,,,,,
05/03/1997,,,37.337002,,-22.204,-22.204,,,,,,,,,,,,
08/02/1997,,,0.0,,43.27,43.27,,,,,,,,,,,,
11/01/1997,,,18.414,,18.414,18.414,,,,,,,,,,,,
01/31/1998,,,22.546,,27.546,27.546,,,,,,,,,,,,
05/02/1998,,,34.946999,,7.947,7.947,,,,,,,,,,,,
08/01/1998,,,0.0,,39.726002,39.726002,,,,,,,,,,,,
10/31/1998,,,16.047001,,13.461,13.461,,,,,,,,,,,,
01/30/1999,,,22.903999,,15.974,15.974,,,,,,,,,,,,
05/01/1999,,,35.176998,,-28.323,-28.323,,,,,,,,,,,,
07/31/1999,,,50.395,,50.395,50.395,,,,,,,,,,,,
10/30/1999,,,24.898001,,24.898,24.898,,,,,,,,,,,,
01/29/2000,,,33.827999,,33.828,33.828,,,,,,,,,,,,
04/29/2000,,,41.792,,41.792,41.792,,,,,,,,,,,,
07/29/2000,,,54.683998,,,,,,,,,,,,,,,
10/28/2000,,,25.58,,25.58,25.58,,-0.943396226415095,,,,,,,,,,
01/27/2001,,,29.910999,,29.911,29.911,,0.0,,,,,,,,,,
04/28/2001,,,36.855,,36.855,36.855,,0.0,,,,,,,,,,
07/28/2001,,,38.387001,,25.664,25.664,,0.64935064935065,,,,,,,,,,
10/27/2001,,,19.392,,19.392,19.392,,25.0,,,,,,,,,,
01/26/2002,,,18.415001,,18.415,18.415,,0.0,,,,,,,,,,
04/27/2002,,,26.443001,,26.443,26.443,,2.4390243902439,,,,,,,,,,
08/03/2002,,,36.662998,,8.984,8.984,,1.35135135135135,,,,,,,,,,
11/02/2002,,,16.76,,-23.138,-23.138,,-17.1597633136095,,,,,,,,,,
02/01/2003,,,31.964001,,31.379,31.379,,30.0,,,,,,,,,,
05/03/2003,,,44.632,,40.355,40.355,,20.8053691275168,,,,,,,,,,
08/02/2003,,,55.992001,,54.606,54.606,,10.5651105651106,,,,,,,,,,
10/31/2003,,,22.267,,24.668,24.668,,-2.70270270270271,,,,,,,,,,
01/31/2004,,,33.709,,24.856,24.856,,-13.6212624584718,,,,,,,,,,
04/30/2004,,,46.977001,,46.514,46.514,,-4.14507772020726,,,,,,,,,,
07/31/2004,,,56.778,,55.535,55.535,,-6.83229813664596,,,,,,,,,,
10/31/2004,,,26.427,,21.699,21.699,,0.478468899521531,,,,,,,,,,
01/31/2005,,,35.806,,32.045,32.045,,-7.3482428115016,,,,,,,,,,
04/30/2005,,,46.319,,43.678,43.678,,-4.39276485788114,,,,,,,,,,
07/31/2005,,,58.317001,,43.394,43.394,,6.57596371882086,,,,,,,,,,
10/31/2005,,28.5,25.059999,,25.11,25.11,,-8.67579908675799,,,,,,,,,-12.0701789473684,
01/31/2006,,18770.0,35.043999,-2.42630926329658,32.436,32.436,,-4.43686006825937,,,,,,,,,-99.8132978209909,
04/30/2006,,25151.85,44.229,1.18670396825397,25.189,25.189,,-4.63917525773196,,,,,,,,,-99.8241521001437,
07/31/2006,,16929.9,62.155998,7.75840811907984,53.265,53.265,,8.45986984815618,,,,,,,,,-99.6328625804051,
10/31/2006,,1943.38,35.541,8.2662016145995,16.001,16.001,,15.5378486055777,,,,,,,,,-98.1711759923432,
01/31/2007,,40.96,53.370998,4.29282162679425,44.347,44.347,,30.3030303030303,,,,,,,,,30.3002880859375,
04/30/2007,,53.5,66.308998,1.81051783764107,50.371,50.371,,23.2558139534884,,,,,,,,,23.9420523364486,
07/31/2007,,71.75,16.968,0.0526357585139263,16.778,16.778,,-77.3123909249564,,,,,,,,,-76.3512195121951,
10/31/2007,,48.7,41.801998,0.00125115864527877,36.102,36.102,,-17.6755447941889,,,,,,,,,-14.1642751540041,
01/31/2008,,58.8,56.995998,5.34461430976432,47.988,47.988,,-1.0752688172043,,,,,,,,,-3.06803061224489,
04/30/2008,,62.1,66.846001,7.06796003236245,63.274,63.274,,7.14285714285715,,,,,,,,,7.64251368760064,
07/31/2008,,71.28,74.791,4.41972263933006,69.915,69.915,,1.16086235489221,,,,,,,,,4.925645342312,
10/31/2008,,46.76,47.687,0.385897881208769,43.087,54.31795,,6.66666666666667,,-45.7316915100454,,,,,-51.3065666041276,,1.98246364414029,
01/31/2009,,52.78,45.193,-6.16649395509498,38.871,45.12475,,-13.6363636363636,,-43.6661837148653,,,,,-44.9043501048218,,-14.3747631678666,
04/30/2009,,49.583,49.98,-1.96067019400352,44.162,49.9319,,0.478468899521531,,-33.6465975208702,,,,,-35.572967128635,,0.800677651614461,
07/31/2009,,62.35,68.553,3.02733881163085,69.499,68.553,,9.404990403071,,-43.8040732147461,,,,,-45.008431703204,,9.9486768243785,
10/31/2009,,46.95,48.035,-2.57588172426078,66.983,69.66025,,0.25062656641604,,-58.4002686366689,,,,,-50.200964034112,,2.31096911608092,
01/31/2010,,56.2,49.619,-4.57783771450366,49.619,49.9908,,-11.3924050632911,,-65.459323583181,,,3.92964762314741,,-69.6588225110366,,-11.7099644128114,
04/30/2010,,58.986,69.691,2.74929107589658,69.691,71.16715,,15.3081510934394,,-30.179569430206,,,,,-29.5132738172049,,18.1483741904859,
07/31/2010,,76.013,85.978,1.2472957851548,54.955,85.978,,11.8012422360248,,12.3840707810473,,,2.01991232023599,,9.44361581920904,,13.10959967374,
10/31/2010,,59.443,72.463,3.14770017035775,71.409,72.58,,23.2604373757455,,30.9111994698476,,,2.04081632653062,,37.2281234193222,,21.9033359689114,
01/31/2011,,66.225,80.402,6.20123906273659,75.664,80.7439,,20.1413427561838,,35.5458731188777,,,1.60596614449749,,38.6747519294377,,21.4073235183088,
04/30/2011,,83.45,85.099,6.29400788884928,71.069,75.7464,,1.55148095909732,,16.5572087822219,,,-2.32157538268802,,17.0698795180723,,1.97603355302577,
07/31/2011,,102.463,89.69,2.47427634999921,97.354,80.2247,,-11.0070257611241,,-11.2608996539792,,,-3.2561114553559,,-8.21357142857143,,-12.465963323346,
10/31/2011,,77.125,87.211,8.78324317407852,69.455,71.33245,,14.1975308641975,,11.5672636057078,,,0.798403193612772,,13.5188006881298,,13.077471636953,
01/31/2012,,86.088,89.115,1.89503649635036,84.729,78.53625,,3.12075983717775,,3.35397489539749,,,1.14870427725722,,4.18699007717751,,3.51616950097575,
04/30/2012,,87.529,83.392,-6.06301146130168,78.918,72.71,,-8.01576872536137,,-17.8690344062153,,,-0.0275514621954636,,-19.678080697928,,-4.7264335248889,
07/31/2012,,92.589,101.087,0.499876178736684,86.207,103.81145,,11.5434500648508,,36.86875,,,0.446646252267362,,44.3394438722966,,9.17819611400923,
10/31/2012,,76.744,78.544,-1.00946372239747,339.472,82.8133,,3.50076103500761,,1.91830985915494,,,1.26336248785228,,7.4054022128598,,2.34546023141874,
01/31/2013,,76.425,83.441,4.34186133324093,76.77,83.33895,,10.105580693816,,5.38857677902623,,,-0.19342359767892,,6.00796019900497,,9.18024206738633,
04/30/2013,,83.15,84.469,-3.54825219847828,73.065,83.5657,,1.64835164835165,,-1.51760563380281,,,0.812693498452016,,-1.57730454537059,,1.5862898376428,
07/31/2013,,100.11,101.703,0.497004653197297,85.628,101.43065,,1.58013544018059,,-0.648770070862233,,,-0.60409549726903,,-0.57698357284802,,1.59124962541205,
10/31/2013,,76.213,79.031,0.384943987860311,71.513,86.9719,,2.94117647058822,,3.22744721689059,,,0.129761973931401,,2.61212121212121,,3.69753191712702,
01/31/2014,,89.525,91.931,-0.0537401839272439,83.666,91.9453,,2.37203495630461,,1.49710729819175,,,-1.60258269056042,,1.83198319313201,,2.68751745322535,
04/30/2014,,92.711,90.154,0.384212005007124,88.691,91.357,,-2.7611044417767,,-2.73809523809524,,,-0.982075671921126,,-2.29574275737947,,-2.75803302736461,
07/31/2014,,118.125,,,120.086,126.0457,,,,,,,,,,,,
10/31/2014,,88.888,96.998,1.82631578947368,88.273,105.671,,10.6965174129353,,11.6458333333333,,,1.11243156889867,,1.17085379756058,,9.12384123841238,
01/31/2015,,93.938,95.473,-3.81859837697792,84.399,95.1454,,1.73410404624278,,-3.73926264364711,,,-0.262156781581999,,-12.6192810457516,,1.63405650535459,
04/30/2015,,91.482,100.377,1.19777204297241,96.177,102.90475,,9.26365795724466,,7.33324769581554,,,2.1086811940065,,1.01537147736978,,9.72322424083426,
07/31/2015,,120.0,,,,,,,,,,,,,,,,
10/31/2015,,,,,,,,,,,,,,,,,,
