Date,Basic Shares Outstanding,Diluted Weighted Avg Shares,Basic Weighted Avg Shares,Per Share Data Items,Revenue,EBITDA,Operating Income,Net Income to Common - Basic,Net Income before XO - Basic,Normalized Net Income - Basic,Net Income to Common - Diluted,Net Income before XO - Diluted,Normalized Net Income - Diluted,Dividends,Cash Flow,Free Cash Flow,Cash & Equivalents,Book Value,Tangible Book Value,Net Utility Plant,Source: Bloomberg
03/31/1990,247.248001,242.606995,242.606995,,3.828826,1.809511,1.19741,0.52,0.52,0.52,0.52,0.52,0.52,0.345,1.469043,1.469043,0.501521,11.898984,,18.629878,
06/30/1990,248.335999,238.908005,238.908005,,3.734073,1.603128,0.950994,0.38,0.38,0.38,0.38,0.38,0.38,0.345,0.399317,0.399317,0.823078,11.729673,,18.777383,
09/30/1990,252.591995,243.925003,243.925003,,3.955724,1.720611,1.068361,0.43,0.43,0.43,0.43,0.43,0.43,0.36,1.164292,1.164292,0.667875,12.435865,,18.522757,
12/31/1990,252.832001,252.427994,252.427994,,3.95083,1.894402,1.228073,0.52,0.52,0.52,0.52,0.52,0.52,0.36,1.486761,1.486761,0.735666,12.687476,,23.6758,
03/31/1991,258.933014,253.880005,253.880005,,3.109737,1.585001,0.972113,0.51,0.44,0.44,0.51,0.44,0.44,0.36,1.297857,1.297857,1.05703,13.000274,,18.434112,
06/30/1991,259.723999,258.920013,258.920013,,2.842191,1.473042,0.790592,0.31,0.29,0.29,0.31,0.29,0.29,0.36,0.838483,0.838483,0.642605,12.968767,,18.686374,
09/30/1991,260.592987,259.725006,259.725006,,3.042449,1.593609,0.910193,0.44,0.44,0.44,0.44,0.44,0.44,0.375,1.425354,1.425354,0.757119,13.072493,,19.219627,
01/01/1992,262.096375,260.875,260.875,,3.268615,0.971346,0.971346,0.6,0.46,0.46,0.6,0.46,0.46,0.375,-0.238045,-0.238045,0.289207,13.398125,,24.441773,
03/31/1992,264.175995,263.035004,263.035004,,2.965385,0.781265,0.310605,-0.71,-0.16,-0.16,-0.71,-0.16,-0.16,0.375,1.120003,1.120003,0.105233,12.363727,,19.024061,
06/30/1992,268.078003,264.824005,264.824005,,2.920052,1.164925,0.703108,0.22,0.21,0.21,0.22,0.21,0.21,0.375,0.487494,0.487494,0.499108,12.318802,,19.774469,
09/30/1992,269.476013,268.265991,268.265991,,3.060395,1.311758,0.852139,0.22,0.32,0.32,0.22,0.32,0.32,0.385,1.110838,1.110838,0.151776,12.212961,,19.816978,
12/31/1992,270.57901,266.527008,269.983002,,3.213906,1.017842,0.505587,-1.42,-0.24,-0.24,-1.42,-0.24,-0.24,0.385,0.834127,-1.70344,0.185528,10.748062,,25.389626,
03/31/1993,271.828003,271.152008,271.152008,,3.180135,1.313654,0.906871,0.39,0.38,0.38,0.39,0.38,0.38,0.385,1.137369,1.137369,0.105581,10.908368,,22.838707,
06/30/1993,273.347992,272.541992,272.541992,,2.969084,1.137806,0.730897,0.3,0.3,0.3,0.3,0.3,0.3,0.27,0.633664,0.633664,0.120359,11.013068,,22.88109,
09/30/1993,280.190002,273.817993,273.817993,,3.146981,1.285525,0.870651,0.54,0.35,0.35,0.54,0.35,0.35,0.27,1.235492,1.235492,0.587815,11.490774,,22.59217,
12/31/1993,281.020996,280.690002,280.690002,,3.132281,1.302148,0.826535,0.37,0.37,0.37,0.37,0.37,0.37,0.27,0.7421,0.7421,0.111024,11.609808,,25.690607,
03/31/1994,281.971008,281.449005,281.449005,,3.074447,1.290109,0.888616,0.39,0.39,0.39,0.39,0.39,0.39,0.27,1.048858,1.048858,0.097528,11.771778,,23.281825,
06/30/1994,283.029999,282.445007,282.445007,,2.960222,1.182885,0.74457,0.28,0.28,0.28,0.28,0.28,0.28,0.27,0.758732,0.758732,0.063951,11.819949,,23.529308,
09/30/1994,284.049988,283.502991,283.502991,,3.227479,1.344607,0.936145,0.43,0.43,0.43,0.43,0.43,0.43,0.27,0.858897,0.858897,0.074635,12.009154,,23.666961,
12/31/1994,284.251007,284.214996,284.214996,,3.131784,1.366571,0.944707,0.41,0.41,0.41,0.41,0.41,0.41,0.27,0.684693,0.684693,0.08197,12.171637,,23.952774,
03/31/1995,284.257996,284.26001,284.26001,,3.004995,1.333286,0.930134,0.37,0.37,0.37,0.37,0.37,0.37,0.27,1.113065,0.610708,0.163936,12.280745,,23.652809,
06/30/1995,284.277008,284.277008,284.277008,,2.841946,1.196017,0.765451,0.29,0.29,0.29,0.29,0.29,0.29,0.27,0.369358,-0.154427,0.146336,12.314749,,23.742687,
09/30/1995,284.277008,284.277008,284.277008,,2.988986,1.385972,1.000433,0.56,0.56,0.56,0.56,0.56,0.56,0.27,0.954351,0.490367,0.056283,12.617271,,24.62985,
12/31/1995,284.277008,284.277008,284.277008,,3.127583,1.410596,0.98988,0.42,0.42,0.42,0.42,0.42,0.42,0.27,0.718313,0.226188,0.078093,12.78014,,29.177176,
03/31/1996,293.296997,286.48999,286.48999,,3.506929,1.556424,1.09009,0.42,0.42,0.42,0.42,0.42,0.42,0.27,1.267409,0.803868,0.0716,13.163449,,28.521601,
06/30/1996,294.136993,293.864014,293.864014,,2.914954,1.023262,0.743541,0.31,0.249,0.31,0.31,0.249,0.31,0.27,0.403588,0.029606,0.401854,13.231929,,28.466666,
09/30/1996,294.64801,294.395996,294.395996,,3.437207,1.38419,1.009864,0.46,0.391,0.39,0.46,0.391,0.39,0.27,0.867199,0.418484,0.106228,13.435013,,29.005458,
12/31/1996,295.140015,294.946014,294.946014,,3.979372,1.626399,1.144616,0.43,0.43,0.43,0.43,0.43,0.43,0.27,0.766242,0.116971,0.06031,13.662329,,28.721624,
03/31/1997,295.638,295.393005,295.393005,,3.394799,1.136452,0.752895,0.39,0.33,0.33,0.39,0.33,0.33,0.27,0.87409,0.451263,0.086254,13.785102,,28.577179,
06/30/1997,296.14801,295.901001,295.901001,,3.373088,0.401824,-0.000338,0.302,0.237,0.237,0.302,0.237,0.237,0.27,0.431563,-0.0659,0.04491,13.739413,,30.97809,
09/30/1997,296.537994,296.350006,296.346985,,4.07529,1.31805,0.941801,0.231,0.138,0.138,0.23,0.139,0.14,0.27,-0.644177,-1.18071,0.061038,13.692344,,30.904302,
12/31/1997,296.90799,296.718994,296.718994,,4.517069,0.627867,0.153681,1.24,-0.01,0.04,1.24,-0.01,0.04,0.27,0.746835,0.279389,2.495049,14.552993,13.209142,30.365636,
03/31/1998,297.231995,297.05899,297.05899,,4.242255,0.876257,0.47196,-0.07,-0.07,0.354,-0.07,-0.07,0.354,0.27,-0.279406,-0.63994,0.169901,14.296913,,30.346666,
06/30/1998,297.263,297.259003,297.259003,,4.044284,1.038825,0.653639,0.121,0.249,0.249,0.121,0.249,0.249,0.27,0.372403,-0.250623,2.15163,14.041102,,30.125847,
09/30/1998,297.279999,297.321991,297.272003,,6.452676,1.00985,0.640491,-0.311,0.1,0.608,-0.311,0.1,0.608,0.27,0.766302,0.265077,2.285051,13.467438,,30.222014,
12/31/1998,297.342987,297.276001,297.325989,,4.035302,0.938028,0.558982,0.07,0.023,0.221,0.07,0.023,0.221,0.27,-0.068275,-0.66459,1.961035,13.30551,12.063173,30.426815,
03/31/1999,297.331421,297.334015,297.334015,,3.228019,1.15224,0.765133,0.292937,0.292937,0.292937,0.292937,0.292937,0.292937,0.27,0.996859,0.616815,1.399785,13.346723,12.089876,30.562191,
06/30/1999,297.330994,297.325012,297.325012,,3.173968,0.974355,0.57681,0.17,0.17,0.17,0.17,0.17,0.17,0.269997,0.355167,-0.182292,0.816598,13.306046,12.010184,30.818854,
09/30/1999,297.393005,297.325012,297.325012,,3.471622,1.030186,0.647776,0.25,0.25,0.25,0.25,0.25,0.25,0.27,1.006306,0.535105,0.923357,13.28007,12.001291,30.880348,
12/31/1999,297.325012,297.325012,297.325012,,3.478685,0.902379,0.534432,-0.51,-0.51,-0.51,-0.51,-0.51,-0.51,0.04,0.403935,-0.130161,0.482973,12.751702,11.464558,30.944587,
03/31/2000,297.325012,297.325012,297.325012,,3.284957,1.087362,0.612461,0.3,0.2,0.2,0.3,0.2,0.2,0.0,0.786008,0.398217,0.518624,13.049356,11.762212,30.936852,
06/30/2000,297.325012,297.325012,297.325012,,3.462541,0.317498,-0.079711,-0.47,-0.47,-0.47,-0.47,-0.47,-0.47,,0.766165,0.374674,0.90507,11.716808,11.135289,30.270579,
09/30/2000,297.325012,297.325012,297.325012,,4.815942,0.89498,0.469184,0.16,0.16,0.16,0.16,0.16,0.16,0.27,0.69419,0.338014,1.015387,11.829479,11.829479,26.73169,
12/31/2000,297.325012,297.325012,297.325012,,4.575128,0.540486,0.252922,-0.04,-0.04,-0.04,-0.04,-0.04,-0.04,0.27,0.270411,0.022871,0.853948,11.498528,11.498528,26.623727,
03/31/2001,297.325012,297.325012,297.325012,,4.153704,0.836122,0.503826,-0.02,-0.02,-0.02,-0.02,-0.02,-0.02,0.27,0.450685,-0.187674,0.468847,11.483729,11.483729,26.64727,
06/30/2001,297.325012,297.325012,297.325012,,4.310434,1.349701,1.014715,0.65,0.53,0.53,0.65,0.53,0.53,0.27,0.193391,-0.165139,0.850248,11.536197,11.536197,26.656352,
09/30/2001,297.325012,297.325012,297.325012,,4.184646,0.450349,0.113008,-0.12,-0.12,-0.12,-0.12,-0.12,-0.12,0.27,-0.531069,-0.874128,0.480619,11.49281,11.49281,26.647607,
12/31/2001,297.325012,297.325012,297.325012,,2.975868,0.592281,0.250904,0.15,0.15,0.15,0.15,0.15,0.15,0.0,0.231397,-0.198772,0.710334,11.570503,11.570503,26.6244,
03/31/2002,297.325012,297.325012,297.325012,,2.854116,0.383419,0.041705,0.38,0.38,0.38,0.38,0.38,0.38,0.46,1.258555,0.690827,0.531069,9.726394,9.726394,26.804001,
06/30/2002,297.325012,297.325012,297.325012,,2.394686,0.764483,0.406626,0.11,0.12,0.12,0.11,0.12,0.12,0.0,0.444295,0.0037,0.537123,9.841083,9.841083,26.79223,
09/30/2002,297.325012,297.325012,297.325012,,2.564197,0.791726,0.426806,0.1,0.1,0.1,0.1,0.1,0.1,0.0,0.228706,-0.181956,0.173884,10.013621,10.013621,26.822836,
12/31/2002,297.325012,297.325012,297.325012,,2.630118,0.776255,0.408307,0.13,0.13,0.13,0.13,0.13,0.13,0.0,0.37602,-0.0972,0.268057,10.648617,10.648617,26.910619,
03/31/2003,297.325012,297.325012,297.325012,,2.778105,0.772555,0.40259,0.1,0.09,0.09,0.1,0.09,0.09,0.0,1.24342,0.718069,0.512907,10.743799,10.743799,29.255864,
06/30/2003,297.325012,297.325012,297.325012,,2.636509,0.913142,0.56302,0.2,0.21,0.21,0.2,0.21,0.21,0.0,0.50988,-0.02018,0.418734,10.824182,10.824182,29.586478,
09/30/2003,297.325012,297.325012,297.325012,,2.843353,0.900698,0.543849,0.2,0.2,0.2,0.2,0.2,0.2,0.14,0.619188,0.106954,0.181956,10.888085,10.888085,29.742537,
12/31/2003,297.325012,297.325012,297.325012,,2.651644,0.898007,0.535105,0.2,0.2,0.2,0.2,0.2,0.2,0.14,0.438914,-0.149332,0.287564,10.960397,10.960397,30.062053,
03/31/2004,297.325012,297.325012,297.325012,,2.612629,0.881527,0.509207,0.22,0.22,0.22,0.22,0.22,0.22,0.28,1.229967,0.538468,0.196754,11.027327,11.027327,30.392667,
06/30/2004,297.325012,297.325012,297.325012,,2.515093,0.798789,0.436896,0.17,0.17,0.17,0.17,0.17,0.17,0.16,0.103927,-0.457412,0.243505,11.032372,11.032372,30.723281,
09/30/2004,297.325012,297.325012,297.325012,,2.787186,0.922559,0.555957,0.21,0.21,0.21,0.21,0.21,0.21,0.16,0.583873,0.042378,0.184983,11.075759,11.075759,30.901202,
12/31/2004,312.176089,312.176,312.176,,2.721221,0.849841,0.497155,0.16,0.16,0.16,0.16,0.16,0.16,0.16,0.492671,-0.186433,0.080083,10.562628,,29.747634,
03/31/2005,312.175995,341.880005,341.880005,,1.821692,0.924886,0.602551,0.25,0.25,0.25,0.25,0.25,0.25,0.14,1.031941,0.120218,0.638422,10.685639,10.685639,30.401439,
06/30/2005,323.913177,323.910004,323.910004,,2.721126,0.76194,0.419561,0.143,0.143,0.143,0.143,0.143,0.143,0.16,0.432528,-0.279399,0.517114,10.667056,10.667056,29.708271,
09/30/2005,335.530273,335.530273,335.530273,,1.849908,0.719756,0.385062,0.12,0.12,0.12,0.12,0.12,0.12,0.16,0.31562,-0.397878,0.367776,10.629145,10.629145,29.052223,
12/31/2005,347.158173,347.158173,347.158173,,3.355819,1.061764,0.737992,0.37,0.37,0.37,0.37,0.37,0.37,0.157277,0.94251,0.233611,0.471255,10.841456,10.841456,28.493639,
03/31/2006,357.060913,421.641998,421.641998,,2.921673,0.914757,0.647469,0.35,0.35,0.35,0.35,0.35,0.35,0.04,0.762258,-0.027274,0.334957,11.231977,11.231977,28.312257,
03/31/2007,357.0,357.060913,357.060913,,2.87626,0.901807,0.562929,0.28,0.28,0.28,0.28,0.28,0.28,0.0,0.946617,-0.106424,1.257703,12.591036,12.591036,31.02521,
06/30/2007,357.0,357.060913,357.060913,,2.873459,0.904608,0.562929,0.29,0.29,0.29,0.29,0.29,0.29,0.0,0.344479,-0.649749,0.156863,13.322129,13.322129,31.781513,
09/30/2007,357.0,357.060913,357.060913,,3.184331,1.103453,0.753373,0.38,0.38,0.38,0.38,0.38,0.38,0.0,0.529321,-0.604939,0.156863,13.834734,13.834734,32.414566,
12/31/2007,357.0,357.060913,357.060913,,2.991086,0.969022,0.607739,0.28,0.28,0.28,0.28,0.28,0.28,0.0,0.487312,-0.585334,0.638655,14.114846,14.114846,33.190476,
03/31/2008,357.060915,357.0,357.0,,3.067227,0.969188,0.641457,0.302521,0.302521,0.302521,0.302521,0.302521,0.302521,0.0,1.0,0.014006,0.674955,14.412107,,33.876573,
06/30/2008,357.060915,357.0,357.0,,2.955182,0.943978,0.596639,0.277311,0.277311,0.277311,0.277311,0.277311,0.277311,0.0,0.366947,-0.635854,0.162437,15.224293,15.224293,34.629945,
09/30/2008,357.060915,357.0,357.0,,3.487395,1.117647,0.773109,0.369748,0.369748,0.369748,0.369748,0.369748,0.369748,0.0,0.739496,-0.383754,0.193244,15.641589,15.641589,36.439161,
12/31/2008,357.0,357.0,357.0,,3.089636,1.014006,0.661064,0.33,0.33,0.33,0.33,0.33,0.33,0.0,0.672269,-1.226891,0.165266,16.655462,16.655462,38.722689,
03/31/2009,357.060915,357.0,357.0,,3.12605,1.10084,0.72549,0.344538,0.344538,0.344538,0.344538,0.344538,0.344538,0.0,1.168067,-0.420168,2.262919,16.991498,16.991498,39.603887,
06/30/2009,357.060915,357.0,357.0,,2.845938,1.019608,0.638655,0.308123,0.308123,0.308123,0.308123,0.308123,0.308123,0.0,0.913165,-0.714286,1.545955,17.299569,17.299569,40.990205,
09/30/2009,357.060915,357.0,357.0,,3.210084,1.207283,0.820728,0.453782,0.453782,0.453782,0.453782,0.453782,0.453782,0.0,0.941176,-0.789916,0.417296,17.744871,17.744871,42.298105,
12/31/2009,357.060915,357.0,357.0,,3.302521,1.179272,0.784314,0.406162,0.406162,0.406162,0.406162,0.406162,0.406162,0.0,1.179272,,0.327675,18.503845,18.503845,43.513584,
03/31/2010,357.060915,357.0,357.0,,3.098039,1.089636,0.703081,0.380952,0.380952,0.380952,0.380952,0.380952,0.380952,0.0,1.439776,0.406162,0.714164,18.898736,18.898736,43.446368,
06/30/2010,357.060915,357.0,357.0,,2.946779,1.142857,0.753501,0.420168,0.420168,0.420168,0.420168,0.420168,0.420168,0.0,0.742297,-0.677871,0.308071,19.596096,19.596096,44.432194,
09/30/2010,357.060915,357.0,357.0,,3.263305,1.168067,0.784314,0.436975,0.436975,0.436975,0.436975,0.436975,0.436975,0.0,0.742297,-0.305322,0.089621,20.032996,20.032996,45.224776,
12/31/2010,357.060915,357.0,357.0,,3.106443,1.072829,0.661064,0.341737,0.341737,0.341737,0.341737,0.341737,0.341737,0.0,1.02521,0.02521,0.08682,20.360672,20.360672,45.908133,
03/31/2011,357.060915,357.0,357.0,,3.134454,1.176471,0.747899,0.352941,0.352941,0.352941,0.352941,0.352941,0.352941,0.0,1.109244,0.123249,0.109225,19.170398,19.170398,46.412249,
06/30/2011,357.060915,357.0,357.0,,3.056022,1.162465,0.736695,0.361345,0.361345,0.361345,0.361345,0.361345,0.361345,0.0,1.80112,0.792717,0.473309,19.534482,19.534482,47.154419,
09/30/2011,357.060915,357.0,357.0,,3.355742,1.308123,0.885154,0.473389,0.473389,0.473389,0.473389,0.473389,0.473389,0.0,1.156863,0.156863,0.422897,20.00499,20.00499,47.736953,
12/31/2011,357.060915,357.0,357.0,,3.29972,1.10084,0.666667,0.355742,0.355742,0.355742,0.355742,0.355742,0.355742,0.0,0.515406,-0.708683,0.13163,20.363472,20.363472,48.658364,
03/31/2012,357.060915,357.0,357.0,,3.336134,1.218487,0.778711,0.420168,0.420168,0.420168,0.420168,0.420168,0.420168,0.0,1.341737,0.207283,0.126029,20.643536,20.643536,49.210091,
06/30/2012,357.060915,357.0,357.0,,3.229692,1.151261,0.703081,0.364146,0.364146,0.364146,0.364146,0.364146,0.364146,0.0,1.128852,0.243697,0.299669,21.00762,21.00762,49.787023,
09/30/2012,357.060915,357.0,357.0,,3.717087,1.509804,1.058824,0.593838,0.593838,0.593838,0.593838,0.593838,0.593838,0.0,1.32493,0.439776,0.490112,21.318491,21.318491,50.053084,
12/31/2012,357.060915,357.0,357.0,,3.392157,0.773109,0.319328,0.114845,0.114845,0.406162,0.114845,0.114845,0.406162,0.0,0.761905,-0.103641,0.224051,21.293285,21.293285,50.571203,
03/31/2013,357.060915,357.0,357.0,,3.45098,1.302521,0.831933,0.445378,0.445378,0.445378,0.445378,0.445378,0.445378,0.0,1.313725,0.588235,0.372485,21.318491,21.318491,50.786852,
06/30/2013,357.060915,357.0,357.0,,3.403361,1.344538,0.871148,0.462185,0.462185,0.462185,0.462185,0.462185,0.462185,0.0,1.014006,0.288515,0.333276,20.803173,20.803173,51.100524,
09/30/2013,357.060915,357.0,357.0,,3.915966,1.563025,1.089636,0.602241,0.602241,0.602241,0.602241,0.602241,0.602241,0.0,1.305322,0.64986,0.439701,21.408112,21.408112,51.355383,
12/31/2013,357.060915,357.0,357.0,,3.647059,1.221289,0.747899,0.394958,0.394958,0.394958,0.394958,0.394958,0.394958,0.0,0.717087,-0.159664,0.148434,21.803002,21.803002,51.831492,
03/31/2014,357.060915,357.0,357.0,,3.607843,1.313725,0.812325,0.434174,0.434174,0.434174,0.434174,0.434174,0.434174,0.0,1.35014,0.593838,0.481711,20.836781,,51.99673,
06/30/2014,357.060915,357.0,357.0,,3.481793,1.45098,0.955182,0.515406,0.515406,0.515406,0.515406,0.515406,0.515406,0.0,1.131653,0.397759,0.526521,21.002019,21.002019,52.189974,
09/30/2014,357.060915,357.0,357.0,,4.028011,1.686275,1.168067,0.669468,0.669468,0.669468,0.669468,0.669468,0.669468,0.0,1.319328,0.633053,0.324875,21.391308,21.391308,52.464437,
12/31/2014,,357.0,357.0,,3.593838,1.22409,0.705882,0.336134,0.336134,0.336134,0.336134,0.336134,0.336134,0.0,0.596639,-0.212885,,,,,
03/31/2015,357.060915,357.0,357.0,,3.501401,1.291317,0.761905,0.37535,0.37535,0.37535,0.37535,0.37535,0.37535,1.26,1.35014,0.767507,0.033608,20.831179,,52.604469,
06/30/2015,357.060915,357.0,357.0,,3.554622,1.442577,0.910364,0.478992,0.478992,0.478992,0.478992,0.478992,0.478992,0.7,1.414566,0.823529,0.268862,20.609929,,52.932145,
09/30/2015,357.060915,357.0,357.0,,3.985994,1.747899,1.221289,0.686275,0.686275,0.686275,0.686275,0.686275,0.686275,0.7,1.467787,0.848739,0.13163,20.595925,,53.058174,
12/31/2015,357.060915,357.0,357.0,,3.613445,1.392157,0.859944,0.406,0.406,0.406,0.406,0.406,0.406,0.0,0.62465,-0.148459,0.033608,21.00762,21.00762,53.285026,
03/31/2016,357.060915,357.0,357.0,,3.507003,1.439776,0.907563,0.462185,0.462185,0.462185,0.462185,0.462185,0.462185,0.28,1.490196,0.929972,0.467707,21.189662,,53.313032,
06/30/2016,357.060915,357.0,357.0,,3.453782,1.490196,0.94958,0.492997,0.492997,0.492997,0.492997,0.492997,0.492997,0.42,0.742297,0.140056,0.165238,21.262478,,53.39145,
09/30/2016,357.060915,357.0,357.0,,4.016807,1.784314,1.243697,0.708683,0.708683,0.708683,0.708683,0.708683,0.708683,0.84,1.610644,1.131653,0.554527,21.130848,,53.343839,
12/31/2016,357.060915,357.0,357.0,,3.591036,1.442577,0.89916,0.473389,0.473389,0.473389,0.473389,0.473389,0.473389,0.91,0.621849,-0.266106,0.047611,20.691147,20.691147,53.665913,
03/31/2017,357.060915,357.0,357.0,,3.588235,1.498599,0.94958,0.501401,0.501401,0.501401,0.501401,0.501401,0.501401,0.28,1.647059,1.148459,0.04201,20.912398,,53.576292,
06/30/2017,357.060915,357.0,357.0,,3.487395,1.498599,0.932773,0.490196,0.490196,0.490196,0.490196,0.490196,0.490196,0.28,1.27451,0.736695,0.467707,21.122446,,53.6071,
09/30/2017,357.060915,357.0,357.0,,4.005602,1.851541,1.291317,0.736695,0.736695,0.736695,0.736695,0.736695,0.736695,0.8403,1.170868,0.658263,0.291267,21.018823,,53.590296,
12/31/2017,357.060915,357.0,357.0,,3.588235,1.414566,0.859944,0.422969,0.422969,0.422969,0.422969,0.422969,0.422969,0.2797,0.394958,-0.210084,0.039209,21.153253,21.153253,53.780739,
03/31/2018,357.060915,357.0,357.0,,3.316527,1.257703,0.691877,0.414566,0.414566,0.414566,0.414566,0.414566,0.414566,0.41,1.492997,0.831933,0.047611,20.867588,,53.744331,
06/30/2018,357.060915,357.0,357.0,,3.341737,1.347339,0.795518,0.515406,0.515406,0.515406,0.515406,0.515406,0.515406,0.28,1.07563,0.338936,0.061614,21.102842,,54.029997,
09/30/2018,357.060915,357.0,357.0,,3.834734,1.64986,1.081232,0.756303,0.756303,0.756303,0.756303,0.756303,0.756303,0.5,1.577031,0.977591,0.862598,21.718983,,54.158826,
12/31/2018,357.060915,357.0,357.0,,3.585434,1.431373,0.37535,0.380952,0.380952,0.380952,0.380952,0.380952,0.380952,0.07,0.927171,-0.596639,0.215649,21.96544,21.96544,54.867389,
03/31/2019,357.060915,357.0,357.0,,3.526611,1.369748,0.795518,0.501401,0.501401,0.501401,0.501401,0.501401,0.501401,0.49,1.383754,0.439776,1.87363,21.979443,21.979443,55.167057,
06/30/2019,357.060915,357.0,357.0,,3.268908,1.338936,0.7507,0.470588,0.470588,0.470588,0.470588,0.470588,0.470588,0.49,0.97479,-0.369748,1.501144,22.44715,,56.449752,
09/30/2019,357.060915,357.0,357.0,,3.829132,1.694678,0.932773,0.778711,0.778711,0.778711,0.778711,0.778711,0.778711,0.49,1.190476,-0.579832,0.927013,23.225729,,57.715642,
12/31/2019,357.060915,357.0,357.0,,3.571429,1.271709,0.52381,0.408964,0.408964,0.408964,0.408964,0.408964,0.408964,0.49,0.784314,-1.2493,0.084019,23.62342,23.62342,58.737877,
