Date,Basic Shares Outstanding,Diluted Weighted Avg Shares,Basic Weighted Avg Shares,Per Share Data Items,Revenue,EBITDA,Operating Income,Net Income to Common - Basic,Net Income before XO - Basic,Normalized Net Income - Basic,Net Income to Common - Diluted,Net Income before XO - Diluted,Normalized Net Income - Diluted,Dividends,Cash Flow,Free Cash Flow,Cash & Equivalents,Book Value,Tangible Book Value,Source: Bloomberg
03/31/1991,,60.711994,60.711994,,1.200339,,,0.055,0.055,,0.055,0.055,0.055,,,,,,,
06/30/1991,,60.553997,60.553997,,1.137266,,,0.045,0.045,,0.045,0.045,0.045,,,,,,,
09/30/1991,,61.610001,61.610001,,1.414202,0.235059,0.199026,0.1,0.1,,0.1,0.1,0.1,,-0.05379,,,,,
12/31/1991,72.823997,63.458,63.458,,1.466088,0.251631,0.215103,0.1045,0.1045,,0.1045,0.1045,0.1045,,0.053295,,0.299709,2.305916,,
03/31/1992,72.958,78.237999,78.237999,,1.544403,0.229479,0.184782,0.1045,0.1045,,0.1045,0.1045,0.1045,,0.119405,,0.005428,2.414745,,
06/30/1992,73.136002,73.046997,73.046997,,1.489315,0.239161,0.184306,0.0995,0.0995,,0.0995,0.0995,0.0995,,0.133353,,0.007356,2.512278,,
09/30/1992,73.230003,77.052002,77.052002,,1.855007,0.271297,0.224212,0.1345,0.1345,,0.1345,0.1345,0.1345,,-0.06432,,0.008944,2.651714,,
12/31/1992,74.396004,78.505997,78.505997,,1.796334,0.291876,0.245956,0.15,0.15,,0.15,0.15,0.15,,0.156421,,0.024289,2.840354,,
03/31/1993,74.529999,77.594002,77.594002,,1.832062,0.290293,0.238575,0.1445,0.1445,,0.1445,0.1445,0.1445,,-0.006418,,0.001006,2.998658,,
06/30/1993,74.811996,77.458,77.458,,1.867541,0.290803,0.23698,0.14,0.14,,0.14,0.14,0.14,,0.323337,,0.00278,3.141087,,
09/30/1993,74.927002,77.577003,77.577003,,2.231795,0.372546,0.313895,0.19,0.19,,0.19,0.19,0.19,,0.225905,,0.004698,3.333218,,
12/31/1993,75.335999,77.779999,77.779999,,2.24262,0.384906,0.323746,0.2,0.2,,0.2,0.2,0.2,,0.00027,,0.006225,3.540592,,
03/31/1994,75.763,77.696999,77.696999,,2.105036,0.342459,0.280912,0.17,0.17,,0.17,0.17,0.17,,0.325933,,0.002613,3.734211,,
06/30/1994,75.825996,77.285004,77.285004,,2.047098,0.307214,0.244433,0.15,0.15,,0.15,0.15,0.15,,0.231106,,0.028447,3.897186,,
09/30/1994,75.877998,77.208,77.208,,2.366141,0.386942,0.315693,0.19,0.19,,0.19,0.19,0.19,,0.06612,,0.002095,4.089394,,
12/31/1994,75.929001,77.185997,77.185997,,2.263636,0.345438,0.275439,0.17,0.17,,0.17,0.17,0.17,,0.078913,,0.007586,4.256147,,
03/31/1995,75.996002,77.185997,77.185997,,2.400254,0.336071,0.254437,0.15,0.15,,0.15,0.15,0.15,,0.30617,,0.003079,4.403074,,
06/30/1995,76.018997,77.175003,77.175003,,2.259864,0.295407,0.210185,0.07,0.07,,0.07,0.07,0.07,,0.09792,,0.003407,4.480682,,
09/30/1995,76.100998,77.191002,77.191002,,2.657654,0.392118,0.306461,0.16,0.16,0.18,0.16,0.16,0.18,,0.079621,0.011115,0.002168,4.636772,,
12/31/1995,76.264,77.208,77.208,,2.603241,0.383846,0.295604,0.16,0.16,0.17,0.16,0.16,0.17,,0.057792,-0.021643,0.003816,4.787934,,
03/31/1996,76.307999,77.214996,77.214996,,2.542589,0.346254,0.256427,0.14,0.14,0.15,0.14,0.14,0.15,,0.451078,0.411721,0.002529,4.925277,,
06/30/1996,76.327003,77.188004,77.188004,,2.275703,0.257708,0.168847,0.06,0.06,0.1,0.06,0.06,0.1,,0.355975,0.315256,0.002306,4.993777,,
09/30/1996,76.511002,77.166,76.414001,,2.776638,0.360942,0.266169,0.14,0.14,0.163,0.14,0.14,0.163,,0.129204,0.093923,0.006326,5.123969,,
12/31/1996,76.542999,77.214996,76.526001,,2.896597,0.4194,0.325223,0.18,0.18,0.204,0.18,0.18,0.204,,0.453101,0.396832,0.004285,5.300851,,
06/30/1997,76.515999,77.377998,76.512001,,2.563938,0.3062,0.215966,0.12,0.12,0.141,0.12,0.12,0.14,,0.253921,0.123484,0.187621,5.56583,5.032163,
03/31/1998,74.641998,75.320999,74.622002,,2.997454,0.340463,0.237785,0.13,0.13,0.14,0.13,0.13,0.14,0.0,0.199673,-0.015022,0.028617,5.805056,,
06/30/1998,74.692001,74.661003,74.661003,,2.872316,0.143864,0.050428,-1.19,-1.19,-0.03,-1.19,-0.19,-0.03,0.0,-0.059214,-0.349754,0.020029,4.620013,4.342326,
10/03/1998,73.221,73.429,73.429,,2.891201,-0.101636,-0.178227,-0.17,-0.17,-0.03,-0.17,-0.17,-0.03,0.0,-0.207221,-0.415217,0.037831,4.342088,4.061376,
01/02/1999,73.25,73.489,73.219,,3.088283,0.266611,0.184433,0.1,0.1,0.11,0.1,0.1,0.11,0.0,-0.486295,-0.580601,0.011631,4.438075,4.161884,
04/03/1999,73.282,73.519,73.265,,3.431734,0.329243,0.263496,0.13,0.13,0.15,0.13,0.13,0.15,0.0,0.908319,0.827885,0.020742,4.540719,4.268074,
07/03/1999,73.301003,73.32,73.32,,2.560584,0.07114,0.007065,-0.04,-0.04,0.06,-0.04,-0.04,0.06,0.0,-0.424509,-0.481806,0.023124,4.534986,4.271224,
10/02/1999,73.346001,73.528,73.327003,,2.895523,0.317032,0.242939,0.14,0.14,0.14,0.14,0.14,0.14,0.0,-0.09954,-0.150899,0.017233,4.672157,4.412429,
01/01/2000,73.25,73.525002,73.348,,2.736107,0.335524,0.259407,0.15,0.15,0.15,0.15,0.15,0.15,0.0,0.419766,0.366908,0.050935,4.833611,4.57742,
04/01/2000,73.369,73.537,73.367,,2.515136,0.217509,0.136124,0.09,0.09,0.09,0.09,0.09,0.09,0.0,0.853027,0.812259,0.012035,4.904687,4.652783,
07/01/2000,73.488998,73.330002,73.330002,,2.042575,-0.119419,-0.191122,-0.11,-0.11,-0.03,-0.11,-0.11,-0.03,0.0,0.432824,0.381958,0.096001,4.786567,4.538924,
09/30/2000,,73.929,73.505,,2.613999,0.311856,0.227835,0.14,0.14,0.14,0.14,0.14,0.14,0.0,0.444065,0.365023,,,,
12/30/2000,73.463997,73.953003,73.522003,,2.57814,0.166712,0.006678,0.01,0.01,0.01,0.01,0.01,0.01,0.0,0.607696,0.470104,0.702997,4.938691,4.698696,
03/31/2001,73.433,74.552,73.468,,2.598383,0.422592,0.176839,0.14,0.14,0.14,0.14,0.14,0.14,0.0,0.93506,0.69859,0.956328,5.06877,4.832541,
06/30/2001,74.071999,75.720001,73.75,,2.452854,0.182075,0.114725,0.08,0.08,0.05,0.08,0.08,0.05,0.0,-0.160434,-0.288312,0.14872,5.209459,4.572308,
09/29/2001,73.996002,76.925,74.314,,2.921603,0.366795,0.275184,0.18,0.18,0.18,0.17,0.17,0.17,,-0.270595,-0.334997,0.004014,5.342005,4.706227,
12/29/2001,73.372,74.56,73.343,,3.118144,0.498562,0.330693,0.21,0.21,0.21,0.2,0.2,0.2,,-0.180631,-0.313309,0.011094,5.524587,4.877596,
03/30/2002,72.471,73.859,72.69,,2.730651,0.467781,0.389971,0.25,0.25,0.25,0.24,0.24,0.24,,0.750984,0.646568,0.506051,5.717487,5.062453,
06/29/2002,72.55,72.307,72.307,,2.517336,0.20879,0.103061,0.017716,0.017716,0.05117,0.017716,0.017716,0.05117,0.0,0.707954,0.566792,1.058911,5.763777,5.268684,
09/28/2002,69.362999,71.745,70.719,,3.014961,0.517456,0.420382,0.27,0.27,0.27,0.26,0.26,0.26,,0.132327,0.059984,0.709514,5.838286,5.320445,
12/28/2002,69.478996,70.393997,69.273003,,3.284411,0.476376,0.380307,0.24,0.24,0.24,0.24,0.24,0.24,,0.406378,0.306685,1.033017,6.123664,5.592294,
03/29/2003,69.429,70.601,69.337,,2.922192,0.415319,0.324863,0.2,0.2,0.2,0.2,0.2,0.2,0.025,0.641418,0.533496,1.515692,6.313443,5.796094,
06/28/2003,70.034,71.439,69.614,,2.623538,0.1658,0.075358,0.06,0.06,0.06,0.06,0.06,0.06,0.025,-0.032853,-0.214885,1.339735,6.402947,5.890068,
09/27/2003,69.994,71.809,70.04,,3.024543,0.46225,0.361865,0.24,0.24,0.24,0.23,0.23,0.23,0.025,0.117005,0.045717,1.186473,6.622196,6.109024,
12/27/2003,70.124,71.5,69.967,,3.502994,0.759458,0.554118,0.55,0.55,0.55,0.53,0.53,0.53,0.035,0.855846,0.662398,1.580187,7.160744,6.648523,
03/27/2004,70.595,72.598,70.296,,3.282406,0.475347,0.377148,0.25,0.25,0.25,0.24,0.24,0.24,0.035,0.630576,0.557983,2.215695,7.463333,6.954529,
06/26/2004,70.9451,73.277,70.671,,3.007811,0.275233,0.173607,0.11,0.11,0.11,0.11,0.11,0.11,0.035,0.202615,0.065982,2.420181,7.558408,7.052115,
09/25/2004,71.208,73.043,70.948,,3.209661,0.475249,0.375289,0.25,0.25,0.25,0.24,0.24,0.24,0.035,-0.323857,-0.3576,1.991546,7.80703,7.302606,
12/25/2004,71.555,73.285,71.206,,3.535489,0.457419,0.339143,0.22,0.22,0.3,0.22,0.22,0.29,0.04,0.623978,0.551372,2.504856,8.035805,7.533827,
03/26/2005,93.802,73.66,73.66,,2.987958,-4.992968,-5.102213,-5.15,-5.15,0.22,-5.15,-5.15,0.22,0.04,0.447163,0.338393,0.788203,6.492122,3.376239,
06/25/2005,,,,,,,,,,,,,,0.04,,,,,,
09/24/2005,93.561,94.314,93.188,,3.431064,0.375853,0.222443,0.14,0.14,0.1798,0.14,0.14,0.1793,0.04,0.190175,0.10188,0.437586,6.334231,3.24879,
12/24/2005,93.103996,93.962997,92.833,,3.874667,0.557625,0.423438,0.27,0.27,0.24,0.27,0.27,0.24,0.042,0.404124,0.362285,0.28524,6.505145,3.37804,
03/25/2006,93.087,94.044,92.683,,3.585566,0.493694,0.327514,0.23,0.23,0.216,0.22,0.22,0.2062,0.043,0.597672,0.526893,0.385156,6.707306,3.638392,
07/01/2006,92.922,94.004,94.004,,3.777169,0.470554,0.316848,0.13,0.13,0.19,0.13,0.13,0.19,0.0425,0.169131,-0.019744,0.492359,6.895504,3.832623,
09/30/2006,92.627808,93.521004,92.167999,,3.691249,0.425462,0.278969,0.18,0.18,0.18,0.18,0.18,0.18,0.043,-0.069482,-0.157506,0.657999,7.142445,3.717091,
12/30/2006,92.666,93.505997,91.835999,,4.03577,0.448713,0.294318,0.23,0.23,0.24,0.23,0.23,0.24,0.045,0.26176,0.134675,0.794952,7.470626,3.990827,
03/31/2007,92.510002,93.297997,91.642998,,3.953253,0.412983,0.256768,0.19,0.19,0.24,0.18,0.18,0.24,0.045,0.616807,0.503879,1.006302,7.623576,3.890477,
06/30/2007,93.395,94.903,93.273,,4.012908,0.520483,0.348568,0.201248,0.201248,0.201248,0.197791,0.197791,0.201248,0.045,0.587115,0.427573,0.850313,8.078259,3.944569,
09/29/2007,93.473011,94.884,93.142,,4.10921,0.668109,0.500945,0.37,0.37,0.37,0.36,0.36,0.36,0.045,0.289816,0.242962,0.84863,8.250788,4.108448,
12/29/2007,93.353,95.283,93.147,,4.675223,0.694698,0.529228,0.37,0.37,0.37,0.36,0.36,0.36,0.05,0.709008,0.608629,1.090538,8.745257,4.413699,
03/29/2008,93.38,94.955,92.854,,5.176298,0.893736,0.680078,0.43,0.43,0.48,0.42,0.42,0.47,0.05,0.422308,0.289756,0.697441,9.215721,3.904669,
06/28/2008,93.311,95.076,93.09,,4.630551,0.63661,0.438855,0.3,0.35,0.5,0.29,0.34,0.48,0.05,1.203846,1.001869,3.420379,10.006484,4.564081,
09/27/2008,92.891,94.568,92.787,,4.90961,0.817507,0.636803,0.41,0.41,0.419736,0.4,0.41,0.416757,0.05,0.010422,-0.053305,2.684243,9.562369,4.334144,
12/27/2008,92.129,93.587,92.044,,5.836372,0.851701,0.660543,0.27,0.261201,0.45375,0.27,0.259838,0.449213,0.055,0.380405,0.217266,1.760282,8.962704,3.547493,
03/28/2009,92.171,93.153,91.967,,5.500908,0.96166,0.78177,0.5,0.51,0.511042,0.49,0.5,0.50569,0.055,0.713321,0.592723,2.14625,9.121698,4.152098,
06/27/2009,92.209,93.275,91.979,,5.525272,0.812794,0.60366,0.382707,0.35095,0.510193,0.377389,0.346073,0.503104,0.055,1.704324,1.408408,3.428472,9.998167,4.759785,
09/26/2009,91.779,93.396,92.044,,5.740005,0.959954,0.783636,0.56,0.56,1.406338,0.56,0.55,1.388847,0.055,0.394996,0.31335,2.664368,10.475479,5.150296,
12/26/2009,91.164569,92.999,91.634,,6.355992,1.24994,1.069832,0.66,0.69,0.690167,0.65,0.68,0.684857,0.0625,1.293646,1.005915,3.104265,10.831017,5.531546,
03/27/2010,91.356,92.589,91.179,,5.896445,1.170467,0.977769,0.68,0.67,0.778216,0.67,0.66,0.761696,0.0625,0.705579,0.694359,3.492754,11.553571,5.985168,
06/26/2010,91.694,92.923,91.312,,6.787279,1.082859,0.838718,0.536008,0.536644,0.722816,0.526716,0.52734,0.710285,0.0625,1.22594,0.971088,1.203176,11.910223,-1.231771,
09/25/2010,92.205,93.269,91.824,,6.984252,1.472415,1.217187,0.81,0.8,1.688317,0.8,0.79,1.662208,0.0625,-0.067107,-0.167233,0.614479,13.04631,-0.167887,
12/25/2010,92.297,93.363,92.232,,7.779458,1.725789,1.433765,0.98,0.97,0.98307,0.97,0.96,0.969549,0.07,1.397574,1.165973,1.460275,14.151489,0.951201,
03/26/2011,92.682,93.549,92.459,,7.479672,1.609362,1.329378,0.96,0.99,0.997996,0.95,0.98,0.98794,0.07,1.149645,0.976736,2.408634,15.355495,2.229505,
06/25/2011,92.778,94.003,92.727,,7.598963,1.617328,1.329559,0.922816,0.922816,0.945587,0.91029,0.91029,0.932752,0.07,1.562943,0.99244,3.34243,16.480674,3.412113,
09/24/2011,93.189,93.953,92.9,,7.807266,1.466868,1.093132,0.76,0.76,1.042329,0.75,0.75,1.030719,0.07,0.582853,0.378837,1.251382,16.553112,-0.451051,
12/31/2011,93.287,94.043,93.221,,8.991214,2.070917,1.723517,1.07,1.07,1.074362,1.06,1.06,1.064403,0.08,1.780446,1.386694,5.696506,17.453086,0.718428,
03/31/2012,93.405,94.124,93.33,,8.336194,1.935894,1.565092,1.24,1.24,1.290191,1.23,1.23,1.279791,0.08,0.980371,0.658331,5.934158,18.958942,2.008147,
06/30/2012,93.5,94.296,94.296,,8.820809,2.063152,1.706711,1.226871,1.135255,1.147056,1.226871,1.135255,1.147056,0.08,2.139603,1.773978,6.44385,19.796791,3.225668,
09/29/2012,93.84,94.335,93.607,,8.223851,2.029731,1.672663,1.13,1.13,1.141361,1.12,1.12,1.13335,0.08,0.479184,0.321034,6.734793,20.928005,4.586754,
12/29/2012,93.98,94.45,93.903,,9.402884,2.133819,1.74496,1.13,1.13,1.214071,1.12,1.12,1.205229,0.09,1.967434,1.706793,4.889487,22.4211,3.177963,
03/30/2013,94.022,94.519,93.989,,9.786518,2.356489,1.900286,1.19,1.19,1.220828,1.18,1.18,1.20984,0.09,1.601347,1.343859,3.199538,23.653475,1.674597,
06/29/2013,94.1,94.6,94.6,,10.224101,2.404683,1.903805,1.25,1.25,1.363285,1.25,1.25,1.361699,0.09,1.836025,1.406638,8.287991,24.77577,-0.003188,
03/29/2014,133.8,134.3,133.7,,7.510845,1.724009,0.772625,0.36,0.36,0.632213,0.36,0.36,0.631235,0.105,1.350037,1.034405,4.612108,63.961883,-14.195815,
06/28/2014,133.8,134.3,134.3,,8.519732,2.373045,1.469844,0.98,0.98,1.031459,0.98,0.98,1.030819,0.105,2.179449,1.795235,6.019432,64.969357,-12.241405,
09/27/2014,133.9,134.4,133.9,,7.106049,1.970127,1.024645,0.72,0.72,0.741668,0.72,0.72,0.741668,0.105,1.457058,1.220314,6.819268,65.098581,-10.88947,
12/27/2014,140.8,136.8,136.3,,7.862803,2.2854,1.352898,0.52,0.52,1.060709,0.51,0.51,1.053674,0.105,2.0,1.880411,5.678267,61.739347,-11.632812,
03/28/2015,140.8,140.8,140.8,,6.869318,1.743608,1.352273,-0.16,-0.16,-0.617933,-0.16,-0.16,-0.620263,0.125,1.27983,1.053267,24.518466,68.080256,-2.90767,
06/27/2015,146.3,146.3,146.3,,9.673274,1.961722,1.314422,-0.15,-0.15,0.189474,-0.15,-0.15,0.189474,0.125,2.619275,2.228982,5.456596,72.88175,-31.975393,
09/26/2015,146.4,146.9,146.3,,8.701982,2.926863,1.198223,1.78,1.78,1.202961,1.78,1.78,1.20201,0.125,4.220096,3.320574,3.572404,73.306011,-33.561475,
12/31/2015,143.1,145.2,145.2,,5.422176,,-1.314738,-1.519284,-1.519284,1.186811,-1.519284,-1.519284,1.186811,0.105,-0.199725,-0.469697,2.919637,70.631726,0.456324,
04/02/2016,143.2,143.2,143.2,,9.40852,-0.851257,-1.617318,-3.7,-3.7,0.862187,-3.7,-3.7,0.857717,0.145,0.687849,0.445531,4.11243,68.766061,-39.837989,
07/02/2016,143.2,143.2,143.2,,9.361034,2.086592,1.290503,-3.73,-3.73,-3.510859,-3.73,-3.73,-3.510859,0.145,0.916201,0.759777,4.481844,69.136173,-37.752095,
10/01/2016,143.4,143.3,143.3,,9.45499,-6.691556,-10.573622,-8.76,-8.76,1.2962,-8.76,-8.76,1.295446,0.145,4.909281,3.86462,2.529289,60.473501,-34.530683,
12/31/2016,143.4,143.6,143.6,,9.270891,-2.548747,-3.374652,-9.464485,-9.464485,5.270518,-9.464485,-9.464485,5.270518,0.145,1.435933,1.285515,4.339609,41.548815,-11.175732,
04/01/2017,143.4,143.6,143.4,,8.32636,1.658996,0.896095,0.5,0.5,0.684353,0.5,0.5,0.684353,0.16,1.356346,1.202929,21.46304,42.313808,-10.122734,
07/01/2017,142.6,143.3,143.3,,8.638521,1.815771,1.038381,-0.49,-0.49,0.491545,-0.49,-0.49,0.487239,0.16,0.633636,0.527565,5.335203,42.645161,-10.835905,
09/30/2017,140.8,141.7,141.3,,8.714084,1.944091,1.149328,0.31,0.31,0.889664,0.31,0.31,0.883108,0.16,1.392074,1.264685,5.510653,42.909801,-11.087358,
12/31/2017,140.8,141.8,141.2,,9.086402,1.913598,1.122521,0.517705,0.517705,0.746652,0.515515,0.515515,0.743493,0.16,1.536119,1.299575,4.820312,43.824574,-9.841619,
03/31/2018,139.7,141.4,140.8,,8.643466,1.887784,1.110085,0.57,0.57,0.704969,0.57,0.57,0.700549,0.19,1.224432,1.129261,4.919828,44.41947,-9.695777,
06/30/2018,137.6,138.7,138.1,,8.590876,1.469949,0.685735,0.26,0.26,0.675672,0.26,0.26,0.671754,0.19,0.595945,0.451846,3.826308,42.856831,-10.145349,
09/29/2018,135.9,137.4,137.4,,8.246725,-0.114993,-0.887918,-0.49,-0.49,1.025943,-0.49,-0.49,1.025943,0.19,1.048035,0.638282,3.26858,41.646799,-9.871229,
12/31/2018,135.9,135.7,134.9,,8.859896,1.535211,0.796887,0.604151,0.604151,1.139794,0.60059,0.60059,1.133074,0.19,1.440326,1.080059,4.055188,41.707138,-8.977189,
03/30/2019,136.0,136.2,135.9,,8.642384,1.551876,0.752759,0.47,0.47,0.416137,0.47,0.47,0.416057,0.19,0.695364,0.540103,6.161029,41.916176,-7.766912,
06/29/2019,136.0,136.5,136.0,,8.448529,1.184559,0.404412,0.07,0.07,0.448206,0.07,0.07,0.448206,0.21,0.469118,0.222059,7.7625,42.104412,-6.741176,
09/28/2019,136.1,136.8,136.0,,8.758088,1.230882,0.4,0.68,0.68,0.588128,0.67,0.67,0.580712,0.21,1.029412,0.133824,2.927994,42.313005,-10.361499,
12/31/2019,136.1,136.5,136.1,,9.719324,0.7759,-0.050698,-0.139603,-0.139603,0.95143,-0.139603,-0.139603,0.948233,0.4,0.657605,-0.152829,2.603233,42.643644,-9.573108,
03/28/2020,136.3,137.3,136.2,,9.845815,1.837004,1.06975,0.78,0.78,0.832396,0.77,0.77,0.820781,0.23,1.26138,0.773128,3.744681,42.453412,-9.079237,
06/27/2020,136.5,137.5,136.4,,8.937683,1.637097,0.860704,0.44,0.44,0.640762,0.44,0.44,0.634909,0.23,2.132698,1.939883,10.668864,43.299634,-7.442491,
09/30/2020,,,,,,,,0.88,0.88,0.881,0.88,0.88,0.881,0.23,,,,,,
12/31/2020,,,,,,,,1.077,1.077,1.062,1.077,1.077,1.062,0.23,,,,,,
