Date,Basic Shares Outstanding,Diluted Weighted Avg Shares,Basic Weighted Avg Shares,Per Share Data Items,Revenue,EBITDA,Operating Income,Net Income to Common - Basic,Net Income before XO - Basic,Normalized Net Income - Basic,Net Income to Common - Diluted,Net Income before XO - Diluted,Normalized Net Income - Diluted,Dividends,Cash Flow,Free Cash Flow,Cash & Equivalents,Book Value,Tangible Book Value,Source: Bloomberg
03/31/1999,166.744003,167.181,166.744003,,4.258024,0.647699,0.359833,-1.23,0.03,0.13,-1.23,0.03,0.13,0.0,0.179917,0.005997,0.041981,8.815909,2.614787,
06/30/1999,167.130005,167.457001,167.130005,,4.714892,0.885538,0.610303,0.33,0.28,0.28,0.33,0.28,0.28,0.0,-0.448752,-0.723987,0.107701,8.017711,1.86681,
09/30/1999,168.373001,167.725006,167.459,,4.771317,0.686735,0.40607,0.06,0.01,0.01,0.06,0.01,0.01,0.0,0.310524,0.077631,0.142541,8.213906,2.132171,
12/31/1999,168.373001,168.290756,168.288254,,4.848823,0.754658,0.499144,-1.22,-1.0,-0.08,-1.22,-1.0,-0.08,0.0,-0.225803,-0.576392,0.07127,8.017913,2.191563,
03/31/2000,166.246002,167.794937,167.747696,,4.399464,0.727283,0.459023,0.97,0.17,0.17,0.97,0.17,0.17,0.0,-0.011923,-0.238453,0.066167,9.07691,3.28429,
06/30/2000,158.697998,162.351791,162.303345,,5.052268,0.893389,0.61613,0.24,0.24,0.24,0.24,0.24,0.24,,0.086258,-0.129387,0.063013,9.319588,3.314472,
09/30/2000,158.166,158.25647,158.205765,,4.911325,0.922849,0.632088,0.24,0.24,0.24,0.24,0.24,0.24,0.0,0.891244,0.707939,0.145417,9.515319,3.565874,
12/31/2000,158.177002,158.199997,158.199997,,4.917826,0.992415,0.68268,0.05,0.05,0.26,0.05,0.05,0.26,0.0,0.865992,0.657396,0.164373,9.729607,3.786897,
03/31/2001,158.518005,158.644058,158.360962,,4.293988,0.795651,0.51149,0.2,0.18,0.18,0.2,0.18,0.18,0.0,0.347308,0.157867,0.088318,9.721293,3.841835,
06/30/2001,158.847,159.250519,158.689896,,4.587564,0.938938,0.667969,0.43,0.28,0.28,0.43,0.28,0.28,0.0,0.661668,0.447413,0.09443,10.009632,4.205304,
09/30/2001,159.136993,159.881744,158.978928,,4.365358,0.748527,0.647885,0.28,0.28,0.28,0.28,0.28,0.28,,0.779978,0.566113,0.131962,10.324438,4.536971,
12/31/2001,159.431,160.399994,160.399994,,4.426434,1.122195,0.667082,0.29,0.29,0.29,0.29,0.29,0.29,0.0,0.542394,0.249377,0.257165,10.593925,4.898671,
03/31/2002,158.367996,160.919998,159.194,,4.064224,0.835459,0.584193,-0.19,0.26,0.26,-0.19,0.26,0.26,0.0,0.445997,0.276392,0.290463,10.311427,5.11467,
06/30/2002,158.341003,160.539001,158.229996,,4.600898,1.011186,0.76471,0.38,0.38,0.36,0.38,0.38,0.36,0.0,0.657271,0.492953,0.246304,10.894209,5.323953,
09/30/2002,158.285004,160.059998,158.315994,,4.592082,0.998004,0.764294,0.37,0.37,0.37,0.37,0.37,0.37,0.0,0.827459,0.612699,0.840256,5.458508,-0.202167,
12/31/2002,158.682007,160.5,160.5,,4.847352,1.034268,0.772586,0.37,0.37,0.37,0.37,0.37,0.37,0.0,0.485981,0.242991,0.800343,5.652815,-0.056717,
03/31/2003,159.272003,161.281006,159.011002,,4.509122,0.848998,0.597443,0.27,0.27,0.27,0.27,0.27,0.27,0.0,0.352177,0.182377,0.841328,6.033703,0.313928,
06/30/2003,157.361298,160.619995,158.584,,5.107703,1.008929,0.750391,0.37,0.37,0.37,0.37,0.37,0.37,0.0,0.624275,0.472935,1.067607,6.405641,0.641835,
09/30/2003,156.929993,159.173996,157.181,,5.045139,1.037021,0.776175,0.17,0.17,0.39,0.16,0.16,0.38,0.0,0.763451,0.572588,1.185242,6.506086,0.688205,
12/31/2003,156.335999,159.5,157.557007,,5.191772,1.091668,0.831445,0.35,0.42,0.42,0.34,0.41,0.41,0.0,0.387161,0.177713,0.895507,6.786665,0.767578,
03/31/2004,153.084,157.270996,154.865005,,5.004358,0.916928,0.626352,0.0,0.0,0.28,0.0,0.0,0.28,0.0,0.535951,0.413263,0.823078,6.375585,0.267827,
06/30/2004,150.326004,154.445007,151.914001,,5.647932,1.066393,0.803086,0.34,0.34,0.39,0.33,0.33,0.38,0.0,0.56611,0.447622,0.791613,6.312946,0.159653,
09/30/2004,148.225006,151.745438,149.32341,,4.366362,0.783534,0.649597,0.38,0.33,0.32,0.37,0.32,0.31,0.0,0.96435,0.843806,1.221116,6.517119,0.222634,
12/31/2004,148.711823,150.899994,146.899994,,4.513275,0.844112,0.612662,0.32,0.28,0.31,0.31,0.28,0.3,0.0,0.36079,0.204221,1.49282,7.282541,3.227719,
03/31/2005,149.061798,151.11821,148.904373,,4.116736,0.678288,0.389512,0.15,0.14,0.16,0.15,0.14,0.16,0.0,0.846181,0.590983,0.368974,6.836091,0.14759,
06/30/2005,149.592773,151.208649,149.329239,,4.734505,1.24557,0.535729,-0.28,0.25,0.25,-0.28,0.24,0.24,0.0,0.783504,0.629482,0.474622,6.437477,1.09631,
09/30/2005,143.469757,149.017212,147.645905,,4.707208,0.318329,0.596021,0.26,0.28,0.28,0.26,0.28,0.28,0.0,-0.081276,-0.325102,0.766712,6.189458,0.63428,
12/31/2005,142.362441,144.2,144.2,,5.138696,0.887656,0.624133,0.25,0.3,0.3,0.25,0.3,0.3,0.0,0.242718,0.076283,1.208184,5.759946,0.231803,
03/31/2006,141.064163,143.733704,142.097794,,4.785437,0.928938,0.682628,0.36,0.36,0.36,0.35,0.35,0.35,0.0,0.295571,0.175935,1.16968,5.990182,0.496228,
06/30/2006,137.90596,141.436813,139.927612,,5.359914,1.157741,0.893319,0.5,0.5,0.5,0.49,0.49,0.49,,0.543138,0.450233,1.094949,6.062102,0.406074,
09/30/2006,133.114623,138.083567,136.16199,,5.500801,1.035531,0.756452,0.74,0.76,0.4,0.73,0.75,0.4,0.0,0.91068,0.800517,0.924016,5.844587,0.0,
12/31/2006,132.676408,135.1,133.276325,,5.537368,1.012933,0.750321,0.4,0.4,0.4,0.39,0.39,0.39,0.0,0.975417,0.720308,1.364221,6.429176,0.678342,
03/31/2007,130.288239,133.538773,131.706833,,5.140204,1.055374,0.78204,0.43,0.43,0.43,0.43,0.43,0.43,0.0,0.31889,0.136667,0.959411,6.385841,0.552621,
06/30/2007,130.663284,132.285645,130.496124,,6.345016,1.279731,0.980872,0.53,0.52,0.52,0.53,0.52,0.52,0.0,1.157122,0.942557,0.581648,7.178757,-4.500116,
09/30/2007,130.481232,132.197723,130.648285,,6.674408,1.278241,0.933805,0.46,0.46,0.46,0.45,0.45,0.45,0.0,0.635293,0.244932,0.528812,7.702257,-4.054223,
12/31/2007,130.439873,133.456607,130.797672,,6.697367,1.26149,0.909802,0.45,0.45,0.45,0.44,0.44,0.44,0.0,1.223263,0.856284,0.728305,9.398967,-2.453238,
03/31/2008,130.782227,132.10704,130.593231,,6.187151,1.064374,0.712135,0.26,0.26,0.33,0.26,0.26,0.33,0.0,0.183777,-0.176119,0.397608,9.825494,-0.443485,
06/30/2008,130.836685,131.980484,130.809708,,7.270103,1.353111,1.001455,0.47,0.5,0.51,0.46,0.49,0.5,0.0,0.305788,0.007645,0.405085,10.432854,-1.368118,
09/30/2008,130.93882,132.098844,130.90754,,7.066056,1.115291,0.763898,0.4,0.4,0.389459,0.4,0.4,0.389459,0.0,1.069457,0.893761,0.282575,10.806574,-0.908821,
12/31/2008,131.51027,133.70747,131.392971,,6.720299,1.2025,0.867626,0.41,0.41,0.42,0.41,0.41,0.42,0.0,1.111171,0.90568,0.608318,5.102263,-6.486185,
03/31/2009,131.51027,132.485534,131.708127,,5.81589,1.450176,1.100919,0.58,0.58,0.58,0.58,0.58,0.58,0.0,0.880735,0.706107,1.155803,5.528085,-5.991927,
06/30/2009,131.946803,132.472333,131.931203,,6.829317,1.508362,1.159695,0.6,0.61,0.60903,0.6,0.61,0.605093,0.0,0.750391,0.553319,1.72039,6.464727,-5.002016,
09/30/2009,131.995376,133.193283,131.972681,,6.357376,1.470001,1.121444,0.72,0.6,0.6,0.7,0.59,0.59,0.0,-0.181856,-0.401598,0.787906,7.212374,-4.212269,
12/31/2009,132.334417,133.9,133.9,,6.377894,1.336819,0.993279,0.54,0.54,0.54,0.54,0.53,0.53,0.0,-0.224048,-0.4705,0.347604,7.443264,-3.944552,
03/31/2010,132.853213,133.811094,132.569709,,5.861067,1.116394,0.769407,0.36,0.36,0.382261,0.36,0.36,0.38,0.0,0.286642,0.067889,1.76887,7.880878,-3.43236,
06/30/2010,132.968786,134.083053,132.913791,,7.320535,1.437022,1.060838,0.57,0.57,0.764781,0.56,0.56,0.758757,0.0,0.609418,0.338565,0.323384,8.513276,-3.572267,
09/30/2010,133.034546,134.366631,132.998767,,7.09781,1.248132,0.879707,0.6,0.59,0.799256,0.6,0.59,0.793175,0.0,1.015047,0.751887,0.390876,9.29082,-2.766199,
