Date,Revenue,Cost of Revenue,Gross Profit,Operating Expenses,Operating Income or Losses,Interest Expense,Foreign Exchange Losses (Gains),Net Non-Operating Losses (Gains),Pretax Income,Income Tax Expense (Benefit),Income Before XO Items,Extraordinary Loss Net of Tax,Minority/Non Controlling Interests (Credits),Net Income/Net Profit (Losses),Total Cash Preferred Dividends,Other Adjustments,Net Inc Avail to Common Shareholders,Abnormal Losses (Gains),Tax Effect on Abnormal Items,Normalized Income,Basic EPS Before Abnormal Items,Basic EPS Before XO Items,Basic Earnings per Share,Basic Weighted Avg Shares,Diluted EPS Before Abnormal Items,Diluted EPS Before XO Items,Diluted EPS,Diluted Weighted Avg Shares,Source: Bloomberg
03/31/1993,13.502,,,,,,,,,,,,,0.712,,,0.712,,,,,0.0275,0.0275,26.288,0.0275,0.0275,0.0275,26.288,
06/30/1993,14.179,,,,,,,,,,,,,0.755,,,0.755,,,,,0.0275,0.0275,26.372,0.0275,0.0275,0.0275,26.372,
10/01/1993,16.148001,,,,,,,,,,,,,0.964,,,0.964,,,,,0.035,0.035,28.044001,0.035,0.035,0.035,28.044001,
12/31/1993,17.874998,,,,,,,,,,,,,1.411,,,1.411,,,,,0.05,0.05,28.0,0.05,0.05,0.05,28.0,
03/31/1994,19.353001,-8.769,10.584001,-8.429,2.155,0.0,0.0,-0.103,2.052,-0.702,1.35,0.0,0.0,1.35,0.0,,1.35,,,1.35,,0.045,0.045,29.416,0.045,0.045,0.045,29.416,
06/30/1994,21.385,-9.768,11.617001,-9.433,2.184,0.0,0.0,0.158,2.342,-0.822,1.52,0.0,0.0,1.52,0.0,,1.52,,,1.52,,0.0425,0.0425,35.652,0.0425,0.0425,0.0425,35.652,
09/30/1994,23.483,-10.919,12.564,-10.266,2.298,0.0,0.0,0.441,2.739,-0.949,1.79,0.0,0.0,1.79,0.0,,1.79,,,1.79,,0.0475,0.0475,37.619999,0.0475,0.0475,0.0475,37.619999,
12/31/1994,25.846001,-12.156,13.690001,-10.828,2.862,-0.504,0.0,0.687,3.045,-1.033,2.012,0.0,0.0,2.012,0.0,,2.012,,,2.012,0.0525,0.0525,0.0525,37.684,0.0525,0.0525,0.0525,37.684,
03/31/1995,29.656,-14.085,15.571,-12.622,2.949,0.0,0.0,0.458,3.407,-1.24,2.167,0.0,0.0,2.167,0.0,,2.167,,,2.167,,0.055,0.055,38.208,0.055,0.055,0.055,38.208,
06/30/1995,38.604,-18.143999,20.460001,-16.804001,3.656,0.0,0.0,0.22,3.876,-1.406,2.47,0.0,0.0,2.47,0.0,,2.47,,,2.47,,0.0625,0.0625,39.012001,0.0625,0.0625,0.0625,39.012001,
09/30/1995,42.139999,-19.444,22.695999,-18.613001,4.083,0.0,0.0,0.213,4.296,-1.46,2.836,0.0,0.0,2.836,0.0,,2.836,,,2.836,,0.0725,0.0725,39.419998,0.0725,0.0725,0.0725,39.419998,
12/31/1995,89.031998,-45.221001,43.810997,-35.221001,8.59,,0.0,0.015,8.605,-2.94,5.665,0.0,0.0,5.665,0.0,,5.665,,,5.665,,0.085,0.085,66.18,0.085,0.085,0.085,66.18,
03/31/1996,113.813004,,,,113.813004,,,,,,113.813004,,,4.798,0.0,,4.798,,,,0.13,0.07,0.07,67.804,0.13,0.07,0.07,67.804,
06/30/1996,131.328003,,,,131.328003,,,,,,131.328003,,,7.551,0.0,,7.551,,,,0.11,0.11,0.11,68.998002,0.11,0.11,0.11,68.998002,
09/30/1996,141.916,,,,,,,,,,,,,8.562,0.0,,8.562,,,,0.13,0.13,0.13,65.862,0.12,0.12,0.12,70.129997,
12/31/1996,167.169983,,,,,,,,,,,,,-12.029,0.0,,-12.029,,,,0.15,-0.21,-0.21,67.391998,0.15,-0.21,-0.21,70.014,
03/31/1997,188.634995,,,,19.201,,,,,,,,,11.6,,,11.6,,,,0.16,0.16,0.16,70.017998,0.16,0.16,0.16,71.931999,
06/30/1997,203.490005,,,,21.392,,,,,,,,,12.974,,,12.974,,,,0.18,0.18,0.18,72.538002,0.17,0.17,0.17,74.061996,
09/30/1997,216.311005,,,,22.794001,,,,,,,,,14.288,,,14.288,,,,0.19,0.19,0.19,73.012001,0.19,0.19,0.19,74.685997,
12/31/1997,244.464005,,,,25.424999,,,,,,25.424999,,,16.820999,0.0,,16.820999,,,,0.22,0.22,0.22,73.635002,0.22,0.22,0.22,74.891998,
03/31/1998,272.54599,,,,30.565001,,,,,,21.139,0.075,,21.214001,0.0,,21.214001,,,,0.2,0.2,0.2,101.499001,0.19,0.19,0.19,108.219002,
06/30/1998,297.946991,,,,30.25,,,,,,19.921,0.497,,20.417999,0.0,,20.417999,,,,0.2,0.2,0.2,104.655998,0.18,0.18,0.18,111.860001,
09/30/1998,315.558014,,,,32.152,,,,,,20.105,1.88,,21.985001,0.0,,21.985001,,,,0.19,0.19,0.21,105.070999,0.18,0.18,0.2,111.116997,
12/31/1998,335.725006,,,,36.422001,,,,,,24.478001,0.474,,24.952,0.0,,24.952,,,,0.23,0.23,0.24,107.970001,0.22,0.22,0.23,112.32,
03/31/1999,359.704987,,,,38.516998,,,,,,3.364,5.25,,8.614,0.0,,8.614,,,,0.03,0.03,0.08,107.027,0.03,0.03,0.08,109.728996,
06/30/1999,402.276001,,,,42.455002,,,,,,25.139,10.041,,35.18,0.0,,35.18,,,,0.25,0.22,0.31,114.450996,0.24,0.21,0.3,117.432999,
09/30/1999,402.497009,,,,27.997,,,,,,20.5,10.679,,31.179001,0.0,,31.179001,,,,0.18,0.18,0.27,114.906998,0.18,0.18,0.27,116.764,
12/31/1999,442.609009,-252.692993,189.916016,-162.529999,27.386,,0.0,3.308,30.694,-6.529,24.165001,10.153,0.0,34.318001,0.0,,34.318001,,,24.165,0.21,0.21,0.3,114.216003,0.21,0.21,0.3,116.225998,
03/31/2000,414.845001,-255.475998,159.369003,-158.184006,1.185,,0.0,-56.644001,-55.459001,18.299999,-37.159,10.594,0.0,-26.565001,0.0,0.0,-26.565001,58.591999,-19.334999,2.097998,0.02,-0.32,-0.23,115.391998,0.02,-0.32,-0.23,115.391998,
06/30/2000,423.106995,-255.901001,167.205994,-165.345993,1.86,,0.0,-14.132,-12.272,4.05,-8.222,442.502991,0.0,434.281006,0.0,0.0,434.281006,17.325001,-5.717,3.386001,0.03,-0.07,3.76,115.393997,0.03,-0.07,3.76,115.393997,
09/30/2000,412.343994,-247.576996,164.766998,-163.975998,0.791,,0.0,6.022,6.813,-2.248,4.565,0.0,0.0,4.565,0.0,0.0,4.565,,,4.565,0.04,0.04,0.04,115.702003,0.04,0.04,0.04,118.139,
12/31/2000,409.614014,-234.841003,174.77301,-170.862,3.911,,0.0,6.002,9.913,-3.271,6.642,0.0,0.0,6.642,0.0,0.0,6.642,,,6.642,0.06,0.06,0.06,115.507004,0.06,0.06,0.06,118.248001,
03/31/2001,464.140991,-300.677002,163.463989,-157.369995,6.094,,0.0,5.534,11.628,-3.837,7.791,0.0,0.0,7.791,0.0,0.0,7.791,,,7.791,0.07,0.07,0.07,116.337997,0.06,0.06,0.06,120.064003,
06/30/2001,471.717987,-308.526001,163.191986,-153.294998,9.897,,0.0,4.541,14.438,-4.764,9.674,0.0,0.0,9.674,0.0,0.0,9.674,2.146,-0.708,11.112,0.09,0.08,0.08,117.149002,0.09,0.08,0.08,120.847,
09/30/2001,464.683014,-300.325012,164.358002,-152.686005,11.672,,0.0,-410.277008,-398.605008,132.694,-265.911011,142.029999,0.0,-123.880997,0.0,0.0,-123.880997,406.165985,-135.188995,5.065982,0.04,-2.22,-1.03,119.837997,0.04,-2.22,-1.03,119.837997,
12/31/2001,483.37,-311.26,172.11,-153.505,18.605,,0.0,91.438,110.043,-37.47,72.573,0.0,0.0,72.573,0.0,0.0,72.573,-84.668,29.085,16.99,0.14,0.61,0.61,119.5,0.14,0.6,0.6,120.964,
03/31/2002,493.29599,-325.729004,167.566986,-148.779999,18.787001,,0.0,6.975,25.762001,-8.501,17.261,45.659,0.0,62.919998,0.0,0.0,62.919998,,,17.261,0.15,0.15,0.53,118.684998,0.14,0.14,0.52,120.226997,
06/30/2002,498.233002,-347.89801,150.334991,-125.894997,24.440001,,0.0,6.111,30.551001,-9.925,20.625999,0.0,0.0,20.625999,0.0,0.0,20.625999,,,20.626,0.17,0.17,0.17,118.351997,0.17,0.17,0.17,118.944,
09/30/2002,490.964996,-330.108002,160.856995,-128.841995,32.014999,,0.0,0.766,32.780999,-11.602,21.179001,0.0,0.0,21.179001,0.0,0.0,21.179001,,,21.178999,0.18,0.18,0.18,117.694,0.18,0.18,0.18,117.845001,
12/31/2002,509.915009,-396.362,113.553009,-62.471001,51.082001,,0.0,-17.084999,33.997002,-11.399,22.598,0.0,0.0,22.598,0.0,0.0,22.598,,,22.598001,0.19,0.19,0.19,117.823997,0.19,0.19,0.19,118.155998,
03/31/2003,511.606995,-341.751007,169.855988,-131.003998,38.852001,,0.0,-0.735,38.117001,-12.961,25.156,0.0,0.0,25.156,0.0,0.0,25.156,1.656,-0.56304,26.248961,0.22,0.21,0.21,118.099998,0.22,0.21,0.21,118.564003,
06/30/2003,505.195007,-337.493011,167.701996,-137.231995,30.469999,,0.0,10.416,40.886,-14.531,26.355,3.242,0.0,29.597,0.0,0.0,29.597,,,26.355,,,,,,,,,
09/30/2003,490.174011,-322.713989,167.460022,-135.052994,32.407001,,0.0,-48.745998,-16.338997,-0.434,-16.773001,0.0,0.0,-16.773001,0.0,0.0,-16.773001,50.261002,,33.488005,,,,,,,,,
12/31/2003,524.172974,-360.54599,163.626984,-148.716995,14.91,,0.0,-12.892,2.018,-10.264,-8.246,0.0,0.0,-8.246,0.0,0.0,-8.246,3.887,,-4.359,,,,,,,,,
03/31/2004,519.302002,-367.979004,151.322998,-155.617996,-4.295,,0.0,-11.683,-15.978,0.314,-15.664,0.0,0.0,-15.664,0.0,0.0,-15.664,,,-15.664,-0.13,-0.13,-0.13,125.0,-0.13,-0.13,-0.13,125.0,
06/30/2004,508.071991,-372.062012,136.009979,-158.983994,-22.974001,,0.0,18.742001,-4.232,-14.133,-18.365,8.28,0.0,-10.085,0.0,0.0,-10.085,-34.717999,,-53.082999,,,0.0,,,,,,
09/30/2004,535.512024,-391.783997,143.728027,-159.815002,-16.087,,0.0,-17.381001,-33.468,15.715,-17.753,53.280998,-1.068,34.459999,0.0,0.0,34.459999,,,-18.821,,,,,,,,,
12/31/2004,597.096985,,,,,,,,,,-8.202,0.62,,-7.582,0.0,0.0,-7.582,,,,,,,,,,,,
03/31/2005,603.041016,-436.632996,166.40802,-154.477997,11.93,-21.0,0.0,-3.533,-12.603,33.02,20.417,0.0,-1.073,19.344,0.0,0.0,19.344,6.771,,26.115001,,,,,,,,,
06/30/2005,668.744995,-468.972992,199.772003,-167.959,31.813,-14.6,0.0,-83.047997,-65.834997,22.996,-42.839001,-0.329,-0.995,-44.162998,0.0,0.0,-44.162998,82.709,,38.875003,,,,,,,,,
09/30/2005,611.398987,-441.497009,169.901978,-136.856995,33.044998,-14.8,0.0,0.745,18.989998,9.489,28.479,-0.376,-1.154,26.948999,0.0,0.0,26.948999,3.358,,30.682998,,,,,,,,,
