Date,Revenue,Consensus Estimate,Comparable Actual,Revenue Surprise %,GAAP Actual,Adjusted Actual,Earnings Per Share,EPS Surprise %,EBIT,EBIT Surprise %,EBITDA,EBITDA Surprise %,Gross Margin %,Pretax Income (Loss),Pretax Income (Loss) Surprise %,Net Income,Net Income Surprise %,Source: Bloomberg
03/31/1990,,,5.087,,5.087,5.087,,,,,,,,,,,,
06/30/1990,,,29.004999,,29.005,29.005,,,,,,,,,,,,
09/30/1990,,,25.674,,25.674001,25.674001,,,,,,,,,,,,
12/31/1990,,,0.0,,-28.641001,-28.641001,,,,,,,,,,,,
03/31/1991,,,-4.768,,-4.768,-4.768,,,,,,,,,,,,
06/30/1991,,,18.989,,18.989,18.989,,,,,,,,,,,,
09/30/1991,,,22.535,,22.534999,22.534999,,,,,,,,,,,,
12/31/1991,,,0.0,,-33.239,-33.239,,,,,,,,,,,,
03/31/1992,,,14.799,,14.799001,14.799001,,,,,,,,,,,,
06/30/1992,,,34.964001,,34.964001,34.964001,,,,,,,,,,,,
09/30/1992,,,30.499001,,36.499001,36.499001,,,,,,,,,,,,
12/31/1992,,,0.0,,27.164001,27.164001,,,,,,,,,,,,
03/31/1993,,,21.646999,,-3.786,-3.786,,,,,,,,,,,,
06/30/1993,,,39.716,,-123.232002,-123.232002,,,,,,,,,,,,
09/30/1993,,,23.488001,,27.783001,27.783001,,,,,,,,,,,,
12/31/1993,,,0.0,,34.194,34.194,,,,,,,,,,,,
03/31/1994,,,23.738001,,23.738001,23.738001,,,,,,,,,,,,
06/30/1994,,,49.841999,,49.841999,49.841999,,,,,,,,,,,,
09/30/1994,,,41.957001,,41.957001,41.957001,,,,,,,,,,,,
12/31/1994,,,0.0,,37.992001,37.992001,,,,,,,,,,,,
03/31/1995,,,26.579,,18.82,18.82,,,,,,,,,,,,
06/30/1995,,,51.486,,51.486,51.486,,,,,,,,,,,,
09/30/1995,,,20.931,,20.931,20.931,,,,,,,,,,,,
12/31/1995,,,0.0,,56.429001,56.429001,,,,,,,,,,,,
03/31/1996,,,10.179,,10.179,10.179,,,,,,,,,,,,
06/30/1996,,,31.583,,31.583,31.583,,,,,,,,,,,,
09/30/1996,,,26.288,,26.288,26.288,,,,,,,,,,,,
12/31/1996,,,0.0,,-109.367996,-109.367996,,,,,,,,,,,,
03/31/1997,,,32.451,,33.666,33.666,,,,,,,,,,,,
06/30/1997,,,43.327999,,50.035,50.035,,,,,,,,,,,,
09/30/1997,,,35.278,,42.803001,42.803001,,,,,,,,,,,,
12/31/1997,,,0.0,,49.181,49.181,,,,,,,,,,,,
03/31/1998,,,27.691999,,37.273998,37.273998,,,,,,,,,,,,
06/30/1998,,,39.125301,,45.267319,45.267319,,,,,,,,,,,,
09/30/1998,,,43.348,,37.048,37.048,,,,,,,,,,,,
12/31/1998,,,47.536999,,39.481998,39.481998,,,,,,,,,,,,
03/31/1999,,,19.742001,,22.141001,22.141001,,,,,,,,,,,,
06/30/1999,,,25.112,,30.15,30.15,,,,,,,,,,,,
09/30/1999,,,38.099998,,361.467,361.467,,,,,,,,,,,,
12/31/1999,,,54.540001,,5.9,5.9,,,,,,,,,,,,
03/31/2000,,,19.823999,,19.823999,19.823999,,,,,,,,,,,,
06/30/2000,,,29.639999,,29.639999,29.639999,,,,,,,,,,,,
09/30/2000,,,35.144001,,12.144,12.144,,9.09090909090908,,,,,,,,,,
12/31/2000,,,30.424,,27.424,27.424,,11.1111111111111,,,,,,,,,,
03/31/2001,,,10.719,,4.119,4.119,,18.4210526315789,,,,,,,,,,
06/30/2001,,,25.254,,19.854,19.854,,18.3098591549296,,,,,,,,,,
09/30/2001,,,29.464001,,-5.506,-5.506,,3.15789473684211,,,,,,,,,,
12/31/2001,,,27.611,,0.211,0.211,,14.5038167938931,,,,,,,,,,
03/31/2002,,,16.0509,,16.853001,16.853001,,48.5714285714286,,,,,,,,,,
06/30/2002,,,29.511999,,29.511999,29.511999,,10.0702576112412,,,,,,,,,,
09/30/2002,,,33.155998,,33.784,33.784,,-0.934579439252337,,,,,,,,,,
12/31/2002,,,36.194,,32.416,32.416,,10.0569259962049,,,,,,,,,,
03/31/2003,,,20.761999,,19.771,19.771,,6.45161290322581,,,,,,,,,,
06/30/2003,,,34.051998,,34.682,34.682,,4.24710424710425,,,,,,,,,,
09/30/2003,,,39.221001,,37.553001,37.553001,,1.66666666666667,,,,,,,,,,
12/31/2003,,,41.380001,,39.43,39.43,,14.2857142857143,,,,,,,,,,
03/31/2004,,,34.313999,,35.041,35.041,,-3.70370370370371,,,,,,,,,,
06/30/2004,,,52.493,,63.645,63.645,,14.777618364419,,,,,,,,,,
09/30/2004,,,53.626999,,54.282001,54.282001,,3.40479192938208,,,,,,,,,,
12/31/2004,,,55.401001,,62.641,62.641,,8.00508259212197,,,,,,,,,,
03/31/2005,,,40.145,,41.489,41.489,,5.08474576271187,,,,,,,,,,
06/30/2005,,,55.563999,,63.298,63.298,,1.77514792899408,,,,,,,,,,
09/30/2005,,59.9,63.081799,,63.341,63.341,,5.03751339764201,,,,,,,,,5.31185141903172,
12/31/2005,,60.467,62.056,,58.801,58.801,,2.9723991507431,,,,,,,,,2.62787966990259,
03/31/2006,,42.05,46.345001,4.85564393833216,47.582,47.582,,9.97067448680351,,,,,,,,,10.214033293698,
06/30/2006,,61.05,63.479,2.70184907481899,70.279,70.279,,3.76398779247203,,,,,,,,,3.97870597870598,
09/30/2006,,68.42,68.777,-2.04605603239846,65.277,65.277,,0.991884580703347,,,,,,,,,0.521777258111662,
12/31/2006,,67.667,66.599998,-4.51632368972747,65.821,65.821,,-0.365630712979891,,,,,,,,,-1.57684247860848,
03/31/2007,,51.183,51.625,2.62005767992789,51.259,51.259,,2.65700483091788,,,,,,,,,0.863567981556376,
06/30/2007,,65.675,65.879997,-0.76313033068981,65.123,65.123,,0.558659217877095,,,,,,,,,0.312138561096317,
09/30/2007,,67.92,67.199997,-2.16720395439971,65.533,65.533,,0.88495575221239,,,,,,,,,-1.06007508833923,
12/31/2007,,63.52,68.404999,2.00807830292641,71.9,71.9,,8.75576036866359,,,,,,,,,7.69048960957179,
03/31/2008,,49.85,56.035,-0.0776815121698592,56.082,56.082,,10.0917431192661,,,,,,,,,12.407221664995,
06/30/2008,,65.92,69.699997,5.07594626582279,62.946,62.946,,5.5363321799308,,,,,,,,,5.73421874999999,
09/30/2008,,71.66,68.599998,-1.04866293076328,70.208,70.208,,-4.0125885129819,,,,,,,,,-4.2701674574379,
12/31/2008,,57.9,60.299999,-10.4432823337679,10.6,10.6,,5.41586073500968,,,,,,,,,4.14507599309154,
03/31/2009,,16.55,13.7,-0.28180687940324,6.702,14.24405,,7.29613733905579,,,,,,,20.8693641618497,,-17.2205438066465,
06/30/2009,,21.45,23.745,1.99441891004596,22.593,25.13695,,12.8608923884514,,,,,,,19.18004045853,,10.6993006993007,
09/30/2009,,25.0,27.945,2.50988511485658,23.66,28.4946,,11.1111111111111,,,,,,,16.10825944937,,11.78,
12/31/2009,,28.55,22.59,1.05348460291734,8.2,23.245,,-13.3192389006343,,45.2229299363057,,,,,-29.0060851926978,,-20.8756567425569,
03/31/2010,,10.6,12.9,3.36882903173599,12.373,9.9353,,20.0,,-35.1585014409222,,,,,,,21.6981132075472,
06/30/2010,,25.375,30.6,0.555121188428453,29.409,25.88645,,19.8347107438016,,-13.216957605985,,,,,-50.5741284106924,,20.5911330049261,
09/30/2010,,33.867,37.54,-0.555031149707375,38.259,34.6104,,10.7692307692308,,-16.4420485175202,,,,,-43.0595835576472,,10.8453656952195,
12/31/2010,,32.14,33.75,0.285034287341758,37.1,23.695,,3.66826156299841,,-0.917431192660547,,,,,3.59981299672744,,5.00933416303671,
03/31/2011,,22.62,26.32,6.03287956557317,25.125,18.33015,,15.1241534988713,,4.92676431424767,,,,,31.5877966101695,,16.3572060123784,
06/30/2011,,39.5,47.8,2.90665571389324,38.984,36.6033,,19.7916666666667,,18.4025903939557,,,,,20.7876402037054,,21.0126582278481,
09/30/2011,,52.178,55.986,0.855603242635849,55.591,43.5685,,6.65362035225049,,,,,,,,,7.2980949825597,
12/31/2011,,49.111,50.235,-0.0799438253606825,47.3,49.15921,,0.414078674948241,,17.2976508304116,,,,,3.41938524375556,,2.28869296084381,
03/31/2012,,29.23,30.6,1.29895819596466,34.321,15.98185,,2.07612456747405,,33.44,,,,,15.2994551414245,,4.68696544645912,
06/30/2012,,48.78,51.263,-1.61675893306491,45.666,35.5711,,7.75862068965517,,9.62951810063331,,,,,8.13594097299856,,5.09020090200901,
09/30/2012,,59.736,65.5,-2.7225685743134,74.277,49.65045,,8.93617021276595,,13.7472656907286,,,,,8.15881790156268,,9.64912280701755,
12/31/2012,,56.055,59.98,1.24680306905371,53.1,45.6599,,6.26702997275204,,1.12903225806452,,,,,8.48623853211008,,7.002051556507,
03/31/2013,,39.933,41.428,-0.782882095404596,39.924,26.02555,,4.65116279069768,,4.6972860125261,,,,,14.1874908784277,,3.74377081611699,
06/30/2013,,63.19,62.0,-0.480843803319373,62.194,47.6705,,1.7087062652563,,2.48120300751881,,,,,7.73766558563688,,-1.88320936857097,
09/30/2013,,75.236,76.837,0.353031465848043,70.424,58.0311,,1.03806228373702,,-1.11475409836065,,,,,2.99885252359177,,2.12797065234728,
12/31/2013,,67.664,71.697,-1.59975669099756,65.1,49.336,,4.57010069713402,,4.74353238027478,,,,,7.48963114793537,,5.96033341215418,
03/31/2014,,46.083,49.2,-0.828369723560694,47.977,27.4637,,5.74712643678162,,6.9811320754717,,,,,9.34379756734489,,6.76388255972919,
06/30/2014,,73.933,76.5,0.100004931912863,75.687,52.84985,,3.37401292175161,,4.6,,,,,6.20087336244541,,3.47206254311335,
09/30/2014,,85.733,208.8,-2.09089785408921,83.892,62.71284,,0.122850122850123,,1.61483253588518,,,,,0.88993961661822,,143.546825609742,
12/31/2014,,84.392,84.9,-1.47387656841418,11.1,66.37,,0.565681961030806,,-1.63141993957703,,,,,-0.252067803926706,,0.601952791733825,
03/31/2015,,53.008,57.148,-4.0067621576428,52.641,35.4928,,7.89210789210791,,6.23931623931624,,,,,8.46787636328999,,7.81014186537881,
06/30/2015,,85.808,88.2,-1.27102643934482,85.405,65.62485,,2.16718266253869,,3.97280620901411,,,,,4.28117294037257,,2.78761887003542,
09/30/2015,,92.25,93.3,-2.1099926865473,90.354,74.35775,,0.519930675909873,,1.40202693352964,,,,,-0.246271341210343,,1.13821138211382,
12/31/2015,,92.873,88.8,-1.00902500369877,75.972,74.267,,-5.25114155251142,,-10.3888888888889,,,,,-11.0204081632653,,-4.3855587738094,
03/31/2016,,55.927,60.1,1.44129171607393,55.628,43.58515,,6.87022900763359,,22.7104737636333,,,,,9.52250022912657,,7.46151232857118,
06/30/2016,,82.109,83.3,0.567206838357571,73.984,55.32178,,1.5625,,5.33762057877814,,,,,3.32681017612524,,1.4505109062344,
09/30/2016,,88.856,89.4,1.43529411764706,84.53,92.59575,,0.240096038415366,,,,,,,0.288808664259932,,0.612226523813824,
12/31/2016,,76.225,57.5,1.13593694620003,48.603,103.92475,,-24.0596167494677,,-27.0,,,,,-29.7331910352188,,-24.5654312889472,
03/31/2017,,45.029,44.2,3.82776540460282,38.274,37.39,,-2.49702734839477,,-3.1219512195122,,,,,0.231080300404406,,-1.84103577694375,
06/30/2017,,52.0,53.1,1.51864694642984,51.054,73.1996,,5.26315789473685,,-14.7115384615385,,,,,7.97649248498911,,2.11538461538462,
09/30/2017,,67.96,70.8,2.72703174173585,58.527,71.6359,,2.4653312788906,,,,,,,3.75480216482992,,4.17892878163626,
12/31/2017,,72.06,72.7,5.5403659117187,643.8,68.6,,0.735294117647059,,,,,,,-7.11111111111111,,0.888148764918125,
03/31/2018,,47.2,48.4,0.935542832781066,36.756,56.83949,,4.59770114942529,,35.4925775978408,,,,,2.68138801261829,,2.54237288135592,
06/30/2018,,68.4,74.8,5.00314109812791,45.076,53.59789,,9.06298003072196,,,,,,,10.755572793777,,9.35672514619882,
09/30/2018,,86.867,86.8,2.33694894485914,90.509,87.869,,-0.121802679658953,,,,,,,-0.151131790317386,,-0.0771294047221698,
12/31/2018,,95.356,96.2,3.14867696737501,111.6,103.119,,-0.27397260273972,,,,,,,-5.38670253110119,,0.885104240949713,
03/31/2019,,52.45,58.5,2.09786935143995,45.139,64.77643,,13.8461538461539,,,,,,,18.1493829326782,,11.534795042898,
06/30/2019,,72.644,73.9,-0.394384994114622,74.929,73.666,,1.2292118582791,,,,,,,1.48509877213078,,1.72897968173559,
09/30/2019,,77.688,-78.1,-0.0294890306200405,-91.569,-78.252,,,,-90.5149051490515,,8.68906887495252,,,,,,
12/31/2019,,1.733,-0.7,0.921482067318821,-53.6,6.784,,,,-73.1136166522116,,,,,,,,
03/31/2020,,-45.875,-72.1,2.20985722399486,-109.731,-55.88164,,-60.0928074245939,,-59.3220338983051,,5.67248255945479,,,-62.2877569258266,,-57.1662125340599,
06/30/2020,,-77.867,-49.5,-3.50616826369652,-74.199,-49.605,,27.536231884058,,,,10.5771069952302,,,27.7978339350181,,36.4300666521119,
09/30/2020,,-20.643,,,,,,,,,,,,,,,,
12/31/2020,,-1.029,,,,,,,,,,,,,,,,
