Date,Revenue,Consensus Estimate,Comparable Actual,Revenue Surprise %,GAAP Actual,Adjusted Actual,Earnings Per Share,EPS Surprise %,EBIT,EBIT Surprise %,EBITDA,Gross Margin %,Gross Margin Surprise %,Pretax Income (Loss),Pretax Income (Loss) Surprise %,Net Income,Net Income Surprise %,Source: Bloomberg
06/30/1995,,,,,121.0,121.0,,,,,,,,,,,,
09/30/1995,,,,,182.0,182.0,,,,,,,,,,,,
12/31/1995,,,,,33.0,33.0,,,,,,,,,,,,
03/31/1996,,,,,187.0,187.0,,,,,,,,,,,,
06/30/1996,,,,,-37.0,-37.0,,,,,,,,,,,,
09/30/1996,,,,,214.0,214.0,,,,,,,,,,,,
12/31/1996,,,,,204.0,204.0,,,,,,,,,,,,
03/31/1997,,,,,202.0,202.0,,,,,,,,,,,,
06/30/1997,,,,,232.0,232.0,,,,,,,,,,,,
09/30/1997,,,,,111.0,111.0,,,,,,,,,,,,
12/31/1997,,,,,-208.0,-208.0,,,,,,,,,,,,
03/31/1998,,,,,-31.0,-31.0,,,,,,,,,,,,
06/30/1998,,,,,-141.0,-141.0,,,,,,,,,,,,
09/30/1998,,,,,147.0,147.0,,,,,,,,,,,,
12/31/1998,,,,,-585.0,-585.0,,,,,,,,,,,,
03/31/1999,,,,,76.0,76.0,,,,,,,,,,,,
06/30/1999,,,104.0,,2379.0,2379.0,,,,,,,,,,,,
09/30/1999,,,134.0,,-125.0,-125.0,,,,,,,,,,,,
12/31/1999,,,,,13.0,13.0,,,,,,,,,,,,
03/31/2000,,,80.0,,80.0,80.0,,,,,,,,,,,,
06/30/2000,,,107.0,,109.0,109.0,,,,,,,,,,,,
09/30/2000,,,117.0,,117.0,117.0,,0.694444444444445,,,,,,,,,,
12/31/2000,,,46.0,,1521.0,1521.0,,5.76923076923076,,,,,,,,,,
03/31/2001,,,100.0,,100.0,100.0,,1.2396694214876,,,,,,,,,,
06/30/2001,,,127.0,,127.0,127.0,,0.318471337579618,,,,,,,,,,
09/30/2001,,,128.0,,119.0,119.0,,1.70807453416149,,,,,,,,,,
12/31/2001,,,89.0,,89.0,89.0,,1.08695652173913,,,,,,,,,,
03/31/2002,,,167.0,,-335.0,-335.0,,2.1689497716895,,,,,,,,,,
06/30/2002,,,211.0,,211.0,211.0,,0.43859649122808,,,,,,,,,,
09/30/2002,,,139.0,,139.0,139.0,,-2.01005025125628,,,,,,,,,,
12/31/2002,,,35.620998,,-59.0,-59.0,,9.04255319148936,,,,,,,,,,
03/31/2003,,,71.0,,71.0,71.0,,1.94174757281554,,,,,,,,,,
06/30/2003,,,71.0,,70.0,70.0,,2.94117647058824,,,,,,,,,,
09/30/2003,,,120.0,,-3451.0,-3451.0,,127.373417721519,,,,,,,,,,
12/31/2003,,,70.0,,-136.0,-136.0,,-2.80373831775701,,,,,,,,,,
03/31/2004,,,140.0,,122.0,122.0,,68.0327868852459,,,,,,,,,,
06/30/2004,,,166.0,,151.0,151.0,,40.8959537572254,,,,,,,,,,
09/30/2004,,,234.0,,339.0,339.0,,19.7916666666667,,,,,,,,,,
12/31/2004,,,191.0,,76.0,76.0,,0.15527950310559,,,,,,,,,,
03/31/2005,,,255.0,,281.0,281.0,,5.3921568627451,,,,,,,,,,
06/30/2005,,275.5,276.0,,251.0,251.0,,-1.37130801687763,,,,,,,,,0.181488203266788,
09/30/2005,,300.0,314.0,,213.0,213.0,,3.515625,,,,,,,,,4.66666666666667,
12/31/2005,,224.0,302.0,,297.0,297.0,,37.7688172043011,,,,,,,,,34.8214285714286,
03/31/2006,,278.0,279.0,0.848983792127605,345.0,345.0,,1.39484978540771,,,,,,,,,0.359712230215827,
06/30/2006,,297.333,370.0,8.56106595499383,376.0,376.0,,18.3962264150943,,,,,,,,,24.4396013896876,
09/30/2006,,310.0,323.0,1.29509713228492,309.0,309.0,,21.1111111111111,,,,,,,,,4.19354838709677,
12/31/2006,,260.5,240.093994,-3.46436486644115,180.0,180.0,,-5.02336448598131,,,,,,,,,-7.83339961612284,
03/31/2007,,298.5,328.0,1.64039458050387,328.0,328.0,,7.14285714285715,,,,,,,,,9.88274706867672,
06/30/2007,,363.5,324.0,-0.476846455441348,325.0,325.0,,-10.4234527687296,,,,,,,,,-10.8665749656121,
09/30/2007,,355.5,358.0,0.0435540069686411,358.0,358.0,,1.85185185185185,,,,,,,,,0.70323488045007,
12/31/2007,,341.0,339.25,11.4628271471464,297.0,297.0,,-0.173611111111111,,,,,,,,,-0.513196480938416,
03/31/2008,,379.0,295.0,-3.49971852129855,505.0,505.0,,-13.1944444444444,,,,,,,,,-22.1635883905013,
06/30/2008,,342.25,364.0,1.27294769657084,364.0,364.0,,4.37710437710438,,,,,,,,,6.35500365230095,
09/30/2008,,346.4,377.0,0.628930817610055,211.0,211.0,,7.85953177257526,,,,,,,,,8.8337182448037,
12/31/2008,,328.0,370.0,-0.559552358113509,258.0,258.0,,10.6271777003484,,,,,,,,,12.8048780487805,
03/31/2009,,287.25,293.0,-3.17540322580645,8.0,678.15,,4.60251046025105,,3.83882703660979,,,,,-1.46750524109015,,2.00174064403829,
06/30/2009,,336.0,377.0,-3.29859245729021,377.0,829.4,,11.5916955017301,,6.91927512355848,,,,,11.070110701107,,12.202380952381,
09/30/2009,,338.4,362.0,-1.89195349897424,362.0,779.95,,5.80204778156997,,4.43349753694581,,,,,6.33608815426997,,6.97399527186762,
12/31/2009,,334.6,321.0,1.14204618659259,215.0,725.95,,-4.51388888888887,,-5.29857022708158,,,,,-4.438149197356,,-4.06455469216976,
03/31/2010,,306.2,325.0,4.14263240692187,82.0,706.55,,3.54477611940299,,6.14525139664804,,,,,7.00104493207941,,6.1397779229262,
06/30/2010,,376.6,385.0,1.4842007859262,341.0,807.5,,0.917431192660551,,4.36799381523,,,,,1.67785234899329,,2.23048327137546,
09/30/2010,,391.0,396.0,1.58032490278641,381.0,818.5,,0.446428571428572,,1.78041543026706,,,,,4.0097205346294,,1.27877237851662,
12/31/2010,,355.5,349.985,-2.90446751428905,262.0,804.25,,-2.9126213592233,,0.733496332518337,,,,,1.32205449395763,,-1.55133614627285,
03/31/2011,,343.75,344.0,-2.16216216216216,381.0,745.75,,0.340136054421769,,-2.85866017518426,,,,,-3.35938610714691,,0.0727272727272727,
06/30/2011,,410.667,362.5,-0.183473958542015,327.0,837.55,,-5.6338028169014,,-3.44925077749505,,,,,-3.48730498623432,,-11.7289677524612,
09/30/2011,,424.667,411.0,-2.76960772398236,394.0,846.2,,-3.04709141274239,,-2.94198515259829,,,,,-4.28655314151498,,-3.21828632787572,
12/31/2011,,403.167,420.589,-1.97647058823529,304.0,800.25,,4.34782608695653,,2.42354298903635,,,,,1.993148551853,,4.3212862163818,
03/31/2012,,373.375,366.85,-2.10179792352494,270.0,726.05,,-2.77777777777778,,-1.47172734314485,,,,,-2.43146189350368,,-1.74757281553397,
06/30/2012,,438.286,449.0,-3.01409549278511,443.0,853.95,,2.86458333333334,,-0.35718734054137,,,,,-1.29496402877698,,2.44452252638688,
09/30/2012,,445.571,448.22,-2.62829997842828,420.0,837.35,,-0.503778337531487,,2.20735785953177,,,,,1.11396743787489,,0.594518045384462,
12/31/2012,,410.143,423.899,0.678294573643411,139.0,809.15,,3.54223433242507,,2.34875444839858,,,,,-3.23076923076923,,3.35395215814973,
03/31/2013,,378.0,398.0,-1.6343430396503,508.0,572.2,,3.44827586206897,,6.51435628280334,,,,,6.61268556005399,,5.29100529100529,
06/30/2013,,456.571,461.0,-0.114600045840018,461.0,802.65,,0.238663484486874,,1.68414362885288,,,,,1.76776429809359,,0.970057230967357,
09/30/2013,,465.714,467.893,-0.133638498739624,457.0,813.8,,-0.232018561484919,,1.12640801001252,,,,,0.238014280856851,,0.467883722628045,
12/31/2013,,442.333,416.0,-1.36144427356985,292.0,677.95,,-4.70297029702971,,-2.90962269041062,,,,,-22.8968544257498,,-5.95320719910114,
03/31/2014,,397.167,386.0,1.58242849725728,363.0,682.4,,-2.96495956873316,,-4.31654676258993,,,,,,,-2.81166360750011,
06/30/2014,,463.833,475.957,-1.42644415730553,492.0,749.0094,,2.06422018348624,,1.48203968852047,,,,,,,2.61387180299805,
09/30/2014,,487.0,505.0,2.29646428711695,467.0,845.6,,4.16666666666666,,2.25022502250225,,,,,,,3.69609856262834,
12/31/2014,,466.0,466.0,-0.16374269005848,148.0,778.65,,-0.229357798165138,,-1.94846008799497,,,,,-4.82051282051282,,0.0,
03/31/2015,,424.167,457.0,3.68690888506581,389.0,723.76994,,7.49999999999999,,3.91198044009779,,,8.64814814814815,,2.48815165876777,,7.74058330798955,
06/30/2015,,544.0,579.0,2.67036957914975,1928.0,950.15,,6.25000000000001,,6.81458003169572,,,-1.0996018018018,,-13.6187106541982,,6.43382352941176,
09/30/2015,,777.667,781.0,0.843145680860318,657.0,781.0,,0.548446069469836,,-0.969162995594714,,,-4.05524312567967,,-0.784570120954553,,0.428589614835138,
12/31/2015,,721.833,692.0,0.469978425601884,279.0,1134.25,,-4.76190476190477,,-5.45317788642347,,,-1.99764986914443,,-55.1214361140444,,-4.1329504192798,
03/31/2016,,726.833,721.0,-0.651977781736109,3565.0,1130.5,,-0.596421471172963,,0.995405819295559,,,2.20311909745264,,-22.2627103938921,,-0.802522725302782,
06/30/2016,,873.5,828.0,-1.9680940664463,796.0,1295.35,,-4.60526315789474,,-3.71100164203612,,,2.49159517677758,,-4.00874635568513,,-5.20892959358901,
09/30/2016,,915.429,875.0,-3.1136638452237,861.0,875.0,,-4.83619344773791,,-1.82160720682473,,,7.95427257281136,,-2.59334746055414,,-4.41639930568072,
12/31/2016,,857.833,879.0,1.02374533645093,851.0,1313.85,,2.99003322259136,,2.60695187165775,,,4.89540521780351,,2.75596384649578,,2.4674965873311,
03/31/2017,,811.167,795.0,-2.56299951331061,780.0,1267.55,,-1.40845070422533,,-5.09430636347612,,,-2.5580459770115,,-6.53840137650555,,-1.9930544511796,
06/30/2017,,905.6,919.0,0.851063829787234,919.0,919.0,,-0.15600624024961,,-1.58127767235927,,,-0.432678542510119,,-2.15223097112861,,1.47968197879858,
09/30/2017,,953.5,,,,,,,,,,,,,,,,
12/31/2017,,941.5,,,,,,,,,,,,,,,,
