Date,Basic Shares Outstanding,Diluted Weighted Avg Shares,Basic Weighted Avg Shares,Per Share Data Items,Revenue,EBITDA,Operating Income,Net Income to Common - Basic,Net Income before XO - Basic,Normalized Net Income - Basic,Net Income to Common - Diluted,Net Income before XO - Diluted,Normalized Net Income - Diluted,Dividends,Cash Flow,Free Cash Flow,Cash & Equivalents,Book Value,Tangible Book Value,Source: Bloomberg
06/30/1989,15.643998,16.238665,16.238665,,0.149766,0.032207,0.013794,0.0225,0.0225,,0.0225,0.0225,0.0225,,0.017859,,0.183009,0.468422,,
09/30/1989,15.666665,16.385331,16.385331,,0.143909,0.028867,0.010009,0.015,0.015,,0.015,0.015,0.015,,0.08648,,0.24817,0.484277,,
12/31/1989,15.670665,16.003999,16.003999,,0.186641,0.066921,0.038615,0.045,0.045,,0.045,0.045,0.045,,0.042364,,0.269867,0.527036,,
03/31/1990,16.003998,15.837332,15.837332,,0.231478,0.066236,0.033781,0.03,0.03,0.03,0.03,0.03,0.03,,0.105889,,0.297051,0.583792,,
06/30/1990,16.003999,16.219998,16.219998,,0.186252,0.058385,0.027805,0.03,0.03,,0.03,0.03,0.03,,0.036806,,0.291802,0.614596,,
09/30/1990,16.123999,16.453332,16.453332,,0.194125,0.032759,0.006929,0.0075,0.0075,,0.0075,0.0075,0.0075,,0.033853,,0.287894,0.624287,,
12/31/1990,16.123999,16.278665,16.278665,,0.217708,0.041158,0.01376,0.015,0.015,,0.015,0.015,0.015,,0.034339,,0.277971,0.64128,,
03/31/1991,16.135998,16.129998,16.129998,,0.220025,0.031928,0.000868,0.0075,0.0075,0.0075,0.0075,0.0075,0.0075,,0.078549,,0.307387,0.647063,,
06/30/1991,16.199998,16.633332,16.633332,,0.223106,0.037876,0.013888,0.015,0.015,,0.015,0.015,0.015,,0.042265,,0.303395,0.661049,,
09/30/1991,16.521331,16.931999,16.931999,,0.247579,0.056166,0.028703,0.0225,0.0225,,0.0225,0.0225,0.0225,,0.046539,,0.313595,0.684267,,
12/31/1991,16.757331,20.599998,20.599998,,0.280399,0.063245,0.044307,0.03,0.03,,0.03,0.03,0.03,,0.018301,,0.303807,0.728338,,
04/01/1992,19.220706,17.98902,17.98902,,0.368849,0.102065,0.006674,0.03,0.015,,0.03,0.015,0.015,,0.182723,,0.487812,0.76888,,
06/30/1992,18.181331,19.507997,19.507997,,0.267685,0.080429,0.033986,0.0225,0.0225,,0.0225,0.0225,0.0225,,0.023939,,0.534999,0.857088,,
09/30/1992,20.151998,19.886665,19.886665,,0.296128,0.084378,0.03877,0.03,0.03,,0.03,0.03,0.03,,0.005531,,0.469383,0.852571,,
12/31/1992,20.607155,22.906665,22.906665,,0.288344,0.109575,0.066269,0.03,0.045,,0.03,0.045,0.045,,0.099884,,0.543775,0.889024,,
03/31/1993,49.183996,20.266664,20.266664,,0.275132,0.045345,-0.003503,-0.075,-0.0075,,-0.075,-0.0075,-0.0075,,0.023141,,0.303859,0.549874,,
06/30/1993,20.725331,49.238663,49.238663,,0.331914,0.03219,-0.001076,0.0,0.0,,0.0,0.0,0.0,,0.074108,,0.537651,0.829227,,
09/30/1993,20.042664,48.837326,48.837326,,0.392036,0.065032,0.027909,0.0225,0.0225,,0.0225,0.0225,0.0225,,0.029301,,0.486911,0.830079,,
12/31/1993,20.082665,48.563996,48.563996,,0.350568,0.041553,0.001153,-0.015,-0.015,,-0.015,-0.015,-0.015,,8.2e-05,,0.480215,0.782715,,
03/31/1994,49.53066,48.61733,48.61733,,0.366721,-0.010058,-0.105559,-0.2925,-0.2925,-0.2925,-0.2925,-0.2925,-0.2925,,0.132442,,0.276334,0.13097,,
06/30/1994,49.637329,49.627996,49.627996,,0.342206,0.034275,0.008624,0.0075,0.0075,,0.0075,0.0075,0.0075,,-0.177198,,0.07303,0.139975,,
09/30/1994,49.043996,49.707993,49.707993,,0.356643,0.047155,0.025167,0.0225,0.0225,,0.0225,0.0225,0.0225,,0.051943,,0.105252,0.168767,,
12/31/1994,49.309326,50.674662,50.674662,,0.367146,0.043533,0.021628,0.03,0.03,,0.03,0.03,0.03,,0.075975,,0.157881,0.206067,,
03/31/1995,49.527995,51.767995,51.767995,,0.378284,0.044352,0.015299,0.03,0.03,0.03,0.03,0.03,0.03,,0.078485,,0.211517,0.243983,,
06/30/1995,61.604,57.071999,57.071999,,0.386617,,0.011599,0.01,0.01,0.01,0.01,0.01,0.01,0.0,-0.033852,,0.616632,0.716398,,
09/30/1995,62.956001,66.412003,66.412003,,0.370099,,0.027706,0.03,0.03,0.03,0.03,0.03,0.03,,-0.004999,,0.591429,0.743948,,
12/31/1995,65.587997,64.931999,64.931999,,0.422673,,-0.169747,-0.12,-0.12,-0.12,-0.12,-0.12,-0.12,,0.102415,,0.65454,0.685095,,
03/31/1996,80.421996,72.084,72.084,,0.414281,,0.177959,0.05,0.05,0.05,0.05,0.05,0.05,,0.127282,,1.107769,1.077156,,
06/30/1996,69.071999,162.619995,149.067993,,0.406741,0.074282,0.067251,0.06,0.06,0.06,0.055,0.055,0.055,,0.004267,-0.007426,0.766186,0.830365,,
09/30/1996,80.32,168.425995,150.141998,,0.439704,0.108484,0.079565,0.07,0.07,0.07,0.06,0.06,0.06,0.0,0.129198,0.074323,0.685608,0.790289,,
12/31/1996,175.421997,163.501999,163.501999,,0.447389,0.141515,0.066482,-0.205,-0.205,0.12,-0.205,-0.205,0.12,,0.0828,0.055706,1.662152,1.50098,,
03/31/1997,169.003998,167.472,167.472,,0.466162,,0.071869,-0.21,-0.21,0.065,-0.21,-0.21,0.065,,0.061616,0.028829,1.937203,1.953261,,
06/30/1997,174.197998,170.934006,170.934006,,0.38698,0.023167,0.011227,0.03,0.03,0.03,0.03,0.03,0.03,,-0.00554,-0.048504,1.278792,1.433484,,
09/30/1997,175.421997,174.479996,174.479996,,0.429665,0.000447,-0.03225,-0.37,-0.37,-0.005,-0.37,-0.37,-0.005,,-0.024908,-0.083425,1.662152,1.50098,,
12/31/1997,176.848007,181.264008,176.016006,,0.467605,0.09644,0.05579,0.06,0.06,0.06,0.055,0.055,0.055,,0.003727,-0.026668,1.615715,1.542511,,
03/31/1998,177.949997,184.643997,176.990005,,0.492954,0.102345,0.068546,0.06,0.06,0.06,0.06,0.06,0.06,,0.039042,-0.000831,1.626693,1.613802,,
06/30/1998,173.444,185.718002,175.733994,,0.47214,0.076013,0.04735,0.045,0.045,0.045,0.045,0.045,0.045,0.0,0.021339,-0.007898,1.401622,1.442737,,
09/30/1998,169.369995,179.619995,170.091995,,0.556499,0.113333,0.083449,0.07,0.07,0.07,0.07,0.07,0.07,0.0,0.152247,0.100387,1.262142,1.314654,1.314654,
12/31/1998,171.005997,182.507996,168.537994,,0.647528,0.155087,0.126529,0.105,0.105,0.1,0.1,0.1,0.095,0.0,0.08035,0.057103,1.294732,1.410295,1.410295,
03/31/1999,172.149994,186.945999,171.210007,,0.730425,0.179388,0.157006,0.125,0.125,0.125,0.11,0.11,0.115,0.0,0.212564,0.189989,1.509323,1.709974,1.709974,
06/30/1999,174.287994,188.207993,173.054001,,0.678534,0.133733,0.102991,0.085,0.085,0.085,0.08,0.08,0.08,0.0,0.076762,0.053116,1.550571,1.781098,1.781098,
09/30/1999,174.666,187.895996,173.779999,,0.73749,0.173179,0.140384,0.11,0.11,0.11,0.105,0.105,0.105,0.0,0.160116,0.125596,1.525374,1.741466,1.741466,
12/31/1999,177.492004,191.171997,175.600006,,0.8325,0.211361,0.181407,0.145,0.145,0.145,0.13,0.13,0.13,0.0,0.220347,0.196298,1.960854,1.980979,1.980979,
03/31/2000,180.485992,197.815994,179.393997,,1.005714,0.26614,0.209555,0.145,0.145,0.195,0.13,0.13,0.175,0.0,0.601363,0.544728,5.021503,2.528213,2.528213,
06/30/2000,186.632004,201.330002,182.968002,,0.930747,0.182168,0.124907,0.105,0.105,0.145,0.095,0.095,0.13,0.0,0.319192,0.260308,5.248055,2.709198,2.709198,
09/30/2000,188.934006,205.858002,186.789001,,1.003812,0.164448,0.103063,0.11,0.11,0.19,0.1,0.1,0.17,0.0,0.239259,0.148579,5.400648,2.860846,2.860846,
12/31/2000,190.320007,205.731995,189.169998,,1.13896,0.222895,0.151562,0.14,0.14,0.21,0.13,0.13,0.2,0.0,0.319786,0.201803,5.59164,3.291509,3.291509,
03/31/2001,201.960007,211.923004,195.335999,,1.237253,0.297411,0.120413,0.03,0.03,0.23,0.03,0.03,0.22,0.0,0.125712,-0.008119,5.1536,3.794088,2.334274,
06/30/2001,201.731995,211.369003,196.871994,,0.89293,0.126316,-0.117858,-0.13,-0.13,0.08,-0.13,-0.13,0.08,0.0,-0.007619,-0.029715,4.879404,3.621433,2.174276,
09/30/2001,194.130005,204.339996,195.184006,,0.83887,-0.093174,-0.163354,-0.11,-0.11,0.05,-0.11,-0.11,0.05,0.0,0.143337,0.098348,4.789053,3.355576,1.956246,
12/31/2001,194.391998,199.313004,189.906998,,0.89597,0.033869,-0.132375,-0.09,-0.09,0.07,-0.09,-0.09,0.07,0.0,0.170684,0.150984,4.931417,3.381297,2.103039,
03/31/2002,193.544006,201.695007,190.251999,,0.946739,0.078112,-0.086391,-0.06,-0.06,0.1,-0.06,-0.06,0.1,0.0,0.191404,0.177922,4.962091,3.296284,2.118102,
06/30/2002,193.160995,197.061005,190.057007,,0.802201,0.093204,-0.081681,-0.03,-0.03,0.04,-0.03,-0.03,0.04,0.0,0.241743,0.194547,5.251195,3.44758,2.292523,
09/30/2002,195.169006,194.889999,190.085007,,0.812894,0.087745,-0.079475,-0.1,-0.1,0.04,-0.1,-0.1,0.04,0.0,0.049946,0.041876,5.125332,3.406089,2.175561,
12/31/2002,195.783005,196.860992,191.326004,,0.84632,0.133306,-0.050145,-0.02,-0.02,0.06,-0.02,-0.02,0.06,0.0,0.1395,0.114663,5.338303,3.593157,2.39671,
