Date,Basic Shares Outstanding,Diluted Weighted Avg Shares,Basic Weighted Avg Shares,Per Share Data Items,Revenue,EBITDA,Operating Income,Net Income to Common - Basic,Net Income before XO - Basic,Normalized Net Income - Basic,Net Income to Common - Diluted,Net Income before XO - Diluted,Normalized Net Income - Diluted,Dividends,Cash Flow,Free Cash Flow,Cash & Equivalents,Book Value,Tangible Book Value,Source: Bloomberg
04/03/1992,,71.428001,71.428001,,3.0126,0.570533,0.320197,0.06,0.06,,0.06,0.06,0.06,,0.73845,,,,,
07/03/1992,71.428001,71.428001,71.428001,,3.575685,0.759002,0.494652,0.25,0.25,,0.25,0.25,0.25,,0.614843,,1.014336,5.964412,,
10/02/1992,71.428001,71.428001,71.428001,,4.01505,1.004354,0.715714,0.43,0.43,,0.43,0.43,0.43,,0.943552,,1.638265,6.393529,,
01/01/1993,103.571999,87.5,87.5,,2.919314,0.567349,0.331646,0.09,0.09,,0.09,0.09,0.09,,0.096229,,0.54591,4.484658,,
04/02/1993,103.571999,103.571999,103.571999,,2.610812,0.582793,0.375632,0.195,0.195,,0.195,0.195,0.195,,0.438188,,0.334289,4.534517,,
07/02/1993,126.571411,118.736244,118.736244,,2.332017,0.521054,0.341202,0.235,0.235,,0.235,0.235,0.235,,0.644967,,0.328668,5.455134,,
10/01/1993,126.571999,126.571999,126.571999,,2.383868,0.584964,0.413678,0.33,0.33,,0.33,0.33,0.33,0.09,0.370911,,0.244272,5.685957,,
12/31/1993,126.610001,126.592003,126.592003,,2.083528,0.408636,0.234707,0.14,0.14,,0.14,0.14,0.14,0.045,0.382315,,0.255454,5.787505,,
03/31/1994,126.599998,126.610001,126.610001,,2.279883,0.513917,0.36024,0.28,0.28,,0.28,0.28,0.28,0.045,0.531167,,0.215419,6.025347,,
06/30/1994,126.599998,126.641998,126.641998,,2.304591,0.532801,0.380853,0.265,0.29,,0.265,0.29,0.29,0.045,0.613225,,0.452433,6.247014,,
09/30/1994,126.599998,126.753998,126.753998,,2.438038,,0.477373,0.385,0.385,,0.385,0.385,0.385,0.055,,,0.306035,6.582638,,
12/31/1994,126.769997,126.919998,126.919998,,2.220911,,0.247156,0.15,0.17,0.17,0.15,0.17,0.17,0.055,,,0.188688,6.670522,,
03/31/1995,126.769997,126.975998,126.975998,,2.154911,0.476633,0.333567,0.405,0.405,,0.405,0.405,0.405,0.055,0.31691,,0.247724,7.022963,,
06/30/1995,126.800003,127.014,127.014,,2.223842,0.503078,0.351961,0.25,0.25,0.25,0.25,0.25,0.25,0.055,0.613397,,0.274495,7.217334,,
09/30/1995,126.800003,127.064003,127.064003,,2.660588,0.688448,0.519636,0.39,0.39,0.39,0.39,0.39,0.39,0.065,0.591568,,0.244992,7.545347,,
12/31/1995,126.870003,127.084,127.084,,2.280429,0.410028,0.242729,0.13,0.13,0.13,0.13,0.13,0.13,0.065,0.246396,,0.246362,7.606905,,
03/31/1996,127.400002,127.134003,127.134003,,2.498018,0.552716,0.386891,0.26,0.26,0.26,0.26,0.26,0.26,0.065,0.416899,-2.164394,0.212339,7.770243,,
06/30/1996,127.400002,127.209999,127.209999,,2.790905,0.648644,0.463069,0.3,0.3,0.3,0.3,0.3,0.3,0.065,0.754123,0.616838,0.219898,8.009827,,
09/30/1996,127.400002,127.290001,127.290001,,2.876762,0.758504,0.576471,0.415,0.415,0.415,0.415,0.415,0.415,0.07,0.672127,0.310786,0.762873,8.365118,,
12/31/1996,127.346001,127.421997,127.421997,,2.499788,0.462126,0.279073,0.21,0.21,0.21,0.21,0.21,0.21,0.07,0.510312,-2.085472,0.317395,8.519577,,
03/31/1997,127.400002,133.531998,127.674004,,3.090606,0.677663,0.474936,0.29,0.29,0.289993,0.29,0.29,0.29,0.07,0.626189,-0.003948,0.295078,8.704686,,
06/30/1997,127.400002,140.324005,127.916,,3.154156,0.742261,0.526885,0.28,0.33,0.33,0.27,0.32,0.32,0.07,0.92001,-1.677069,0.351648,8.934882,,
09/30/1997,146.039993,158.832001,146.039993,,4.194344,1.122946,0.800541,0.5,0.5,0.5,0.479996,0.48,0.48,0.075,0.896063,-1.304355,0.92626,12.577363,10.366887,
12/31/1997,161.813996,175.162002,161.977996,,3.262221,0.629153,0.361839,0.12,0.12,0.12,0.12,0.12,0.12,0.075,0.652113,-1.645761,0.684694,11.409526,9.430625,
03/31/1998,163.785995,177.220001,163.785995,,4.028287,1.020081,0.729372,0.45,0.45,0.45,0.44,0.44,0.44,0.075,0.914333,0.350354,3.346727,12.687428,10.748245,
06/30/1998,168.710007,182.636002,168.710007,,3.891032,1.00115,0.720366,0.45,0.45,0.505,0.44,0.44,0.484993,0.075,1.311564,-0.657104,2.192994,12.706638,10.839481,
09/30/1998,168.839996,182.485001,168.835007,,4.412059,1.395244,1.087405,0.87,0.87,0.87,0.82,0.82,0.82,0.09,0.777179,0.438629,2.077298,13.479993,11.629697,
12/31/1998,168.591003,182.319,168.977005,,3.403706,0.661652,0.379632,0.12,0.12,0.12,0.12,0.12,0.12,0.09,0.145665,-0.299798,1.025683,13.537246,11.699657,
03/31/1999,169.057999,183.074997,169.057999,,3.608501,0.920507,0.641141,0.52,0.52,0.52,0.49,0.49,0.49,0.09,0.79103,-0.199724,0.640431,13.940725,12.123609,
06/30/1999,169.341003,183.473999,169.341003,,3.647457,0.924614,0.638416,0.49,0.49,0.56,0.47,0.47,0.54,0.09,1.156418,0.67106,0.925795,14.337248,12.538546,
09/30/1999,169.942001,184.253998,169.942001,,4.321828,1.462117,1.166427,0.98,0.98,0.98,0.92,0.92,0.92,0.11,1.305734,0.53929,3.911841,17.831395,16.054371,
12/31/1999,180.822998,195.020996,180.934998,,3.227579,0.648929,0.361727,0.19,0.19,0.21,0.19,0.19,0.21,0.11,0.176306,-3.098593,0.351006,17.08276,15.427064,
03/31/2000,182.466995,193.539001,182.466995,,3.878981,1.075219,0.765267,0.57,0.57,0.57,0.55,0.55,0.55,0.11,0.895296,0.427908,0.563943,17.746327,16.119819,
06/30/2000,190.951004,192.001999,190.951004,,3.564951,0.973333,0.687066,0.57,0.57,0.57,0.56,0.56,0.56,0.11,1.420495,-1.155103,0.49233,17.975632,16.435022,
09/30/2000,192.018997,193.009995,192.018997,,4.349622,1.529385,1.22991,1.05,1.05,1.05,1.04,1.04,1.04,0.13,1.096345,-1.926986,1.018529,18.799708,17.281228,
12/31/2000,191.686996,193.106003,192.093002,,3.342751,0.650029,0.325582,0.16,0.16,0.16,0.16,0.16,0.16,0.13,0.302926,-0.363501,0.927606,18.863643,17.356112,
03/31/2001,191.753006,193.516006,192.160995,,3.782651,0.820921,0.468794,0.27,0.27,0.27,0.27,0.27,0.27,0.13,0.940472,-3.339606,1.490063,19.016885,17.523448,
06/30/2001,192.216995,193.093002,192.209,,4.274899,1.093612,0.703791,0.43,0.43,0.49,0.42,0.42,0.48,0.13,1.428362,0.39108,4.261262,19.261985,17.785701,
09/30/2001,191.824005,193.139008,192.253998,,4.893115,1.498414,1.098843,0.83,0.83,0.83,0.82,0.82,0.82,0.13,0.616445,-0.116424,3.985893,19.982697,18.516958,
12/31/2001,191.834671,192.300003,192.300003,,3.411217,0.523931,0.098747,-0.2,-0.2,-0.17,-0.2,-0.2,-0.17,0.13,0.311539,-2.677202,3.790649,19.582404,18.130315,
03/31/2002,191.878006,195.509003,192.324997,,4.159381,1.015151,0.58449,0.27,0.27,0.27,0.27,0.27,0.27,0.13,0.920588,0.482153,3.282383,19.805344,18.353583,
06/30/2002,191.942001,196.412994,192.406006,,4.271197,1.120901,0.678357,0.35,0.35,0.35,0.34,0.34,0.34,0.13,1.672552,1.067872,3.093976,20.056558,18.605281,
09/30/2002,191.97998,195.341003,192.462997,,5.360303,1.699729,1.255291,1.01,1.01,1.11,0.99,0.99,1.09,0.13,1.130394,0.944483,3.343098,20.936203,19.485213,
12/31/2002,192.466995,195.656006,192.740997,,4.051707,0.788794,0.344742,0.2,0.2,0.03,0.2,0.2,0.03,0.13,0.799259,-1.553868,1.260393,20.963044,19.515726,
03/31/2003,192.552979,194.904999,193.029007,,4.55975,1.054821,0.595465,0.28,0.28,0.28,0.27,0.27,0.27,0.13,0.654829,0.435852,0.783229,21.095244,19.648572,
06/30/2003,192.837112,195.882004,193.158005,,4.689637,1.06606,0.606773,0.29,0.29,0.29,0.28,0.28,0.28,0.13,1.369169,1.080085,2.74316,21.216554,19.772013,
09/30/2003,195.179245,198.662994,194.401993,,5.762281,1.748068,1.281679,0.99,0.99,0.99,0.97,0.97,0.97,0.13,1.547896,-0.701428,1.947133,21.957344,20.530138,
12/31/2003,195.550003,195.675003,195.675003,,4.487262,0.713034,0.229355,-0.1,-0.1,-0.1,-0.1,-0.1,-0.1,0.13,0.848458,-1.676898,1.687988,21.799514,20.375014,
03/31/2004,197.738007,216.0,197.425003,,5.377657,1.301998,0.812805,0.49,0.49,0.49,0.47,0.47,0.47,0.13,1.589555,1.188482,2.796615,22.078912,20.670174,
06/30/2004,198.414001,216.729996,198.789001,,5.74981,1.470137,0.978857,0.61,0.61,0.61,0.59,0.59,0.59,0.13,1.994929,-0.001258,3.559915,22.619472,21.215534,
09/30/2004,198.679993,234.513,199.106995,,6.961619,2.298608,1.799942,1.42,1.42,1.42,1.26,1.26,1.26,0.13,1.257595,1.068631,3.728982,24.051994,22.649935,
12/31/2004,200.656584,200.447,200.447,,4.81217,0.70224,0.200322,-0.13,-0.13,-0.13,-0.13,-0.13,-0.13,0.13,0.579739,-0.004176,3.132606,23.943994,22.555746,
03/31/2005,201.234543,236.209,201.619003,,5.793487,1.492617,0.997813,0.94,0.68,0.68,0.86,0.64,0.64,0.13,1.893209,1.521578,1.54715,24.342193,22.957932,
06/30/2005,205.30925,235.970001,202.988998,,5.927621,1.547424,1.054909,0.76,0.76,0.76,0.72,0.72,0.72,0.13,1.918996,1.537088,1.451605,24.846027,23.489239,
09/30/2005,209.286549,236.038,209.811,,7.159849,2.390132,1.908651,1.79,1.79,1.79,1.64,1.64,1.64,0.15,1.013279,0.211629,0.904052,26.619671,25.288668,
12/31/2005,210.361457,210.31,210.31,,4.89582,0.759018,0.277291,-0.02,-0.02,-0.02,-0.02,-0.02,-0.02,0.15,0.606348,0.086867,0.596046,26.404385,25.05845,
03/31/2006,211.229797,230.695007,211.371994,,5.424257,1.150625,0.667312,0.57,0.57,0.4,0.55,0.55,0.395,0.15,1.626933,0.984,1.287588,26.959781,25.619378,
06/30/2006,207.4879,228.192993,211.251999,,6.120576,1.355097,0.872153,0.58,0.58,0.58,0.57,0.57,0.57,0.15,1.608652,-1.681532,1.557599,27.23272,25.868144,
09/30/2006,210.198803,213.526,208.129,,7.864598,2.541405,2.016101,1.66,1.66,1.66,1.63,1.63,1.63,0.15,1.077769,0.172052,1.049188,28.749612,27.402635,
12/31/2006,211.503945,213.743,212.078,,5.437693,1.045248,0.535378,0.22,0.22,0.22,0.22,0.22,0.22,,0.190835,-0.568871,0.494175,28.801236,25.389886,
03/31/2007,211.745575,214.005005,212.322006,,5.760712,0.921247,0.375105,0.04,0.04,0.04,0.04,0.04,0.04,0.15,1.694926,0.978217,0.942716,28.789583,25.332137,
06/30/2007,212.311752,214.156998,212.632996,,6.966581,1.517173,0.94474,0.61,0.61,0.61,0.6,0.6,0.6,0.15,2.178759,-1.952383,1.000251,29.321269,25.828311,
09/30/2007,212.349594,214.294998,213.039001,,9.170115,2.840719,2.266411,1.85,1.85,1.85,1.84,1.84,1.84,0.15,1.581433,0.668572,1.939754,31.341981,27.702624,
12/31/2007,212.482865,214.477,213.129,,6.996209,1.224676,0.647373,0.33,0.33,0.33,0.33,0.33,0.33,0.15,0.509743,0.076597,1.08613,31.801826,28.047212,
03/31/2008,212.724247,214.464,213.326,,6.699066,1.22797,0.644872,0.35,0.35,0.35,0.35,0.35,0.35,0.15,1.41475,0.192264,2.073703,32.469199,28.506605,
06/30/2008,212.761194,214.28,213.482,,7.418771,1.387597,0.791402,0.4,0.4,0.4,0.4,0.4,0.4,0.15,2.153006,-2.77659,1.819683,33.12308,29.15543,
09/30/2008,212.803551,214.172,213.524,,9.663499,2.794126,2.163256,1.93,1.93,1.88,1.92,1.92,1.87,0.15,1.326937,0.857768,1.418975,32.989633,29.314022,
12/31/2008,212.822375,213.789,213.575,,6.818574,0.924916,0.297596,0.01,0.01,0.01,0.01,0.01,0.01,0.0,0.124036,-3.669418,1.893025,31.96568,28.304195,
03/31/2009,213.752981,213.687,213.687,,6.203475,0.861583,0.207093,-0.17,-0.17,-0.17,-0.17,-0.17,-0.17,0.0,0.53306,-0.49339,2.132761,31.577314,28.050935,
06/30/2009,213.796176,213.78,213.78,,6.310296,0.902736,0.257564,-0.16,-0.16,-0.16,-0.16,-0.16,-0.16,0.0,1.070961,0.58331,1.448847,32.969883,29.314023,
09/30/2009,213.905294,215.669,213.839,,8.247055,2.108418,1.434916,1.08,1.08,1.08,1.07,1.07,1.07,0.0,1.50076,-2.378331,1.3364,34.79926,31.044379,
12/31/2009,213.949564,216.386,213.925,,6.785869,1.069379,0.384971,0.02,0.02,0.02,0.02,0.02,0.02,0.0,0.846568,-5.344663,1.330309,35.053668,30.221052,
03/31/2010,214.91825,216.975,214.314,,6.932118,1.163372,0.428119,0.41,0.41,0.41,0.4,0.4,0.4,0.0,1.926724,1.150307,1.293999,34.736008,31.183243,
06/30/2010,217.057482,217.561,215.043,,7.448264,1.412345,0.668164,0.25,0.25,0.25,0.25,0.25,0.25,0.0,2.780737,-0.386741,2.540617,38.461144,34.773475,
09/30/2010,215.212404,217.512,215.15,,9.577778,2.824699,2.070658,1.63,1.63,1.63,1.61,1.61,1.61,0.0,1.975389,1.611527,2.05346,36.481373,32.912582,
12/31/2010,215.903048,218.742,215.581,,7.442669,1.324667,0.564498,0.15,0.15,0.15,0.15,0.15,0.15,0.0,1.053488,-4.797505,1.944989,36.593981,32.031715,
03/31/2011,216.993995,219.626,216.511,,7.722448,1.490853,0.690653,0.36,0.36,0.473735,0.36,0.36,0.47,0.0,1.318266,1.012027,2.167148,38.148443,34.522882,
06/30/2011,217.057482,219.37,217.028,,8.145829,1.567724,0.774969,0.43,0.43,0.43,0.43,0.43,0.43,0.0,2.217792,1.364165,2.540617,38.461144,34.773475,
09/30/2011,217.221877,218.934,217.105,,10.695258,3.154847,2.338693,1.84,1.84,1.84,1.82,1.82,1.82,0.1,2.330559,-1.255434,2.078336,38.845516,35.34325,
12/31/2011,217.057482,218.982,217.279,,8.171066,1.316717,0.488598,0.17,0.17,0.17,0.17,0.17,0.17,0.1,0.842332,0.18178,1.20791,38.735467,34.287705,
03/31/2012,217.839937,219.23,217.584,,8.431135,1.446646,0.622174,0.22,0.22,0.22,0.21,0.21,0.21,0.1,0.989112,0.174553,1.274023,39.44442,35.962758,
06/30/2012,217.898027,217.866,217.866,,8.358367,1.273347,0.444792,-0.02,-0.02,-0.02,-0.02,-0.02,-0.02,0.1,1.690507,1.022592,0.973891,37.961216,34.582204,
09/30/2012,218.075945,219.296,217.94,,10.21561,2.90992,2.074594,1.69,1.69,1.709848,1.68,1.68,1.702186,0.12,2.701372,2.212439,1.106206,39.906561,36.50194,
12/31/2012,218.771426,218.326,218.326,,8.272721,-0.42492,-1.288472,-1.8,-1.8,0.09688,-1.8,-1.8,0.096038,0.12,0.959473,-2.989621,0.890678,37.979133,34.98424,
03/31/2013,219.39706,220.484,219.097,,8.723168,1.620269,0.755976,0.35,0.35,0.35,0.35,0.35,0.35,0.12,1.101142,0.287001,0.984006,38.006594,36.050333,
06/30/2013,219.6112,220.648,219.502,,8.577448,1.364552,0.516342,0.11,0.11,0.120386,0.11,0.11,0.117605,0.12,1.965955,0.974178,0.93426,38.095776,36.134737,
09/30/2013,219.914637,221.004,219.744,,10.520192,2.879487,2.021484,1.66,1.66,1.732374,1.65,1.65,1.717772,0.25,2.536206,1.908325,0.952947,39.843114,37.857585,
12/31/2013,220.473632,221.561,220.197,,8.420451,1.206152,0.340463,0.03,0.03,0.226411,0.03,0.03,0.223342,0.25,0.826369,-0.216928,0.928397,39.951558,37.030133,
03/31/2014,222.072972,222.671,221.295,,8.528091,1.315895,0.440435,0.12,0.12,0.1274,0.12,0.12,0.1274,0.25,1.426991,0.623579,0.974941,39.522738,37.544357,
06/30/2014,222.330651,223.381,222.189,,8.911526,1.748363,0.880273,0.62,0.62,0.619234,0.62,0.62,0.619234,0.25,2.543524,1.802348,0.833272,39.802159,37.83047,
09/30/2014,222.658588,223.859,222.523,,10.734899,3.244204,2.379359,2.2,2.2,2.282717,2.19,2.19,2.269108,0.3,2.600338,1.627198,0.822699,40.515069,38.599409,
12/31/2014,219.297336,222.041,220.622,,8.23955,1.417474,0.540943,0.5,0.5,0.356469,0.49,0.49,0.349832,0.3,1.288153,-4.388434,0.862943,37.776834,34.882799,
03/31/2015,219.887898,220.842,219.626,,8.266776,1.393961,0.481191,0.21,0.21,0.21,0.2,0.2,0.2,0.3,1.941605,0.554502,1.044646,36.263524,34.419757,
06/30/2015,219.924774,220.902,219.913,,9.35971,2.127046,1.188184,0.84,0.84,0.84,0.84,0.84,0.84,0.3,2.79164,-1.059755,0.724611,37.832209,35.968681,
09/30/2015,219.987373,221.137,219.963,,11.470566,2.131027,1.172947,1.04,1.04,2.855344,1.03,1.03,2.835591,0.375,2.580393,1.630138,0.670125,37.528454,36.225166,
12/31/2015,217.993195,219.893,218.652,,8.698997,2.10036,1.142994,0.95,0.95,0.95,0.94,0.94,0.94,0.375,1.547802,0.392071,0.557655,36.987572,34.809513,
03/31/2016,215.846413,217.869,216.914,,8.841269,1.723683,0.752035,0.46,0.46,0.471615,0.46,0.46,0.471615,0.375,2.203159,1.051366,0.54372,36.543433,35.21447,
06/30/2016,215.254019,216.131,215.265,,9.779862,2.340803,1.311281,1.07,1.07,1.09244,1.06,1.06,1.084332,0.375,3.683906,-4.665594,0.813755,37.842104,36.502296,
09/30/2016,214.57,215.667,214.819,,11.934424,4.488853,3.421313,3.23,3.23,3.217129,3.21,3.21,3.2,0.48,3.398396,2.157183,0.831561,40.966347,39.621979,
12/31/2016,214.594249,215.591,214.588,,8.898927,2.470059,1.383311,1.22,1.22,1.233331,1.21,1.21,1.226568,0.48,2.403387,1.562091,0.617924,42.505389,41.161522,
03/31/2017,215.060369,215.813,214.87,,9.347792,2.398059,1.300889,1.0,1.0,0.905849,0.99,0.99,0.896927,0.48,3.707014,3.135584,0.508271,43.089436,41.748092,
06/30/2017,215.09663,216.062,215.085,,10.206542,3.043606,1.951308,1.72,1.72,1.72,1.71,1.71,1.71,0.48,4.011223,3.319599,0.606597,45.018874,43.677714,
09/30/2017,214.074989,215.824,214.694,,11.968402,4.553634,3.435066,3.51,3.51,3.51,3.49,3.49,3.49,0.6,3.70444,3.165095,0.653743,48.746881,47.399143,
12/31/2017,213.337593,215.085,213.831,,9.374071,2.561401,1.437345,1.35,1.35,1.35,1.34,1.34,1.34,0.6,1.964004,1.137169,0.563014,50.166044,48.813671,
03/31/2018,211.730196,213.602,212.61,,9.537444,2.419341,1.289431,1.03,1.03,1.094765,1.02,1.02,1.086034,0.6,4.346559,-3.744462,0.525409,50.284731,48.922247,
06/30/2018,210.485768,212.509,211.673,,11.043473,3.355511,2.158494,2.2,2.2,2.278141,2.19,2.19,2.264943,0.6,4.75953,2.432129,0.51784,51.184924,49.814674,
09/30/2018,208.978042,209.928,209.054,,13.375429,5.068815,3.825485,3.88,3.88,4.000397,3.86,3.86,3.983414,0.7,3.900418,2.483334,1.219367,54.25515,47.67588,
12/31/2018,209.016918,210.051,209.001,,11.159282,3.082258,1.741748,1.51,1.51,1.516175,1.5,1.5,1.505613,0.7,3.503117,-2.00356,1.377171,53.131876,46.53742,
03/31/2019,209.549779,209.874,209.322,,11.655569,3.070781,1.52316,1.19,1.19,1.198474,1.19,1.19,1.195651,0.7,5.152129,2.906231,1.18443,53.777532,47.199802,
06/30/2019,209.518558,210.052,209.531,,13.394825,4.372899,2.737795,2.26,2.26,2.46743,2.25,2.25,2.460296,0.7,5.331302,-1.331316,1.121624,55.071031,48.51732,
09/30/2019,209.607469,210.121,209.575,,15.206251,5.923178,4.250469,4.21,4.21,4.224077,4.2,4.2,4.209618,0.78,4.349474,2.079384,1.32023,57.139696,50.589047,
12/31/2019,208.800994,209.767,209.193,,12.033926,3.115095,1.431334,1.31,1.31,1.441133,1.3,1.3,1.435098,0.78,2.912612,-0.351207,1.167322,58.25569,51.619496,
03/31/2020,209.368373,209.097,209.097,,9.721565,-4.567081,-6.247851,-6.91,-6.91,-7.103847,-6.91,-6.91,-7.10567,0.78,0.950324,-5.039977,18.583566,48.869726,45.004691,
06/30/2020,209.388087,209.385,209.385,,0.83867,-4.448518,-6.125019,-7.83,-7.83,-6.597545,-7.83,-7.83,-6.598465,0.78,-10.733973,-11.424534,19.803854,42.810005,38.944532,
09/30/2020,,,,,,,,-5.118,-5.118,-5.118,-5.118,-5.118,-5.118,0.2,-4.43,,,38.705,,
12/31/2020,,,,,,,,-4.732,-4.732,-4.732,-4.732,-4.732,-4.732,0.2,-4.06,,,34.355,,
