Date,Revenue,Consensus Estimate,Comparable Actual,Revenue Surprise %,GAAP Actual,Adjusted Actual,FFO Per Share,EBIT,EBIT Surprise %,EBITDA,Net Income,Net Income Surprise %,Source: Bloomberg
03/31/1991,,,-1.13318,,-1.133181,-1.133181,,,,,,,
06/30/1991,,,-0.341022,,-0.341022,-0.341022,,,,,,,
09/30/1991,,,-0.87722,,-0.87722,-0.87722,,,,,,,
12/31/1991,,,0.0,,-2.116685,-2.116685,,,,,,,
03/31/1992,,,-3.27723,,-3.277225,-3.277225,,,,,,,
06/30/1992,,,-3.69872,,-3.698716,-3.698716,,,,,,,
09/30/1992,,,-5.76304,,-5.763042,-5.763042,,,,,,,
12/31/1992,,,0.0,,-6.373,-6.373,,,,,,,
03/31/1993,,,-9.318,,-9.318,-9.318,,,,,,,
06/30/1993,,,-9.429,,-9.42889,-9.42889,,,,,,,
09/30/1993,,,-9.632,,-9.632,-9.632,,,,,,,
12/31/1993,,,0.0,,-11.50511,-11.50511,,,,,,,
03/31/1994,,,-10.733,,-10.73255,-10.73255,,,,,,,
06/30/1994,,,-10.249,,-10.249,-10.249,,,,,,,
09/30/1994,,,-3.968,,-3.968,-3.968,,,,,,,
12/31/1994,,,0.0,,-5.706,-5.706,,,,,,,
03/31/1995,,,-4.17,,-4.17,-4.17,,,,,,,
06/30/1995,,,-4.38,,-4.38,-4.38,,,,,,,
09/30/1995,,,-7.146,,-7.146,-7.146,,,,,,,
12/31/1995,,,0.0,,-7.812,-7.812,,,,,,,
03/31/1996,,,-7.768,,-7.768,-7.768,,,,,,,
06/30/1996,,,-7.625,,-7.625,-7.625,,,,,,,
09/30/1996,,,-8.888,,-8.888,-8.888,,,,,,,
12/31/1996,,,0.0,,-8.143,-8.143,,,,,,,
03/31/1997,,,-5.929,,-5.929,-5.929,,,,,,,
06/30/1997,,,-4.27,,-4.27,-4.27,,,,,,,
09/30/1997,,,-1.907,,-1.907,-1.907,,,,,,,
12/31/1997,,,0.0,,0.527,0.527,,,,,,,
03/31/1998,,,-3.829,,-3.829,-3.829,,,,,,,
06/30/1998,,,2.14,,2.14,2.14,,,,,,,
09/30/1998,,,-1.395,,-1.395,-1.395,,,,,,,
12/31/1998,,,-5.541,,-5.541,-5.541,,,,,,,
03/31/1999,,,-8.93,,-8.93,-8.93,,,,,,,
06/30/1999,,,-7.833,,-7.833,-7.833,,,,,,,
09/30/1999,,,-4.925,,-4.925,-4.925,,,,,,,
12/31/1999,,,-1.382,,-1.381999,-1.381999,,,,,,,
03/31/2000,,,-7.225,,-7.318,-7.318,,,,,,,
06/30/2000,,,-2.854,,-2.947,-2.947,,,,,,,
09/30/2000,,,-3.118,,-3.211,-3.211,,,,,,,
12/31/2000,,,-8.455,,-8.455,-8.455,,,,,,,
03/31/2001,,,-13.037,,-13.037,-13.037,,,,,,,
06/30/2001,,,-14.834,,-14.834,-14.834,,,,,,,
09/30/2001,,,-19.931,,-19.931,-19.931,,,,,,,
12/31/2001,,,-28.378,,-28.378,-28.378,,,,,,,
03/31/2002,,,-25.447001,,-25.447001,-25.447001,,,,,,,
06/30/2002,,,-30.423,,-30.423,-30.423,,,,,,,
09/30/2002,,,-32.816002,,-32.816,-32.816,,,,,,,
12/31/2002,,,-35.693001,,-35.693001,-35.693001,,,,,,,
03/31/2003,,,-30.320999,,-30.11,-30.11,,,,,,,
06/30/2003,,,-30.360001,,-28.736,-28.736,,,,,,,
09/30/2003,,,-27.4,,-27.4,-27.4,,,,,,,
12/31/2003,,,-19.377001,,-19.377001,-19.377001,,,,,,,
03/31/2004,,,-18.087999,,64.531998,64.531998,,,,,,,
06/30/2004,,,-14.549,,-14.549,-14.549,,,,,,,
09/30/2004,,,-11.076,,-11.076,-11.076,,,,,,,
12/31/2004,,,-22.208,,2.792,2.792,,,,,,,
03/31/2005,,,-4.123,,-4.123,-4.123,,,,,,,
06/30/2005,,,-26.999001,,-26.999001,-26.999001,,,,,,,
09/30/2005,,-37.0,-34.652,,-34.652,-34.652,,,,,,6.34594594594594,
12/31/2005,,-38.5,-29.672001,,-29.672,-29.672,,,,,,22.9298675324675,
03/31/2006,,-32.2,-21.193001,7.80473372781067,-20.38,-20.38,,,,,,34.1832267080745,
06/30/2006,,-30.5,-23.576,8.19100561797753,-23.576,-23.576,,,,,,22.7016393442623,
09/30/2006,,-30.4,-27.41,-3.15502386412942,-27.41,-27.41,,,,,,9.83552631578947,
12/31/2006,,-30.967,-30.971001,-27.7766143106457,-30.971,-30.971,,,,,,-0.0129202053799282,
03/31/2007,,-30.625,-29.917,37.2869565217391,-29.917,-29.917,,,,,,2.31183673469387,
06/30/2007,,-29.033,-26.774,10.6982543640898,-26.774,-26.774,,,,,,7.78080115730376,
09/30/2007,,-30.9,-35.838001,-3.62418574514038,-35.838,-35.838,,,,,,-15.9805857605178,
12/31/2007,,-36.8,-13.071,183.071688459352,-13.071,-13.071,,,,,,64.4809782608696,
03/31/2008,,-25.633,-11.618,39.303271155034,-11.618,-11.618,,,,,,54.6756134670152,
06/30/2008,,-21.767,-18.459,5.728031795283,-18.689,-18.689,,,,,,15.1973170395553,
09/30/2008,,-22.05,-21.108,5.95153473344104,-19.084,-19.084,,,,,,4.27210884353742,
12/31/2008,,-24.4,-31.318001,-18.959358490566,-29.509,-29.509,,,,,,-28.3524631147541,
03/31/2009,,-23.24,-17.481,15.9494023226684,-15.388,-15.388,,,25.2439261418853,,,24.7805507745267,
06/30/2009,,-22.55,-14.938,25.3421320079634,-14.938,-14.938,,,35.4011119936458,,,33.7560975609756,
09/30/2009,,-21.175,-1.015,38.7045347189419,-1.015,-1.015,,,94.8083805847107,,,95.2066115702479,
12/31/2009,,-26.567,-36.489,3.92622097205372,-36.489,-36.554,,,-47.7338331771321,,,-37.3470847291753,
03/31/2010,,-39.567,-30.522,4.53439415203497,-30.522,-30.457,,,24.4324324324324,,,22.8599590567898,
06/30/2010,,-31.714,-25.474,10.653209712687,-25.474,-25.474,,,25.9088069956277,,,19.675852935612,
09/30/2010,,-29.062,-33.875,-9.03090128755365,-33.875,-33.875,,,-13.1385060105052,,,-16.5611451379809,
12/31/2010,,-26.587,-14.597,12.9250263991552,-14.597,-14.597,,,51.9661654135338,,,45.0972279685561,
03/31/2011,,-32.106,-43.447,-4.34441602728048,-43.447,-43.447,,,-15.5794342442959,,,-35.3236155235781,
06/30/2011,,-36.378,-62.505,-10.8271298593879,-62.505,-62.505,,,-68.880365092253,,,-71.8208807521029,
09/30/2011,,-67.23,-62.365,-12.108547008547,-62.365,-62.365,,,13.8755064456722,,,7.23635281868214,
12/31/2011,,-52.233,-53.443,-6.48136882129277,-53.443,-53.443,,,42.2828122887983,,,-2.3165431815136,
03/31/2012,,-20.026,16.869,33.8714241984949,11.651,11.651,,,,,,,
06/30/2012,,54.95,82.059,17.3541261059815,76.743,76.743,,,148.944725954163,,,49.3339399454049,
09/30/2012,,131.214,196.967,22.1694084444279,191.468,191.468,,,84.7718134715026,,,50.1112686146295,
12/31/2012,,158.889,474.041,5.58615824604563,470.407,136.379,,,23.2896143552907,,,198.347273883025,
03/31/2013,,156.925,98.874,3.14697947214076,98.874,98.874,,,30.8450793650794,,,-36.9928309702087,
06/30/2013,,199.0,92.911,-3.30703537336201,87.376,87.051,,,20.403395513072,,,-53.3110552763819,
09/30/2013,,216.545,145.091,17.7159408173888,141.306,141.046,,,54.1445717403164,,,-32.9972984829943,
12/31/2013,,246.0,100.603,4.9043179377014,96.806,98.626,,,38.0271142672692,,,-59.1044715447154,
03/31/2014,,267.583,181.187,2.50185513713272,68.305,68.305,,,27.1349495449055,,,-32.2875518997844,
06/30/2014,,270.0,99.747,2.84782014222879,96.351,103.36255,,,44.3735244394718,,,-63.0566666666667,
09/30/2014,,297.75,140.163,-1.01766109785203,83.375,83.375,,,-20.7722493224932,,,-52.9259445843829,
12/31/2014,,321.846,124.919,2.9092653470096,90.095,104.8383,,,3.77220765600419,,,-61.1867166284496,
03/31/2015,,322.286,78.094,5.48563845466157,76.021,76.6333,,,7.67849073226674,,,-75.7687271553837,
06/30/2015,,324.375,205.0196,12.5075484452456,194.643,205.0196,,,33.6662790697674,,,-36.7954990366089,
09/30/2015,,375.846,210.41165,8.09581509833831,210.398,210.41147,,,8.04539502400699,,,-44.0165253853972,
12/31/2015,,395.429,156.2511,-6.68561716592309,154.994,154.994,,,-20.4345250255363,,,-60.4856750516528,
03/31/2016,,298.667,165.736,1.83400581061072,181.385,181.385,,,3.9819184123484,,,-44.5080976472124,
06/30/2016,,297.0,196.218,-2.39624919510626,196.218,196.218,,,4.07664995822891,,,-33.9333333333333,
09/30/2016,,307.286,264.804,-5.11038369679422,264.804,264.804,,,11.8522188711762,,,-13.8249057880932,
12/31/2016,,355.667,253.115,-5.59049276861253,253.093,253.093,,,3.62830578512396,,,-28.8337124332592,
03/31/2017,,356.467,248.931,1.49551077444912,248.931,248.931,,,6.38842177496589,,,-30.1671683493844,
06/30/2017,,370.188,407.309,8.55797646176181,387.744,407.441306,,,19.5200475538763,,,10.0276075939793,
09/30/2017,,448.882,388.317,3.27034373602174,388.317,388.317,,,14.936744966443,,,-13.4924100320351,
12/31/2017,,533.444,499.721,5.07930183836834,173.5,499.7,,,10.9281958659442,,,-6.32175073672212,
03/31/2018,,521.357,477.98,0.46801343220485,477.98,477.98,,,11.7009972489684,,,-8.32001872037777,
06/30/2018,,543.8,551.412,2.63240867563879,551.4,538.189044,,,15.6504577739068,,,1.39977933063628,
09/30/2018,,596.143,586.60208,1.28372174582261,594.7,598.601463,,,9.24766629627273,,,-1.60044150480674,
12/31/2018,,651.167,837.691,11.8051326663767,820.4,841.892867,,,26.2742528400521,,,28.6445719761597,
03/31/2019,,652.714,431.238,-4.20500732816585,461.1,430.5796,,,-18.4937636525352,,,-33.9315534828424,
06/30/2019,,630.071,289.401,7.17561736691729,193.1,606.246583,,,17.6090523676222,,,-54.0685097393786,
09/30/2019,,754.692,666.914,3.12060136567842,669.6,666.816359,,,0.285172773911789,,,-11.6309699851065,
12/31/2019,,801.067,741.598,2.98428961489239,792.0,731.952971,,,4.96906760192188,,,-7.42372360863699,
03/31/2020,,696.25,685.43,4.23823471221022,624.6,686.098899,,,9.96339434276207,,,-1.55403949730701,
06/30/2020,,705.722,769.004,11.9908204245554,897.3,773.990973,,,9.71205240499861,,,8.96698700054696,
09/30/2020,,824.647,,,,,,,,,,,
12/31/2020,,926.412,,,,,,,,,,,
