Date,Basic Shares Outstanding,Diluted Weighted Avg Shares,Basic Weighted Avg Shares,Per Share Data Items,Revenue,EBITDA,Operating Income,Net Income to Common - Basic,Net Income before XO - Basic,Normalized Net Income - Basic,Net Income to Common - Diluted,Net Income before XO - Diluted,Normalized Net Income - Diluted,Dividends,Cash Flow,Free Cash Flow,Cash & Equivalents,Book Value,Tangible Book Value,Source: Bloomberg
03/31/1993,25.4,36.700001,36.700001,,1.39891,0.112016,-0.029155,0.15,0.31,,0.15,0.31,0.31,,-0.362561,,0.794567,0.94063,,
06/30/1993,56.587666,42.347824,42.347824,,1.897689,0.288964,0.165723,0.06,0.06,,0.06,0.06,0.06,,-0.287169,,0.412758,5.416887,,
09/30/1993,56.588001,56.588001,56.588001,,0.917915,0.194087,0.101099,0.03,0.03,,0.03,0.03,0.03,,0.582915,,0.827083,5.449123,,
12/31/1993,56.588002,56.588002,56.588002,,1.548561,0.316286,0.22222,0.13,0.145,0.145,0.13,0.145,0.145,0.03,-0.322153,,0.382236,5.554287,,
03/31/1994,56.616001,56.605999,56.605999,,1.167844,0.218917,0.116136,0.075,0.075,,0.075,0.075,0.075,0.03,0.582942,,0.573477,5.606524,,
06/30/1994,56.605999,56.616001,56.616001,,1.040731,0.181468,0.070492,0.04,0.04,,0.04,0.04,0.04,0.03,0.104264,,0.574444,5.617691,,
09/30/1994,56.722,56.644001,56.644001,,0.962962,0.175147,0.065232,0.035,0.035,,0.035,0.035,0.035,0.03,0.302539,,0.801153,5.615705,,
12/31/1994,56.722,56.722,56.722,,1.117344,0.225944,0.117009,0.075,0.075,0.075,0.075,0.075,0.075,0.03,0.13515,,0.825606,5.661771,,
03/31/1995,56.776001,56.740002,56.740002,,1.246493,0.299366,0.18872,0.13,0.13,,0.13,0.13,0.13,0.03,0.101304,0.073158,0.862759,5.757996,,
06/30/1995,56.723999,56.77,56.77,,1.506253,0.319711,0.209847,0.145,0.145,,0.145,0.145,0.145,0.03,0.295121,0.209142,1.034994,5.88705,,
09/30/1995,56.726002,56.726002,56.726002,,1.46818,0.402003,0.253094,0.36,0.36,,0.36,0.36,0.36,0.03,0.618799,0.510313,2.030339,6.210767,,
12/31/1995,56.830002,56.740002,56.740002,,1.465245,0.37263,0.266302,0.195,0.195,0.195,0.195,0.195,0.195,0.03,0.034156,-0.076401,1.987894,6.397554,,
03/31/1996,56.950001,56.869999,56.869999,,1.42817,0.351838,0.245314,0.21,0.21,0.21,0.21,0.21,0.21,0.03,0.282486,-0.178741,1.868042,6.561036,,
06/30/1996,56.950001,56.948002,56.948002,,1.911937,0.641533,0.530905,0.445,0.445,0.37,0.445,0.445,0.37,0.03,0.21474,-0.731597,1.061124,6.984144,,
09/30/1996,102.916,70.419998,70.419998,,1.944419,0.613292,0.462951,0.305,0.305,0.305,0.305,0.305,0.305,0.03,0.195342,-0.465578,0.425473,15.64198,,
12/31/1996,101.278,102.977997,102.977997,,1.96038,0.528948,0.299365,0.185,0.185,0.185,0.185,0.185,0.185,0.03,0.810571,-0.027423,0.238492,16.071693,,
03/31/1997,101.314003,103.610001,102.188004,,2.149137,0.675138,0.436284,0.27,0.27,0.27,0.27,0.27,0.27,0.03,0.45885,-0.34964,0.215232,15.821258,,
06/30/1997,101.667999,102.639999,101.166,,2.056946,0.671599,0.416207,0.28,0.28,0.28,0.27,0.27,0.27,0.03,0.087183,-0.995591,0.404808,16.047114,,
09/30/1997,100.911003,102.806999,101.279999,,2.203801,0.858412,0.601688,0.39,0.39,0.39,0.38,0.38,0.38,0.03,0.647324,-0.488981,0.501422,16.099899,,
12/31/1997,99.917,101.888,100.322998,,2.402759,0.963079,0.696231,0.47,0.47,0.47,0.46,0.46,0.46,0.03,0.421578,-0.567457,0.5427,16.225247,,
03/31/1998,99.978996,100.682999,99.672997,,2.591605,1.197887,0.916186,0.78,0.78,0.64,0.77,0.77,0.63,0.03,0.681418,-0.470679,0.576311,17.056032,,
06/30/1998,100.549004,101.005997,100.082001,,2.513709,1.291991,1.011191,0.7,0.7,0.7,0.69,0.69,0.69,0.03,1.083522,-0.184469,0.415141,17.684988,,
09/30/1998,100.551003,100.869003,100.282997,,2.682429,1.491659,1.199515,0.93,0.929993,0.85,0.92,0.92,0.84,0.03,1.107526,-1.049131,0.305129,18.58249,11.822488,
12/31/1998,100.551127,100.78,100.284,,3.098401,1.783425,1.470424,1.03,1.03,1.03,1.03,1.03,1.03,,1.817897,0.667973,1.735247,5.612886,,
03/31/1999,100.559998,109.636002,109.564003,,1.726461,0.349896,0.07089,0.1,0.1,0.1,0.1,0.1,0.1,0.0,0.897959,-0.064574,0.456822,20.498389,,
06/30/1999,100.563004,109.636002,109.564003,,1.482531,0.598481,0.295736,0.25,0.25,0.25,0.25,0.25,0.25,0.0,0.475722,-0.847395,0.550739,21.021101,,
09/30/1999,100.574997,109.636002,109.564003,,1.508251,0.571803,0.269066,0.29,0.29,0.29,0.29,0.29,0.29,0.0,0.371189,-1.104396,0.262123,21.457898,14.881642,
12/31/1999,210.119501,109.769,109.697,,1.197809,0.128882,-0.187954,-0.11,-0.11,-0.11,-0.11,-0.11,-0.11,,-1.39837,-2.961293,0.78847,,,
03/31/2000,210.440994,211.048004,210.153,,1.431571,0.485237,0.177961,0.15,0.15,0.07,0.15,0.15,0.07,0.03,0.117024,-0.552764,0.583807,18.739576,13.683532,
06/30/2000,210.582993,211.699997,210.386993,,1.422346,0.501766,0.19352,0.17,0.17,0.17,0.17,0.17,0.17,0.03,0.28238,-0.511605,0.803944,18.881924,13.88861,
09/30/2000,210.705002,212.016006,210.526001,,1.493796,0.537159,0.231482,0.23,0.22,0.19,0.23,0.22,0.19,0.03,0.472122,-0.277609,0.175468,19.067554,14.109356,
12/31/2000,210.710007,210.604996,210.604996,,1.495397,0.25535,-0.056599,-0.04,-0.04,0.15,-0.04,-0.04,0.15,0.03,0.066409,-0.451447,0.163917,19.002927,14.077414,
03/31/2001,317.799011,285.5,280.600006,,1.960442,0.657163,0.195652,0.11,0.11,0.11,0.11,0.11,0.11,0.03,0.162865,-0.748753,0.835748,33.636984,12.980532,
06/30/2001,318.687988,325.0,318.200012,,2.363922,1.079195,0.560025,0.22,0.27,0.27,0.21,0.26,0.26,0.03,0.017285,-0.347266,0.341086,33.795439,13.332164,
09/30/2001,318.764008,322.700012,318.700012,,2.416693,1.058676,0.534672,0.31,0.31,0.31,0.3,0.3,0.3,0.03,0.988704,0.764983,1.101128,34.066895,13.665282,
12/31/2001,318.81601,322.700012,318.700012,,2.34578,0.92187,0.409476,0.18,0.19,0.23,0.17,0.19,0.23,0.03,0.629118,0.431126,2.676779,34.221307,13.93782,
03/31/2002,319.140991,323.100006,319.100006,,2.093074,0.833594,0.439987,-4.03,0.24,0.24,-3.98,0.24,0.24,0.03,0.507678,0.358195,1.842759,30.164412,14.174613,
06/30/2002,319.208008,323.899994,319.100006,,2.025071,0.829207,0.439674,0.25,0.25,0.25,0.25,0.25,0.25,0.03,0.684738,0.579756,2.368048,30.379876,14.393435,
09/30/2002,319.218994,328.799988,319.200012,,2.177945,0.806391,0.417293,0.8,0.8,0.35,0.79,0.79,0.34,0.0,1.001566,0.89693,3.200937,31.177657,15.203983,
12/31/2002,319.218994,319.200012,319.200012,,2.08208,0.890038,0.494674,-8.71,-8.71,0.32,-8.71,-8.71,0.32,0.0,0.740601,0.657895,3.803655,22.371482,15.422647,
03/31/2003,319.768005,321.600006,319.700012,,1.926806,0.710041,0.313419,0.15,0.15,0.15,0.15,0.15,0.15,0.0,0.595871,0.51955,4.754691,22.521643,15.671051,
06/30/2003,319.854004,319.799988,319.799988,,1.888368,0.50813,0.109443,-0.14,-0.14,-0.06,-0.14,-0.14,-0.06,0.0,0.357724,0.277048,2.232268,22.389903,15.440183,
09/30/2003,319.890991,321.100006,319.899994,,1.947171,0.621132,0.224758,0.03,0.03,0.06,0.03,0.03,0.06,0.0,0.498281,0.425133,2.520546,22.429202,15.47871,
12/31/2003,319.927002,321.299988,319.899994,,1.849015,0.481088,0.083776,0.02,0.02,0.07,0.02,0.02,0.07,0.0,0.19131,-1.12879,1.481588,22.482004,15.509163,
03/31/2004,320.759003,324.100006,320.600006,,2.033687,0.70025,0.290081,0.07,0.07,0.15,0.07,0.07,0.15,0.0,0.596382,0.542109,1.240495,22.55307,15.598316,
06/30/2004,320.820007,324.100006,320.799988,,1.973816,0.663965,0.249377,0.15,0.15,0.08,0.15,0.15,0.08,0.0,0.278678,0.162406,1.00399,22.70993,15.752758,
09/30/2004,321.071991,325.299988,320.899994,,2.031162,0.634777,0.217513,0.48,0.48,0.08,0.48,0.48,0.08,0.0,0.704269,0.563727,2.41628,23.199157,16.169269,
12/31/2004,321.533998,321.2,321.2,,2.10741,0.558531,0.165629,-0.23,-0.23,0.01,-0.23,-0.23,0.01,0.0,0.300436,0.219178,1.403584,22.991659,15.988045,
03/31/2005,324.824322,331.0,323.6,,1.948393,0.691595,0.380408,0.28,0.28,0.19,0.28,0.28,0.19,0.0,0.546663,0.450247,1.295162,23.278737,16.346067,
06/30/2005,328.508472,338.0,326.1,,2.230604,0.8295,0.519166,0.93,0.93,0.39,0.9,0.9,0.38,0.0,0.632321,0.391904,2.869028,24.241993,17.387071,
09/30/2005,330.077072,340.8,328.9,,2.318638,0.922469,0.61204,0.52,0.52,0.52,0.5,0.5,0.5,0.0,0.722408,0.615081,1.808063,24.835715,18.00428,
12/31/2005,324.750166,336.1,329.8,,2.338387,0.905397,0.596725,0.46,0.46,0.46,0.45,0.45,0.45,0.0,0.738326,0.626137,1.371516,24.577971,17.776126,
03/31/2006,324.067074,337.3,325.4,,2.511678,0.989859,0.677628,0.63,0.63,0.416263,0.61,0.61,0.721029,0.0,0.823294,0.277505,1.425322,24.793016,17.976834,
06/30/2006,319.904208,335.8,323.6,,2.636897,0.863412,0.548208,0.77,0.77,0.43,0.75,0.75,0.42,0.0,0.543572,0.240729,0.882139,24.706146,17.801266,
09/30/2006,295.871463,323.4,312.0,,3.2875,1.417628,1.099679,0.99,0.99,0.86,0.96,0.96,0.83,0.0,0.924359,-0.467308,1.375935,21.854423,14.388343,
12/31/2006,292.454457,304.0,292.0,,4.061644,2.031507,1.695205,2.13,2.13,1.3,2.05,2.05,1.25,0.0,1.728767,1.159589,1.59683,23.37458,15.869138,
03/31/2007,288.053348,302.0,290.0,,4.57931,2.531034,2.186207,1.9,1.9,1.83,1.84,1.84,1.77,0.0,2.255172,0.651724,1.742733,23.877521,16.257405,
06/30/2007,289.280582,300.0,288.0,,4.979167,2.701389,2.350694,1.91,1.91,1.91,1.84,1.84,1.84,0.0,2.107639,1.100694,1.538299,25.850335,18.262546,
09/30/2007,290.802699,300.0,290.0,,5.303448,2.924138,2.568966,3.36,3.36,2.2,3.24,3.24,2.12,0.0,3.093103,2.041379,2.125152,29.236317,21.715754,
03/31/2008,318.217122,321.0,317.0,,9.810726,5.299685,4.84858,3.62,3.62,3.71,3.58,3.58,3.67,0.0,4.675079,2.249211,4.924311,43.325764,16.853273,
06/30/2008,319.044814,321.0,318.0,,9.754717,4.726415,4.264151,3.34,3.34,3.38,3.31,3.31,3.33,0.0,3.179245,1.858491,3.059131,46.905636,20.73063,
09/30/2008,319.06882,321.0,319.0,,10.00627,4.943574,4.338558,3.47,3.47,3.42,3.44,3.44,3.39,0.0,3.981191,2.369906,3.826761,50.380981,24.223614,
12/31/2008,321.223882,320.0,319.0,,10.250784,5.23511,4.410658,2.36,2.36,3.57,2.35,2.35,3.55,0.0,3.749216,2.153605,4.034569,53.433138,27.989824,
03/31/2009,320.004924,320.0,319.0,,9.774295,4.92163,4.134796,2.94,2.94,3.411442,2.93,2.93,3.387031,0.0,4.517241,2.297806,4.418682,56.624129,31.20577,
06/30/2009,320.953074,321.0,320.0,,9.00625,4.39375,3.503125,2.5,2.5,2.675781,2.49,2.49,2.662118,0.0,4.925,1.965625,3.368094,59.142602,33.799334,
09/30/2009,321.139451,322.0,321.0,,8.794393,3.943925,2.981308,2.2,2.2,2.588162,2.19,2.19,2.577578,0.0,4.380062,2.697819,3.31943,61.365864,35.713457,
12/31/2009,321.223882,322.0,321.0,,8.514019,4.17757,3.124611,2.24,2.24,2.181464,2.24,2.24,2.169348,0.0,3.660436,0.990654,3.636093,63.980299,38.266146,
03/31/2010,320.950624,322.0,321.0,,8.034268,3.996885,2.934579,2.1,2.09,2.18785,2.09,2.08,2.164783,0.0,3.65109,2.501558,4.94157,66.047543,40.710312,
06/30/2010,318.916207,320.0,319.0,,7.77116,4.115987,2.974922,2.23,2.2,1.694671,2.22,2.2,1.68,0.0,3.978056,3.037618,9.05567,64.982586,39.289317,
09/30/2010,319.017904,319.0,319.0,,7.15047,3.131661,1.987461,1.15,1.1,1.189498,1.15,1.1,1.189185,0.0,2.222571,1.282132,14.5321,65.939873,40.138813,
12/31/2010,319.080678,319.0,319.0,,6.667712,-0.962382,-2.094044,-2.49,-2.51,0.624503,-2.49,-2.51,0.624503,0.0,2.495298,1.172414,10.636808,67.014399,41.202746,
03/31/2011,319.538901,320.0,319.0,,6.721003,2.244514,1.166144,0.96,0.42,0.58605,0.96,0.42,0.585469,0.0,1.222571,0.470219,11.92969,67.941649,42.492479,
06/30/2011,319.639362,320.0,320.0,,7.29375,2.2,1.109375,0.39,0.38,0.502031,0.39,0.38,0.500781,0.79,1.0625,0.146875,10.602574,65.339262,39.89809,
09/30/2011,319.853371,320.0,320.0,,6.221875,1.771875,0.93125,-0.1,-0.08,0.107031,-0.1,-0.08,0.107031,0.79,1.5375,1.15,10.273457,65.101706,39.677556,
12/31/2011,349.805793,329.0,329.0,,6.483283,-16.820669,-17.662614,-18.76,-18.67,0.334347,-18.76,-18.67,0.317842,0.79,1.832827,0.796353,11.483515,44.701947,35.239554,
03/31/2012,350.500518,350.0,350.0,,6.028571,1.842857,1.06,0.03,0.42,0.807429,0.03,0.42,0.807429,0.0,1.542857,0.862857,11.360896,44.901503,36.094098,
06/30/2012,359.284907,353.0,353.0,,6.597734,0.356941,-0.402266,-0.86,-0.86,0.876912,-0.86,-0.86,0.876912,0.0,1.300283,0.713881,11.033027,43.483597,34.85813,
09/30/2012,359.418883,359.0,359.0,,6.771588,3.013928,2.259053,-1.06,1.49,1.409471,-1.06,1.49,1.40922,0.0,2.189415,1.629526,16.696396,42.490811,34.180174,
12/31/2012,359.505251,360.0,359.0,,6.479109,2.253482,1.506964,1.26,1.19,0.926462,1.26,1.19,0.916667,0.0,2.571031,0.740947,14.280737,43.7963,35.48766,
03/31/2013,360.340164,360.0,360.0,,6.066667,2.069444,1.330556,0.88,0.89,1.045278,0.88,0.89,1.038056,0.0,0.294444,-1.061111,10.237549,44.538471,36.249082,
06/30/2013,360.384335,360.0,360.0,,6.566667,2.455556,1.680556,0.84,0.87,1.0425,0.84,0.87,1.029167,0.56,1.155556,0.177778,9.315055,43.514655,35.226281,
09/30/2013,360.55909,361.0,360.0,,6.802778,2.794444,2.05,1.5,1.48,1.405694,1.5,1.48,1.391496,0.56,1.730556,0.480556,9.870782,45.135459,36.851103,
12/31/2013,370.967382,361.0,361.0,,6.238227,1.880886,1.102493,0.64,0.6,0.731884,0.64,0.6,0.728006,0.56,2.141274,-0.484765,8.742008,44.993174,36.822644,
03/31/2014,361.984609,361.0,361.0,,6.479224,2.606648,1.861496,1.25,1.27,1.445845,1.25,1.27,1.430526,0.56,0.376731,-2.756233,5.489184,47.435718,39.183986,
06/30/2014,362.144405,362.0,362.0,,6.430939,2.89779,2.11326,1.61,1.63,1.621547,1.61,1.63,1.610663,0.75,1.756906,0.787293,5.845734,46.290926,38.042835,
09/30/2014,362.234868,362.0,362.0,,6.270718,-5.20442,-5.98895,-6.12,-6.12,0.972376,-6.12,-6.12,0.972376,0.75,2.436464,1.428177,7.931318,40.321905,37.522616,
12/31/2014,370.967382,362.0,362.0,,6.179558,-0.994475,-1.787293,-2.04,-2.03,0.950276,-2.04,-2.03,0.950276,0.75,1.563536,0.685083,7.10305,36.852297,36.852297,
03/31/2015,363.346369,363.0,363.0,,5.628099,-0.082645,-0.884298,-1.33,-1.32,1.096419,-1.33,-1.32,1.096419,0.75,1.449036,0.895317,7.381387,36.331724,,
06/30/2015,363.54829,363.0,363.0,,5.190083,2.071625,1.393939,0.93,0.93,1.115702,0.93,0.93,1.114573,0.15,3.61157,3.07438,10.367261,36.693887,,
09/30/2015,362.27953,364.0,364.0,,4.417582,1.788462,1.222527,0.88,0.87,0.870879,0.88,0.87,0.867253,0.15,1.78022,-0.802198,6.166509,37.871309,,
12/31/2015,364.035397,364.0,364.0,,5.085165,2.645604,2.06044,1.66,1.66,1.686813,1.66,1.66,1.668242,0.0,2.637363,0.81044,6.425199,39.825797,39.78734,
03/31/2016,365.081912,364.0,364.0,,3.684066,1.760989,1.164835,0.64,0.64,0.656593,0.64,0.64,0.656484,0.0,1.733516,0.722527,7.050473,40.423805,,
06/30/2016,365.389695,365.0,365.0,,2.575342,1.063014,0.446575,0.22,0.22,0.175342,0.22,0.22,0.175342,0.0,0.567123,-0.687671,5.892339,40.605962,,
09/30/2016,365.461629,365.0,365.0,,2.482192,1.243836,0.627397,0.59,0.59,0.232877,0.59,0.59,0.232877,0.0,1.205479,0.531507,6.933696,41.273827,,
12/31/2016,389.366241,373.0,373.0,,2.61126,1.453083,0.847185,0.635389,0.635389,0.683646,0.635389,0.635389,0.683646,0.0,1.697051,0.967828,7.838379,40.583898,40.583898,
03/31/2017,390.930439,390.0,390.0,,2.012821,1.028205,0.433333,0.23,0.23,0.005128,0.23,0.23,0.005128,0.0,0.464103,0.151282,7.911894,40.672197,40.672197,
06/30/2017,391.18143,391.0,391.0,,1.920716,-3.388747,-3.948849,-4.32,-4.32,0.002558,-4.32,-4.32,0.002558,0.0,0.928389,0.580563,6.316762,36.313073,36.313073,
09/30/2017,391.211739,391.0,391.0,,2.066496,-2.424552,-2.928389,-3.62,-3.62,0.163683,-3.62,-3.62,0.163683,0.0,0.976982,0.649616,6.945088,32.716298,32.716298,
12/31/2017,391.237308,392.0,392.0,,1.604592,0.507653,0.038265,-0.278061,-0.278061,-0.232143,-0.278061,-0.278061,-0.232143,0.0,0.622449,0.339286,7.588745,32.479009,32.479009,
03/31/2018,461.628198,438.0,438.0,,1.515982,0.452055,-0.009132,-0.48,-0.48,-0.48,-0.48,-0.48,-0.48,0.0,0.23516,0.114155,6.199795,29.079679,26.755298,
06/30/2018,461.862248,462.0,462.0,,1.709957,-1.528139,-1.984848,-2.46,-2.46,-0.038961,-2.46,-2.46,-0.042251,0.0,0.006494,-0.077922,5.42586,26.759061,25.49678,
09/30/2018,461.903386,463.0,463.0,,1.762419,-0.224622,-0.658747,-0.88,-0.88,0.064795,-0.88,-0.88,0.064795,0.0,0.462203,0.358531,4.994551,25.897191,24.697806,
12/31/2018,609.649291,509.0,509.0,,1.469548,0.571709,-0.049116,-0.475442,-0.475442,-0.335953,-0.475442,-0.475442,-0.335953,0.0,0.467583,0.381139,3.543021,21.499246,20.195217,
03/31/2019,611.614353,611.0,611.0,,1.234043,0.417349,-0.021277,-0.28,-0.28,-0.296236,-0.28,-0.28,-0.296367,0.0,-0.08347,-0.168576,3.083642,21.166933,19.94067,
06/30/2019,611.741184,612.0,612.0,,1.238562,0.47549,-0.044118,-0.34,-0.34,-0.341503,-0.34,-0.34,-0.341634,0.0,0.25,0.109477,3.666583,20.838878,19.689699,
09/30/2019,611.849468,613.0,613.0,,1.278956,-0.556281,-0.990212,-1.35,-1.35,-0.381729,-1.35,-1.35,-0.385889,0.0,0.14845,-0.04894,3.115145,19.503163,18.432638,
12/31/2019,611.871374,612.0,612.0,,1.294118,0.53268,-0.120915,-0.083333,-0.083333,-0.429739,-0.083333,-0.083333,-0.429739,0.0,0.240196,0.031046,2.925451,19.386427,18.392755,
03/31/2020,614.545303,614.0,614.0,,1.236156,0.089577,-0.324104,-0.64,-0.64,-0.303274,-0.64,-0.64,-0.304837,0.0,-0.078176,-0.252443,2.413166,18.662579,17.751336,
06/30/2020,614.612545,615.0,615.0,,1.512195,-0.02439,-0.429268,-0.81,-0.81,-0.002911,-0.81,-0.81,-0.00478,0.0,0.141463,0.066667,2.458459,17.866541,17.041631,
09/30/2020,,,,,,,,-0.204,-0.204,-0.19,-0.204,-0.204,-0.19,,0.135,,,18.275,,
12/31/2020,,,,,,,,-0.3,-0.3,-0.254,-0.3,-0.3,-0.254,,0.135,,,17.935,,
