Date,Revenue,Consensus Estimate,Comparable Actual,Revenue Surprise %,GAAP Actual,Adjusted Actual,Earnings Per Share,EPS Surprise %,EBIT,EBIT Surprise %,EBITDA,EBITDA Surprise %,Gross Margin %,Gross Margin Surprise %,Pretax Income (Loss),Pretax Income (Loss) Surprise %,Net Income,Net Income Surprise %,Source: Bloomberg
03/31/1998,,,34.799999,,34.799999,34.799999,,,,,,,,,,,,,
06/30/1998,,,25.1,,25.1,25.1,,,,,,,,,,,,,
09/30/1998,,,47.955002,,46.200001,46.200001,,,,,,,,,,,,,
12/31/1998,,,0.0,,47.599998,47.599998,,,,,,,,,,,,,
03/31/1999,,,45.599998,,43.400002,43.400002,,,,,,,,,,,,,
06/30/1999,,,54.5,,54.5,54.5,,,,,,,,,,,,,
09/30/1999,,,54.299999,,52.5,52.5,,,,,,,,,,,,,
12/31/1999,,,52.5,,50.400002,50.400002,,,,,,,,,,,,,
03/31/2000,,,50.200001,,50.200001,50.200001,,,,,,,,,,,,,
06/30/2000,,,59.200001,,59.200001,59.200001,,,,,,,,,,,,,
09/30/2000,,,59.400002,,55.0,55.0,,-2.29870689655173,,,,,,,,,,,
12/31/2000,,,56.599998,,56.599998,56.599998,,3.28638497652582,,,,,,,,,,,
03/31/2001,,,49.599998,,49.6,49.6,,-1.86142131979696,,,,,,,,,,,
06/30/2001,,,58.099998,,58.1,58.1,,-0.584649122807018,,,,,,,,,,,
09/30/2001,,,56.700001,,56.7,56.7,,-2.65486725663717,,,,,,,,,,,
12/31/2001,,,47.200001,,-38.9,-38.9,,-4.27333333333334,,,,,,,,,,,
03/31/2002,,,54.900002,,54.9,54.9,,7.20251256281406,,,,,,,,,,,
06/30/2002,,,61.0,,61.0,61.0,,2.12765957446809,,,,,,,,,,,
09/30/2002,,,62.200001,,62.2,62.2,,2.15040322580644,,,,,,,,,,,
12/31/2002,,,58.0,,61.5,61.5,,-0.285042735042735,,,,,,,,,,,
03/31/2003,,,54.599998,,16.8,16.8,,0.917431192660551,,,,,,,,,,,
06/30/2003,,,60.400002,,60.4,60.4,,-1.3332,,,,,,,,,,,
09/30/2003,,,44.700001,,44.7,44.7,,-3.28134715025907,,,,,,,,,,,
12/31/2003,,,55.700001,,55.700001,55.700001,,-0.285042735042735,,,,,,,,,,,
03/31/2004,,,56.900002,,56.900002,56.900002,,7.62331838565022,,,,,,,,,,,
06/30/2004,,,60.900002,,60.900002,60.900002,,-0.383141762452108,,,,,,,,,,,
09/30/2004,,,62.5,,62.5,62.5,,-0.243430656934317,,,,,,,,,,,
12/31/2004,,,57.599998,,57.6,57.6,,-4.39263565891473,,,,,,,,,,,
03/31/2005,,,65.5,,65.5,65.5,,11.979296875,,,,,,,,,,,
06/30/2005,,,64.400002,,64.4,64.4,,1.1493103448276,,,,,,,,,,,
09/30/2005,,,63.799999,,63.8,63.8,,1.69491525423729,,,,,,,,,,,
12/31/2005,,58.0,61.299999,,60.0,60.0,,5.13727598566308,,,,,,,,,,5.68965344827586,
03/31/2006,,62.975,64.599998,3.36370007007709,64.6,64.6,,1.88272425249171,,,,,,,,,,2.5803858674077,
06/30/2006,,67.5,70.800003,2.11256843624249,70.8,70.8,,5.69115853658536,,,,,,,,,,4.88889333333334,
09/30/2006,,67.175,72.199997,1.43040927835051,77.3,77.3,,6.50887573964496,,,,,,,,,,7.48045701525865,
12/31/2006,,65.333,66.900002,1.08179577836412,66.9,66.9,,2.7190332326284,,,,,,,,,,2.39848468614636,
03/31/2007,,68.8,71.599998,-0.786223072905808,53.9,53.9,,10.1190476190476,,,,,,,,,,4.06976453488372,
06/30/2007,,75.975,82.199997,0.049507920792083,87.2,87.2,,7.41687979539641,,,,,,,,,,8.1934807502468,
09/30/2007,,84.4,87.300003,-1.40807030330899,67.0,67.0,,6.97674418604652,,,,,,,,,,3.43602251184834,
12/31/2007,,77.14,76.454002,0.342121252612558,82.1,82.1,,0.490196078431373,,,,,,,,,,-0.889289603318639,
03/31/2008,,75.06,76.099998,-0.506531557126387,76.1,76.1,,0.737100737100738,,,,,,,,,,1.38555555555555,
06/30/2008,,84.48,84.099998,-0.261189127686172,40.7,40.7,,0.0,,,,,,,,,,-0.449812973484854,
09/30/2008,,210.0,90.699997,0.887056093928991,88.7,88.7,,1.2396694214876,,,,,,,,,,-56.8095252380952,
12/31/2008,,181.0,78.708,-45.2650088409941,-131.7,-131.7,,-26.3392857142857,,,,,,,,,,-56.5149171270718,
03/31/2009,,115.333,133.634,-2.69952735722849,113.0,141.87,,16.4771523178808,,-5.9501829042477,,-4.67661691542289,,,,-15.5616791596617,,15.8679649363148,
06/30/2009,,140.75,146.9,-2.70766622716142,225.9,146.9,,7.73480662983426,,31.1586901763224,,14.7981366459627,,0.0433226600985245,,50.4045153699668,,4.36944937833038,
09/30/2009,,149.0,149.3,-0.456072971675468,120.5,149.3,,5.40540540540541,,-1.8020304568528,,-0.0987006750003391,,2.37745098039217,,-2.82868525896414,,0.201342281879202,
12/31/2009,,127.6,126.0,-2.30399341590495,35.6,126.0,,-1.78571428571429,,-9.26130099228225,,-2.84109679550709,,31.140538231525,,-17.5090252707581,,-1.2539184952978,
03/31/2010,,137.0,157.6,-1.18240898479399,65.0,157.6,,9.62566844919786,,4.12342981977062,,5.09321362735239,,2.26829268292683,,20.1644100580271,,15.036496350365,
06/30/2010,,162.4,166.4,0.575740629065638,159.7,166.4,,1.41509433962264,,-0.0498753117206954,,1.95768866435112,,-0.14598540145986,,-1.6196542311192,,2.46305418719212,
09/30/2010,,174.0,172.8,-2.34200146555682,134.2,172.8,,-1.31578947368421,,-13.14825753101,,-2.9060874885286,,-2.1149347674054,,-16.4093959731544,,-0.689655172413787,
12/31/2010,,159.833,160.8,-0.398003819850905,147.6,160.8,,1.20481927710843,,-0.307219662058383,,0.1027318892443,,1.33496631965706,,0.260029717682017,,0.60500647550882,
03/31/2011,,154.0,159.7,-0.597658538362143,158.2,159.7,,1.94174757281554,,-1.25984251968504,,-0.116279069767449,,-0.935528319675105,,-1.28205128205127,,3.70129870129869,
06/30/2011,,166.0,184.9,-0.936841420611089,46.5,184.9,,2.94117647058824,,-5.06389020350214,,-0.658499234303209,,0.0319669510905602,,0.206753962784295,,11.3855421686747,
09/30/2011,,188.6,198.5,0.359238840476605,193.5,198.5,,6.42570281124499,,-4.66744457409568,,-1.61269040075348,,-0.894060012247402,,-4.88188976377953,,5.24920466595971,
12/31/2011,,163.25,195.42,0.30708271421496,191.0,195.3,,18.5682326621924,,-3.85422128998427,,-0.527356624917589,,0.173697270471465,,-4.26695842450765,,19.7059724349158,
03/31/2012,,151.0,140.8,0.5200941311051,142.9,140.8,,-9.30787589498806,,-7.13068181818182,,-6.18469834850016,,-3.25597420815593,,-10.1851851851852,,-6.75496688741721,
06/30/2012,,163.6,218.4,-1.48329648000957,149.2,216.6,,20.6543967280164,,-0.257731958762887,,0.24600147312037,,0.365930599369093,,8.1346124334218,,33.4963325183374,
09/30/2012,,175.2,170.7,-2.42532813291014,152.7,174.5,,-2.69151138716356,,-19.2464697320324,,-8.87907736285704,,-6.06626944305067,,-24.0650466760771,,-2.56849315068493,
12/31/2012,,153.8,133.4,1.47136734455991,127.0,132.4,,-13.953488372093,,-19.5168783250147,,-7.67308923324321,,-6.38519821542385,,-22.9289328115262,,-13.2639791937581,
03/31/2013,,147.4,167.4,-0.241783648557187,124.6,128.7,,12.4694376528117,,-16.8587022437841,,1.17039917258144,,0.362131401965858,,-21.3454976565123,,13.5685210312076,
06/30/2013,,177.0,156.7,0.797136038186149,56.3,123.0,,-13.8276553106212,,-52.4409448818898,,-5.83085143728878,,-15.1863195507912,,-68.6628929566938,,-11.4689265536723,
09/30/2013,,180.2,198.2,2.09869540555871,171.4,172.3,,11.5618661257607,,-8.3506763787721,,3.2925094317941,,0.287192622950813,,-10.3471749489449,,9.9889012208657,
12/31/2013,,168.714,193.1,1.2338092086603,236.6,193.165,,14.2241379310345,,10.0,,7.35215681597577,,3.46777002583978,,12.5601140685776,,14.4540464928814,
03/31/2014,,161.0,154.3,-0.266923169412056,132.5,154.3,,-3.15315315315316,,-14.0972068261991,,-2.69402790521303,,-6.05101618122977,,-3.59478968016641,,-4.16149068322981,
06/30/2014,,175.625,181.8,1.46773236739957,179.0,180.9,,4.50819672131148,,5.96439490631004,,1.45439935717155,,0.05343260188088,,1.46844139115499,,3.51601423487545,
09/30/2014,,188.714,186.0,0.985727029437998,185.8,185.8,,-1.32827324478178,,-5.22924411400248,,-1.83372991808705,,-1.26491811734364,,-5.52715654952077,,-1.43815509183208,
12/31/2014,,171.5,178.4,0.169079211539875,50.3,178.7,,3.95010395010395,,-49.9346271595904,,0.167426822931699,,-18.723668592437,,1.99736031676199,,4.02332361516035,
03/31/2015,,153.143,172.4,1.53396127069561,172.4,172.4,,12.6436781609195,,9.16544655929722,,4.03884208304229,,7.39069022163573,,12.3236183602726,,12.5745218521251,
06/30/2015,,180.125,190.3,0.200366051696362,190.3,190.3,,5.88235294117648,,4.65455550607349,,0.451479388884369,,0.228980759230363,,0.150880134115671,,5.64885496183207,
09/30/2015,,185.75,186.0,-0.193991542036896,215.0,184.7,,-1.88679245283019,,-1.81010288821746,,6.70174779176847,,5.30829710144927,,-2.25832656376929,,0.134589502018843,
12/31/2015,,173.0,175.0,-0.278672820691461,172.3,172.3,,1.41987829614605,,-5.22104071740056,,-2.43466928971061,,0.332840850181447,,-6.48530057042563,,1.15606936416185,
03/31/2016,,164.7,167.3,0.66854190888794,156.7,163.315,,1.26582278481013,,-0.616016427104723,,0.716762261783144,,-0.908995375128481,,-0.901099223645768,,1.57862780813602,
06/30/2016,,190.6,189.5,-0.669541462342793,180.8,188.59,,0.0,,1.43045447568277,,-1.84251497623393,,-0.0545452198383804,,-2.38055007380438,,-0.577124868835254,
09/30/2016,,199.5,212.6,0.0355416194024118,85.6,213.9,,6.89655172413794,,0.354107648725212,,1.13508612873981,,-1.44280330999363,,2.80669903681546,,6.56641604010025,
12/31/2016,,188.0,193.8,0.971903913080387,189.5,193.735,,3.44827586206895,,-1.07429840851109,,-0.494382022471903,,-1.45097370109044,,-3.456,,3.08510638297873,
03/31/2017,,180.375,187.3,1.51887993211711,187.8,186.6,,3.77358490566038,,-0.620796689084334,,-0.652009097801358,,-1.74274514877101,,-2.7671913835957,,3.83922383922385,
06/30/2017,,202.0,205.9,2.14253951570522,202.9,205.9,,2.0066889632107,,5.85331452750353,,0.632968019280174,,-0.615826424870473,,1.18654156185599,,1.93069306930693,
09/30/2017,,214.875,225.2,0.961538461538465,223.2,225.2,,5.84518167456557,,-2.25022502250225,,-0.827336787822447,,-1.39314328350528,,-3.23303009097271,,4.80511925538103,
12/31/2017,,193.429,203.8,1.74431891120861,664.4,203.8,,7.01754385964913,,-0.588235294117642,,0.640425928791111,,-0.157433986202521,,-6.81571989148793,,5.36165724891304,
03/31/2018,,226.667,246.3,0.487888880885736,237.7,246.3,,8.8235294117647,,3.52209085252022,,0.452819164475609,,1.85658482431003,,4.13570274636511,,8.66160490940455,
06/30/2018,,246.857,239.6,-0.290084649274781,234.9,239.6,,-2.40641711229947,,-3.80687093779017,,-3.99717319599962,,-3.96398200514139,,-5.51176439235565,,-2.93975864569366,
09/30/2018,,266.571,269.0,-0.162459263582866,263.4,269.0,,0.737100737100738,,-0.713966979027217,,-1.71491844750135,,0.487052930895062,,-2.06820594630499,,0.911201893679348,
12/31/2018,,254.714,260.0,-0.541635315660399,301.0,260.3,,2.56410256410257,,7.8641228478362,,-2.96828456281759,,3.11362443826792,,-12.1188652897925,,2.0752687327748,
03/31/2019,,234.25,237.2,-1.04407195673272,234.2,237.2,,1.52990264255911,,4.98084291187738,,0.582943504857856,,0.936215321767454,,-1.30841121495327,,1.25933831376734,
06/30/2019,,249.625,254.1,-0.47666379654805,251.5,254.1,,2.33160621761658,,3.12215132178669,,0.0965517241379373,,0.749524593647075,,-1.76451279988881,,1.79268903355032,
09/30/2019,,274.8,291.7,-1.67865796512821,298.3,291.7,,7.56501182033098,,-3.65853658536586,,-3.20897469345161,,-0.599437780138363,,-2.45974648852347,,6.14992721979621,
12/31/2019,,284.6,291.7,-2.03235247821991,289.3,291.7,,2.47747747747748,,-0.459518599562368,,-0.578186385437949,,3.95661816201075,,2.93315191586766,,2.49472944483484,
03/31/2020,,246.444,246.3,2.156,246.3,244.0,,2.25763612217796,,2.34957020057307,,2.9507907184763,,1.91514027900222,,-0.38347272654353,,-0.0584311243122077,
06/30/2020,,183.455,258.2,2.63319546597453,225.5,258.2,,37.9897785349234,,32.5892857142857,,15.027394265108,,8.46146828609986,,46.6313490084109,,40.7429614891935,
09/30/2020,,259.273,,,,,,,,,,,,,,,,,
12/31/2020,,243.273,,,,,,,,,,,,,,,,,
