Date,Revenue,Consensus Estimate,Comparable Actual,Revenue Surprise %,GAAP Actual,Adjusted Actual,Earnings Per Share,EPS Surprise %,EBIT,EBIT Surprise %,EBITDA,Gross Margin %,Gross Margin Surprise %,Pretax Income (Loss),Pretax Income (Loss) Surprise %,Net Income,Net Income Surprise %,Source: Bloomberg
12/31/1992,,,0.86,,0.86,0.86,,,,,,,,,,,,
04/03/1993,,,1.008,,0.184,0.184,,,,,,,,,,,,
07/03/1993,,,1.802,,1.802,1.802,,,,,,,,,,,,
09/30/1993,,,0.0,,2.251,2.251,,,,,,,,,,,,
01/01/1994,,,2.673,,2.673,2.673,,,,,,,,,,,,
04/02/1994,,,2.609,,2.609,2.609,,,,,,,,,,,,
07/02/1994,,,2.769,,2.769,2.769,,,,,,,,,,,,
09/30/1994,,,0.0,,-11.16,-11.16,,,,,,,,,,,,
12/31/1994,,,3.33,,3.33,3.33,,,,,,,,,,,,
04/01/1995,,,3.876,,3.876,3.876,,,,,,,,,,,,
07/01/1995,,,4.548,,4.548,4.548,,,,,,,,,,,,
09/30/1995,,,0.0,,5.2,5.2,,,,,,,,,,,,
12/30/1995,,,5.687,,5.687,5.687,,,,,,,,,,,,
03/30/1996,,,6.605,,6.605,6.605,,,,,,,,,,,,
06/30/1996,,,7.452,,7.452,7.452,,,,,,,,,,,,
09/30/1996,,,0.0,,8.351,8.351,,,,,,,,,,,,
12/28/1996,,,11.813,,11.813,11.813,,,,,,,,,,,,
03/29/1997,,,9.913,,10.681,10.681,,,,,,,,,,,,
06/28/1997,,,13.419,,13.419,13.419,,,,,,,,,,,,
09/30/1997,,,5.729,,-5.388,-5.388,,,,,,,,,,,,
12/27/1997,,,14.779,,15.675,15.675,,,,,,,,,,,,
03/28/1998,,,22.563999,,22.563999,22.563999,,,,,,,,,,,,
06/27/1998,,,24.761,,24.761,24.761,,,,,,,,,,,,
09/30/1998,,,0.0,,22.038,22.038,,,,,,,,,,,,
01/02/1999,,,27.635,,-0.562,-0.562,,,,,,,,,,,,
04/03/1999,,,28.771999,,28.771999,28.771999,,,,,,,,,,,,
07/03/1999,,,39.465,,31.358,31.358,,,,,,,,,,,,
10/02/1999,,,34.129002,,34.129002,34.129002,,,,,,,,,,,,
01/01/2000,,,42.792,,42.792,42.792,,,,,,,,,,,,
04/01/2000,,,58.991001,,43.91,43.91,,,,,,,,,,,,
07/01/2000,,,68.982002,,1.821,1.821,,,,,,,,,,,,
09/30/2000,,,97.117996,,92.158997,92.158997,,,,,,,,,,,,
12/30/2000,,,115.950996,,110.692,110.692,,,,,,,,,,,,
03/31/2001,,,114.889999,,62.245,62.245,,,,,,,,,,,,
06/30/2001,,,31.931999,,30.097,30.097,,,,,,,,,,,,
09/29/2001,,,11.894,,-167.847,-167.847,,,,,,,,,,,,
12/29/2001,,,3.512,,-45.223,-45.223,,,,,,,,,,,,
03/30/2002,,,0.132,,-39.313999,-39.313999,,,,,,,,,,,,
06/29/2002,,,2.956,,-4.994,-4.994,,,,,,,,,,,,
09/28/2002,,,3.17,,-2607.222,-2607.222,,,,,,,,,,,,
12/28/2002,,,6.773,,-7.509,-7.509,,,,,,,,,,,,
03/29/2003,,,1.119,,-31.820999,-31.820999,,,,,,,,,,,,
06/28/2003,,,6.418,,-12.174,-12.174,,,,,,,,,,,,
09/27/2003,,,13.961,,-85.653,-85.653,,,,,,,,,,,,
12/27/2003,,,26.149,,15.768,15.768,,,,,,,,,,,,
03/27/2004,,,26.618999,,-43.855999,-43.855999,,,,,,,,,,,,
06/26/2004,,,34.388,,11.351,11.351,,,,,,,,,,,,
10/02/2004,,,35.935001,,5.338,5.338,,,,,,,,,,,,
01/01/2005,,,45.692001,,24.365999,24.365999,,,,,,,,,,,,
04/02/2005,,27.6,29.299999,,-1035.508057,-1035.508057,,620.0,,,,,,,,,6.15941666666666,
07/02/2005,,34.65,24.364,,-4.116,-4.116,,400.0,,,,,,,,,-29.6854256854257,
10/01/2005,,24.533,30.407,,-7.991,-7.991,,500.0,,,,,,,,,23.9432600986426,
12/31/2005,,37.36,43.151901,,17.393999,17.393999,,616.417910447761,,,,,,,,,15.5029470021413,
04/01/2006,,30.3,30.459999,-0.115293954707092,-76.061996,-76.061996,,0.558659217877095,,,,,,,,,0.528049504950492,
07/01/2006,,34.78,25.742001,-0.0332286621382188,-54.801998,-54.801998,,-28.2296650717703,,,,,,,,,-25.9861960897067,
09/30/2006,,24.032,-3.192,-1.27685796861347,-28.087,-28.087,,,,,,,,,,,,
12/30/2006,,33.5,34.652,-0.346856475003067,28.249001,28.249001,,12.6005361930295,,,,,,,,,3.43880597014926,
03/31/2007,,19.2,0.793,-0.111910740204579,-26.132,-26.132,,,,,,,,,,,-95.8697916666667,
06/30/2007,,9.89,-14.393,-4.54826782777744,-27.64,-27.64,,,,,,,,,,,,
09/29/2007,,-0.934,10.174,-0.7264580089153,-1109.134,-1109.134,,,,,,,,,,,,
12/29/2007,,15.12,21.038,-1.0343820817379,7.916,7.916,,33.3333333333333,,,,,,,,,39.1402116402116,
03/29/2008,,18.633,28.176001,-1.88726692853134,-24.414,-24.414,,25.0,,,,,,,,,51.2155906187946,
06/28/2008,,18.84,28.132999,3.30045591616353,15.328,15.328,,35.1351351351351,,,,,,,,,49.3258970276009,
09/27/2008,,27.233,24.027,-8.42942490862181,-485.179,-485.179,,-1.63934426229508,,,,,,,,,-11.7724819153233,
12/27/2008,,4.379,-0.768,-4.39157805389857,-25.673,-20.447,,,,-0.0705444750849691,,,,,15.343099460293,,,
03/28/2009,,-0.818,-30.949,-7.5262984814779,-37.938,-33.0838,,,,-56.4152380952381,,,,,-1547.67441860465,,-3683.49633251834,
06/27/2009,,-15.467,-7.862,0.261194029850754,-41.526,-27.87335,,37.8238341968912,,18.4254143646409,,,7.05882352941176,,27.9342915811088,,49.169198939678,
10/03/2009,,-11.1,0.094,7.42875097295714,-32.685,-32.685,,,,91.6615811373093,,,4.70588235294118,,89.2556096402707,,,
01/02/2010,,9.1,18.468,5.23594945719878,59.382,23.1137,,78.2945736434109,,20.9432513437864,,,4.79622955364568,,400.685483870968,,102.945054945055,
04/03/2010,,19.883,24.037,1.26299390082206,10.091,12.93215,,15.0793650793651,,4.09930501356525,,,1.63763971926177,,21.7431674135077,,20.8922194839813,
07/03/2010,,27.433,26.617,1.6225389595691,21.563,17.382,,-5.04451038575668,,5.44788621357948,,,0.506329113924051,,4.29839725746432,,-2.97451973900047,
10/02/2010,,31.64,37.805,0.702147971360384,31.399,36.3752,,20.1044386422977,,1.52875444105377,,,-2.62405173485885,,8.75427454811921,,19.4848293299621,
01/01/2011,,33.783,37.281,0.705779016234557,28.359,30.63205,,8.9588377723971,,3.36417910447762,,,-3.77708978328173,,8.67286973555336,,10.3543202202291,
04/02/2011,,24.6,24.928,-0.440482233502539,13.065,15.7378,,1.01010101010101,,-3.3695652173913,,,-2.40397177946172,,-3.5909090909091,,1.33333333333333,
07/02/2011,,28.4,35.126,1.70638553536183,9.405,-3.4846,,20.6896551724138,,12.0686680469289,,,3.23415265200517,,-21.3555691554468,,23.6830985915493,
10/01/2011,,34.7,38.67,1.55161248232859,18.088,27.24585,,14.6341463414634,,15.585631457057,,,0.15368852459017,,15.281738121073,,11.4409221902017,
12/31/2011,,25.213,22.799,-3.07941423133991,8.575,11.89455,,-9.3851132686084,,-3.78544031763777,,,-2.4390243902439,,-12.20294599018,,-9.57442589140523,
03/31/2012,,22.286,22.528,-2.97150519700056,-1.439,9.2535,,-1.45985401459854,,-6.55265901981231,,,1.22404070966855,,-25.6326530612245,,1.08588351431391,
06/30/2012,,23.063,21.903,4.16645095617456,8.948,15.4824,,-7.8014184397163,,-0.424216440643551,,,-6.45514223194749,,-20.6719964631765,,-5.02970125308936,
09/29/2012,,27.983,38.039,-0.530308758664142,164.15,182.2278,,35.2941176470588,,18.1077601671486,,,4.93565266581813,,73.7981366459627,,35.9361040631812,
12/29/2012,,28.783,24.239,-2.11523981011623,0.621,15.34785,,-15.4518950437318,,-10.5356371490281,,,-5.64987475647091,,-58.2763799074443,,-15.7870965500469,
03/30/2013,,24.333,25.285,0.273362598770855,21.191,15.4797,,6.38297872340426,,0.065053669277162,,,0.662625123361056,,36.6814764183185,,3.91238236140222,
06/29/2013,,29.257,33.981,0.869630005926675,18.738,24.72775,,13.960113960114,,15.1795845587384,,,8.06675938803893,,43.959479015919,,16.1465632156407,
09/28/2013,,34.967,39.88,-0.0781281115167545,38.801,40.05055,,13.8613861386139,,11.6174261392088,,,2.73064687168611,,34.5462008354057,,14.0503903680613,
12/28/2013,,33.143,35.486,-0.614235768762816,23.101,25.5086,,7.61154855643044,,0.716356107660463,,,2.28624289678869,,6.66251866600299,,7.06936608031861,
03/29/2014,,34.4,38.279,1.85000368993765,20.84,21.9931,,12.5319693094629,,8.35252165053489,,,3.98897396630934,,11.7059106198943,,11.2761627906977,
06/28/2014,,40.614,45.291,3.27166226159013,20.721,26.6906,,11.8143459915612,,6.49541284403669,,,-0.448542237727381,,-5.72006472491909,,11.5157334909145,
09/27/2014,,46.86,53.414,3.36668199233717,132.503,137.4209,,13.3828996282528,,12.7354685646501,,,-2.1425886480391,,7.03987184051264,,13.9863422962015,
12/27/2014,,50.32,53.132,-0.503862469301181,22.656,27.5921,,4.81099656357389,,2.11289719626168,,,-4.47308567096285,,1.8980212833919,,5.58823529411764,
03/28/2015,,45.66,43.363,-4.45473025801408,14.748,15.1016,,-5.30303030303031,,-5.95344970906068,,,-3.13173576771903,,-7.65613519470977,,-5.03066141042487,
06/27/2015,,42.62,45.088,1.14425994032291,24.475,28.3789,,7.9429735234216,,4.66666666666667,,,1.81345239624822,,-26.5123456790124,,5.79070858751761,
10/03/2015,,46.675,47.698,2.32878331154299,315.382,36.0413,,4.20475319926872,,0.761437908496722,,,-6.59130653266332,,1.73071656777727,,2.19175147295127,
01/02/2016,,47.6,46.81,-3.39611762565723,27.138,40.85445,,0.172711571675302,,-2.29303442754204,,,0.450049875311724,,-1.70459616242748,,-1.65966386554622,
04/02/2016,,44.975,49.302,0.963403935330243,30.361,41.4956,,11.1111111111111,,9.14405010438412,,,7.68072335025381,,9.59470949456779,,9.62090050027793,
07/02/2016,,49.025,48.249,0.850187265917593,29.534,40.8001,,5.26315789473685,,-3.53372319688109,,,-5.1639875,,-1.66478995236033,,-1.58286588475267,
10/01/2016,,51.35,55.677,-2.40104288727443,100.805,42.2525,,8.76132930513594,,3.64534231200897,,,0.109010282776346,,7.90950105715284,,8.42648490749756,
12/31/2016,,52.167,57.733,1.48853813246792,44.864,44.18905,,11.6071428571429,,8.13622179005925,,,0.646102564102566,,10.7413627247974,,10.6695803860678,
04/01/2017,,54.467,59.069,-1.34807213018619,31.717,53.13565,,8.88252148997135,,1.52003091588303,,,1.44445425867507,,8.80893105985877,,8.44915269796391,
07/01/2017,,58.675,58.01,-1.76919986224315,36.404,52.4338,,-0.671140939597316,,-3.02038043478261,,,-5.13759006211181,,-5.61973195309902,,-1.13336173838943,
09/30/2017,,59.525,49.771,0.205721137375804,25.848,40.7327,,-15.7894736842105,,-17.7780467142684,,,-10.7920372670808,,-24.9227467811159,,-16.3863922721546,
12/30/2017,,33.8,36.468,0.275862068965515,-154.91,25.2903,,0.0,,-70.9726315789474,,,-6.36056716417911,,-74.2116279069768,,7.89349112426037,
03/31/2018,,33.433,36.986,1.93940684410646,24.632,25.487273,,11.6071428571429,,3.55414012738853,,,1.66450319322739,,-0.826603325415674,,10.6272245984506,
06/30/2018,,41.167,39.912,5.09220515792524,33.963,28.89441,,-3.50877192982455,,-2.39247311827956,,,-5.89898118013301,,-3.7131552917903,,-3.04855831126874,
09/29/2018,,46.467,48.054,1.56075778078485,0.782,39.510295,,1.82370820668693,,0.0757341576506837,,,-2.77871798500071,,-51.2730465320457,,3.41532700626252,
12/29/2018,,50.2,59.168,15.0075164257556,37.952,53.334526,,17.5637393767705,,30.9111440037844,,,-6.07928994082841,,12.4169272034579,,17.8645418326693,
03/30/2019,,52.2,65.046,9.03045372981287,40.885,59.06271,,23.4735413839892,,2.51312335958004,,,-2.71287837837839,,20.228527607362,,24.6091954022989,
06/29/2019,,55.05,59.173,2.68465045592705,42.921,44.681364,,6.49350649350648,,-13.843989769821,,,-1.46844594594595,,8.45277361319339,,7.48955495004542,
09/28/2019,,54.5,60.611,-1.805552672548,19.757,53.508075,,9.51760104302477,,1.82480818414321,,,1.76124,,4.79763663220087,,11.2128440366972,
12/28/2019,,50.6,57.426,3.81782792665727,38.345,50.650778,,13.997113997114,,1.99583333333333,,,-1.47226315789473,,11.5935483870968,,13.4901185770751,
03/28/2020,,41.0,22.779,-1.57487623762377,4.882,20.345496,,-42.1338155515371,,-18.0902777777778,,,-6.54006756756757,,-31.6572580645161,,-44.4414634146341,
06/27/2020,,25.05,59.995,6.2743095696853,44.88,57.88964,,145.714285714286,,79.6943127962085,,,21.0894776119403,,112.804347826087,,139.500998003992,
09/30/2020,,53.75,,,,,,,,,,,,,,,,
12/31/2020,,45.5,,,,,,,,,,,,,,,,
