Date,Basic Shares Outstanding,Diluted Weighted Avg Shares,Basic Weighted Avg Shares,Per Share Data Items,Revenue,EBITDA,Operating Income,Net Income to Common - Basic,Net Income before XO - Basic,Normalized Net Income - Basic,Net Income to Common - Diluted,Net Income before XO - Diluted,Normalized Net Income - Diluted,Dividends,Cash Flow,Free Cash Flow,Cash & Equivalents,Book Value,Tangible Book Value,Source: Bloomberg
03/31/2007,631.0,634.0,631.0,,2.220285,0.862124,0.66561,0.37,0.37,0.37,0.37,0.37,0.37,0.22,0.389857,0.213946,0.944532,8.884311,3.29477,
06/30/2007,632.124577,635.0,632.0,,1.558544,0.683544,0.477848,0.31,0.29,0.3,0.31,0.29,0.3,0.22,0.637658,0.142405,0.83686,9.760734,3.820449,
09/30/2007,632.0,635.0,632.0,,1.503165,0.742089,0.522152,0.37,0.37,0.37,0.37,0.37,0.37,0.22,0.313291,-0.248418,0.53481,10.615506,4.322785,
12/31/2007,632.0,635.0,632.0,,2.19462,0.830696,0.607595,0.46,0.45,0.45,0.46,0.45,0.45,0.22,0.973101,0.303797,0.148734,10.849684,4.602848,
03/31/2008,633.0,635.0,633.0,,2.527646,1.012638,0.778831,0.58,0.58,0.58,0.58,0.58,0.58,0.23,1.063191,0.676145,0.420221,10.971564,4.867299,
06/30/2008,623.0,633.0,630.0,,1.798413,0.734921,0.493651,0.47,0.471429,0.471746,0.47,0.471429,0.471745,0.23,0.742857,0.166667,0.216693,11.025682,4.797753,
09/30/2008,611.0,617.0,615.0,,1.756098,0.788618,0.552846,0.48,0.49,0.49,0.48,0.48,0.48,0.25,0.414634,-0.284553,0.459902,10.509002,4.343699,
12/31/2008,611.0,612.0,611.0,,2.06383,0.720131,0.497545,0.28,0.27,0.316809,0.28,0.27,0.316732,0.25,0.669394,-0.090016,0.350245,9.067103,3.533552,
03/31/2009,645.0,629.0,628.0,,2.203822,0.899682,0.676752,0.47,0.47,0.32508,0.47,0.47,0.32508,0.25,0.88535,0.651274,0.342636,9.282171,4.175194,
06/30/2009,646.0,646.0,645.0,,1.452713,0.717829,0.491473,0.22,0.218605,0.215581,0.22,0.218605,0.215581,0.25,0.717829,0.364341,0.465944,9.979876,4.323529,
09/30/2009,647.0,647.0,646.0,,1.444272,0.78483,0.54644,0.3,0.3,0.298142,0.3,0.3,0.298142,0.25,0.383901,-0.139319,0.695518,10.723338,4.693972,
12/31/2009,647.0,650.0,647.0,,2.006182,0.83153,0.587326,0.34,0.33,0.411283,0.34,0.33,0.404,0.25,0.761978,0.349304,0.256569,10.882535,4.780526,
03/31/2010,648.0,649.0,648.0,,2.283951,1.013889,0.759259,0.55,0.53,0.53,0.55,0.53,0.53,0.25,0.725309,0.453704,0.243827,11.569444,5.300926,
06/30/2010,648.0,650.0,648.0,,1.640432,0.773148,0.527778,0.27,0.27,0.27,0.27,0.27,0.27,0.25,0.557099,0.061728,0.16358,11.125,5.080247,
09/30/2010,648.0,650.0,648.0,,1.572531,0.787037,0.526235,0.3,0.3,0.28912,0.3,0.3,0.286692,0.25,0.271605,-0.320988,0.240741,11.527778,4.990741,
12/31/2010,649.0,650.0,648.0,,2.134259,1.033951,0.770062,0.49,0.510802,0.457562,0.49,0.506923,0.453846,0.25,0.618827,-0.098765,0.200308,12.032357,5.399076,
03/31/2011,650.0,651.0,649.0,,2.483821,1.132512,0.858243,0.55,0.54,0.535285,0.55,0.54,0.535285,0.26,1.112481,0.605547,0.215385,12.643077,5.88,
06/30/2011,650.0,652.0,650.0,,1.827692,0.896923,0.618462,0.44,0.42,0.42,0.44,0.42,0.42,0.26,0.947692,0.316923,0.827692,12.993846,6.192308,
09/30/2011,650.0,652.0,650.0,,1.727692,0.838462,0.555385,0.39,0.38,0.377,0.39,0.38,0.377,0.26,0.536923,-0.324615,0.113846,12.213846,5.541538,
12/31/2011,651.0,653.0,651.0,,2.193548,0.960061,0.680492,0.44,0.44,0.439862,0.44,0.44,0.439005,0.28,0.766513,-0.179724,0.267281,12.388633,5.599078,
03/31/2012,653.0,655.0,652.0,,2.368098,1.082822,0.796012,0.51,0.51,0.506672,0.51,0.51,0.506672,0.28,0.837423,0.31135,0.160796,12.845329,5.966309,
06/30/2012,653.0,655.0,653.0,,1.70291,0.849923,0.562021,0.33,0.33,0.328254,0.33,0.33,0.328254,0.28,0.938744,0.255743,0.194487,12.739663,5.947933,
09/30/2012,653.0,655.0,653.0,,1.641654,0.794793,0.502297,0.27,0.27,0.27,0.27,0.27,0.27,0.28,0.451761,-0.511485,0.223583,13.154671,6.200613,
12/31/2012,668.0,658.0,656.0,,2.053354,0.846037,0.550305,0.32,0.32,0.32,0.32,0.32,0.32,0.305,0.737805,-0.1875,0.140719,13.431138,6.67515,
03/31/2013,669.0,670.0,669.0,,2.375187,1.038864,0.756353,0.51,0.51,0.51,0.51,0.51,0.51,0.305,0.869955,0.233184,0.281016,13.363229,6.058296,
06/30/2013,669.0,671.0,669.0,,1.823617,0.826607,0.529148,0.3,0.3,0.3,0.3,0.3,0.3,0.305,0.923767,0.127055,0.324365,13.070254,5.886398,
09/30/2013,670.0,672.0,670.0,,1.707463,0.79403,0.497015,0.39,0.39,0.422388,0.39,0.39,0.419762,0.305,0.298507,-0.473134,0.238806,13.332836,6.065672,
12/31/2013,670.0,672.0,670.0,,2.335821,1.004478,0.70597,0.35,0.35,0.414925,0.35,0.35,0.4125,0.335,0.940299,0.237313,0.3,12.677612,5.498507,
03/31/2014,671.0,672.0,670.0,,2.750746,1.256716,0.953731,0.63,0.63,0.63,0.62,0.62,0.62,0.335,1.023881,0.465672,0.28763,12.61699,5.481371,
06/30/2014,671.0,673.0,671.0,,1.867362,0.804769,0.503726,0.22,0.22,0.22,0.22,0.22,0.22,0.335,0.779434,0.09538,0.447094,12.894188,5.679583,
09/30/2014,671.0,673.0,671.0,,1.798808,0.874814,0.5693,0.3,0.3,0.310209,0.3,0.3,0.310209,0.335,0.502235,-0.385991,0.329359,12.453055,5.347243,
12/31/2014,671.0,672.0,671.0,,2.384501,1.138599,0.842027,0.47,0.47,0.47,0.47,0.47,0.47,0.37,1.005961,0.113264,0.320417,12.160954,5.135618,
03/31/2015,671.0,673.0,671.0,,2.418778,1.098361,0.806259,0.4,0.4,0.409538,0.4,0.4,0.409538,0.37,1.14158,0.563338,0.609538,11.485842,4.637854,
06/30/2015,671.0,672.0,671.0,,1.776453,0.898659,0.605067,0.03,0.03,0.230924,0.03,0.03,0.230924,0.37,1.028316,0.132638,0.42772,11.320417,4.442623,
09/30/2015,671.0,672.0,671.0,,1.643815,0.864382,0.579732,0.26,0.26,0.232489,0.26,0.26,0.232489,0.37,0.546945,-0.687034,0.503726,10.754098,3.997019,
12/31/2015,671.0,673.0,671.0,,1.961252,0.433681,0.14456,-0.39,-0.39,0.281669,-0.39,-0.39,0.28162,0.37,0.631893,-0.90462,0.317437,9.725782,3.535022,
03/31/2016,684.0,675.0,674.0,,2.053412,1.023739,0.732938,0.35,0.35,0.353116,0.35,0.35,0.353116,0.405,0.826409,-0.158754,0.407895,10.472222,4.315789,
06/30/2016,701.0,701.0,699.0,,1.658083,0.818312,0.530758,0.21,0.21,0.241774,0.21,0.21,0.238531,0.405,0.97568,-0.248927,0.342368,10.838802,4.82311,
09/30/2016,701.0,703.0,701.0,,1.533524,0.746077,0.457917,0.28,0.28,0.313837,0.28,0.28,0.313837,0.405,0.513552,-0.751783,0.661912,10.653352,4.657632,
12/31/2016,702.0,704.0,702.0,,1.849003,0.816239,0.531339,0.16,0.16,0.277778,0.16,0.16,0.273636,0.405,0.608262,-1.123932,0.434473,10.195157,4.239316,
06/30/2017,702.3,390.47619,390.47619,,1.779878,1.10122,0.878415,0.84,0.84,0.84,0.84,0.84,0.84,0.44,,,,20.045565,,
09/30/2017,,,,,,,,0.313,0.313,0.313,0.313,0.313,0.313,0.44,0.73,,,17.71,,
12/31/2017,,,,,,,,0.393,0.393,0.393,0.393,0.393,0.393,0.44,0.72,,,17.79,,
