Date,Basic Shares Outstanding,Diluted Weighted Avg Shares,Basic Weighted Avg Shares,Per Share Data Items,Revenue,EBITDA,Operating Income,Net Income to Common - Basic,Net Income before XO - Basic,Normalized Net Income - Basic,Net Income to Common - Diluted,Net Income before XO - Diluted,Normalized Net Income - Diluted,Dividends,Cash Flow,Free Cash Flow,Cash & Equivalents,Book Value,Tangible Book Value,Source: Bloomberg
03/31/1995,,234.272003,234.272003,,0.000128,-0.005037,-0.005156,-0.003125,-0.003125,-0.003125,-0.003125,-0.003125,-0.003125,,-0.002757,-0.003385,,,,
06/30/1995,,268.432007,268.432007,,0.004783,0.000235,9.3e-05,0.0,0.0,0.0,0.0,0.0,0.0,,-3.4e-05,-0.000164,,,,
09/30/1995,,269.696014,269.696014,,0.009507,0.001798,0.001565,0.00125,0.00125,0.00125,0.00125,0.00125,0.00125,,-0.000311,-0.002032,,,,
12/31/1995,131.983994,226.559998,226.559998,,0.018362,0.005058,0.005001,0.003125,0.003125,0.003125,0.003125,0.003125,0.003125,,0.0157,0.014703,0.086306,0.075229,,
03/31/1996,137.167999,269.743988,269.743988,,0.017457,0.001246,0.000782,0.000625,0.000625,0.000625,0.000625,0.000625,0.000625,,-0.001872,-0.006573,0.071132,0.075156,,
06/30/1996,131.983994,273.29599,273.29599,,0.027611,0.00468,0.003871,0.0025,0.0025,0.0025,0.0025,0.0025,0.0025,,0.012174,0.009374,0.105088,0.095671,,
09/30/1996,267.76001,319.855988,319.855988,,0.034925,0.007444,0.006575,0.005,0.005,0.005,0.005,0.005,0.005,,0.00826,0.000116,0.285577,0.286996,,
12/31/1996,268.832,320.776,320.776,,0.049025,0.012205,0.010418,0.0075,0.0075,0.0075,0.0075,0.0075,0.0075,,-0.006288,-0.014714,0.269265,0.302014,,
03/31/1997,272.888,370.552002,332.059998,,0.11759,0.017277,0.015313,0.0125,0.0125,0.0125,0.01,0.01,0.01,0.0,0.002897,0.000687,0.266637,0.308654,,
06/30/1997,275.359985,370.343994,333.112,,0.13243,0.021134,0.018729,0.015,0.015,0.015,0.0125,0.0125,0.0125,0.0,0.014259,0.003515,0.274502,0.328152,,
09/30/1997,276.015991,381.119995,335.492004,,0.164642,0.027247,0.023431,0.01,0.01,0.0175,0.01,0.01,0.0175,0.0,0.004438,0.001136,0.275321,0.351233,,
12/31/1997,343.455994,337.104004,337.100006,,0.205372,0.043391,0.039964,-0.04,-0.04,0.025,-0.04,-0.04,0.025,0.0,0.05846,0.054735,0.472261,0.609592,0.609592,
03/31/1998,285.880005,397.14801,285.015991,,0.260238,0.052236,0.047983,0.0275,0.0275,0.0275,0.025,0.025,0.025,0.0,0.041121,0.036742,0.376885,0.442882,,
06/30/1998,350.200012,347.480011,347.480011,,0.259054,0.057851,0.046501,-0.0025,-0.0025,0.03,-0.0025,-0.0025,0.03,0.0,0.005882,-0.012568,0.51231,0.658641,,
09/30/1998,353.608002,401.391998,352.191986,,0.295844,0.066972,0.058985,0.04,0.04,0.04,0.035,0.035,0.035,0.0,0.142266,0.119046,0.648107,0.724138,0.724138,
12/31/1998,364.071991,401.268005,356.14801,,0.397318,0.10271,0.086793,0.055,0.055,0.055,0.05,0.05,0.05,0.0,0.065282,-0.001387,0.638964,0.79962,0.79962,
03/31/1999,362.735992,432.552002,367.320007,,0.385144,0.100697,0.08767,0.06,0.06,0.06,0.05,0.05,0.05,0.0,-0.015335,-0.037167,0.635349,0.912796,0.912796,
06/30/1999,368.467987,749.132019,749.132019,,0.235814,0.056593,0.048435,-0.0125,-0.0125,-0.0125,-0.0125,-0.0125,-0.0125,0.0,0.047344,0.036853,0.956311,1.146585,1.146585,
09/30/1999,372.808014,453.963989,380.164001,,0.548403,0.127221,0.11253,0.06,0.06,0.06,0.05,0.05,0.05,0.0,0.095651,0.064641,1.800189,1.263101,1.263101,
12/31/1999,402.779999,489.39801,398.941986,,0.691612,0.158462,0.139812,0.08,0.08,0.1,0.06,0.06,0.08,0.0,0.114924,0.070015,2.053573,1.600544,1.600544,
03/31/2000,397.60199,408.279999,408.279999,,0.783019,0.14482,0.112558,-0.1,-0.1,0.09,-0.1,-0.1,0.07,0.0,0.340965,0.272071,2.19765,2.02958,2.02958,
06/30/2000,411.64801,511.182007,417.334015,,0.95258,0.183412,0.152645,0.04,0.04,0.12,0.04,0.04,0.1,0.0,0.285735,0.209899,2.425368,2.167488,2.167488,
09/30/2000,421.237,523.684021,429.334015,,1.156477,0.251406,0.212368,0.16,0.16,0.16,0.13,0.13,0.13,0.0,0.384095,0.286958,2.773519,2.386329,2.386329,
12/31/2000,442.391998,529.945984,439.251007,,1.324149,0.40481,0.360165,0.18,0.18,0.24,0.15,0.15,0.2,0.0,-0.005605,-0.148462,2.637636,2.89324,2.89324,
03/31/2001,451.919006,519.872986,448.024994,,1.336421,0.291196,0.23971,0.17,0.17,0.17,0.15,0.15,0.15,0.0,0.504463,0.299242,2.969213,3.201607,3.077804,
06/30/2001,459.544006,522.757996,455.35199,,1.230152,0.30351,0.243596,0.17,0.17,0.17,0.15,0.15,0.15,0.0,0.344162,0.167376,3.254779,3.527603,,
09/30/2001,461.973999,516.281982,460.756012,,0.950373,0.1747,0.097551,0.08,0.08,0.08,0.07,0.07,0.07,0.0,0.172043,0.071671,3.354219,3.656847,,
12/31/2001,466.950012,518.950989,463.800995,,1.038012,0.288115,0.204003,0.14,0.14,0.14,0.13,0.13,0.13,0.0,0.28246,0.212095,3.565497,3.932117,3.735374,
03/31/2002,473.229004,542.98999,470.489014,,1.015639,0.268266,0.192094,0.14,0.14,0.14,0.12,0.12,0.12,0.0,0.402777,0.354646,3.986827,4.12816,3.926152,
06/30/2002,477.023987,524.919983,474.210999,,0.855235,0.159756,0.07848,0.06,0.06,0.06,0.06,0.06,0.06,0.0,0.188406,0.132496,4.217941,4.269959,4.074206,
09/30/2002,478.217987,505.506989,477.660004,,0.747733,-0.008988,-0.094877,-0.19,-0.19,0.03,-0.19,-0.19,0.03,0.0,0.127662,0.114753,4.331079,4.145576,3.955,
12/31/2002,486.428009,507.40799,484.095001,,0.81541,0.147434,0.059426,-0.08,-0.08,0.05,-0.08,-0.08,0.05,0.0,0.192892,0.160904,4.453315,4.024152,3.839756,
03/31/2003,488.819,511.390991,487.253998,,0.682919,0.079414,-0.006746,0.01,0.01,0.01,0.01,0.01,0.01,0.0,0.128908,0.109914,4.551032,4.041803,3.856174,
06/30/2003,493.567993,526.726013,490.078003,,0.680094,0.094191,0.010947,0.02,0.02,0.02,0.02,0.02,0.02,0.0,0.107942,0.105373,4.6642,4.118093,3.938284,
09/30/2003,494.666992,532.127991,493.933014,,0.65076,0.107808,0.027255,-0.12,-0.12,0.03,-0.12,-0.12,0.03,0.0,0.075867,0.068766,4.097625,3.987863,3.815304,
12/31/2003,498.304993,543.534973,496.57901,,0.738537,0.192022,0.118908,0.08,0.08,0.09,0.07,0.07,0.08,0.0,0.07018,0.068293,4.060176,4.095424,3.790905,
03/31/2004,503.096008,546.401001,501.127991,,0.657092,0.142077,0.075851,0.06,0.06,0.06,0.06,0.06,0.06,0.0,0.179194,0.178745,4.239598,4.198435,3.887618,
06/30/2004,505.022003,541.54303,504.114014,,0.597204,0.079635,0.017286,0.01,0.01,0.02,0.01,0.01,0.02,0.0,0.169731,0.160111,4.19896,4.20012,3.750839,
09/30/2004,507.596008,533.303,506.706,,0.625779,0.113804,0.060605,0.04,0.04,0.05,0.03,0.03,0.04,0.0,0.030588,0.02523,4.243008,4.276306,3.829979,
12/31/2004,508.953003,540.874023,508.229004,,0.772016,0.165235,0.129699,0.11,0.11,0.11,0.1,0.1,0.1,0.0,0.170646,0.168806,4.41394,4.414246,3.959764,
03/31/2005,516.095,512.963,512.963,,0.582767,0.020614,-0.020534,-0.01,-0.01,0.0,-0.01,-0.01,0.0,0.0,0.093412,0.087377,4.255565,4.444124,3.805522,
06/30/2005,521.365,518.681,518.681,,0.604605,0.04132,0.005339,-0.1,-0.1,0.1,-0.1,-0.1,0.1,0.025,0.120751,0.118867,4.299754,4.27588,3.658836,
09/30/2005,,545.213,524.856,,0.662767,0.117173,0.085061,0.07,0.07,0.1,0.06,0.06,0.09,0.0,-0.027009,-0.038374,,,,
12/31/2005,,553.494,530.508,,0.883583,,0.217301,0.17,0.17,0.17,0.16,0.16,0.16,0.0,,,,,,
03/31/2006,,,,,,,,0.04,0.04,0.041,0.04,0.04,0.041,,0.085,,,4.28,,
06/30/2006,,,,,,,,0.04,0.04,0.045,0.04,0.04,0.045,,0.077,,,4.31,,
