Date,Revenue,Consensus Estimate,Comparable Actual,Revenue Surprise %,GAAP Actual,Adjusted Actual,Earnings Per Share,EPS Surprise %,EBIT,EBIT Surprise %,EBITDA,EBITDA Surprise %,Gross Margin %,Gross Margin Surprise %,Pretax Income (Loss),Pretax Income (Loss) Surprise %,Net Income,Net Income Surprise %,Source: Bloomberg
03/31/1990,,,18.201,,18.201,18.201,,,,,,,,,,,,,
06/30/1990,,,17.978001,,17.978001,17.978001,,,,,,,,,,,,,
09/30/1990,,,17.976999,,17.976999,17.976999,,,,,,,,,,,,,
12/31/1990,,,0.0,,17.091999,17.091999,,,,,,,,,,,,,
03/31/1991,,,20.183001,,20.183001,20.183001,,,,,,,,,,,,,
06/30/1991,,,20.101999,,20.101999,20.101999,,,,,,,,,,,,,
09/30/1991,,,20.107,,20.107,20.107,,,,,,,,,,,,,
12/31/1991,,,0.0,,19.400999,19.400999,,,,,,,,,,,,,
03/31/1992,,,23.926001,,23.926001,23.926001,,,,,,,,,,,,,
06/30/1992,,,24.068001,,24.068001,24.068001,,,,,,,,,,,,,
09/30/1992,,,24.889999,,24.889999,24.889999,,,,,,,,,,,,,
12/31/1992,,,0.0,,22.573956,22.573956,,,,,,,,,,,,,
03/31/1993,,,26.968,,16.162001,16.162001,,,,,,,,,,,,,
06/30/1993,,,26.892,,26.892,26.892,,,,,,,,,,,,,
09/30/1993,,,26.712,,26.712,26.712,,,,,,,,,,,,,
12/31/1993,,,0.0,,26.582001,26.582001,,,,,,,,,,,,,
03/31/1994,,,29.728001,,29.728001,29.728001,,,,,,,,,,,,,
06/30/1994,,,26.975,,26.975,26.975,,,,,,,,,,,,,
09/30/1994,,,27.028999,,27.028999,27.028999,,,,,,,,,,,,,
12/31/1994,,,0.0,,26.608,26.608,,,,,,,,,,,,,
03/31/1995,,,32.741001,,32.741001,32.741001,,,,,,,,,,,,,
06/30/1995,,,33.484001,,33.484001,33.484001,,,,,,,,,,,,,
09/30/1995,,,33.203999,,33.203999,33.203999,,,,,,,,,,,,,
12/31/1995,,,0.0,,32.254002,32.254002,,,,,,,,,,,,,
03/31/1996,,,36.727001,,36.727001,36.727001,,,,,,,,,,,,,
06/30/1996,,,36.964001,,36.964001,36.964001,,,,,,,,,,,,,
09/30/1996,,,37.004002,,37.004002,37.004002,,,,,,,,,,,,,
12/31/1996,,,0.0,,37.160999,37.160999,,,,,,,,,,,,,
03/31/1997,,,41.355999,,41.355999,41.355999,,,,,,,,,,,,,
06/30/1997,,,40.724998,,40.724998,40.724998,,,,,,,,,,,,,
09/30/1997,,,41.811001,,41.811001,41.811001,,,,,,,,,,,,,
12/31/1997,,,0.0,,42.167,42.167,,,,,,,,,,,,,
03/31/1998,,,44.16,,44.16,44.16,,,,,,,,,,,,,
06/30/1998,,,41.099998,,41.099998,41.099998,,,,,,,,,,,,,
09/30/1998,,,41.405998,,41.405998,41.405998,,,,,,,,,,,,,
12/31/1998,,,39.681,,39.681,39.681,,,,,,,,,,,,,
03/31/1999,,,39.054001,,44.602001,44.602001,,,,,,,,,,,,,
06/30/1999,,,38.823002,,44.427,44.427,,,,,,,,,,,,,
09/30/1999,,,38.046001,,44.246,44.246,,,,,,,,,,,,,
12/31/1999,,,30.082001,,38.996,38.996,,,,,,,,,,,,,
03/31/2000,,,41.714001,,49.522999,49.522999,,,,,,,,,,,,,
06/30/2000,,,37.827,,211.886002,211.886002,,,,,,,,,,,,,
09/30/2000,,,34.646,,27.945999,27.945999,,-1.40845070422535,,,,,,,,,,,
12/31/2000,,,31.563,,30.843,30.843,,1.48514851485147,,,,,,,,,,,
03/31/2001,,,39.382999,,36.643002,36.643002,,6.12244897959184,,,,,,,,,,,
06/30/2001,,,40.167999,,74.094,74.094,,8.60655737704919,,,,,,,,,,,
09/30/2001,,,37.011002,,33.783001,33.783001,,2.51046025104603,,,,,,,,,,,
12/31/2001,,,36.208,,33.233002,33.233002,,12.3853211009174,,,,,,,,,,,
03/31/2002,,,42.654999,,39.735001,39.735001,,5.83941605839415,,,,,,,,,,,
06/30/2002,,,42.887001,,-22.284,-22.284,,1.04529616724739,,,,,,,,,,,
09/30/2002,,,42.087002,,46.504002,46.504002,,1.78571428571427,,,,,,,,,,,
12/31/2002,,,41.206001,,66.759003,66.759003,,2.15053763440858,,,,,,,,,,,
03/31/2003,,,48.907001,,51.514999,51.514999,,10.0323624595469,,,,,,,,,,,
06/30/2003,,,47.978001,,48.077999,48.077999,,1.20845921450151,,,,,,,,,,,
09/30/2003,,,46.823002,,46.823002,46.823002,,0.303951367781155,,,,,,,,,,,
12/31/2003,,,46.722,,46.722,46.722,,1.82370820668693,,,,,,,,,,,
03/31/2004,,,50.5,,62.299999,62.299999,,-6.97674418604652,,,,,,,,,,,
06/30/2004,,,48.5,,59.599998,59.599998,,-14.3920595533499,,,,,,,,,,,
09/30/2004,,,46.799999,,56.299999,56.299999,,-16.25,,,,,,,,,,,
12/31/2004,,,45.299999,,54.7,54.7,,-18.1360201511335,,,,,,,,,,,
03/31/2005,,,64.400002,,74.6,74.6,,0.217864923747277,,,,,,,,,,,
06/30/2005,,61.2,62.5,,62.5,62.5,,0.886917960088693,,,,,,,,,,2.12418300653594,
09/30/2005,,60.75,63.900002,,63.9,63.9,,2.39651416122003,,,,,,,,,,5.18518847736626,
12/31/2005,,62.6,65.400002,,57.3,57.3,,2.56410256410255,,,,,,,,,,4.47284664536741,
03/31/2006,,64.3,71.5,0.135594576271188,66.5,66.5,,7.58196721311476,,,,,,,,,,11.1975116640747,
06/30/2006,,65.5,72.300003,-2.0207536865101,70.3,70.3,,7.00000000000001,,,,,,,,,,10.3816839694657,
09/30/2006,,65.467,68.699997,-0.473507553551298,68.4,68.4,,4.72279260780288,,,,,,,,,,4.93836131180594,
12/31/2006,,63.9,64.889999,3.6367692994199,71.6,71.6,,1.47991543340381,,,,,,,,,,1.54929420970267,
03/31/2007,,73.986,74.900002,2.51925600664856,74.9,74.9,,1.81818181818182,,,,,,,,,,1.23537155678101,
06/30/2007,,74.957,79.699997,1.75438596491228,79.7,79.7,,6.38297872340426,,,,,,,,,,6.32762383766693,
09/30/2007,,73.629,71.599998,1.56854201106517,71.6,71.6,,-2.52707581227437,,,,,,,,,,-2.75571038585341,
12/31/2007,,81.033,84.900002,1.73995717017208,84.9,84.9,,4.40456769983687,,,,,,,,,,4.77213234114496,
03/31/2008,,83.8,84.5,2.76950401443391,84.5,84.5,,0.946372239747635,,,,,,,,,,0.835322195704061,
06/30/2008,,87.533,90.800003,0.228696785329021,90.8,90.8,,3.70370370370369,,,,,,,,,,3.73231010019079,
09/30/2008,,85.529,81.900002,-4.14894042553192,81.9,81.9,,-2.14067278287462,,,,,,,,,,-4.243002958061,
12/31/2008,,79.84,84.300003,-4.14284408827583,84.3,84.3,,6.9182389937107,,,,,,,,,,5.58617610220441,
03/31/2009,,79.829,84.4,-2.06506364922207,84.0,84.0,,5.59006211180125,,3.71287128712871,,,,,,5.62380021865074,,5.72598930213333,
06/30/2009,,82.4,83.6,-1.11295287710159,84.0,84.0,,0.294985250737463,,1.38662316476346,,,,1.4891900930498,,1.08333333333333,,1.45631067961164,
09/30/2009,,82.633,86.1,0.338345864661646,86.0,86.0,,5.10510510510509,,-1.29449838187702,,,,-3.25219084712756,,-0.138973262210092,,4.19566032940835,
12/31/2009,,88.633,98.58,3.4327009936766,93.0,99.0,,10.803324099723,,6.4591439688716,,,,-2.24390243902439,,6.70212850165833,,11.2226822966615,
03/31/2010,,97.233,106.0,0.225331777387614,100.0,104.0,,6.5989847715736,,7.99974588295086,,,,2.37727097023579,,8.11430044319703,,9.01648617239003,
06/30/2010,,94.417,99.0,0.284380436218958,97.0,99.0,,5.46875,,4.8195296856137,,,,1.35599694423224,,4.63389113685088,,4.85399875022506,
09/30/2010,,89.014,100.15,4.25925925925926,93.0,103.0,,13.8545953360768,,8.9939024390244,,,,2.97665369649806,,10.4448125938198,,12.5103916237895,
12/31/2010,,99.45,101.15,-1.06852789289562,94.0,102.0,,3.62047440699125,,-1.05263157894737,,,,-0.538461538461541,,-1.94003527336861,,1.70940170940171,
03/31/2011,,109.25,116.0,4.77071459595307,119.0,116.0,,4.91071428571428,,7.49764453690647,,,,-0.200874838079874,,7.60608486789432,,6.17848970251716,
06/30/2011,,113.556,115.48,2.5614603979127,113.0,115.0,,0.977198697068405,,-0.874385818918308,,,,-2.45367676047084,,-0.826241376531769,,1.6943182218465,
09/30/2011,,113.1,118.0,-0.949367088607595,117.0,118.0,,4.91803278688524,,0.928792569659443,,,,1.15436547933743,,0.703674745895231,,4.33244916003537,
12/31/2011,,108.143,110.0,-1.99921599372794,108.0,110.0,,2.82485875706215,,1.91082802547771,,43.5254379953921,,0.491958372753071,,2.2508038585209,,1.71717078312974,
03/31/2012,,121.2,121.0,0.987091875474563,117.0,121.0,,0.0,,0.40502365474286,,3.5509554929075,,0.276144496834681,,0.931899641577061,,-0.165016501650167,
06/30/2012,,119.167,118.0,-1.53583339388484,115.0,118.0,,-0.102986611740474,,-0.77350246325428,,16.6666666666667,,-2.6615969581749,,-1.27758420441347,,-0.979297960005708,
09/30/2012,,114.75,115.0,-2.73972602739726,112.0,115.0,,0.0,,-3.80742245976445,,35.1456310679612,,-2.19530074462749,,-4.21686746987952,,0.217864923747277,
12/31/2012,,115.083,116.0,-0.815433421413265,116.0,116.65,,1.47991543340381,,-0.602409638554217,,54.0201300728142,,-2.02292913878781,,-0.739610947694622,,0.79681621090865,
03/31/2013,,121.75,124.42,0.339817515318537,122.0,122.0,,2.58964143426295,,-0.400199199601602,,3.22832461969864,,0.239977969235611,,-0.151285930408472,,2.19301848049281,
06/30/2013,,124.909,127.0,0.328683248645709,119.0,123.1,,1.44927536231885,,0.12487484390645,,20.4878048780488,,-2.70679905951849,,0.504795271164215,,1.67401868560311,
09/30/2013,,120.273,127.0,0.356234404354005,119.0,125.7,,5.74018126888218,,-0.650502661147247,,36.2664990571967,,-1.93020081887308,,-1.12492599171107,,5.59310901033482,
12/31/2013,,122.455,123.0,1.14064168118223,131.0,122.35,,0.691016781836142,,-0.517194235814979,,50.3649635036496,,-0.903757729506903,,-0.713693333800568,,0.44506145114532,
03/31/2014,,124.9,127.0,-0.144927536231884,126.0,127.0,,2.71317829457365,,1.74418604651163,,3.55626141981609,,0.622222222222218,,1.82047996067622,,1.68134507606084,
06/30/2014,,133.0,133.0,-0.708215297450425,133.0,133.65,,0.543478260869566,,0.817438692098093,,,,0.531496062992132,,1.52451405428543,,0.0,
09/30/2014,,125.857,127.0,0.159674843954133,108.0,127.0,,0.189035916824197,,1.89733985324506,,,,-1.28679710911335,,,,0.908173562058527,
12/31/2014,,130.0,137.0,1.79682220643529,133.0,137.0,,5.06912442396313,,-1.12359550561798,,2.05078124999999,,2.08955223880596,,-0.969928811525968,,5.38461538461539,
03/31/2015,,127.0,128.0,-1.07312247469389,126.0,128.0,,-1.85185185185185,,1.32808097138336,,7.14285714285714,,3.84313725490196,,1.90820246526247,,0.78740157480315,
06/30/2015,,131.25,123.0,0.99005023421867,120.0,123.0,,-8.43155031731641,,-5.29214362747513,,,,-1.8391405454231,,-4.97237569060773,,-6.28571428571429,
09/30/2015,,127.0,121.0,2.3538472962132,114.0,121.0,,-5.21327014218009,,-4.29122333726989,,,,-0.648140077821006,,-4.87822724535226,,-4.7244094488189,
12/31/2015,,140.5,,,,,,,,,,,,,,,,,
03/31/2016,,,,,,,,,,,,,,,,,,,
