Date,Basic Shares Outstanding,Diluted Weighted Avg Shares,Basic Weighted Avg Shares,Per Share Data Items,Revenue,EBITDA,Operating Income,Net Income to Common - Basic,Net Income before XO - Basic,Normalized Net Income - Basic,Net Income to Common - Diluted,Net Income before XO - Diluted,Normalized Net Income - Diluted,Dividends,Cash Flow,Free Cash Flow,Cash & Equivalents,Book Value,Tangible Book Value,Source: Bloomberg
08/31/1989,11.217,11.217,11.217,,8.296514,0.231345,0.179549,0.25,0.25,,0.25,0.25,0.25,0.12,-0.505304,,9.339039,13.738879,,
11/30/1989,11.217,11.217,11.217,,8.252385,0.193011,0.141214,0.21,0.21,,0.21,0.21,0.21,0.12,-0.057413,,9.300169,13.831328,,
02/28/1990,11.217,11.217,11.217,,6.693501,0.036463,-0.02309,0.1,0.1,,0.1,0.1,0.1,0.12,-0.176964,,9.135063,13.807257,,
05/31/1990,11.217,11.217,11.217,,9.378889,0.373808,0.314701,0.31,0.31,0.31,0.31,0.31,0.31,0.12,0.531426,,9.690916,13.998395,,
08/31/1990,11.217,11.217,11.217,,8.828653,0.213248,0.15735,0.22,0.22,,0.22,0.22,0.22,0.12,-0.252563,,9.459748,14.098511,,
11/30/1990,11.217,11.217,11.217,,7.618347,0.086476,0.030668,0.14,0.14,,0.14,0.14,0.14,0.12,0.439155,,9.857448,14.115004,,
02/28/1991,11.217,11.217,11.217,,5.178747,-0.284211,-0.346171,-0.1,-0.1,,-0.1,-0.1,-0.1,0.12,0.106267,,9.91816,13.894089,,
05/31/1991,11.217,11.217,11.217,,7.571721,0.243202,0.181421,0.21,0.21,0.21,0.21,0.21,0.21,0.12,0.002229,,9.877953,13.984667,,
08/31/1991,11.217,11.217,11.217,,7.512169,0.160025,0.102256,0.16,0.16,,0.16,0.16,0.16,0.12,-0.119194,,9.715699,14.020326,,
11/30/1991,11.217,11.217,11.217,,6.782205,0.075243,0.018008,0.1,0.1,,0.1,0.1,0.1,0.12,0.397789,,10.084426,14.000357,,
02/29/1992,11.217,11.217,11.217,,6.530088,-0.070072,-0.131051,0.0,0.0,,0.0,0.0,0.0,0.12,-0.512526,,4.171971,13.881519,,
05/31/1992,11.217,11.217,11.217,,9.403762,0.352501,0.2917,0.26,0.26,0.26,0.26,0.26,0.26,0.12,0.082999,,1.538468,14.020861,,
08/31/1992,11.217,11.217,11.217,,10.315503,0.269412,0.210662,0.22,0.25,,0.22,0.25,0.25,0.12,0.220736,,1.809129,14.151734,,
11/30/1992,11.217,11.217,11.217,,11.376571,0.337167,0.281804,0.26,0.26,,0.26,0.26,0.26,0.12,-0.106624,,1.59606,14.28751,,
02/28/1993,11.217,11.217,11.217,,9.839619,0.15744,0.094767,0.13,0.13,,0.13,0.13,0.13,0.12,-1.002407,,0.52572,14.298743,,
05/31/1993,11.217,11.2,11.2,,12.32366,0.411518,0.348839,0.28,0.28,0.28,0.28,0.28,0.28,0.12,0.807321,,1.218864,14.42712,,
08/31/1993,11.217,11.11,11.11,,12.256257,0.370567,0.311431,0.27,0.27,,0.27,0.27,0.27,0.12,0.79559,,1.857805,14.574664,,
11/30/1993,11.217,11.11,11.11,,13.079299,0.564987,0.50342,0.38,0.38,,0.38,0.38,0.38,0.12,0.474167,,2.214852,14.835607,,
02/28/1994,11.217,11.11,11.11,,11.767057,0.30495,0.234923,0.22,0.22,,0.22,0.22,0.22,0.12,-1.009361,,1.124543,14.933137,,
05/31/1994,11.157,11.216,11.216,,14.972718,0.742154,0.674394,0.47,0.47,0.47,0.47,0.47,0.47,0.12,0.834879,,1.53518,15.2714,,
08/31/1994,11.157,11.157,11.157,,13.922023,0.538855,0.468585,0.36,0.36,,0.36,0.36,0.36,0.12,0.409519,-0.058887,1.484897,15.512235,,
11/30/1994,11.097,11.157,11.157,,14.741867,0.538586,0.468226,0.36,0.36,,0.36,0.36,0.36,0.12,0.112127,-0.232141,1.271335,15.840136,,
02/28/1995,11.12,11.151,11.151,,13.510627,0.346157,0.264371,0.23,0.23,,0.23,0.23,0.23,0.12,0.012734,-0.329657,3.579137,15.861331,,
05/31/1995,11.12,11.121,11.121,,15.435483,0.666127,0.583131,0.42,0.42,0.42,0.42,0.42,0.42,0.12,0.331085,0.016365,3.589119,16.16295,,
08/31/1995,10.666,10.999,10.999,,14.897264,0.639149,0.564779,0.42,0.42,0.42,0.42,0.42,0.42,0.12,1.237658,1.157742,4.214701,16.425557,,
11/30/1995,10.644,10.656,10.656,,16.185153,0.82789,0.751126,0.54,0.54,,0.54,0.54,0.54,0.12,1.309685,1.249812,5.515126,16.842259,,
02/29/1996,10.572,10.613,10.613,,13.055875,0.436634,0.350231,0.3,0.3,0.3,0.3,0.3,0.3,0.12,-0.270423,-0.314708,5.120602,16.994136,,
05/31/1996,10.572,10.57,10.57,,16.184485,0.997729,0.910123,0.59,0.59,0.59,0.59,0.59,0.59,0.15,0.19158,0.098486,5.211218,17.429719,,
08/31/1996,10.285,10.457,10.457,,16.40394,0.960983,0.875108,0.62,0.62,0.62,0.62,0.62,0.62,0.15,0.485895,0.429569,7.992513,17.677492,,
11/30/1996,10.024,10.162,10.162,,16.175754,0.879256,0.790888,0.62,0.62,0.56,0.62,0.62,0.56,0.15,1.700649,1.586597,9.308659,17.927574,,
02/28/1997,9.803,9.934,9.934,,11.877894,0.248742,0.152305,0.18,0.18,0.18,0.18,0.18,0.18,0.15,-0.491846,-0.562412,8.444149,17.814036,,
05/31/1997,9.666,9.726,9.726,,16.376928,0.868908,0.767016,0.65,0.65,0.62,0.65,0.65,0.62,0.15,0.161834,0.075879,11.431513,18.231016,,
08/31/1997,9.666,9.666,9.666,,16.721705,0.881957,0.788434,0.57,0.57,0.57,0.57,0.57,0.57,0.15,0.826091,0.770122,12.206704,18.64732,,
11/30/1997,9.433,9.51,9.51,,16.853733,0.875184,0.780652,0.56,0.56,0.56,0.56,0.56,0.56,0.15,1.148896,1.059201,12.875014,18.788933,,
02/28/1998,9.433,9.433,9.433,,13.928761,0.317502,0.213188,0.23,0.23,0.23,0.23,0.23,0.23,0.15,0.341249,0.275098,13.17036,18.865473,,
05/31/1998,9.433,9.432,9.432,,18.033714,1.187659,1.082909,0.74,0.74,0.74,0.74,0.74,0.74,0.15,0.578244,0.456637,13.652391,19.455424,19.455424,
08/31/1998,9.25,9.423,9.423,,18.151756,1.063143,0.969543,0.69,0.69,0.69,0.69,0.69,0.69,0.15,1.210124,0.998726,14.41146,19.831135,19.831135,
11/30/1998,9.0,9.118,9.118,,19.348103,1.258171,1.161658,0.8,0.8,0.8,0.8,0.8,0.8,0.15,1.164948,0.977078,15.138333,20.351667,20.351667,
02/28/1999,9.0,9.0,9.0,,16.156667,0.677556,0.562667,0.44,0.44,0.44,0.44,0.44,0.44,0.18,-0.271,-0.437889,14.696222,20.608444,20.608444,
05/31/1999,9.0,8.999,8.999,,19.104457,1.400489,1.284698,0.87,0.87,0.87,0.87,0.87,0.87,0.18,0.311812,0.098344,14.782445,21.299111,21.299111,
08/31/1999,9.0,9.0,9.0,,18.199,0.842,0.737444,0.54,0.54,0.54,0.54,0.54,0.54,0.18,0.611222,0.462556,12.443444,21.663001,21.663001,
11/30/1999,8.87,8.961,8.96,,17.569865,0.812835,0.707701,0.53,0.53,0.53,0.53,0.53,0.53,0.18,1.198214,1.064955,13.340474,21.974183,21.974183,
02/29/2000,8.746,8.776,8.776,,13.368277,0.123405,0.001823,0.12,0.12,0.12,0.12,0.12,0.12,0.18,-0.199066,-0.335005,12.868397,21.88509,21.88509,
05/31/2000,8.682944,8.698,8.698,,16.212233,0.756151,0.632904,0.5,0.5,0.5,0.5,0.5,0.5,0.18,0.0,0.0,12.546206,22.221611,,
08/31/2000,8.552,8.613,8.613,,15.343318,0.484384,0.371996,0.36,0.36,0.36,0.36,0.36,0.36,0.18,0.703007,0.65912,16.064663,22.435103,22.435103,
11/30/2000,8.402,8.476,8.476,,14.26463,0.493511,0.379306,0.37,0.37,0.37,0.37,0.37,0.37,0.18,1.170953,1.102407,17.153654,22.659605,22.659605,
02/28/2001,8.391,8.392,8.392,,10.824356,-0.150143,-0.269304,0.03,0.03,-0.02,0.03,0.03,-0.02,0.18,-0.327812,-0.430648,16.949946,22.510667,22.510667,
05/31/2001,8.391244,8.391,8.391,,14.292337,0.830771,0.713622,0.55,0.55,0.55,0.55,0.55,0.55,0.18,-0.031224,-0.121797,16.853401,22.883496,22.883496,
08/31/2001,8.391,8.391,8.391,,14.566202,0.630199,0.521034,0.42,0.42,0.42,0.42,0.42,0.42,0.18,0.486116,0.332737,17.182934,23.128709,23.128709,
11/30/2001,8.391,8.391,8.391,,14.069122,0.705399,0.596234,0.45,0.45,0.45,0.45,0.45,0.45,0.18,0.893696,0.796329,17.942796,23.395424,23.395424,
02/28/2002,8.391,8.391,8.391,,11.450364,0.196997,0.07508,0.1,0.1,0.1,0.1,0.1,0.1,0.18,0.39447,0.300679,18.162555,23.318914,23.318914,
05/31/2002,8.391244,8.391976,8.391976,,13.627661,0.852124,0.729506,0.485464,0.485464,0.485464,0.485464,0.485464,0.485464,0.18,-0.479029,-0.532294,17.521359,23.623792,,
08/31/2002,8.391,8.391,8.391,,13.88297,0.400906,0.291264,0.22,0.22,0.22,0.22,0.22,0.22,0.18,0.081278,0.019426,17.434632,23.661661,23.661661,
11/30/2002,8.391244,8.391244,8.391244,,13.402899,0.43033,0.320691,0.23,0.23,0.23,0.23,0.23,0.23,0.18,0.891048,0.849695,18.170607,23.713409,23.713409,
02/28/2003,8.391244,8.391,8.391,,10.452747,-0.100226,-0.215946,-0.1,-0.1,-0.1,-0.1,-0.1,-0.1,0.18,0.174234,0.123346,18.174182,23.434905,23.434905,
05/31/2003,8.391,8.390999,8.390999,,12.292815,0.714098,0.598022,0.39,0.39,0.39,0.39,0.39,0.39,0.18,0.392682,0.365272,18.40746,23.642593,23.642593,
08/31/2003,8.391,8.391,8.391,,13.071028,0.461328,0.360744,0.24,0.24,0.24,0.24,0.24,0.24,0.18,-0.394828,-0.447742,17.819926,23.705399,23.705399,
11/30/2003,8.391,8.391,8.391,,13.655464,0.478489,0.379812,0.25,0.25,0.25,0.25,0.25,0.25,0.18,1.002741,0.987129,18.662019,23.771779,23.771779,
02/29/2004,8.391244,8.391244,8.391244,,10.844042,-0.06769,-0.173753,-0.09,-0.09,-0.09,-0.09,-0.09,-0.09,0.18,-0.012394,-0.118814,18.478428,23.505454,23.505454,
05/31/2004,8.391244,8.391244,8.391244,,13.957883,0.594787,0.488962,0.33,0.33,0.33,0.33,0.33,0.33,0.18,-0.315925,-0.446894,17.929284,23.653704,,
08/31/2004,8.391,8.391244,8.391244,,13.956334,0.209623,0.114047,0.1,0.1,0.1,0.1,0.1,0.1,0.18,-0.212126,-0.368479,17.449291,23.570373,23.570373,
11/30/2004,8.391244,8.391244,8.391244,,14.370337,0.408759,0.312469,0.22,0.22,0.22,0.22,0.22,0.22,1.18,1.44329,1.37715,17.574152,22.614049,22.614049,
02/28/2005,8.391244,8.391244,8.391244,,11.466595,-0.047907,-0.152421,-0.04,-0.04,-0.04,-0.04,-0.04,-0.04,0.18,0.438672,0.391241,17.808682,22.39227,22.39227,
03/31/2018,,,,,,,,-0.1,-0.1,0.045,-0.1,-0.1,0.045,,,,,,,
06/30/2018,,,,,,,,0.22,0.22,0.225,0.22,0.22,0.225,,,,,,,
