Date,Revenue,Consensus Estimate,Comparable Actual,Revenue Surprise %,GAAP Actual,Adjusted Actual,FFO Per Share,FFO Per Share Surprise %,EBIT,EBIT Surprise %,EBITDA,EBITDA Surprise %,Net Income,Net Income Surprise %,Source: Bloomberg
03/31/1997,,,3.327,,3.327,3.327,,,,,,,,,
06/30/1997,,,4.17,,4.17,4.17,,,,,,,,,
09/30/1997,,,2.056,,0.182,0.182,,,,,,,,,
12/31/1997,,,3.503,,3.503,3.503,,,,,,,,,
03/31/1998,,,4.089,,4.089,4.089,,,,,,,,,
06/30/1998,,,5.181,,4.659,4.659,,,,,,,,,
09/30/1998,,,7.823,,7.823,7.823,,,,,,,,,
12/31/1998,,,6.911,,6.91,6.91,,,,,,,,,
03/31/1999,,,8.313,,8.214,8.214,,,,,,,,,
06/30/1999,,,9.005,,8.377,8.377,,,,,,,,,
09/30/1999,,,8.073,,8.073,8.073,,,,,,,,,
12/31/1999,,,8.955,,8.594,8.594,,,,,,,,,
03/31/2000,,,21.74,,21.633,21.633,,,,,,,,,
06/30/2000,,,13.418,,12.988,12.988,,,,,,,,,
09/30/2000,,,15.991,,15.991,15.991,,,,,,,,,
12/31/2000,,,26.363001,,25.872001,25.872001,,,,,,,,,
03/31/2001,,,12.042,,11.298,11.298,,,,,,,,,
06/30/2001,,,15.645,,15.53,15.53,,,,,,,,,
09/30/2001,,,13.265,,12.933,12.933,,,,,,,,,
12/31/2001,,,,,13.582,13.582,,,,,,,,,
03/31/2002,,,14.66,,15.213,15.213,,,,,,,,,
06/30/2002,,,14.05,,15.921,15.921,,,,,,,,,
09/30/2002,,,15.228,,17.013,17.013,,,,,,,,,
12/31/2002,,,,,16.74,16.74,,,,,,,,,
03/31/2003,,,15.222,,34.178,34.178,,,,,,,,,
06/30/2003,,,14.884,,15.542,15.542,,,,,,,,,
09/30/2003,,,15.19,,19.41712,19.41712,,,,,,,,,
12/31/2003,,,18.570999,,21.667,21.667,,,,,,,,,
03/31/2004,,,14.443,,15.955,15.955,,,,,,,,,
06/30/2004,,,43.791,,45.385,45.385,,,,,,,,,
09/30/2004,,,18.254999,,20.307,20.307,,,,,,,,,
12/31/2004,,,19.84,,111.525,111.525,,,,,,,,,
03/31/2005,,,22.531,,22.91,22.91,,,,,,,,,
06/30/2005,,,22.511,,56.47,56.47,,2.0,,,,,,,
09/30/2005,,,25.780001,,37.33,37.33,,2.72727272727271,,,,,,,
12/31/2005,,,20.836,,20.834,20.834,,0.790513833992096,,,,,,,
03/31/2006,,9.0,23.732,34.356224248927,23.732,23.732,,9.0909090909091,,,,,,163.688888888889,
06/30/2006,,28.75,27.274,46.5158609655172,29.06,29.06,,15.0943396226415,,,,,,-5.13391304347826,
09/30/2006,,18.675,22.462999,36.1712657480315,118.689,118.689,,0.892857142857124,,,,,,20.283796519411,
12/31/2006,,21.277,19.924999,45.1118746589049,29.359,29.359,,3.69068541300528,,,,,,-6.3542839686046,
03/31/2007,,103.755,70.178001,35.8823321863213,147.427,147.427,,9.02255639097743,,,,,,-32.3618129246783,
06/30/2007,,20.0,21.469999,74.1256716216216,265.881,265.881,,11.2091791703442,,,,,,7.34999500000001,
09/30/2007,,20.8,18.086,11.7267215517241,98.568,98.568,,2.96540362438221,,,,,,-13.0480769230769,
12/31/2007,,17.567,7.339,5.0599402789904,128.666,128.666,,,,,,,,-58.2228041213639,
03/31/2008,,24.24,19.829,12.9738580912863,121.094,121.094,,2.34541577825159,,,,,,-18.1971947194719,
06/30/2008,,37.06,45.389,16.5179945813916,134.191,134.191,,16.7542323409224,,,,,,22.4743658931462,
09/30/2008,,18.767,23.742001,18.2425134890107,28.827,28.827,,2.40112994350283,,,,,,26.5093035647679,
12/31/2008,,20.0,3.01,21.7503448306273,76.64,76.64,,-1.36570561456753,,,,,,-84.95,
03/31/2009,,12.2,-16.481,22.017371163868,32.768,-21.23,,-1.98675496688742,,,,-6.77990275526742,,,
06/30/2009,,13.158,47.371,14.724716553288,12.543,14.637,,0.671140939597316,,,,3.6374531835206,,260.016719866241,
09/30/2009,,9.438,0.881,19.2133731343284,-2.52,-0.922,,0.409836065573771,,,,8.99999999999999,,-90.6653952108498,
12/31/2009,,25.246,0.981,14.1135805211211,-5.123,-5.581,,-0.91116173120729,,,,-10.0228536547237,,-96.1142359185613,
03/31/2010,,12.915,15.192,18.4580434473946,15.079,13.275,,2.39234449760767,,,,5.04865601042682,,17.6306620209059,
06/30/2010,,13.969,138.314,12.7261284722222,137.038,135.911,,0.890207715133543,,,,1.13790613718411,,890.149617009092,
09/30/2010,,57.143,72.997,38.4763658949262,111.5,74.315,,2.07515423443635,,,,19.1024583208983,,27.7444306389234,
12/31/2010,,6.341,7.209,1.27249134948097,7.209,5.043,,4.14333706606943,,,,2.12352941176471,,13.688692635231,
03/31/2011,,14.505,88.432,42.3858603066439,80.887,65.226,,73.828125,,,,42.1959731543624,,509.665632540503,
06/30/2011,,24.593,4.711,14.0283008491772,526.458,2.624,,,,,,28.6775032509753,,-80.8441426422153,
09/30/2011,,9.365,11.659,9.61776198934281,7.079,5.031,,1.81451612903226,,,,27.6021540225873,,24.4954618259477,
12/31/2011,,9.918,1.694,12.7069910897875,2.809,-6.612,,3.68893320039882,,,,34.4595410628019,,-82.9199435370034,
03/31/2012,,10.37,18.707,9.49518687576264,25.256,18.79,,1.66358595194085,,,,26.2765598650927,,80.3953712632594,
06/30/2012,,20.843,103.04,13.8942463017534,103.04,102.141,,12.6629422718808,,,,33.8186372353333,,394.362615746294,
09/30/2012,,22.888,25.657,6.94146743610882,7.732,6.781,,1.78571428571427,,,,31.3580579905597,,12.0980426424327,
12/31/2012,,19.884,26.938,-5.37339449541285,19.96,17.202,,0.694444444444445,,,,25.031809401159,,35.4757594045464,
03/31/2013,,10.586,-1.25,13.0915226674574,18.909,35.513,,-4.21139554087532,,,,35.1089962540031,,,
06/30/2013,,36.029,8.286,-0.233606557377054,8.276,6.753,,0.633914421553091,,,,28.3872549019608,,-77.0018596130895,
09/30/2013,,19.6,25.57,0.858964085985137,37.025,15.803,,4.36137071651091,,,,28.2072538860104,,30.4591836734694,
12/31/2013,,25.257,37.12,5.94655424452946,37.12,31.279,,1.8450184501845,,,,31.1179313507602,,46.969157065368,
03/31/2014,,31.788,145.961,8.84178120725255,146.09,140.318,,10.6259097525473,,,,31.3484555984556,,359.170127091984,
06/30/2014,,30.583,121.183,2.35083907562913,235.541,116.189,,13.2075471698113,,,,32.4350364963504,,296.243010823006,
09/30/2014,,32.917,89.163,10.0249778694949,64.688,55.621,,6.52920962199312,,,,23.9467073674839,,170.872193699304,
12/31/2014,,45.444,41.14901,-1.32031648800408,56.785,41.207,,-0.625434329395422,,,,19.2023832490612,,-9.45117067159582,
03/31/2015,,46.05,56.736,0.328860759493665,43.277,29.916,,0.738750839489584,,146.203143893591,,-4.08339350180505,,23.2052117263844,
06/30/2015,,38.875,-39.106,1.88642590286426,-39.106,-39.106,,4.11311053984576,,,,15.5490039840638,,,
09/30/2015,,-18.514,163.658,1.90235849056603,163.658,3.954,,5.29674537332482,,,,26.5432020518281,,,
12/31/2015,,35.074,100.164,-0.609813084112153,101.303,83.894,,0.24906600249066,,,,1.17220338983052,,185.579061413013,
03/31/2016,,53.656,9.448,5.24413633737724,23.221,9.448,,11.0440555220278,,,,7.4279605263158,,-82.3915312360221,
06/30/2016,,223.5,-63.123,18.7719230769231,133.457,-63.123,,2.54083484573503,,,,65.2996610169492,,,
09/30/2016,,33.5,33.855,3.30942422266464,34.252,33.855,,8.44976713240186,,,,9.50189393939393,,1.0597014925373,
12/31/2016,,23.529,16.65,0.692824490740379,44.016,16.65,,-0.209351011863232,,,,10.4628691983122,,-29.2362616345786,
03/31/2017,,38.083,10.784,-0.863221660926742,11.351,10.784,,0.0,,,,3.27061068702291,,-71.6829031326314,
06/30/2017,,52.686,12.045,3.86530770896321,8.222,12.045,,10.3533787972722,,,,10.893962264151,,-77.1381391641043,
09/30/2017,,2.367,38.869,-0.812091074941668,38.869,38.869,,-4.48717948717949,,,,1.07380497131931,,1542.12082805239,
12/31/2017,,47.7,-48.515,-3.72762320392826,27.982,-48.515,,-0.187149095446032,,,,1.20222634508349,,,
03/31/2018,,41.14,78.245,-12.8049132947977,101.766,78.245,,0.911854103343459,,,,,,90.1920272241128,
06/30/2018,,36.925,118.346,1.04563758389261,103.556,118.346,,0.237247924080665,,,,,,220.503723764387,
09/30/2018,,33.66,92.907,3.08782467913372,88.209,92.907,,-1.77514792899408,,,,,,176.016042780749,
12/31/2018,,25.483,-9.346,2.8225976460515,-61.219,-9.346,,-0.124069478908189,,,,,,,
03/31/2019,,35.1,44.841,-1.37601296596434,43.792,44.841,,-0.532859680284199,,,,,,27.7521367521368,
06/30/2019,,36.3,161.103,2.18422435715381,161.103,161.103,,4.83870967741936,,,,,,343.809917355372,
09/30/2019,,30.52,29.616,3.39593779773384,33.157,29.616,,1.21457489878542,,,,,,-2.96199213630406,
12/31/2019,,29.78,36.673,0.570947302445367,17.432,36.673,,0.286532951289392,,,,,,23.1464069845534,
03/31/2020,,43.36,42.165,20.9788298691301,114.801,42.165,,14.6005509641873,,,,,,-2.7559963099631,
06/30/2020,,5.586,-8.44,-2.61074856046065,56.444,-8.44,,8.21133036282623,,,,,,,
09/30/2020,,-6.546,,,,,,,,,,,,,
12/31/2020,,-10.011,,,,,,,,,,,,,
