Date,Revenue,Consensus Estimate,Comparable Actual,Revenue Surprise %,GAAP Actual,Adjusted Actual,Earnings Per Share,EPS Surprise %,EBIT,EBIT Surprise %,EBITDA,EBITDA Surprise %,Gross Margin %,Gross Margin Surprise %,Pretax Income (Loss),Pretax Income (Loss) Surprise %,Net Income,Net Income Surprise %,Source: Bloomberg
03/31/2008,,,,,66.505,66.505,,,,,,,,,,,,,
06/30/2008,,84.333,56.397999,-0.639043582089552,53.272,53.272,,-33.9622641509434,,,,,,,,,,-33.1246380420476,
09/30/2008,,61.66,57.335999,0.883614095829901,57.327,57.327,,-8.37696335078535,,,,,,,,,,-7.01265163801491,
12/31/2008,,84.1,90.106003,-1.03719786548928,-153.547,-153.547,,7.00389105058366,,,,,,,,,,7.14150178359097,
03/31/2009,,58.0,62.579,-4.22889595325147,60.128,61.74115,,5.84958217270195,,-2.56372549019608,,-0.989571114760389,,,,-0.672667757774143,,7.8948275862069,
06/30/2009,,72.738,80.517,-0.160244960449091,79.524,81.8167,,11.1111111111111,,0.735723461403712,,0.354562806542795,,,,3.81669505962521,,10.6945475542357,
09/30/2009,,60.422,65.228,-0.311542669584248,65.32,65.7477,,6.84931506849316,,4.64818763326226,,5.21694101859079,,,,4.21261633919338,,7.95405646949786,
12/31/2009,,85.825,87.476,4.01701105912481,94.354,99.4903,,1.16731517509728,,-22.4725929166971,,-18.1598923283984,,,,-28.4659517587336,,1.92368191086513,
03/31/2010,,68.71,82.629,2.40616627832901,72.458,82.6292,,17.096018735363,,-2.83654822335026,,-4.70402611534277,,,,-1.7909259750597,,20.2576044243924,
06/30/2010,,97.975,99.003,1.09649638354061,106.208,104.38515,,1.89982728842833,,0.37286149154968,,0.55863210148924,,,,1.88725063216297,,1.04924725695331,
09/30/2010,,86.458,98.8,4.55236795481545,101.693,104.26485,,13.6801541425819,,7.1272827891533,,4.54292800724925,,,,7.21741573033708,,14.2751393740313,
12/31/2010,,115.636,115.27,2.38963526525595,130.613,130.4095,,-2.29885057471263,,-5.01075740944018,,-6.12922843025467,,,,-4.95352212717335,,-0.316510429278079,
03/31/2011,,98.125,100.535,2.26992144194202,100.525,99.7704,,6.52920962199313,,3.15466206093307,,2.03313253012048,,,,5.1675921251893,,2.45605095541401,
06/30/2011,,123.982,132.896,-0.309721213569484,77.429,132.89595,,8.18307905686547,,8.20641015729024,,3.98368740515932,,,,10.7821397756687,,7.18975335129292,
09/30/2011,,104.831,106.724,-1.61249999999999,98.603,137.7743,,1.38248847926267,,-7.12222469916948,,-6.50327174996897,,,,-19.2495075696301,,1.80576356230504,
12/31/2011,,131.714,135.434,-1.59110870887101,135.001,139.4339,,2.18978102189781,,-6.64648939492205,,-5.92252628194118,,,,-0.712994058382851,,2.82430113731266,
03/31/2012,,96.4,114.941,2.97432878999467,114.903,114.94135,,20.8609271523179,,10.3650385604113,,8.60199921919687,,,,11.1781410546523,,19.2334024896266,
06/30/2012,,133.733,142.382,1.5071031292278,142.364,142.38155,,6.77382319173365,,1.24365065078384,,1.516248319539,,,,3.46844692694685,,6.46736407618165,
09/30/2012,,112.071,118.42,1.90074240719911,118.41,118.4204,,4.83870967741936,,7.36103187878905,,6.8043272032705,,,,4.40110191803195,,5.66515869404217,
12/31/2012,,137.929,126.782,-1.50896927820644,305.801,122.9076,,-8.29694323144106,,-12.5464880778803,,-3.13624772313296,,,,-14.7637461677117,,-8.08169420498953,
03/31/2013,,110.544,115.948,1.70650157765411,107.819,108.4534,,4.33604336043361,,3.36479451475007,,1.61826118020966,,,,4.97633207913582,,4.88855116514691,
06/30/2013,,155.4,,,159.729,160.05335,,,,,,,,,,,,,
09/30/2013,,122.533,,,129.003,129.06475,,,,,,,,,,,,,
12/31/2013,,142.929,,,108.519,133.31415,,,,,,,,,,,,,
03/31/2014,,119.786,128.197,-0.0493737452780508,128.296,128.1972,,7.27496917385943,,4.6632622304154,,4.50185470392284,,,,4.47489539748954,,7.02168867814269,
06/30/2014,,164.4,163.276,-0.289500808236698,153.794,154.86455,,0.795755968169752,,-4.05244418718913,,-2.77557856272837,,,,-4.94676881271169,,-0.68369829683698,
09/30/2014,,118.714,131.048,-1.133760756536,131.339,131.0478,,10.1895734597156,,3.41118237288723,,3.86827697386394,,,,5.03120507471728,,10.3896760281012,
12/31/2014,,134.722,140.108,-2.15645562216697,131.846,131.73095,,5.04634397528322,,-10.878308351509,,-9.89574190528312,,1.80232558139536,,,,3.99786226451507,
03/31/2015,,123.389,133.491,-0.439834351244334,123.843,135.05092,,10.9902067464635,,-1.95516536192051,,-0.124011118238193,,-0.0716332378223455,,-0.573552084729856,,8.18711554514585,
06/30/2015,,163.667,191.284,0.439981067231905,193.718,172.4216,,16.4817749603803,,12.6279481492033,,11.0203790926179,,2.16223398328692,,20.2933038366479,,16.8738963871764,
09/30/2015,,126.529,137.625,1.96595187858499,124.559,138.8368,,8.38445807770962,,6.91780227410815,,9.17814109084807,,1.54568224299065,,-2.92831669624973,,8.76953109563816,
12/31/2015,,131.455,175.324,1.71788269912392,164.708,175.324,,33.5311572700297,,3.1759734311445,,2.12747504079561,,-4.63690015360982,,8.98724111049738,,33.3718763074816,
03/31/2016,,135.077,178.017,2.7111236288469,290.897,177.86696,,29.8578199052133,,11.3952933964513,,10.7141338097061,,0.864909509202444,,50.9116935483871,,31.7892757464261,
06/30/2016,,192.133,205.124,-0.0786816404282708,184.608,205.124,,5.4739652870494,,5.04112676056338,,5.31126147169186,,1.34040089418779,,0.513501805054157,,6.7614621121827,
09/30/2016,,125.222,163.923,1.07050400274864,145.997,164.00298,,31.9371727748691,,3.71107572540693,,8.81800675698828,,-2.22812130637636,,13.6363235773648,,30.9059111018831,
12/31/2016,,140.556,133.724,1.04317552863702,52.093,124.405,,-4.76190476190476,,3.5638143582306,,6.8381056370288,,-2.54674961360124,,-2.37076543209877,,-4.86069609266059,
03/31/2017,,157.0,368.711,-0.226238800362631,199.9,199.9,,136.180904522613,,10.9299421373825,,10.1451829723674,,3.16759571209802,,20.4846782886922,,134.847770700637,
06/30/2017,,207.818,412.798,-0.766154466695553,234.075,233.19708,,99.6153797468354,,2.03035162940899,,1.94632480236691,,2.40195151515152,,8.83793053816761,,98.6343820073333,
09/30/2017,,128.4,136.712,-0.873559077809796,124.088,138.22604,,8.69565217391305,,-1.21850393700787,,2.94794275127751,,,,-3.1469155002592,,6.47352024922117,
12/31/2017,,153.9,181.888,4.38893480522798,65.872,182.393,,16.5540540540541,,4.83856694776656,,7.98399767238872,,-1.28961102362205,,13.7271458478716,,18.1858349577648,
03/31/2018,,185.333,,,,,,,,,,,,,,,,,
06/30/2018,,217.333,,,,,,,,,,,,,,,,,
