Date,Revenue,Consensus Estimate,Comparable Actual,Revenue Surprise %,GAAP Actual,Adjusted Actual,Earnings Per Share,EPS Surprise %,EBIT,EBIT Surprise %,EBITDA,Gross Margin %,Pretax Income (Loss),Pretax Income (Loss) Surprise %,Net Income,Net Income Surprise %,Source: Bloomberg
12/31/1990,,,0.595,,0.595,0.595,,,,,,,,,,,
03/31/1991,,,0.819,,0.819,0.819,,,,,,,,,,,
06/30/1991,,,0.951,,0.951,0.951,,,,,,,,,,,
09/30/1991,,,0.0,,1.155,1.155,,,,,,,,,,,
12/31/1991,,,1.372,,1.372,1.372,,,,,,,,,,,
04/04/1992,,,1.6,,1.6,1.6,,,,,,,,,,,
07/04/1992,,,2.0,,2.0,2.0,,,,,,,,,,,
09/30/1992,,,0.0,,2.16,2.16,,,,,,,,,,,
12/31/1992,,,2.387,,2.671,2.671,,,,,,,,,,,
03/31/1993,,,2.959,,3.427,3.427,,,,,,,,,,,
06/30/1993,,,3.684,,4.113,4.113,,,,,,,,,,,
09/30/1993,,,0.0,,4.79,4.79,,,,,,,,,,,
12/31/1993,,,4.373,,5.243,5.243,,,,,,,,,,,
03/31/1994,,,0.188,,-0.373,-0.373,,,,,,,,,,,
06/30/1994,,,3.5,,2.69,2.69,,,,,,,,,,,
09/30/1994,,,0.0,,6.645,6.645,,,,,,,,,,,
12/31/1994,,,7.464,,7.806,7.806,,,,,,,,,,,
03/31/1995,,,8.669,,8.318,8.318,,,,,,,,,,,
06/30/1995,,,3.712,,3.712,3.712,,,,,,,,,,,
09/30/1995,,,0.0,,10.464,10.464,,,,,,,,,,,
12/30/1995,,,11.65,,13.517,13.517,,,,,,,,,,,
03/30/1996,,,25.4,,-12.05,-12.05,,,,,,,,,,,
06/29/1996,,,12.672,,15.046,15.046,,,,,,,,,,,
09/30/1996,,,18.806,,-2.491,-2.491,,,,,,,,,,,
12/28/1996,,,16.15,,24.332001,24.332001,,,,,,,,,,,
03/31/1997,,,27.299999,,6.905,6.905,,,,,,,,,,,
06/30/1997,,,20.200001,,24.120001,24.120001,,,,,,,,,,,
09/30/1997,,,0.0,,26.629,26.629,,,,,,,,,,,
12/28/1997,,,31.922001,,-6.62,-6.62,,,,,,,,,,,
03/31/1998,,,37.415001,,25.174,25.174,,,,,,,,,,,
06/30/1998,,,35.876701,,33.834,33.834,,,,,,,,,,,
09/30/1998,,,28.878,,37.903999,37.903999,,,,,,,,,,,
12/31/1998,,,40.390999,,40.390999,40.390999,,,,,,,,,,,
03/31/1999,,,42.888,,26.621,26.621,,,,,,,,,,,
07/03/1999,,,46.264,,41.355,41.355,,,,,,,,,,,
09/30/1999,,,52.994999,,52.995003,52.995003,,,,,,,,,,,
12/31/1999,,,50.702999,,45.103001,45.103001,,,,,,,,,,,
04/30/2000,,,37.264,,33.574001,33.574001,,,,,,,,,,,
07/29/2000,,,45.269001,,41.370998,41.370998,,,,,,,,,,,
10/31/2000,,,-20.997999,,-22.27,-22.27,,,,,,,,,,,
01/31/2001,,,12.687,,9.464,9.464,,,,,,,,,,,
04/30/2001,,,15.783,,12.49,12.49,,,,,,,,,,,
08/04/2001,,,18.042999,,14.45,14.45,,,,,,,,,,,
10/31/2001,,,24.492001,,20.397,20.397,,,,,,,,,,,
01/31/2002,,,17.319,,14.052,14.052,,,,,,,,,,,
04/30/2002,,,25.076,,21.379999,21.379999,,,,,,,,,,,
07/31/2002,,,39.674999,,-137.589005,-137.589005,,,,,,,,,,,
10/31/2002,,,73.672997,,-97.836,-97.836,,,,,,,,,,,
01/31/2003,,,52.466999,,34.385,34.385,,,,,,,,,,,
04/30/2003,,,61.191002,,22.289,22.289,,,,,,,,,,,
07/31/2003,,,66.884003,,48.474998,48.474998,,,,,,,,,,,
10/31/2003,,,71.597,,44.575,44.575,,,,,,,,,,,
01/31/2004,,,54.32,,32.152,32.152,,,,,,,,,,,
04/30/2004,,,57.085999,,28.739,28.739,,,,,,,,,,,
07/31/2004,,,53.228001,,41.827999,41.827999,,,,,,,,,,,
10/31/2004,,,1.797,,-28.382,-28.382,,,,,,,,,,,
01/31/2005,,,14.616,,-14.325,-14.325,,,,,,,,,,,
04/30/2005,,,12.723,,-4.972,-4.972,,,,,,,,,,,
07/31/2005,,12.8,15.187,,17.294,17.294,,25.0,,,,,,,,18.6484375,
10/31/2005,,14.167,14.945,,-15.111,-15.111,,25.0,,,,,,,,5.49163549092963,
01/31/2006,,20.92,26.396,0.653382978723395,1.697,1.697,,28.5714285714286,,,,,,,,26.1759082217973,
04/30/2006,,23.05,24.483999,3.24486911171815,5.375,5.375,,7.59493670886077,,,,,,,,6.22125379609544,
07/31/2006,,27.2,30.146,1.07858085688241,7.55,7.55,,46.8531468531469,,,,,,,,10.8308823529412,
10/31/2006,,28.229,30.132,1.61685450470641,10.12,10.12,,48.936170212766,,,,,,,,6.74129441354636,
01/31/2007,,36.24,44.060001,2.81164075342466,23.357,23.357,,15.3846153846154,,,,,,,,21.578369205298,
04/30/2007,,42.175,53.160999,0.268707105766697,41.265,41.265,,20.2749140893471,,,,,,,,26.0486046235922,
07/31/2007,,46.433,47.699001,0.778124937862461,24.855,24.855,,3.8961038961039,,,,,,,,2.72651131738204,
10/31/2007,,54.4,60.041,2.01715275080906,41.014,41.014,,9.58904109589042,,,,,,,,10.3694852941176,
01/31/2008,,56.217,66.0,0.948798719999995,46.445,46.445,,14.8825065274151,,,,,,,,17.4022092961204,
04/30/2008,,56.74,59.66,1.10685638629283,39.387,39.387,,7.61154855643044,,,,,,,,5.14628128304546,
07/31/2008,,56.72,64.503998,1.39304390100178,57.749,57.749,,12.8205128205128,,,,,,,,13.7235507757405,
10/31/2008,,56.76,62.678001,0.705612374512249,46.397,46.397,,14.0583554376658,,,,,,,,10.4263583509514,
01/31/2009,,58.675,71.596001,1.64697232610321,52.429,54.227136,,23.4567901234568,,,,,,,,22.0213054963784,
04/30/2009,,57.92,65.903,0.248509226190477,48.288,48.288,,11.9402985074627,,,,,,,,13.7828038674033,
07/31/2009,,59.8,68.297997,-0.0645622466705157,47.436,49.906,,15.1960784313726,,,,,,,,14.2106973244147,
10/31/2009,,46.5,49.498001,-0.310899617779598,19.528,26.090045,,4.76190476190477,,,,,,,,6.44731397849463,
01/31/2010,,57.86,62.418999,0.507455707762555,132.786,41.8169,,6.49350649350648,,,,,,,,7.87936225371587,
04/30/2010,,58.967,61.933998,1.00253562359971,39.549,42.546936,,4.32569974554706,,,,,,,,5.03162446792274,
07/31/2010,,56.767,58.182999,0.500816107382553,39.327,39.778532,,4.0,,,,,,,,2.49440520020434,
10/31/2010,,59.05,59.853001,5.56476001428304,25.401,31.40505,,0.775193798449613,,,,,,,,1.35986621507198,
01/31/2011,,60.125,68.300003,-0.0427598684210626,48.226,50.030057,,10.5527638190955,,,,,,,,13.5966785862786,
04/30/2011,,69.25,68.535004,0.889290876473602,81.114,47.233257,,0.446428571428572,,,,,,,,-1.03248519855596,
07/31/2011,,65.025,68.094002,1.12287921568627,52.082,51.457153,,7.72833723653396,,,,,,,,4.7197262591311,
10/31/2011,,66.767,65.828003,0.034323002049186,39.942,40.752321,,0.0,,,,,,,,-1.40637889975587,
01/31/2012,,74.12,82.33,2.14249191614394,56.694,57.947784,,7.6923076923077,,,,,,,,11.0766324878575,
04/30/2012,,80.7,78.498,3.69609462462513,20.971,43.14067,,-3.10786106032907,,,,,,,,-2.72862453531598,
07/31/2012,,75.68,82.333,-0.0569819819819788,75.656,78.489691,,9.56175298804782,,,,,,,,8.7909619450317,
10/31/2012,,70.98,72.365,1.87962757355332,29.081,35.327547,,-0.634249471458774,,,,,,,,1.95125387433078,
01/31/2013,,84.667,102.967,0.282186576614603,69.922,70.888441,,21.8181818181818,,,,,,,,21.6140881335113,
04/30/2013,,98.35,103.664,0.622774186916911,68.691,70.274308,,4.43037974683545,,,,,,,,5.40315200813422,
07/31/2013,,84.8,86.498,0.225793129496918,52.297,49.529826,,1.85185185185185,,,,,,,,2.00235849056605,
10/31/2013,,87.625,88.288,-0.306854465285356,56.89,59.22078,,1.26582278481013,,,,,,,,0.756633380884447,
01/31/2014,,80.64,93.087,-0.425987525987521,67.696,58.238262,,13.4615384615385,,,,,,11.2741784037559,,15.4352678571429,
04/30/2014,,94.217,101.695,0.89101096224117,63.317,64.476905,,8.51419031719533,,,,,,-0.558870967741934,,7.93699650806117,
07/31/2014,,95.26,103.151,0.100904302053013,65.656,63.501956,,7.61589403973511,,,,,,5.0546218487395,,8.2836447617048,
10/31/2014,,95.2,100.947,-0.55129151291514,62.455,60.071061,,5.78512396694215,,-9.07476965816532,,,,-5.52950819672131,,6.03676470588235,
01/31/2015,,98.24,125.671,0.0343263997696875,65.189,78.223249,,28.2051282051282,,11.1336,,,,14.5391650099403,,27.9224348534202,
04/30/2015,,98.75,107.559,1.91202560585276,55.596,58.82908,,7.93650793650794,,4.54761904761904,,,,9.98976377952757,,8.92050632911392,
07/31/2015,,93.525,99.678,0.0676954210169034,55.387,51.247008,,6.23946037099495,,-6.24650070612617,,,,-3.41416666666666,,6.57898957497994,
10/31/2015,,103.133,105.521,1.70196403115707,49.762,58.230003,,2.13414634146342,,-2.03953488372093,,,,-0.282642089093698,,2.3154567403256,
01/31/2016,,96.775,105.933,-0.0402578612703426,60.035,64.157746,,10.2106969205835,,16.0751054852321,,,,9.28743931075401,,9.46318780676828,
04/30/2016,,122.4,125.628,0.475302378338695,69.376,72.123143,,2.66159695817491,,-3.97432749042591,,,,2.71258278145696,,2.63725490196078,
07/31/2016,,114.0,116.215,2.04808105404764,64.718,70.170255,,3.12075983717775,,,,,,1.93605683836589,,1.94298245614035,
10/31/2016,,117.2,119.059,0.821406525432899,72.697,79.643504,,0.260416666666667,,,,,,1.89670710571923,,1.58617747440273,
01/31/2017,,120.5,145.077,2.33535928664704,86.588,100.167551,,20.0510855683269,,,,,,20.0449061662198,,20.3958506224066,
04/30/2017,,132.167,135.844,1.11708170025989,53.306,94.406705,,2.56410256410257,,,,,,3.01535626535626,,2.78208629990844,
07/31/2017,,142.167,141.645,0.585535480007464,116.751,119.661496,,0.0,,-36.7965957446809,,,,-32.4903409090909,,-0.367173816708513,
10/31/2017,,89.067,106.511,7.0296164169313,-120.082,5.439142,,20.4188481675393,,,,,,175.548046658026,,19.5852560432034,
01/31/2018,,153.6,169.555,2.41943427620633,-3.691,125.463902,,10.4417670682731,,-3.69076517150396,,,,3.11693121693121,,10.3873697916667,
04/30/2018,,167.6,164.992,0.139993554624559,102.472,137.998616,,-0.0925069380203413,,2.08345186802046,,,,0.0242616033755233,,-1.55608591885442,
07/31/2018,,140.6,145.616,0.754514617993869,79.409,98.425432,,3.71179039301309,,-20.4259372661087,,,,-15.6975308641975,,3.56756756756758,
10/31/2018,,119.8,119.582,0.45255843335439,254.328,83.605897,,0.386100386100386,,,,,,,,-0.18196994991653,
01/31/2019,,148.2,164.895,3.00993560003465,153.514,149.484235,,11.8012422360249,,10.1830167879649,,,,11.1046511627907,,11.2651821862348,
04/30/2019,,168.2,178.102,0.812778782399031,118.21,144.327369,,5.93607305936073,,4.20547053885852,,,,14.4518555667001,,5.8870392390012,
07/31/2019,,168.2,182.458,2.62836516769439,99.929,120.618765,,7.66423357664232,,-27.2129318318627,,,,-22.9004004004004,,8.4768133174792,
10/31/2019,,174.0,177.068,0.442329048909938,160.714,163.858301,,2.0408163265306,,1.68269230769231,,,,4.21044921875,,1.7632183908046,
01/31/2020,,141.429,156.674,1.49249918806584,104.061,111.642152,,10.0217864923747,,8.03468208092486,,,,16.8728314536819,,10.7792602648679,
04/30/2020,,152.125,188.273,3.11921970421646,109.92,132.909111,,23.6068895643364,,20.4570184983678,,,,-39.6062353823992,,23.7620377978636,
07/31/2020,,208.3,271.946,7.82639232168061,252.911,253.199589,,29.368029739777,,-15.9071428571429,,,,-3.5315465654606,,30.5549687950072,
10/31/2020,,243.8,,,,,,,,,,,,,,,
01/31/2021,,226.714,,,,,,,,,,,,,,,
