Date,Basic Shares Outstanding,Diluted Weighted Avg Shares,Basic Weighted Avg Shares,Per Share Data Items,Revenue,Net Revenue,Operating Income,Net Income to Common - Basic,Net Income before XO - Basic,Normalized Net Income - Basic,Net Income to Common - Diluted,Net Income before XO - Diluted,Normalized Net Income - Diluted,Dividends,Cash Flow,Free Cash Flow,Cash & Equivalents,Book Value,Tangible Book Value,Source: Bloomberg
03/31/1990,183.039754,183.208501,183.208501,,1.105675,0.468641,0.081737,0.06963,0.06963,,0.06963,0.06963,0.06963,0.038519,0.263159,,2.276943,2.804413,,
06/30/1990,183.397501,183.397501,183.397501,,1.166019,0.494347,0.13769,0.103704,0.103704,,0.103704,0.103704,0.103704,0.038519,0.072111,,2.871108,2.865175,,
09/30/1990,183.498746,183.465002,183.465002,,1.183425,0.498177,0.135737,0.102222,0.102222,,0.102222,0.102222,0.102222,0.038519,0.104429,,2.379068,2.928347,,
12/31/1990,183.505507,183.502118,183.502118,,1.276356,0.553111,0.1359,0.105185,0.105185,0.105185,0.105185,0.105185,0.105185,0.038519,0.271899,,2.531652,2.994858,,
03/31/1991,183.674253,184.2885,184.2885,,1.233767,0.56335,0.144306,0.10963,0.10963,,0.10963,0.10963,0.10963,0.04,0.220366,,2.353362,3.064077,,
06/30/1991,183.964498,185.327996,185.327996,,1.230602,0.594276,0.166445,0.121481,0.121481,,0.121481,0.121481,0.121481,0.04,0.015065,,2.085777,3.146335,,
09/30/1991,193.947749,192.732747,192.732747,,1.230071,0.611053,0.171372,0.122963,0.122963,,0.122963,0.122963,0.122963,0.04,0.207889,,2.53361,3.249066,,
12/31/1991,197.51175,195.728717,195.728717,,1.226683,0.645935,0.167809,0.12,0.12,0.12,0.12,0.12,0.12,0.04,0.279959,,2.479812,3.351699,,
03/31/1992,197.9055,200.241005,200.241005,,1.146364,0.644413,0.182645,0.128889,0.128889,,0.128889,0.128889,0.128889,0.043333,-0.244016,,2.546695,3.437252,,
06/30/1992,198.270006,200.547009,200.547009,,1.195839,0.706353,0.198158,0.137778,0.137778,,0.137778,0.137778,0.137778,0.043333,0.538951,,3.357553,3.53062,,
09/30/1992,212.129997,207.940498,207.940498,,1.174524,0.725847,0.204578,0.14,0.14,,0.14,0.14,0.14,0.043333,0.294608,,2.886244,3.729774,,
12/31/1992,223.429505,217.78128,217.78128,,1.153272,0.735623,0.2114,0.146667,0.146667,0.146667,0.146667,0.146667,0.146667,0.043333,0.225745,,2.864648,3.850664,,
03/31/1993,230.849997,228.735008,228.735008,,1.147236,0.726137,0.225645,0.153333,0.153333,,0.153333,0.153333,0.153333,0.048889,0.300907,,2.138596,4.000979,,
06/30/1993,231.884995,233.258995,233.258995,,1.171929,0.738857,0.237714,0.16,0.16,,0.16,0.16,0.16,0.05,0.123772,,2.006796,4.117295,,
09/30/1993,232.827003,234.593994,234.593994,,1.189971,0.76328,0.248578,0.166667,0.166667,,0.166667,0.166667,0.166667,0.05,0.316896,,2.50294,4.251865,,
12/31/1993,238.203003,236.571006,236.571006,,1.214506,0.790507,0.250031,0.166667,0.166667,0.166667,0.166667,0.166667,0.166667,0.05,0.071264,,2.76007,4.415419,,
03/31/1994,238.343994,239.541,239.541,,1.189896,0.772928,0.256966,0.17,0.17,,0.17,0.17,0.17,0.056667,0.434335,,2.542288,4.483541,,
06/30/1994,239.823006,239.960999,239.960999,,1.276707,0.806852,0.264201,0.176667,0.176667,,0.176667,0.176667,0.176667,0.056667,0.190523,,2.397918,4.560859,,
09/30/1994,243.777008,242.865005,242.865005,,1.394248,0.845676,0.275968,0.183333,0.183333,,0.183333,0.183333,0.183333,0.056667,0.420563,,2.501594,4.629177,,
12/31/1994,244.278009,245.106009,245.106009,,1.482571,0.849334,0.283,0.186667,0.186667,0.186667,0.186667,0.186667,0.186667,0.056667,0.330082,,2.812177,4.647442,,
03/31/1995,245.882996,246.444008,246.444008,,1.572544,0.854295,0.288256,0.19,0.19,,0.19,0.19,0.19,0.066667,0.449765,0.349686,2.293652,4.822851,,
06/30/1995,250.391991,248.426994,248.426994,,1.66397,0.87856,0.293676,0.193333,0.193333,,0.193333,0.193333,0.193333,0.066667,0.063709,-0.039138,2.573205,5.022233,,
09/30/1995,262.872002,252.735008,252.735008,,1.723726,0.9057,0.307445,0.2,0.2,,0.2,0.2,0.2,0.066667,0.1459,0.069947,3.012717,5.277302,,
12/31/1995,263.711997,265.013991,265.013991,,1.723388,0.92134,0.310723,0.203333,0.203333,0.203333,0.203333,0.203333,0.203333,0.066667,0.770918,0.697141,3.38492,5.425881,,
03/31/1996,284.910004,269.261993,267.167999,,1.751422,0.95587,0.331683,0.215,0.215,0.215,0.215,0.215,0.215,0.073333,0.133762,0.081915,2.527212,5.534969,,
06/30/1996,287.817009,287.22599,286.922997,,1.749239,0.9558,0.340161,0.22,0.22,0.22,0.22,0.22,0.22,0.073333,0.165877,0.075874,2.731889,5.640827,,
09/30/1996,288.965996,290.01899,285.744003,,1.848133,1.000756,0.380767,0.23,0.23,0.26,0.225,0.225,0.256667,0.073333,0.287408,0.217366,3.186423,5.807569,,
12/31/1996,288.417,290.597991,288.344994,,1.945985,1.058649,0.369325,0.236667,0.236667,0.236667,0.236667,0.236667,0.236667,0.073333,0.54012,0.449618,3.188089,6.015221,,
03/31/1997,298.85701,295.47599,293.042999,,1.954075,1.046038,0.375774,0.24,0.24,0.24,0.24,0.24,0.24,0.083333,0.428053,0.342254,2.87312,6.258699,,
06/30/1997,299.138992,301.284004,298.992004,,2.081099,1.090568,0.392689,0.25,0.25,0.25,0.25,0.25,0.25,0.083333,0.163416,0.061279,3.383671,6.524589,,
09/30/1997,299.381996,302.076004,299.325005,,2.151635,1.121156,0.409592,0.265,0.265,0.265,0.26,0.26,0.26,0.083333,0.245552,0.184585,3.100691,6.730795,,
12/31/1997,307.329003,309.081,305.963997,,2.169736,1.138974,0.417438,0.27,0.27,0.27,0.265,0.265,0.265,0.083333,-1.494088,-1.605287,3.017249,7.141015,,
03/31/1998,320.876007,319.996002,316.747986,,2.164434,1.141185,0.413916,0.275,0.275,0.275,0.27,0.27,0.27,0.095,0.066529,-0.019779,2.588159,7.746939,6.877744,
06/30/1998,329.35199,325.424011,322.359985,,2.261723,1.18878,0.418231,0.28,0.28,0.28,0.275,0.275,0.275,0.095,0.001387,-0.079222,3.521369,7.823818,7.007974,
09/30/1998,330.492004,332.731995,330.032013,,2.288911,1.200544,0.416263,0.285,0.285,0.285,0.285,0.285,0.285,0.095,-0.472154,-0.490795,2.845328,8.048899,6.363455,
12/31/1998,334.421997,334.817993,332.496002,,2.325505,1.251585,0.434595,0.295,0.295,0.295,0.295,0.295,0.295,0.095,0.805068,0.731837,3.132446,8.188056,6.544357,
03/31/1999,334.64801,337.174011,334.540009,,2.337033,1.278077,0.462016,0.31,0.31,0.31,0.31,0.31,0.31,0.11,0.315056,0.277841,2.964784,8.359201,6.70053,
06/30/1999,334.951996,337.492004,334.877991,,2.395729,1.325214,0.487112,0.33,0.33,0.33,0.325,0.325,0.325,0.11,0.537823,0.486718,3.535883,8.447572,6.821903,
09/30/1999,335.605988,337.484009,335.308014,,2.575453,1.399278,0.499899,0.335,0.335,0.335,0.335,0.335,0.335,0.11,1.357328,1.302301,3.468994,8.598002,6.828254,
12/31/1999,335.809998,337.940002,335.742004,,2.687558,1.399658,0.516498,0.345,0.345,0.345,0.345,0.345,0.345,0.11,0.152221,0.069777,2.744903,8.717513,6.98051,
03/31/2000,336.191986,337.394012,336.074005,,2.764221,1.397419,0.521796,0.35,0.35,0.35,0.35,0.35,0.35,0.125,0.370767,0.348233,2.87859,8.846924,7.089571,
06/30/2000,336.467987,337.56601,336.368011,,2.856113,1.39689,0.525826,0.36,0.36,0.36,0.36,0.36,0.36,0.125,0.52211,0.452965,3.535582,9.108872,7.290598,
09/30/2000,336.48999,337.832001,336.477997,,3.000366,1.44591,0.531568,0.36,0.36,0.36,0.36,0.36,0.36,0.125,0.626992,0.583566,2.647452,9.479239,7.726592,
12/31/2000,338.105988,338.447998,336.821991,,2.970489,1.381733,0.535306,0.36,0.36,0.36,0.36,0.36,0.36,0.125,0.733842,0.699821,2.969445,9.915417,8.1995,
03/31/2001,339.937988,341.727997,338.649994,,2.878656,1.421178,0.565389,0.38,0.38,0.38,0.38,0.38,0.38,0.14,0.428584,0.372252,2.648833,10.385997,8.59029,
06/30/2001,340.010986,344.048004,339.973999,,2.801135,1.513286,0.60449,0.41,0.41,0.41,0.4,0.4,0.4,0.14,0.422862,0.321304,2.728732,10.586832,8.818412,
09/30/2001,342.684998,346.540985,342.18399,,2.693884,1.546507,0.623045,0.41,0.41,0.41,0.41,0.41,0.41,0.14,1.017409,0.913479,2.896389,11.380974,9.437192,
12/31/2001,346.27301,348.769012,344.815002,,2.589258,1.665186,0.630176,0.42,0.42,0.42,0.42,0.42,0.42,0.14,-0.690312,-0.795545,3.445787,11.442922,9.198566,
03/31/2002,346.705994,350.403015,346.506012,,2.411825,1.657336,0.676193,0.46,0.46,0.46,0.45,0.45,0.45,0.17,1.566363,1.443681,2.737619,11.644397,9.345916,
06/30/2002,346.765991,351.463989,346.740997,,2.398721,1.695487,0.68732,0.46,0.46,0.46,0.46,0.46,0.46,0.17,0.653009,0.521992,3.26128,12.447201,10.170035,
09/30/2002,346.843994,351.007996,346.802002,,2.396586,1.716882,0.700971,0.47,0.47,0.47,0.47,0.47,0.47,0.17,-0.149999,-0.230774,3.918064,13.072944,10.762596,
12/31/2002,346.924011,350.868011,346.871002,,2.386533,1.754226,0.711423,0.48,0.48,0.48,0.48,0.48,0.48,0.17,-0.207224,-0.27151,2.930149,13.338889,11.039086,
03/31/2003,341.881989,350.493988,345.514008,,2.251214,1.67417,0.726518,0.5,0.5,0.5,0.49,0.49,0.49,0.21,1.261167,1.224547,3.324524,13.229904,10.906094,
06/30/2003,337.529999,343.578003,340.220001,,2.35671,1.800118,0.757677,0.51,0.51,0.51,0.51,0.51,0.51,0.21,-0.489742,-0.552249,3.851794,13.322902,10.935132,
09/30/2003,333.209991,339.875,336.18399,,2.28372,1.791195,0.772752,0.53,0.53,0.53,0.53,0.53,0.53,0.21,1.261431,1.197912,3.988254,13.147844,10.738882,
12/31/2003,330.243011,336.229004,332.062012,,2.253633,1.773434,0.783095,0.54,0.54,0.54,0.54,0.54,0.54,0.21,1.553692,1.481446,3.896924,13.201908,10.781031,
03/31/2004,329.821014,335.251007,331.027008,,2.209493,1.741042,0.795875,0.55,0.55,0.55,0.55,0.55,0.55,0.24,0.615962,0.517949,4.703466,13.635383,11.221028,
06/30/2004,332.492004,336.450012,332.036987,,2.459648,1.992531,0.851938,0.59,0.59,0.59,0.58,0.58,0.58,0.24,0.182883,0.044709,3.039682,13.409643,10.818324,
09/30/2004,333.518005,338.662994,333.657013,,2.256578,1.724966,0.833173,0.56,0.56,0.56,0.56,0.56,0.56,0.24,,,2.763566,14.195477,11.618731,
