Date,Revenue,Consensus Estimate,Comparable Actual,Revenue Surprise %,GAAP Actual,Adjusted Actual,FFO Per Share,FFO Per Share Surprise %,EBIT,EBIT Surprise %,EBITDA,EBITDA Surprise %,Net Income,Net Income Surprise %,Source: Bloomberg
03/31/1994,,,10.815,,8.534,8.534,,,,,,,,,
06/30/1994,,,13.623,,6.749,6.749,,,,,,,,,
09/30/1994,,,14.721,,8.604,8.604,,,,,,,,,
12/31/1994,,,2.198,,-0.51,-0.51,,,,,,,,,
03/31/1995,,,12.647,,12.647,12.647,,,,,,,,,
06/30/1995,,,14.195,,13.947,13.947,,,,,,,,,
09/30/1995,,,17.41,,14.774,14.774,,,,,,,,,
12/31/1995,,,16.813999,,16.413,16.413,,,,,,,,,
03/31/1996,,,13.419,,13.154001,13.154001,,,,,,,,,
06/30/1996,,,13.412,,13.412,13.412,,,,,,,,,
09/30/1996,,,17.313999,,14.783999,14.783999,,,,,,,,,
12/31/1996,,,31.938,,31.211999,31.211999,,,,,,,,,
03/31/1997,,,31.48,,8.233,8.233,,,,,,,,,
06/30/1997,,,26.417999,,24.951,24.951,,,,,,,,,
09/30/1997,,,17.427,,44.642,44.642,,,,,,,,,
12/31/1997,,,32.605999,,30.163002,30.163002,,,,,,,,,
03/31/1998,,,23.948,,23.947999,23.947999,,,,,,,,,
06/30/1998,,,20.443001,,27.466999,27.466999,,,,,,,,,
09/30/1998,,,28.988001,,28.965999,28.965999,,,,,,,,,
12/31/1998,,,53.073002,,53.217001,53.217001,,,,,,,,,
03/31/1999,,,36.728001,,34.954,34.954,,,,,,,,,
06/30/1999,,,38.505001,,14.991,14.991,,,,,,,,,
09/30/1999,,,54.845001,,42.435,42.435,,,,,,,,,
12/31/1999,,,42.904999,,50.426998,50.426998,,,,,,,,,
03/31/2000,,,41.025002,,28.243,28.243,,,,,,,,,
06/30/2000,,,41.012001,,41.012,41.012,,,,,,,,,
09/30/2000,,,42.025002,,42.025,42.025,,,,,,,,,
12/31/2000,,,75.457001,,75.248,75.248,,,,,,,,,
03/31/2001,,,32.602001,,30.939,30.939,,,,,,,,,
06/30/2001,,,36.745998,,36.746,36.746,,,,,,,,,
09/30/2001,,,36.471001,,36.251,36.251,,,,,,,,,
12/31/2001,,,90.507004,,43.853,43.853,,,,,,,,,
03/31/2002,,,30.006001,,30.006,30.006,,,,,,,,,
06/30/2002,,,155.595993,,173.17,173.17,,,,,,,,,
09/30/2002,,,58.445,,58.903,58.903,,,,,,,,,
12/31/2002,,,90.288002,,96.308,96.308,,,,,,,,,
03/31/2003,,,55.139999,,55.14,55.14,,,,,,,,,
06/30/2003,,,67.595001,,50.292,50.292,,,,,,,,,
09/30/2003,,,65.827003,,42.721,42.721,,,,,,,,,
12/31/2003,,,115.664001,,,,,,,,,,,,
03/31/2004,,,48.854,,48.351,48.351,,,,,,,,,
06/30/2004,,,68.825996,,70.711,70.711,,,,,,,,,
09/30/2004,,,74.531998,,74.141,74.141,,,,,,,,,
12/31/2004,,,92.717003,,107.444,107.444,,,,,,,,,
03/31/2005,,,57.092999,,57.067,57.067,,,,,,,,,
06/30/2005,,,33.522999,,154.811,154.811,,,,,,,,,
09/30/2005,,102.0,63.438,,74.358,74.358,,2.37135135135135,,,,,,-37.8058823529412,
12/31/2005,,130.667,93.967003,,115.659,115.659,,5.69969879518071,,,,,,-28.0866607483144,
03/31/2006,,78.55,103.853996,17.2677810581732,104.017,104.017,,10.7885819521178,,,,,,32.213871419478,
06/30/2006,,81.067,82.890999,12.5775864693446,82.868,82.868,,3.18730703259005,,,,,,2.24998951484575,
09/30/2006,,119.5,94.648003,-0.427361143204616,94.592,94.592,,1.91789819376027,,,,,,-20.796650209205,
12/31/2006,,205.333,204.425995,7.04746027713626,204.668,204.668,,7.62246949030869,,,,,,-0.441723931370018,
03/31/2007,,71.675,98.542999,13.5279764188649,98.381,98.381,,7.14193284193284,,,,,,37.4858723404255,
06/30/2007,,103.55,59.900002,-3.35004437669377,59.917,59.917,,-1.88949019607842,,,,,,-42.1535470787059,
09/30/2007,,103.125,82.765999,8.43234759741812,164.937,164.937,,2.66148748159056,,,,,,-19.7420615757576,
12/31/2007,,157.4,163.143997,5.75246923666072,112.929,112.929,,3.93388991960421,,,,,,3.64929923761119,
03/31/2008,,91.733,87.932999,4.95873083235638,87.933,87.933,,1.17148040638607,,,,,,-4.14245800311775,
06/30/2008,,100.333,96.902,3.23792181208053,76.572,76.572,,0.337799717912558,,,,,,-3.41961268974315,
09/30/2008,,116.543,112.808998,14.5157887392901,112.809,112.809,,2.42351765489674,,,,,,-3.20396935036854,
12/31/2008,,186.714,166.395004,13.5427408457385,145.203,145.203,,0.174844895657084,,,,,,-10.8824169585569,
03/31/2009,,50.36,106.768,14.9963566433041,106.768,106.768,,9.38630993745656,,,,-2.27511811023622,,112.009531374106,
06/30/2009,,84.729,126.247,10.0989732273947,-20.76,119.718,,0.77350111028868,,,,-2.32911264133408,,49.0009323844256,
09/30/2009,,104.857,139.189,5.22177544584206,105.547,105.547,,4.27992395437263,,,,-3.06926404966598,,32.741733980564,
12/31/2009,,146.2,196.812,12.43083652269,91.543,191.115,,9.28242264647795,,,,-7.99728291320402,,34.6183310533516,
03/31/2010,,54.243,174.998,10.3903341288783,9.373,168.956,,12.0381406436234,,,,7.58795940095576,,222.618586730085,
06/30/2010,,135.833,151.174,3.09950303699614,151.174,131.15,,3.21615557217651,,,,-4.6225241982961,,11.2940154454367,
09/30/2010,,185.333,512.346,-2.73679257613384,230.624,121.404,,0.111234705228031,,,,-5.20985964014768,,176.446180658598,
12/31/2010,,209.333,280.828,6.45731127590798,217.923,217.923,,2.06422018348624,,,,1.17327712595716,,34.1537168052815,
03/31/2011,,151.667,178.578,5.14164948453609,179.412,179.412,,4.74951203643462,,,,-2.40278040489509,,17.7434774868627,
06/30/2011,,174.667,205.955,6.12010403402008,205.121,205.121,,4.4965167827739,,,,2.30773873607055,,17.9129429142311,
09/30/2011,,208.0,274.0,5.95266272189348,274.0,274.0,,2.64105642256903,,,,-0.114055686011409,,31.7307692307692,
12/31/2011,,255.0,-47.224,5.85964753727971,362.93,362.93,,0.262467191601044,,,,-1.6241504854369,,,
03/31/2012,,199.25,644.576,5.71270666036845,645.41,645.41,,8.20451843043996,,,,2.36742521094348,,223.50112923463,
06/30/2012,,201.375,43.823,2.16503896760569,215.445,215.445,,4.3046357615894,,,,-4.24157448642437,,-78.2381129733085,
09/30/2012,,232.0,255.755,2.84179608208815,254.921,254.921,,3.69984366857738,,,,2.3732079905993,,10.239224137931,
12/31/2012,,325.6,36.175,3.33827824750192,315.383,315.383,,5.57860765329645,,,,0.289346859744721,,-88.889742014742,
03/31/2013,,230.125,283.138,2.84516236063665,283.138,283.138,,1.8886679920477,,,,-6.33374899833305,,23.0366105377512,
06/30/2013,,270.4,339.936,-0.517860016090096,339.936,298.54,,1.93236714975846,,,,0.315413000283851,,25.715976331361,
09/30/2013,,300.111,311.675,0.37428703560968,311.675,273.094,,4.739336492891,,,,1.7911028162222,,3.8532409675087,
12/31/2013,,373.889,381.555,1.3351459645106,381.555,332.588,,1.56250000000001,,,,2.64506730962428,,2.05034114402938,
03/31/2014,,301.556,344.545,0.361839343636709,341.648,300.146,,6.10789121711993,,,,0.698119256251337,,14.2557269628195,
06/30/2014,,279.667,418.728,-7.10609871109715,406.587,418.728,,1.12359550561798,,,,-1.91694989096683,,49.7237786367359,
09/30/2014,,231.167,251.968,1.3151254608519,251.968,379.541,,2.3706896551724,,,,3.11770510927913,,8.99825667158374,
12/31/2014,,430.0,405.048,-0.907563025210092,405.048,402.4051,,0.202839756592306,,,,0.00831870539883463,,-5.80279069767442,
03/31/2015,,336.286,362.174,-2.23191318327975,362.174,362.174,,1.24333925399645,,,,1.54815450643777,,7.69820926235406,
06/30/2015,,369.8,404.491579,8.82841924484559,472.944,456.605,,12.1535181236674,,,,10.0914668781372,,9.38117333693888,
09/30/2015,,395.0,420.009,1.2375,420.009,420.009,,3.08441558441559,,,,1.14253671562083,,6.3313924050633,
12/31/2015,,391.0,513.25,-1.36075223606757,392.297,486.0,,0.586756077116504,,,,-0.289577187807281,,31.2659846547315,
03/31/2016,,415.714,458.307,2.98266563944529,480.995,458.307,,3.66574694521088,,,,5.10287767405699,,10.2457458733649,
06/30/2016,,457.286,455.389,-2.34743875278396,455.389,451.18,,0.343380389164437,,,,-1.14774127310061,,-0.41483885358397,
09/30/2016,,480.875,455.183,-0.573772893772902,504.744,455.183,,0.896860986547086,,,,1.85030927835051,,-5.34276059266961,
12/31/2016,,461.889,394.431,-3.23689137369569,394.431,523.114,,0.596421471172949,,,,-3.6042750929368,,-14.6048076485909,
03/31/2017,,511.3,477.736,-1.33702346041056,477.736,477.736,,-0.90415913200723,,,,-0.117734282624988,,-6.56444357520047,
06/30/2017,,387.714,505.619,-0.325915080527086,381.99,505.619,,1.27101271012711,,,,1.97623862487361,,30.410302439427,
09/30/2017,,525.0,513.783,0.763675520459434,513.783,513.783,,0.591715976331358,,-16.7924102863385,,0.109840954274356,,-2.13657142857143,
12/31/2017,,566.0,572.458,-1.15674328440876,571.116,572.458,,0.128369704749679,,,,-1.36402019274898,,1.14098939929328,
03/31/2018,,497.5,485.377,1.3867934845984,620.654,620.654,,1.44927536231884,,,,-15.3468565815324,,-2.43678391959799,
06/30/2018,,514.5,537.332,0.508566725040223,547.004,537.332,,2.68780151619572,,,,3.4088954056696,,4.4377065111759,
09/30/2018,,559.75,641.378,0.118806281100495,556.267,556.267,,1.59893404397069,,,,0.224581818181821,,14.5829388119696,
12/31/2018,,614.6,575.533,0.0508904109588999,712.796,568.917,,0.217188954390323,,,,-2.36737269040109,,-6.35649202733485,
03/31/2019,,568.333,548.475,2.15398678104345,548.475,548.475,,-0.458415193189253,,10.5877671333825,,-0.783356321839081,,-3.49407829564709,
06/30/2019,,523.0,492.643,1.11713406911525,495.324,492.643,,0.234663090848143,,-19.2608540925267,,-1.83021377672208,,-5.80439770554494,
09/30/2019,,537.25,534.113,3.33346220648836,544.254,534.113,,0.0,,10.2896012509773,,0.994757281553407,,-0.583899488134005,
12/31/2019,,522.4,624.389,3.36168587696153,510.194,624.389,,0.304981362250081,,2.1197502464673,,-5.53840874973194,,19.5231623277182,
03/31/2020,,483.75,436.643,0.861529289014752,437.605,436.643,,-4.13793103448276,,-6.66954552515652,,-13.5481005979599,,-9.73788113695091,
06/30/2020,,265.333,262.058,14.3736989417072,254.213,262.058,,4.0235525024534,,-5.72545739675902,,-2.54536309336686,,-1.23429803303774,
09/30/2020,,323.667,,,,,,,,,,,,,
12/31/2020,,388.0,,,,,,,,,,,,,
