Date,Revenue,Consensus Estimate,Comparable Actual,Revenue Surprise %,GAAP Actual,Adjusted Actual,Earnings Per Share,EPS Surprise %,EBIT,EBITDA,Gross Margin %,Pretax Income (Loss),Pretax Income (Loss) Surprise %,Net Income,Source: Bloomberg
03/31/1990,,,27.610001,,27.610001,27.610001,,,,,,,,,
06/30/1990,,,28.523001,,28.523001,28.523001,,,,,,,,,
09/30/1990,,,29.875,,29.875,29.875,,,,,,,,,
12/31/1990,,,0.0,,31.319,31.319,,,,,,,,,
03/31/1991,,,57.504002,,57.504002,57.504002,,,,,,,,,
06/30/1991,,,26.285,,26.285,26.285,,,,,,,,,
09/30/1991,,,27.254,,27.254,27.254,,,,,,,,,
12/31/1991,,,0.0,,28.226999,28.226999,,,,,,,,,
03/31/1992,,,36.231998,,36.231998,36.231998,,,,,,,,,
06/30/1992,,,38.701,,38.701,38.701,,,,,,,,,
09/30/1992,,,41.872002,,41.872002,41.872002,,,,,,,,,
12/31/1992,,,0.0,,43.638,43.638,,,,,,,,,
03/31/1993,,,42.654999,,42.654999,42.654999,,,,,,,,,
06/30/1993,,,43.216999,,43.216999,43.216999,,,,,,,,,
09/30/1993,,,46.272999,,46.272999,46.272999,,,,,,,,,
12/31/1993,,,0.0,,47.683998,47.683998,,,,,,,,,
03/31/1994,,,51.290001,,54.196999,54.196999,,,,,,,,,
06/30/1994,,,51.041,,53.879002,53.879002,,,,,,,,,
09/30/1994,,,51.816002,,55.153,55.153,,,,,,,,,
12/31/1994,,,0.0,,57.113998,57.113998,,,,,,,,,
03/31/1995,,,54.335999,,54.335999,54.335999,,,,,,,,,
06/30/1995,,,62.660999,,62.660999,62.660999,,,,,,,,,
09/30/1995,,,64.636002,,64.636002,64.636002,,,,,,,,,
12/31/1995,,,0.0,,65.475998,65.475998,,,,,,,,,
03/31/1996,,,69.75,,69.75,69.75,,,,,,,,,
06/30/1996,,,71.509003,,71.509003,71.509003,,,,,,,,,
09/30/1996,,,73.614998,,73.614998,73.614998,,,,,,,,,
12/31/1996,,,0.0,,78.125999,78.125999,,,,,,,,,
03/31/1997,,,86.0,,86.0,86.0,,,,,,,,,
06/30/1997,,,92.0,,92.0,92.0,,,,,,,,,
09/30/1997,,,101.0,,101.0,101.0,,,,,,,,,
12/31/1997,,,0.0,,101.0,101.0,,,,,,,,,
03/31/1998,,,106.0,,106.0,106.0,,,,,,,,,
06/30/1998,,,109.0,,109.0,109.0,,,,,,,,,
09/30/1998,,,111.0,,111.0,111.0,,,,,,,,,
12/31/1998,,,0.0,,110.0,110.0,,,,,,,,,
03/31/1999,,,121.0,,121.0,121.0,,,,,,,,,
06/30/1999,,,123.0,,123.0,123.0,,,,,,,,,
09/30/1999,,,126.0,,126.0,126.0,,,,,,,,,
12/31/1999,,,84.901001,,249.0,249.0,,,,,,,,,
03/31/2000,,,150.0,,150.0,150.0,,,,,,,,,
06/30/2000,,,148.0,,148.0,148.0,,,,,,,,,
09/30/2000,,,150.0,,150.0,150.0,,-0.881057268722468,,,,,,,
12/31/2000,,,147.0,,147.0,147.0,,-1.7467248908297,,,,,,,
03/31/2001,,,154.0,,,,,1.30718954248366,,,,,,,
06/30/2001,,,167.0,,,,,4.16666666666667,,,,,,,
09/30/2001,,,170.0,,,,,2.61569416498994,,,,,,,
12/31/2001,,,171.0,,171.0,171.0,,1.76125244618395,,,,,,,
03/31/2002,,,178.0,,178.0,178.0,,-0.369003690036901,,,,,,,
06/30/2002,,,178.0,,178.0,178.0,,3.05343511450382,,,,,,,
09/30/2002,,,182.0,,182.0,182.0,,1.26582278481013,,,,,,,
12/31/2002,,,181.0,,477.0,477.0,,0.719424460431655,,,,,,,
03/31/2003,,,146.0,,96.0,96.0,,-5.78158458244112,,,,,,,
06/30/2003,,,174.0,,-23.0,-23.0,,8.7866108786611,,,,,,,
09/30/2003,,,225.0,,202.0,202.0,,14.5833333333333,,,,,,,
12/31/2003,,,237.0,,447.0,447.0,,7.73899848254931,,,,,,,
03/31/2004,,,228.0,,217.0,217.0,,1.82370820668693,,,,,,,
06/30/2004,,,231.0,,220.0,220.0,,-0.146842878120411,,,,,,,
09/30/2004,,,188.0,,177.0,177.0,,-12.9746835443038,,,,,,,
12/31/2004,,,215.0,,184.0,184.0,,9.77701543739281,,,,,,,
03/31/2005,,,226.0,,226.0,226.0,,7.54414125200643,,,,,,,
06/30/2005,,,220.0,,,,,-3.22580645161291,,,,,,,
09/30/2005,,,239.0,,,,,6.19469026548671,,,,,,,
12/31/2005,,,249.0,,249.0,249.0,,1.50891632373114,,,,,,,
03/31/2006,,,282.0,4.51787612538577,292.0,292.0,,9.37499999999999,,,,,,,
06/30/2006,,,310.0,5.79460979346663,227.0,227.0,,10.7142857142857,,,,,,,
09/30/2006,,,268.0,-3.72958024171578,278.0,278.0,,-0.990099009900991,,,,,,,
12/31/2006,,,291.0,3.41914401849048,291.0,291.0,,1.53482880755608,,,,,,,
03/31/2007,,,314.0,1.81092582509771,314.0,314.0,,2.53583241455348,,,,,,,
06/30/2007,,,366.0,6.9301419426663,366.0,366.0,,5.62685093780851,,,,,,,
09/30/2007,,,452.115997,12.1201367265024,358.0,358.0,,20.7983193277311,,,,,,,
12/31/2007,,,540.0,5.35486612834679,223.0,223.0,,2.29799851742031,,,,,,,
03/31/2008,,,547.0,6.09850239308322,530.0,530.0,,6.02593440122044,,,,,,,
06/30/2008,,,570.0,2.06821839390005,548.0,548.0,,3.09278350515463,,,,,,,
09/30/2008,,,542.254028,0.56329705027532,477.0,477.0,,0.895036615134247,,,,,,,
12/31/2008,,,531.859009,8.65116067323885,65.0,65.0,,7.27272727272726,,,,,,,
03/31/2009,,,487.05,-11.8943122144384,445.0,456.05,,1.94174757281554,,,,,-19.0610569522832,,
06/30/2009,,,486.454,-3.90531372439346,-3314.0,377.0,,6.55737704918033,,,,,6.92520775623269,,
09/30/2009,,,523.0,-0.592503116112407,327.0,334.15,,4.68594217347958,,,,,4.76570820021299,,
12/31/2009,,,492.0,3.40346426825657,498.0,502.97615,,1.64271047227926,,,,,6.90524873633845,,
03/31/2010,,,371.0,-7.38627667169832,492.0,500.45,,-2.84974093264249,,,,,-23.8202099999146,,
06/30/2010,,,464.0,-1.39244736548958,432.0,458.65,,6.52920962199313,,,,,-2.22261555217102,,
09/30/2010,,,427.0,-4.74543362000337,540.0,554.95,,3.36538461538462,,,,,-11.5136735760321,,
12/31/2010,,,435.0,5.30279045482049,81.0,190.2,,1.63551401869159,,,,,-3.196430331589,,
03/31/2011,,,439.0,1.85354271202382,466.0,478.35,,2.08816705336427,,,,,0.118813839262953,,
06/30/2011,,,483.0,1.89276432236937,502.0,513.05,,-1.23456790123457,,,,,2.18773346462214,,
09/30/2011,,,476.0,0.897899119699355,543.0,598.25,,7.26256983240223,,,,,8.73465482183827,,
12/31/2011,,,454.0,-6.88537814121803,371.0,447.95,,-0.641025641025642,,,,,-1.96831362911496,,
03/31/2012,,,410.0,3.15518351577592,417.0,441.5227,,-2.77777777777778,,,,,-2.47179109586829,,
06/30/2012,,,494.0,-0.167772461531064,480.0,509.31108,,3.80267214799589,,,,,0.364937264724746,,
09/30/2012,,,473.0,-0.8655267046654,654.0,521.4469,,3.34029227557412,,,,,4.85442251120211,,
12/31/2012,,,521.0,4.00356728435411,468.0,549.54116,,10.1190476190476,,,,,12.1516038128551,,
03/31/2013,,,443.0,-0.464753037739168,455.0,463.60502,,2.89389067524115,,,,,5.95813204508857,,
06/30/2013,,,571.0,1.57196393329163,571.0,598.6624,,4.5531197301855,,,,,7.4025974025974,,
09/30/2013,,,537.0,-1.7983353843388,531.0,558.12924,,0.932994062765046,,,,,3.9202657807309,,
12/31/2013,,,514.0,0.962498502336352,545.0,598.427,,-3.52348993288591,,,,,2.14477211796247,,
03/31/2014,,,433.0,0.748031496062992,356.0,437.2104,,-0.801603206412826,,,,,-1.36136725474814,,
06/30/2014,,,603.0,2.58946387804275,602.0,623.766,,10.3174603174603,,,,,8.33331224039871,,
09/30/2014,,,581.0,1.51630022744503,542.0,554.89208,,11.847555923778,,,,,8.95392930797937,,
12/31/2014,,,582.0,1.73984851818003,469.0,502.94712,,8.12943962115234,,,,,2.41129840457828,,
03/31/2015,,,491.0,-0.346497869938964,373.0,526.0,,11.1111111111111,,,,,6.63749088256747,,
06/30/2015,,,569.0,-0.314230845687662,389.0,546.0,,0.0730460189919731,,,,,-1.35778113032378,,
09/30/2015,,,480.0,-0.820562778672865,539.0,534.82167,,-6.37610976594029,,,,,-5.48893108598777,,
12/31/2015,,,494.0,-1.34461796389473,547.0,560.07012,,2.1097046413502,,,,,1.83664446264905,,
03/31/2016,,,396.0,0.621909072038489,319.0,404.0,,9.01001112347052,,,,,6.47746396833188,,
06/30/2016,,,582.0,1.19925850262928,585.0,591.0,,15.3238546603475,,,,,10.2825745682889,,
09/30/2016,,,532.0,1.33941713276421,507.0,557.0,,7.74142059058262,,,,,6.64707894281824,,
12/31/2016,,,577.0,-1.12222142291921,557.0,583.0,,11.9332075471698,,,,,-28.9411764705882,,
03/31/2017,,,468.0,1.32376714552257,446.0,464.85,,9.60144927536231,,,,,4.40409850799928,,
06/30/2017,,,635.0,2.96634810468046,584.0,630.15,,6.23409669211195,,,,,7.21074475292199,,
09/30/2017,,,648.0,0.542189088444595,629.0,650.45,,6.0136391816491,,,,,1.75145954962468,,
12/31/2017,,,687.0,-0.1037795855512,313.0,788.45,,7.71041789287816,,,,,1.40270318258748,,
03/31/2018,,,605.0,0.710813519200772,603.0,603.0,,1.88679245283019,,,,,-4.18581171444609,,
06/30/2018,,,760.9697,-0.746826014040414,697.0,757.83,,2.05653253849975,,,,,-8.72022590952644,,
09/30/2018,,,709.0,-2.29631795181828,708.0,708.0,,-0.743099787685764,,,,,-5.46287209682696,,
12/31/2018,,,646.0,0.873505097557786,394.0,661.13,,0.418410041840998,,,,,-35.8506848321235,,
03/31/2019,,,473.0,0.422411185933193,452.0,473.0,,3.76569037656903,,,,,0.501240042859431,,
06/30/2019,,,546.0,-0.0372642151150724,537.0,546.0,,5.14865844815083,,,,,-1.29458068755611,,
09/30/2019,,,564.36,1.46801817546312,528.0,561.0,,8.78962536023056,,,,,3.06699354580478,,
12/31/2019,,,737.885,2.63427984946972,492.0,584.0,,17.090479006505,,,,,3.10098065200106,,
03/31/2020,,,595.371,5.35542417159357,580.0,588.0,,22.0798794272796,,,,,19.8606271777003,,
06/30/2020,,,671.0,1.95728782486715,662.0,671.0,,15.7436216552583,,,,,15.83122971511,,
09/30/2020,,485.818,,,,,,,,,,,,,
12/31/2020,,532.636,,,,,,,,,,,,,
