Date,Revenue,Consensus Estimate,Comparable Actual,Revenue Surprise %,GAAP Actual,Adjusted Actual,Earnings Per Share,EPS Surprise %,EBIT,EBIT Surprise %,EBITDA,Gross Margin %,Gross Margin Surprise %,Pretax Income (Loss),Pretax Income (Loss) Surprise %,Net Income,Net Income Surprise %,Source: Bloomberg
06/30/2002,,,-1.608,,-181.945007,-181.945007,,,,,,,,,,,,
09/27/2002,,,-3.937,,-1.483,-1.483,,,,,,,,,,,,
12/31/2002,,,-1.93,,-396.348,-396.348,,,,,,,,,,,,
03/31/2003,,,-0.998,,-5.955,-5.955,,,,,,,,,,,,
06/27/2003,,,-4.815,,-6.186,-6.186,,,,,,,,,,,,
09/30/2003,,,-9.828,,-440.066,-440.066,,,,,,,,,,,,
01/02/2004,,,5.421,,4.172,4.172,,,,,,,,,,,,
04/02/2004,,,7.601,,-9.421,-9.421,,,,,,,,,,,,
07/02/2004,,,14.782,,13.03,13.03,,,,,,,,,,,,
10/01/2004,,,19.437,,14.631,14.631,,,,,,,,,,,,
12/31/2004,,,13.917,,13.917,13.917,,,,,,,,,,,,
03/31/2005,,,5.974,,1.244,1.244,,,,,,,,,,,,
06/30/2005,,7.8,9.436,,7.389,7.389,,20.0,,,,,,,,,20.974358974359,
09/30/2005,,8.36,6.712,,3.061,3.061,,-13.0434782608696,,,,,,,,,-19.7129186602871,
12/31/2005,,10.7,7.786,,4.287,4.287,,-24.2424242424242,,,,,,,,,-27.2336448598131,
03/31/2006,,3.496,1.046,2.69382896742896,0.926,0.926,,-54.5454545454545,,,,,,,,,-70.0800915331808,
06/30/2006,,8.046,4.334,1.46018422217874,3.005,3.005,,-40.0,,,,,,,,,-46.1347253293562,
09/29/2006,,8.208,6.519,-2.89944896933133,-96.37,-96.37,,-10.7142857142857,,,,,,,,,-20.577485380117,
12/29/2006,,20.029,19.389,-1.16117892635113,12.037,12.037,,-2.4390243902439,,,,,,,,,-3.19536671825853,
03/30/2007,,16.322,12.627,-0.884397034397046,12.197,12.197,,-14.8936170212766,,,,,,,,,-22.6381570885921,
06/29/2007,,14.478,13.058,-1.87780269058296,11.423,11.423,,-12.0879120879121,,,,,,,,,-9.80798452824976,
09/28/2007,,20.95,18.653,-1.75542023243938,21.993,21.993,,-6.97674418604652,,,,,,,,,-10.964200477327,
12/28/2007,,26.771,22.846001,0.821291746880054,19.078,19.078,,-11.3924050632911,,,,,,,,,-14.661383586717,
03/28/2008,,23.85,19.825001,0.94585723007936,16.673,16.673,,-18.9189189189189,,,,,,,,,-16.8763060796646,
06/27/2008,,27.689,21.757,2.29341778168596,20.466,20.466,,-24.4186046511628,,,,,,,,,-21.4236700494781,
10/03/2008,,32.92,28.813,2.80023250571318,54.789,54.789,,-15.4228855721393,,,,,,,,,-12.4756986634265,
01/02/2009,,25.7,21.052,-0.322888070210367,23.585,20.09225,,-16.1290322580645,,5.72483841181902,,,,,3.2621722846442,,-18.0856031128405,
04/03/2009,,16.244,15.741,2.9702380952381,-5.678,13.4894,,-10.0,,26.0244684641881,,,,,14.7696879643388,,-3.09652794878109,
07/03/2009,,23.544,21.553,4.35624976123036,18.74,21.8314,,-9.72222222222221,,13.8072481083234,,,0.329477048083837,,9.29227222199349,,-8.45650696568128,
10/02/2009,,37.473,34.703,2.49929239879056,58.337,35.01715,,-9.71013824884793,,12.4708994708995,,,-11.4487205240175,,7.22267291235966,,-7.3919888986737,
01/01/2010,,44.983,40.568,1.52029055730182,28.01,40.79125,,-6.5040650406504,,12.2461683767655,,,-8.75675675675675,,8.79874457199363,,-9.81481893159638,
04/02/2010,,39.86,29.464,2.74140505640769,27.744,52.5661,,-14.027149321267,,17.0793269230769,,,2.20106791659618,,13.3052349250443,,-26.0812844957351,
07/02/2010,,56.107,48.577,1.98888888888889,34.736,51.326,,-11.1842105263158,,8.96541080033611,,,1.43841072014243,,6.2287137604419,,-13.4207852852585,
10/01/2010,,74.173,64.28,0.989317052099524,46.804,67.95205,,-15.0,,7.90022161249471,,,0.875172731460146,,5.28877352368592,,-13.3377374516333,
12/31/2010,,82.85,71.406,0.507154446673814,60.868,74.6926,,-14.2212189616253,,6.6456059735784,,,1.53783249664948,,4.37867813490267,,-13.8129149064574,
04/01/2011,,74.717,63.581,2.2845072813169,49.96,85.9033,,-16.030534351145,,11.0736104025221,,,0.877797692908677,,6.18342524741256,,-14.9042386605458,
07/01/2011,,88.521,72.169,3.13033101918225,51.548,80.78355,,-17.3913043478261,,9.26176902140432,,,1.25840061341392,,3.64696211045512,,-18.4724528642921,
09/30/2011,,102.2,87.681,0.350952460533433,64.209,87.1771,,-13.0434782608696,,0.0448172098085725,,,0.224215246636774,,0.543119266055045,,-14.206457925636,
12/30/2011,,94.6,57.126,1.07222708522114,57.126,81.65435,,-39.7590361445783,,10.078914868231,,,1.31967156873956,,2.68284079328996,,-39.6131078224102,
03/30/2012,,75.645,56.378,1.23669271447804,34.0,60.97405,,-25.1870324189526,,12.1999518317322,,,0.528238661485128,,2.67267156410351,,-25.4702888492299,
06/29/2012,,84.433,64.143,1.79550782885373,49.3,68.355,,-22.5512528473804,,19.6165884194053,,,-0.0994380593390821,,1.39712622731741,,-24.0308883967169,
09/28/2012,,99.336,77.283,0.238508394210104,61.6,85.885,,-15.0579150579151,,7.11486563336883,,,-0.604712587752839,,-1.29402004443724,,-22.2004107272288,
12/28/2012,,104.811,89.262,0.704250360670292,66.5,89.7,,-15.1291512915129,,8.0813597627007,,,0.80881491032704,,1.35330396475771,,-14.8352749234336,
03/29/2013,,90.356,73.6,1.16727814339486,61.7,75.195,,-19.4915254237288,,1.96672018981969,,,-0.436475168101911,,0.603827653259649,,-18.5444242773031,
06/28/2013,,101.875,85.7,0.00848501248673576,65.7,87.42,,-17.4484052532833,,1.39175818201588,,,0.794905275696977,,2.00181983621473,,-15.8773006134969,
09/27/2013,,118.438,105.133,0.495736831792892,84.2,105.34,,-11.4331723027375,,6.8032786885246,,,0.575363566348022,,1.38334704777281,,-11.2337256623719,
12/27/2013,,126.231,94.825,1.04,94.5,111.255,,-25.8698940998487,,1.28571428571429,,,0.243287078752922,,1.28571428571429,,-24.8797838882683,
03/28/2014,,112.333,77.355,2.28601807549176,76.9,100.985,,-32.2033898305085,,4.24411028771056,,,0.770999594210753,,7.86423841059604,,-31.1377778569076,
06/27/2014,,154.267,112.765,2.97107512678423,111.4,142.275,,-27.5905118601748,,4.84843517662072,,,0.4689435498142,,4.73684210526315,,-26.9027076432419,
10/03/2014,,207.267,179.19,1.1549295774648,174.9,195.82,,-13.8576779026217,,1.19484623277819,,,0.345415591797475,,1.24125731508873,,-13.5462953581612,
01/02/2015,,231.0,198.385,4.0548448478319,195.2,224.91,,-13.5180520570949,,6.32922847210178,,,0.430107526881726,,6.44506613751632,,-14.1190476190476,
04/03/2015,,219.6,166.5,1.3747647203581,166.5,201.59,,-24.5785270629991,,2.23866746172466,,,0.739909830230609,,2.54021881561706,,-24.1803278688525,
07/03/2015,,251.412,227.8,1.02408489016437,207.4,239.945,,-9.45559875583204,,3.28671328671328,,,2.02976812983064,,3.37613897105816,,-9.39175536569456,
10/02/2015,,296.933,231.605,0.306225522741426,229.2,273.87,,-21.5740765171504,,0.197884844173152,,,-0.0619615838180304,,-0.403928991966124,,-22.0009227670889,
01/01/2016,,309.333,300.635,0.782949108307953,355.3,290.4,,-2.33440860215054,,1.18323107368492,,,0.958516656191074,,1.17256264214869,,-2.81185647829363,
04/01/2016,,241.706,209.7,-0.0902294405774596,208.1,225.335,,-12.7940514469453,,1.19840213049268,,,0.228869071107252,,-0.314425503715295,,-13.2417068670203,
07/01/2016,,233.75,190.33,0.197008352194426,185.0,219.77,,-18.216392092257,,0.0207542154724557,,,-0.241067753758118,,-0.480802578883366,,-18.5754010695187,
09/30/2016,,271.824,246.67,0.491269264635824,246.8,260.18,,-8.63531468531468,,0.736859756194004,,,-0.04115952254954,,0.5379746835443,,-9.25378185884985,
12/30/2016,,296.188,259.295,1.29502077860783,257.8,282.035,,-12.491592920354,,1.39747064395838,,,0.26633244555852,,1.45888403837931,,-12.4559401461234,
03/31/2017,,261.111,226.33,1.34110079495116,224.9,253.085,,-13.6563882940757,,1.55534034850543,,,0.236669915077265,,1.8822310481782,,-13.3203886469739,
06/30/2017,,283.556,246.59,1.14858893900654,246.2,274.695,,-13.1741130091984,,0.961115876446159,,,-0.159508477580189,,1.61658615576358,,-13.0365783125732,
09/29/2017,,326.294,287.215,0.454012140998831,281.3,319.82,,-11.7202625570776,,0.871721070538378,,,-0.0529131636192624,,1.08165328197006,,-11.9766223099413,
12/29/2017,,353.778,347.155,0.072683268387737,70.4,347.155,,-2.17166753789859,,0.648379779886363,,,0.179309269509626,,0.638027194760349,,-1.87207796980028,
03/30/2018,,296.632,276.79,0.278416975530918,276.0,255.577699,,-6.1346875,,-0.0344188349526215,,,-0.126073595461351,,0.27891950965409,,-6.68909625394428,
06/29/2018,,293.65,282.629,0.411391410183283,286.5,291.614,,-3.3680625,,0.973988627991071,,,-0.0274973484699747,,1.23990444773064,,-3.75310744083091,
09/28/2018,,348.333,297.666,0.66614955971038,285.5,325.842,,-13.785751565762,,0.280553075252686,,,-0.222161593327352,,0.0671644326434836,,-14.5455641584346,
12/28/2018,,326.706,296.434,0.196372520217089,284.9,298.688,,-8.39258649093904,,-0.681629445500305,,,-0.481979432942416,,-0.490485250823249,,-9.26582309477022,
03/29/2019,,251.333,218.977,0.0549413239007027,214.0,231.162,,-12.2962237762238,,0.00833100910254188,,,-0.179165600204749,,0.369840262009049,,-12.8737571269988,
06/28/2019,,232.133,195.529,0.185611151821046,144.1,211.875,,-15.9121551081283,,-0.151633324491359,,,-0.836202656173151,,-0.550586341238484,,-15.7685464798198,
09/27/2019,,259.2,225.057,0.256153624319331,210.6,237.094,,-12.9279813457695,,0.416885469022956,,,0.039777247414471,,0.146142061379661,,-13.1724537037037,
12/27/2019,,282.947,260.655,1.72493061113287,257.1,255.067,,-8.16390568319226,,2.31390320728459,,,0.187977442706878,,1.63091895577448,,-7.87850728228256,
03/27/2020,,228.105,181.811,0.556928662465535,181.1,190.553,,-19.8641779788839,,-0.594752745935057,,,0.11167836630505,,-0.0265591615233095,,-20.2950395651126,
06/26/2020,,192.087,150.24,6.71224047910435,129.7,154.717544,,-21.0705570291777,,9.96094309533133,,,0.29628443305574,,7.12969873314881,,-21.7854409720595,
09/30/2020,,254.714,,,,,,,,,,,,,,,,
12/31/2020,,303.571,,,,,,,,,,,,,,,,
