Date,Revenue,Consensus Estimate,Comparable Actual,Revenue Surprise %,GAAP Actual,Adjusted Actual,Earnings Per Share,EPS Surprise %,EBIT,EBIT Surprise %,EBITDA,Gross Margin %,Gross Margin Surprise %,Pretax Income (Loss),Pretax Income (Loss) Surprise %,Net Income,Net Income Surprise %,Source: Bloomberg
06/30/2002,,,-1.608,,-181.945007,-181.945007,,,,,,,,,,,,
09/27/2002,,,-3.937,,-1.483,-1.483,,,,,,,,,,,,
12/31/2002,,,-1.93,,-396.348,-396.348,,,,,,,,,,,,
03/31/2003,,,-0.998,,-5.955,-5.955,,,,,,,,,,,,
06/27/2003,,,-4.815,,-6.186,-6.186,,,,,,,,,,,,
09/30/2003,,,-9.828,,-440.066,-440.066,,,,,,,,,,,,
01/02/2004,,,5.421,,4.172,4.172,,,,,,,,,,,,
04/02/2004,,,7.601,,-9.421,-9.421,,,,,,,,,,,,
07/02/2004,,,14.782,,13.03,13.03,,,,,,,,,,,,
10/01/2004,,,19.437,,14.631,14.631,,,,,,,,,,,,
12/31/2004,,,13.917,,13.917,13.917,,,,,,,,,,,,
03/31/2005,,,5.974,,1.244,1.244,,,,,,,,,,,,
06/30/2005,,7.8,9.436,,7.389,7.389,,20.0,,,,,,,,,20.974358974359,
09/30/2005,,8.36,6.712,,3.061,3.061,,-13.0434782608696,,,,,,,,,-19.7129186602871,
12/31/2005,,10.7,10.817,,4.287,4.287,,6.06060606060607,,,,,,,,,1.09345794392524,
03/31/2006,,3.496,4.634,2.69382896742896,0.926,0.926,,36.3636363636364,,,,,,,,,32.5514874141877,
06/30/2006,,8.046,8.004,1.46018422217874,3.005,3.005,,0.0,,,,,,,,,-0.521998508575688,
09/29/2006,,8.208,10.449,-2.89944896933133,-96.37,-96.37,,25.0,,,,,,,,,27.3026315789474,
12/29/2006,,20.029,21.415001,-1.16117892635113,12.037,12.037,,5.69105691056911,,,,,,,,,6.91997104198912,
03/30/2007,,16.322,16.672001,-0.884397034397046,12.197,12.197,,6.38297872340426,,,,,,,,,2.14435118245315,
06/29/2007,,14.478,16.703,-1.87780269058296,11.423,11.423,,20.8791208791209,,,,,,,,,15.3681447713773,
09/28/2007,,20.95,21.993,-1.75542023243938,21.993,21.993,,8.52713178294574,,,,,,,,,4.97852028639618,
12/28/2007,,26.771,27.853001,0.821291746880054,19.078,19.078,,7.59493670886077,,,,,,,,,4.04169063538903,
03/28/2008,,23.85,25.334,0.94585723007936,16.673,16.673,,8.10810810810812,,,,,,,,,6.22222222222221,
06/27/2008,,27.689,28.93,2.29341778168596,20.466,20.466,,4.65116279069768,,,,,,,,,4.48192422983856,
10/03/2008,,32.92,35.263,2.80023250571318,54.789,54.789,,4.4776119402985,,,,,,,,,7.11725394896718,
01/02/2009,,25.7,27.641,-0.322888070210367,23.585,20.09225,,9.67741935483872,,5.72483841181902,,,,,3.2621722846442,,7.55252918287937,
04/03/2009,,16.244,20.005,2.9702380952381,-5.678,13.4894,,20.0,,26.0244684641881,,,,,14.7696879643388,,23.1531642452598,
07/03/2009,,23.544,27.021,4.35624976123036,18.74,21.8314,,11.1111111111111,,13.8072481083234,,,0.329477048083837,,9.29227222199349,,14.7680937818553,
10/02/2009,,37.473,41.848,2.49929239879056,58.337,35.01715,,8.87972350230415,,12.4708994708995,,,-11.4487205240175,,7.22267291235966,,11.6750727190244,
01/01/2010,,44.983,47.744,1.52029055730182,28.01,40.79125,,9.75609756097562,,12.2461683767655,,,-8.75675675675675,,8.79874457199363,,6.13787430807194,
04/02/2010,,39.86,44.185,2.74140505640769,27.744,52.5661,,8.5972850678733,,17.0793269230769,,,2.20106791659618,,13.3052349250443,,10.8504766683392,
07/02/2010,,56.107,58.749,1.98888888888889,34.736,51.326,,5.26315789473685,,8.96541080033611,,,1.43841072014243,,6.2287137604419,,4.70885985705884,
10/01/2010,,74.173,78.783,0.989317052099524,46.804,67.95205,,7.49999999999999,,7.90022161249471,,,0.875172731460146,,5.28877352368592,,6.21519960093295,
12/31/2010,,82.85,84.687,0.507154446673814,60.868,74.6926,,1.58013544018059,,6.6456059735784,,,1.53783249664948,,4.37867813490267,,2.21726010863006,
04/01/2011,,74.717,78.739,2.2845072813169,49.96,85.9033,,4.32569974554706,,11.0736104025221,,,0.877797692908677,,6.18342524741256,,5.38297843864182,
07/01/2011,,88.521,93.038,3.13033101918225,51.548,80.78355,,6.52173913043478,,9.26176902140432,,,1.25840061341392,,3.64696211045512,,5.10274398165407,
09/30/2011,,102.2,103.821,0.350952460533433,64.209,87.1771,,2.07939508506616,,0.0448172098085725,,,0.224215246636774,,0.543119266055045,,1.58610567514677,
12/30/2011,,94.6,96.241,1.07222708522114,57.126,81.65435,,2.40963855421687,,10.078914868231,,,1.31967156873956,,2.68284079328996,,1.73467230443975,
03/30/2012,,75.645,79.762,1.23669271447804,34.0,60.97405,,4.73815461346632,,12.1999518317322,,,0.528238661485128,,2.67267156410351,,5.44252759600767,
06/29/2012,,84.433,86.078,1.79550782885373,49.3,68.355,,2.50569476082005,,19.6165884194053,,,-0.0994380593390821,,1.39712622731741,,1.9482903604041,
09/28/2012,,99.336,103.499,0.238508394210104,61.6,85.885,,2.31660231660232,,7.11486563336883,,,-0.604712587752839,,-1.29402004443724,,4.19082709189015,
12/28/2012,,104.811,106.606,0.704250360670292,66.5,89.7,,1.4760147601476,,8.0813597627007,,,0.80881491032704,,1.35330396475771,,1.712606501226,
03/29/2013,,90.356,91.9,1.16727814339486,61.7,75.195,,1.69491525423729,,1.96672018981969,,,-0.436475168101911,,0.603827653259649,,1.70879631679137,
06/28/2013,,101.875,103.8,0.00848501248673576,65.7,87.42,,1.31332082551595,,1.39175818201588,,,0.794905275696977,,2.00181983621473,,1.88957055214724,
09/27/2013,,118.438,121.2,0.495736831792892,84.2,105.34,,3.05958132045089,,6.8032786885246,,,0.575363566348022,,1.38334704777281,,2.33202181732214,
12/27/2013,,126.231,127.7,1.04,94.5,111.255,,1.36157337367625,,1.28571428571429,,,0.243287078752922,,1.28571428571429,,1.16373949346833,
03/28/2014,,112.333,118.6,2.28601807549176,76.9,100.985,,5.08474576271187,,4.24411028771056,,,0.770999594210753,,7.86423841059604,,5.57894830548458,
06/27/2014,,154.267,160.8,2.97107512678423,111.4,142.275,,3.62047440699125,,4.84843517662072,,,0.4689435498142,,4.73684210526315,,4.2348655253554,
10/03/2014,,207.267,216.1,1.1549295774648,174.9,195.82,,4.86891385767791,,1.19484623277819,,,0.345415591797475,,1.24125731508873,,4.2616528439163,
01/02/2015,,231.0,244.8,4.0548448478319,195.2,224.91,,5.79345088161209,,6.32922847210178,,,0.430107526881726,,6.44506613751632,,5.97402597402598,
04/03/2015,,219.6,224.6,1.3747647203581,166.5,201.59,,2.0408163265306,,2.23866746172466,,,0.739909830230609,,2.54021881561706,,2.27686703096539,
07/03/2015,,251.412,262.5,1.02408489016437,207.4,239.945,,4.199066874028,,3.28671328671328,,,2.02976812983064,,3.37613897105816,,4.41029067824925,
10/02/2015,,296.933,296.1,0.306225522741426,229.2,273.87,,0.263852242744064,,0.197884844173152,,,-0.0619615838180304,,-0.403928991966124,,-0.28053466606944,
01/01/2016,,309.333,311.2,0.782949108307953,355.3,290.4,,1.20177103099305,,1.18323107368492,,,0.958516656191074,,1.17256264214869,,0.603556684867105,
04/01/2016,,241.706,242.3,-0.0902294405774596,208.1,225.335,,0.482315112540193,,1.19840213049268,,,0.228869071107252,,-0.314425503715295,,0.245753105011883,
07/01/2016,,233.75,238.1,0.197008352194426,185.0,219.77,,2.14168039538715,,0.0207542154724557,,,-0.241067753758118,,-0.480802578883366,,1.86096256684492,
09/30/2016,,271.824,277.6,0.491269264635824,246.8,260.18,,2.7972027972028,,0.736859756194004,,,-0.04115952254954,,0.5379746835443,,2.12490434987345,
12/30/2016,,296.188,301.6,1.29502077860783,257.8,282.035,,1.76991150442478,,1.39747064395838,,,0.26633244555852,,1.45888403837931,,1.8272178481235,
03/31/2017,,261.111,272.0,1.34110079495116,224.9,253.085,,3.49750178443968,,1.55534034850543,,,0.236669915077265,,1.8822310481782,,4.17025709372643,
06/30/2017,,283.556,292.7,1.14858893900654,246.2,274.695,,3.15374507227333,,0.961115876446159,,,-0.159508477580189,,1.61658615576358,,3.22475983579963,
09/29/2017,,326.294,338.8,0.454012140998831,281.3,319.82,,3.88127853881279,,0.871721070538378,,,-0.0529131636192624,,1.08165328197006,,3.83273979907692,
12/29/2017,,353.778,371.5,0.072683268387737,70.4,347.155,,4.54783063251437,,0.648379779886363,,,0.179309269509626,,0.638027194760349,,5.00935614990191,
03/30/2018,,296.632,302.3,0.278416975530918,276.0,255.577699,,2.49999999999999,,-0.0344188349526215,,,-0.126073595461351,,0.27891950965409,,1.91078508050379,
06/29/2018,,293.65,299.9,0.411391410183283,286.5,291.614,,2.49999999999999,,0.973988627991071,,,-0.0274973484699747,,1.23990444773064,,2.12838413076792,
09/28/2018,,348.333,349.7,0.66614955971038,285.5,325.842,,1.25260960334029,,0.280553075252686,,,-0.222161593327352,,0.0671644326434836,,0.392440566928761,
12/28/2018,,326.706,324.6,0.196372520217089,284.9,298.688,,0.494233937397041,,-0.681629445500305,,,-0.481979432942416,,-0.490485250823249,,-0.644616260491082,
03/29/2019,,251.333,256.6,0.0549413239007027,214.0,231.162,,2.7972027972028,,0.00833100910254188,,,-0.179165600204749,,0.369840262009049,,2.09562612152006,
06/28/2019,,232.133,233.6,0.185611151821046,144.1,211.875,,0.671140939597324,,-0.151633324491359,,,-0.836202656173151,,-0.550586341238484,,0.631965295757167,
09/27/2019,,259.2,261.9,0.256153624319331,210.6,237.094,,1.26582278481014,,0.416885469022956,,,0.039777247414471,,0.146142061379661,,1.04166666666666,
12/27/2019,,282.947,288.8,1.72493061113287,257.1,255.067,,1.57194679564692,,2.31390320728459,,,0.187977442706878,,1.63091895577448,,2.06858528275614,
03/27/2020,,228.105,229.5,0.556928662465535,181.1,190.553,,1.05580693815988,,-0.594752745935057,,,0.11167836630505,,-0.0265591615233095,,0.611560465575069,
06/26/2020,,192.087,210.8,6.71224047910435,129.7,154.717544,,10.5216622458002,,9.96094309533133,,,0.29628443305574,,7.12969873314881,,9.74193985017207,
09/30/2020,,254.714,,,,,,,,,,,,,,,,
12/31/2020,,303.571,,,,,,,,,,,,,,,,
