Date,Basic Shares Outstanding,Diluted Weighted Avg Shares,Basic Weighted Avg Shares,Per Share Data Items,Revenue,Net Revenue,EBITDA,Operating Income,Net Income to Common - Basic,Net Income before XO - Basic,Normalized Net Income - Basic,Net Income to Common - Diluted,Net Income before XO - Diluted,Normalized Net Income - Diluted,Dividends,Cash Flow,Free Cash Flow,Cash & Equivalents,Book Value,Tangible Book Value,Source: Bloomberg
03/31/2012,,,,,,,,,,,,,,,0.0,,,,,,
06/30/2012,,,,,,,,,,,,,,,0.0,,,,,,
09/30/2012,,,,,,,,,,,,,,,0.0,,,,,,
12/31/2012,705.3,,,,,,,,,,,,,,0.0,,,1.891394,6.493691,4.805047,
03/31/2013,,,,,,,,,,,,,,,0.0,,,,,,
06/30/2013,,705.271,705.271,,3.984284,3.731899,1.50155,1.213718,0.76,0.76,0.76,0.76,0.76,0.76,0.0,1.678787,1.678787,,,,
09/30/2013,705.0,705.0,705.0,,4.255319,3.995745,1.743262,1.448227,0.91,0.91,0.91,0.91,0.91,0.91,0.0,2.502128,2.502128,3.787234,7.919149,6.150355,
12/31/2013,705.3,705.3,705.3,,4.490288,4.223735,1.285978,0.981143,0.63,0.63,0.63,0.63,0.63,0.63,0.0,1.623423,1.623423,3.287963,8.450305,6.679427,
03/31/2014,705.3,705.0,705.0,,4.323404,4.053901,1.575887,1.262411,0.79,0.79,0.79,0.79,0.79,0.79,0.0,2.513475,2.513475,7.558486,8.566567,6.563165,
06/30/2014,705.270833,705.3,705.3,,4.307387,4.015313,1.420672,1.083227,0.67,0.67,0.67,0.67,0.67,0.67,0.0,1.739685,1.739685,9.616164,9.064603,7.062535,
09/30/2014,833.764589,782.0,782.0,,4.116368,3.804348,1.558824,1.124041,0.7,0.7,0.7,0.7,0.7,0.7,0.0,5.491049,5.491049,17.760409,11.92303,10.246297,
12/31/2014,833.764589,834.3,833.8,,4.104102,3.765891,1.403214,1.023027,0.64,0.64,0.64,0.64,0.64,0.64,0.0,1.254497,1.254497,14.186259,12.567096,10.806408,
03/31/2015,833.764589,835.0,834.0,,3.898082,3.568345,1.432854,1.058753,0.66,0.66,0.66,0.66,0.66,0.66,0.0,1.996403,1.996403,13.454637,13.23635,11.430085,
06/30/2015,833.764963,835.0,834.0,,3.953237,3.629496,1.408873,1.032374,0.65,0.65,0.65,0.65,0.65,0.65,0.0,1.574341,1.574341,12.738602,13.886407,12.058554,
09/30/2015,833.824286,835.8,833.8,,4.168865,3.82226,1.503958,1.102183,0.69,0.69,0.69,0.69,0.69,0.69,0.0,1.579515,1.579515,14.71653,14.58101,12.668137,
12/31/2015,833.82834,835.5,833.8,,4.312785,3.951787,1.458383,1.041017,0.66,0.66,0.66,0.65,0.65,0.65,0.0,2.265531,2.265531,14.78122,15.115821,13.136997,
03/31/2016,833.830398,835.5,833.8,,4.331974,3.958983,1.550732,1.112977,0.7,0.7,0.7,0.7,0.7,0.7,0.0,1.798993,1.798993,14.991058,15.835355,13.855336,
06/30/2016,833.920699,836.2,833.9,,4.314666,3.951313,1.35268,0.924571,0.59,0.59,0.59,0.58,0.58,0.58,0.0,1.7652,1.7652,14.134438,16.446408,14.464205,
09/30/2016,825.4644,830.6,828.4,,4.683728,4.303477,1.610333,1.162482,0.73,0.73,0.73,0.73,0.73,0.73,0.13,2.190971,2.190971,16.461037,16.937133,14.899492,
12/31/2016,817.352328,823.8,820.5,,4.914077,4.525289,1.562462,1.106642,0.7,0.7,0.7,0.7,0.7,0.7,0.13,2.101158,2.101158,11.403895,17.368275,15.336104,
03/31/2017,810.804845,817.1,813.1,,4.926823,4.525889,1.435248,0.961751,0.61,0.61,0.61,0.61,0.61,0.61,0.13,1.820194,1.820194,14.050237,17.714497,15.472281,
06/30/2017,795.324028,807.4,804.0,,5.008706,4.594527,1.467662,0.9801,0.62,0.62,0.62,0.61,0.61,0.61,0.13,2.144279,2.144279,15.113337,18.020328,15.784761,
09/30/2017,782.58405,790.9,787.3,,5.473136,5.019688,1.657564,1.116474,0.7,0.7,0.7,0.7,0.7,0.7,0.15,3.287184,3.287184,17.780838,18.403135,16.150342,
12/31/2017,770.531433,783.4,778.0,,5.595116,5.113111,1.692802,1.124679,0.494859,0.494859,0.700514,0.491448,0.491448,0.695685,0.15,3.577121,3.577121,15.05714,18.472965,16.214783,
03/31/2018,760.27893,770.3,763.7,,5.655362,5.128977,1.728427,1.109074,0.84,0.84,0.84,0.83,0.83,0.83,0.15,2.507529,2.507529,17.156861,18.882544,16.553135,
06/30/2018,746.598245,758.3,752.2,,5.63281,5.051848,1.863866,1.185855,0.93,0.93,0.93,0.92,0.92,0.92,0.15,2.879553,2.879553,20.995227,19.365167,16.837704,
09/30/2018,718.710316,738.8,734.9,,6.47299,5.808954,1.985304,1.215131,0.91,0.91,0.91,0.91,0.91,0.91,0.21,3.653558,3.653558,16.791188,19.473771,16.51152,
12/31/2018,718.758598,720.9,718.7,,6.873522,6.117991,2.274941,1.408098,1.09,1.09,1.09,1.09,1.09,1.09,0.21,3.584249,3.584249,13.072539,20.421321,17.414748,
03/31/2019,688.837684,708.9,706.3,,6.906414,6.113549,2.985983,2.069942,1.57,1.57,1.57,1.56,1.56,1.56,0.21,3.240833,3.240833,18.818657,21.353361,17.963593,
06/30/2019,668.908144,686.5,683.6,,7.06261,6.209772,2.63897,1.651551,1.25,1.25,1.25,1.24,1.24,1.24,0.21,2.875951,2.875951,17.573414,22.026941,18.598966,
09/30/2019,653.65688,661.7,658.3,,7.69558,6.796293,3.130791,2.088713,1.6,1.6,1.6,1.6,1.6,1.6,0.22,3.644235,3.644235,17.533664,23.131402,19.68158,
12/31/2019,615.925168,637.7,633.7,,7.3994,6.522014,2.479091,1.453369,1.15,1.15,1.197728,1.15,1.15,1.193908,0.22,3.686287,3.686287,19.721552,23.278802,19.474768,
03/31/2020,583.232644,607.4,604.9,,7.445859,6.591172,1.6449,0.631509,0.45,0.45,0.45,0.45,0.45,0.45,0.22,2.540916,2.540916,23.496627,19.237606,15.318073,
06/30/2020,583.714002,584.4,583.7,,6.724345,5.980812,1.010793,0.101079,0.06,0.06,0.06,0.06,0.06,0.06,0.22,4.07915,4.07915,28.000014,19.100107,15.255759,
09/30/2020,,,,,,,,,0.334,0.334,0.423,0.334,0.334,0.423,0.226,-0.185,,,19.424,,
12/31/2020,,,,,,,,,0.532,0.532,0.536,0.532,0.532,0.536,0.226,0.77,,,18.545,,
