Date,Basic Shares Outstanding,Diluted Weighted Avg Shares,Basic Weighted Avg Shares,Per Share Data Items,Revenue,EBITDA,Operating Income,Net Income to Common - Basic,Net Income before XO - Basic,Normalized Net Income - Basic,Net Income to Common - Diluted,Net Income before XO - Diluted,Normalized Net Income - Diluted,Dividends,Cash Flow,Free Cash Flow,Cash & Equivalents,Book Value,Tangible Book Value,Net Utility Plant,Source: Bloomberg
03/31/1990,113.650002,113.625999,113.625999,,2.081135,0.705675,0.444634,0.24,0.24,0.24,0.24,0.24,0.24,0.19,0.396212,0.396212,1.343678,7.579226,,12.640502,
06/30/1990,113.669998,113.657997,113.657997,,2.446427,0.866072,0.605729,0.34,0.34,0.34,0.34,0.34,0.34,0.2025,0.417586,0.417586,1.072042,7.310979,,12.534618,
09/30/1990,113.688004,113.683998,113.683998,,2.719363,1.00431,0.73487,0.4,0.4,0.4,0.4,0.4,0.4,0.2025,0.848246,0.848246,0.890481,7.239339,,12.47684,
12/31/1990,113.695999,115.262001,115.262001,,2.371883,0.74905,0.478345,0.245,0.245,0.245,0.245,0.245,0.245,0.2025,0.215683,0.215683,0.833767,7.304716,,14.406136,
03/31/1991,113.732002,113.713997,113.713997,,2.221063,0.712366,0.429288,0.23,0.23,0.23,0.23,0.23,0.23,0.2025,0.648531,0.648531,0.961163,7.349708,,13.206863,
06/30/1991,113.870003,113.811996,113.811996,,2.555583,0.896004,0.603346,0.335,0.335,0.335,0.335,0.335,0.335,0.215,0.43144,0.43144,0.985598,7.484342,,13.408527,
09/30/1991,114.010002,113.966003,113.966003,,2.84512,1.071442,0.771572,0.43,0.43,0.43,0.43,0.43,0.43,0.215,1.071951,1.071951,1.160389,7.720779,,13.793518,
12/31/1991,114.220001,114.010002,114.010002,,2.512095,0.788299,0.498737,0.28,0.28,0.28,0.28,0.28,0.28,0.215,0.43283,0.43283,1.405332,7.803362,,15.957267,
03/31/1992,114.386002,114.297997,114.297997,,2.297547,0.758981,0.450962,0.23,0.23,0.23,0.23,0.23,0.23,0.215,0.76633,0.76633,1.530353,7.844491,,14.034524,
06/30/1992,114.608002,114.522003,114.522003,,2.476668,0.864323,0.555771,0.305,0.305,0.305,0.305,0.305,0.305,0.2275,0.284705,0.284705,1.351904,7.947264,,14.115908,
09/30/1992,114.802002,114.716003,114.716003,,2.973927,1.101451,0.789105,0.465,0.465,0.465,0.465,0.465,0.465,0.2275,1.14046,1.14046,1.469478,8.212984,,14.185789,
12/31/1992,114.966004,115.134002,115.134002,,2.568789,0.863481,0.549872,0.3,0.3,0.3,0.3,0.3,0.3,0.2275,0.636476,0.636476,1.593419,8.313301,,17.273167,
03/31/1993,115.129997,115.057999,115.057999,,2.453554,0.87568,0.525396,0.315,0.215,0.215,0.315,0.215,0.215,0.2275,0.857289,0.857289,1.721506,8.42551,,15.005846,
06/30/1993,115.372002,115.281998,115.281998,,2.729004,0.971166,0.616115,0.33,0.33,0.33,0.33,0.33,0.33,0.24,0.443209,0.443209,1.695108,8.548773,,15.037947,
09/30/1993,115.512001,115.447998,115.447998,,3.15905,1.19517,0.834436,0.45,0.45,0.45,0.45,0.45,0.45,0.24,1.073029,1.073029,1.445209,8.783512,,15.051821,
12/31/1993,115.621002,115.571999,115.571999,,2.788945,0.90945,0.541991,0.31,0.31,0.31,0.31,0.31,0.31,0.24,0.409771,0.409771,1.264303,8.887226,,17.986378,
03/31/1994,115.760002,115.690002,115.690002,,2.650376,0.890915,0.517737,0.29,0.29,0.29,0.29,0.29,0.29,0.24,0.830392,0.830392,1.304682,8.966923,,15.438174,
06/30/1994,115.940002,115.900002,115.900002,,3.048481,1.033598,0.653779,0.36,0.36,0.36,0.36,0.36,0.36,0.2525,0.610526,0.610526,1.331413,9.108599,,15.576358,
09/30/1994,116.072998,116.005997,116.005997,,3.160121,1.191387,0.816096,0.47,0.47,0.47,0.47,0.47,0.47,0.2525,1.126002,1.126002,1.388351,9.355458,,15.713,
12/31/1994,116.198997,116.137001,116.137001,,2.792555,0.712314,0.339849,0.2,0.2,0.2,0.2,0.2,0.2,0.2525,0.381816,0.381816,1.173298,9.330726,,16.1097,
03/31/1995,116.332001,116.265999,116.265999,,2.744861,0.951645,0.568068,0.31,0.31,0.31,0.31,0.31,0.31,0.2525,0.651205,-0.202269,0.367594,9.42077,,16.150561,
06/30/1995,116.459999,116.394997,116.394997,,3.004416,1.076902,0.693629,0.4,0.4,0.4,0.4,0.4,0.4,0.265,0.790429,-0.377258,0.48931,9.583814,,16.881625,
09/30/1995,116.571999,116.516998,116.516998,,3.339401,1.272801,0.918905,0.55,0.55,0.55,0.55,0.55,0.55,0.265,1.414695,0.730666,0.387057,9.887692,,17.068593,
12/31/1995,116.699997,116.660004,116.660004,,2.866192,0.926684,0.547317,0.34,0.34,0.34,0.34,0.34,0.34,0.265,0.670744,-0.17407,0.364182,9.997429,,17.462726,
03/31/1996,116.975998,128.205002,128.205002,,3.449943,1.019952,0.669241,0.39,0.39,0.39,0.39,0.39,0.39,0.265,0.846488,0.395117,0.397594,10.120571,,17.561739,
06/30/1996,117.223,129.300003,129.300003,,3.361949,1.103921,0.679814,0.39,0.39,0.39,0.39,0.39,0.39,0.28,0.786357,0.137231,0.36678,10.279314,,17.722937,
09/30/1996,117.325996,129.399994,129.399994,,3.540959,1.239567,0.85626,0.51,0.52,0.52,0.51,0.52,0.52,0.28,1.22643,0.55541,0.437115,10.586162,,17.810341,
12/31/1996,129.699997,130.263,130.263,,3.37855,1.15689,0.74695,0.38,0.38,0.38,0.38,0.38,0.38,0.28,0.35697,0.013281,0.122591,10.574403,,17.771781,
03/31/1997,117.596001,130.600006,130.600006,,3.447932,1.176876,0.750383,0.39,0.39,0.39,0.39,0.39,0.39,0.28,0.794028,0.430322,0.187396,10.83917,,17.418085,
06/30/1997,130.804993,131.100006,130.699997,,3.526396,1.221882,0.79189,0.39,0.39,0.39,0.39,0.39,0.39,0.295,0.537108,0.083397,0.266045,10.816101,,17.561257,
09/30/1997,130.856995,130.800003,130.800003,,3.78211,1.392202,0.960245,0.45,0.51,0.51,0.45,0.51,0.51,0.295,0.957186,0.642202,0.289629,10.994445,,17.425893,
12/31/1997,130.899994,130.899994,130.899994,,3.486632,1.054446,0.653178,0.31,0.33,0.37,0.31,0.33,0.37,0.295,0.890046,0.460924,0.080978,11.03667,,17.461421,
03/31/1998,131.608002,132.1,131.6,,3.554711,0.974924,0.531155,0.4,0.23,0.23,0.4,0.23,0.23,0.295,0.967325,0.572948,0.080542,11.119385,,17.296061,
06/30/1998,131.679001,132.2,131.7,,3.725133,1.288535,0.838269,0.44,0.44,0.44,0.44,0.44,0.44,0.31,0.670463,0.182232,0.126064,11.262995,,17.282938,
09/30/1998,131.783997,132.2,131.8,,3.985584,1.433991,0.977997,0.54,0.54,0.54,0.54,0.54,0.54,0.31,1.189681,0.747344,0.163146,11.517332,,17.206946,
12/31/1998,132.0,133.2,131.7,,3.583903,1.118451,0.699317,0.19,0.31,0.42,0.19,0.31,0.42,0.31,0.933941,-0.002278,0.12803,11.422727,11.422727,17.560606,
03/31/1999,131.96,132.0,132.0,,3.376515,1.157576,0.72803,0.38,0.38,0.38,0.38,0.38,0.38,0.31,0.544697,-0.031061,0.103062,11.501212,11.501212,17.658381,
06/30/1999,132.082,132.2,132.0,,3.725,1.177273,0.755303,0.39,0.4,0.4,0.39,0.4,0.4,0.325,0.80303,0.115909,0.146878,11.588256,11.588256,17.720053,
09/30/1999,131.463,132.0,131.9,,4.214556,1.561789,1.052312,0.32,0.42,0.54,0.32,0.42,0.54,0.325,0.903715,0.246399,0.075306,11.556103,11.556103,17.967793,
12/31/1999,126.7,128.9,128.8,,3.796584,1.190994,0.701863,0.33,0.33,0.36,0.33,0.33,0.36,0.325,0.653727,-0.679348,0.769534,11.190213,11.190213,20.405683,
03/31/2000,125.2369,126.2,126.2,,4.156101,1.347861,0.856577,0.42,0.42,0.42,0.42,0.42,0.42,0.325,0.849445,-0.296355,0.173272,11.231514,11.231514,21.250127,
06/30/2000,125.504,125.4,125.3,,4.465283,1.306464,0.79569,0.46,0.46,0.46,0.46,0.46,0.46,0.335,0.711891,-0.660814,0.22071,11.366968,11.366968,21.67899,
09/30/2000,125.8955,126.1,125.6,,4.894108,1.511146,0.963376,0.65,0.65,0.65,0.65,0.65,0.65,0.335,1.105096,0.26672,0.209698,11.743073,11.743073,22.045268,
12/31/2000,126.3,127.3,126.1,,4.72958,1.25456,0.672482,0.46,0.46,0.46,0.44,0.44,0.44,0.335,0.36479,-1.748612,0.788599,11.931116,11.931116,31.433888,
03/31/2001,135.1854,129.8,128.6,,5.219285,1.406687,0.851477,0.54,0.54,0.54,0.53,0.53,0.53,0.325,1.051322,-0.509331,0.432739,13.132335,13.132335,31.793374,
06/30/2001,135.9214,136.9,135.7,,4.72955,1.347089,0.780398,0.53,0.53,0.53,0.52,0.52,0.52,0.345,0.715549,-0.976419,0.540754,13.360663,13.360663,24.602454,
09/30/2001,136.0359,136.9,136.0,,4.85,1.480147,0.969118,0.72,0.67,0.67,0.71,0.66,0.66,0.345,1.225,-0.840441,0.571908,13.780186,13.780186,26.137218,
12/31/2001,139.6,139.3,138.71,,4.13813,1.077067,0.490952,0.47,0.43,0.43,0.47,0.43,0.43,0.345,0.852138,-0.984788,0.861032,14.123209,12.93553,34.658309,
03/31/2002,139.832,140.3,139.7,,4.342162,1.229062,0.638511,0.54,0.5,0.5,0.54,0.5,0.5,0.345,1.457409,-0.809592,0.592139,14.061159,12.865439,36.278534,
06/30/2002,156.06,144.7,144.2,,4.699723,1.226075,0.677531,0.59,0.56,0.56,0.59,0.56,0.56,0.355,0.823856,-0.993759,0.897732,15.096117,13.857491,26.641035,
09/30/2002,156.205,156.1,156.1,,4.648302,1.367713,0.87508,0.76,0.71,0.71,0.76,0.71,0.71,0.355,1.133889,-0.230621,1.199706,15.500144,14.269069,32.488717,
12/31/2002,175.8,172.8,172.8,,3.853588,0.835069,0.379051,-0.958912,-1.03588,-1.03588,-0.958912,-1.03588,-1.03588,,0.904514,-0.677662,2.338453,14.856086,13.754266,31.080774,
03/31/2003,175.9,175.9,175.9,,3.705514,1.024446,0.545765,0.01,-0.12,0.4,0.01,-0.12,0.4,0.355,0.409323,-0.171688,2.260375,14.496873,13.350199,30.645253,
06/30/2003,176.6,176.6,176.4,,3.94161,1.036848,0.46712,-0.58,0.03,0.22,-0.58,0.03,0.22,0.19,-0.102041,-1.284014,1.604757,13.460362,12.856738,44.5,
09/30/2003,187.8,179.8,179.5,,4.228969,1.152646,0.57493,-0.11,0.03,0.07,-0.11,0.03,0.07,0.19,1.202786,0.368245,2.263046,13.320021,12.726305,41.089457,
12/31/2003,187.800003,179.699997,179.699997,,1.457429,0.989427,0.366722,-4.59,4.26,3.35,-4.59,4.26,3.35,0.19,0.230384,-0.4936,0.576145,8.93344,8.554313,30.239616,
03/31/2004,188.1,188.6,188.0,,3.416489,0.718085,0.314894,0.01,0.15,0.17,0.01,0.15,0.17,0.19,0.280319,-0.03617,0.572036,8.746411,8.367889,29.412015,
06/30/2004,188.5,188.349,188.349,,3.785526,0.845239,0.438548,-0.57,-0.44,0.22,-0.57,-0.44,0.22,0.19,0.038758,-0.303161,0.454111,8.039257,7.661538,29.293899,
09/30/2004,199.6,194.4,194.1,,3.5966,0.781041,0.393612,0.21,0.23,0.23,0.21,0.23,0.23,0.19,0.529109,-0.448738,0.513527,9.022044,8.665331,27.561623,
12/31/2004,199.7,199.7,199.7,,3.28693,0.584877,0.206309,-2.44,-1.76,0.17,-2.44,-1.76,0.17,0.19,-0.115674,-0.115674,0.484226,6.429144,6.131698,23.324487,
03/31/2005,206.9,206.0,205.1,,3.338372,0.735251,0.389566,0.16,0.25,0.25,0.16,0.25,0.25,0.19,0.479766,0.175037,1.510875,7.064282,6.777187,22.021266,
06/30/2005,207.8,208.9,206.7,,3.478471,0.801161,0.448476,0.46,0.06,0.28,0.44,0.04,0.26,0.19,-0.208031,-0.594098,0.905679,7.30847,7.022618,21.890279,
09/30/2005,208.1,209.3,207.1,,4.038629,0.831,0.485756,0.46,0.46,0.47,0.45,0.45,0.46,0.19,0.882665,0.537422,1.702547,7.608361,7.322922,21.865449,
12/05/2005,208.2,216.492,207.355,,3.713438,0.767283,0.418124,0.25,0.25,0.26,0.24,0.24,0.25,0.19,-0.294664,-0.687709,1.660423,7.645053,7.35975,21.935159,
03/31/2006,208.3,208.7,207.5,,4.030843,0.754217,0.415422,0.27,0.27,0.29,0.26,0.26,0.28,0.19,0.90747,0.530602,1.889102,7.763802,7.478637,22.008161,
06/30/2006,208.9,208.6,207.7,,4.153105,0.857968,0.518055,0.3,0.29,0.25,0.3,0.29,0.25,0.19,0.431873,-0.054405,2.237434,7.881762,7.597415,22.116802,
09/30/2006,209.1,208.7,207.9,,4.439153,0.963925,0.626744,0.38,0.38,0.37,0.38,0.38,0.37,0.19,1.152958,0.563733,2.686753,8.082736,7.798661,22.378766,
12/31/2006,209.5,208.7,208.3,,3.966395,0.7494,0.352376,0.23,0.23,0.18,0.23,0.23,0.18,0.19,0.232357,-0.506961,2.107876,8.252983,7.969451,22.753699,
03/31/2007,209.6,209.6,208.6,,3.9372,0.71908,0.375839,0.35,0.35,0.21,0.35,0.35,0.21,0.19,0.761745,0.11697,1.812023,8.44084,8.157443,22.397424,
06/30/2007,210.6,210.0,208.9,,4.147918,1.082336,0.419818,0.35,0.28,0.32,0.35,0.28,0.32,0.195,1.118717,-0.18382,1.131529,8.625356,8.343305,22.582146,
09/30/2007,210.6,210.0,209.2,,4.732314,1.624761,0.677342,0.44,0.44,0.37,0.44,0.44,0.37,0.195,1.979924,0.260994,0.646249,8.876543,8.594492,22.865147,
12/31/2007,210.9,210.4,209.4,,4.098854,0.82617,0.513372,0.84,0.84,0.25,0.83,0.83,0.24,0.195,0.667622,0.023878,0.770982,9.563774,9.282124,23.177809,
03/31/2008,210.7,210.6,209.7,,3.775393,0.680019,0.370052,0.15,0.15,0.15,0.15,0.15,0.15,0.195,0.729614,0.076776,0.571429,9.458946,9.177029,23.504034,
06/30/2008,212.7,212.1,210.4,,4.21673,0.795152,0.486692,0.24,0.24,0.24,0.24,0.24,0.24,0.2,0.406369,-0.205798,0.818994,9.533145,9.253879,23.551011,
09/30/2008,212.8,212.6,211.2,,4.384943,0.867424,0.55161,0.28,0.28,0.28,0.27,0.27,0.27,0.2,0.412879,-0.217803,0.445959,9.594455,9.31532,23.887218,
12/31/2008,212.9,211.8,211.3,,3.645528,0.747752,0.418836,0.1,0.1,0.2,0.1,0.1,0.2,0.2,0.293895,-0.573592,0.068577,9.430249,9.151245,24.524659,
03/31/2009,212.9,212.2,211.4,,3.897824,0.720908,0.391202,0.16,0.16,0.140019,0.16,0.16,0.135966,0.2,0.845317,-0.058184,0.163927,9.42931,9.150305,25.118835,
06/30/2009,213.7,212.5,211.7,,3.897969,0.918281,0.581483,0.29,0.29,0.29,0.29,0.29,0.29,0.2,0.705243,-0.267359,0.131025,9.533926,9.255966,25.309312,
09/30/2009,213.7,213.2,211.9,,4.229825,0.980651,0.637093,0.3,0.3,0.403964,0.3,0.3,0.397561,0.2,1.0,0.378952,0.212915,9.666823,9.388863,25.632663,
12/31/2009,213.9,213.7,212.1,,3.606789,0.912306,0.562942,0.25,0.25,0.254125,0.25,0.25,0.251872,0.2,0.871287,0.209335,0.218794,9.749416,9.471716,25.919121,
03/31/2010,213.9,213.9,212.2,,4.299246,1.158812,0.795947,0.26,0.26,0.343544,0.26,0.26,0.339944,0.2,0.666352,-0.007069,1.084619,9.83871,9.56101,26.810192,
06/30/2010,214.6,214.7,212.5,,4.229647,1.166118,0.799529,0.35,0.35,0.374588,0.35,0.35,0.369096,0.205,0.876235,0.254118,0.455732,9.957596,9.680801,26.946412,
09/30/2010,214.7,215.1,212.8,,4.237782,1.120771,0.75047,0.24,0.24,0.348214,0.24,0.24,0.347392,0.205,1.24718,0.778195,0.774569,10.015836,9.739171,26.995342,
12/31/2010,214.9,215.4,212.9,,3.640207,0.974636,0.60263,0.27,0.27,0.229685,0.26,0.26,0.223788,0.205,0.335369,-0.203852,0.382969,10.096324,9.83853,27.180084,
03/31/2011,215.0,215.0,213.0,,3.737559,0.989202,0.614554,0.24,0.24,0.24,0.24,0.24,0.24,0.205,1.079343,0.643192,0.416279,10.157674,9.9,27.173953,
06/30/2011,215.7,215.2,213.6,,4.146536,1.18118,0.80103,0.36,0.36,0.36,0.36,0.36,0.36,0.215,0.734551,0.23221,0.286509,10.272601,10.015763,27.160408,
09/30/2011,215.8,215.3,213.8,,4.105706,1.233396,0.847989,0.42,0.4,0.4,0.42,0.4,0.4,0.215,1.332086,0.873246,0.768304,10.481464,10.224745,27.265987,
12/31/2011,215.8,215.4,213.8,,3.367633,0.944808,0.565014,0.25,0.22,0.22,0.25,0.22,0.22,0.215,0.385407,-0.343312,0.203892,10.503244,10.246525,27.65431,
03/31/2012,215.8,215.3,213.9,,3.259,0.924731,0.536699,0.24,0.21,0.21,0.23,0.2,0.2,0.22,1.046751,0.497896,0.273401,10.537998,10.281279,27.736793,
06/30/2012,216.6,215.2,214.3,,3.511433,1.088661,0.695754,0.34,0.3,0.3,0.34,0.3,0.3,0.22,0.380308,-0.195987,0.542013,10.592336,10.336565,27.805171,
09/30/2012,216.6,215.4,214.5,,4.002797,1.254545,0.853613,0.2,0.42,0.42,0.2,0.42,0.42,0.22,1.408858,0.875991,1.083102,10.601108,,27.405355,
12/31/2012,216.6,215.0,214.5,,3.209324,0.904429,0.51049,0.21,0.21,0.216224,0.21,0.21,0.213628,0.22,0.695105,-0.00373,0.925669,10.580794,,27.555402,
03/31/2013,217.5,215.6,214.6,,3.080615,0.867195,0.485089,0.19,0.19,0.19,0.19,0.19,0.19,0.22,0.735788,0.255825,0.978851,10.544828,10.544828,27.481839,
06/30/2013,217.3,215.5,215.0,,3.422791,0.946047,0.555814,0.24,0.24,0.247442,0.24,0.24,0.247442,0.22,0.604186,-0.077674,0.705476,10.586746,10.586746,27.797975,
09/30/2013,217.3,215.6,215.2,,2.983736,1.055297,0.658457,0.29,0.3,0.30855,0.29,0.3,0.30855,0.22,1.014405,0.450743,0.703175,10.694432,10.694432,27.983893,
12/31/2013,217.3,215.7,215.2,,3.198885,0.826208,0.462825,0.2,0.2,0.20632,0.2,0.2,0.20632,0.22,0.708643,-0.041822,0.852278,10.739531,10.739531,28.394386,
03/31/2014,218.2,215.7,215.2,,2.685874,0.931691,0.537175,0.23,0.22,0.234665,0.23,0.22,0.229736,0.22,0.868494,0.23513,0.627864,10.694775,10.694775,28.569203,
06/30/2014,217.8,215.9,215.4,,2.811978,0.999071,0.608171,0.27,0.27,0.279944,0.27,0.27,0.279944,0.22,0.344011,-0.510214,0.766758,10.773186,,29.036272,
09/30/2014,234.6,228.3,227.8,,3.016681,1.019754,0.639596,0.04,0.32,0.324407,0.04,0.32,0.323942,0.22,1.076383,0.323529,0.309889,11.094629,9.381927,29.635124,
12/31/2014,234.9,233.1,232.5,,2.991398,0.852903,0.482151,0.04,0.11,0.193548,0.04,0.11,0.185504,0.22,0.682151,-0.261075,0.108131,10.960834,9.222648,30.175394,
03/31/2015,235.6,233.5,232.8,,2.976804,0.996993,0.628007,0.25,0.27,0.277062,0.25,0.27,0.272998,0.225,0.631443,-0.039519,0.139219,10.981749,9.248302,30.410441,
06/30/2015,235.1,233.6,233.0,,2.92103,0.990129,0.615021,0.05,0.26,0.265665,0.05,0.26,0.261712,0.225,0.648498,-0.121888,0.238197,10.860485,9.123352,30.802637,
09/30/2015,235.2,234.7,233.2,,2.975129,1.006861,0.628645,0.23,0.28,0.331475,0.23,0.28,0.331475,0.225,0.783019,0.011149,0.235544,10.891156,9.154762,31.14966,
12/31/2015,235.3,234.9,233.4,,2.896744,0.91988,0.539846,0.21,0.22,0.224936,0.21,0.22,0.224936,0.225,0.557841,-0.422022,0.101147,10.875478,9.139822,31.796855,
03/31/2016,235.5,235.2,234.0,,2.818376,1.016667,0.632906,0.31,0.31,0.315385,0.31,0.31,0.310425,0.23,0.989744,0.271795,0.195754,10.96518,9.230998,32.072187,
06/30/2016,235.5,235.5,234.3,,2.784038,0.669654,0.284678,0.03,0.03,0.272727,0.03,0.03,0.272727,0.23,0.967136,0.041827,0.123992,10.659448,8.925265,32.584289,
