Date,Revenue,Consensus Estimate,Comparable Actual,Revenue Surprise %,GAAP Actual,Adjusted Actual,Earnings Per Share,EPS Surprise %,EBIT,EBIT Surprise %,EBITDA,EBITDA Surprise %,Gross Margin %,Gross Margin Surprise %,Pretax Income (Loss),Pretax Income (Loss) Surprise %,Net Income,Net Income Surprise %,Source: Bloomberg
06/29/2007,,261.5,244.0,-1.1086153177306,-1368.0,-1368.0,,-6.66666666666667,,,,,,,,,,-6.69216061185468,
09/28/2007,,267.25,295.0,5.72316073396822,256.0,256.0,,8.8560885608856,,,,,,,,,,10.3835360149673,
12/28/2007,,282.429,315.0,3.12411344831041,949.0,949.0,,10.1398601398602,,,,,,,,,,11.5324559446799,
03/28/2008,,305.286,318.25,-0.335652756568337,301.0,301.0,,8.41423948220065,,,,,,,,,,4.2465098301265,
06/27/2008,,328.667,335.0,2.46011776621213,330.0,330.0,,4.01188707280831,,,,,,,,,,1.9268743135149,
09/26/2008,,311.889,327.0,0.270562770562771,202.0,202.0,,6.31741140215715,,,,,,,,,,4.84499293017708,
12/26/2008,,136.0,106.85,-3.9037518588928,-37.0,93.189474,,-24.3986254295533,,-25.4032258064516,,-18.3515775917579,,,,-32.8798185941043,,-21.4338235294118,
03/27/2009,,19.3,66.0,3.11901428970901,-3238.0,64.0,,154.545454545455,,36.6488663538127,,1.85414091470952,,,,35.3135313531353,,241.968911917098,
06/26/2009,,60.34,77.0,1.23790382641332,-77.0,74.0,,22.3021582733813,,25.9670700257885,,11.1351351351351,,26.199460916442,,27.7521065506931,,27.6102088167053,
09/25/2009,,120.0,140.0,4.03600308946055,93.0,140.0,,13.6363636363636,,18.9451022604951,,12.2384273937857,,2.16619459847608,,-20.343137254902,,16.6666666666667,
12/25/2009,,179.286,238.0,3.8378721709835,172.0,220.95,,21.1340206185567,,21.5373745730634,,17.9126944305068,,5.97667638483964,,21.8051118210863,,32.7487924322033,
03/26/2010,,239.286,311.8,1.05563322785773,304.0,297.0,,22.8406909788868,,16.0158460667799,,11.202976436544,,9.09090909090909,,36.036036036036,,30.3043220246901,
06/25/2010,,301.5,320.88,0.478936565340625,330.0,319.0,,3.39734121122598,,1.68382260894773,,3.31588132635253,,-0.961240310077515,,9.40766550522648,,6.42786069651741,
09/24/2010,,315.75,326.0,1.31447211187546,297.0,328.5,,2.27272727272727,,-0.631192447970632,,-0.66680235825013,,-1.04117812587938,,8.28471411901984,,3.24623911322249,
12/24/2010,,308.429,,,265.0,355.35,,,,,,,,,,,,,
03/25/2011,,323.0,317.0,-0.793707486589144,299.0,302.51,,-1.93370165745857,,-1.57825515124945,,0.215875403297546,,-3.125,,-4.45714285714286,,-1.85758513931889,
06/24/2011,,318.857,346.0,4.79299379166849,355.0,341.2,,9.2436974789916,,8.10810810810811,,6.1722234037743,,-1.01706036745406,,4.66200466200466,,8.5125934196207,
09/30/2011,,377.429,387.0,-0.56695395723693,326.0,375.0,,3.72960372960373,,-15.9758854559156,,-13.27239488117,,1.74418604651163,,-16.8309026409145,,2.53584117807588,
12/30/2011,,303.0,284.0,-3.76385412240574,260.0,269.0,,-5.57939914163089,,-6.67191103808297,,-5.22648083623693,,-2.48465552893294,,-9.45528001200701,,-6.27062706270627,
03/30/2012,,279.857,292.86,-1.75926211499699,257.0,294.0,,3.65853658536586,,4.07911001236094,,2.00729927007299,,3.59261700725115,,4.77453580901857,,4.64630150398239,
06/29/2012,,339.5,340.0,-0.673174149249696,199.0,331.38,,0.893997445721584,,-0.729335494327395,,2.74089180331928,,-6.82254964766175,,1.93323918514526,,0.147275405007364,
09/28/2012,,318.375,326.0,-0.59903559789651,396.0,326.0,,2.84167794316644,,-1.60381447767663,,-2.31075110220697,,1.76962676962677,,0.764694657376767,,2.39497447978013,
12/28/2012,,275.625,278.0,-2.1949341719478,277.0,278.0,,1.08864696734059,,0.827300930713544,,-0.965856974232841,,1.28369704749679,,-64.2634032697622,,0.861678004535147,
03/29/2013,,299.714,324.64,-0.0535700619882146,277.0,323.0,,7.04225352112677,,6.84997588036661,,4.73430423137046,,1.89753320683111,,7.57457569222455,,8.31659515404685,
06/28/2013,,350.125,372.0,1.66376030344083,335.0,372.0,,5.76923076923077,,6.70859538784067,,3.1678506330826,,1.48423005565862,,8.68873084498353,,6.24776865405212,
09/27/2013,,376.667,,,387.0,392.0,,,,,,,,,,,,,
12/27/2013,,321.222,343.0,1.48288277292976,353.0,343.0,,6.63198959687906,,8.84658454647256,,6.26352349762622,,4.12403100775193,,14.856136230182,,6.77973488739875,
03/28/2014,,378.0,398.0,-0.694645441389291,362.0,359.0,,4.39560439560439,,6.26605259977788,,5.17824592991385,,1.59965230312036,,4.34782608695652,,5.29100529100529,
06/27/2014,,409.556,417.0,-0.583171341294085,403.0,355.0,,1.21457489878543,,-1.28632887446673,,-1.51876529151984,,-0.45289050705976,,-1.3647929678464,,1.81757806014318,
09/26/2014,,413.889,424.0,-0.603330831039559,663.0,365.0,,2.0,,1.40083374018852,,1.96353436185133,,-0.954689208760679,,0.46339202965709,,2.44292551867771,
12/26/2014,,374.444,406.0,-1.29855336598701,472.0,369.0,,8.76803551609323,,8.04665279256794,,7.48840818502141,,,,,,8.42742840050848,
03/27/2015,,412.75,376.0,0.125156445556946,599.0,376.0,,-0.199600798403194,,-6.18041173078598,,-6.86635964418101,,,,19.5170345783186,,-8.90369473046638,
06/26/2015,,362.222,370.0,-1.82001385477675,309.0,370.0,,2.15664018161181,,-0.963069387624972,,-0.89989045212696,,0.182679582712376,,-0.394011032308905,,2.14730193086009,
09/25/2015,,379.714,364.0,-3.24602454321521,1040.0,364.0,,-2.38611713665944,,-6.093710010449,,-3.19212410501193,,-6.01825767013356,,-6.29424012504872,,-4.13837783173652,
12/25/2015,,300.25,328.0,1.12237627946755,353.0,331.25,,10.091743119266,,6.06784519827998,,2.85913528591352,,0.372719886859446,,7.88628583816049,,9.24229808492923,
03/25/2016,,334.625,331.0,-0.876763827808966,380.0,329.6,,1.01010101010101,,-3.46643264589733,,-4.54396861719515,,-1.44834427072308,,-3.13309603987992,,-1.08330220395966,
06/24/2016,,372.5,391.0,-0.227325692726373,839.0,1042.95,,4.34782608695654,,0.240096038415364,,-1.24771758977481,,-1.90841146691432,,-2.28215767634855,,4.96644295302013,
09/30/2016,,431.375,455.0,-0.0399900039990029,437.0,454.35,,6.18729096989967,,-0.433682688832667,,-1.5237020316027,,-0.252120901947784,,-0.127371020133029,,5.47667342799189,
12/30/2016,,356.571,412.0,1.93435667041058,409.0,412.65,,14.6560319042871,,13.7038608400509,,11.2265281662006,,4.67481410121323,,14.6497674408149,,15.5450106710865,
03/31/2017,,384.625,429.0,4.32113193115646,405.0,427.95,,10.5947955390334,,6.10868702895677,,2.90593169562612,,1.24224803915786,,5.80862204617597,,11.5372115697108,
06/30/2017,,416.667,444.0,2.86849422460772,435.0,444.0,,6.52920962199313,,2.97826403332149,,2.05245153933865,,-1.421472321064,,9.06564509806206,,6.55991475206821,
09/29/2017,,412.5,445.0,5.22684514633565,434.0,404.65,,8.13148788927336,,7.76426566884939,,6.24284077892326,,-2.90435141266241,,6.81620935977034,,7.87878787878788,
12/29/2017,,443.444,498.0,2.81755556579792,-40.0,503.0,,11.5537848605578,,9.53846153846154,,7.13323121139107,,-0.427358907174616,,9.62895515592989,,12.3027935883674,
03/30/2018,,479.455,503.0,3.8125973329726,490.0,500.54,,4.25844346549191,,2.93586042221534,,4.10452712966553,,-2.12055145974637,,2.97758594246402,,4.91078411946898,
06/29/2018,,482.273,503.0,2.04372101723818,454.0,500.0,,4.53216374269005,,2.50266457961665,,1.59443653138076,,-3.65725566150179,,1.20814081481754,,4.29777325290862,
09/28/2018,,465.833,474.0,-3.91942484179836,1661.0,474.0,,1.73323285606633,,-1.68340409273708,,-0.356795329224781,,2.38544072948328,,-1.56516540659771,,1.75320340121889,
12/28/2018,,444.727,444.0,-1.05996203800515,276.0,444.0,,0.860046911649736,,-1.4821272885789,,-1.06052855004407,,-0.43811845647621,,-1.3424345847554,,-0.163471073265166,
03/29/2019,,438.0,483.0,1.1262596324837,439.0,483.0,,10.6780982073266,,6.58105939004815,,2.44565217391304,,-0.908138022802192,,7.28041333959605,,10.2739726027397,
06/28/2019,,473.9,758.0,-1.42966254565677,757.0,509.0,,5.70824524312896,,2.33955784503112,,-0.148221536083454,,-2.06606865207511,,76.7400881057269,,59.9493564043047,
09/27/2019,,440.0,451.0,0.831092642385719,372.0,451.0,,1.75975516449886,,-2.62443438914027,,-1.51933701657459,,-2.33214460784314,,-16.4814814814815,,2.5,
12/27/2019,,386.5,408.0,1.6964169347647,26.0,408.0,,6.23353819139596,,2.44897959183673,,3.4542390986626,,1.6305398393298,,5.85252482569195,,5.5627425614489,
03/27/2020,,330.909,433.0,9.22330097087379,-456.0,433.0,,30.0403225806452,,26.2773722627737,,20.5864746483757,,3.52482481517197,,29.0358074365636,,30.8516842999133,
06/28/2020,,131.417,196.0,6.20259854584134,-41.0,196.0,,40.1425178147268,,48.8372093023256,,19.5402298850575,,1.452478976234,,46.5408805031447,,49.1435659009108,
09/30/2020,,276.286,,,,,,,,,,,,,,,,,
12/31/2020,,347.6,,,,,,,,,,,,,,,,,
