Date,Basic Shares Outstanding,Diluted Weighted Avg Shares,Basic Weighted Avg Shares,Per Share Data Items,Revenue,EBITDA,Operating Income,Net Income to Common - Basic,Net Income before XO - Basic,Normalized Net Income - Basic,Net Income to Common - Diluted,Net Income before XO - Diluted,Normalized Net Income - Diluted,Dividends,Cash Flow,Free Cash Flow,Cash & Equivalents,Book Value,Tangible Book Value,Source: Bloomberg
06/29/2007,496.869055,497.0,497.0,,6.623742,1.639839,0.873239,-2.75,-1.88,-0.31,-2.75,-1.88,-0.31,,1.160966,-0.311871,1.509452,21.99976,6.46448,
09/28/2007,497.423462,496.0,496.0,,7.032258,1.280242,0.969758,0.52,0.48,0.56,0.51,0.48,0.56,0.14,1.296371,0.97379,1.893759,22.87186,7.386061,
12/28/2007,491.363085,499.0,496.0,,7.173387,1.264113,0.993952,1.91,1.75,1.78,1.9,1.74,1.77,0.14,0.792339,0.538306,1.864202,23.259786,7.532108,
03/28/2008,481.655823,489.0,486.0,,7.534979,1.399177,1.12963,0.62,0.62,0.67,0.62,0.62,0.67,0.14,-0.917695,-1.234568,1.552976,24.021302,7.970422,
06/27/2008,475.37892,482.0,478.0,,7.912134,1.405858,1.125523,0.69,0.6,0.64,0.68,0.59,0.63,0.14,0.845188,0.5,1.535617,24.382655,8.145081,
09/26/2008,463.337004,473.0,470.0,,7.608511,1.270213,0.97234,0.43,0.19,0.75,0.43,0.19,0.75,0.22,1.357447,1.006383,2.343866,23.898372,7.594904,
12/26/2008,458.002231,461.0,459.0,,5.910675,0.457516,0.180828,-0.08,0.07,0.203027,-0.08,0.07,0.203027,0.16,0.071895,-0.178649,1.189951,22.945303,6.596038,
03/27/2009,458.016937,458.0,458.0,,5.10262,-7.740175,-8.290393,-7.07,-7.07,0.139738,-7.07,-7.07,0.139738,0.16,0.997817,0.541485,1.576361,15.438294,6.927691,
06/26/2009,468.0,459.0,458.0,,5.475983,0.423581,0.139738,-0.17,0.05,0.161572,-0.17,0.05,0.161111,0.16,0.720524,0.587336,2.688034,15.108974,7.487179,
09/25/2009,458.790402,461.0,459.0,,5.877996,0.673203,0.383442,0.2,0.18,0.305011,0.2,0.18,0.303644,0.16,1.180828,1.054466,3.315239,15.292386,7.517594,
12/25/2009,459.046922,462.0,459.0,,6.300654,0.88671,0.586057,0.37,0.37,0.481373,0.37,0.37,0.475952,0.16,0.718954,0.553377,3.692433,15.244629,7.530821,
03/26/2010,453.51578,461.0,457.0,,6.47046,1.150985,0.870897,0.67,0.67,0.649891,0.66,0.66,0.644816,0.16,1.094092,0.916849,4.054986,14.967506,7.091264,
06/25/2010,446.525338,456.0,451.0,,6.838137,1.321508,1.035477,0.73,0.73,0.707317,0.72,0.72,0.695877,0.16,0.831486,0.627494,4.064719,15.210783,7.253788,
09/24/2010,459.0,450.0,446.0,,7.033632,1.136771,0.856502,0.67,0.57,0.736547,0.66,0.56,0.727778,0.16,1.06278,0.757848,4.335512,15.35512,7.505447,
12/24/2010,445.17015,449.0,444.0,,7.207207,1.20045,0.900901,0.6,0.6,0.800338,0.59,0.6,0.794543,0.16,0.346847,0.083333,3.160589,16.485831,6.575014,
03/25/2011,439.673115,449.0,443.0,,7.537246,1.218962,0.884876,0.67,0.66,0.682867,0.67,0.65,0.675635,0.16,1.257336,1.0,2.818003,16.660104,6.943795,
06/24/2011,432.810222,442.0,437.0,,8.189931,1.379863,1.052632,0.81,0.8,0.780778,0.8,0.79,0.772353,0.18,1.002288,0.675057,2.800304,17.501897,7.62921,
09/30/2011,423.777134,433.0,429.0,,8.748252,1.375291,1.037296,0.76,0.75,0.874126,0.75,0.74,0.867021,0.18,1.468531,0.993007,2.874152,17.636629,8.388843,
12/30/2011,425.729227,429.0,425.0,,7.458824,1.181176,0.849412,0.61,0.56,0.632941,0.61,0.55,0.622261,0.18,0.487059,0.181176,3.264986,17.807093,7.925225,
03/30/2012,427.500906,431.0,427.0,,7.608899,1.224824,0.901639,0.6,0.63,0.688525,0.6,0.62,0.682645,0.18,1.222482,0.894614,6.704079,17.950839,8.853782,
06/29/2012,451.762374,431.0,428.0,,8.175234,1.273364,0.866822,0.46,0.61,0.774252,0.46,0.6,0.765615,0.21,1.179907,0.911215,2.882046,17.11962,4.542211,
09/28/2012,422.684075,429.0,426.0,,7.896714,1.307512,0.941315,0.93,0.93,0.765258,0.92,0.93,0.762168,0.21,1.673709,1.326291,3.759309,18.858056,5.46744,
12/28/2012,420.003414,426.0,422.0,,7.42654,1.054502,0.694313,0.66,0.66,0.658768,0.65,0.65,0.647653,0.21,0.92891,0.630332,2.314267,19.354605,5.904714,
03/29/2013,416.78211,424.0,420.0,,7.77381,1.592857,0.854762,0.66,0.66,0.769048,0.65,0.66,0.766132,0.21,1.992857,1.390476,2.574487,18.539663,5.175366,
06/28/2013,424.53497,421.0,415.0,,8.310843,1.412048,1.057831,0.81,0.8,0.896386,0.8,0.79,0.885012,0.25,1.484337,1.101205,2.972664,18.566197,5.49778,
09/27/2013,411.506671,420.0,413.0,,8.309927,1.489104,1.125908,0.94,0.94,0.949153,0.92,0.92,0.931905,0.25,1.435835,0.94431,3.409422,20.36419,6.828565,
12/27/2013,410.70149,418.0,411.0,,8.092457,1.527981,1.16545,0.86,0.86,0.83455,0.84,0.85,0.821292,0.25,0.93674,0.613139,3.401497,20.978741,7.428753,
03/28/2014,409.248404,417.0,410.0,,7.229268,1.52439,1.14878,0.88,0.83,0.87561,0.87,0.82,0.865564,0.25,1.095122,0.685366,3.491767,20.508327,6.941994,
06/27/2014,409.67361,416.0,409.0,,7.518337,1.471883,1.134474,0.99,0.85,0.867971,0.97,0.83,0.849231,0.29,1.222494,0.821516,3.937281,21.583035,8.091808,
09/26/2014,407.68715,416.0,409.0,,7.511002,1.452323,1.102689,1.62,1.5,0.892421,1.59,1.48,0.881442,0.29,1.831296,1.366748,6.02668,22.092921,10.2873,
12/26/2014,406.931539,413.0,407.0,,7.4914,1.437346,1.044226,1.16,1.07,0.906634,1.14,1.05,0.890194,0.29,0.724816,0.39312,2.133037,22.519759,4.167777,
03/27/2015,407.084997,413.0,407.0,,7.572482,1.461916,1.100737,1.47,0.78,0.923833,1.45,0.77,0.915278,0.29,0.977887,0.594595,1.712173,22.081384,6.207549,
06/26/2015,403.882697,412.0,406.0,,7.679803,1.519704,1.155172,0.76,0.86,0.91133,0.75,0.85,0.896117,0.33,1.46798,1.137931,1.735652,22.603098,6.662826,
09/25/2015,393.993292,405.0,400.0,,7.46,1.42,1.0175,2.6,0.34,0.91,2.57,0.34,0.902963,0.33,1.56,1.1225,8.449382,24.327825,8.137194,
12/25/2015,375.693946,390.0,385.0,,7.358442,1.412987,1.033766,0.92,0.84,0.86039,0.91,0.83,0.84859,0.33,0.950649,0.58961,5.91705,22.829753,6.54256,
03/25/2016,357.500906,368.0,364.0,,8.10989,1.865385,1.46978,1.04,1.07,0.905495,1.03,1.06,0.898587,0.33,0.425824,0.065934,3.216775,20.716031,3.63076,
06/24/2016,356.402871,361.0,357.0,,8.742297,1.680672,1.266106,2.35,2.22,2.921429,2.32,2.19,2.887922,0.37,2.011204,1.591036,1.947235,23.190049,3.428704,
09/30/2016,355.281376,359.0,355.0,,9.385915,1.870423,1.456338,1.23,1.23,1.279859,1.22,1.22,1.268329,0.37,1.926761,1.340845,1.821092,23.882479,3.135543,
12/30/2016,355.500649,359.0,356.0,,8.603933,1.839888,1.390449,1.15,1.14,1.159129,1.14,1.13,1.148524,0.37,1.134831,0.769663,1.870601,24.857901,4.708852,
03/31/2017,355.309461,359.0,356.0,,9.064607,1.77809,1.351124,1.14,1.14,1.202107,1.13,1.13,1.191142,0.37,1.463483,1.016854,2.175568,24.634863,4.51156,
06/30/2017,353.689474,358.0,355.0,,9.484507,1.974648,1.532394,1.23,1.22,1.250704,1.22,1.21,1.24352,0.4,1.473239,1.014085,2.134641,25.844705,5.188167,
09/29/2017,351.713612,356.0,353.0,,9.164306,1.844193,1.390935,1.23,1.1,1.146317,1.22,1.09,1.133961,0.4,2.473088,1.787535,3.463045,27.724261,6.422839,
12/29/2017,351.390055,352.0,352.0,,9.477273,2.125,1.664773,-0.11,-0.09,1.428977,-0.11,-0.09,1.428977,0.4,0.994318,0.321023,2.003472,27.408288,6.127094,
03/30/2018,350.625636,354.0,351.0,,10.148148,2.279202,1.769231,1.4,1.4,1.42604,1.38,1.38,1.409774,0.2,1.074074,0.475783,1.594293,27.037384,5.601416,
06/29/2018,348.411112,352.0,349.0,,10.260745,2.065903,1.587393,1.3,1.3,1.432665,1.29,1.29,1.423523,0.44,2.292264,1.621777,2.210033,27.243678,6.251236,
09/28/2018,338.671778,350.0,347.0,,10.112392,2.135447,1.642651,4.79,4.82,1.365994,4.75,4.78,1.351429,0.44,2.662824,1.907781,2.503899,31.980817,10.166185,
12/28/2018,339.342373,344.0,342.0,,9.78655,1.906433,1.415205,0.81,1.12,1.298246,0.8,1.11,1.287326,0.44,0.868421,0.254386,1.488173,30.164226,8.663816,
03/29/2019,337.308464,340.0,338.0,,10.094675,2.079882,1.568047,1.3,1.27,1.428994,1.29,1.26,1.418824,0.44,1.64497,1.079882,1.675025,29.628667,8.217997,
06/28/2019,336.410322,339.0,337.0,,10.05638,2.059347,1.543027,2.25,2.25,1.510386,2.23,2.24,1.505487,0.46,2.050445,1.548961,1.623018,31.574537,9.387346,
09/27/2019,335.089044,338.0,336.0,,9.821429,1.842262,1.321429,1.11,1.12,1.342262,1.1,1.11,1.331893,0.46,2.613095,2.080357,2.766429,31.543854,9.651166,
12/27/2019,334.43043,337.0,335.0,,9.456716,2.00597,1.40597,0.08,0.07,1.21791,0.08,0.07,1.212433,0.46,1.226866,0.701493,2.218698,31.567104,9.296403,
03/27/2020,331.073586,334.0,334.0,,9.565868,-0.628743,-1.242515,-1.37,-1.35,1.296407,-1.37,-1.35,1.296407,0.46,1.44012,1.041916,2.404299,27.38364,6.898768,
06/28/2020,329.991932,330.0,330.0,,7.721212,1.021212,0.406061,-0.12,-0.18,0.593939,-0.12,-0.18,0.589697,0.48,1.151515,0.757576,1.436399,27.382488,6.91229,
09/30/2020,,,,,,,,0.712,0.712,0.839,0.712,0.712,0.839,0.489,1.1,,,27.34,,
12/31/2020,,,,,,,,0.999,0.999,1.042,0.999,0.999,1.042,0.476,1.95,,,27.2,,
