Date,Revenue,Consensus Estimate,Comparable Actual,Revenue Surprise %,GAAP Actual,Adjusted Actual,Earnings Per Share,EBIT,EBIT Surprise %,EBITDA,EBITDA Surprise %,Gross Margin %,Gross Margin Surprise %,Pretax Income (Loss),Pretax Income (Loss) Surprise %,Net Income,Source: Bloomberg
04/28/1989,,,19.153,,24.285,24.285,,,,,,,,,,,
07/29/1989,,,12.859,,14.801,14.801,,,,,,,,,,,
10/28/1989,,,29.559,,29.559,29.559,,,,,,,,,,,
01/27/1990,,,14.114,,-146.919998,-146.919998,,,,,,,,,,,
04/27/1990,,,14.572,,14.572,14.572,,,,,,,,,,,
07/28/1990,,,14.431,,14.431,14.431,,,,,,,,,,,
10/27/1990,,,29.841,,29.841,29.841,,,,,,,,,,,
01/26/1991,,,0.0,,15.284,15.284,,,,,,,,,,,
04/27/1991,,,14.819,,14.819,14.819,,,,,,,,,,,
07/27/1991,,,13.83,,13.83,13.83,,,,,,,,,,,
10/26/1991,,,27.431,,27.431,27.431,,,,,,,,,,,
01/25/1992,,,0.0,,-35.966,-35.966,,,,,,,,,,,
04/25/1992,,,15.146,,13.948,13.948,,,,,,,,,,,
07/25/1992,,,19.033001,,19.033001,19.033001,,,,,,,,,,,
10/24/1992,,,40.514,,40.514,40.514,,,,,,,,,,,
01/31/1993,,,0.0,,25.412,25.412,,,,,,,,,,,
05/01/1993,,,20.868,,18.201,18.201,,,,,,,,,,,
07/31/1993,,,24.195999,,24.196001,24.196001,,,,,,,,,,,
10/30/1993,,,45.931999,,45.932001,45.932001,,,,,,,,,,,
01/29/1994,,,0.0,,28.890001,28.890001,,,,,,,,,,,
04/30/1994,,,17.58,,17.579999,17.579999,,,,,,,,,,,
07/30/1994,,,17.007,,17.006999,17.006999,,,,,,,,,,,
10/29/1994,,,30.999001,,30.998998,30.998998,,,,,,,,,,,
01/28/1995,,,0.0,,9.877,9.877,,,,,,,,,,,
04/29/1995,,,7.721,,6.276,6.276,,,,,,,,,,,
07/29/1995,,,5.924,,-26.630999,-26.630999,,,,,,,,,,,
10/28/1995,,,32.088001,,32.087999,32.087999,,,,,,,,,,,
01/27/1996,,,0.0,,5.121,5.121,,,,,,,,,,,
04/27/1996,,,25.559,,25.559,25.559,,,,,,,,,,,
07/27/1996,,,31.794001,,31.794001,31.794001,,,,,,,,,,,
10/26/1996,,,79.281998,,85.202002,85.202002,,,,,,,,,,,
01/25/1997,,,0.0,,206.827007,206.827007,,,,,,,,,,,
04/26/1997,,,45.835999,,45.835999,45.835999,,,,,,,,,,,
07/26/1997,,,47.977001,,47.976999,47.976999,,,,,,,,,,,
10/25/1997,,,99.899002,,101.722001,101.722001,,,,,,,,,,,
01/31/1998,,,0.0,,95.474,95.474,,,,,,,,,,,
05/02/1998,,,86.516998,,86.516998,86.516998,,,,,,,,,,,
08/01/1998,,,83.638,,83.637999,83.637999,,,,,,,,,,,
10/31/1998,,,132.688995,,123.641003,123.641003,,,,,,,,,,,
01/31/1999,,,126.834999,,126.834998,126.834998,,,,,,,,,,,
05/01/1999,,,127.662003,,117.120003,117.120003,,,,,,,,,,,
07/31/1999,,,114.679001,,115.880997,115.880997,,,,,,,,,,,
10/30/1999,,,156.973999,,151.716995,151.716995,,,,,,,,,,,
01/29/2000,,,136.949997,,136.949997,136.949997,,,,,,,,,,,
04/29/2000,,,130.580002,,130.580002,130.580002,,,,,,,,,,,
07/29/2000,,,114.032997,,114.032997,114.032997,,,,,,,,,,,
10/28/2000,,,158.274002,,158.274002,158.274002,,,,,,,,,,,
01/27/2001,,,135.179001,,135.179001,135.179001,,,,,,,,,,,
04/28/2001,,,123.670998,,123.670998,123.670998,,,,,,,,,,,
07/28/2001,,,111.907997,,111.907997,111.907997,,,,,,,,,,,
10/27/2001,,,149.498001,,109.498001,109.498001,,,,,,,,,,,
01/26/2002,,,155.320007,,155.320007,155.320007,,,,,,,,,,,
04/27/2002,,,147.102997,,147.102997,147.102997,,,,,,,,,,,
07/27/2002,,,129.626999,,129.626999,129.626999,,,,,,,,,,,
10/26/2002,,,157.354996,,147.354996,147.354996,,,,,,,,,,,
01/25/2003,,,154.302994,,154.302994,154.302994,,,,,,,,,,,
04/26/2003,,,113.530998,,113.530998,113.530998,,,,,,,,,,,
07/26/2003,,,123.262001,,123.262001,123.262001,,,,,,,,,,,
10/25/2003,,,182.832993,,182.832993,182.832993,,,,,,,,,,,
01/31/2004,,,238.738998,,238.738998,238.738998,,,,,,,,,,,
05/01/2004,,,168.112,,168.112,168.112,,,,,,,,,,,
07/31/2004,,,118.241997,,118.241997,118.241997,,,,,,,,,,,
10/30/2004,,,200.854996,,200.854996,200.854996,,,,,,,,,,,
01/29/2005,,,196.197998,,164.98,164.98,,,,,,,,,,,
04/30/2005,,,149.343994,,135.581,135.581,,,,,,,,,,,
07/30/2005,,,123.140999,,110.814,110.814,,,,,,,,,,,
10/29/2005,,,171.162994,,155.325,155.325,,,,,,,,,,,
01/28/2006,,,220.003006,0.347448468085105,288.703,288.703,,,,,,,,,,,
04/29/2006,,,168.358994,-1.06690415132665,163.809,163.809,,,,,,,,,,,
07/29/2006,,,138.156006,-0.421835023875658,138.156,138.156,,,,,,,,,,,
10/28/2006,,,230.612,0.685073428947991,230.612,230.612,,,,,,,,,,,
01/27/2007,,,172.460007,-1.71411297717343,205.462,205.462,,,,,,,,,,,
04/28/2007,,,174.108002,-0.999503199860417,162.108,162.108,,,,,,,,,,,
07/28/2007,,,177.031998,-0.175938994191024,59.032,59.032,,,,,,,,,,,
10/27/2007,,,249.460999,-1.52793159426316,249.461,249.461,,,,,,,,,,,
01/26/2008,,,290.148987,-0.281519709289123,301.149,301.149,,,,,,,,,,,
04/26/2008,,,181.849,-0.573553869637532,193.849,186.0,,,-3.31976925579018,,-0.639390088945367,,,,-3.14046822742474,,
07/26/2008,,,210.223,-0.0681595452339793,200.223,222.073,,,-3.20435308343411,,-4.04109589041096,,,,5.03616872785968,,
10/25/2008,,,218.21904,-2.27914024245456,235.849,250.117,,,1.58135364447353,,3.5319526627219,,,,3.05550969922903,,
01/31/2009,,,236.696,1.29966108077574,250.696,237.77995,,,3.78592329329774,,11.1316427783903,,,,6.61898395721925,,
05/02/2009,,,230.8039,0.0832988553302946,209.214,213.5332,,,10.7513210568455,,9.33681652490887,,,,17.9382877009996,,
08/01/2009,,,261.561,0.0111228144091057,261.561,261.561,,,-0.756865481905488,,9.35751295336787,,0.609838582677167,,0.267233009708738,,
10/31/2009,,,347.799,1.22120931352786,347.799,347.799,,,8.79525615306952,,9.40699523052464,,3.02530711610488,,9.90388349514563,,
01/30/2010,,,394.998,0.158267616058847,394.998,394.998,,,7.66523387102165,,12.7155242682475,,4.93235664776308,,7.01489031259348,,
05/01/2010,,,331.0,1.22311944145893,331.434,331.434,,,0.830811808118089,,0.625457317073163,,1.64717247529167,,3.65808166223726,,
07/31/2010,,,300.90258,-0.137066771098492,304.984,300.88658,,,1.78652152686112,,4.30861083081063,,0.335474203338391,,2.22619032907825,,
10/30/2010,,,372.0,-0.555982461691452,372.309,372.309,,,0.187448389760527,,0.605277855347657,,0.82199919710959,,0.989400727590058,,
01/29/2011,,,418.2706,-0.261596233215869,334.414,330.803,,,-18.5856086095473,,-15.943748011454,,0.576894547679138,,-16.7066250974279,,
04/30/2011,,,309.29144,0.922304270125522,265.951,277.771135,,,-16.0829673851688,,-12.9100470957614,,-1.13361861361195,,-15.6784742106988,,
07/30/2011,,,348.338,0.451014948963239,348.338,348.338,,,0.592002830856335,,0.424738967066328,,0.26465444391374,,1.14115254237288,,
10/29/2011,,,406.487,-0.673342020437555,406.487,406.487,,,-0.205584781085605,,-0.240463864987915,,0.634684587813622,,0.636185555131014,,
01/28/2012,,,475.314,-0.661579250638551,475.314,475.314,,,-2.21853676183052,,-1.73585914943339,,-0.0661572934650858,,-1.94765829893997,,
04/28/2012,,,419.2,-0.0837161275380251,419.2,419.2,,,2.92200239772395,,1.42639308806661,,0.157935180902903,,3.59902878523657,,
07/28/2012,,,421.092,-1.39689796773983,421.092,421.092,,,2.19899185181137,,0.630206090433707,,0.707430373848521,,1.98064609598688,,
10/27/2012,,,483.92323,1.03736888879922,461.551,461.551,,,-0.149532611342246,,-0.92374308936869,,1.44377621884584,,0.800376013769228,,
02/02/2013,,,604.844,0.589853099333444,604.844,604.844,,,-0.863819164313744,,-1.28151701059677,,1.9299729171121,,-0.311974918001956,,
05/04/2013,,,452.89,0.204906886114708,452.89,452.89,,,-1.45761565412909,,-1.88802348354298,,-0.0339804798985291,,-0.800228791700608,,
08/03/2013,,,479.559,1.03187814870719,479.559,479.559,,,2.6760840998686,,2.1292119186856,,1.5625083741758,,3.3624240283253,,
11/02/2013,,,543.00312,1.06006391996109,622.655,542.655,,,1.48190439216,,2.01899687132395,,0.803183115052758,,1.99377857575314,,
02/01/2014,,,582.292,-0.684606838818886,582.292,582.292,,,-2.45139607032058,,-3.45920100098312,,-1.39208404680366,,-2.90490701745103,,
05/03/2014,,,454.317,-1.61214683416752,454.317,454.79605,,,-5.52085527365566,,-2.49988974641676,,-1.34585364130819,,-5.62773303018364,,
08/02/2014,,,528.5635,0.503533861547961,517.624,532.37605,,,2.71035874541384,,2.47296342091915,,-0.445391352704016,,2.07425198168694,,
11/01/2014,,,594.957,-0.951241446599135,594.957,595.5784,,,0.491497304023228,,0.317324439736681,,0.190239240981544,,0.434577726582541,,
01/31/2015,,,648.23,0.537741941498411,648.23,649.01455,,,2.22241687466044,,2.02097137343196,,1.26425805063473,,2.28006460828742,,
05/02/2015,,,474.601,1.02925500449402,474.601,475.49735,,,2.60034634299052,,2.34944690265487,,1.00976400969628,,3.58863756060378,,
08/01/2015,,,549.335,1.50395092785636,549.335,549.32655,,,4.8716698642517,,4.45212620027434,,1.50572653445331,,5.73845603149981,,
10/31/2015,,,587.256,0.271256977026887,587.256,587.7305,,,2.80423673756986,,1.48310162443216,,0.222299470789663,,2.38271876216978,,
01/30/2016,,,666.466,2.69412258105917,666.466,667.30255,,,4.23154735975993,,4.29341640258863,,2.84223304447469,,4.90167322834645,,
04/30/2016,,,508.346,3.44985271230325,508.346,515.1775,,,7.40872683125074,,6.369659608684,,1.74521302903978,,7.87433801896045,,
07/30/2016,,,562.174,0.340151079527758,562.174,556.9532,,,4.71370227570131,,5.08229642085035,,1.64569215876089,,4.70314825414997,,
10/29/2016,,,603.7009,0.815061840914364,549.786,604.2326,,,3.51083813814319,,4.08976610431177,,1.38509169585824,,3.45961180537091,,
01/28/2017,,,677.928,0.278158342234753,677.928,682.5547,,,2.6078020153734,,1.49280575539568,,0.497292021578649,,2.66804225910079,,
04/29/2017,,,536.279,-1.23000243625142,536.279,536.96735,,,0.160404280618317,,1.21243612195969,,0.475828446510988,,0.250352528632799,,
07/29/2017,,,552.957,0.778523347500877,552.957,554.33305,,,1.44495789712989,,2.99323011481748,,-0.84542323348293,,1.68300946129785,,
10/28/2017,,,641.436,-1.10700490637794,641.436,640.80745,,,-0.0921346370838117,,-14.7651236494558,,1.47411416317778,,0.284631380240976,,
02/03/2018,,,1051.1163,1.86542750929367,877.276,800.337699,,,-7.06933190643632,,-18.8555812486861,,-2.02232845506006,,-6.93728637812512,,
05/05/2018,,,716.381,2.57403122912652,716.381,659.05876,,,10.2688281381954,,8.765284416905,,0.980550798588052,,10.2343910424276,,
08/04/2018,,,739.626,3.7311747080033,739.626,682.64619,,,10.5679626044919,,11.2358206519371,,1.70802816901408,,10.2902383465748,,
11/03/2018,,,774.82862,3.50985606341287,762.253,795.50489,,,0.852490265008875,,0.609943865276664,,-0.854184946531389,,0.187831001880224,,
02/02/2019,,,841.538,0.991963637832302,841.538,744.39377,,,1.47681374896918,,5.54790669838381,,0.283837108642329,,1.48003812676029,,
05/04/2019,,,700.178,0.687107924846593,700.178,464.29816,,,2.76150600091436,,4.89871493258917,,1.50712450945415,,2.67733698220408,,
08/03/2019,,,758.962,-1.15986844079669,758.962,518.08169,,,-0.229115605967925,,1.03528644772229,,-0.541420703290502,,-1.07209105218549,,
11/02/2019,,,828.263,1.46702592088504,828.263,584.86302,,,3.0565934065934,,5.19968713335941,,1.02594319775596,,2.83141285641235,,
02/01/2020,,,984.79,3.06787141574905,984.79,992.53279,,,5.28196566548079,,6.92604490791354,,2.1734845212383,,5.14517887226242,,
05/02/2020,,,-887.489,-13.9805539215543,-887.489,-1122.71404,,,-2520.64945382324,,,,,,-1644.70617277535,,
08/01/2020,,,-214.22,1.49504670165739,-214.22,-214.22,,,-13.4246844136307,,1368.67173878586,,7.50467594815171,,49.2112815984104,,
10/31/2020,,446.2,,,,,,,,,,,,,,,
01/31/2021,,765.8,,,,,,,,,,,,,,,
