Date,Basic Shares Outstanding,Diluted Weighted Avg Shares,Basic Weighted Avg Shares,Per Share Data Items,Revenue,EBITDA,Operating Income,Net Income to Common - Basic,Net Income before XO - Basic,Normalized Net Income - Basic,Net Income to Common - Diluted,Net Income before XO - Diluted,Normalized Net Income - Diluted,Dividends,Cash Flow,Free Cash Flow,Cash & Equivalents,Book Value,Tangible Book Value,Source: Bloomberg
03/31/2006,,79.791286,77.730881,,4.238483,0.955335,0.604637,0.079852,0.079852,0.079852,0.079852,0.079852,0.079852,,0.844298,-0.972586,,,,
06/30/2006,,79.822665,78.059168,,4.716858,1.107045,0.693051,0.119778,0.119778,0.119778,0.119778,0.119778,0.119778,,1.709472,-0.427061,,,,
09/30/2006,,79.970274,78.146036,,5.06892,1.356499,0.888004,0.159704,0.159704,0.159704,0.159704,0.159704,0.159704,,1.095641,-0.739807,,,,
03/31/2007,78.713449,81.875327,78.663007,,6.822597,1.805881,1.305264,0.219593,0.219593,0.219593,0.219593,0.219593,0.219593,0.0,1.418354,-0.588803,6.856147,5.665144,-20.669429,
06/30/2007,173.685369,153.526028,148.61022,,3.70887,1.165371,0.888647,0.339371,0.339371,0.339371,0.339371,0.339371,0.339371,,1.047956,-0.248146,10.175146,10.607929,-1.326842,
09/30/2007,173.781272,178.649395,173.743448,,3.204368,1.028125,0.766291,0.299445,0.299445,0.359334,0.299445,0.299445,0.359334,,0.996533,-0.06665,9.819464,10.893291,-1.034893,
12/31/2007,174.376436,174.05981,174.05981,,3.396154,0.825469,0.525538,-0.279482,-0.279482,0.019963,-0.279482,-0.279482,0.019963,,0.8552,-0.595318,8.431231,10.60204,-1.285432,
03/31/2008,174.44699,177.612519,174.404519,,3.797803,0.971013,0.642466,0.219593,0.219593,0.239556,0.219593,0.219593,0.239556,0.0,0.616091,-0.436715,7.513623,10.797079,-1.085585,
06/30/2008,175.273564,178.418829,174.849288,,3.882241,1.139038,0.790807,0.279482,0.279482,0.339371,0.279482,0.279482,0.339371,0.0,1.280926,0.095825,6.441,11.22835,-2.412948,
09/30/2008,175.373192,178.271592,175.316005,,3.917047,1.084362,0.698596,0.259519,0.259519,0.279482,0.259519,0.259519,0.279482,0.0,1.12077,-0.511066,5.818404,11.546406,-2.089333,
12/31/2008,175.784161,177.972012,175.495807,,4.123369,0.962655,0.566635,0.079852,0.079852,0.119778,0.079852,0.079852,0.119778,0.0,-0.458227,-2.101389,3.970483,11.572846,-2.117785,
03/31/2009,176.040799,178.544841,175.870616,,4.522239,1.212442,0.747635,0.239556,0.239556,0.161377,0.239556,0.239556,0.15223,0.0,1.743321,-0.034389,6.108453,11.880536,-1.977939,
06/30/2009,176.370638,178.874404,176.282178,,4.876341,1.175093,0.656748,0.139741,0.139741,0.202223,0.139741,0.139741,0.192585,0.0,0.904198,0.120619,6.206492,12.167762,-1.707954,
09/30/2009,176.453412,178.008856,176.417524,,5.076554,1.457809,0.896776,0.419223,0.419223,0.427263,0.419223,0.419223,0.427263,0.0,1.776587,0.665472,6.690185,12.658474,-1.234961,
12/31/2009,176.682317,177.183802,176.522485,,5.268349,1.334567,0.735442,0.19963,0.19963,0.204511,0.179667,0.179667,0.196462,0.0,0.679432,-0.613701,6.533268,12.9506,-1.030318,
03/31/2010,176.793581,177.329653,176.718201,,5.491811,1.20549,0.595473,0.119778,0.119778,0.124713,0.119778,0.119778,0.116271,0.0,1.273395,0.499886,6.727795,13.134266,-0.840042,
06/30/2010,177.129432,178.172163,176.966422,,5.721628,1.738821,1.121184,0.439186,0.439186,0.461827,0.439186,0.439186,0.449362,0.0,0.635256,-0.479051,6.076907,13.642815,-0.312687,
09/30/2010,177.509417,178.541732,177.305103,,5.757245,1.814601,1.172747,0.439186,0.439186,0.425392,0.439186,0.439186,0.425392,0.0,1.92854,1.061633,10.717268,14.121307,0.090339,
12/31/2010,176.682317,179.763356,177.730347,,5.995183,1.835066,1.166492,0.079852,0.079852,0.416187,0.079852,0.079852,0.415949,0.0,1.772961,0.069313,6.629939,14.385005,0.109434,
03/31/2011,179.428121,181.037836,178.824782,,6.679035,1.532405,0.812734,0.319408,0.319408,0.314278,0.299445,0.299445,0.298465,0.0,0.773455,-0.330435,9.245769,14.671909,0.53179,
06/30/2011,181.122298,183.033569,180.44689,,6.702543,1.910695,1.16519,0.459149,0.459149,0.506767,0.459149,0.459149,0.497994,0.0,1.905198,0.398599,11.903272,15.181554,1.166935,
09/30/2011,181.445107,182.770556,181.344909,,6.646936,1.743308,0.975109,0.379297,0.379297,0.38645,0.379297,0.379297,0.383426,0.0,1.497478,-0.132576,11.79829,15.572037,1.581029,
12/31/2011,181.565913,182.104906,181.500757,,6.821812,1.936201,1.185202,0.499076,0.499076,0.505863,0.499076,0.499076,0.50206,0.0,1.697778,0.669033,12.355039,16.124172,2.140044,
03/31/2012,181.900436,182.478984,181.695261,,7.025995,1.381907,0.540834,0.119778,0.119778,0.119475,0.119778,0.119778,0.119475,0.0,0.753481,-0.079606,12.183308,16.260412,2.28762,
06/30/2012,182.037604,268.138827,268.138827,,18.210716,4.740082,1.685694,0.778558,0.778558,0.888346,0.778558,0.778558,0.888346,0.0,3.278153,1.268,12.901477,17.118936,3.045448,
09/30/2012,182.274771,268.138827,268.138827,,18.24801,-25.240656,-28.317421,-28.846564,-28.846564,-9.041958,-28.846564,-28.846564,-9.041958,0.0,2.97607,0.302082,14.073709,18.227684,4.170254,
12/31/2012,268.138827,268.138827,268.138827,,18.307681,3.889776,0.921165,-0.019963,-0.019963,-0.024988,-0.019963,-0.019963,-0.024988,0.0,4.30747,0.958459,1.469388,22.805351,-31.752209,
03/31/2013,183.160717,268.138827,268.138827,,17.442457,4.229153,1.413447,0.39926,0.39926,0.505707,0.39926,0.39926,0.505707,0.0,3.390035,-0.805553,14.748146,18.518933,4.517595,
06/30/2013,727.364205,665.834811,665.834811,,9.353671,1.605503,0.271839,-0.019963,-0.019963,0.023805,-0.019963,-0.019963,0.023805,0.0,1.21051,-0.366457,3.247342,16.991488,-12.550796,
09/30/2013,729.493234,728.223944,728.223944,,9.183988,1.763194,0.407842,-0.049908,-0.049908,-0.038724,-0.049908,-0.049908,-0.039196,0.0,1.134266,-0.262282,3.241977,17.018664,-12.308545,
12/31/2013,803.365226,763.376203,763.376203,,8.943166,1.488126,0.182086,-0.029945,-0.029945,0.048731,-0.029945,-0.029945,0.044986,0.0,1.31521,0.159816,7.332904,17.731661,-8.419583,
03/31/2014,804.292434,804.007333,804.007333,,8.550917,1.277352,-0.034826,-0.189649,-0.189649,-0.178108,-0.189649,-0.189649,-0.179948,0.0,0.944021,-0.233829,6.802252,17.600563,-7.501003,
06/30/2014,808.621165,815.063189,805.413122,,8.920888,2.596183,1.194418,0.489094,0.489094,-0.099638,0.479112,0.479112,-0.099638,0.0,1.204351,0.037248,3.808953,18.00967,-12.35189,
09/30/2014,808.793303,808.717079,808.717079,,9.088469,1.467757,0.06059,-0.119778,-0.119778,-0.047112,-0.119778,-0.119778,-0.050656,0.0,1.313191,-0.08532,7.155104,17.958853,-12.120526,
12/31/2014,808.964378,823.22944,808.892066,,10.080455,1.882822,0.5353,0.12976,0.12976,0.203612,0.119778,0.119778,0.197157,0.0,1.675131,0.06923,6.570129,19.361792,-10.933732,
03/31/2015,811.785262,810.103407,810.103407,,9.601243,1.48623,0.144426,-0.089834,-0.089834,0.007654,-0.089834,-0.089834,0.007654,0.0,0.603627,-0.608564,3.734978,19.278497,-13.427196,
06/30/2015,816.322949,822.643605,813.108469,,10.058929,2.056306,0.734219,0.429205,0.429205,0.435551,0.419223,0.419223,0.427915,0.0,1.427854,-0.036895,3.236464,19.665011,-13.030382,
09/30/2015,817.535269,823.539945,816.579127,,9.612051,2.045117,0.628231,0.149723,0.149723,0.30591,0.149723,0.149723,0.301264,0.0,1.874895,0.503319,3.220656,19.879263,-11.912637,
12/31/2015,819.907227,826.243844,818.098446,,10.080694,2.697719,1.024327,0.349353,0.349353,0.25217,0.339371,0.339371,0.246541,0.0,2.7295,0.980322,9.244948,20.193747,-11.800117,
03/31/2016,823.623895,860.974769,820.949697,,10.553631,3.313236,1.422742,0.568946,0.568946,0.091358,0.558965,0.558965,0.091358,0.0,1.248554,-0.377611,7.97937,20.766759,-12.888165,
06/30/2016,824.228855,831.290011,823.957988,,11.271206,2.922479,1.010974,0.259519,0.259519,0.273436,0.249538,0.249538,0.26674,0.0,2.14574,0.508521,6.719008,21.104574,-12.508663,
09/30/2016,825.537281,833.799514,824.52324,,11.28531,3.172743,1.271038,0.429205,0.429205,0.283073,0.419223,0.419223,0.275784,0.0,2.11031,0.70465,6.483051,21.625915,-13.144168,
12/31/2016,827.888096,868.868939,826.510953,,12.382171,3.084049,1.211115,0.459149,0.459149,0.450206,0.449168,0.449168,0.444679,0.0,1.938268,0.89896,6.64341,22.02713,-13.089935,
03/31/2017,832.343271,871.006475,829.256329,,11.592314,3.136545,1.250518,0.828465,0.828465,0.470241,0.798521,0.798521,0.460922,0.0,2.100677,0.258063,9.011907,22.782666,-12.264172,
06/30/2017,832.560707,872.068902,832.510841,,12.267708,3.52548,1.700879,0.678743,0.678743,0.680292,0.668761,0.668761,0.668016,0.0,2.387957,0.76996,0.217402,23.558641,-20.929406,
09/30/2017,833.504493,873.034305,832.729496,,12.031518,3.289183,1.588751,0.648798,0.648798,0.622231,0.628835,0.628835,0.607244,0.0,2.836455,1.106001,0.886618,24.327402,-19.998694,
12/31/2017,860.998637,873.115969,838.967935,,12.82409,3.09547,1.325438,3.214046,3.214046,0.457467,3.10425,3.10425,0.457467,0.0,2.453014,1.355237,1.415798,26.200971,-17.081328,
03/31/2018,854.64647,863.841327,856.8069,,12.202283,3.334474,1.496253,0.778558,0.778558,0.785906,0.778558,0.778558,0.781302,0.0,2.410111,0.81582,2.956778,26.766622,-17.340505,
06/30/2018,848.795168,853.619012,849.230716,,12.447736,3.631522,1.707428,0.918299,0.918299,0.960834,0.918299,0.918299,0.958094,0.0,3.042754,1.124547,0.2533,27.556707,-16.850944,
09/30/2018,849.952241,855.434462,848.656285,,12.771955,3.625732,1.6968,0.938262,0.938262,0.992628,0.92828,0.92828,0.983691,0.0,2.653607,1.048717,0.387081,28.654551,-15.680881,
12/31/2018,851.755212,857.930661,850.675684,,13.454011,3.264464,1.336585,0.748613,0.748613,0.868721,0.748613,0.748613,0.864007,0.0,2.825989,1.434154,1.412378,29.020075,-15.192158,
03/31/2019,855.962793,860.234054,852.800326,,12.99249,4.31285,1.730769,1.068022,1.068022,1.171259,1.05804,1.05804,1.16365,0.0,2.988976,0.724671,1.681148,30.58661,-13.449183,
06/30/2019,856.035452,861.72893,855.951097,,12.826667,4.392774,1.800336,1.097966,1.097966,1.303766,1.087985,1.087985,1.293339,0.0,3.488517,1.398444,1.290834,31.5022,-13.458555,
09/30/2019,857.142528,864.288821,856.161283,,12.919295,4.41856,1.718134,1.018114,1.018114,1.165645,1.008133,1.008133,1.156208,0.0,3.092875,1.324517,1.928501,32.399512,-12.535838,
12/31/2019,858.492753,865.759528,857.880688,,13.845748,4.283812,1.438428,0.878373,0.878373,0.993203,0.868391,0.868391,0.98511,0.0,2.933974,1.585302,1.779864,33.534354,-11.323334,
03/31/2020,862.723281,867.602729,859.737939,,12.926032,4.583955,1.79008,1.107948,1.107948,1.260524,1.097966,1.097966,1.25094,0.0,2.890416,0.851422,1.288942,33.587827,-11.029029,
06/30/2020,1237.338994,1236.528444,1236.528444,,14.290816,4.870895,0.663147,0.09,-0.17,0.343195,0.09,-0.17,0.343025,0.0,1.115219,-0.710052,8.951468,50.912483,-29.759023,
09/30/2020,,,,,,,,0.563,0.563,0.597,0.563,0.563,0.597,0.0,2.44,,,51.5,,
12/31/2020,,,,,,,,0.45,0.45,0.468,0.45,0.45,0.468,0.0,1.757,,,51.95,,
