Date,Revenue,Consensus Estimate,Comparable Actual,Revenue Surprise %,GAAP Actual,Adjusted Actual,Earnings Per Share,EPS Surprise %,EBIT,EBIT Surprise %,EBITDA,EBITDA Surprise %,Gross Margin %,Gross Margin Surprise %,Pretax Income (Loss),Pretax Income (Loss) Surprise %,Net Income,Net Income Surprise %,Source: Bloomberg
03/31/2009,,,,,24.6,24.6,,,,,,,,,,,,,
06/30/2009,,,,,27.898,27.898,,,,,,,,,,,,,
09/30/2009,,,,,31.149,31.149,,,,,,,,,,,,,
12/31/2009,,,,,18.78,18.78,,,,,,,,,,,,,
03/31/2010,,,,,37.373,37.373,,,,,,,,,,,,,
06/30/2010,,,,,40.062,40.062,,,,,,,,,,,,,
09/30/2010,,,,,42.914,42.914,,,,,,,,,,,,,
12/31/2010,,,,,18.429,18.429,,,,,,,,,,,,,
03/31/2011,,,,,47.278,47.278,,,,,,,,,,,,,
06/30/2011,,,,,54.064,54.738925,,,,,,,,,,,,,
09/30/2011,,56.214,54.314,-0.109944751381222,54.314,55.75115,,,,,,,,,,,,-3.37994093997936,
12/31/2011,,32.53,23.51,2.00383445233213,22.021,24.427685,,0.418410041841005,,-29.4122596659515,,-4.54860509443771,,0.0173393307018307,,-30.5782045445139,,-27.7282508453735,
03/31/2012,,45.522,52.533,5.3671490103638,48.111,48.111,,12.7596439169139,,12.6104972375691,,7.54167465031615,,0.315682281059065,,0.970804888087787,,15.4013444049031,
06/30/2012,,57.463,58.928,-3.18940498814101,53.019,53.019,,-0.485436893203884,,9.73300461603021,,6.20082838421249,,0.22380467955239,,-7.2891369748813,,2.54946661329899,
09/30/2012,,60.818,65.767,0.670156275142691,59.36,59.36,,9.26365795724466,,11.9418017668187,,12.5455978975033,,0.434725064394293,,8.95020995800841,,8.13739353480877,
12/31/2012,,38.3,41.311,1.20990870417284,33.579,33.579,,8.61423220973781,,-7.41039938525802,,-0.473603565956257,,-0.418018531137805,,-17.5742574257426,,7.86161879895562,
03/31/2013,,67.175,73.074,2.43936126606192,62.0,62.0,,7.29613733905579,,3.81260286856336,,7.59958277572227,,0.122075279755854,,-6.14050689195196,,8.78154075176777,
06/30/2013,,70.06,75.677,4.34692583984788,67.0,67.0,,7.43801652892563,,7.21910208359439,,6.90720281973053,,-0.0386540261219951,,-0.587175035661767,,8.01741364544677,
09/30/2013,,63.533,65.3,-0.226033772104774,56.0,56.0,,1.58013544018059,,6.55683438582197,,8.04809403584288,,-0.322557668630511,,-2.4318022849149,,2.78123180079643,
12/31/2013,,30.061,30.499,3.44678305112777,20.0,20.0,,0.0,,-34.3612334801762,,-1.72979084228377,,-0.0959732091807648,,-41.421686746988,,1.45703735737334,
03/31/2014,,79.068,80.0,-0.838112042346714,68.0,68.0,,-0.735294117647059,,-17.5965665236052,,1.67852916173553,,-0.968399592252792,,-77.1929824561403,,1.17873223048515,
06/30/2014,,89.011,81.0,0.391932591324031,68.0,68.0,,-9.39044481054365,,-18.6991869918699,,-4.01785714285715,,-0.515790981844981,,-9.01639344262295,,-9.00001123456651,
09/30/2014,,88.805,71.0,1.46609914441722,54.0,54.0,,-20.1331114808652,,-13.5702746365105,,-12.7508413311729,,-0.499096286559321,,-19.1198923799384,,-20.0495467597545,
12/31/2014,,54.005,52.0,1.01010101010101,36.0,36.0,,-4.89130434782609,,15.1805180380918,,9.38598743177329,,-1.30792996910401,,4.08432147562582,,-3.71261920192575,
03/31/2015,,81.59,80.0,-0.547945205479452,63.0,63.0,,-0.917431192660551,,20.2281142273482,,-2.734910508459,,0.540910323253386,,-6.99658703071673,,-1.94876823140091,
06/30/2015,,80.786,79.0,-2.06035983749274,58.0,59.448276,,-1.27970749542962,,14.1810739484031,,-5.91079119080221,,-0.0984117573639536,,-0.45662100456621,,-2.21077909538782,
09/30/2015,,80.537,78.0,-3.34788937409025,74.0,68.333333,,-1.85185185185185,,-1.38248847926267,,0.0731303644971316,,0.164165980809902,,8.29322473158089,,-3.15010492071968,
12/31/2015,,48.621,66.0,3.5106525525928,3.0,0.967742,,37.1951219512195,,-6.885866495703,,7.84277267487263,,0.800714188331787,,24.5654692931634,,35.7438144011847,
03/31/2016,,67.035,47.0,-4.95733880548656,29.0,29.0,,-30.7359307359307,,-23.9585629270443,,-22.6970543030457,,-0.643734451927178,,-26.1002535329763,,-29.8873722682181,
06/30/2016,,62.822,56.0,-2.89381401309319,34.0,34.0,,-9.09090909090909,,-10.8907497743708,,-7.61450938442089,,-0.858965383932198,,-19.957310565635,,-10.8592531278851,
09/30/2016,,78.274,78.0,-3.56422943008979,55.0,55.65,,1.14503816793893,,-7.11804715694147,,-8.12897402628801,,0.176183132428999,,-10.7142857142857,,-0.350052380100673,
12/31/2016,,45.774,23.0,-3.36391437308868,1.0,1.0,,-48.2200647249191,,-48.1361426256078,,-25.0597583823244,,-0.505445456355656,,-47.6117103235747,,-49.7531349674488,
03/31/2017,,38.21,35.0,-1.12089565330647,13.0,13.0,,-8.74524714828898,,-3.02769098157526,,-2.43902439024391,,0.426317284925018,,-0.459418070444108,,-8.40094216173777,
06/30/2017,,44.624,53.0,0.712589073634204,27.0,27.0,,26.2458471760797,,29.2498778431033,,19.7874661985863,,0.478776534604396,,28.5140562248996,,18.7701685191825,
09/30/2017,,49.517,50.0,-2.81073996670328,25.0,26.388889,,3.44827586206897,,3.87196413683764,,0.976817848449737,,0.200719137454992,,1.83875530410183,,0.9754225821435,
12/31/2017,,20.082,8.0,3.63564162084853,-84.0,-11.0,,-57.1428571428572,,40.2805611222445,,22.6277372262774,,0.0869834514868264,,45.0151057401813,,-60.1633303455831,
03/31/2018,,23.381,42.0,4.77212063761319,5.0,10.0,,85.1851851851852,,67.0518139042793,,39.1304347826087,,-0.52203117450581,,80.5447470817121,,79.6330353706001,
06/30/2018,,55.086,58.0,-0.450158406098986,32.0,27.0,,3.01507537688441,,9.79413599500935,,8.23692964599573,,-0.355217629807795,,2.6615969581749,,5.2899103220419,
09/30/2018,,65.188,101.0,-2.43216585679683,69.0,70.166667,,51.5789473684211,,35.0192884697814,,25.7146793414617,,0.164693847419374,,37.2820370882923,,54.9364913787814,
12/31/2018,,41.88,38.0,0.923773382375668,7.0,8.837209,,-4.59363957597172,,10.0,,8.19011614892929,,-0.130324837264348,,10.8742004264392,,-9.26456542502388,
03/31/2019,,44.229,51.0,-2.91086649469496,26.0,26.0,,14.2857142857143,,3.28638497652582,,5.78866040651373,,-0.249449028536405,,7.21324398896335,,15.3089601844943,
06/30/2019,,72.813,64.0,-5.34423743792422,34.0,34.0,,-11.2426035502959,,3.63205684958548,,3.82362960920137,,-0.823386558450512,,3.6319612590799,,-12.1036078722206,
09/30/2019,,96.7,81.0,-6.69831947977773,50.0,50.0,,-15.2046783625731,,-22.9651162790698,,-17.7295918367347,,-0.260707589640382,,-19.1256830601093,,-16.2357807652534,
12/31/2019,,48.706,53.0,0.0908286923058458,15.0,16.617021,,11.7647058823529,,1.82232005151011,,3.17718438435744,,-0.537635561026342,,-2.51949610077985,,8.81616227980125,
03/31/2020,,19.427,9.0,-3.85879000408082,-16.0,-22.390244,,-57.0552147239264,,-80.6763285024155,,-25.9588331112098,,-0.884636743725859,,-77.0334928229665,,-53.672723529109,
06/30/2020,,-87.154,-102.0,20.9536890875172,-153.0,-122.529412,,-29.0322580645161,,59.3908629441624,,16.3945724260261,,-0.817045440974497,,17.7552007740687,,-17.0342152970604,
09/30/2020,,-36.562,,,,,,,,,,,,,,,,,
12/31/2020,,-12.189,,,,,,,,,,,,,,,,,
