Date,Basic Shares Outstanding,Diluted Weighted Avg Shares,Basic Weighted Avg Shares,Per Share Data Items,Revenue,Operating Income,Net Income to Common - Basic,Net Income before XO - Basic,Normalized Net Income - Basic,Net Income to Common - Diluted,Net Income before XO - Diluted,Normalized Net Income - Diluted,Dividends,Cash Flow,Free Cash Flow,Cash & Equivalents,Book Value,Tangible Book Value,Source: Bloomberg
09/30/1988,185.388,196.936005,185.371994,,4.85473,0.681807,0.5575,0.5025,0.4975,0.535,0.48,0.475,0.125,,,1.342654,10.453681,7.65987,
12/31/1988,185.455994,197.095993,185.399994,,5.283722,0.53144,0.455,0.405,0.4225,0.4375,0.39,0.4075,0.125,,,0.222764,10.866292,7.999838,
03/31/1989,185.716003,197.244003,185.595993,,5.109146,0.621888,0.485,0.445,0.45,0.4675,0.4275,0.4325,0.1375,,,0.178331,10.795095,7.965727,
06/30/1989,192.056,197.707993,187.108002,,4.940125,0.656733,0.55,0.5125,0.48,0.525,0.4875,0.455,0.1375,,,0.351023,11.145421,8.496381,
09/30/1989,197.212006,198.399994,194.584,,4.855774,0.574605,0.405,0.365,0.295,0.4,0.36,0.29,0.1375,,,0.253773,11.354704,8.831815,
12/31/1989,197.216003,198.567993,197.287994,,4.922844,0.706019,0.6475,0.6275,0.5175,0.6425,0.6225,0.5125,0.1375,,,0.209339,11.912086,9.377956,
03/31/1990,189.563995,196.035995,196.035995,,4.830516,0.499668,0.3875,0.3875,,0.3875,0.3875,0.3875,0.15,1.212298,,0.163781,11.885553,,
06/30/1990,169.643997,183.207993,183.207993,,5.345089,0.834805,0.61,0.61,,0.61,0.61,0.61,0.15,0.565772,,0.174795,12.157347,,
09/30/1990,169.095993,169.707993,169.707993,,5.922449,0.821016,0.62,0.62,,0.62,0.62,0.62,0.15,1.013894,,0.449271,12.424263,,
12/31/1990,168.936005,169.160004,169.160004,,6.348617,0.672003,0.54,0.54,,0.54,0.54,0.54,0.15,2.536439,,0.100316,13.001201,,
03/31/1991,169.479996,170.343994,170.343994,,5.994734,0.618296,0.485,0.485,,0.485,0.485,0.485,0.1625,1.223777,,0.066002,13.632942,,
06/30/1991,169.787994,170.927994,170.927994,,6.221988,0.763163,0.5975,0.5975,,0.5975,0.5975,0.5975,0.1625,0.580133,,0.095755,13.766268,,
09/30/1991,169.884003,170.843994,170.843994,,6.589521,0.818917,0.6225,0.6225,,0.6225,0.6225,0.6225,0.1625,1.368895,,0.099756,14.128316,,
12/31/1991,170.084,170.516008,170.516008,,6.692867,0.89367,0.63,0.63,0.63,0.63,0.63,0.63,0.1625,1.131856,,0.142089,14.891706,,
03/31/1992,170.632004,171.679993,171.679993,,6.402662,0.787972,1.05,0.605,,1.05,0.605,0.605,0.17,1.55519,,0.171715,15.869138,,
06/30/1992,169.440002,171.628006,171.628006,,6.834299,1.173789,0.8225,0.8225,,0.8225,0.8225,0.8225,0.17,1.026272,,0.091826,16.151451,,
09/30/1992,167.936005,170.028,170.028,,6.617228,-0.639295,-0.39,-0.39,,-0.39,-0.39,-0.39,0.17,2.191133,,0.078149,15.908548,,
12/31/1992,168.235992,168.024004,168.024004,,5.970147,-1.109264,-2.4975,-2.4975,-2.4975,-2.4975,-2.4975,-2.4975,0.17,-0.335184,,0.158397,13.091723,,
03/31/1993,168.455994,169.764008,169.764008,,6.562215,0.647028,0.505,0.505,,0.505,0.505,0.505,0.175,0.989368,,0.164886,13.330205,,
06/30/1993,168.679993,170.048004,170.048004,,6.288448,0.819774,0.625,0.625,,0.625,0.625,0.625,0.175,0.930819,,0.111282,13.761703,,
09/30/1993,169.223999,170.684006,170.684006,,6.473805,0.928124,0.8175,0.8175,,0.8175,0.8175,0.8175,0.175,1.505167,,0.139992,14.459315,,
12/31/1993,169.427992,171.28,171.28,,6.841611,0.671106,0.5125,0.5125,0.5125,0.5125,0.5125,0.5125,0.175,0.87761,,0.150034,17.736904,,
03/31/1994,168.080002,178.248001,170.035995,,6.844286,0.482268,0.365,0.365,,0.355,0.355,0.355,0.1875,1.268484,,0.12005,16.009239,,
06/30/1994,167.985992,177.356003,169.121994,,6.8894,0.941297,0.745,0.745,,0.715,0.715,0.715,0.1875,1.831335,,0.228257,15.939775,,
09/30/1994,168.190002,177.391998,169.391998,,7.078658,0.975259,0.755,0.755,,0.725,0.725,0.725,0.1875,0.805504,,0.231387,16.378214,,
12/31/1994,168.404006,179.539994,172.600006,,6.797757,0.91066,0.7,0.7,0.7,0.675,0.675,0.675,0.1875,1.375226,,0.277096,16.228438,,
03/31/1995,168.682007,178.641998,170.382004,,7.438925,0.869493,0.635,0.635,,0.615,0.615,0.615,0.2,1.332159,1.268913,0.214018,17.837119,,
06/30/1995,168.962006,182.313996,170.724,,7.794616,0.839097,0.65,0.65,0.65,0.62,0.62,0.62,0.2,0.683208,0.614278,0.220588,19.532924,,
09/30/1995,169.285996,186.828002,171.132004,,7.975516,1.040746,0.82,0.82,0.82,0.77,0.77,0.77,0.2,1.594518,1.508163,0.169311,20.581135,,
12/31/1995,167.951996,186.960006,170.953994,,8.461791,1.09227,0.89,0.89,0.89,0.835,0.835,0.835,0.2,1.762199,1.65954,0.15168,22.144715,,
03/31/1996,167.468002,180.908004,167.729996,,7.928761,1.058177,0.755,0.845,0.665,0.7,0.785,0.615,0.22,1.263203,1.226853,0.198504,21.968638,,
06/30/1996,166.89,180.132004,167.182006,,8.161608,1.034651,0.765,0.795,0.62,0.71,0.74,0.57,0.22,0.856121,0.810584,0.198688,22.08125,,
09/30/1996,166.320008,178.528,166.781998,,8.850823,0.695057,0.76,0.675,0.54,0.71,0.63,0.495,0.22,2.395828,2.32895,0.202297,23.189435,,
12/31/1996,166.395996,174.348007,167.084,,9.358365,1.393012,0.36,0.965,0.63,0.345,0.895,0.59,0.22,1.817792,1.784504,0.223647,23.965463,,
03/31/1997,166.36,183.896,169.01,,9.213674,1.450861,0.72,1.125,1.125,0.685,1.05,1.05,0.235,0.38038,0.286948,0.230723,23.351954,21.915166,
06/30/1997,167.482,504.724,459.222,,5.428969,0.851266,0.625,0.625,0.625,0.575,0.575,0.575,0.1175,0.380931,0.261381,0.324948,25.014031,23.547074,
09/30/1997,167.164,504.846,459.77,,5.055332,0.597149,0.46,0.46,0.46,0.425,0.425,0.425,0.1175,0.84333,0.765054,0.220927,26.499922,24.207969,
12/31/1997,233.160004,251.317993,230.32402,,10.435455,1.567331,1.095,1.095,0.855,1.01,1.01,0.795,0.235,0.645178,0.564118,0.485396,28.270041,25.617236,
03/31/1998,336.1,512.0,468.0,,4.965812,0.534188,0.41,0.41,0.41,0.385,0.385,0.385,0.125,0.021368,-0.014957,0.126888,14.291029,13.102392,
06/30/1998,235.848,235.0,235.0,,8.93617,-1.225532,-1.18,-0.84,-0.84,-1.18,-0.84,-0.84,0.25,-0.123404,-0.27234,0.547416,27.448692,24.907105,
09/30/1998,236.872,257.0,236.0,,8.15678,0.385593,0.27,0.42,0.42,0.27,0.41,0.41,0.25,1.016949,0.978814,0.546249,27.830212,25.288438,
12/31/1998,233.75,245.0,239.0,,6.857741,0.221757,0.41,0.39,0.53,0.4,0.38,0.51,0.25,-0.635983,-0.74477,0.624599,28.325134,25.792513,
03/31/1999,227.0,249.0,230.0,,8.582609,1.156522,0.7,0.84,0.66,0.66,0.8,0.64,0.26,0.334783,0.147826,0.651982,28.215859,25.656388,
06/30/1999,227.0,245.0,226.0,,8.840708,1.283186,0.89,0.97,0.77,0.84,0.91,0.72,0.26,-0.495575,-0.628319,0.555066,27.621145,25.092511,
09/30/1999,226.8,245.0,227.0,,8.176211,0.792952,1.43,0.61,0.67,1.34,0.58,0.64,0.26,0.863436,0.753304,0.771605,28.205467,25.943563,
12/31/1999,224.831,242.0,230.0,,7.569565,1.221739,0.6,0.98,0.67,0.57,0.93,0.64,0.26,-0.917391,-1.256522,0.733885,28.679319,26.415396,
03/31/2000,211.800003,237.0,220.0,,9.740909,2.363636,1.6,1.56,0.66,1.51,1.47,0.63,0.27,-0.854545,-0.922727,0.396601,30.98678,28.536355,
06/30/2000,213.0,230.0,212.0,,9.278302,1.419811,0.98,1.0,0.66,0.92,0.94,0.63,0.27,-1.113208,-1.287736,0.394366,31.361502,28.99061,
09/30/2000,218.0,232.0,217.0,,8.576037,1.456221,1.04,0.98,0.7,0.98,0.93,0.67,0.27,-0.175115,-0.285714,0.37156,32.09633,29.756881,
12/31/2000,218.308,228.0,218.0,,9.178899,1.211009,0.87,0.83,0.57,0.83,0.8,0.55,0.27,-0.463303,-0.518349,0.238196,32.880151,30.544002,
03/31/2001,214.699997,230.0,217.0,,9.963134,1.373272,0.91,0.95,0.78,0.87,0.9,0.75,0.28,-0.714286,-0.792627,0.246856,32.906381,30.470424,
06/30/2001,211.0,227.0,214.0,,10.107477,0.621495,0.47,0.43,0.4,0.45,0.41,0.39,0.28,0.985981,0.906542,0.445498,32.2891,29.829384,
09/30/2001,207.0,208.449005,208.449005,,10.674073,-4.207264,-3.16,-2.86,-2.62,-3.16,-2.86,-2.62,0.28,2.365087,2.278735,0.811594,28.748792,25.922705,
12/31/2001,207.624,206.162,206.162,,11.578273,-4.122971,-3.57,-3.49,-2.68,-3.57,-3.49,-2.68,0.28,2.124543,2.037233,0.727276,24.351713,21.028397,
03/31/2002,208.0,220.0,208.0,,11.139423,0.942308,0.65,0.69,0.79,0.63,0.67,0.76,0.29,0.461538,0.384615,0.889423,24.264423,20.5,
06/30/2002,208.0,208.1,208.1,,11.119654,-1.749159,-1.09,-1.07,-0.95,-1.09,-1.07,-0.95,0.29,-0.067275,-0.168188,0.798077,23.668269,19.793269,
09/30/2002,226.4,230.0,221.0,,10.393665,0.429864,0.27,0.29,0.53,0.27,0.29,0.52,0.29,1.597285,1.552036,1.894876,24.059187,19.832155,
12/31/2002,226.8,238.0,227.0,,8.806167,1.096916,1.06,1.09,0.84,1.02,1.05,0.81,0.29,-1.348018,-1.427313,1.388889,25.048501,20.582011,
03/31/2003,227.582,436.7,434.5,,8.29229,1.056387,0.78,0.78,0.77,0.78,0.78,0.77,0.29,2.054545,2.054545,1.230326,25.61714,21.126451,
06/30/2003,227.8,436.7,434.4,,8.630295,1.475599,1.02,1.02,0.99,0.99,0.99,0.96,0.29,2.159991,,0.776997,27.247586,22.673398,
09/30/2003,227.8,436.7,434.3,,8.625374,1.379231,0.98,0.98,0.98,0.98,,0.98,0.29,2.426894,2.426894,1.110623,27.181738,22.589991,
12/31/2003,228.393214,247.0,247.0,,9.408907,0.538462,0.21,0.26,0.49,0.2,0.26,0.49,0.29,1.712551,1.65587,0.656762,26.927245,14.51882,
03/31/2004,437.3,453.9,434.6,,9.496088,1.962724,1.35,1.35,1.35,1.31,1.31,1.31,0.5,1.797055,1.797055,0.31946,28.981935,23.467414,
06/30/2004,669.0,664.8,664.8,,9.115523,-0.719013,-0.42,-0.46,-0.51,-0.42,-0.46,-0.51,0.22,2.154031,2.154031,0.309417,29.493274,18.93423,
09/30/2004,669.2,707.9,665.9,,9.204085,0.647244,0.51,0.46,0.51,0.5,0.45,0.5,0.22,2.763178,2.763178,0.404961,30.910042,20.415421,
12/31/2004,670.3,708.6,666.8,,9.340132,0.563887,0.45,0.45,0.41,0.44,0.44,0.4,0.22,1.781644,1.781644,0.39087,31.34865,24.447262,
03/31/2005,673.6,709.1,668.1,,9.137854,1.884448,0.31,1.31,-0.03,0.31,1.25,1.23,0.22,1.538692,1.538692,0.803147,30.512173,23.70101,
06/30/2005,674.6,710.3,669.5,,9.017177,2.037341,1.59,1.39,1.44,1.52,1.33,1.38,0.23,1.050037,1.050037,1.093982,32.902461,26.255559,
09/30/2005,692.2,683.8,679.2,,8.89576,0.091284,0.24,0.11,0.07,0.23,0.11,0.07,0.23,2.033274,2.033274,0.638544,32.141,25.771453,
12/31/2005,693.4,694.1,688.3,,8.980096,0.395177,0.26,0.26,0.22,0.26,0.26,0.22,0.23,0.72788,0.72788,0.486011,31.944044,25.657629,
03/31/2006,696.2,720.8,692.2,,8.740248,2.042762,1.45,1.45,1.46,1.41,1.41,1.41,0.23,0.811904,0.811904,0.535766,32.592646,26.376041,
06/30/2006,691.4,720.4,691.8,,9.041631,2.055507,1.4,1.4,1.39,1.36,1.36,1.34,0.26,1.227233,1.227233,0.396297,33.138559,26.948221,
09/30/2006,689.5,714.6,685.3,,9.216402,2.250109,1.52,1.52,1.51,1.47,1.47,1.46,0.26,2.49088,2.49088,0.517766,35.693981,29.540247,
12/31/2006,678.3,711.0,679.2,,9.524441,2.460247,1.75,1.75,1.75,1.68,1.68,1.69,0.26,2.438163,2.438163,0.676692,36.865694,30.670795,
03/31/2007,665.3,701.2,669.9,,9.593969,2.29288,1.62,1.62,1.61,1.56,1.56,1.55,0.26,1.294223,1.294223,0.568165,37.927251,31.378326,
06/30/2007,657.0,676.0,658.6,,9.980261,2.620711,1.9,1.9,1.77,1.86,1.86,1.73,0.29,1.60492,1.60492,0.855403,38.360731,31.891933,
09/30/2007,646.1,661.9,648.4,,10.064775,2.726712,1.85,1.85,1.85,1.81,1.81,1.81,0.29,3.10765,3.10765,0.605169,40.538616,34.016406,
12/31/2007,627.8,648.7,634.5,,10.230102,2.4145,1.67,1.67,1.66,1.64,1.64,1.63,0.29,2.122931,2.122931,0.431666,42.217267,35.559095,
03/31/2008,606.9,628.1,616.2,,10.113599,2.278481,1.57,1.57,1.63,1.54,1.54,1.61,0.29,1.504382,1.504382,0.507497,43.302027,36.473884,
06/30/2008,592.8,610.8,598.7,,10.514448,2.301654,1.57,1.57,1.53,1.54,1.54,1.5,0.3,1.175881,1.175881,0.554993,43.556005,36.619433,
09/30/2008,587.2,598.0,587.5,,10.459574,0.481702,0.36,0.36,0.56,0.36,0.36,0.55,0.3,1.603404,1.603404,0.65906,41.94312,34.991485,
12/31/2008,585.1,590.3,583.6,,9.946881,1.749486,1.36,1.36,1.6,1.35,1.35,1.58,0.3,0.968129,0.968129,0.598188,43.120834,36.192104,
03/31/2009,585.3,590.4,584.6,,9.810127,1.400958,1.12,1.12,0.89805,1.11,1.11,0.877954,0.3,1.390694,1.390694,0.418589,45.12216,38.247053,
06/30/2009,567.5,579.8,575.8,,10.701633,1.797499,1.27,1.27,1.299062,1.27,1.27,1.283798,0.3,1.695033,1.695033,0.496916,47.289868,40.239648,
09/30/2009,547.9,564.1,558.4,,11.330587,2.41404,1.66,1.66,1.712034,1.65,1.65,1.61,0.3,2.534026,2.534026,0.521993,51.248403,43.989779,
12/31/2009,520.3,540.1,532.8,,12.117117,3.549174,2.39,2.39,2.637012,2.36,2.36,2.600696,0.33,1.927553,1.927553,0.490102,52.53892,44.94138,
03/31/2010,434.6,515.1,508.4,,12.035799,1.878442,1.26,1.26,1.302124,1.25,1.25,1.22,0.33,1.044453,1.044453,0.460193,58.460653,49.562816,
06/30/2010,470.8,490.8,484.5,,12.753354,2.018576,1.37,1.37,1.331269,1.35,1.35,1.30925,0.36,1.073271,1.073271,0.564996,55.679694,47.378929,
09/30/2010,460.5,472.0,465.9,,13.912857,3.146598,2.14,2.14,1.83,2.11,2.11,1.81,0.36,2.8783,2.8783,0.647123,59.120521,50.679696,
12/31/2010,434.6,454.7,447.9,,14.137084,2.89127,1.98,1.98,2.045099,1.95,1.95,2.015978,0.36,1.478008,1.478008,0.460193,58.460653,49.562816,
03/31/2011,420.3,434.4,428.2,,14.661373,2.487156,1.94,1.94,1.971042,1.92,1.92,1.89,0.36,1.478281,1.478281,0.568641,59.902451,50.749465,
06/30/2011,419.5,418.6,418.6,,15.260392,-1.505017,-0.88,-0.88,-0.838509,-0.88,-0.88,-0.91,0.41,0.640229,0.640229,0.650775,59.613826,50.483909,
09/30/2011,412.8,418.5,415.0,,15.438554,1.033735,0.8,0.8,0.79,0.79,0.79,0.79,0.41,2.209639,2.209639,0.559593,60.978682,51.739341,
12/31/2011,392.8,407.0,403.0,,15.813896,2.168734,1.52,1.52,1.555831,1.51,1.51,1.48,0.41,0.870968,0.870968,0.544807,62.314155,52.645112,
03/31/2012,389.8,395.8,392.0,,16.306122,2.992347,2.04,2.04,2.053571,2.02,2.02,2.032633,0.41,2.076531,2.076531,0.661878,63.807081,54.104669,
06/30/2012,386.0,391.6,388.0,,16.389175,1.814433,1.27,1.27,1.27,1.26,1.26,1.26,0.46,1.162371,1.162371,0.595855,64.893782,55.126943,
09/30/2012,382.000382,387.9,384.0,,16.958333,3.289062,2.265625,2.265625,2.257813,2.21191,2.21191,2.204176,0.46,3.908854,3.908854,0.575916,67.814068,57.976382,
12/31/2012,377.4,385.3,381.0,,17.0,1.060367,0.792651,0.792651,0.860892,0.783805,0.783805,0.851285,0.46,1.217848,1.217848,0.874404,67.315845,57.390037,
03/31/2013,376.4,381.9,377.7,,16.754038,3.473656,2.36,2.36,2.339158,2.33,2.33,2.31298,0.46,1.40323,1.40323,0.64559,68.002125,58.079171,
06/30/2013,373.5,379.9,375.9,,17.754722,3.359936,2.460761,2.460761,2.750732,2.416425,2.416425,2.703343,0.5,1.920724,1.920724,0.824632,66.639893,56.672021,
09/30/2013,364.1,372.9,368.9,,17.489835,3.437246,2.33,2.33,2.274329,2.3,2.3,2.249048,0.5,4.437517,4.437517,0.810217,68.143367,57.948366,
12/31/2013,322.2,363.4,359.1,,18.760791,4.074074,2.729045,2.729045,2.748538,2.696753,2.696753,2.716015,0.5,2.581454,2.581454,0.912477,76.958411,64.590317,
03/31/2014,347.5,354.6,350.9,,19.116557,4.451411,2.98,2.98,2.976204,2.95,2.95,2.948167,0.5,2.00342,2.00342,0.748201,73.056115,61.651799,
06/30/2014,339.0,346.7,343.0,,19.781341,2.895044,1.98,1.98,2.005831,1.95,1.95,1.978843,0.55,1.822157,1.822157,0.917404,75.315634,63.628319,
09/30/2014,331.4,338.9,335.1,,20.54909,4.031632,2.72,2.72,2.799164,2.69,2.69,2.766719,0.55,9.453894,9.453894,1.107423,76.406156,64.526252,
12/31/2014,322.2,331.0,326.8,,20.755814,4.749082,3.151775,3.151775,3.197674,3.111782,3.111782,3.1571,0.55,1.606487,1.606487,1.16077,77.082557,64.931719,
03/31/2015,318.7,324.5,320.8,,20.663965,3.865337,2.58,2.58,2.596633,2.55,2.55,2.56849,0.55,0.620324,0.620324,0.966426,77.963602,65.782868,
06/30/2015,311.2,318.0,314.8,,21.315121,3.710292,2.56,2.56,2.579416,2.53,2.53,2.548868,0.61,2.147395,2.147395,1.018638,77.50964,65.048201,
09/30/2015,304.2,311.0,307.6,,22.10013,4.554616,3.0,3.0,3.029909,2.97,2.97,3.002154,0.61,5.848505,5.848505,1.130835,79.003945,66.318212,
12/31/2015,295.9,303.3,299.7,,22.282282,4.351018,2.87,2.87,2.802803,2.83,2.83,2.764059,0.61,2.535869,2.535869,1.284218,79.749916,66.732004,
03/31/2016,292.4,297.9,294.2,,22.726037,3.426241,2.33,2.33,2.307954,2.3,2.3,2.276502,0.61,2.889191,2.889191,1.23461,82.647059,69.435705,
06/30/2016,288.3,293.6,290.1,,23.388487,3.378145,2.27,2.27,2.323337,2.24,2.24,2.29109,0.67,1.52706,1.52706,0.919181,85.723205,72.327437,
09/30/2016,284.1,289.8,286.0,,24.339161,3.622378,2.48,2.48,2.534965,2.45,2.45,2.50176,0.67,6.188811,6.188811,0.94685,86.022527,72.449842,
12/31/2016,279.6,285.1,282.1,,25.49805,4.93442,3.32,3.32,3.232896,3.28,3.28,3.195819,0.67,4.984048,4.984048,1.097997,83.050787,69.288269,
03/31/2017,279.4,282.4,279.7,,24.819449,3.035395,2.19,2.19,2.20236,2.17,2.17,2.180623,0.67,3.03182,3.03182,0.891195,84.509664,70.730136,
06/30/2017,275.9,280.0,277.5,,25.888288,3.178378,2.13,2.13,1.938739,2.11,2.11,1.924286,0.72,3.264865,3.264865,1.188837,86.47336,72.508155,
09/30/2017,273.8,276.6,274.1,,26.723823,1.514046,1.06,1.06,1.207588,1.05,1.05,1.194613,0.72,6.315213,6.315213,1.384222,86.69832,71.026297,
12/31/2017,271.4,275.7,272.8,,27.31305,3.493402,2.0,2.0,2.305718,1.98,1.98,2.277425,0.72,3.387097,3.387097,1.267502,87.439204,71.621223,
03/31/2018,270.2,273.9,271.0,,26.885609,3.199262,2.45,2.45,2.483395,2.42,2.42,2.452859,0.72,2.04428,2.04428,1.469282,85.044412,69.130274,
06/30/2018,267.7,271.1,268.7,,27.826572,2.68329,1.93,1.93,1.823595,1.92,1.92,1.80934,0.77,4.257536,4.257536,1.550243,84.508778,68.494583,
09/30/2018,264.9,268.4,266.1,,29.022924,3.352123,2.65,2.65,2.562946,2.62,2.62,2.538033,0.77,6.516347,6.516347,1.355228,84.786712,68.520196,
12/31/2018,263.7,266.0,263.9,,29.541493,3.156499,2.33,2.33,2.144752,2.32,2.32,2.13203,0.77,3.59227,3.59227,1.414486,86.818354,70.580205,
03/31/2019,261.9,264.8,262.9,,29.178395,4.012933,3.01,3.01,2.852796,2.99,2.99,2.835166,0.77,2.430582,2.430582,1.363116,92.936235,76.555937,
06/30/2019,260.4,263.7,261.3,,29.980865,2.885572,2.11,2.11,2.192882,2.1,2.1,2.175844,0.82,4.412553,4.412553,1.597542,97.238863,80.810292,
09/30/2019,258.1,261.8,259.2,,30.914352,1.990741,1.52,1.52,1.446759,1.5,1.5,1.431245,0.82,7.719907,7.719907,1.968229,99.213483,82.716002,
12/31/2019,255.5,259.0,256.8,,31.397975,4.505452,3.37,3.37,3.34891,3.35,3.35,3.326834,0.82,5.498442,5.498442,1.933464,101.53816,84.74364,
03/31/2020,252.9,255.9,254.4,,31.084906,3.160377,2.34,2.34,2.637579,2.33,2.33,2.626991,0.82,2.468553,2.468553,2.151048,99.659945,82.906287,
06/30/2020,253.2,251.6,251.6,,29.415739,0.0,-0.16,-0.16,-0.202703,-0.16,-0.16,-0.202703,0.85,6.613672,6.613672,2.460506,106.409953,89.648499,
09/30/2020,,,,,,,3.362,3.362,3.316,3.362,3.362,3.316,0.859,8.83,,,108.667,,
12/31/2020,,,,,,,2.918,2.918,2.991,2.918,2.918,2.991,0.859,8.53,,,109.633,,
