Date,Basic Shares Outstanding,Diluted Weighted Avg Shares,Basic Weighted Avg Shares,Per Share Data Items,Revenue,Net Revenue,Operating Income,Net Income to Common - Basic,Net Income before XO - Basic,Normalized Net Income - Basic,Net Income to Common - Diluted,Net Income before XO - Diluted,Normalized Net Income - Diluted,Dividends,Cash Flow,Free Cash Flow,Cash & Equivalents,Book Value,Tangible Book Value,Source: Bloomberg
03/31/1999,,1924.5,1924.5,,1.853936,1.254092,0.530943,0.34,0.34,0.346667,0.34,0.34,0.346667,0.1,,,,,,
06/30/1999,,1901.699951,1901.699951,,1.91576,1.309881,0.562812,0.35,0.35,0.36,0.34,0.34,0.35,0.1,,,,,,
09/30/1999,,1931.0,1931.0,,1.959037,1.326308,0.577317,0.22,0.22,0.34,0.22,0.22,0.34,0.1,,,,,,
12/31/1999,,1930.300049,1930.300049,,2.008807,1.355074,0.569808,0.33,0.33,0.36,0.33,0.33,0.36,0.1625,,,,,,
03/31/2000,749.012488,750.142962,748.339548,,3.152312,2.192588,0.800305,0.51,0.51,0.54,0.51,0.51,0.54,0.215,0.56779,0.525697,5.553979,10.340282,6.124063,
06/30/2000,960.425175,979.378,968.446,,1.78873,1.080247,0.571966,0.33,0.33,0.37,0.32,0.32,0.36,0.1625,0.581629,0.52269,3.64659,6.462222,,
09/30/2000,949.912083,967.578,958.886,,1.856854,1.098794,0.58798,0.32,0.32,0.39,0.32,0.32,0.39,0.1625,0.788515,0.747243,3.305302,6.518383,,
12/31/2000,1902.083434,4976.901,4948.328,,2.239929,1.453465,0.610282,0.35,0.35,0.37,0.35,0.35,0.37,0.11,0.545301,0.49384,4.801051,7.974414,5.183264,
03/31/2001,1905.26001,1915.699951,1901.099976,,2.324812,1.555152,0.62932,0.22,0.22,0.42,0.21,0.21,0.42,0.188,0.375519,0.375519,4.080808,8.000483,5.265423,
06/30/2001,1907.55896,1917.199951,1905.300049,,2.147378,1.48722,0.656957,0.3,0.3,0.44,0.29,0.29,0.43,0.188,0.06041,0.06041,4.234207,8.102502,5.375456,
09/30/2001,1968.964966,1965.400024,1952.699951,,2.062119,1.494034,0.114559,0.02,0.02,0.08,0.02,0.02,0.08,0.188,0.765863,0.765863,4.232173,8.541036,4.758338,
12/31/2001,1951.709,1955.7,1952.5,,1.968246,1.535723,0.433598,0.36,0.36,0.28,0.36,0.36,0.28,0.186,-0.073035,-0.226274,4.99306,8.434147,4.636449,
03/31/2002,1915.115967,1930.099976,1919.800049,,1.921815,1.556516,0.672257,0.39,0.41,0.44,0.39,0.41,0.44,0.195,1.411032,1.411032,3.674451,8.298192,4.421142,
06/30/2002,1914.18103,1926.900024,1913.199951,,1.996341,1.63318,0.697418,0.43,0.43,0.45,0.43,0.43,0.45,0.195,0.698516,0.698516,4.515769,8.698237,4.718467,
09/30/2002,1914.714,1923.3,1915.0,,2.081253,1.72188,0.725953,0.45,0.45,0.47,0.45,0.45,0.47,0.195,0.461671,0.461671,4.799672,9.149147,5.22219,
12/31/2002,1916.956,1918.9,1916.0,,1.675418,1.364718,0.648017,0.38,0.39,0.43,0.38,0.39,0.43,0.195,-0.596608,-0.596608,5.838423,9.617331,5.107055,
03/31/2003,1919.050049,1926.599976,1919.0,,1.926681,1.633924,0.710526,0.46,0.46,0.47,0.46,0.46,0.47,0.205,1.246222,1.246222,4.879498,9.650608,5.214559,
06/30/2003,1924.526978,1931.599976,1922.300049,,1.977163,1.698382,0.731415,0.48,0.48,0.49,0.48,0.47,0.49,0.205,0.59793,0.59793,7.79828,9.966085,5.646582,
09/30/2003,1927.396973,1939.800049,1926.0,,1.811371,1.555504,0.749117,0.49,0.49,0.49,0.49,0.48,0.48,0.205,0.516096,0.516096,5.044628,10.078879,5.685907,
12/31/2003,1922.92,1944.6,1927.5,,1.558029,1.290428,0.691362,0.46,0.45,0.45,0.45,0.44,0.44,0.24,2.151647,2.138366,4.487966,10.006657,5.768831,
03/31/2004,1901.166992,1941.099976,1915.400024,,1.867182,1.613292,0.749504,0.53,0.53,0.54,0.52,0.52,0.53,0.24,0.647123,0.647123,3.77505,10.23161,5.96055,
06/30/2004,1884.115967,1913.400024,1891.599976,,1.838602,1.684183,0.833686,0.55,0.55,0.55,0.54,0.54,0.54,0.24,0.712624,0.712624,3.967909,9.91181,5.293729,
09/30/2004,1870.842041,1903.699951,1877.0,,2.038785,1.757379,0.860149,0.57,0.57,0.57,0.56,0.56,0.56,0.24,0.889611,0.889611,3.725061,10.476566,5.855652,
12/31/2004,1857.622943,1893.8,1865.0,,2.050724,1.73067,0.90992,0.56,0.56,0.59,0.56,0.56,0.59,0.3,0.518767,0.485147,3.410811,10.518281,6.520699,
03/31/2005,1842.453367,1880.0,1852.0,,2.061015,1.687905,0.87635,0.58,0.58,0.58,0.57,0.57,0.57,0.3,0.470302,0.446544,3.19194,10.42523,6.158093,
06/30/2005,1828.651515,1857.0,1833.0,,2.240044,1.7976,0.878342,0.61,0.61,0.58,0.6,0.6,0.57,0.3,0.513912,0.489907,3.522814,10.882883,5.985285,
09/30/2005,1817.748058,1849.0,1823.0,,2.355458,1.842019,0.954471,0.63,0.63,0.63,0.62,0.62,0.62,0.3,0.595721,0.570488,3.805808,10.927807,5.999731,
12/31/2005,1814.954003,1841.0,1816.0,,2.411344,1.828744,0.909692,0.63,0.63,0.63,0.62,0.62,0.62,0.33,0.282489,0.282489,4.410029,11.066947,6.239828,
03/31/2006,1783.195941,1826.0,1801.0,,2.501388,1.848418,0.951694,0.64,0.64,0.64,0.63,0.63,0.63,0.33,0.969461,0.969461,3.953576,10.798589,4.969168,
06/30/2006,1782.970516,1805.0,1781.0,,2.679955,1.932061,1.008984,0.66,0.66,0.66,0.66,0.66,0.66,0.33,1.044919,1.044919,4.057274,10.889131,5.033174,
09/30/2006,1763.154166,1796.0,1771.0,,2.765104,1.924337,0.979673,0.67,0.67,0.67,0.66,0.66,0.66,0.33,2.547713,2.547713,3.604336,11.301337,5.280877,
12/31/2006,1764.714251,1789.0,1761.0,,2.772288,1.906303,0.907439,0.67,0.67,0.66,0.66,0.66,0.65,0.4,0.520727,0.520727,4.89541,11.444912,6.153404,
03/31/2007,1742.187858,1780.0,1752.0,,2.7871,1.909247,0.92637,0.64,0.64,0.64,0.63,0.63,0.63,0.4,0.300799,,3.608681,11.36502,5.165918,
06/30/2007,1727.876326,1760.0,1736.0,,2.932604,2.008641,0.953917,0.66,0.66,0.66,0.65,0.65,0.65,0.4,0.258065,0.258065,3.781521,11.187143,4.852778,
09/30/2007,1725.411504,1745.0,1725.0,,3.001739,2.035362,0.976232,0.63,0.63,0.67,0.62,0.62,0.66,0.4,0.604638,0.604638,3.846039,11.409452,5.176736,
12/31/2007,1727.856968,1746.0,1726.0,,2.987254,2.038239,0.973928,0.54,0.54,0.66,0.53,0.53,0.65,0.425,0.338355,0.338355,5.141629,11.601655,6.260935,
03/31/2008,1738.018497,1749.0,1731.0,,3.032351,2.222415,0.904679,0.62,0.62,0.62,0.62,0.62,0.62,0.425,0.657423,0.657423,4.213419,11.548784,5.422842,
06/30/2008,1741.416695,1755.0,1740.0,,2.864368,2.209195,0.821839,0.53,0.53,0.56,0.53,0.53,0.56,0.425,0.896552,0.896552,4.568694,11.673254,5.262382,
09/30/2008,1753.841235,1756.0,1743.0,,2.56397,1.919105,0.449799,0.32,0.32,0.32,0.32,0.32,0.32,0.425,1.041308,1.041308,4.05852,11.503322,5.198304,
12/31/2008,1755.032328,1764.0,1754.0,,2.624857,2.04333,0.203535,0.15,0.15,0.15,0.15,0.15,0.15,0.425,0.760547,0.760547,3.90819,10.466474,4.648347,
03/31/2009,1758.580395,1760.0,1754.0,,2.653934,2.186431,0.368301,0.24,0.24,0.24,0.24,0.24,0.24,0.05,1.053022,1.053022,3.499414,10.965663,4.644087,
06/30/2009,1911.880253,1840.0,1833.0,,2.670486,2.24168,0.319149,0.12,0.12,0.164184,0.12,0.12,0.163451,0.05,-0.585379,-0.585379,3.337552,11.85796,5.888967,
09/30/2009,1912.088386,1917.0,1908.0,,2.59434,2.201258,0.362159,0.31,0.31,0.31,0.3,0.3,0.3,0.05,1.80608,1.80608,2.62331,12.379658,7.044653,
12/31/2009,1912.938805,1917.0,1908.0,,2.615304,2.267296,0.372117,0.3,0.3,0.3,0.3,0.3,0.3,0.05,1.771488,1.771488,3.244223,12.788177,6.297117,
03/31/2010,1916.070829,1919.0,1910.0,,2.571204,2.235602,0.431414,0.34,0.34,0.34,0.34,0.34,0.34,0.05,1.505759,1.505759,4.373534,13.156612,7.615585,
06/30/2010,1916.985668,1921.0,1912.0,,2.669979,2.336297,0.497385,0.45,0.45,0.45,0.45,0.45,0.45,0.05,0.566946,0.566946,2.625476,13.687635,7.391292,
09/30/2010,1917.597205,1920.0,1913.0,,2.711448,2.370099,0.603241,0.46,0.46,0.46,0.45,0.45,0.45,0.05,-0.603241,-0.603241,2.331042,14.195369,8.741669,
12/31/2010,1920.903412,1922.0,1914.0,,2.776907,2.438871,0.664054,0.5,0.5,0.475444,0.49,0.49,0.468668,0.05,1.272205,1.272205,7.541764,14.362513,8.028514,
03/31/2011,1926.514752,1928.0,1918.0,,2.665276,2.327424,0.72732,0.52,0.52,0.507351,0.52,0.52,0.504492,0.125,3.247132,3.247132,7.163195,14.833523,9.49279,
06/30/2011,1924.607023,1929.0,1921.0,,2.74076,2.412285,0.85216,0.61,0.61,0.61,0.6,0.6,0.6,0.125,1.343571,1.343571,7.923695,15.507581,10.17974,
09/30/2011,1912.675156,1922.0,1915.0,,2.8047,2.473629,0.909661,0.65,0.65,0.65,0.64,0.64,0.64,0.125,-0.028198,-0.028198,7.166925,16.011083,9.942096,
12/31/2011,1909.821723,1911.0,1904.0,,2.967962,2.651261,0.974265,0.69,0.69,0.644722,0.69,0.69,0.644722,0.125,0.559349,0.559349,7.31063,16.426664,10.319811,
03/31/2012,1901.0,1910.0,1901.0,,2.877959,2.563388,0.963703,0.68,0.68,0.68,0.67,0.67,0.67,0.195,1.625986,1.625986,5.029458,16.94161,11.616518,
06/30/2012,1891.51839,1898.0,1888.0,,2.957097,2.655191,1.028602,0.71,0.71,0.71,0.71,0.71,0.71,0.195,0.284428,0.284428,8.143193,17.458461,12.144212,
09/30/2012,1880.075537,1897.0,1886.0,,2.981442,2.715801,1.073701,0.74,0.74,0.74,0.74,0.74,0.74,0.195,0.130965,0.130965,4.990225,18.026935,12.748956,
12/31/2012,1869.431515,1880.0,1872.0,,2.951389,2.700855,1.02938,0.72,0.72,0.748397,0.72,0.72,0.74766,0.195,2.18109,2.18109,4.414176,18.309844,11.971554,
03/31/2013,1858.485754,1867.0,1858.0,,2.839612,2.593111,1.046825,0.73,0.73,0.73,0.73,0.73,0.73,0.195,0.89774,0.89774,3.729918,18.704475,13.261872,
06/30/2013,1844.060332,1853.0,1843.0,,2.883342,2.654368,1.070537,0.76,0.76,0.76,0.76,0.76,0.76,0.23,2.630494,2.630494,3.58882,18.94027,13.481663,
09/30/2013,1831.656496,1843.0,1832.0,,2.862991,2.639192,1.076419,0.76,0.76,0.76,0.76,0.76,0.76,0.23,1.168668,1.168668,6.341255,19.313665,13.826282,
12/31/2013,1824.748468,1832.0,1821.0,,2.868753,2.654036,1.029105,0.76,0.76,0.76,0.76,0.76,0.76,0.23,1.531576,1.531576,4.645572,19.92439,14.414589,
03/31/2014,1821.278151,1828.0,1818.0,,2.821782,2.617162,1.049505,0.73,0.73,0.73,0.73,0.73,0.73,0.23,1.524752,1.524752,4.067473,20.380193,14.885151,
06/30/2014,1808.815204,1821.0,1811.0,,3.032027,2.834346,1.135284,0.79,0.79,0.936554,0.78,0.78,0.927776,0.245,0.614025,0.614025,6.985788,20.877755,15.157436,
09/30/2014,1794.843008,1807.0,1798.0,,2.947164,2.74416,1.117353,0.78,0.78,0.78,0.78,0.78,0.78,0.245,0.323693,0.323693,3.44487,21.285984,14.188428,
12/31/2014,1785.866708,1796.0,1787.0,,3.062115,2.86178,1.131505,0.79,0.79,0.813906,0.79,0.79,0.809182,0.245,0.484611,0.484611,5.965731,21.582238,15.863446,
03/31/2015,1780.00458,1789.0,1781.0,,2.92813,2.724312,1.07973,0.77,0.77,0.77,0.76,0.76,0.76,0.245,0.983156,0.983156,7.905598,22.101629,16.401643,
06/30/2015,1766.926169,1779.0,1771.0,,3.015246,2.816488,1.143422,0.8,0.8,0.8,0.8,0.8,0.8,0.255,0.929418,0.929418,10.144736,22.412368,16.68604,
09/30/2015,1753.594629,1766.0,1758.0,,3.096132,2.897611,1.158703,0.81,0.81,0.81,0.81,0.81,0.81,0.255,1.623436,1.623436,5.959188,22.889555,17.103155,
12/31/2015,1745.190941,1754.0,1747.0,,3.145965,2.953062,1.170578,0.8,0.8,0.8,0.8,0.8,0.8,0.255,1.448769,1.448769,6.387267,23.175115,17.331055,
03/31/2016,1732.00639,1743.0,1737.0,,3.091537,2.869315,1.096718,0.77,0.77,0.77,0.76,0.76,0.76,0.255,0.725964,0.725964,6.340046,23.711806,17.829611,
06/30/2016,1718.749608,1731.0,1725.0,,3.364638,3.128696,1.204638,0.83,0.83,0.83,0.83,0.83,0.83,0.255,0.824928,0.824928,8.167565,24.264151,18.355786,
09/30/2016,1704.829156,1716.0,1710.0,,3.371345,3.121637,1.217544,0.84,0.84,0.84,0.84,0.84,0.84,0.28,0.323977,0.323977,13.88057,24.678719,18.746746,
12/31/2016,1696.912157,1705.0,1700.0,,3.414706,3.168235,1.2,0.82,0.82,0.82,0.82,0.82,0.82,0.28,1.234118,1.234118,9.255046,24.522189,18.596131,
03/31/2017,1691.774472,1701.0,1694.0,,3.336482,3.09268,1.171783,0.82,0.82,0.82,0.82,0.82,0.82,0.28,1.883117,1.883117,12.010466,24.94245,19.020266,
06/30/2017,1678.937067,1690.0,1684.0,,3.483967,3.204869,1.225059,0.85,0.85,0.85,0.85,0.85,0.85,0.28,0.943587,0.943587,17.251391,25.444075,19.490903,
09/30/2017,1666.767135,1678.0,1672.0,,3.614833,3.299043,1.29067,0.89,0.89,0.89,0.88,0.88,0.88,0.3,1.113636,1.113636,12.323257,25.87164,19.893001,
12/31/2017,1655.645511,1664.0,1659.0,,3.676914,3.342375,0.790235,0.97,0.97,0.97,0.97,0.97,0.97,0.3,-0.101869,-0.101869,11.780904,26.236897,20.186688,
03/31/2018,1648.977829,1657.0,1652.0,,3.670097,3.292978,1.237288,0.97,0.97,0.97,0.96,0.96,0.96,0.3,0.868039,0.868039,11.671473,26.432132,20.33866,
06/30/2018,1636.0,1646.0,1642.0,,3.874543,3.417174,1.33922,1.02,1.02,1.02,1.02,1.02,1.02,0.3,1.982339,1.982339,11.626528,27.022616,20.912592,
09/30/2018,1623.053335,1633.0,1629.0,,4.015347,3.480049,1.400859,1.06,1.06,1.06,1.06,1.06,1.06,0.37,1.979742,1.979742,12.372976,27.232007,20.974049,
12/31/2018,1608.334721,1618.0,1615.0,,4.216099,3.59195,1.333127,1.1,1.1,1.074303,1.1,1.1,1.074042,0.37,1.640867,1.640867,13.338641,27.887852,21.688893,
03/31/2019,1599.0,1605.0,1602.0,,4.146067,3.464419,1.302122,1.01,1.01,1.01,1.0,1.0,1.0,0.37,0.808989,0.808989,11.328956,28.693558,22.294559,
06/30/2019,1584.0,1592.0,1590.0,,4.365409,3.644654,1.432075,1.09,1.09,1.09,1.09,1.09,1.09,0.37,0.383019,0.383019,10.689394,29.505682,23.034091,
09/30/2019,1571.142815,1578.0,1575.0,,4.476825,3.742857,1.513651,1.16,1.16,1.16,1.15,1.15,1.15,0.42,1.933968,1.933968,9.720313,30.13157,23.563739,
12/31/2019,1534.155236,1558.0,1556.0,,4.300129,3.626607,1.187018,0.91,0.91,0.989717,0.9,0.9,0.984724,0.42,-0.039846,-0.039846,14.604128,29.773389,23.038738,
03/31/2020,1506.0,1519.0,1518.0,,4.374835,3.786561,0.947958,0.72,0.72,0.72,0.72,0.72,0.72,0.42,1.550725,1.550725,31.079017,30.116866,23.092961,
06/30/2020,1506.0,1507.0,1506.0,,4.173971,3.860558,0.503984,0.41,0.41,0.41,0.41,0.41,0.41,0.42,-0.566401,-0.566401,34.788845,30.328021,23.342629,
09/30/2020,,,,,,,,0.829,0.829,0.785,0.829,0.829,0.785,0.42,0.745,,,30.984,,
12/31/2020,,,,,,,,0.708,0.708,0.672,0.708,0.708,0.672,0.42,0.682,,,31.223,,
