Date,Revenue,Consensus Estimate,Comparable Actual,Revenue Surprise %,GAAP Actual,Adjusted Actual,Earnings Per Share,EPS Surprise %,EBIT,EBIT Surprise %,EBITDA,EBITDA Surprise %,Gross Margin %,Gross Margin Surprise %,Pretax Income (Loss),Pretax Income (Loss) Surprise %,Net Income,Net Income Surprise %,Source: Bloomberg
03/31/1990,,,7.0,,8.0,8.0,,,,,,,,,,,,,
06/30/1990,,,-1.0,,1.0,1.0,,,,,,,,,,,,,
09/30/1990,,,-13.0,,-11.0,-11.0,,,,,,,,,,,,,
12/31/1990,,,-47.0,,-88.0,-88.0,,,,,,,,,,,,,
03/31/1991,,,-35.0,,-36.0,-36.0,,,,,,,,,,,,,
06/30/1991,,,-31.0,,-49.0,-49.0,,,,,,,,,,,,,
09/30/1991,,,-32.0,,-33.0,-33.0,,,,,,,,,,,,,
12/31/1991,,,-43.0,,-43.0,-43.0,,,,,,,,,,,,,
03/31/1992,,,-50.0,,-50.0,-50.0,,,,,,,,,,,,,
06/30/1992,,,-48.0,,-48.0,-48.0,,,,,,,,,,,,,
09/30/1992,,,-33.0,,-33.0,-33.0,,,,,,,,,,,,,
12/31/1992,,,-60.0,,-60.0,-60.0,,,,,,,,,,,,,
03/31/1993,,,-129.0,,-279.0,-279.0,,,,,,,,,,,,,
06/30/1993,,,748.0,,1692.0,1692.0,,,,,,,,,,,,,
09/30/1993,,,-25.0,,-25.0,-25.0,,,,,,,,,,,,,
12/31/1993,,,0.0,,-83.0,-83.0,,,,,,,,,,,,,
03/31/1994,,,-34.0,,-34.0,-34.0,,,,,,,,,,,,,
06/30/1994,,,-17.0,,-17.0,-17.0,,,,,,,,,,,,,
09/30/1994,,,-6.0,,-6.0,-6.0,,,,,,,,,,,,,
12/31/1994,,,0.0,,-35.0,-35.0,,,,,,,,,,,,,
03/31/1995,,,-2.0,,-2.0,-2.0,,,,,,,,,,,,,
06/30/1995,,,-3.0,,-3.0,-3.0,,,,,,,,,,,,,
09/30/1995,,,-2.0,,-2.0,-2.0,,,,,,,,,,,,,
12/31/1995,,,0.0,,-25.0,-25.0,,,,,,,,,,,,,
03/31/1996,,,28.0,,-15.0,-15.0,,,,,,,,,,,,,
06/30/1996,,,47.0,,4.0,4.0,,,,,,,,,,,,,
09/30/1996,,,56.0,,13.0,13.0,,,,,,,,,,,,,
12/31/1996,,,42.0,,13.0,13.0,,,,,,,,,,,,,
03/31/1997,,,57.0,,15.0,15.0,,,,,,,,,,,,,
06/30/1997,,,69.0,,27.0,27.0,,,,,,,,,,,,,
09/30/1997,,,77.0,,34.0,34.0,,,,,,,,,,,,,
12/31/1997,,,0.0,,72.0,72.0,,,,,,,,,,,,,
03/31/1998,,,67.0,,67.0,67.0,,,,,,,,,,,,,
06/30/1998,,,82.0,,82.0,82.0,,,,,,,,,,,,,
09/30/1998,,,91.0,,91.0,91.0,,,,,,,,,,,,,
12/31/1998,,,0.0,,92.0,92.0,,,,,,,,,,,,,
03/31/1999,,,86.0,,86.0,86.0,,,,,,,,,,,,,
06/30/1999,,,104.0,,104.0,104.0,,,,,,,,,,,,,
09/30/1999,,,129.544998,,116.0,116.0,,,,,,,,,,,,,
12/31/1999,,,115.0,,115.0,115.0,,,,,,,,,,,,,
03/31/2000,,,106.0,,106.0,106.0,,,,,,,,,,,,,
06/30/2000,,,93.0,,93.0,93.0,,,,,,,,,,,,,
09/30/2000,,,65.0,,65.0,65.0,,,,,,,,,,,,,
12/31/2000,,,34.0,,-523.0,-523.0,,,,,,,,,,,,,
03/31/2001,,,11.0,,11.0,11.0,,,,,,,,,,,,,
06/30/2001,,,-6.5,,-13.0,-13.0,,,,,,,,,,,,,
09/30/2001,,,20.0,,27.0,27.0,,,,,,,,,,,,,
12/31/2001,,,26.0,,-9.0,-9.0,,,,,,,,,,,,,
03/31/2002,,,27.299999,,-70.0,-70.0,,,,,,,,,,,,,
06/30/2002,,,52.549999,,48.0,48.0,,,,,,,,,,,,,
09/30/2002,,,45.950001,,44.0,44.0,,,,,,,,,,,,,
12/31/2002,,,22.299999,,21.0,21.0,,,,,,,,,,,,,
03/31/2003,,,23.257999,,6.0,6.0,,,,,,,,,,,,,
06/30/2003,,,32.950001,,31.0,31.0,,,,,,,,,,,,,
09/30/2003,,,40.299999,,39.0,39.0,,,,,,,,,,,,,
12/31/2003,,,48.599998,,46.0,46.0,,,,,,,,,,,,,
03/31/2004,,,58.265999,,57.0,57.0,,,,,,,,,,,,,
06/30/2004,,,82.424004,,80.0,80.0,,,,,,,,,,,,,
09/30/2004,,,92.424004,,90.0,90.0,,,,,,,,,,,,,
12/31/2004,,,86.223999,,85.0,85.0,,,,,,,,,,,,,
03/31/2005,,,77.0,,77.0,77.0,,,,,,,,,,,,,
06/30/2005,,,110.0,,110.0,110.0,,,,,,,,,,,,,
09/30/2005,,,133.0,,158.0,158.0,,2.21267543859651,,,,,,,,,,,
12/31/2005,,,165.0,,-1781.0,-1781.0,,47.6634536082474,,,,,,,,,,,
03/31/2006,,,159.0,,-141.0,-141.0,,16.4633898305085,,,,,,,,,,,
06/30/2006,,,180.0,,176.0,176.0,,-20.3870951156812,,,,,,,,,,,
09/30/2006,,176.0,148.0,-0.404312668463612,153.0,153.0,,-11.2299465240642,,,,,,,,,,-15.9090909090909,
12/31/2006,,122.0,100.0,-5.06236243580337,100.0,100.0,,-14.9425287356322,,,,,,,,,,-18.0327868852459,
03/31/2007,,58.333,40.400002,-0.526757828085896,41.0,41.0,,-34.9710982658959,,,,,,,,,,-30.7424579569026,
06/30/2007,,71.133,65.0,-1.21031398000351,56.0,56.0,,-3.41753343239228,,,,,,,,,,-8.62187732838485,
09/30/2007,,31.867,18.906,1.578847251284,7.0,7.0,,-38.3116883116883,,,,,,,,,,-40.6721687011642,
12/31/2007,,-15.367,-22.799999,6.36411983690835,-32.0,-32.0,,-64.2857142857143,,,,,,,,,,-48.3698770091755,
03/31/2008,,-31.867,-36.0,5.45372256166554,-41.0,-41.0,,-15.3846153846154,,,,,,,,,,-12.9695296074309,
06/30/2008,,-33.4,-27.0,3.28599735799207,-37.0,-37.0,,15.0943396226415,,,,,,,,,,19.1616766467066,
09/30/2008,,-27.286,-35.0,0.685928081479942,-36.0,-36.0,,-24.5551601423487,,,,,,,,,,-28.2709081580298,
12/31/2008,,-47.21,-130.0,-6.91795970999395,-172.0,-172.0,,-169.938650306748,,,,,,,,,,-175.365388688837,
03/31/2009,,-70.222,-35.0,-9.43396226415094,-42.0,-35.0,,52.445652173913,,59.4423320659062,,,,,,42.6923834595892,,50.1580701204751,
06/30/2009,,-35.85,-41.0,-12.8795362543035,-53.0,-41.0,,-7.04960835509138,,16.9007953781014,,,,50.0,,1.68175937904269,,-14.3654114365411,
09/30/2009,,-38.129,-51.0,-6.27137970353478,-94.0,-51.0,,-38.0208333333333,,-17.0156962433926,,,,,,-15.0592216582064,,-33.7564583387972,
12/31/2009,,-56.35,-116.0,-4.67780435913696,-598.0,-89.0,,-111.573236889693,,-68.2287911559721,,,,-66.9642857142857,,-38.4790011350738,,-105.856255545697,
03/31/2010,,-96.625,-102.2,-1.5807560137457,-110.0,-98.0,,-12.0879120879121,,-26.0284824370308,,,,-39.6923076923077,,-16.751269035533,,-5.76972833117723,
06/30/2010,,-65.687,-69.45,-2.16284987277354,-74.0,-67.0,,0.576368876080692,,26.787602700724,,,,1.27478753541078,,7.94016110471806,,-5.72868299663557,
09/30/2010,,-55.75,-77.25,-1.07021665361525,-100.0,-65.0,,-30.0675675675676,,-95.1467843203801,,,,-16.7388345911172,,-23.730378578024,,-38.5650224215247,
12/31/2010,,-85.44,-84.6,2.47847731117678,-121.0,-70.0,,-0.737100737100738,,10.367493277562,,,,10.3159364636062,,-1.16279069767442,,0.983146067415734,
03/31/2011,,-70.85,-105.0,1.07948969578018,-105.0,-99.15,,-41.0614525139665,,-102.003545368347,,,,-37.625,,-35.3383458646616,,-48.2004234297812,
06/30/2011,,-61.9,-68.0,-1.44810420341319,-70.0,-68.7,,-8.76623376623377,,-32.5242379856316,,,,-12.1212121212121,,-4.65152603792445,,-9.8546042003231,
09/30/2011,,-64.656,-62.372,2.28950253980185,-115.0,-78.65,,8.09968847352026,,-12.396694214876,,,,-12.2047244094488,,-6.40076608551581,,3.53254145013611,
12/31/2011,,-77.24,-96.75,3.69342141282979,-100.0,-61.55,,-27.7777777777778,,-8.82352941176471,,,,-12.2914434409919,,-4.5828437132785,,-25.2589331952356,
03/31/2012,,-43.9,-27.0,-0.189050788039405,-27.0,-27.0,,38.6792452830189,,342.748091603053,,,,35.2295409181637,,50.237992211164,,38.496583143508,
06/30/2012,,-10.29,-16.0,-2.76008142222516,-57.0,-7.6,,-18.1102362204724,,-29.3253995394752,,,,-9.52054794520547,,-72.0841300191204,,-55.4907677356657,
09/30/2012,,-10.114,-27.33,-4.30765781435455,-29.0,-28.05,,-187.234042553192,,-28.6621931916981,,,,-9.21985815602836,,-82.5025664423406,,-170.219497725924,
12/31/2012,,-27.9,-56.55,3.37169289855495,-13.0,-56.55,,-100.787401574803,,-79.0575916230366,,,,-20.9009555589261,,-67.3523464193571,,-102.688172043011,
03/31/2013,,6.41,1.0,-5.2308165168483,2.0,4.0,,-86.8421052631579,,-7.34684979289295,,,,-8.73681687440076,,-88.9563776918829,,-84.399375975039,
06/30/2013,,21.085,26.0,4.34382429229029,25.0,26.0,,25.6830601092896,,7.00527892709373,,,,-4.00186404147493,,23.2123212321232,,23.3104102442495,
09/30/2013,,27.721,24.0,-0.935278071997021,23.0,24.0,,-6.77966101694915,,-6.27343164208947,,,,-3.61722928287997,,-16.8930797506792,,-13.4230366869882,
12/31/2013,,12.1,22.0,0.66006600660066,-3.0,-2.0,,97.9166666666667,,-6.93345742205677,,,,2.62470456524444,,-54.7072144936914,,81.8181818181818,
03/31/2014,,26.271,19.0,-3.09248966794927,45.0,19.0,,-25.9259259259259,,-12.8787878787879,,-67.9324894514768,,-4.91265758380915,,-29.1217257318952,,-27.6769060941723,
06/30/2014,,61.121,48.0,-4.37523641407137,57.0,48.0,,-21.2410501193317,,-9.07313257723895,,-8.26261910222464,,-1.6515716568993,,-7.98178673985816,,-21.4672534808004,
09/30/2014,,67.15,66.0,-1.7652938400169,-12.0,39.4,,-2.5974025974026,,3.94431554524362,,1.86757215619694,,-5.77523413111342,,-2.08460457789949,,-1.7125837676843,
12/31/2014,,55.092,35.0,-1.06474658989679,-53.0,22.0,,-35.656836461126,,-13.915222839708,,-10.0952380952381,,-10.1767541510445,,-37.5691199029646,,-36.4699048863719,
03/31/2015,,41.025,43.0,2.01207311201913,24.0,39.0,,12.4031007751938,,19.8664345443648,,0.946372239747634,,-1.38864475303218,,1.44748237040703,,4.81413772090189,
06/30/2015,,68.229,78.0,-3.48258706467662,79.0,78.0,,14.2241379310345,,12.9186602870813,,2.32558139534884,,1.59385568120624,,13.5563253748077,,14.3208899441586,
09/30/2015,,83.536,76.0,-4.21757981868348,76.0,68.65,,-8.61159929701229,,0.965759438103595,,-7.92682926829268,,-1.27341373885685,,-13.6273075904322,,-9.02126029496265,
12/31/2015,,46.162,62.0,-1.92367435266975,812.0,69.0,,35.048231511254,,28.9139333368774,,6.74097794291394,,10.0271893491124,,71.5230841484083,,34.3096053030631,
03/31/2016,,37.492,63.0,4.71125063015663,67.0,61.333333,,70.6349206349206,,50.0005725212692,,26.4628820960699,,15.0062528604119,,76.8248881030005,,68.0358476474981,
06/30/2016,,70.521,68.0,-0.772430184194886,74.0,61.0,,-3.96659707724425,,-0.897666068222621,,6.9288812703592,,-0.840929312901635,,1.07155473564391,,-3.57482168432098,
09/30/2016,,62.233,69.0,-2.04342273307791,62.0,69.0,,10.8433734939759,,4.95867768595041,,10.2216748768473,,-1.67318750000001,,0.0186848092500752,,10.8736522423794,
12/31/2016,,53.621,65.0,1.11265244385424,307.0,56.686275,,23.943661971831,,-2.70303140867767,,-1.77012882714861,,-9.52732867009031,,-7.2356215213358,,21.22116335018,
03/31/2017,,67.488,55.0,2.63162472418588,55.0,55.0,,-17.5946547884187,,-11.6772823779193,,-4.12698412698413,,-9.86422729955317,,-15.3294089186356,,-18.5040303461356,
06/30/2017,,77.393,64.0,-0.262318710469264,36.0,64.0,,-14.3968871595331,,-15.0123123188564,,-3.45231129315389,,-11.4736495726496,,-17.0631629490593,,-17.3051826392568,
09/30/2017,,70.05,68.0,-0.116718953575002,66.0,68.0,,0.858369098712435,,-5.12820512820513,,4.24710424710424,,-9.56223810153941,,-6.83229813664597,,-2.92648108493933,
12/31/2017,,58.585,77.0,8.97817551387603,-69.0,77.0,,34.8600508905852,,3.92156862745098,,13.2616487455197,,-3.19746368239246,,10.1424821897263,,31.4329606554579,
03/31/2018,,58.308,46.0,2.20122719488838,37.0,42.923077,,-20.9876543209877,,-11.6883116883117,,-8.79419900955023,,-18.4520981278244,,-39.7767725703273,,-21.108595733004,
06/30/2018,,90.56,70.0,0.435754215448387,58.0,67.882353,,-18.4339314845024,,-20.0,,-12.9943502824859,,-5.49563389830508,,-39.7667020148462,,-22.7031802120141,
09/30/2018,,81.48,65.0,-1.11837327523602,59.0,64.222222,,-23.0769230769231,,-17.0506912442396,,-14.9184149184149,,-15.0794465839395,,-33.3333333333333,,-20.225822287678,
12/31/2018,,61.267,37.0,-6.14976846838485,42.0,36.222222,,-49.5145631067961,,-27.6315789473684,,-26.8608414239482,,-16.474590078329,,-57.3033707865169,,-39.6085984298236,
03/31/2019,,34.0,,,,,,,,,,,,,,,,,
06/30/2019,,76.0,,,,,,,,,,,,,,,,,
