Date,Revenue,Consensus Estimate,Comparable Actual,Revenue Surprise %,GAAP Actual,Adjusted Actual,Earnings Per Share,EBIT,EBIT Surprise %,EBITDA,EBITDA Surprise %,Gross Margin %,Pretax Income (Loss),Pretax Income (Loss) Surprise %,Net Income,Source: Bloomberg
09/30/2005,,,,,,,,,,,,,,,,
12/31/2005,,,129.5,-31.0203539977653,129.5,129.5,,,,,,,,,,
03/31/2006,,,317.200012,3.63522152986161,317.2,317.2,,,,,,,,,,
06/30/2006,,,345.299988,12.5744278049786,437.3,437.3,,,,,,,,,,
09/30/2006,,,327.200012,1.10056039007984,356.8,356.8,,,,,,,,,,
12/31/2006,,,455.899994,13.6404615083861,480.799988,480.799988,,,,,,,,,,
03/31/2007,,,237.399994,6.91360360749703,203.0,203.0,,,,,,,,,,
06/30/2007,,,368.899994,4.1873410692521,434.0,434.0,,,,,,,,,,
09/30/2007,,,437.200012,8.75717343087538,641.6,641.6,,,,,,,,,,
12/31/2007,,,548.35498,5.83097497378699,559.5,559.5,,,,,,,,,,
03/31/2008,,,282.0,5.11938486442736,270.0,270.0,,,,,,,,,,
06/30/2008,,,406.0,8.23279170168495,407.0,407.0,,,,,,,,,,
09/30/2008,,,339.0,3.50706098564356,401.0,401.0,,,,,,,,,,
12/31/2008,,,464.0,0.854110476491104,173.0,173.0,,,,,,,,,,
03/31/2009,,,177.0,-2.09935382203448,177.0,177.0,,,,,,,,,,
06/30/2009,,,298.0,-4.19458692155921,277.0,298.0,,,,,,,,,,
09/30/2009,,,421.0,0.763028565422452,463.0,421.0,,,,,,,,,,
12/31/2009,,,663.0,-3.36225312628298,463.0,458.6,,,,,,,,,,
03/31/2010,,,245.0,-3.66225216630261,245.0,243.0,,,,,,,,,,
06/30/2010,,,424.0,-4.78800115373522,420.0,418.0,,,,,,,,,,
09/30/2010,,,461.0,1.48460085466491,189.0,461.0,,,,,,,,,,
12/31/2010,,,620.0,-5.96789447180633,610.0,620.0,,,,,,,,,,
03/31/2011,,,430.0,9.03389362136705,376.0,430.0,,,,,,,,,,
06/30/2011,,,583.099976,7.99377616325585,574.0,583.0,,,,,,,,,,
09/30/2011,,,610.619995,8.19431089593859,576.0,614.0,,,,,,,,,,
12/31/2011,,,591.0,-1.01058375200947,212.0,591.0,,,-1.04352331808078,,-2.54089801601114,,,-0.870544714735264,,
03/31/2012,,,535.672,0.0766723710269812,585.0,535.0,,,8.82765063054648,,7.34611376738281,,,10.471153501856,,
06/30/2012,,,512.0,-7.15930386378857,534.0,512.0,,,-2.89372400955362,,-3.7721324095458,,,-3.45654461102137,,
09/30/2012,,,626.0,-1.5813705211183,650.0,626.0,,,0.574712643678161,,-0.215149825871825,,,0.848458812157661,,
12/31/2012,,,461.0,-4.7741647769003,470.0,461.0,,,-1.08999569362968,,-2.29950806543874,,,1.12676056338028,,
03/31/2013,,,481.0,-1.48922524653618,478.0,481.0,,,0.757045855756836,,0.938044962501569,,,1.09554002205967,,
06/30/2013,,,632.243,3.32546851091296,643.0,635.0,,,-0.648940972651445,,0.465322324045061,,,-1.04536689333198,,
09/30/2013,,,739.0,1.56669124254276,804.0,733.9,,,1.75790343485354,,1.38802189981272,,,11.6870876531574,,
12/31/2013,,,547.0,-2.71911780815249,547.0,547.0,,,2.67928766244184,,1.49938193948485,,,2.60005957422814,,
03/31/2014,,,482.0,-0.862533440154415,502.0,482.0,,,2.47310374814179,,1.4339065885933,,,2.38124409406682,,
06/30/2014,,,618.0,-3.63271698836043,610.0,618.0,,,-1.45592965804482,,-2.6060165176088,,,0.165120045741724,,
09/30/2014,,,729.0,2.29346511103365,732.0,729.0,,,-2.28785657444054,,-2.82912876026613,,,-3.06985426354302,,
12/31/2014,,,538.0,-1.76583548538811,500.0,538.0,,,-2.22651658698389,,-3.41463414634146,,,-3.36391437308868,,
03/31/2015,,,467.0,-5.19075970293104,-53.0,467.0,,,1.2038580585111,,0.476319480403692,,,3.26877278762462,,
06/30/2015,,,591.0,-5.20657093914931,591.0,591.0,,,4.65724751439038,,5.54900760786136,,,7.15212089840144,,
09/30/2015,,,614.0,-2.24246192088401,884.0,614.0,,,-2.90663483599505,,-2.66089478248353,,,-4.92044759533798,,
12/31/2015,,,470.0,-3.42433308745426,449.0,470.0,,,-0.521697889494899,,-0.197929609398812,,,2.48581707782489,,
03/31/2016,,,303.0,0.866422740891261,303.0,303.0,,,1.71933448476379,,0.419823686565012,,,4.85525416001824,,
06/30/2016,,,419.0,3.84837268563857,432.0,419.0,,,3.31397371875223,,2.99137447238794,,,1.98067345788358,,
09/30/2016,,,273.0,-1.98303571238674,254.0,273.0,,,0.872226013784629,,1.53083849405626,,,1.89189906333749,,
12/31/2016,,,413.0,4.58421168549224,396.0,412.3,,,16.9385853557872,,16.3157422651478,,,22.4036569587675,,
03/31/2017,,,317.0,7.55053653051746,121.0,317.0,,,23.5342918679313,,22.830528702928,,,31.4633800821646,,
06/30/2017,,,471.0,2.01151298781836,683.0,471.0,,,3.99173233432373,,2.51655439232058,,,10.6356330236927,,
09/30/2017,,,354.0,2.5591267734633,674.0,310.0,,,-4.75820245684963,,-3.34728033472803,,,-2.36573833241457,,
12/31/2017,,,413.0,-2.36177741598999,537.0,413.0,,,3.56871502569718,,3.02381589510303,,,2.94517444494789,,
03/31/2018,,,371.0,3.55603802756669,266.0,371.0,,,10.5648986632169,,9.69267139479905,,,14.0261215218626,,
06/30/2018,,,475.0,-0.941711679483249,522.0,475.0,,,4.79831448238925,,4.57496286182553,,,5.53301809161691,,
09/30/2018,,,400.0,3.32606147144613,394.0,400.0,,,1.2275731822474,,0.350533839891,,,3.4464089594258,,
12/31/2018,,,453.0,-0.915489570473463,321.0,453.0,,,8.63944307075905,,7.16677829872739,,,9.85626100565661,,
03/31/2019,,,383.0,-3.14173756126089,376.0,383.0,,,12.5594824737641,,12.3882420104321,,,16.8625364627029,,
06/30/2019,,,484.0,0.933749936860032,544.0,484.0,,,9.60419420646997,,8.0865224625624,,,10.6077522664171,,
09/30/2019,,,321.0,0.220584543200824,307.0,321.0,,,2.63164032992843,,2.53814565968111,,,1.04927007299271,,
12/31/2019,,500.75,,,,,,,,,,,,,,
