Date,Basic Shares Outstanding,Diluted Weighted Avg Shares,Basic Weighted Avg Shares,Per Share Data Items,Revenue,EBITDA,Operating Income,Net Income to Common - Basic,Net Income before XO - Basic,Normalized Net Income - Basic,Net Income to Common - Diluted,Net Income before XO - Diluted,Normalized Net Income - Diluted,Dividends,Cash Flow,Free Cash Flow,Cash & Equivalents,Book Value,Tangible Book Value,Source: Bloomberg
09/30/1993,,12.644,12.644,,0.6146,0.065407,0.050854,0.03,0.03,,0.03,0.03,0.03,,0.065407,,,,,
12/31/1993,16.927999,15.368,15.368,,0.559865,0.067413,0.054464,0.0375,0.0375,,0.0375,0.0375,0.0375,,0.035333,,0.863894,1.141009,,
03/31/1994,17.224001,19.136,19.136,,0.414925,0.050742,0.039141,0.0275,0.0275,,0.0275,0.0275,0.0275,,-0.01411,,0.828321,1.170634,,
06/30/1994,17.624,19.04,19.04,,0.452048,0.071113,0.053466,0.04,0.04,0.04,0.04,0.04,0.04,,0.038918,,0.806571,1.210338,,
09/30/1994,17.74,19.32,19.32,,0.470135,0.063872,0.051242,0.035,0.035,,0.035,0.035,0.035,,0.039337,,0.83106,1.250564,,
12/31/1994,18.007999,20.016001,20.016001,,0.496653,0.07499,0.061551,0.045,0.045,,0.045,0.045,0.045,,0.065548,,0.866504,1.302366,,
03/31/1995,18.704,20.455999,20.455999,,0.543704,0.096451,0.081541,0.055,0.055,,0.055,0.055,0.055,,-0.032118,,0.841531,1.3858,,
06/30/1995,19.032,18.848,18.848,,0.643888,-0.157736,-0.175562,-0.105,-0.105,-0.105,-0.105,-0.105,-0.105,,0.096668,,0.397173,1.303489,,
09/30/1995,19.264,21.327999,21.327999,,0.599822,0.110043,0.089694,0.0575,0.0575,,0.0575,0.0575,0.0575,,0.043886,0.016176,0.427014,1.384448,,
12/31/1995,26.656,27.040001,27.040001,,0.579586,0.107212,0.088572,0.07,0.07,,0.07,0.07,0.07,,0.032507,-0.025629,1.812538,3.067602,,
03/31/1996,27.388,29.412001,29.412001,,0.641779,0.142425,0.125527,0.085,0.085,,0.085,0.085,0.085,,0.026758,-0.378213,1.346137,3.170914,,
06/30/1996,32.196,28.204,28.204,,0.770529,0.196958,0.174053,-0.1,-0.1,-0.1,-0.1,-0.1,-0.1,,0.182882,0.059247,2.987762,4.75851,,
09/30/1996,32.456001,34.986,32.346001,,0.725345,0.182681,0.147406,0.11,0.11,0.11,0.1,0.1,0.1,,0.052371,-0.023218,3.494053,4.864586,,
12/31/1996,33.102001,35.484001,32.694,,0.693797,0.145562,0.112161,0.1,0.1,0.1,0.09,0.09,0.09,,0.121276,0.121276,3.499003,5.102048,,
03/31/1997,33.293999,33.223999,33.223999,,0.810498,0.050596,0.009601,-1.04,-1.04,0.13,-1.04,-1.04,0.13,0.0,0.095112,-0.025403,2.133538,4.077161,,
06/30/1997,33.844002,36.092,33.596,,1.00884,0.262204,0.229432,0.27,0.27,0.27,0.25,0.25,0.25,,0.376473,0.209817,2.399096,4.425511,,
09/30/1997,34.383999,37.790001,35.096001,,1.140358,0.317956,0.262708,0.18,0.18,0.18,0.18,0.18,0.18,0.0,0.280915,0.17643,2.413826,4.739065,,
12/31/1997,34.612,37.898998,35.194,,1.292237,0.370887,0.313946,0.04,0.04,0.21,0.04,0.04,0.2,0.0,0.433312,0.201284,2.452098,4.836097,,
03/31/1998,34.902,37.686001,35.488998,,1.350334,0.432078,0.370509,0.26,0.26,0.27,0.23,0.23,0.25,0.0,0.359914,0.162417,2.649103,5.149103,,
06/30/1998,38.919998,36.390999,36.390999,,1.423209,-0.01385,-0.125608,-1.0,-1.0,0.31,-1.0,-1.0,0.29,0.0,0.361161,0.195515,2.450051,7.195228,4.549313,
09/30/1998,38.659,42.268002,39.112,,1.468092,0.517539,0.304357,0.21,0.21,0.24,0.19,0.19,0.24,0.0,0.39346,0.175061,2.733025,6.306423,5.092863,
12/31/1998,39.683998,42.257999,39.529999,,1.613256,0.457703,0.304554,0.08,0.08,0.3,0.06,0.06,0.28,0.0,0.359221,0.095775,2.878641,6.526056,5.38106,
03/31/1999,40.387001,43.403999,40.037998,,1.860782,0.736675,0.545207,0.32,0.32,0.32,0.29,0.29,0.32,0.0,0.270243,-0.067036,2.800257,8.302548,5.986456,
06/30/1999,80.460999,40.456001,40.456001,,2.153797,0.661583,0.449006,-4.8,-4.8,0.12,-4.8,-4.8,0.12,0.0,0.655947,0.305888,2.906912,44.981382,2.175363,
09/30/1999,86.860001,84.237503,84.237503,,2.731563,0.796557,-1.342632,-1.36,-1.36,0.56,-1.36,-1.36,0.56,0.0,0.467725,0.05342,11.041907,49.324225,11.201959,
12/31/1999,89.030251,86.3125,86.3125,,3.263722,1.096017,-1.135409,-1.52,-1.52,0.72,-1.52,-1.52,0.72,0.0,0.713686,0.232875,9.941565,52.358608,10.90753,
03/31/2000,97.7565,93.449997,93.449997,,4.222579,1.377207,-1.492777,-2.56,-2.56,0.96,-2.56,-2.56,0.88,0.0,0.985554,0.156233,9.845892,73.22582,13.612392,
06/30/2000,116.991127,97.75,97.75,,5.360614,1.594885,-1.573402,-4.32,-4.32,1.12,-4.32,-4.32,1.12,0.0,0.900256,-0.38977,9.524654,211.798975,20.863121,
09/30/2000,120.192123,118.324997,118.324997,,6.646947,1.641243,-7.987323,-8.56,-8.56,1.52,-8.56,-8.56,1.44,0.0,0.185929,-0.894993,9.525582,200.388346,24.985837,
12/31/2000,121.517074,120.4125,120.4125,,7.682757,31.20191,-6.691166,-7.44,-7.44,-7.44,-7.44,-7.44,-7.44,0.0,29.436313,26.548739,9.304865,191.667715,26.931195,
03/31/2001,164.527878,142.8125,142.8125,,6.442713,-2.950723,-18.323326,-293.040009,-293.040009,1.12,-293.040009,-293.040009,1.12,0.0,0.934092,-0.718425,11.991281,381.100148,25.880095,
06/30/2001,164.780746,164.550003,164.550003,,3.652993,-0.723792,-9.908842,-75.120003,-75.120003,0.16,-75.120003,-75.120003,0.16,0.0,-1.43543,-2.477666,10.997644,64.974217,22.216794,
09/30/2001,165.96203,165.3375,165.3375,,1.98745,-0.529221,-3.831557,-7.44,-7.44,-7.44,-7.44,-7.44,-7.44,0.0,0.405837,0.069555,10.569285,57.437837,17.885416,
12/31/2001,169.663948,166.2625,166.2625,,1.720773,2.760093,-3.929329,-12.8,-12.8,-12.8,-12.8,-12.8,-12.8,0.0,0.374107,-0.147357,9.742199,45.383242,15.072737,
03/31/2002,170.197632,169.875,169.875,,1.541133,-0.156586,-2.906843,-25.52,-25.52,-0.24,-25.52,-25.52,-0.24,0.0,0.057689,-0.10184,9.192255,19.88807,-30.227784,
06/30/2002,171.310257,170.625,170.625,,1.299341,-0.280733,-1.398974,-6.08,-6.08,-1.12,-6.08,-6.08,-1.12,0.0,0.080293,-0.029304,8.46651,14.426448,11.451144,
09/30/2002,176.830368,176.537506,176.537506,,1.093252,-0.469589,-0.628195,-2.96,-2.96,-0.56,-2.96,-2.96,-0.56,0.0,-0.319479,-0.422007,7.67289,10.966416,9.766396,
12/31/2002,176.918007,176.8375,176.8375,,0.885559,-0.31724,-0.743621,-1.2,-1.2,-1.2,-1.2,-1.2,-1.2,0.0,-0.659362,-0.824486,7.523259,10.057201,8.889429,
03/31/2003,178.772369,177.824997,177.824997,,0.931815,-0.278364,-0.493181,-0.8,-0.8,-0.24,-0.8,-0.8,-0.24,0.0,-0.286236,-0.318853,7.079953,9.552388,8.153962,
06/30/2003,178.915497,178.799881,178.799881,,0.898211,-0.217002,-0.309284,-0.32,-0.32,-0.16,-0.32,-0.32,-0.16,0.0,-0.293624,-0.406041,6.89767,9.340172,7.918272,
09/30/2003,179.365494,179.175003,179.175003,,0.822659,-0.13004,-0.210967,-0.16,-0.16,-0.08,-0.16,-0.16,-0.08,0.0,-0.430306,-0.703223,6.468357,9.30781,7.910663,
12/31/2003,179.499575,179.375,179.375,,0.850732,0.001115,-0.170035,-0.32,-0.32,-0.32,-0.32,-0.32,-0.32,0.0,-0.388571,-0.701882,9.178852,8.936511,7.562135,
03/31/2004,180.020004,179.787506,179.787506,,0.897726,-0.042272,-0.127929,-0.08,-0.08,0.0,-0.08,-0.08,0.0,0.0,-0.179657,-0.203574,9.205643,8.983463,7.629169,
06/30/2004,180.050507,180.024994,180.024994,,0.96931,-0.078322,-0.142758,-0.16,-0.16,-0.08,-0.16,-0.16,-0.08,0.0,-0.183863,-0.216637,8.601475,8.72585,7.136296,
09/30/2004,180.50125,180.3,180.3,,1.078758,-0.046034,-0.130338,-0.16,-0.16,0.0,-0.16,-0.16,0.0,0.0,-0.320022,-0.364947,8.106869,8.47418,6.823221,
12/31/2004,180.569152,180.5125,180.5125,,0.999931,-0.15456,-0.237657,-0.24,-0.24,-0.16,-0.24,-0.24,-0.16,0.0,-0.175611,-0.224361,7.844086,8.247256,6.62627,
03/31/2005,181.017032,180.8375,180.8375,,0.91961,-0.160365,-0.24663,-0.24,-0.24,-0.16,-0.24,-0.24,-0.16,0.0,-0.140458,-0.18359,7.624697,7.957815,6.327581,
06/30/2005,181.03646,22.5875,22.5875,,24.168235,-8.39845,-9.084671,-9.85944,-9.85944,-9.85944,-9.85944,-9.85944,-9.85944,,-1.155506,-1.646929,7.180874,7.371996,5.797175,
09/30/2005,206.551279,197.7,197.7,,1.306525,-0.185635,-0.327769,-0.34,-0.34,-0.1,-0.34,-0.34,-0.1,0.0,-0.234699,-0.299949,4.006269,7.654274,2.737819,
12/31/2005,209.399067,206.9625,206.9625,,1.511868,0.125627,-0.171045,-0.24,-0.24,-0.0544,-0.24,-0.24,-0.0544,0.0,-0.226128,-0.345956,3.946531,7.597455,2.583106,
03/31/2006,210.500628,212.25,209.8625,,1.500506,-0.072428,-0.186789,0.0,0.0,0.0296,0.0,0.0,0.0296,0.0,-0.160105,-0.254452,3.965784,7.710666,2.78669,
06/30/2006,210.734374,210.6125,210.6125,,1.510832,0.165707,-0.157635,-0.24,-0.24,0.0,-0.24,-0.24,0.0,0.0,-0.003798,-0.111105,5.799718,7.514673,2.680626,
09/30/2006,211.086059,210.9,210.9,,1.508298,0.038407,-0.148886,-0.08,-0.08,0.03,-0.08,-0.08,0.03,0.0,-0.077288,-0.187767,5.690096,7.515892,2.733009,
12/30/2006,211.163134,223.5,211.1,,1.735197,0.052582,-0.073425,0.11,0.11,0.12,0.1,0.1,0.11,0.0,0.047371,-0.044529,5.747689,7.712047,2.967848,
03/31/2007,211.509758,211.3,211.3,,1.711784,0.038807,-0.097965,-0.07,-0.07,-0.02,-0.07,-0.07,-0.02,0.0,0.131093,0.026976,5.716048,7.702718,2.869371,
06/30/2007,219.012065,213.7,213.7,,1.641086,0.13898,-0.180159,-0.08,-0.08,-0.0211,-0.08,-0.08,-0.0211,0.0,0.18671,0.135236,5.172318,7.924221,2.803499,
09/29/2007,219.420252,219.2,219.2,,1.627281,0.067518,-0.091241,-0.03,-0.03,0.05,-0.03,-0.03,0.05,0.0,0.165146,0.124088,5.089776,7.991514,2.893534,
12/29/2007,219.530224,228.4,220.5,,1.810431,0.22585,0.05805,0.1,0.1,0.18,0.09,0.09,0.17,0.0,0.229932,0.18458,4.976536,8.181106,3.142164,
03/29/2008,229.720653,225.2,225.2,,1.704707,0.058615,-0.099023,-0.03,-0.03,0.1,-0.03,-0.03,0.1,0.0,0.203375,0.137655,4.32743,8.472899,2.916151,
06/28/2008,221.977736,228.9,228.9,,1.705111,0.164701,-0.213194,-0.13,-0.13,0.34,-0.13,-0.13,0.34,0.0,0.281782,0.203582,3.93553,8.187308,2.725949,
09/27/2008,214.826234,215.4,215.4,,1.751161,0.093315,-0.075209,-0.1,-0.1,-0.078018,-0.1,-0.1,-0.080989,0.0,0.219591,0.149954,3.682511,7.955267,2.502953,
12/27/2008,215.036301,215.1,215.1,,1.644816,-3.011158,-3.351,-3.36,-3.36,-0.082706,-3.36,-3.36,-0.084733,0.0,0.274291,0.128777,3.152026,4.529468,2.596306,
03/28/2009,215.768483,215.6,215.6,,1.294527,-0.207328,-0.476809,-0.47,-0.47,-0.216095,-0.47,-0.47,-0.220881,0.0,0.176716,-0.040816,3.068103,4.196164,2.581934,
06/27/2009,216.971017,216.1,216.1,,1.26423,-0.118464,-0.278112,-0.29,-0.29,-0.202962,-0.29,-0.29,-0.202962,0.0,0.080981,0.039334,3.158025,4.307027,2.781938,
10/03/2009,217.998647,217.5,217.5,,1.369195,0.033103,-0.126437,-0.15,-0.14,-0.122322,-0.15,-0.14,-0.122322,0.0,0.078621,0.051494,2.975248,4.19498,2.571576,
01/02/2010,218.512242,218.3,218.3,,1.570774,0.093907,-0.059551,-0.09,-0.09,-0.113582,-0.09,-0.09,-0.114714,0.0,0.178195,0.124141,3.082207,4.137526,2.603515,
04/03/2010,220.059484,219.4,219.4,,1.514585,0.100729,-0.048314,-0.05,-0.05,-0.038765,-0.05,-0.05,-0.038765,0.0,0.074294,0.025068,3.085984,4.132065,2.707904,
07/03/2010,221.0,227.6,220.4,,1.773593,0.148367,-0.014065,0.01,0.01,-0.026497,0.01,0.01,-0.026497,0.0,0.212795,0.143376,2.568326,4.111765,2.195928,
10/02/2010,222.594669,227.5,221.8,,1.826871,0.172678,0.003607,0.0,0.0,0.00807,0.0,0.0,0.007429,0.0,0.160956,0.055906,2.632139,4.145203,2.323506,
01/01/2011,223.0,229.1,222.9,,2.124271,0.322118,0.15074,0.11,0.11,0.116083,0.1,0.1,0.10993,0.0,0.272319,0.145357,2.784305,4.292377,2.575785,
04/02/2011,227.0,235.4,225.6,,2.012411,0.22828,0.055851,0.17,0.17,0.193285,0.16,0.16,0.181262,0.0,0.234486,0.08289,2.927313,4.567401,2.967841,
07/02/2011,228.0,235.7,227.2,,2.076585,0.25088,0.080986,0.04,0.04,0.057526,0.04,0.04,0.055995,0.0,0.246479,0.110475,3.038596,4.672807,3.169298,
10/01/2011,229.0,228.4,228.4,,1.82049,0.192207,0.023643,-0.03,-0.02,0.008997,-0.03,-0.02,0.004759,0.0,0.100263,0.007443,2.999563,4.651092,3.241485,
12/31/2011,230.0,229.4,229.4,,1.78422,0.178291,0.003923,-0.04,-0.03,-0.017698,-0.04,-0.03,-0.017698,0.0,0.199215,0.113775,3.136087,4.628696,3.328696,
03/31/2012,231.0,230.6,230.6,,1.748916,0.483955,-0.027754,-0.08,-0.07,-0.063487,-0.08,-0.07,-0.063487,0.0,0.354727,0.107979,3.104762,4.637229,3.381818,
06/30/2012,232.0,231.7,231.7,,1.873112,0.173932,0.002158,-0.1,0.01,0.026521,-0.1,0.01,0.026521,0.0,0.160984,0.09495,3.110345,4.477586,3.410776,
09/29/2012,234.0,232.8,232.8,,1.80799,0.162801,0.00043,-0.05,-0.04,-0.029532,-0.05,-0.04,-0.029532,0.0,0.185137,0.108677,2.986325,4.454701,3.440598,
12/29/2012,234.0,237.1,234.4,,1.831911,0.207338,0.063567,0.02,0.02,0.022952,0.02,0.02,0.022952,0.0,0.253413,0.187287,3.031197,4.552137,3.632479,
03/30/2013,237.0,235.9,235.9,,1.718101,0.066978,-0.090292,-0.12,-0.12,-0.082323,-0.12,-0.12,-0.083629,0.0,0.119542,0.062738,2.565823,4.451899,3.25865,
06/29/2013,237.0,241.1,236.9,,1.778388,0.073449,-0.078514,0.39,0.39,0.440291,0.38,0.38,0.433111,0.0,0.24103,0.16336,2.051477,4.9,3.7827,
09/28/2013,233.0,239.6,235.3,,1.823204,0.163621,0.028049,0.0,0.0,0.001272,0.0,0.0,-3e-06,0.0,0.125372,0.072673,4.53691,5.237339,4.138197,
12/28/2013,233.0,235.8,233.0,,1.92103,0.21588,0.084979,0.04,0.04,0.04,0.04,0.04,0.04,0.0,0.233476,0.096567,4.572532,5.334335,4.171674,
03/29/2014,235.0,234.0,234.0,,1.786325,0.097436,-0.049573,-0.01,-0.01,0.009423,-0.01,-0.01,0.005833,0.0,0.181624,0.079915,3.80766,5.367234,3.422553,
06/28/2014,230.0,234.3,234.3,,1.914639,0.077678,-0.070423,-0.11,-0.11,-0.043214,-0.11,-0.11,-0.044806,0.0,0.214255,0.078959,3.693043,5.163913,3.23,
09/27/2014,232.0,230.8,230.8,,0.932842,0.09662,-0.053726,-0.04,-0.11,-0.106716,-0.04,-0.11,-0.106716,0.0,0.176776,0.061958,3.658621,5.032328,3.200431,
12/27/2014,233.0,232.1,232.1,,0.975442,0.216286,-0.09134,-0.11,-0.16,-0.118462,-0.11,-0.16,-0.118462,0.0,0.236105,0.018957,3.599571,4.883262,3.15279,
03/28/2015,234.0,233.2,233.2,,0.910806,0.05446,-0.099485,-0.06,-0.16,-0.114494,-0.06,-0.16,-0.120978,0.0,-0.098199,-0.176672,3.371368,4.782479,3.144017,
06/27/2015,232.0,234.6,234.6,,0.936914,0.058397,-0.080989,-0.17,-0.14,-0.097485,-0.17,-0.14,-0.100656,0.0,0.203751,0.063939,3.44569,4.747414,3.255603,
10/03/2015,237.0,236.0,236.0,,0.973305,0.079661,-0.012288,-0.29,-0.07,-0.045869,-0.29,-0.07,-0.049343,0.0,-0.001271,-0.061441,3.763291,3.148945,1.745148,
01/02/2016,233.0,237.1,234.9,,0.98808,0.111537,0.039166,0.02,0.01,0.015602,0.02,0.01,0.015602,0.0,-0.004257,-0.026394,3.924893,3.351931,1.962661,
04/02/2016,232.0,234.6,232.0,,0.95,0.099138,0.031034,0.15,0.13,0.018793,0.14,0.12,0.015823,0.0,0.156466,0.125431,4.279741,3.609483,2.253017,
07/02/2016,232.0,228.3,228.3,,0.981603,-0.357862,-0.428384,-0.291291,-0.276705,0.064093,-0.291291,-0.276705,0.064093,0.0,0.12834,0.089356,4.17069,2.971121,2.057328,
10/01/2016,231.0,236.8,232.4,,0.907057,0.108864,0.04346,0.34,0.34,0.111596,0.33,0.33,0.110131,0.0,0.064114,0.0142,4.472294,3.267532,2.384848,
12/31/2016,231.0,234.2,230.5,,0.895879,0.092842,0.029067,0.21,0.21,0.008486,0.21,0.21,0.008275,0.0,0.094577,0.057701,4.345022,3.070996,2.230736,
04/01/2017,227.0,234.6,229.4,,0.854403,-0.006103,-0.06626,0.11,0.11,0.007624,0.11,0.11,0.006628,0.0,0.091107,0.046207,6.355947,3.397357,2.567841,
07/01/2017,229.9,232.5,227.3,,0.871535,0.114386,0.052794,0.06,0.05,0.033971,0.06,0.05,0.031168,0.0,0.161461,0.125385,6.248804,3.420618,2.625924,
09/30/2017,228.0,228.1,228.1,,0.836914,0.097764,0.029373,-0.03,-0.03,-0.030689,-0.03,-0.03,-0.030689,0.0,0.048224,0.011399,5.366667,3.360965,2.395175,
12/30/2017,227.0,227.4,227.4,,0.903254,0.168426,0.030343,0.0,0.0,0.020282,0.0,0.0,0.020282,0.0,0.153474,0.087951,5.310132,3.318943,2.376211,
03/31/2018,226.0,226.3,226.3,,0.966416,0.087936,0.001768,-0.05,-0.05,0.022029,-0.05,-0.05,0.019311,0.0,0.060097,-0.005745,3.232301,3.356637,0.659735,
06/30/2018,227.0,226.5,226.5,,1.150993,0.021192,-0.053422,-0.13,-0.13,-0.055811,-0.13,-0.13,-0.056893,0.0,0.028698,0.009713,3.439207,3.237445,0.720264,
09/29/2018,228.0,227.2,227.2,,1.181778,0.122799,-0.005282,-0.07,-0.07,0.008771,-0.07,-0.07,0.006113,0.0,0.121479,0.068222,2.861404,3.112281,0.666228,
12/29/2018,227.0,230.4,228.3,,1.344284,0.26982,0.144109,0.06,0.07,0.080123,0.06,0.07,0.080123,0.0,0.181778,0.128778,2.18326,3.128194,0.511454,
03/30/2019,229.0,228.3,228.3,,1.161629,0.153307,0.034604,-0.02,-0.02,-0.0064,-0.02,-0.02,-0.0064,0.0,0.180464,0.134472,2.313537,3.180349,0.602183,
06/29/2019,229.0,232.5,228.7,,1.266725,0.240927,0.121557,0.05,0.05,0.03822,0.05,0.05,0.033832,0.0,0.124617,0.07958,2.283843,3.169432,0.581223,
09/28/2019,230.0,236.4,229.4,,1.306888,0.221883,0.090235,0.03,0.03,0.049154,0.03,0.03,0.048934,0.0,0.136443,0.105493,2.290435,3.078696,0.606957,
12/28/2019,230.0,238.3,230.0,,1.363913,0.327826,0.195652,0.12,0.12,0.097825,0.12,0.12,0.096918,0.0,0.165217,0.138261,2.406087,3.323043,0.871739,
03/28/2020,228.0,230.0,230.0,,1.113913,0.173478,0.039565,-0.14,-0.14,-0.003947,-0.14,-0.14,-0.003947,0.0,0.17,0.125217,2.341228,2.96886,0.627193,
06/27/2020,228.0,230.3,228.1,,1.168786,0.320912,0.189829,0.12,0.12,0.035472,0.12,0.12,0.035472,0.0,0.119246,0.082858,2.370614,3.120175,0.797807,
09/30/2020,,,,,,,,0.08,0.08,0.151,0.08,0.08,0.151,,0.1,,,2.93,,
12/31/2020,,,,,,,,0.1,0.1,0.171,0.1,0.1,0.171,,0.22,,,2.95,,
