Date,Basic Shares Outstanding,Diluted Weighted Avg Shares,Basic Weighted Avg Shares,Per Share Data Items,Revenue,EBITDA,Operating Income,Net Income to Common - Basic,Net Income before XO - Basic,Normalized Net Income - Basic,Net Income to Common - Diluted,Net Income before XO - Diluted,Normalized Net Income - Diluted,Dividends,Cash Flow,Free Cash Flow,Funds From Operations - Basic,Funds From Operations - Diluted,Cash & Equivalents,Book Value,Tangible Book Value,Source: Bloomberg
03/31/1994,44.891689,45.4486,45.4486,,0.430926,0.360143,0.389231,0.221363,0.221363,0.221363,0.221363,0.221363,0.221363,0.230988,0.187751,,0.264674,0.264674,0.447678,2.697983,,
06/30/1994,44.931169,45.440288,45.440288,,0.432744,0.361287,0.392185,0.221363,0.221363,0.221363,0.221363,0.221363,0.221363,0.230988,0.23017,,0.269486,0.269486,0.389774,2.636143,,
09/30/1994,44.939481,45.442365,45.442365,,0.436487,0.369545,0.394324,0.230988,0.230988,0.230988,0.230988,0.230988,0.230988,0.230988,0.256743,,0.283923,0.283923,0.564693,2.637747,,
12/31/1994,44.997665,45.421585,45.421585,,0.947699,0.367887,0.406789,0.230988,0.230988,0.230988,0.230988,0.230988,0.230988,0.230988,0.358618,,0.27911,0.27911,0.52356,2.593201,,
03/31/1995,45.138973,45.438208,45.438208,,0.612942,0.414255,0.446563,0.259861,0.259861,0.259861,0.259861,0.259861,0.259861,0.269486,0.353007,,0.293547,0.293547,0.391591,2.536898,,
06/30/1995,50.369376,48.852414,48.852414,,0.610144,0.419795,0.458114,0.269486,0.269486,0.269486,0.269486,0.269486,0.269486,0.269486,0.237429,,0.312796,0.312796,0.358035,3.853452,,
09/30/1995,50.369376,50.749656,50.749656,,0.581364,0.403766,0.421855,0.269486,0.269486,0.269486,0.269486,0.269486,0.269486,0.269486,0.319529,,0.322421,0.322421,0.419302,3.849899,,
12/31/1995,51.142402,50.784979,50.784979,,0.630718,0.421207,0.449562,0.283923,0.283923,0.283923,0.283923,0.283923,0.283923,0.269486,0.374658,,0.336857,0.336857,0.373995,3.798687,,
03/31/1996,50.464964,50.836933,50.836933,,0.650767,0.45705,0.475422,0.312796,0.312796,0.312796,0.312796,0.312796,0.312796,0.293547,0.358047,0.328521,0.360919,0.360919,0.508709,3.885528,,
06/30/1996,50.568444,50.83901,50.83901,,0.642676,0.441865,0.462794,0.298359,0.298359,0.298359,0.298359,0.298359,0.298359,0.293547,0.30634,0.118865,0.346482,0.346482,0.331195,3.885664,,
09/30/1996,50.988043,51.023956,51.023956,,0.633859,0.437755,0.459725,0.293547,0.293547,0.293547,0.293547,0.293547,0.293547,0.293547,0.31595,0.307581,0.346482,0.346482,0.426943,3.941453,,
12/31/1996,55.167547,51.738798,51.738798,,0.681172,0.437602,0.457916,0.298359,0.298359,0.298359,0.298359,0.298359,0.298359,0.293547,0.402135,0.337136,0.303172,0.303172,1.625883,5.0076,,
03/31/1997,55.167547,55.171701,54.211651,,0.585003,0.283592,0.312811,0.182865,0.182865,0.182865,0.173241,0.173241,0.173241,0.307984,0.364368,0.357635,0.225695,0.221845,1.675387,4.880804,,
06/30/1997,55.178273,55.691209,54.219963,,1.104814,0.606548,0.654796,0.163616,0.163616,0.163616,0.163616,0.163616,0.163616,0.307984,0.576098,-6.80148,0.275742,0.276223,3.621462,4.761693,,
09/30/1997,55.193473,56.069413,54.936886,,1.236947,0.669314,0.724577,0.19249,0.19249,0.19249,0.182865,0.182865,0.182865,0.307984,0.237145,-3.02782,0.155436,0.152067,1.057498,4.669646,,
12/31/1997,74.980527,67.82379,65.621079,,1.117431,0.580637,0.654805,0.250237,0.250237,0.250237,0.240612,0.240612,0.240612,0.38498,0.712225,-4.751674,0.43214,0.417703,4.747286,13.78862,,
03/31/1998,75.002342,77.253888,74.980527,,1.304032,0.793299,0.84854,0.346482,0.346482,0.346482,0.336857,0.336857,0.336857,0.38498,0.447756,-6.549421,0.603456,0.644841,3.155328,13.77841,,
06/30/1998,86.579055,96.176437,85.36444,,1.567327,0.889176,0.96457,0.365731,0.365731,0.365731,0.356106,0.356106,0.356106,0.38498,0.569769,-1.815241,0.640992,0.761298,2.975131,17.07138,,
09/30/1998,87.507931,96.978552,87.022708,,1.676597,0.90874,1.003129,0.452351,0.452351,0.452351,0.442727,0.442727,0.442727,0.38498,0.203096,-2.107542,0.673715,0.673715,1.609603,17.165164,,
12/31/1998,88.396293,85.880832,85.448601,,1.831054,0.979372,1.094272,0.394604,0.394604,0.394604,0.38498,0.38498,0.38498,0.38498,1.047659,0.322638,0.690077,0.692964,1.89836,16.968132,,
03/31/1999,88.41707,90.079493,88.405639,,1.889269,1.044696,1.153603,0.481225,0.481225,0.481225,0.4716,0.4716,0.4716,0.423478,0.230076,-0.971522,0.721837,0.721837,0.906375,17.027571,,
06/30/1999,89.277377,91.249423,88.975024,,1.867805,1.067648,1.126867,0.481225,0.481225,0.481225,0.4716,0.4716,0.4716,0.423478,0.746895,0.460264,0.750711,0.750711,0.689021,17.289901,,
09/30/1999,89.300231,90.902392,89.2888,,2.094809,1.172342,1.258825,0.500474,0.500474,0.500474,0.490849,0.490849,0.490849,0.423478,0.45961,-1.384003,0.76996,0.76996,1.576166,17.347895,,
12/31/1999,89.704408,95.087545,92.10973,,2.117735,1.096735,1.287074,0.433102,0.433102,0.433102,0.433102,0.433102,0.433102,0.461976,0.532647,-0.547021,0.779584,0.779584,1.255568,17.577542,,
03/31/2000,89.917407,91.178769,89.749085,,2.24,1.27618,1.389797,0.529347,0.538972,0.538972,0.519723,0.529347,0.529347,0.461976,0.504172,0.200347,0.808458,0.808458,1.164469,18.256976,,
06/30/2000,89.941308,92.208438,89.769869,,2.268957,1.320577,1.44055,0.529347,0.529347,0.529347,0.510098,0.510098,0.510098,0.461976,0.6606,0.068275,0.827707,0.827707,1.102241,17.725148,,
09/30/2000,90.180277,93.21316,89.962085,,2.481334,1.414174,1.562058,0.654466,0.654466,0.654466,0.625592,0.625592,0.625592,0.461976,0.451268,-0.143405,0.837331,0.837331,1.821729,17.749314,,
12/31/2000,90.190669,92.627161,92.627161,,2.499375,1.434579,1.581836,0.461976,0.461976,0.461976,0.452351,0.452351,0.452351,0.510098,1.131126,-1.435108,0.875829,0.875829,1.518882,17.709814,,
03/31/2001,90.243661,92.868207,90.214569,,2.689255,1.440333,1.576541,0.519723,0.558221,0.615968,0.500474,0.538972,0.596719,0.510098,0.935292,0.184438,0.808458,0.808458,1.240896,17.787454,,
06/30/2001,90.417692,93.09783,90.291454,,2.901149,1.580471,1.828722,0.625592,0.625592,0.741086,0.615968,0.615968,0.731462,0.510098,1.201542,0.576411,0.827707,0.827707,1.326289,18.027003,,
09/30/2001,92.364292,95.650691,92.246876,,2.871089,1.599881,1.762954,0.731462,0.731462,0.731462,0.712213,0.712213,0.712213,0.567845,0.741153,0.532679,1.006723,1.006723,2.034098,18.375088,,
12/31/2001,102.898866,100.960059,100.960059,,2.475831,1.469799,1.489966,0.567845,0.567845,0.567845,0.548596,0.548596,0.548596,0.933576,1.252475,0.449504,0.972074,0.972074,2.58102,20.421944,,
03/31/2002,110.050402,111.400087,107.073626,,3.353618,1.944186,2.163353,0.423478,0.702588,0.76996,0.404229,0.673715,0.731462,0.635217,0.885951,0.51897,1.058695,1.058695,1.555651,21.032008,,
06/30/2002,111.126825,115.033517,110.034818,,3.232041,1.915376,2.127036,0.587094,0.548596,0.606343,0.558221,0.519723,0.57747,0.635217,1.385343,0.650667,1.068319,1.068319,6.156776,20.988506,,
09/30/2002,112.172071,114.654278,110.997987,,3.251915,1.74214,1.978639,0.529347,0.500474,0.558221,0.519723,0.490849,0.548596,0.635217,0.902746,0.714409,0.972074,0.972074,2.802507,21.368466,,
12/31/2002,112.868209,117.196747,115.029363,,3.143936,1.753152,1.953684,0.356106,0.336857,0.452351,0.346482,0.327233,0.442727,0.654466,1.324218,0.956808,0.798833,0.798833,1.844629,20.925891,,
03/31/2003,115.849387,117.593654,113.359663,,3.306053,1.791704,2.014817,0.760335,0.741086,0.741086,0.741086,0.721837,0.721837,0.654466,1.060827,0.781901,1.106817,1.106817,1.526905,21.242728,,
06/30/2003,116.656101,121.441123,115.827324,,3.235532,1.793299,2.029918,0.712213,0.635217,0.635217,0.683339,0.635217,0.635217,0.654466,1.245242,0.609744,1.097193,1.097193,1.484697,21.399918,,
09/30/2003,118.470585,122.211038,117.437801,,3.261028,1.728719,1.993608,0.606343,0.558221,0.558221,0.57747,0.529347,0.529347,0.654466,1.37196,0.455995,1.000948,1.000948,1.045475,21.59904,,
12/31/2003,122.861461,123.562792,120.279507,,3.280068,1.780204,2.051546,1.665038,0.346482,0.346482,1.597667,0.317608,0.317608,0.837331,0.85919,-1.207612,1.039446,1.039446,2.608971,23.006247,,
03/31/2004,130.160544,131.966351,126.331767,,3.184433,1.732969,1.962523,0.587094,0.57747,0.57747,0.567845,0.558221,0.558221,0.837331,1.213638,0.356894,0.972074,0.972074,2.235839,23.725707,,
06/30/2004,131.155921,135.844996,130.363151,,3.134344,1.822118,2.034118,1.212687,0.702588,0.702588,1.164564,0.673715,0.673715,0.683339,1.083865,0.53397,1.174189,1.174189,1.718832,24.264426,,
09/30/2004,131.867643,137.645606,131.328394,,3.297901,1.780917,,0.798833,0.721837,0.009624,0.760335,0.683339,0.009624,0.683339,1.460286,0.061578,1.135691,1.135691,1.608234,24.637204,,
12/31/2004,132.452508,147.860164,132.485857,,5.072579,2.88267,3.385041,1.770908,1.770908,1.770908,1.665038,1.665038,1.665038,0.731462,1.490287,1.180941,2.136639,2.136639,4.524505,25.935991,25.857283,
03/31/2005,134.761904,140.598487,133.319147,,4.471856,1.956981,,1.405177,1.395552,1.395552,1.337805,1.328181,1.328181,0.731462,1.005279,0.688123,1.770908,1.770908,7.230011,26.753696,26.252189,
06/30/2005,135.912077,148.384866,135.25691,,4.372974,1.941557,,1.280058,1.039446,1.039446,1.203062,0.981699,0.981699,0.731462,1.263033,-0.692933,1.453299,1.453299,6.195903,27.628435,26.953418,
09/30/2005,146.02757,149.421803,141.775691,,4.357595,1.533366,,0.19249,0.182865,0.182865,0.182865,0.173241,0.173241,0.731462,1.286518,-2.284179,0.625592,0.625592,2.701278,31.007104,30.913806,
12/31/2005,146.660548,154.015289,146.184232,,4.961828,2.113367,2.441406,0.721837,0.721837,0.721837,0.683339,0.683339,0.683339,1.559169,1.884088,0.894016,1.212687,1.212687,2.008066,30.198871,30.123036,
03/31/2006,147.103113,154.775848,146.656984,,4.567202,1.984911,2.303995,0.923952,0.808458,0.808458,0.875829,0.76996,0.76996,0.76996,1.298738,-0.391853,1.405177,1.318556,3.942337,30.480483,29.147799,
06/30/2006,147.251666,160.936169,146.93544,,4.512404,2.610806,,1.010572,0.895078,0.895078,0.952825,0.846956,0.846956,0.76996,2.44489,-0.604279,2.945097,2.752607,3.357449,30.384851,29.329963,
09/30/2006,,155.952013,147.211818,,4.591554,,2.237361,0.76996,0.76996,0.76996,0.731462,0.731462,0.731462,0.76996,,,,,,,,
12/31/2006,156.988299,164.478171,149.949623,,4.818612,1.880652,2.375745,0.702588,0.702588,0.702588,0.66409,0.673715,0.673715,0.818082,1.378143,-5.009549,1.385928,1.289683,14.226009,33.901316,33.877601,
03/31/2007,157.789574,170.399519,157.335981,,3.408273,1.806078,1.999765,0.972074,0.981699,0.981699,0.923952,0.933576,0.933576,0.818082,0.516493,-6.421875,1.684287,1.588042,18.281778,34.136222,31.705859,
06/30/2007,157.938516,170.648882,157.716261,,3.697907,1.974666,2.257269,0.96245,0.96245,0.96245,0.923952,0.923952,0.923952,0.818082,1.383339,-10.352566,1.751659,1.655414,4.707566,34.099168,28.54224,
09/30/2007,158.20479,164.697404,157.919908,,4.034184,2.089838,2.394112,0.741086,0.587094,0.587094,0.712213,0.558221,0.558221,0.818082,1.188292,-0.800988,1.366679,1.299307,5.27338,34.013407,33.967385,
12/31/2007,159.048908,164.478171,158.525654,,4.145487,2.259369,2.545613,0.57747,0.365731,0.375355,0.548596,0.346482,0.356106,0.866205,1.32617,-0.060735,1.183813,1.135691,7.259371,28.877935,25.335886,
03/31/2008,159.589272,172.746654,162.182987,,4.003392,2.092969,2.378474,2.406125,1.710919,1.710919,2.290631,1.641813,1.641813,0.866205,1.366204,0.364866,3.214583,3.050966,9.656501,34.827341,29.892367,
06/30/2008,159.893342,169.67013,164.708833,,4.094286,2.094101,2.533446,0.712213,0.355287,0.355287,0.692964,0.349126,0.349126,0.866205,1.040296,-0.301751,1.135691,1.106817,10.707338,34.552727,29.901814,
09/30/2008,160.376161,170.839022,165.994094,,4.072844,1.989595,2.37932,0.134743,0.134743,0.134743,0.134743,0.134743,0.134743,0.866205,1.129878,-0.228605,0.933576,0.914327,9.533911,34.037478,34.010385,
12/31/2008,161.344401,160.621347,160.621347,,4.327899,4.460111,2.609236,-1.414801,-1.414801,-1.117613,-1.414801,-1.414801,-1.117613,0.914327,5.395385,0.108323,4.927744,4.783376,9.463316,30.852834,26.391433,
03/31/2009,161.582077,160.382239,159.247028,,4.26109,1.92872,2.509736,0.793438,0.773847,0.736868,0.783643,0.764052,0.727233,0.930576,1.066343,-0.010255,1.616263,1.616263,10.059593,32.952987,28.627389,
06/30/2009,180.154113,173.059449,173.059449,,3.893402,1.963655,2.334914,-0.297349,-0.317172,-0.421537,-0.297349,-0.317172,-0.421537,0.941604,1.211301,0.168717,0.535228,0.535228,11.481825,32.712714,28.973976,
09/30/2009,180.228077,181.686792,179.389818,,3.741678,1.896668,2.259142,0.707226,0.478125,0.419132,0.697265,0.478125,0.419132,0.647461,0.613457,-0.383043,1.245117,1.245117,14.204285,31.837681,28.218372,
12/31/2009,181.214161,179.832,179.832,,3.928956,1.681236,2.018089,-0.84,-0.792345,-0.082432,-0.84,-0.792345,-0.082432,0.65,0.801259,-0.039737,0.0,0.0,2.954951,29.904302,27.478724,
03/31/2010,181.913554,183.445,181.542,,3.774961,1.941925,2.261851,1.1,1.15,1.137753,1.09,1.14,1.121984,0.65,1.586674,1.212959,1.87,1.87,4.336895,29.651661,26.268669,
06/30/2010,182.290243,183.644,182.027,,3.757624,1.982689,2.308526,0.32,0.34,0.319793,0.31,0.33,0.311976,0.65,1.342202,0.959956,1.11,1.11,3.577377,29.667485,26.394177,
09/30/2010,182.670995,184.168,182.462,,3.765853,1.907098,2.25322,0.52,0.54,0.523024,0.52,0.54,0.521392,0.65,0.150053,-0.117301,1.31,1.31,4.632668,28.781608,26.672149,
12/31/2010,183.661875,190.849,183.308,,3.834181,1.235336,1.616471,1.33,1.303146,1.092293,1.31,1.286227,1.083706,0.65,0.962124,-0.616214,2.27,2.27,3.7612,30.123955,28.239203,
03/31/2011,184.239623,191.529,183.988,,3.950709,1.712949,2.086946,2.17,1.421772,1.484782,2.12,1.401435,1.461964,0.69,1.065841,0.841506,2.64,2.64,3.356287,31.831893,30.022999,
06/30/2011,184.427825,186.144,184.268,,3.777313,1.908546,2.208593,0.5,0.44,0.452824,0.49,0.44,0.450191,0.69,0.045542,-0.378612,1.27,1.27,3.207298,31.246885,29.526662,
09/30/2011,184.496038,186.065,184.398,,3.730301,1.849196,2.111281,0.22,0.18,0.182654,0.22,0.18,0.182654,0.69,1.964105,1.543959,1.05,1.05,3.171792,31.057198,29.242102,
12/31/2011,185.08002,185.963,184.571,,3.738177,1.91873,2.199928,0.376592,0.421496,0.452297,0.373773,0.418341,0.448912,1.38,0.735912,-0.343879,1.46,1.46,3.277247,31.373759,29.818518,
03/31/2012,185.642051,191.886,185.37,,3.610298,1.69234,1.990878,1.26,0.875886,0.879581,1.25,0.875886,0.879456,0.69,1.656703,1.194276,1.82,1.82,3.309374,31.351259,29.711625,
06/30/2012,185.814787,186.342,185.673,,3.651489,1.779844,2.035859,0.11,0.014224,0.001853,0.11,0.014106,0.00178,0.69,-0.232877,-0.532958,0.89,0.89,2.536736,29.514255,28.080645,
09/30/2012,186.143105,186.655,185.924,,3.781395,1.718423,1.99027,1.25,0.397738,0.397738,1.24,0.39114,0.39114,0.69,1.327327,0.772665,1.34,1.34,2.502827,30.429706,29.07224,
12/31/2012,186.734711,186.866,186.267,,3.686606,1.12838,1.432943,0.34,0.121739,0.669775,0.33,0.116173,0.662452,1.69,1.687916,-2.169869,0.3,0.3,5.142691,30.046139,27.821967,
03/31/2013,186.935027,187.529,186.752,,3.848489,2.047619,2.361372,1.24,0.135088,0.334952,1.24,0.135088,0.334124,0.73,2.221808,1.724924,1.08,1.08,3.133832,31.118101,29.011642,
06/30/2013,186.991076,187.72,186.931,,3.590715,1.724037,2.105306,0.78,0.409959,0.422503,0.78,0.409959,0.422451,0.73,0.427992,-0.426912,1.25,1.25,4.180173,31.333244,29.787127,
09/30/2013,187.04811,187.724,186.969,,3.578074,1.886019,2.145575,0.44,0.33,0.248207,0.44,0.33,0.248207,0.73,1.575983,1.218534,1.12,1.12,4.663629,30.723454,29.251907,
12/31/2013,187.284688,187.109,187.109,,3.47072,1.625635,1.881951,-0.368165,-1.048843,-0.978831,-0.368165,-1.048843,-0.978831,0.73,1.342517,-1.884174,-0.04,-0.04,3.114456,29.30302,27.661477,
03/31/2014,187.411596,188.24,187.307,,3.002456,1.532062,1.732637,0.33,0.29,0.236232,0.33,0.29,0.236232,0.73,1.650397,0.882909,1.31,1.31,6.172121,28.243194,26.643725,
06/30/2014,187.664768,188.617,187.527,,3.063084,1.6049,1.828782,0.41,0.27,0.260197,0.41,0.27,0.260197,0.73,0.738624,-0.199774,1.15,1.15,7.306784,27.587054,26.044542,
09/30/2014,187.735229,188.812,187.671,,3.083641,1.640488,1.797534,0.7,0.261047,0.246847,0.69,0.254816,0.240701,0.73,2.029754,0.854826,1.15,1.15,8.96551,27.90888,26.416315,
12/31/2014,187.887498,188.97,187.776,,3.179373,1.696548,1.787449,2.73,0.245069,0.243135,2.72,0.245069,0.243135,0.73,1.633547,-0.999995,1.22,1.22,6.378695,29.104651,27.906301,
03/31/2015,188.272702,189.336,187.999,,3.227687,1.521668,1.863457,0.45,0.37,0.36455,0.45,0.37,0.36455,0.63,1.034665,0.011277,1.16,1.16,5.670328,26.604409,25.385013,
06/30/2015,188.496525,189.6,188.365,,3.271776,1.708614,1.961814,0.88,0.88,0.88,0.87,0.87,0.87,0.63,-0.052558,-2.850864,1.71,1.71,2.739239,27.908918,26.604671,
09/30/2015,188.540876,189.581,188.504,,3.329351,1.693365,1.960261,1.05,0.88,0.325563,1.05,0.88,0.325563,0.63,1.373493,0.224993,1.25,1.25,4.180192,28.668383,27.385828,
12/31/2015,188.576853,189.688,188.537,,3.455985,1.69877,2.063918,1.22,1.213332,0.434047,1.22,1.209541,0.434047,0.63,1.212314,-0.907801,1.37,1.37,9.73453,28.744997,27.536465,
03/31/2016,188.771002,188.658,188.658,,3.249462,0.704243,1.014434,-0.61,-0.61,0.239094,-0.61,-0.61,0.238021,0.63,1.439282,0.3502,1.07,1.07,8.865588,27.800721,26.643827,
06/30/2016,188.82552,189.885,188.772,,3.293433,1.713194,1.979589,1.17,1.16,0.309776,1.16,1.15,0.309776,0.63,0.250424,-1.514218,1.21,1.21,8.706805,28.15908,27.04689,
09/30/2016,188.994234,190.048,188.901,,2.661463,1.498642,1.524195,0.35,0.23,0.23,0.35,0.23,0.23,0.63,1.34255,0.066045,1.19,1.19,7.157345,27.925296,26.859391,
12/31/2016,189.100876,190.26,188.896,,2.720936,1.535242,1.52458,3.447299,0.752081,0.750979,3.422585,0.746689,0.745596,0.63,2.237559,0.620262,4.19,4.19,7.937705,30.991205,29.988206,
03/31/2017,189.343482,190.372,189.21,,2.685154,1.407114,1.501919,0.25,0.18,0.16877,0.25,0.18,0.16877,0.71,1.592331,0.710977,1.08,1.08,7.841907,30.65148,29.679654,
06/30/2017,189.465023,190.444,189.395,,2.698524,1.504211,1.554096,0.61,0.52,0.52,0.61,0.52,0.52,0.71,0.078841,-0.849188,1.35,1.35,7.765565,31.026429,30.094827,
09/30/2017,189.877859,190.847,189.593,,2.788895,1.417885,1.590212,-0.15,0.09,0.09,-0.15,0.09,0.09,0.6,1.821839,1.021224,0.52,0.52,6.75292,18.607056,17.731767,
12/31/2017,189.983858,191.02,189.898,,2.823758,1.425365,1.626205,0.14,0.14,0.14,0.14,0.14,0.14,0.6,1.045388,0.184657,0.8,0.8,9.567418,18.136615,17.298333,
03/31/2018,190.169168,190.081,190.081,,2.82215,1.254833,1.505058,-0.09,-0.09,-0.09,-0.09,-0.09,-0.09,0.63,1.396342,0.422088,0.54,0.54,6.980017,18.240428,17.436754,
06/30/2018,190.237957,191.168,190.2,,2.848675,1.389879,1.591709,0.59,0.59,0.458948,0.58,0.58,0.456763,0.63,-0.127014,-1.01898,1.02,1.02,5.733824,17.822679,17.053274,
09/30/2018,190.285799,191.327,190.245,,2.84921,1.40133,1.587963,1.0,1.0,0.259218,1.0,1.0,0.259218,0.63,1.297159,-1.767726,0.95,0.95,4.059809,18.323086,17.587382,
12/31/2018,190.535499,191.199,190.348,,2.854861,1.295532,1.47348,0.53,0.53,0.099996,0.53,0.53,0.099996,0.63,1.652778,0.130923,1.1,1.1,2.996376,18.757329,18.039452,
03/31/2019,190.761498,190.996,190.689,,2.803874,1.230789,1.479849,0.95,0.95,-0.202786,0.95,0.95,-0.203396,0.66,0.336244,-0.70766,1.3,1.3,1.609586,18.623931,18.444854,
06/30/2019,190.81347,191.058,190.781,,2.427406,0.572992,0.730922,12.58,12.580577,-1.481683,12.56,12.559686,-1.482186,0.66,1.198935,0.078325,0.86,0.86,4.835109,31.28342,31.113212,
09/30/2019,190.850321,191.024,190.814,,2.441964,1.107398,1.24232,1.69,1.69,0.069476,1.69,1.69,0.068963,0.66,0.550898,-0.645388,1.46,1.46,5.933922,32.401392,32.24015,
12/31/2019,190.985677,191.14,190.916,,2.414507,1.032208,1.204105,1.01,1.011764,-0.055904,1.01,1.009712,-0.056705,2.61,1.385782,-0.244783,1.63,1.63,7.932595,30.582482,30.420349,
03/31/2020,191.115726,191.113,191.038,,2.32693,0.904422,1.181435,0.03,0.03,-0.333054,0.03,0.03,-0.333054,0.66,0.269308,-0.877564,0.68,0.68,8.302498,31.111077,30.958693,
06/30/2020,191.151142,191.104,191.104,,1.79497,1.022762,1.211204,-1.03,-1.03,-1.326215,-1.03,-1.03,-1.326215,0.66,1.131672,0.161258,1.06,1.06,9.251627,29.32367,29.178968,
