Date,Revenue,Consensus Estimate,Comparable Actual,Revenue Surprise %,GAAP Actual,Adjusted Actual,Earnings Per Share,EPS Surprise %,EBIT,EBIT Surprise %,EBITDA,Gross Margin %,Gross Margin Surprise %,Pretax Income (Loss),Pretax Income (Loss) Surprise %,Net Income,Net Income Surprise %,Source: Bloomberg
03/31/1996,,,7.946,,7.946,7.946,,,,,,,,,,,,
06/30/1996,,,11.657,,-32.347,-32.347,,,,,,,,,,,,
09/30/1996,,,9.825,,6.165,6.165,,,,,,,,,,,,
12/31/1996,,,0.0,,14.91,14.91,,,,,,,,,,,,
03/31/1997,,,12.099,,12.099,12.099,,,,,,,,,,,,
06/30/1997,,,14.525,,14.525,14.525,,,,,,,,,,,,
09/30/1997,,,12.18,,-41.315999,-41.315999,,,,,,,,,,,,
12/31/1997,,,16.468,,5.462,5.462,,,,,,,,,,,,
03/31/1998,,,16.504999,,0.005,0.005,,,,,,,,,,,,
06/30/1998,,,19.872999,,19.873001,19.873001,,,,,,,,,,,,
09/30/1998,,,21.715002,,21.715002,21.715002,,,,,,,,,,,,
12/31/1998,,,31.843,,31.842999,31.842999,,,,,,,,,,,,
03/31/1999,,,22.73,,22.730001,22.730001,,,,,,,,,,,,
06/30/1999,,,28.660999,,28.661,28.661,,,,,,,,,,,,
09/30/1999,,,28.723,,28.722999,28.722999,,,,,,,,,,,,
12/31/1999,,,41.762001,,41.173999,41.173999,,,,,,,,,,,,
03/31/2000,,,30.048,,19.277,19.277,,,,,,,,,,,,
06/30/2000,,,38.404999,,38.404999,38.404999,,,,,,,,,,,,
09/30/2000,,,37.091,,37.091,37.091,,1.50375939849624,,,,,,,,,,
12/31/2000,,,50.569,,50.569,50.569,,3.35195530726257,,,,,,,,,,
03/31/2001,,,38.400002,,38.400002,38.400002,,6.4638783269962,,,,,,,,,,
06/30/2001,,,39.313,,39.313,39.313,,0.694444444444445,,,,,,,,,,
09/30/2001,,,38.245998,,38.245998,38.245998,,-1.75438596491226,,,,,,,,,,
12/31/2001,,,58.453999,,-1.416,-1.416,,2.38095238095238,,,,,,,,,,
03/31/2002,,,37.094002,,30.544001,30.544001,,-6.24999999999999,,,,,,,,,,
06/30/2002,,,37.901001,,37.901001,37.901001,,-4.10958904109588,,,,,,,,,,
09/30/2002,,,39.022999,,39.022999,39.022999,,-3.65448504983389,,,,,,,,,,
12/31/2002,,,54.823002,,40.243999,40.243999,,2.75689223057643,,,,,,,,,,
03/31/2003,,,39.589001,,33.977001,33.977001,,3.09278350515464,,,,,,,,,,
06/30/2003,,,42.098,,42.098,42.098,,2.1671826625387,,,,,,,,,,
09/30/2003,,,41.470001,,36.414001,36.414001,,-0.900900900900902,,,,,,,,,,
12/31/2003,,,59.338001,,58.402,58.402,,1.69491525423729,,,,,,,,,,
04/03/2004,,,46.013,,40.845001,40.845001,,6.62824207492796,,,,,,,,,,
07/03/2004,,,48.963001,,59.750999,59.750999,,-1.47783251231527,,,,,,,,,,
10/02/2004,,,51.814999,,51.939999,51.939999,,-0.709219858156029,,,,,,,,,,
12/31/2004,,,75.475998,,71.517,71.517,,3.33333333333334,,,,,,,,,,
04/02/2005,,,46.595001,,46.595001,46.595001,,7.6487252124646,,,,,,,,,,
07/02/2005,,,54.064999,,54.065,54.065,,3.83747178329571,,,,,,,,,,
10/01/2005,,49.9,49.716999,,25.717,25.717,,-2.93453724604966,,,,,,,,,-0.366735470941878,
12/31/2005,,62.233,83.290001,,75.598,75.598,,0.0,,,,,,,,,33.8357479150933,
04/01/2006,,41.0,47.715,4.58305837837838,44.155,44.155,,12.5,,,,,,,,,16.3780487804878,
07/01/2006,,53.525,50.257,-0.886740971766266,47.78,47.78,,-0.826446280991736,,,,,,,,,-6.10555815039701,
09/30/2006,,48.4,50.705002,1.35928054842282,50.376,50.376,,5.60344827586206,,,,,,,,,4.76240082644629,
12/31/2006,,81.05,85.446999,6.98515291690977,79.889,79.889,,7.00636942675158,,,,,,,,,5.42504503392968,
03/31/2007,,54.067,55.937,2.85354726368159,55.937,55.937,,2.07939508506616,,,,,,,,,3.45867164814027,
06/30/2007,,59.7,61.556999,3.06509412730934,59.909,59.909,,3.09278350515464,,,,,,,,,3.11055108877721,
09/29/2007,,61.767,62.59,2.26341446439289,53.283,53.283,,2.81923714759536,,,,,,,,,1.33242670034161,
12/31/2007,,106.18,100.237,-0.113602057142855,98.943,98.943,,-7.63430725730443,,,,,,,,,-5.59709926539839,
03/29/2008,,64.5,70.078003,-0.711317262103513,68.475,68.475,,7.64430577223088,,,,,,,,,8.64806666666666,
06/28/2008,,70.6,77.210999,1.24303294192321,83.148,83.148,,7.1932299012694,,,,,,,,,9.36402124645893,
09/27/2008,,74.771,78.986,-0.81899922978177,71.503,71.503,,5.61497326203209,,,,,,,,,5.6372122881866,
12/31/2008,,93.833,105.588997,1.04613381642511,99.353,99.353,,14.9301825993555,,,,,,,,,12.5286381123912,
04/04/2009,,54.167,72.332,-0.792936845052628,73.347,70.513,,29.81230228471,,30.4950923787529,,,,,34.5103721781574,,33.5351782450569,
07/04/2009,,78.0,75.638,-0.59260273972603,69.907,73.63,,-1.39064475347661,,0.166105971404543,,,-0.0911728139245747,,0.869941571088511,,-3.02820512820512,
10/03/2009,,74.025,77.896,3.3680876117398,75.936,75.936,,5.05836575875487,,7.02034603263083,,,-0.85627938213567,,9.01629289290851,,5.22931442080378,
12/31/2009,,105.0,108.058,-1.89350872176151,104.123,106.156,,2.00364298724955,,-0.297345884566077,,,1.56565656565657,,0.786289227139013,,2.91238095238096,
04/03/2010,,72.863,77.077,2.33787920957417,75.518,75.166,,4.65032175032175,,6.69313857051718,,,1.73609803822343,,7.2286565001302,,5.78345662407532,
07/03/2010,,83.675,87.492,0.579989711934155,84.922,85.618,,3.56347438752784,,4.24843404045947,,,-1.07079022022531,,5.11100196463655,,4.56169704212729,
10/02/2010,,89.678,91.428,1.11518727229177,94.719,97.282,,1.13519091847265,,-0.914922048997774,,,-2.09951676479805,,0.166125290023204,,1.9514262137871,
12/31/2010,,121.333,128.963,3.86772371990522,126.604,126.978,,5.1028179741051,,2.78225806451612,,,0.123385703709802,,2.80188257927102,,6.28847881450223,
04/02/2011,,87.858,97.009,5.69294388376823,94.489,95.171,,9.92716701902749,,11.4777777777778,,,-0.394093057070152,,12.8211555332748,,10.4156707414237,
07/02/2011,,105.75,100.883,-0.73314660936325,100.075,99.08525,,-5.34618755477651,,-3.65665778243388,,,0.300935877509169,,-3.75403241865467,,-4.60236406619386,
10/01/2011,,103.646,103.113,0.574415074634132,101.257,103.113,,1.15350488021295,,3.9150396439876,,,-0.396235760277368,,3.17010602198373,,-0.514250429346044,
12/31/2011,,136.143,141.425,0.974265524633551,137.147,139.522,,4.20841683366733,,2.27933841844018,,,-0.263973373120627,,1.77163047969068,,3.87974409260851,
03/31/2012,,98.058,90.567,-4.82315258112344,88.666,88.789,,-8.12261904761906,,-7.4300899427637,,,-0.126996632884941,,-7.5743766122098,,-7.63935629933306,
06/30/2012,,103.417,104.304,-1.38379204892967,97.724,106.94795,,1.21107266435986,,1.47506876641238,,,0.290697674418608,,1.53387755102041,,0.857692642408889,
09/29/2012,,104.571,104.529,-0.177038269550749,99.109,100.226,,-0.169204737732657,,0.0938461538461647,,,-1.72071475843812,,0.0136895846418933,,-0.0401640990331943,
12/31/2012,,138.5,139.407,-0.176395861393417,175.944,137.445,,0.252206809583859,,-1.97607934655776,,,-0.792733278282406,,-2.19818119112015,,0.654873646209394,
03/30/2013,,94.291,93.417,-0.507475730175499,121.059,91.684,,-1.65441176470588,,-2.51083971048041,,,-0.397204484891149,,-2.48813868613138,,-0.926917733399789,
06/29/2013,,104.75,93.545,-3.30480373306926,89.314,91.849,,-11.0378912685338,,-9.31206764027671,,,-2.27885457382026,,-11.3481235544882,,-10.6968973747017,
09/28/2013,,105.615,98.048,-1.42713034931391,98.048,100.999,,-2.85714285714287,,-4.86620795107034,,,-0.779522598050102,,-5.13916908461063,,-7.16470198361974,
12/31/2013,,138.385,146.204,5.70445270716146,141.582,144.317,,5.39367637941723,,8.4034065120279,,,0.183529491000323,,8.78634245995167,,5.65017884886369,
03/29/2014,,94.838,78.621,-3.83298299852345,70.302,76.717,,-17.5627240143369,,-16.2747353309098,,,-4.83947759179266,,-15.9686098654709,,-17.0996857799616,
06/28/2014,,102.369,103.87,1.19042368413868,96.529,101.983,,0.743187448389752,,-0.711718750000001,,,-0.419916016796636,,-0.0587315636658405,,1.4662642010765,
09/27/2014,,108.0,116.792,1.33520456492839,113.497,114.871,,7.39299610894941,,6.19732461533846,,,0.639658848614073,,6.53337668826484,,8.14074074074074,
12/31/2014,,157.538,167.181,0.310447494515201,151.292,165.283,,5.79479000531632,,1.27503694620004,,,0.193481669279781,,-8.22098660604233,,6.12106285467633,
04/04/2015,,85.219,101.146,3.76330272748171,96.061,99.376,,19.0944881889764,,17.3567045120413,,,3.17006971937077,,20.0707547169811,,18.6894941268966,
07/04/2015,,105.857,109.613,2.70004338502864,105.657,107.83,,3.85523210070812,,3.78472409307481,,,-1.22697965250371,,4.88929587598522,,3.54818292602284,
10/03/2015,,115.933,117.244,1.48565636087176,116.281,119.073,,1.57367668097282,,-0.486391683767301,,,-0.594603475727497,,-0.0992537313432909,,1.13082556304072,
12/31/2015,,160.588,161.219,0.811323121763773,151.054,159.372,,0.512820512820513,,1.13581301808444,,,-0.940908560667921,,1.41626711682316,,0.392930978653449,
04/02/2016,,101.2,103.577,0.951854959480844,94.052,97.255,,2.10696920583469,,1.00120240480962,,,-1.55442348724077,,2.37664487719957,,2.34881422924901,
07/02/2016,,118.143,129.001,2.50120829011188,128.217,127.311,,9.19143054595715,,8.12972628281107,,,1.59901206896552,,9.81349162727638,,9.1905572060977,
10/01/2016,,127.308,127.481,-1.31627008730801,124.856,124.762,,-0.190718372536547,,0.36934023285899,,,-0.838049110922941,,1.01085481682495,,0.13589091023344,
12/31/2016,,172.0,179.009,2.02397158586628,174.378,177.312,,3.90220968500236,,3.74459565330934,,,0.384521419009373,,4.46973222640905,,4.07499999999999,
04/01/2017,,106.308,117.615,1.87873629768447,105.557,116.359,,9.28143712574849,,3.8933242999792,,,-0.382488327857513,,4.76845075889283,,10.6360763065809,
07/01/2017,,137.6,142.227,0.995024875621891,131.822,140.983,,2.98420128730251,,2.13360054256508,,,0.0946030504497412,,2.7591957278612,,3.36264534883722,
09/30/2017,,139.6,142.195,2.0574468315463,136.104,138.54,,1.60734787600459,,0.576611714005404,,,-0.800990419141297,,1.23710824384415,,1.85888252148997,
12/31/2017,,195.273,201.638,2.41281629843104,-353.172,200.186,,2.32368528332654,,2.21615176151761,,,1.36296525328832,,2.80177777777778,,3.25953920920968,
03/31/2018,,122.7,126.486,-0.778373810142607,111.951,124.258,,2.51450676982593,,-1.29381767518617,,,1.21087741845843,,-0.61678321678322,,3.08557457212714,
06/30/2018,,150.222,152.969,-0.422713987473895,155.677,151.671,,1.50963040083289,,1.8297391362736,,,0.79059330110967,,2.74906418489646,,1.8286269654245,
09/29/2018,,148.1,147.8,-1.62734456238523,141.014,146.115,,0.893326326852333,,-0.344886363636363,,,-0.639367850384437,,0.741534008683072,,-0.202565833896005,
12/31/2018,,202.545,216.53,1.77003998104139,185.152,214.867,,8.71212121212121,,3.99873684210527,,,0.610807177901745,,5.39742074705852,,6.90463847540054,
03/30/2019,,124.7,115.646,-5.81414743494574,108.986,113.859,,-7.19257540603248,,-11.3003322259136,,,-2.41568744969775,,-11.285579461367,,-7.26062550120289,
06/29/2019,,146.818,148.902,-0.483165606714157,144.41,147.129,,1.2778040700426,,1.46833333333333,,,-0.467667377398717,,2.21168305378831,,1.41944448228417,
09/28/2019,,142.778,142.063,-2.22256097560975,138.133,139.979,,0.04697040864255,,-0.12213860761988,,,-0.171705260271167,,0.194514455151966,,-0.500777430696608,
12/31/2019,,196.0,205.944,0.0410614525139641,200.669,203.927,,6.38297872340426,,-0.596201486374892,,,-2.28343035447668,,0.301781950565248,,5.0734693877551,
03/28/2020,,91.07,72.16,-5.67275309393385,53.562,70.057,,-20.1943095072866,,-20.2184892877873,,,-3.24564029082419,,-23.3771859608811,,-20.7642472823103,
06/27/2020,,94.658,130.457,4.96245458215585,122.929,128.354,,37.8857518056468,,37.4093064562074,,,7.24671234370457,,41.6819130450772,,37.8193074013818,
09/30/2020,,118.0,,,,,,,,,,,,,,,,
12/31/2020,,176.727,,,,,,,,,,,,,,,,
