Date,Basic Shares Outstanding,Diluted Weighted Avg Shares,Basic Weighted Avg Shares,Per Share Data Items,Revenue,EBITDA,Operating Income,Net Income to Common - Basic,Net Income before XO - Basic,Normalized Net Income - Basic,Net Income to Common - Diluted,Net Income before XO - Diluted,Normalized Net Income - Diluted,Dividends,Cash Flow,Free Cash Flow,Cash & Equivalents,Book Value,Tangible Book Value,Source: Bloomberg
03/31/1990,103.862254,1485.803272,1485.803272,,0.022718,0.004596,0.003294,0.000988,0.000988,0.000988,0.000988,0.000988,0.000988,0,0.003256,,0.008675,0.298809,,
06/30/1990,106.04925,1504.109259,1504.109259,,0.024833,0.005579,0.00406,0.001383,0.001481,0.001481,0.001383,0.001481,0.001481,0,0.002869,,0.010797,0.312383,,
09/30/1990,106.0425,1004.805004,1004.805004,,0.042474,0.010335,0.007811,0.002889,0.002963,0.002963,0.002889,0.002963,0.002963,0,0.014038,,0.009562,0.339609,,
12/31/1990,106.083,1014.282054,1014.282054,,0.040066,0.01033,0.007707,0.003259,0.002963,0.002963,0.003259,0.002963,0.002963,0,0.003925,,0.010831,0.371511,,
03/31/1991,112.333501,1033.721981,1033.721981,,0.042278,0.010475,0.007849,0.003259,0.002963,0.002963,0.003259,0.002963,0.002963,0,0.005801,,0.009392,0.46913,,
06/30/1991,114.236999,715.33802,715.33802,,0.080429,0.018172,0.01349,0.005556,0.005556,0.005556,0.005556,0.005556,0.005556,0,0.014186,,0.036809,0.507419,,
09/30/1991,127.953,797.795975,797.795975,,0.100353,0.020989,0.015396,0.006333,0.006667,0.006667,0.006333,0.006667,0.006667,0,0.016692,,0.0244,0.73967,,
12/31/1991,284.382,1750.950027,1750.950027,,0.101337,0.033695,0.014771,0.006667,0.006667,0.006667,0.006667,0.006667,0.006667,0,0.015687,,0.066906,0.98623,,
03/31/1992,132.083997,1757.952026,1757.952026,,0.104524,0.021679,0.015334,0.007,0.006667,0.006667,0.007,0.006667,0.006667,0,0.008968,,0.045395,0.901896,,
06/30/1992,132.183002,1791.35994,1791.35994,,0.110427,0.023635,0.015962,0.007444,0.007778,0.007778,0.007444,0.007778,0.007778,0,0.011766,,0.030965,0.951522,,
09/30/1992,135.332997,439.866005,439.866005,,0.467824,0.101313,0.068857,0.032222,0.032222,0.032222,0.032222,0.032222,0.032222,0,0.053496,,0.050505,1.066525,,
12/31/1992,298.557,444.546009,444.546009,,0.480063,0.105928,0.072816,-0.107778,-0.094444,-0.094444,-0.107778,-0.094444,-0.094444,0,0.053949,,0.01389,0.992769,,
03/31/1993,311.213997,309.078003,309.078003,,0.708595,0.157465,0.10994,0.053333,0.053333,0.053333,0.053333,0.053333,0.053333,0,0.08362,,0.015137,1.218673,,
06/30/1993,313.866005,318.047997,318.047997,,0.790805,0.177983,0.12971,0.065,0.065,0.065,0.065,0.065,0.065,0,0.065817,,0.009619,1.245216,,
09/30/1993,353.910004,318.383995,318.383995,,0.885057,0.229142,0.16579,0.083333,0.083333,0.083333,0.083333,0.083333,0.083333,0,0.113099,,0.023037,4.437275,,
12/31/1993,460.361982,379.794,379.794,,1.900883,0.344295,0.307361,0.108333,0.13,0.13,0.108333,0.13,0.13,0,0.20069,,0.159553,4.152539,,
03/31/1994,362.154007,491.103012,491.103012,,1.066772,0.231027,0.155391,0.066667,0.066667,0.066667,0.066667,0.066667,0.066667,0,0.03787,,0.020414,4.577075,,
06/30/1994,362.918999,491.273987,491.273987,,1.130363,0.199616,0.115512,0.026667,0.026667,0.026667,0.026667,0.026667,0.026667,0,0.01067,,0.021716,4.644078,,
09/30/1994,369.425995,474.845993,474.845993,,1.197352,0.039455,0.052779,-0.25,-0.25,-0.25,-0.25,-0.25,-0.25,0,0.04362,,0.030704,4.710575,,
12/31/1994,478.929015,477.390015,477.390015,,1.200264,0.091694,0.039425,-0.163333,-0.163333,-0.163333,-0.163333,-0.163333,-0.163333,0,0.454211,,0.042301,3.814847,,
03/31/1995,482.873978,500.318985,500.318985,,1.728967,0.449617,0.300884,0.093333,0.093333,0.093333,0.093333,0.093333,0.093333,0,0.159318,0.054707,0.031634,3.91923,,
06/30/1995,495.044998,506.433014,506.433014,,1.766707,0.473616,0.321375,0.11,0.11,0.11,0.11,0.11,0.11,0,0.322278,0.067837,0.070095,4.018477,,
09/30/1995,579.158981,585.042023,585.042023,,1.604815,0.4397,0.303053,0.1,0.1,0.12,0.1,0.1,0.12,0,0.205556,0.022966,0.018781,3.59914,,
12/31/1995,579.728988,588.779985,588.779985,,1.694533,0.451383,0.313448,0.133333,0.133333,0.133333,0.133333,0.133333,0.133333,0,0.430511,-0.179702,0.072869,3.773606,,
03/31/1996,582.656982,592.556992,592.556992,,1.731793,0.470459,0.329189,0.143333,0.143333,0.143333,0.143333,0.143331,0.143333,0,0.216293,0.029734,0.033824,3.939338,,
06/30/1996,593.88002,586.740005,586.740005,,1.808978,0.493028,0.370926,-0.456667,-0.413333,-0.413333,-0.456667,-0.413333,-0.413333,0,0.335281,0.094913,0.027925,3.529417,,
09/30/1996,612.611984,604.321518,604.321518,,1.872379,0.505024,0.384003,0.18,0.18,0.18,0.18,0.18,0.18,0,0.284377,0.013392,0.030762,3.986768,,
12/31/1996,1327.620025,614.929505,614.929505,,2.058813,0.530313,0.408653,-3.48,-3.48,-3.48,-3.48,-3.48,-3.48,0,0.490095,0.097013,0.749641,9.761715,,
03/31/1997,1336.99649,1517.803528,1421.641479,,1.193546,0.272304,0.109366,0.013333,0.013333,0.013333,0.013333,0.013333,0.013333,0,0.129469,-0.275185,0.093813,9.739012,,
06/30/1997,1349.155518,1534.435455,1443.671997,,1.244647,0.317479,0.151194,0.026667,0.026667,0.026667,0.026667,0.026667,0.026667,0,0.204882,-0.319548,0.086903,9.76653,,
09/30/1997,1360.73996,1561.5,1461.0,,1.308008,0.366394,0.197125,0.046667,0.046667,0.046667,0.046667,0.046667,0.046667,0,0.3177,-0.287106,0.048544,9.822505,,
12/31/1997,1363.801483,1436.129974,1436.129974,,1.378249,0.427013,0.24806,0.066667,0.066667,0.066667,0.066667,0.066667,0.066667,0,0.220036,-0.420575,0.049604,9.905943,,
03/31/1998,1543.463928,1517.492981,1517.492981,,1.528837,0.477762,0.280726,-0.273333,-0.186667,0.12,-0.273333,-0.186667,0.12,0,0.179902,-0.454038,0.060815,9.603291,,
06/30/1998,1603.657471,1651.375488,1567.257019,,1.646826,0.527674,0.315838,0.14,0.14,0.14,0.14,0.14,0.14,0,0.220768,-0.39751,0.052692,9.427439,0.183357,
09/30/1998,2738.077515,1813.5,1813.5,,2.072236,-1.193273,-1.451337,-1.626667,-1.626667,0.14,-1.626667,-1.626667,0.14,0,0.474221,-0.262476,0.344767,16.166087,-0.965641,
12/31/1998,2769.994446,2863.5,2769.0,,3.434453,2.052727,1.622969,0.16,0.16,0.16,0.153333,0.153333,0.153333,0,0.976165,0.174792,0.623467,16.332524,-0.737908,
03/31/1999,2784.890991,2883.0,2772.0,,3.290765,0.941919,0.544733,0.253333,0.253333,0.246667,0.246667,0.246667,0.24,0,0.703463,0.108586,0.278287,16.678929,-0.16015,
06/30/1999,2807.180969,2930.000061,2816.000061,,3.219105,1.018466,0.632812,0.31,0.31,0.31,0.3,0.3,0.3,0,0.925781,0.196733,0.213381,17.187706,0.729914,
09/30/1999,2820.328491,2931.0,2833.999512,,3.174312,1.148906,0.775935,0.38,0.38,0.38,0.37,0.37,0.37,0,1.154199,0.390261,0.108853,17.486261,0.719774,
12/31/1999,2842.979004,2931.0,2840.0,,3.517254,1.258099,0.851761,0.45,0.45,0.43,0.44,0.44,0.42,0,1.13662,0.123592,0.310238,18.022645,1.382353,
03/31/2000,2858.937988,2921.0,2852.0,,3.370266,1.252104,0.84993,0.45,0.45,0.45,0.44,0.44,0.44,0,0.629032,-0.254208,0.210218,18.556541,2.057757,
06/30/2000,2869.414062,2922.0,2865.0,,3.423037,1.24712,0.833159,0.45,0.45,0.47,0.44,0.44,0.46,0,0.722164,-0.212565,0.231406,18.889571,2.520375,
09/30/2000,2883.302979,2914.0,2874.0,,3.492345,1.074809,0.644398,0.33,0.33,0.46,0.32,0.32,0.46,0,0.716771,-0.52888,0.317691,19.171416,2.985118,
12/31/2000,2887.959961,2893.0,2880.0,,3.345139,0.971528,0.517361,0.25,0.25,0.25,0.25,0.25,0.25,0,0.605208,-0.334722,0.249311,18.333357,5.630618,
03/31/2001,2893.638916,2885.0,2885.0,,1.803466,0.64714,0.334835,0.18,0.18,0.2,0.18,0.18,0.2,0,0.421144,-0.320624,0.231197,19.213524,3.128932,
06/30/2001,2896.498047,2903.0,2888.0,,1.856648,0.550208,0.107341,0.04,0.04,0.2,0.04,0.04,0.2,0,0.685596,0.03428,2.277578,18.553094,6.028659,
09/30/2001,2965.789062,3082.0,3082.0,,1.778715,0.818624,0.32414,0.15,0.15,0.15,0.15,0.15,0.15,0,0.712524,0.122648,0.866886,18.691147,4.860764,
12/31/2001,2967.436768,2965.0,2965.0,,1.787858,0.212142,0.261046,0.1,0.1,0.13,0.1,0.1,0.13,0,0.280944,-0.236088,0.474821,18.742438,4.987132,
03/31/2002,2962.783936,2962.0,2962.0,,1.714382,0.595544,0.272789,0.06,0.06,0.09,0.06,0.06,0.09,0,0.537475,0.115463,0.764146,18.829925,5.057406,
