Date,Basic Shares Outstanding,Diluted Weighted Avg Shares,Basic Weighted Avg Shares,Per Share Data Items,Revenue,EBITDA,Operating Income,Net Income to Common - Basic,Net Income before XO - Basic,Normalized Net Income - Basic,Net Income to Common - Diluted,Net Income before XO - Diluted,Normalized Net Income - Diluted,Dividends,Cash Flow,Free Cash Flow,Cash & Equivalents,Book Value,Tangible Book Value,Source: Bloomberg
03/31/1993,132.666673,132.666673,132.666673,,4.42399,0.603716,0.598673,0.195,0.36,,0.195,0.36,0.36,,1.510274,,3.49047,7.916819,,
06/30/1993,132.666673,132.666673,132.666673,,4.557075,0.484048,0.477226,0.285,0.285,,0.285,0.285,0.285,,0.895417,,1.61859,8.204103,,
09/30/1993,132.666673,132.666673,132.666673,,4.738138,0.66652,0.658877,0.3825,0.3825,,0.3825,0.3825,0.3825,,0.563616,,1.837372,8.607859,,
12/31/1993,132.666673,132.666673,132.666673,,4.17603,0.089736,0.080721,0.3825,0.3825,0.3825,0.3825,0.3825,0.3825,,-1.160593,,1.565729,9.295402,,
03/31/1994,132.666673,132.666673,132.666673,,5.140507,0.797382,0.785058,0.465,0.465,,0.465,0.465,0.465,,0.930422,,1.568382,9.548683,,
06/30/1994,132.666673,132.666673,132.666673,,5.235414,0.678942,0.630897,0.375,0.375,,0.375,0.375,0.375,,0.168859,,0.779013,9.742356,,
09/30/1994,132.666673,132.666673,132.666673,,5.259957,0.695812,0.645136,0.375,0.375,,0.375,0.375,0.375,,0.416178,,1.161482,10.128392,,
12/31/1994,132.666673,132.666673,132.666673,,4.596972,-0.069113,-0.048452,0.39,0.39,0.39,0.39,0.39,0.39,,0.436221,,2.799234,10.695368,,
03/31/1995,132.666673,132.666673,132.666673,,5.78994,0.806518,0.776495,0.45,0.45,,0.45,0.45,0.45,,0.62204,,15.72073,11.369178,,
06/30/1995,132.666673,132.666673,132.666673,,5.943135,0.760055,0.723739,0.42,0.42,,0.42,0.42,0.42,,-0.235673,,15.783021,11.964014,,
09/30/1995,132.666673,132.666673,132.666673,,5.817814,0.714286,0.681769,0.39,0.39,,0.39,0.39,0.39,,0.644269,,16.329851,12.379476,,
12/31/1995,132.666673,132.666673,132.666673,,4.849409,-0.326593,-0.393822,0.0975,0.0975,0.0975,0.0975,0.0975,0.0975,,0.102912,,16.922374,12.589642,,
03/31/1996,132.666673,88.489333,88.489333,,8.831709,0.839355,0.768307,0.6825,0.6825,0.6825,0.6825,0.6825,0.6825,,1.017897,0.96893,17.63418,12.902321,,
06/30/1996,132.964005,132.792007,132.792007,,7.749713,0.562037,0.484931,0.375,0.375,0.375,0.375,0.375,0.375,,0.471617,0.386221,14.935298,5.725256,,
09/30/1996,132.968002,132.968002,132.968002,,8.24339,0.529571,0.448243,0.34,0.34,0.34,0.34,0.34,0.34,,0.890733,0.808947,15.24378,6.107559,,
12/31/1996,133.054,132.970002,132.970002,,8.430736,-0.258336,-0.336542,0.355,0.355,0.355,0.355,0.355,0.355,,1.051072,0.924885,15.343853,6.542148,,
03/31/1997,133.207993,133.087997,133.087997,,9.251645,0.622738,0.526524,0.38,0.38,0.41,0.38,0.38,0.41,0.0,1.520625,1.443263,18.998973,6.821182,,
06/30/1997,139.246002,140.014008,138.621994,,10.099688,0.559211,0.460353,0.355,0.35,0.385,0.35,0.345,0.38,0.0,0.193533,0.143404,18.400105,7.796784,,
09/30/1997,139.412003,141.494003,139.332001,,10.181681,0.505404,0.435916,0.4,0.4,0.4,0.395,0.395,0.395,0.0,0.607908,0.500258,18.903782,8.337869,,
12/31/1997,139.546005,141.102005,139.444,,10.619187,0.581043,0.473129,0.515,0.515,0.42,0.51,0.51,0.415,0.0,1.715197,1.526053,17.612241,8.765346,4.317014,
03/31/1998,140.112,141.815994,139.75,,11.053725,0.723013,0.617424,0.42,0.48,0.48,0.415,0.475,0.475,0.0,0.367642,0.284558,20.175088,9.306305,,
06/30/1998,140.5,142.876007,140.257996,,11.192659,0.64653,0.547263,-0.335,0.235,0.44,-0.33,0.225,0.43,0.0,0.239758,0.209706,17.436832,9.119352,,
09/30/1998,135.378006,140.641998,138.656006,,11.464668,0.682466,0.617045,1.1,1.1,0.475,1.08,1.08,0.475,0.0,0.983888,0.677071,18.44759,9.410702,,
12/31/1998,134.238007,136.731995,134.119995,,12.149472,0.912466,0.797361,0.505,0.505,0.505,0.495,0.495,0.495,0.0,1.301961,1.153154,19.823366,9.797695,,
03/31/1999,142.018005,137.121994,134.518005,,13.167345,1.134554,0.972033,0.375,0.53,0.53,0.37,0.52,0.52,0.0,0.767578,0.685618,19.074172,9.552479,6.56647,
06/30/1999,142.535995,137.707993,135.212006,,13.732308,1.134152,0.98157,0.525,0.525,0.525,0.515,0.515,0.515,0.0,0.893745,0.849828,19.829918,10.054324,7.088259,
09/30/1999,142.783997,137.904007,131.535995,,14.380193,1.154224,1.038605,0.58,0.58,0.58,0.555,0.555,0.555,0.0,3.197741,3.124559,22.476279,8.875631,6.054726,
12/31/1999,127.252609,134.466003,131.186005,,14.985562,1.214055,1.129701,0.63,0.615,0.615,0.61,0.6,0.6,0.0,1.407482,1.316566,24.756947,10.315702,7.141346,
03/31/2000,142.781998,130.197998,125.688004,,17.068026,1.279947,1.145264,0.635,0.635,0.635,0.615,0.615,0.615,0.0,1.184178,1.106494,23.10572,9.066297,4.963511,
06/30/2000,142.781998,129.141998,124.393997,,18.399883,1.430744,1.267682,0.675,0.675,0.675,0.65,0.65,0.65,0.0,0.717205,0.617441,22.406495,9.763219,5.769642,
09/30/2000,142.781998,130.281998,124.982002,,18.829303,1.469476,1.321254,0.715,0.715,0.715,0.69,0.69,0.69,0.0,1.190595,1.092693,23.512089,10.364353,6.44353,
12/31/2000,125.649147,131.25,125.183998,,19.503715,1.494456,1.337367,0.71,0.71,0.71,0.69,0.69,0.69,0.0,2.085674,1.985973,29.154508,13.087371,8.445207,
03/31/2001,142.781998,131.421997,125.970001,,20.762506,1.595801,1.434119,0.765,0.765,0.765,0.74,0.74,0.74,0.0,1.181321,1.041145,29.211372,12.343181,4.0108,
06/30/2001,142.781998,131.628006,126.720001,,24.821701,1.824984,1.590515,0.79,0.79,0.79,0.765,0.765,0.765,0.0,1.037792,0.832315,30.025747,13.218655,5.006864,
09/30/2001,142.781998,132.912003,127.209999,,25.512711,1.942701,1.7122,0.85,0.85,0.85,0.82,0.82,0.82,0.0,1.299866,1.105157,31.264789,14.171464,6.080254,
12/31/2001,127.833328,133.725998,127.503998,,26.840852,1.991828,1.750612,0.865,0.865,0.865,0.83,0.83,0.83,0.0,2.827268,2.630247,38.029659,16.682496,8.141421,
03/31/2002,147.007996,145.856003,139.089005,,28.348826,2.077734,1.887942,1.01,1.01,1.01,0.97,0.97,0.97,0.0,2.142283,1.938191,36.24864,22.351328,5.634966,
06/30/2002,145.649002,152.565994,144.852005,,29.679073,2.35539,2.14715,1.18,1.14,1.14,1.12,1.08,1.08,0.0,2.061414,1.871579,38.453439,24.547783,7.744249,
09/30/2002,,,,,,,,,,,,,,0.0,,,,,,
12/31/2002,147.050143,152.214,147.412,,31.07842,,2.211882,1.22,1.22,1.22,1.18,1.18,1.18,0.0,,,45.144485,27.043136,10.523383,
03/31/2003,149.748001,149.171005,145.613007,,33.244221,2.605949,2.346116,1.33,1.33,1.33,1.29,1.29,1.29,0.0,2.153977,1.994183,47.576342,26.835523,10.664096,
06/30/2003,146.455566,150.216995,145.710999,,33.905175,2.972226,2.686503,1.54,1.54,1.54,1.49,1.49,1.49,0.0,0.743328,0.501012,53.07883,30.099716,13.421456,
09/30/2003,151.115875,150.845001,146.626007,,34.434606,3.502673,2.946844,1.68,1.68,1.68,1.63,1.63,1.63,0.0,4.651098,4.198675,51.179408,33.294391,12.482487,
12/31/2003,152.757996,156.785004,151.990005,,35.970457,3.085433,2.75026,1.79,1.79,1.77,1.73,1.73,1.71,0.0,4.433226,4.092322,56.764962,35.546087,14.125525,
03/31/2004,157.483002,159.397995,153.938995,,36.677777,3.679711,3.351613,1.92,1.92,1.92,1.85,1.85,1.85,0.0,1.986885,1.646997,55.257931,37.77028,16.987726,
06/30/2004,159.202087,161.162994,155.822998,,37.096045,3.693293,3.354043,1.92,1.92,1.92,1.86,1.86,1.86,0.0,1.451872,1.068289,49.000814,39.048137,18.802856,
09/30/2004,159.59831,160.211,156.012,,37.484758,3.847666,3.541093,2.02,2.02,2.02,1.97,1.97,1.97,0.0,2.823328,2.752897,51.667389,40.479163,20.297659,
