Date,Revenue,Consensus Estimate,Comparable Actual,Revenue Surprise %,GAAP Actual,Adjusted Actual,Earnings Per Share,EPS Surprise %,EBIT,EBIT Surprise %,EBITDA,EBITDA Surprise %,Gross Margin %,Gross Margin Surprise %,Pretax Income (Loss),Pretax Income (Loss) Surprise %,Net Income,Net Income Surprise %,Source: Bloomberg
06/30/2006,,234.0,,,,,,,,,,,,,,,,,
09/30/2006,,219.714,267.619995,1.15534085818827,258.1,258.1,,23.2394366197183,,,,,,,,,,21.8037972090991,
12/31/2006,,196.6,217.199997,0.261245933189365,217.2,217.2,,8.94941634241246,,,,,,,,,,10.4781266531027,
03/31/2007,,194.7,193.199997,-1.96690277821117,193.2,193.2,,1.21457489878543,,,,,,,,,,-0.770417565485358,
06/30/2007,,204.0,204.5,-1.15119339243937,204.5,204.5,,-1.88679245283019,,,,,,,,,,0.245098039215686,
09/30/2007,,217.875,231.5,0.199885788703526,216.3,216.3,,6.76156583629892,,,,,,,,,,6.25358577165806,
12/31/2007,,230.333,243.300003,0.745178491585077,243.3,243.3,,4.23452768729642,,,,,,,,,,5.62967659866368,
03/31/2008,,212.909,222.199997,1.79621169172772,207.1,207.1,,2.47349823321555,,,,,,,,,,4.3638347838748,
06/30/2008,,229.0,244.199997,1.14699660015136,231.5,231.5,,8.55263157894738,,,,,,,,,,6.63755327510917,
09/30/2008,,252.4,242.880005,-0.6836901769581,240.8,240.8,,-2.65486725663717,,,,,,,,,,-3.77178882725832,
12/31/2008,,252.3,260.899994,-5.65810514198398,239.6,239.6,,8.18713450292397,,,,,,,,,,3.40863812921125,
03/31/2009,,194.313,223.9,1.75832144515115,223.9,223.9,,16.3636363636364,,13.808598575139,,10.6485249311752,,,,17.5932977913176,,15.226464518586,
06/30/2009,,212.889,220.2,0.392188250360162,220.2,220.2,,2.31023102310231,,4.92312699782293,,5.13081681760026,,4.75016007778595,,1.89625862092795,,3.4341840113862,
09/30/2009,,222.588,234.9,2.35220811589686,181.0,181.0,,3.77358490566038,,-16.7622742379978,,-15.4449045124218,,-1.13437450271658,,-18.1110641568701,,5.53129548762737,
12/31/2009,,222.0,223.7,0.480071452495257,223.7,223.7,,-0.621118012422361,,-5.43665056972487,,-4.4958076487941,,-2.41973010702652,,-5.52661028149417,,0.765765765765761,
03/31/2010,,208.056,207.9,1.568222584943,207.9,207.9,,0.0,,1.19751460442283,,-0.143170914814695,,-3.62965170935271,,0.205187219767437,,-0.0749798131272378,
06/30/2010,,220.118,243.0,-0.225108577866947,221.0,243.4,,12.1495327102804,,-3.15539044570318,,-4.06493067297936,,0.823529411764709,,-4.60334520522925,,10.395333412079,
09/30/2010,,230.647,247.9,1.33775593575844,238.4,247.9,,7.55813953488373,,4.31022192653139,,2.88311688311689,,-0.144950877758099,,4.1927769610666,,7.48026204546342,
12/31/2010,,230.706,249.184,2.0081396030628,242.6,249.75,,8.26210826210827,,-3.562874251497,,-2.92236695081135,,-2.28901734104047,,0.880106276984404,,8.00932788917497,
03/31/2011,,225.563,231.4,0.391236306729264,210.2,226.6,,2.0408163265306,,-6.54121863799284,,-5.87814167234749,,-2.78422273781903,,-6.38683376113543,,2.58774710391333,
06/30/2011,,239.353,269.2,2.44048734770384,263.2,269.1,,12.0,,-0.688975541793033,,-1.06357281775826,,1.2172714745062,,7.74287213460938,,12.4698666822643,
09/30/2011,,250.267,252.242,0.149073613970321,239.7,249.4,,1.52284263959391,,-0.735052831922291,,-2.41050119331743,,-2.78245637674326,,-2.06816571097223,,0.789157180131617,
12/31/2011,,249.333,247.139,-0.688788095143939,452.3,247.6,,0.0,,-7.10212545360291,,-0.0854754511606757,,2.25164349359783,,-1.34086597840668,,-0.879947700464836,
03/31/2012,,244.789,243.0,1.98793769762268,247.3,251.46,,0.75566750629723,,-1.47301545910612,,0.504041459184812,,1.85056028269865,,-0.631344008431707,,-0.730833493335071,
06/30/2012,,264.789,280.625,-1.55314064892999,271.2,280.625,,6.97674418604652,,-3.82770729591539,,-3.33631751715906,,-0.447579004475791,,-0.843531858960454,,5.9806109770421,
09/30/2012,,272.4,271.06,-3.05450592645482,269.5,281.33,,0.22271714922049,,-0.731480827816896,,-1.92744285228452,,-1.24149698044586,,-0.0200762899016255,,-0.491923641703368,
12/31/2012,,213.571,247.2,2.06501298468703,237.9,265.64,,18.9801699716714,,-1.84941778859189,,-6.65236051502146,,0.228058213622367,,-1.38178075638123,,15.7460516643177,
03/31/2013,,188.955,214.21,-1.57725895562288,212.0,214.535,,14.5510835913313,,11.2910359924731,,9.18481608822182,,1.54577883472058,,13.4185448632346,,13.3656161519939,
06/30/2013,,191.45,202.76,1.08996854022409,198.6,202.63,,8.8235294117647,,2.65272745478348,,3.64415506760124,,-1.75713167816746,,4.10553900598024,,5.90754766257509,
09/30/2013,,197.905,216.87,0.338878751490343,214.4,216.87,,9.55056179775282,,7.01563015282254,,6.89171009111791,,-0.427553444180522,,9.68587978844433,,9.58288067507137,
12/31/2013,,175.45,173.855,-0.596671641843205,173.4,176.91,,-3.42679127725857,,-5.14576279278885,,-5.17934016325535,,-1.17073170731707,,-5.70680908918138,,-0.909090909090909,
03/31/2014,,194.105,203.39,-0.427539436827359,203.0,203.0,,6.01719197707737,,-0.623296529853206,,1.10283159463487,,-1.96172248803828,,0.0,,4.78349347002911,
06/30/2014,,193.706,195.1,-0.64514213696354,193.8,193.8,,0.840336134453782,,1.61866891593364,,1.895664952241,,-0.0559161743612264,,1.67209554831704,,0.719647300548256,
09/30/2014,,204.278,233.775,0.81990957064951,234.1,234.1,,15.1832460732984,,10.6960352422908,,7.6691287252416,,0.83484573502722,,12.1120544132542,,14.4396361820656,
12/31/2014,,179.421,221.565,-2.29674375607656,221.5,221.5,,23.8938053097345,,7.2753763963089,,6.33846153846155,,0.613496932515337,,9.26911514713579,,23.4888892604545,
03/31/2015,,197.941,203.25,0.802743629524543,203.9,203.9,,2.63157894736842,,0.992118683356518,,-0.237388724035612,,1.02065613608749,,1.93885421779679,,2.68211234660833,
06/30/2015,,204.176,213.5,2.01658986175115,189.3,213.5,,4.32569974554706,,3.12548435816012,,2.07663059374087,,1.92682196741099,,3.06382978723404,,4.56664838178827,
09/30/2015,,227.563,232.3,-0.599020198460963,232.3,232.3,,2.27272727272727,,0.637536313790804,,2.99302235185068,,0.22939036144578,,1.76380368098158,,2.08162135320769,
12/31/2015,,212.75,212.3,-1.20508321324024,212.3,212.3,,0.961538461538462,,-2.23119650558059,,-0.663470605392139,,-0.00270656998034613,,-4.19263387350516,,-0.211515863689771,
03/31/2016,,190.889,185.7,-1.21793407931796,185.7,185.7,,-2.37467018469657,,-1.52322924600152,,-1.05808641089887,,-3.48019816336394,,-2.98321051974235,,-2.71833369130752,
06/30/2016,,197.933,215.6,-0.00901278070451043,205.6,215.6,,9.72568578553615,,-4.12523020257826,,-3.42769511335849,,-1.86282301316431,,-4.19022438864751,,8.9257476014611,
09/30/2016,,217.857,226.706,-1.32973542791012,216.9,229.6,,4.14009009009009,,-3.86873920552677,,-3.94984326018809,,-1.0944253438114,,-4.05488060829206,,4.06183872907457,
12/31/2016,,209.214,228.5,-0.178873171789551,-355.0,229.9,,9.81308411214953,,-2.78919943835356,,-3.33244146002538,,-5.6612032480315,,1.77980132450332,,9.21831235003394,
03/31/2017,,190.455,171.0,0.772116825709273,161.7,171.0,,-11.3924050632911,,4.34525204435291,,1.40934283452098,,-3.46556112224448,,5.06181737539503,,-10.2150114200205,
06/30/2017,,201.8,238.2,0.305083414199122,166.5,237.3,,19.9040767386091,,5.64761531166806,,12.9158342742986,,-0.964168152866244,,15.5900086132644,,18.0376610505451,
09/30/2017,,212.3,247.9,1.11662352395788,235.6,247.235,,18.3035714285714,,5.65693430656934,,5.18518518518519,,3.40836597938144,,15.5505617977528,,16.7687235044748,
12/31/2017,,205.5,189.3,2.98397923565738,-1120.9,185.45,,-8.8888888888889,,-4.48480355819126,,-1.91024863553669,,1.84945653577055,,-5.04833512352309,,-7.88321167883211,
03/31/2018,,193.5,207.6,2.50848458019773,213.6,207.6,,6.38297872340426,,0.0566572237960254,,0.756279796178199,,3.95150320102434,,3.03933070572055,,7.28682170542635,
06/30/2018,,214.692,211.4,-1.42941665857529,217.6,211.4,,-1.91897654584221,,-1.64778578784758,,-1.72854233015609,,1.65240959400498,,0.196078431372549,,-1.53335941721163,
09/30/2018,,218.333,235.2,-2.61906850276292,208.6,210.6,,9.01467505241091,,6.52710630016025,,-5.43927196359818,,2.20451598589987,,3.98857062557087,,7.72535530588596,
12/31/2018,,222.583,220.2,-2.43800574262595,212.1,220.2,,-0.406504065040651,,-3.48281356703847,,-2.74835385055827,,0.19252838028344,,-5.2102114820686,,-1.07061186164263,
03/31/2019,,189.0,173.1,-1.98399927276087,173.1,178.4,,-8.87850467289719,,-5.44553896419201,,-5.61529271206691,,1.1105282492102,,-5.66737819916799,,-8.41269841269842,
06/30/2019,,200.9,194.8,0.126979384523457,614.8,194.8,,-1.0989010989011,,-3.5456025512542,,-2.81934966720807,,1.32018635783594,,-1.37566137566137,,-3.03633648581383,
09/30/2019,,189.0,210.2,-0.318593034581486,135.0,210.2,,6.29067245119305,,-23.5212757302091,,-21.5080177206657,,-1.10666746698679,,-27.2645739910314,,11.2169312169312,
12/31/2019,,179.2,162.2,-1.32159787023076,135.4,162.2,,-10.7981220657277,,0.182298937410693,,-6.47445334556972,,4.72134161490683,,-6.05571966075412,,-9.48660714285714,
03/31/2020,,174.0,176.7,-1.9068807789418,176.7,185.9,,6.02409638554217,,1.49472535618943,,-3.18936877076413,,2.45831287605296,,0.22089300340026,,1.55172413793103,
06/30/2020,,142.263,168.0,2.44462825107988,161.9,168.0,,17.816091954023,,15.0447396209637,,5.14608859566446,,-3.98798013245033,,22.3679520116038,,18.0911410556504,
09/30/2020,,189.722,,,,,,,,,,,,,,,,,
12/31/2020,,194.778,,,,,,,,,,,,,,,,,
