Date,Revenue,Consensus Estimate,Comparable Actual,Revenue Surprise %,GAAP Actual,Adjusted Actual,Earnings Per Share,EPS Surprise %,EBIT,EBIT Surprise %,EBITDA,EBITDA Surprise %,Gross Margin %,Gross Margin Surprise %,Pretax Income (Loss),Pretax Income (Loss) Surprise %,Net Income,Net Income Surprise %,Source: Bloomberg
03/31/1990,,,61.493,,52.036999,52.036999,,,,,,,,,,,,,
06/30/1990,,,43.948002,,32.007999,32.007999,,,,,,,,,,,,,
09/30/1990,,,80.267998,,65.042999,65.042999,,,,,,,,,,,,,
12/31/1990,,,27.632999,,28.214998,28.214998,,,,,,,,,,,,,
03/31/1991,,,51.443001,,68.478,68.478,,,,,,,,,,,,,
06/30/1991,,,20.132,,20.131999,20.131999,,,,,,,,,,,,,
09/30/1991,,,84.860001,,84.860002,84.860002,,,,,,,,,,,,,
12/31/1991,,,32.583,,32.583001,32.583001,,,,,,,,,,,,,
03/31/1992,,,39.84,,85.351999,85.351999,,,,,,,,,,,,,
06/30/1992,,,26.999001,,26.999001,26.999001,,,,,,,,,,,,,
09/30/1992,,,51.817001,,51.817002,51.817002,,,,,,,,,,,,,
12/31/1992,,,26.1,,26.099999,26.099999,,,,,,,,,,,,,
03/31/1993,,,50.679001,,50.678999,50.678999,,,,,,,,,,,,,
06/30/1993,,,32.148998,,32.148998,32.148998,,,,,,,,,,,,,
09/30/1993,,,56.112,,63.911999,63.911999,,,,,,,,,,,,,
12/31/1993,,,0.0,,105.057998,105.057998,,,,,,,,,,,,,
03/31/1994,,,62.737,,62.736999,62.736999,,,,,,,,,,,,,
06/30/1994,,,49.750999,,49.750999,49.750999,,,,,,,,,,,,,
09/30/1994,,,72.968002,,72.968003,72.968003,,,,,,,,,,,,,
12/31/1994,,,0.0,,45.654999,45.654999,,,,,,,,,,,,,
03/31/1995,,,64.988998,,64.989002,64.989002,,,,,,,,,,,,,
06/30/1995,,,56.686001,,56.686001,56.686001,,,,,,,,,,,,,
09/30/1995,,,85.741997,,85.742001,85.742001,,,,,,,,,,,,,
12/31/1995,,,0.0,,55.929001,55.929001,,,,,,,,,,,,,
03/31/1996,,,64.149002,,64.148999,64.148999,,,,,,,,,,,,,
06/30/1996,,,40.320999,,40.321,40.321,,,,,,,,,,,,,
09/30/1996,,,81.178001,,81.177998,81.177998,,,,,,,,,,,,,
12/31/1996,,,0.0,,76.646,76.646,,,,,,,,,,,,,
03/31/1997,,,61.816002,,61.816003,61.816003,,,,,,,,,,,,,
06/30/1997,,,33.057999,,15.882,15.882,,,,,,,,,,,,,
09/30/1997,,,85.541,,85.540998,85.540998,,,,,,,,,,,,,
12/31/1997,,,5.954,,63.010001,63.010001,,,,,,,,,,,,,
03/31/1998,,,54.75,,54.75,54.75,,,,,,,,,,,,,
06/30/1998,,,33.973999,,33.974,33.974,,,,,,,,,,,,,
09/30/1998,,,115.737,,100.634004,100.634004,,,,,,,,,,,,,
12/31/1998,,,87.467102,,87.467111,87.467111,,,,,,,,,,,,,
03/31/1999,,,51.261002,,51.260999,51.260999,,,,,,,,,,,,,
06/30/1999,,,44.380001,,9.38,9.38,,,,,,,,,,,,,
09/30/1999,,,238.136993,,208.200938,208.200938,,,,,,,,,,,,,
12/31/1999,,,79.239998,,146.260995,146.260995,,,,,,,,,,,,,
03/31/2000,,,152.270996,,152.271006,152.271006,,,,,,,,,,,,,
06/30/2000,,,155.679993,,142.021997,142.021997,,,,,,,,,,,,,
09/30/2000,,,242.572998,,91.554003,91.554003,,-0.4149377593361,,,,,,,,,,,
12/31/2000,,,176.300995,,136.741007,136.741007,,4.25531914893617,,,,,,,,,,,
03/31/2001,,,190.914001,,208.249994,208.249994,,-5.56492411467115,,,,,,,,,,,
06/30/2001,,,151.283005,,166.797007,166.797007,,0.436681222707424,,,,,,,,,,,
09/30/2001,,,263.763,,271.842997,271.842997,,1.31578947368421,,,,,,,,,,,
12/31/2001,,,117.175003,,143.834993,143.834993,,5.02283105022831,,,,,,,,,,,
03/31/2002,,,106.982002,,102.444002,102.444002,,-2.82131661442007,,,,,,,,,,,
06/30/2002,,,125.611,,86.242002,86.242002,,-21.1136890951276,,,,,,,,,,,
09/30/2002,,,655.330017,,-2075.020023,-2075.020023,,1.69491525423729,,,,,,,,,,,
12/31/2002,,,107.442001,,-205.818004,-205.818004,,-18.429003021148,,,,,,,,,,,
03/31/2003,,,132.880005,,138.952,138.952,,14.5833333333333,,,,,,,,,,,
06/30/2003,,,65.560997,,-283.622,-283.622,,-26.0869565217391,,,,,,,,,,,
09/30/2003,,,187.768997,,286.435,286.435,,9.72568578553615,,,,,,,,,,,
12/31/2003,,,141.395004,,476.385991,476.385991,,27.6595744680851,,,,,,,,,,,
03/31/2004,,,148.072006,,148.850996,148.850996,,16.1290322580645,,,,,,,,,,,
06/30/2004,,,84.454002,,85.246,85.246,,26.5060240963855,,,,,,,,,,,
09/30/2004,,,165.123001,,45.660001,45.660001,,1.01010101010101,,,,,,,,,,,
12/31/2004,,,132.604004,,71.964002,71.964002,,11.4864864864865,,,,,,,,,,,
03/31/2005,,,124.821999,,120.418,120.418,,-12.280701754386,,,,,,,,,,,
06/30/2005,,,77.349998,,82.345998,82.345998,,7.34463276836159,,,,,,,,,,,
09/30/2005,,,196.757004,,194.958997,194.958997,,4.67706013363028,,,,,,,,,,,
12/31/2005,,112.0,97.903999,,111.007,111.007,,-6.25000000000001,,,,,,,,,,-12.5857151785714,
03/31/2006,,109.0,148.751999,5.44373873676524,150.238,150.238,,18.0327868852459,,,,,,,,,,36.469723853211,
06/30/2006,,90.0,96.875999,-13.947176473029,97.215002,97.215002,,10.0917431192661,,,,,,,,,,7.63999888888888,
09/30/2006,,210.0,223.115005,1.03020795978216,223.402,223.402,,9.9585062240664,,,,,,,,,,6.24524047619047,
12/31/2006,,97.0,95.697998,-14.4385680194242,96.658,96.658,,4.54545454545455,,,,,,,,,,-1.34227010309279,
03/31/2007,,168.0,117.454002,-4.7013065862069,118.650999,118.650999,,-22.2222222222222,,,,,,,,,,-30.0869035714286,
06/30/2007,,114.0,124.102997,7.45459677725118,67.717,67.717,,10.2661596958175,,,,,,,,,,8.86227807017544,
09/30/2007,,252.0,246.345001,-2.99122594987874,253.757,253.757,,-1.3840830449827,,,,,,,,,,-2.24404722222222,
12/31/2007,,148.0,130.628998,1.0566379658385,132.982,132.982,,6.38297872340426,,,,,,,,,,-11.7371635135135,
03/31/2008,,127.0,153.994003,6.70852498238196,152.057,152.057,,10.7594936708861,,,,,,,,,,21.2551204724409,
06/30/2008,,137.0,105.473,3.66686060245739,104.512,104.512,,-21.0526315789474,,,,,,,,,,-23.0124087591241,
09/30/2008,,265.0,222.695007,-2.43996127266507,221.729,221.729,,-8.92857142857144,,,,,,,,,,-15.9641483018868,
12/31/2008,,172.5,159.005005,9.90757044854882,163.015,163.015,,-4.89130434782609,,,,,,,,,,-7.82318550724637,
03/31/2009,,167.5,175.818,-12.793853121967,173.007,174.758,,2.1505376344086,,-4.18682170542635,,-4.68552631578948,,,,-2.30898203592814,,4.96597014925374,
06/30/2009,,112.667,117.064,-21.6649628720421,116.047,116.004,,0.806451612903226,,-2.65923344947735,,-4.13611940298507,,33.8383838383838,,-6.84511561607234,,3.90265117558823,
09/30/2009,,229.0,221.793,-23.1893056625338,219.768,220.733,,-5.69744597249509,,-20.7584327086882,,-3.22830051057622,,28.5781990521327,,-1.61123098860696,,-3.1471615720524,
12/31/2009,,162.75,173.058,-25.2614439762908,167.823,169.787,,3.26086956521739,,-2.95109890109891,,1.81612318840579,,12.9426433915212,,-3.0285140562249,,6.33364055299539,
03/31/2010,,186.75,194.34,1.25189793526283,166.058,166.28,,3.1941031941032,,-4.68358913813459,,1.80150250417363,,52.6829268292683,,-2.23277236492472,,4.06425702811245,
06/30/2010,,127.5,135.625,9.01105337742088,138.716,134.565,,5.45454545454544,,0.247765793528497,,4.23495145631067,,35.0,,0.882427307206071,,6.37254901960784,
09/30/2010,,250.5,289.205,-0.131560452084726,311.246,311.428,,13.1386861313869,,6.68480300187617,,8.55782967032968,,-0.218181818181814,,22.1060367454068,,15.4510978043912,
12/31/2010,,145.667,135.442,2.60553612471271,135.573,135.442,,-6.14886731391586,,-16.7002583979328,,6.05655577299412,,-2.61044176706827,,-4.35361596009976,,-7.01943473813561,
03/31/2011,,200.5,202.417,-2.39833665424933,202.509,202.407,,-0.237529691211402,,-7.6487012987013,,0.367642526964556,,0.402969247083785,,-2.82186495176849,,0.956109725685786,
06/30/2011,,153.6,157.611,2.78098851301508,157.702,157.611,,4.76190476190477,,-6.1509138381201,,26.2677554260863,,0.575263662511993,,-5.80594871794871,,2.611328125,
09/30/2011,,320.5,336.881,-2.27107061503417,333.658,333.621,,5.34351145038167,,3.52166500088189,,3.60185453491742,,5.45625587958607,,4.7478839177751,,5.11107644305771,
12/31/2011,,144.4,140.509,-6.43996794404779,140.509,140.941,,-3.33333333333334,,-3.55121163438165,,2.27441562660901,,-3.55121951219512,,-6.97571942446044,,-2.69459833795015,
03/31/2012,,169.75,183.893,-5.12001324893271,183.893,183.769,,4.10958904109589,,-9.37735399284863,,0.633719008264454,,-0.219560878243512,,-8.35638397017707,,8.33166421207658,
06/30/2012,,171.25,183.075,-9.11507112034522,183.06,183.075,,7.04225352112677,,-1.76997578692494,,1.22689368895747,,7.93327154772937,,1.19399624765479,,6.90510948905109,
09/30/2012,,343.75,383.49,-10.1470646437995,398.106,398.147,,7.14285714285715,,14.5364069952305,,5.8450082735797,,5.08620689655173,,11.1361823361823,,11.5607272727273,
12/31/2012,,136.75,140.17,-12.7518809849521,140.17,140.17,,5.45454545454544,,-5.27035928143713,,-0.573968253968252,,3.29341317365269,,-6.85631067961165,,2.50091407678244,
03/31/2013,,212.333,237.0,0.633413769697902,236.57,236.588,,6.90423162583518,,3.32363636363637,,1.85807385952209,,0.33663366336634,,4.03972071373157,,11.6171296972209,
06/30/2013,,198.0,197.0,6.67685625646329,196.857,196.882,,2.04081632653061,,1.83189873417721,,-2.68524096385543,,-9.88135593220339,,-8.778,,-0.505050505050505,
09/30/2013,,372.75,384.698,-5.28612614632178,364.752,364.536,,-0.12970168612192,,-1.97302873986735,,-6.87744893705711,,-5.39837398373984,,-7.06598545202632,,3.20536552649228,
12/31/2013,,144.667,150.055,-0.502003934999628,150.055,150.055,,4.52961672473868,,-1.6368580060423,,-2.45996649916248,,-4.80842911877396,,-14.7614147909968,,3.72441538153138,
03/31/2014,,254.75,261.221,10.5807779730934,261.221,261.221,,3.37972166998012,,-0.505135951661628,,-2.6657458563536,,-6.73956262425448,,4.0608125819135,,2.54013738959765,
06/30/2014,,206.333,195.164,2.46506391909942,195.164,195.164,,-3.70370370370371,,-8.0537037037037,,-4.04191176470588,,-4.87455197132616,,-5.84213836477987,,-5.41309436687297,
09/30/2014,,380.667,368.582,-10.5142812597443,368.582,368.582,,-3.3112582781457,,-3.38461538461539,,-6.77378542510121,,-0.119250425894379,,-4.43487092678797,,-3.17469074020075,
12/31/2014,,176.333,196.339,0.95236125473975,196.339,196.339,,13.3720930232558,,6.3179347826087,,-3.80426784400295,,0.443548387096772,,5.73246511627907,,11.3455791031741,
03/31/2015,,255.0,231.217,-7.85108567162322,152.066,231.217,,-6.69371196754563,,-5.07747035573123,,-3.00534277438044,,0.859374999999996,,-7.74251421351864,,-9.32666666666666,
06/30/2015,,201.5,196.931,-17.8239906530178,196.931,196.931,,-1.51515151515152,,-3.2391304347826,,6.31814024390244,,,,-1.66282051282051,,-2.26749379652605,
09/30/2015,,413.5,426.463,-10.5131845460151,426.463,426.463,,4.6077210460772,,8.3131633356306,,4.56474396703944,,5.33770151770658,,9.45592105263157,,3.13494558645708,
12/31/2015,,208.75,209.025,-27.4202830965052,209.025,209.025,,1.99004975124377,,4.25768321513002,,4.99758041559919,,10.0862848837209,,-3.66505733252865,,0.131736526946111,
03/31/2016,,236.667,241.312,-6.65747474747474,241.312,241.312,,1.07526881720429,,-4.69455252918288,,5.31729518855657,,,,13.1382262996942,,1.96267329200945,
06/30/2016,,203.667,196.795,0.611027554195401,196.795,196.795,,-3.46534653465347,,-1.35291428571428,,9.18648205285615,,,,-1.24852459016393,,-3.37413523054791,
09/30/2016,,442.25,457.795,-8.37411091018686,457.795,457.795,,3.56731875719218,,3.03824624657547,,2.39760744350908,,,,4.61412471825695,,3.51498021481063,
12/31/2016,,221.5,227.477,-18.9603885747426,227.098,227.098,,2.97482837528604,,1.45704835970324,,13.6438902743142,,,,10.0277324632953,,2.69841986455982,
03/31/2017,,243.5,239.277,0.0822690217391313,239.0,239.0,,-3.23024691358024,,-6.79513942802593,,2.61199156372401,,,,2.57665706051872,,-1.73429158110884,
06/30/2017,,213.333,227.256,0.427578733378213,227.0,227.0,,6.5291169451074,,-4.62821576763485,,5.59637288001157,,,,1.01491421339551,,6.5264164475257,
09/30/2017,,468.25,492.141,-7.78245453156045,492.0,492.0,,5.20607375271149,,-2.34379474940334,,3.54298150163221,,,,2.28948252910105,,5.10218900160171,
12/31/2017,,219.2,212.0,-11.1986279616337,189.0,212.0,,-1.40845070422535,,-14.8,,-4.56973293768546,,,,-8.7667161961367,,-3.28467153284671,
03/31/2018,,258.0,291.0,-0.823391026718199,291.0,291.0,,12.3200392927308,,,,-0.747556066705003,,,,1.64579055739647,,12.7906976744186,
06/30/2018,,242.0,265.0,0.31702898550725,265.0,265.0,,10.0864406779661,,4.89510489510489,,0.608272506082725,,,,0.2356637863315,,9.50413223140496,
09/30/2018,,500.8,491.0,-14.7507971136097,491.0,491.0,,-1.45015384615385,,-3.86740331491713,,-5.15549989563765,,,,-14.0243902439024,,-1.95686900958467,
12/31/2018,,215.4,215.0,1.72185430463576,215.0,215.0,,0.478468899521531,,-11.71875,,-8.90354156436297,,0.931615824081067,,-20.4315730563794,,-0.18570102135562,
03/31/2019,,315.8,315.0,2.26606759132643,315.0,315.0,,-0.813008130081302,,-5.26315789473684,,-4.3455633619568,,-7.31386287877518,,-11.400651465798,,-0.253324889170365,
06/30/2019,,265.0,238.0,-3.26576576576577,238.0,238.0,,-11.0251450676983,,-10.6753812636166,,-6.0494629105633,,6.73127020553108,,-14.6579804560261,,-10.188679245283,
09/30/2019,,533.25,527.0,-15.2413637898053,527.0,527.0,,-2.13178294573644,,1.33689839572193,,-7.02160493827161,,11.0227239987269,,-3.28304805330896,,-1.17205813408345,
12/31/2019,,274.0,292.0,-8.63175232739222,292.0,292.0,,4.67289719626169,,-10.3585657370518,,-10.5341987019471,,11.3027462366387,,-13.7085137085137,,6.56934306569343,
03/31/2020,,305.333,295.0,-11.6204489718921,295.0,295.0,,-6.19765494137352,,-11.6504854368932,,-8.6112493777999,,-0.0943914704633787,,-18.8202247191011,,-3.38417400018996,
06/30/2020,,241.25,287.0,-2.69416014449127,287.0,287.0,,12.7348643006263,,0.636010044523081,,-4.63505594033031,,4.74664794435555,,3.65712945413549,,18.9637305699482,
09/30/2020,,568.667,,,,,,,,,,,,,,,,,
12/31/2020,,312.667,,,,,,,,,,,,,,,,,
