Date,Revenue,Consensus Estimate,Comparable Actual,Revenue Surprise %,GAAP Actual,Adjusted Actual,Earnings Per Share,EPS Surprise %,Pretax Income (Loss),Net Income,Net Income Surprise %,Source: Bloomberg
02/28/1991,,,0.0,,74.339996,74.339996,,,,,,
05/31/1991,,,0.0,,61.688999,61.688999,,,,,,
08/31/1991,,,0.0,,54.251999,54.251999,,,,,,
11/30/1991,,,0.0,,76.684998,76.684998,,,,,,
02/29/1992,,,0.0,,72.126999,72.126999,,,,,,
05/31/1992,,,0.0,,60.650002,60.650002,,,,,,
08/31/1992,,,0.0,,81.863998,81.863998,,,,,,
11/30/1992,,,0.0,,71.483002,71.483002,,,,,,
02/28/1993,,,0.0,,90.512001,90.512001,,,,,,
05/31/1993,,,0.0,,100.974998,100.974998,,,,,,
08/31/1993,,,0.0,,99.156998,99.156998,,,,,,
11/30/1993,,,0.0,,88.571999,88.571999,,,,,,
02/28/1994,,,0.0,,79.574997,79.574997,,,,,,
05/31/1994,,,0.0,,18.909,18.909,,,,,,
08/31/1994,,,0.0,,48.993,48.993,,,,,,
11/30/1994,,,0.0,,-3.523,-3.523,,,,,,
02/28/1995,,,0.0,,56.882,56.882,,,,,,
05/31/1995,,,0.0,,94.530998,94.530998,,,,,,
08/31/1995,,,0.0,,92.903,92.903,,,,,,
11/30/1995,,,0.0,,88.482002,88.482002,,,,,,
02/29/1996,,,0.0,,207.089005,207.089005,,,,,,
05/31/1996,,,0.0,,88.986,88.986,,,,,,
08/31/1996,,,0.0,,64.544998,64.544998,,,,,,
11/30/1996,,,0.0,,133.692993,133.692993,,,,,,
02/28/1997,,,0.0,,108.117996,108.117996,,,,,,
05/31/1997,,,0.0,,211.580002,211.580002,,,,,,
08/31/1997,,,0.0,,206.559998,206.559998,,,,,,
11/30/1997,,,0.0,,150.703003,150.703003,,,,,,
02/28/1998,,,92.884003,,155.410995,155.410995,,,,,,
05/31/1998,,,95.821999,,170.561996,170.561996,,,,,,
08/31/1998,,,112.086998,,140.271,140.271,,,,,,
11/30/1998,,,0.0,,175.861,175.861,,,,,,
02/28/1999,,,127.415001,,209.811996,209.811996,,,,,,
05/31/1999,,,130.348999,,62.708,62.708,,,,,,
09/30/1999,,,150.699997,,137.402,137.402,,,,,,
12/31/1999,,,37.584999,,60.587,60.587,,,,,,
03/31/2000,,,150.800995,,223.759003,223.759003,,,,,,
06/30/2000,,,135.490997,,142.483994,142.483994,,,,,,
09/30/2000,,,138.332993,,139.460999,139.460999,,,,,,
12/31/2000,,,142.975006,,0.648,0.648,,,,,,
03/31/2001,,,156.699997,,218.929001,218.929001,,,,,,
06/30/2001,,,160.100006,,128.606003,128.606003,,,,,,
09/30/2001,,,-761.840027,,-840.031982,-840.031982,,,,,,
12/31/2001,,,-6.531,,-83.638,-83.638,,,,,,
03/31/2002,,,210.399994,,89.493,89.493,,,,,,
06/30/2002,,,25.018,,-91.748001,-91.748001,,,,,,
09/30/2002,,,221.0,,184.067005,184.067005,,,,,,
12/31/2002,,,250.182007,,214.139,214.139,,,,,,
03/31/2003,,,250.100006,,239.857,239.857,,,,,,
06/30/2003,,,268.600006,,347.658998,347.658998,,,,,,
09/30/2003,,,124.400002,,98.971003,98.971003,,,,,,
12/31/2003,,,-349.299988,,-314.829,-314.829,,,,,,
03/31/2004,,,328.799988,,452.169,452.169,,,,,,
06/30/2004,,,308.899994,,363.604,363.604,,,,,,
09/30/2004,,,-4.251,,22.471,22.471,,,,,,
12/31/2004,,,199.399994,,288.048,288.048,,,,,,
03/31/2005,,427.0,346.5,11.8379547741034,442.945,442.945,,2.46913580246914,,,-18.8524590163934,
06/30/2005,,137.0,101.300003,107.81289519474,135.895,135.895,,-34.841628959276,,,-26.0583919708029,
09/30/2005,,-1130.0,-1150.0,36.4412884729649,-1049.201,-1049.201,,-11.9340413638904,,,-1.76991150442478,
12/31/2005,,-321.667,-868.200012,43.1780617294644,-821.935,-821.935,,-106.97012802276,,,-169.906459786052,
03/31/2006,,395.333,405.5,3.89674282713715,458.503,458.503,,4.24354243542434,,,2.57175596269473,
06/30/2006,,380.5,375.799988,46.3090853797746,377.089,377.089,,-2.18910107126221,,,-1.23521997371879,
09/30/2006,,370.8,468.200012,51.0486780004945,415.789,415.789,,31.0240963855422,,,26.2675329018339,
12/31/2006,,416.667,513.799988,79.677853174032,471.154,471.154,,23.010752688172,,,23.3118984704812,
03/31/2007,,398.375,543.400024,7.81635386819483,549.718,549.718,,41.7875526438933,,,36.4041478506432,
06/30/2007,,457.75,516.200012,16.287328481863,544.535,544.535,,16.6324435318275,,,12.7689813216821,
09/30/2007,,407.0,562.799988,-7.58424424892704,327.975,327.975,,31.07202680067,,,38.2800953316953,
12/31/2007,,315.714,117.137001,-11.4386872905028,-1215.853,-1215.853,,-54.6079779917469,,,-62.89774891199,
03/31/2008,,413.375,276.867004,-6.38914699677073,211.873,211.873,,-30.1911960871498,,,-33.0227991533112,
06/30/2008,,361.0,266.204987,-5.69910692410119,237.851,237.851,,-23.0374551051821,,,-26.2590063711911,
09/30/2008,,-250.72,107.800003,-12.6285595484845,-1649.024,-1649.024,,20.4819277108434,,,,
12/31/2008,,167.76,189.509995,-27.7030399342646,-1433.158,-1433.158,,51.8324607329843,,,12.964946948021,
03/31/2009,,203.8,212.442001,-10.408126275992,178.379,-53.4665,,1.77705977382876,,,4.24043228655544,
06/30/2009,,229.333,162.647995,-4.66498831168831,79.949,299.95,,-23.9482200647249,,,-29.0778060723925,
09/30/2009,,476.2,306.408997,-12.6496204585538,-11.402,300.2535,,41.0459587955626,,,-35.6553975220496,
12/31/2009,,261.2,235.755997,-13.7232420143027,-40.319,236.9185,,-2.81690140845071,,,-9.74119563552832,
03/31/2010,,142.749,149.612,-3.06490832099496,127.996,55.552,,94.6902654867257,,,4.80773945877029,
06/30/2010,,222.571,242.574005,-7.85210581602373,191.811,263.1365,,10.9375,,,8.98724676620045,
09/30/2010,,199.25,175.029999,4.93147461139896,77.543,199.76,,-13.477537437604,,,-12.1555839397742,
12/31/2010,,206.5,242.434006,-2.77346323620583,188.122,242.434,,11.7824773413897,,,17.4014556900726,
03/31/2011,,-162.571,-162.988998,0.197995739814749,-227.284,-162.855,,-13.2897603485839,,,-0.257117198024255,
06/30/2011,,149.375,243.132996,8.64810171446884,225.663,243.133,,53.0612244897959,,,62.7668592468619,
09/30/2011,,115.01,88.810997,-4.02205250361794,42.398,42.835,,-15.1515151515151,,,-22.7797608903574,
12/31/2011,,55.725,-79.625,-0.558507890961261,-515.537,-78.275,,,,,,
03/31/2012,,122.233,165.231,-1.30842824601367,176.628,165.231,,29.3532338308458,,,35.1770798393232,
06/30/2012,,166.6,221.945,-4.79705159705159,221.154,221.94,,30.03663003663,,,33.2202881152461,
09/30/2012,,143.836,188.038,-1.19204658706525,171.902,176.572,,24.2362525458248,,,30.7308323368281,
12/31/2012,,-105.245,38.888,5.78850258274355,81.444,38.883,,,,,,
03/31/2013,,190.364,279.868,-0.923697388009208,350.79,368.474,,44.6345256609642,,,47.0172931856864,
06/30/2013,,192.538,,,272.698,221.591,,,,,,
09/30/2013,,152.2,154.628,-0.518908009347779,135.648,145.992,,-1.30353817504656,,,1.59526938239159,
12/31/2013,,231.857,286.881,-1.76826689224914,300.78,295.605,,22.6993865030675,,,23.7318692124887,
03/31/2014,,210.889,238.649,-2.63479467258602,255.717,287.963,,15.020297699594,,,13.163322885499,
06/30/2014,,218.636,279.576,1.18745632424877,-279.26,441.567,,21.8637992831541,,,27.8728114308714,
09/30/2014,,161.333,187.088,0.0287814025660244,72.384,98.197,,12.9032258064516,,,15.9638759584214,
12/31/2014,,225.727,293.928,3.24823738230175,139.5,406.794,,27.1282633371169,,,30.2139309874317,
03/31/2015,,197.25,194.376,-5.32982944569702,36.281,-26.18,,0.267379679144385,,,-1.45703422053232,
06/30/2015,,222.9,245.797,0.757339055793999,915.039,1006.587,,5.66037735849056,,,10.2723194257515,
09/30/2015,,130.41,70.792,-4.23550165380375,27.282,116.46972,,-45.7547169811321,,,-45.7158193390077,
12/31/2015,,170.8,214.309,-0.406422910744899,228.55,210.233,,12.4567474048443,,,25.4736533957845,
03/31/2016,,154.727,103.388,-0.0264342222587803,21.885,-63.277,,-29.4354838709677,,,-33.1803757585942,
06/30/2016,,54.8,106.447,6.88935595834941,43.782,-16.6215,,174.074074074074,,,94.2463503649635,
09/30/2016,,92.988,122.454,-1.14692437343426,70.601,246.212905,,16.710875331565,,,31.6879597367402,
12/31/2016,,110.744,128.44,7.10930755333156,304.7,614.350375,,35.8381502890173,,,15.9791952611428,
03/31/2017,,147.778,136.143,-0.869945706529505,152.843,199.572,,13.3786848072562,,,-7.87329643113318,
06/30/2017,,233.0,255.08,-1.50822356710573,301.62,383.398,,9.58904109589041,,,9.47639484978541,
09/30/2017,,-1003.333,-1028.862,3.94471171106483,-1043.689,-958.261769,,-2.32796111537478,,,-2.54441944997325,
12/31/2017,,114.0,116.054,2.25586942875078,28.828,147.511183,,26.0504201680672,,,1.80175438596491,
03/31/2018,,251.333,214.359,-3.50138959235823,152.648,222.109,,-14.5833333333333,,,-14.7111600943768,
06/30/2018,,257.75,220.341,-8.05605629429987,318.996,262.605393,,-6.7702552719201,,,-14.513676042677,
09/30/2018,,196.0,,,,,,,,,,
12/31/2018,,270.5,,,,,,,,,,
