Date,Revenue,Consensus Estimate,Comparable Actual,Revenue Surprise %,GAAP Actual,Adjusted Actual,Earnings Per Share,EPS Surprise %,EBIT,EBITDA,Gross Margin %,Pretax Income (Loss),Net Income,Net Income Surprise %,Source: Bloomberg
03/31/1993,,,0.113,,0.113,0.113,,,,,,,,,
06/30/1993,,,-5.181,,-5.181,-5.181,,,,,,,,,
09/30/1993,,,-0.191,,-0.191,-0.191,,,,,,,,,
12/31/1993,,,0.0,,1.247,1.247,,,,,,,,,
03/31/1994,,,-0.444,,-0.444,-0.444,,,,,,,,,
06/30/1994,,,0.773,,0.773,0.773,,,,,,,,,
09/30/1994,,,1.52,,1.52,1.52,,,,,,,,,
12/31/1994,,,0.0,,1.199,1.199,,,,,,,,,
03/31/1995,,,1.463,,1.463,1.463,,,,,,,,,
06/30/1995,,,0.943,,0.943,0.943,,,,,,,,,
09/30/1995,,,1.211,,1.82,1.82,,,,,,,,,
12/31/1995,,,0.0,,-14.764,-14.764,,,,,,,,,
03/31/1996,,,4.671,,4.671,4.671,,,,,,,,,
06/30/1996,,,1.807,,1.807,1.807,,,,,,,,,
09/30/1996,,,4.647,,4.647,4.647,,,,,,,,,
12/31/1996,,,0.0,,8.665,8.665,,,,,,,,,
03/31/1997,,,10.65,,10.65,10.65,,,,,,,,,
06/30/1997,,,3.735,,3.735,3.735,,,,,,,,,
09/30/1997,,,2.779,,2.779,2.779,,,,,,,,,
12/31/1997,,,0.0,,6.741,6.741,,,,,,,,,
03/31/1998,,,-0.184,,-0.184,-0.184,,,,,,,,,
06/30/1998,,,0.759,,0.759,0.759,,,,,,,,,
09/30/1998,,,-0.32,,-31.003999,-31.003999,,,,,,,,,
12/31/1998,,,-41.069,,-41.069001,-41.069001,,,,,,,,,
03/31/1999,,,-1.907,,-2.091,-2.091,,,,,,,,,
06/30/1999,,,-17.504,,28.340999,28.340999,,,,,,,,,
09/30/1999,,,11.075,,13.071,13.071,,,,,,,,,
12/31/1999,,,15.731,,5.643,5.643,,,,,,,,,
03/31/2000,,,14.067,,33.267002,33.267002,,,,,,,,,
06/30/2000,,,16.298,,0.798,0.798,,,,,,,,,
09/30/2000,,,41.166,,31.366001,31.366001,,13.0578512396694,,,,,,,
12/31/2000,,,67.304001,,49.804,49.804,,11.063829787234,,,,,,,
03/31/2001,,,91.336998,,46.748001,46.748001,,17.8761061946903,,,,,,,
06/30/2001,,,63.233002,,90.532997,90.532997,,11.9512195121951,,,,,,,
09/30/2001,,,58.641998,,70.342003,70.342003,,7.77070063694267,,,,,,,
12/31/2001,,,51.393002,,41.193001,41.193001,,5.00000000000001,,,,,,,
03/31/2002,,,45.068001,,45.068001,45.068001,,-10.0,,,,,,,
06/30/2002,,,39.709999,,34.610001,34.610001,,-8.57142857142857,,,,,,,
09/30/2002,,,48.493,,50.292999,50.292999,,9.68749999999999,,,,,,,
12/31/2002,,,54.588001,,56.088001,56.088001,,-0.12903225806452,,,,,,,
03/31/2003,,,64.452003,,66.230003,66.230003,,0.219780219780226,,,,,,,
06/30/2003,,,63.576,,57.334999,57.334999,,-7.79661016949151,,,,,,,
09/30/2003,,,92.265999,,102.806,102.806,,12.5358851674641,,,,,,,
12/31/2003,,,61.908001,,61.908001,61.908001,,-27.0046082949309,,,,,,,
03/31/2004,,,94.136002,,94.136002,94.136002,,-21.8241042345277,,,,,,,
06/30/2004,,,110.822998,,99.088997,99.088997,,-15.625,,,,,,,
09/30/2004,,,140.781998,,140.781998,140.781998,,-0.307692307692308,,,,,,,
12/31/2004,,178.0,173.875,,173.875,173.875,,0.5,,,,,,-2.31741573033708,
03/31/2005,,,166.294998,,166.295,166.295,,-17.9039301310044,,,,,,,
06/30/2005,,,219.667999,,219.668,219.668,,-0.4149377593361,,,,,,,
09/30/2005,,291.0,312.808014,,312.808,312.808,,4.13476263399694,,,,,,7.49416288659794,
12/31/2005,,416.286,454.0,,454.0,454.0,,13.7529137529138,,,,,,9.05963688425746,
03/31/2006,,458.667,467.0,0.722382585887587,467.0,467.0,,3.38461538461539,,,,,,1.81678647035868,
06/30/2006,,332.6,305.0,2.95537956345373,597.0,597.0,,-4.18470418470417,,,,,,-8.29825616355984,
09/30/2006,,347.857,348.0,1.17701361643203,367.0,367.0,,4.2995839112344,,,,,,0.0411088464512637,
12/31/2006,,424.455,423.0,-2.62110839756901,429.0,429.0,,-0.218818380743983,,,,,,-0.342792522175492,
03/31/2007,,398.5,406.0,-2.321065393916,383.0,383.0,,1.51338766006985,,,,,,1.88205771643664,
06/30/2007,,428.0,431.0,3.35977601493234,432.0,432.0,,1.33333333333333,,,,,,0.700934579439252,
09/30/2007,,431.286,412.0,0.0754263065265878,412.0,412.0,,-1.63934426229508,,,,,,-4.47174264872961,
12/31/2007,,457.857,465.0,2.86817643247485,464.0,464.0,,2.15053763440859,,,,,,1.56009409051297,
03/31/2008,,457.75,456.0,5.26593964165536,465.0,465.0,,-0.546448087431694,,,,,,-0.382304751501912,
06/30/2008,,528.533,553.0,4.72523959414643,575.0,575.0,,1.90476190476191,,,,,,4.62922844931158,
09/30/2008,,553.0,550.25,2.70969937233498,521.0,521.0,,-1.09890109890109,,,,,,-0.497287522603978,
12/31/2008,,456.364,393.0,-4.55428408168907,351.0,351.0,,-12.5964010282776,,,,,,-13.8845307692982,
03/31/2009,,451.867,531.0,2.35642391947898,486.0,531.0,,17.4193548387097,,,,,,17.5124538857673,
06/30/2009,,480.4,509.0,5.67178056717806,496.0,509.0,,5.96833130328868,,,,,,5.9533721898418,
09/30/2009,,490.692,509.0,2.88079721826152,500.0,509.0,,3.44827586206897,,,,,,3.7310573638861,
12/31/2009,,488.375,537.0,1.1906099261853,537.0,542.0,,7.4766355140187,,,,,,9.95648835423599,
03/31/2010,,270.167,322.0,2.8960380145123,330.0,322.0,,17.5213675213675,,,,,,19.1855407951378,
06/30/2010,,245.75,,,,,,,,,,,,,
09/30/2010,,261.5,,,,,,,,,,,,,
