Date,Basic Shares Outstanding,Diluted Weighted Avg Shares,Basic Weighted Avg Shares,Per Share Data Items,Revenue,EBITDA,Operating Income,Net Income to Common - Basic,Net Income before XO - Basic,Normalized Net Income - Basic,Net Income to Common - Diluted,Net Income before XO - Diluted,Normalized Net Income - Diluted,Dividends,Cash Flow,Free Cash Flow,Cash & Equivalents,Book Value,Tangible Book Value,Source: Bloomberg
03/31/1993,,171.899914,171.899914,,0.089628,0.035905,0.006917,0.0,0.0,,0.0,0.0,0.0,,0.041152,,,,,
06/30/1993,223.931135,196.481153,196.481153,,0.097892,0.027763,0.000244,-0.026311,-0.026311,,-0.026311,-0.026311,-0.026311,0.005333,0.04348,,0.039298,0.518771,,
09/30/1993,223.931135,223.931135,223.931135,,0.099883,0.039575,0.005654,-0.000711,-0.000711,,-0.000711,-0.000711,-0.000711,0.005333,0.036395,,0.0252,0.513327,,
12/31/1993,223.931138,225.435825,225.435825,,0.093619,0.045867,0.014275,0.005689,0.005689,0.005689,0.005689,0.005689,0.005689,0.005333,0.037447,,0.00919,0.514301,,
03/31/1994,223.931135,223.931135,223.931135,,0.100812,0.043504,0.00568,-0.002133,-0.002133,,-0.002133,-0.002133,-0.002133,0.005333,0.044639,,0.018747,0.506986,,
06/30/1994,223.931135,223.931135,223.931135,,0.107118,0.048765,0.015768,0.003556,0.003556,,0.003556,0.003556,0.003556,0.005333,0.047586,,0.031032,0.504142,,
09/30/1994,223.931135,223.931135,223.931135,,0.112803,0.054963,0.019149,0.007111,0.007111,,0.007111,0.007111,0.007111,0.005333,0.050547,,0.033832,0.512247,,
12/31/1994,223.931138,223.931138,223.931138,,0.107913,0.050297,0.015331,0.005689,0.005689,0.005689,0.005689,0.005689,0.005689,0.005333,0.046095,,0.035002,0.506106,,
03/31/1995,223.945203,223.945203,223.945203,,0.107241,0.055397,0.019697,0.0064,0.0064,,0.0064,0.0064,0.0064,0.005333,0.033048,-0.070834,0.02451,0.508044,,
06/30/1995,256.03582,224.029572,224.029572,,0.113561,0.044418,0.007611,0.004267,0.004267,,0.004267,0.004267,0.004267,0.005333,0.031915,-0.038013,0.021739,0.44441,,
09/30/1995,256.03582,246.346747,246.346747,,0.111315,0.060447,0.019919,0.007111,0.004622,,0.007111,0.004622,0.004622,0.005333,0.03763,-0.018153,0.014092,0.561496,,
12/31/1995,258.848308,257.118621,257.118621,,0.120971,0.043042,0.001556,-0.0576,-0.0576,-0.0576,-0.0576,-0.0576,-0.0576,0.005333,0.035458,-0.424847,0.008546,0.504929,,
03/31/1996,259.031122,258.76392,258.76392,,0.138219,0.076162,0.040991,0.017778,0.017778,0.017778,0.017778,0.017778,0.017778,0.005333,0.06516,0.053288,0.020422,0.513602,,
06/30/1996,250.467074,257.315501,257.315501,,0.141282,0.057793,0.023803,0.007111,0.007111,0.007111,0.007111,0.007111,0.007111,0.005333,0.04913,0.018036,0.007382,0.490308,,
09/30/1996,231.32802,247.781138,247.781138,,0.156897,0.085358,0.046041,0.018489,0.018489,0.018489,0.018489,0.018489,0.018489,0.005333,0.064387,0.010513,0.016103,0.4014,,
12/31/1996,240.299866,234.154556,234.154556,,0.21119,0.124832,0.080976,0.036978,0.036978,0.036978,0.036978,0.036978,0.036978,0.005333,0.060802,-0.460845,0.016384,0.47524,,
03/31/1997,249.412376,275.34362,252.468627,,0.206644,0.126527,0.08308,0.0416,0.0416,0.0416,0.04,0.04,0.04,0.005867,0.155029,-0.002178,0.001215,0.542247,,
06/30/1997,257.803001,250.603008,246.862383,,0.174004,0.087381,0.040602,0.0144,0.0144,0.0144,0.0144,0.0144,0.0144,0.005867,0.055047,-0.191937,0.027133,0.512756,,
09/30/1997,247.434248,250.527996,247.377993,,0.176313,0.093868,0.045311,0.011733,0.011733,0.011733,0.011733,0.011733,0.011733,0.005867,0.05507,-0.152398,0.014295,0.537266,,
12/31/1997,246.56237,,,,,,,,,,,,,0.005867,,,0.015477,0.575007,0.575007,
03/31/1998,244.681117,248.806114,244.037387,,0.203682,0.107824,0.043973,0.0,0.0,0.0,0.0,0.0,0.0,0.0064,0.047058,-0.145396,0.075421,0.536821,,
06/30/1998,283.562352,279.718617,274.624854,,0.224259,0.108264,0.035048,0.0032,0.0032,0.0032,0.0032,0.0032,0.0032,0.0064,-0.381815,-1.086846,0.510209,0.863658,,
09/30/1998,288.518594,282.3936,279.781106,,0.238644,0.12597,0.046765,-0.1104,-0.1104,-0.0016,-0.1104,-0.1104,-0.0016,0.0064,-0.004829,-0.083029,0.41083,0.774858,,
12/31/1998,279.543616,279.543616,279.543616,,0.250866,0.119037,0.027062,,,,,,,0.0064,0.17486,-0.250236,0.044118,0.618887,0.618887,
03/31/1999,279.543618,279.581121,279.543618,,0.248705,0.137807,0.044168,-0.008,-0.008,-0.008,-0.008,-0.008,-0.008,0.0016,0.086362,-0.009609,0.035622,0.521522,0.521522,
06/30/1999,279.637364,295.74985,279.581121,,0.234458,0.121292,0.038475,0.1008,0.1008,0.0032,0.0976,0.0976,0.0032,0.0016,0.085267,-0.079676,0.006466,0.676176,,
09/30/1999,304.849854,322.549849,305.712356,,0.298908,0.188007,0.095436,0.0432,0.0432,0.0288,0.0416,0.0416,0.0272,0.0016,0.164432,-0.721227,0.138196,0.803523,0.803523,
12/31/1999,305.562343,305.193605,305.193605,,0.365486,0.244301,0.130491,0.0192,0.0192,0.0416,0.0192,0.0192,0.0416,0.0016,0.114848,0.023988,0.018765,0.816033,0.816033,
03/31/2000,292.406103,317.668589,301.837341,,0.375921,0.24105,0.135242,0.1104,0.1104,0.0464,0.1056,0.1056,0.0416,0.0016,0.333912,0.201559,0.03554,0.896643,0.896643,
06/30/2000,288.549851,291.293595,287.156105,,0.416721,0.263728,0.154905,0.0032,0.0032,0.056,0.0032,0.0032,0.056,0.0016,0.168229,-0.004165,0.020807,0.878153,0.878153,
09/30/2000,290.716535,311.816505,289.658179,,0.556221,0.37838,0.269418,0.108,0.108,0.1416,0.1032,0.1032,0.1368,0.0024,0.37518,0.215409,0.007399,0.999967,0.999967,
12/31/2000,323.149837,324.241508,307.199833,,0.673457,0.455469,0.341345,0.1632,0.1632,0.2184,0.1536,0.1536,0.2088,0.0024,0.389492,0.144274,0.023017,1.454898,1.454898,
03/31/2001,340.137343,345.091488,332.333176,,0.750133,0.574709,0.47243,0.1416,0.2736,0.2736,0.1368,0.2664,0.2664,0.0024,0.548411,-0.187667,0.031625,1.519322,1.519322,
06/30/2001,343.341486,346.860945,341.805393,,0.613361,0.435716,0.324816,0.2664,0.2664,0.1836,0.2628,0.2628,0.1836,0.0036,0.391111,0.116569,0.028706,1.851987,1.851987,
09/30/2001,343.3165,348.91927,343.322052,,0.575733,0.420244,0.304283,0.2052,0.2052,0.1692,0.2016,0.2016,0.1692,0.0036,0.382585,-0.046635,0.014925,2.289826,2.289826,
12/31/2001,343.813724,343.524825,343.524825,,0.533493,0.372119,0.248072,0.1188,0.1188,0.1512,0.1188,0.1188,0.1512,0.0036,0.277494,-0.118047,0.019807,2.388066,2.388066,
03/31/2002,344.216493,348.477613,343.944272,,0.524524,0.36312,0.231543,0.1296,0.1296,0.1296,0.1296,0.1296,0.1296,0.0036,0.377204,-0.045126,0.017489,2.369706,2.369706,
06/30/2002,345.199836,350.544267,344.724822,,0.550059,0.369463,0.225151,0.1008,0.1008,0.1152,0.1008,0.1008,0.1152,0.0036,0.342183,-0.268266,0.026431,2.485633,2.485633,
09/30/2002,351.24704,350.174835,348.405388,,0.578768,0.412166,0.256962,0.144,0.144,0.1404,0.144,0.144,0.1404,0.0036,0.382718,-0.025944,0.015909,2.521909,2.521909,
12/31/2002,352.713705,351.358153,347.291497,,0.680757,0.438868,0.280407,0.162,0.162,0.162,0.162,0.162,0.162,0.0036,0.316175,-0.371694,0.042397,2.573719,2.573719,
03/31/2003,352.96657,357.32699,352.829082,,0.718433,0.504618,0.331693,0.1872,0.1824,0.1824,0.1872,0.1824,0.1824,0.0048,0.333065,-0.043539,0.040896,2.682917,,
06/30/2003,382.726987,380.687396,375.343642,,0.747145,0.496422,0.318532,0.1536,0.1536,0.168,0.1488,0.1488,0.1632,0.0048,0.579434,-0.946828,0.035657,3.241052,3.241052,
09/30/2003,382.89992,388.129074,382.89992,,0.841337,0.611557,0.41193,0.2688,0.2688,0.24,0.264,0.264,0.2352,0.0048,0.691222,0.204403,0.045928,3.642897,3.642897,
12/31/2003,390.418654,391.487405,386.78948,,0.859232,0.507222,0.300944,0.1584,0.1584,0.1584,0.1584,0.1584,0.1584,0.0048,0.502883,-0.125575,0.017917,3.754026,3.754026,
03/31/2004,391.404906,394.163237,390.908233,,1.010268,0.65862,0.449098,0.24,0.24,0.24,0.24,0.24,0.24,0.006,0.669068,-0.444411,0.049644,3.952214,,
06/30/2004,431.474908,411.518223,407.759908,,1.091422,0.718045,0.489918,0.246,0.246,0.276,0.24,0.24,0.27,0.006,0.578708,-1.2316,0.033812,5.211181,,
09/30/2004,433.733209,435.5399,431.601556,,1.176268,0.832217,0.585086,0.324,0.324,0.324,0.324,0.324,0.324,0.03,0.834788,-1.439469,0.028619,5.40304,5.40304,
12/31/2004,433.97267,436.813224,433.899892,,1.388975,0.993771,0.705312,0.402,0.402,0.402,0.402,0.402,0.402,0.03,0.82756,-0.067841,0.022352,5.989716,5.989716,
03/31/2005,434.475647,439.9925,434.195,,1.45822,0.998521,0.700706,0.384,0.384,0.384,0.376,0.376,0.376,0.04,0.892062,-0.253538,0.034002,6.181453,6.181453,
06/30/2005,451.469938,458.3925,451.2425,,1.659274,1.199592,0.854567,0.488,0.488,0.488,0.48,0.48,0.48,0.04,0.887928,-1.637512,0.015578,7.280735,6.808247,
09/30/2005,453.936916,462.6125,452.3475,,2.131459,1.605032,1.204897,0.688,0.688,0.688,0.68,0.68,0.68,0.04,1.333046,-0.236544,0.027041,7.895419,7.425393,
12/31/2005,454.45648,465.375,454.25,,2.591084,1.9983,1.582829,1.0,1.0,1.0,0.976,0.976,0.976,0.06,1.559542,1.559542,0.004401,9.261613,8.792921,
03/31/2006,455.029805,461.875,454.875,,2.668865,2.051113,1.620225,1.024,1.024,1.024,1.008,1.008,1.008,0.06,2.117065,0.20665,0.545019,10.34218,9.583988,
06/30/2006,457.164094,461.625,454.75,,2.344145,2.122045,1.227048,1.312,1.312,0.672,1.296,1.296,0.664,0.06,3.025838,-0.360638,0.017499,10.549822,9.801732,
09/30/2006,457.407715,463.5,457.375,,2.396283,2.6827,1.292156,0.8,0.8,0.76,0.792,0.792,0.752,0.06,4.641705,-0.174911,0.013117,12.004607,11.263474,
12/31/2006,459.442579,464.0,457.5,,2.627322,2.024044,1.501639,0.936,0.936,0.92,0.928,0.928,0.912,0.072,1.608743,-0.225137,0.010883,12.765469,12.297511,
03/31/2007,460.398358,465.25,458.375,,2.550314,1.908917,1.385329,0.832,0.832,0.832,0.824,0.824,0.824,0.096,1.856558,-0.259613,0.03258,12.910559,12.1851,
06/30/2007,482.280069,473.125,464.875,,2.860984,2.656628,1.570315,0.928,0.928,0.928,0.912,0.912,0.912,0.096,3.474052,-0.761495,1.538525,15.343782,14.655385,
09/30/2007,483.549611,489.25,481.125,,2.961808,2.153287,1.475708,0.856,0.856,0.856,0.84,0.84,0.84,0.096,2.057677,-5.736555,1.042292,15.930113,15.24766,
12/31/2007,485.293773,490.5,482.8,,3.301574,4.152858,1.694283,0.96,0.96,0.96,0.95,0.95,0.95,0.12,7.537283,-7.678128,0.0,16.363284,15.920254,
03/31/2008,510.614396,503.8,496.3,,3.370945,2.413863,1.642152,0.94,0.94,0.94,0.92,0.92,0.92,0.12,1.956478,-2.431997,0.278096,17.837335,17.198888,
06/30/2008,511.572849,517.2,508.6,,3.808494,2.752654,1.940621,1.13,1.13,1.13,1.11,1.11,1.11,0.12,2.239481,-3.122297,0.095783,17.541979,16.908638,
09/30/2008,576.817767,552.2,546.6,,3.88584,2.778997,1.867911,0.95,0.95,0.95,0.94,0.94,0.94,0.12,3.02049,-7.676546,0.032939,26.639263,23.936503,
12/31/2008,579.5316,576.6,574.4,,3.408774,2.365947,1.093315,0.61,0.61,0.75,0.61,0.61,0.75,0.12,2.585306,-0.90007,0.043138,29.932794,27.254769,
03/31/2009,579.695272,577.8,575.0,,3.758261,2.747826,1.532174,0.84,0.84,0.923478,0.83,0.83,0.907882,0.125,5.986087,3.587826,0.015525,31.074947,28.375253,
06/30/2009,580.138516,579.1,575.3,,3.950982,,1.560925,0.86,0.86,0.884756,0.85,0.85,0.872449,0.125,,,0.012066,30.337582,27.658912,
09/30/2009,580.307613,579.6,575.6,,3.974983,,1.596595,0.86,0.86,0.884295,0.86,0.86,0.875528,0.125,,,0.041357,29.94274,27.230385,
12/31/2009,583.015324,581.2,576.4,,4.063151,3.079459,1.715822,0.92,0.92,0.940319,0.92,0.92,0.928603,0.125,1.238723,-0.154407,0.015437,29.717915,27.021588,
03/31/2010,584.219702,583.7,579.4,,3.453573,2.431826,1.132206,0.56,0.56,0.555747,0.56,0.56,0.546294,0.125,2.119434,0.735243,0.056486,30.469702,27.780645,
06/30/2010,,,,,,,,,,0.418,,,0.418,0.13,2.058,,,30.943,,
09/30/2010,,,,,,,,,,0.459,,,0.459,0.13,2.199,,,31.247,,
