company_name,company_ticker,company_lei,company_cik,year,quarter,start_date,end_date,filing_date,basicdilutedeps,basiceps,cashdividendspershare,depreciationexpense,dilutedeps,explorationexpense,impairmentexpense,incometaxexpense,netincome,netincomecontinuing,netincomediscontinued,netincometocommon,netincometononcontrollinginterest,operatingcostofrevenue,operatingrevenue,otheradjustmentstoconsolidatednetincome,otheradjustmentstonetincometocommon,othercostofrevenue,othergains,otherincome,otheroperatingexpenses,otherspecialcharges,rdexpense,sgaexpense,totalcostofrevenue,totalgrossprofit,totalinterestexpense,totalinterestincome,totaloperatingexpenses,totaloperatingincome,totalotherincome,totalpretaxincome,totalrevenue,weightedavebasicdilutedsharesos,weightedavebasicsharesos,weightedavedilutedsharesos
Newmont Mining Corp,NEM,549300VSP3RIX7FGDZ51,1164727,2007.0,FY,2007-01-01,2007-12-31,2010-02-25 06:06:09+00:00,-4.19,-4.19,0.4,685000000.0,-4.19,177000000.0,1132000000.0,190000000.0,-1485000000.0,-580000000.0,-905000000.0,-1895000000.0,410000000.0,2826000000.0,5465000000.0,,,,-1000000.0,100000000.0,558000000.0,,73000000.0,385000000.0,2826000000.0,2639000000.0,118000000.0,,3010000000.0,-371000000.0,-18000000.0,-389000000.0,5465000000.0,452300000.0,452300000.0,452300000.0
Newmont Mining Corp,NEM,549300VSP3RIX7FGDZ51,1164727,2008.0,FY,2008-01-01,2008-12-31,2011-02-23 20:54:35+00:00,1.83,1.83,0.4,738000000.0,1.83,213000000.0,137000000.0,142000000.0,1160000000.0,1147000000.0,13000000.0,831000000.0,329000000.0,3038000000.0,6124000000.0,,,,-5000000.0,123000000.0,142000000.0,,166000000.0,384000000.0,3038000000.0,3086000000.0,135000000.0,,1780000000.0,1306000000.0,-12000000.0,1294000000.0,6124000000.0,454000000.0,454000000.0,454000000.0
Newmont Mining Corp,NEM,549300VSP3RIX7FGDZ51,1164727,2008.0,Q3,2008-07-01,2008-09-30,2009-10-28 17:51:58+00:00,0.42,0.42,0.1,186000000.0,0.42,57000000.0,,6000000.0,222000000.0,215000000.0,7000000.0,191000000.0,31000000.0,780000000.0,1371000000.0,,,,-1000000.0,66000000.0,7000000.0,,44000000.0,106000000.0,780000000.0,591000000.0,35000000.0,,400000000.0,191000000.0,31000000.0,222000000.0,1371000000.0,454800000.0,454000000.0,455000000.0
Newmont Mining Corp,NEM,549300VSP3RIX7FGDZ51,1164727,2008.0,Q2,2008-04-01,2008-06-30,2009-07-22 19:17:21+00:00,0.6,0.6,0.1,183000000.0,0.59,58000000.0,,-42000000.0,339000000.0,337000000.0,2000000.0,271000000.0,68000000.0,749000000.0,1503000000.0,,,,0.0,19000000.0,8000000.0,,39000000.0,155000000.0,749000000.0,754000000.0,35000000.0,,443000000.0,311000000.0,-16000000.0,295000000.0,1503000000.0,451700000.0,454000000.0,456000000.0
Newmont Mining Corp,NEM,549300VSP3RIX7FGDZ51,1164727,2009.0,Q4,2009-10-01,2009-12-31,,-1.52,-1.52,-0.3,-566000000.0,-1.52,-147000000.0,,-494000000.0,-1228000000.0,-1242000000.0,23000000.0,-739000000.0,-489000000.0,-2200000000.0,-5187000000.0,-9000000.0,,,14000000.0,-20000000.0,-34000000.0,,-100000000.0,-368000000.0,-2200000000.0,-2987000000.0,-42000000.0,,-1215000000.0,-1772000000.0,22000000.0,-1750000000.0,-5187000000.0,,,
Newmont Mining Corp,NEM,549300VSP3RIX7FGDZ51,1164727,2009.0,Q3,2009-07-01,2009-09-30,2010-11-01 19:54:49+00:00,0.79,0.79,0.1,199000000.0,0.79,55000000.0,,253000000.0,645000000.0,645000000.0,0.0,388000000.0,257000000.0,765000000.0,2049000000.0,,,,-6000000.0,25000000.0,10000000.0,,27000000.0,104000000.0,765000000.0,1284000000.0,10000000.0,,395000000.0,889000000.0,15000000.0,904000000.0,2049000000.0,490000000.0,490000000.0,490000000.0
Newmont Mining Corp,NEM,549300VSP3RIX7FGDZ51,1164727,2009.0,Q3YTD,2009-01-01,2009-09-30,,1.52,1.52,0.3,566000000.0,1.52,147000000.0,,494000000.0,1228000000.0,1242000000.0,-23000000.0,739000000.0,489000000.0,2200000000.0,5187000000.0,9000000.0,,,-14000000.0,20000000.0,34000000.0,,100000000.0,368000000.0,2200000000.0,2987000000.0,42000000.0,,1215000000.0,1772000000.0,-22000000.0,1750000000.0,5187000000.0,490000000.0,490000000.0,490000000.0
Newmont Mining Corp,NEM,549300VSP3RIX7FGDZ51,1164727,2009.0,Q2,2009-04-01,2009-06-30,2010-07-27 20:45:31+00:00,0.33,0.33,0.1,176000000.0,0.33,51000000.0,,136000000.0,306000000.0,320000000.0,-23000000.0,162000000.0,144000000.0,696000000.0,1602000000.0,9000000.0,,,-3000000.0,-14000000.0,12000000.0,,42000000.0,152000000.0,696000000.0,906000000.0,,,433000000.0,473000000.0,-14000000.0,459000000.0,1602000000.0,490000000.0,490000000.0,490000000.0
Newmont Mining Corp,NEM,549300VSP3RIX7FGDZ51,1164727,2009.0,Q2YTD,2009-01-01,2009-06-30,,0.73,0.73,0.2,367000000.0,0.73,92000000.0,,241000000.0,583000000.0,597000000.0,-23000000.0,351000000.0,232000000.0,1435000000.0,3138000000.0,9000000.0,,,-8000000.0,-5000000.0,24000000.0,,73000000.0,264000000.0,1435000000.0,1703000000.0,32000000.0,,820000000.0,883000000.0,-37000000.0,846000000.0,3138000000.0,490000000.0,490000000.0,490000000.0
Newmont Mining Corp,NEM,549300VSP3RIX7FGDZ51,1164727,2009.0,Q1,2009-01-01,2009-03-31,2010-04-27 06:04:01+00:00,0.4,0.4,0.1,191000000.0,0.4,41000000.0,,105000000.0,277000000.0,277000000.0,,189000000.0,88000000.0,739000000.0,1536000000.0,,,,-5000000.0,9000000.0,12000000.0,,31000000.0,112000000.0,739000000.0,797000000.0,32000000.0,,387000000.0,410000000.0,-23000000.0,387000000.0,1536000000.0,472500000.0,472500000.0,472500000.0
Newmont Mining Corp,NEM,549300VSP3RIX7FGDZ51,1164727,2010.0,Q4,2010-10-01,2010-12-31,,2.74,2.74,0.3,490000000.0,2.67,122000000.0,6000000.0,432000000.0,1836000000.0,1864000000.0,-28000000.0,1349000000.0,487000000.0,1767000000.0,5145000000.0,,,,7000000.0,17000000.0,39000000.0,,113000000.0,201000000.0,1767000000.0,3378000000.0,135000000.0,,971000000.0,2407000000.0,-118000000.0,2289000000.0,5145000000.0,492000000.0,492000000.0,492000000.0
Newmont Mining Corp,NEM,549300VSP3RIX7FGDZ51,1164727,2010.0,FY,2010-01-01,2010-12-31,2013-02-22 06:12:37+00:00,4.63,4.63,0.5,945000000.0,4.55,218000000.0,6000000.0,856000000.0,3116000000.0,3144000000.0,-28000000.0,2277000000.0,839000000.0,3484000000.0,9540000000.0,,,,3000000.0,109000000.0,65000000.0,,216000000.0,439000000.0,3484000000.0,6056000000.0,279000000.0,,1889000000.0,4167000000.0,-170000000.0,3997000000.0,9540000000.0,492000000.0,492000000.0,492000000.0
Newmont Mining Corp,NEM,549300VSP3RIX7FGDZ51,1164727,2010.0,Q3YTD,2010-01-01,2010-09-30,,1.89,1.89,0.2,455000000.0,1.88,96000000.0,,424000000.0,1280000000.0,1280000000.0,,928000000.0,352000000.0,1717000000.0,4395000000.0,,,,-4000000.0,92000000.0,26000000.0,,103000000.0,238000000.0,1717000000.0,2678000000.0,144000000.0,,918000000.0,1760000000.0,-52000000.0,1708000000.0,4395000000.0,,,
Newmont Mining Corp,NEM,549300VSP3RIX7FGDZ51,1164727,2010.0,Q3TTM,2009-10-01,2010-09-30,,0.37,0.37,-0.1,-111000000.0,0.36,-51000000.0,,-70000000.0,52000000.0,38000000.0,23000000.0,189000000.0,-137000000.0,-483000000.0,-792000000.0,-9000000.0,,,10000000.0,72000000.0,-8000000.0,,3000000.0,-130000000.0,-483000000.0,-309000000.0,102000000.0,,-297000000.0,-12000000.0,-30000000.0,-42000000.0,-792000000.0,,,
Newmont Mining Corp,NEM,549300VSP3RIX7FGDZ51,1164727,2010.0,Q2YTD,2010-01-01,2010-06-30,,1.89,1.89,0.2,455000000.0,1.88,96000000.0,,424000000.0,1280000000.0,1280000000.0,,928000000.0,352000000.0,1717000000.0,4395000000.0,,,,-4000000.0,92000000.0,26000000.0,,103000000.0,238000000.0,1717000000.0,2678000000.0,144000000.0,,918000000.0,1760000000.0,-52000000.0,1708000000.0,4395000000.0,492000000.0,492000000.0,492000000.0
Newmont Mining Corp,NEM,549300VSP3RIX7FGDZ51,1164727,2010.0,Q2TTM,2009-07-01,2010-06-30,,1.16,1.16,,88000000.0,1.15,4000000.0,,183000000.0,697000000.0,683000000.0,23000000.0,577000000.0,120000000.0,282000000.0,1257000000.0,-9000000.0,,,4000000.0,97000000.0,2000000.0,,30000000.0,-26000000.0,282000000.0,975000000.0,112000000.0,,98000000.0,877000000.0,-15000000.0,862000000.0,1257000000.0,492000000.0,492000000.0,492000000.0
Newmont Mining Corp,NEM,549300VSP3RIX7FGDZ51,1164727,2010.0,Q2,2010-04-01,2010-06-30,2011-07-28 20:37:33+00:00,0.78,0.78,0.1,231000000.0,0.77,53000000.0,,283000000.0,537000000.0,537000000.0,0.0,382000000.0,155000000.0,848000000.0,2153000000.0,,,,-2000000.0,44000000.0,13000000.0,,57000000.0,104000000.0,848000000.0,1305000000.0,69000000.0,,458000000.0,847000000.0,-25000000.0,822000000.0,2153000000.0,492000000.0,492000000.0,492000000.0
Newmont Mining Corp,NEM,549300VSP3RIX7FGDZ51,1164727,2010.0,Q1TTM,2009-04-01,2010-03-31,,0.71,0.71,,33000000.0,0.71,2000000.0,,36000000.0,466000000.0,466000000.0,,357000000.0,109000000.0,130000000.0,706000000.0,,,,3000000.0,39000000.0,1000000.0,,15000000.0,22000000.0,130000000.0,576000000.0,43000000.0,,73000000.0,503000000.0,-4000000.0,499000000.0,706000000.0,491000000.0,491000000.0,491000000.0
Newmont Mining Corp,NEM,549300VSP3RIX7FGDZ51,1164727,2010.0,Q1,2010-01-01,2010-03-31,2011-04-20 20:29:36+00:00,1.11,1.11,0.1,224000000.0,1.11,43000000.0,,141000000.0,743000000.0,743000000.0,,546000000.0,197000000.0,869000000.0,2242000000.0,,,,-2000000.0,48000000.0,13000000.0,,46000000.0,134000000.0,869000000.0,1373000000.0,75000000.0,,460000000.0,913000000.0,-27000000.0,886000000.0,2242000000.0,491000000.0,491000000.0,491000000.0
Newmont Mining Corp,NEM,549300VSP3RIX7FGDZ51,1164727,2011.0,Q4,2011-10-01,2011-12-31,,-0.04,-0.04,0.8,786000000.0,-0.04,261000000.0,2084000000.0,526000000.0,448000000.0,448000000.0,,-21000000.0,469000000.0,2973000000.0,7974000000.0,,,,11000000.0,-36000000.0,77000000.0,,287000000.0,326000000.0,2973000000.0,5001000000.0,-63000000.0,-244000000.0,3821000000.0,1180000000.0,-217000000.0,963000000.0,7974000000.0,494000000.0,494000000.0,494000000.0
Newmont Mining Corp,NEM,549300VSP3RIX7FGDZ51,1164727,2011.0,FY,2011-01-01,2011-12-31,2014-02-20 19:49:17+00:00,0.74,0.74,1.0,1036000000.0,0.73,350000000.0,2084000000.0,713000000.0,972000000.0,1108000000.0,-136000000.0,366000000.0,606000000.0,3890000000.0,10358000000.0,,,,11000000.0,12000000.0,120000000.0,,373000000.0,463000000.0,3890000000.0,6468000000.0,,-244000000.0,4426000000.0,2042000000.0,-232000000.0,1810000000.0,10358000000.0,494000000.0,494000000.0,494000000.0
Newmont Mining Corp,NEM,549300VSP3RIX7FGDZ51,1164727,2011.0,Q3YTD,2011-01-01,2011-09-30,,1.78,1.78,0.5,520000000.0,1.75,193000000.0,,558000000.0,1199000000.0,1335000000.0,-136000000.0,880000000.0,319000000.0,1925000000.0,5128000000.0,,,,10000000.0,-28000000.0,49000000.0,,179000000.0,223000000.0,1925000000.0,3203000000.0,128000000.0,,1164000000.0,2039000000.0,-156000000.0,1883000000.0,5128000000.0,494000000.0,494000000.0,494000000.0
Newmont Mining Corp,NEM,549300VSP3RIX7FGDZ51,1164727,2011.0,Q3TTM,2010-10-01,2011-09-30,,4.52,4.52,0.8,1010000000.0,4.42,315000000.0,6000000.0,990000000.0,3035000000.0,3199000000.0,-164000000.0,2229000000.0,806000000.0,3692000000.0,10273000000.0,,,,17000000.0,-11000000.0,88000000.0,,292000000.0,424000000.0,3692000000.0,6581000000.0,263000000.0,,2135000000.0,4446000000.0,-274000000.0,4172000000.0,10273000000.0,494000000.0,494000000.0,494000000.0
Newmont Mining Corp,NEM,549300VSP3RIX7FGDZ51,1164727,2011.0,Q2YTD,2011-01-01,2011-06-30,,0.78,0.78,0.2,250000000.0,0.77,89000000.0,,187000000.0,524000000.0,660000000.0,-136000000.0,387000000.0,137000000.0,917000000.0,2384000000.0,,,,,48000000.0,43000000.0,,86000000.0,137000000.0,917000000.0,1467000000.0,63000000.0,,605000000.0,862000000.0,-15000000.0,847000000.0,2384000000.0,494000000.0,494000000.0,494000000.0
Newmont Mining Corp,NEM,549300VSP3RIX7FGDZ51,1164727,2011.0,Q2TTM,2010-07-01,2011-06-30,,3.52,3.52,0.5,740000000.0,3.44,211000000.0,6000000.0,619000000.0,2360000000.0,2524000000.0,-164000000.0,1736000000.0,624000000.0,2684000000.0,7529000000.0,,,,7000000.0,65000000.0,82000000.0,,199000000.0,338000000.0,2684000000.0,4845000000.0,198000000.0,,1576000000.0,3269000000.0,-133000000.0,3136000000.0,7529000000.0,494000000.0,494000000.0,494000000.0
Newmont Mining Corp,NEM,549300VSP3RIX7FGDZ51,1164727,2011.0,Q2,2011-04-01,2011-06-30,2012-07-26 17:15:57+00:00,0.78,0.78,0.2,250000000.0,0.77,89000000.0,,187000000.0,524000000.0,660000000.0,-136000000.0,387000000.0,137000000.0,917000000.0,2384000000.0,,,,0.0,48000000.0,43000000.0,,86000000.0,137000000.0,917000000.0,1467000000.0,63000000.0,,605000000.0,862000000.0,-15000000.0,847000000.0,2384000000.0,494000000.0,494000000.0,494000000.0
Newmont Mining Corp,NEM,549300VSP3RIX7FGDZ51,1164727,2011.0,Q1TTM,2010-04-01,2011-03-31,,3.52,3.52,0.4,721000000.0,3.44,175000000.0,6000000.0,715000000.0,2373000000.0,2401000000.0,-28000000.0,1731000000.0,642000000.0,2615000000.0,7298000000.0,,,,5000000.0,61000000.0,52000000.0,,170000000.0,305000000.0,2615000000.0,4683000000.0,204000000.0,,1429000000.0,3254000000.0,-143000000.0,3111000000.0,7298000000.0,,,
Newmont Mining Corp,NEM,549300VSP3RIX7FGDZ51,1164727,2012.0,Q4,2012-10-01,2012-12-31,,2.34,2.34,0.7,512000000.0,2.31,135000000.0,52000000.0,473000000.0,1293000000.0,1336000000.0,-43000000.0,1156000000.0,137000000.0,2244000000.0,5255000000.0,,,,-31000000.0,190000000.0,-33000000.0,96000000.0,192000000.0,296000000.0,2244000000.0,3011000000.0,,-111000000.0,1250000000.0,1761000000.0,79000000.0,1840000000.0,5255000000.0,496000000.0,496000000.0,496000000.0
Newmont Mining Corp,NEM,549300VSP3RIX7FGDZ51,1164727,2012.0,FY,2012-01-01,2012-12-31,2015-02-19 21:44:44+00:00,3.64,3.64,1.4,1032000000.0,3.61,356000000.0,52000000.0,876000000.0,2111000000.0,2187000000.0,-76000000.0,1802000000.0,309000000.0,4334000000.0,9964000000.0,,,,-51000000.0,278000000.0,,96000000.0,348000000.0,661000000.0,4334000000.0,5630000000.0,,-249000000.0,2545000000.0,3085000000.0,29000000.0,3114000000.0,9964000000.0,496000000.0,496000000.0,496000000.0
Newmont Mining Corp,NEM,549300VSP3RIX7FGDZ51,1164727,2012.0,Q3YTD,2012-01-01,2012-09-30,,1.3,1.3,0.7,520000000.0,1.3,221000000.0,,403000000.0,818000000.0,851000000.0,-33000000.0,646000000.0,172000000.0,2090000000.0,4709000000.0,,,,-20000000.0,88000000.0,33000000.0,,156000000.0,365000000.0,2090000000.0,2619000000.0,,-138000000.0,1295000000.0,1324000000.0,-50000000.0,1274000000.0,4709000000.0,496000000.0,496000000.0,496000000.0
Newmont Mining Corp,NEM,549300VSP3RIX7FGDZ51,1164727,2012.0,Q3TTM,2011-10-01,2012-09-30,,1.26,1.26,1.5,1306000000.0,1.26,482000000.0,2084000000.0,929000000.0,1266000000.0,1299000000.0,-33000000.0,625000000.0,641000000.0,5063000000.0,12683000000.0,,,,-9000000.0,52000000.0,110000000.0,,443000000.0,691000000.0,5063000000.0,7620000000.0,-63000000.0,-382000000.0,5116000000.0,2504000000.0,-267000000.0,2237000000.0,12683000000.0,496000000.0,496000000.0,496000000.0
Newmont Mining Corp,NEM,549300VSP3RIX7FGDZ51,1164727,2012.0,Q3,2012-07-01,2012-09-30,2013-10-31 17:24:50+00:00,0.74,0.74,0.35,272000000.0,0.74,115000000.0,0.0,228000000.0,447000000.0,480000000.0,-33000000.0,367000000.0,80000000.0,1088000000.0,2480000000.0,,,,-9000000.0,52000000.0,17000000.0,,74000000.0,182000000.0,1088000000.0,1392000000.0,,-67000000.0,660000000.0,732000000.0,-15000000.0,717000000.0,2480000000.0,496000000.0,496000000.0,496000000.0
Newmont Mining Corp,NEM,549300VSP3RIX7FGDZ51,1164727,2012.0,Q2YTD,2012-01-01,2012-06-30,,0.56,0.56,0.35,248000000.0,0.56,106000000.0,,175000000.0,371000000.0,371000000.0,,279000000.0,92000000.0,1002000000.0,2229000000.0,,,,-11000000.0,36000000.0,16000000.0,,82000000.0,183000000.0,1002000000.0,1227000000.0,,-71000000.0,635000000.0,592000000.0,-35000000.0,557000000.0,2229000000.0,496000000.0,496000000.0,496000000.0
Newmont Mining Corp,NEM,549300VSP3RIX7FGDZ51,1164727,2012.0,Q2TTM,2011-07-01,2012-06-30,,0.52,0.52,1.15,1034000000.0,0.52,367000000.0,2084000000.0,701000000.0,819000000.0,819000000.0,,258000000.0,561000000.0,3975000000.0,10203000000.0,,,,,,93000000.0,,369000000.0,509000000.0,3975000000.0,6228000000.0,-63000000.0,-315000000.0,4456000000.0,1772000000.0,-252000000.0,1520000000.0,10203000000.0,496000000.0,496000000.0,496000000.0
Newmont Mining Corp,NEM,549300VSP3RIX7FGDZ51,1164727,2012.0,Q2,2012-04-01,2012-06-30,2013-07-26 06:14:09+00:00,0.56,0.56,0.35,248000000.0,0.56,106000000.0,0.0,175000000.0,371000000.0,371000000.0,0.0,279000000.0,92000000.0,1002000000.0,2229000000.0,,,,-11000000.0,36000000.0,16000000.0,,82000000.0,183000000.0,1002000000.0,1227000000.0,,-71000000.0,635000000.0,592000000.0,-35000000.0,557000000.0,2229000000.0,496000000.0,496000000.0,496000000.0
Newmont Mining Corp,NEM,549300VSP3RIX7FGDZ51,1164727,2012.0,Q1TTM,2011-04-01,2012-03-31,,1.73,1.73,1.35,1267000000.0,1.7,438000000.0,2084000000.0,1056000000.0,1575000000.0,1782000000.0,-207000000.0,856000000.0,719000000.0,4907000000.0,13041000000.0,,,,-8000000.0,45000000.0,136000000.0,,475000000.0,637000000.0,4907000000.0,8134000000.0,52000000.0,-244000000.0,5037000000.0,3097000000.0,-251000000.0,2846000000.0,13041000000.0,495000000.0,495000000.0,495000000.0
Newmont Mining Corp,NEM,549300VSP3RIX7FGDZ51,1164727,2013.0,Q4,2013-10-01,2013-12-31,,-2.38,-2.38,0.2,381000000.0,-2.38,52000000.0,2088000000.0,-809000000.0,-969000000.0,-1280000000.0,8000000.0,-1187000000.0,218000000.0,1482000000.0,2188000000.0,303000000.0,,,1000000.0,-17000000.0,,25000000.0,57000000.0,84000000.0,1482000000.0,706000000.0,,-92000000.0,2687000000.0,-1981000000.0,-109000000.0,-2090000000.0,2188000000.0,498000000.0,498000000.0,498000000.0
Newmont Mining Corp,NEM,549300VSP3RIX7FGDZ51,1164727,2013.0,FY,2013-01-01,2013-12-31,2015-02-19 21:44:44+00:00,-5.09,-5.09,1.225,1362000000.0,-5.09,247000000.0,4352000000.0,-755000000.0,-2534000000.0,-2856000000.0,61000000.0,-2534000000.0,,5299000000.0,8414000000.0,261000000.0,,,-5000000.0,349000000.0,,81000000.0,222000000.0,503000000.0,5299000000.0,3115000000.0,,-303000000.0,6767000000.0,-3652000000.0,46000000.0,-3606000000.0,8414000000.0,498000000.0,498000000.0,498000000.0
Newmont Mining Corp,NEM,549300VSP3RIX7FGDZ51,1164727,2013.0,Q3YTD,2013-01-01,2013-09-30,,-2.71,-2.71,1.03,981000000.0,-2.71,195000000.0,2264000000.0,54000000.0,-1565000000.0,-1576000000.0,53000000.0,-1347000000.0,-218000000.0,3817000000.0,6226000000.0,-42000000.0,,,-6000000.0,366000000.0,,56000000.0,165000000.0,419000000.0,3817000000.0,2409000000.0,,-211000000.0,4080000000.0,-1671000000.0,155000000.0,-1516000000.0,6226000000.0,498000000.0,498000000.0,498000000.0
Newmont Mining Corp,NEM,549300VSP3RIX7FGDZ51,1164727,2013.0,Q3TTM,2012-10-01,2013-09-30,,-0.37,-0.37,1.72,1493000000.0,-0.4,330000000.0,2316000000.0,527000000.0,-272000000.0,-240000000.0,10000000.0,-191000000.0,-81000000.0,6061000000.0,11481000000.0,-42000000.0,,,-37000000.0,556000000.0,-33000000.0,152000000.0,357000000.0,715000000.0,6061000000.0,5420000000.0,,-322000000.0,5330000000.0,90000000.0,234000000.0,324000000.0,11481000000.0,498000000.0,498000000.0,498000000.0
Newmont Mining Corp,NEM,549300VSP3RIX7FGDZ51,1164727,2013.0,Q3,2013-07-01,2013-09-30,2014-10-30 17:30:33+00:00,0.8,0.8,0.25,299000000.0,0.8,60000000.0,3000000.0,161000000.0,394000000.0,415000000.0,-21000000.0,398000000.0,-4000000.0,1078000000.0,2020000000.0,,,,1000000.0,290000000.0,,20000000.0,67000000.0,132000000.0,1078000000.0,942000000.0,,-76000000.0,581000000.0,361000000.0,214000000.0,575000000.0,2020000000.0,498000000.0,498000000.0,498000000.0
Newmont Mining Corp,NEM,549300VSP3RIX7FGDZ51,1164727,2013.0,Q2YTD,2013-01-01,2013-06-30,,-3.51,-3.51,0.77,682000000.0,-3.51,135000000.0,2261000000.0,-107000000.0,-1959000000.0,-1991000000.0,74000000.0,-1745000000.0,-214000000.0,2739000000.0,4206000000.0,-42000000.0,,,-7000000.0,76000000.0,,36000000.0,98000000.0,287000000.0,2739000000.0,1467000000.0,,-135000000.0,3499000000.0,-2032000000.0,-59000000.0,-2091000000.0,4206000000.0,497000000.0,497000000.0,497000000.0
Newmont Mining Corp,NEM,549300VSP3RIX7FGDZ51,1164727,2013.0,Q2TTM,2012-07-01,2013-06-30,,-0.43,-0.43,1.82,1466000000.0,-0.46,385000000.0,2313000000.0,594000000.0,-219000000.0,-175000000.0,-2000000.0,-222000000.0,3000000.0,6071000000.0,11941000000.0,-42000000.0,,,-47000000.0,318000000.0,-16000000.0,132000000.0,364000000.0,765000000.0,6071000000.0,5870000000.0,,-313000000.0,5409000000.0,461000000.0,5000000.0,466000000.0,11941000000.0,497000000.0,497000000.0,497000000.0
Newmont Mining Corp,NEM,549300VSP3RIX7FGDZ51,1164727,2013.0,Q2,2013-04-01,2013-06-30,2014-07-29 20:41:16+00:00,-4.14,-4.14,0.35,415000000.0,-4.14,76000000.0,2261000000.0,-287000000.0,-2273000000.0,-2347000000.0,74000000.0,-2059000000.0,-214000000.0,1682000000.0,2018000000.0,,,,-3000000.0,50000000.0,,18000000.0,46000000.0,131000000.0,1682000000.0,336000000.0,,-70000000.0,2947000000.0,-2611000000.0,-20000000.0,-2631000000.0,2018000000.0,497000000.0,497000000.0,497000000.0
Newmont Mining Corp,NEM,549300VSP3RIX7FGDZ51,1164727,2013.0,Q1,2013-01-01,2013-03-31,2014-04-25 06:09:41+00:00,0.63,0.63,0.425,267000000.0,0.63,59000000.0,,180000000.0,314000000.0,356000000.0,,314000000.0,,1057000000.0,2188000000.0,-42000000.0,,,-4000000.0,26000000.0,,18000000.0,52000000.0,156000000.0,1057000000.0,1131000000.0,,-65000000.0,552000000.0,579000000.0,-39000000.0,540000000.0,2188000000.0,497000000.0,497000000.0,497000000.0
Newmont Mining Corp,NEM,549300VSP3RIX7FGDZ51,1164727,2013.0,Q1TTM,2012-04-01,2013-03-31,,4.27,4.27,1.83,1299000000.0,4.24,415000000.0,52000000.0,1056000000.0,2425000000.0,2543000000.0,-76000000.0,2116000000.0,309000000.0,5391000000.0,12152000000.0,-42000000.0,,,-55000000.0,304000000.0,,114000000.0,400000000.0,817000000.0,5391000000.0,6761000000.0,,-314000000.0,3097000000.0,3664000000.0,-10000000.0,3654000000.0,12152000000.0,497000000.0,497000000.0,497000000.0
Newmont Mining Corp,NEM,549300VSP3RIX7FGDZ51,1164727,2014.0,FY,2014-01-01,2014-12-31,2017-02-21 17:29:57+00:00,1.02,1.02,0.225,1088000000.0,1.02,163000000.0,26000000.0,204000000.0,329000000.0,613000000.0,-284000000.0,508000000.0,-179000000.0,3919000000.0,6819000000.0,,,,-4000000.0,158000000.0,142000000.0,,159000000.0,329000000.0,3919000000.0,2900000000.0,,-330000000.0,1907000000.0,993000000.0,-172000000.0,821000000.0,6819000000.0,499000000.0,499000000.0,499000000.0
Newmont Mining Corp,NEM,549300VSP3RIX7FGDZ51,1164727,2014.0,Q4,2014-10-01,2014-12-31,,0.03,0.03,0.03,166000000.0,0.03,44000000.0,26000000.0,226000000.0,61000000.0,329000000.0,-268000000.0,15000000.0,46000000.0,591000000.0,1544000000.0,,,,-6000000.0,30000000.0,142000000.0,-61000000.0,39000000.0,12000000.0,591000000.0,953000000.0,,-54000000.0,368000000.0,585000000.0,-24000000.0,561000000.0,1544000000.0,499000000.0,499000000.0,499000000.0
Newmont Mining Corp,NEM,549300VSP3RIX7FGDZ51,1164727,2014.0,Q3,2014-07-01,2014-09-30,2015-10-28 17:46:11+00:00,0.43,0.43,0.025,318000000.0,0.43,44000000.0,,-47000000.0,75000000.0,72000000.0,3000000.0,213000000.0,-138000000.0,1185000000.0,1746000000.0,,,,,79000000.0,,20000000.0,36000000.0,108000000.0,1185000000.0,561000000.0,,-89000000.0,526000000.0,35000000.0,-10000000.0,25000000.0,1746000000.0,499000000.0,499000000.0,499000000.0
Newmont Mining Corp,NEM,549300VSP3RIX7FGDZ51,1164727,2014.0,Q3YTD,2014-01-01,2014-09-30,,0.99,0.99,0.2,922000000.0,0.99,119000000.0,,-22000000.0,268000000.0,284000000.0,-16000000.0,493000000.0,-225000000.0,3328000000.0,5275000000.0,,,,2000000.0,128000000.0,,61000000.0,120000000.0,317000000.0,3328000000.0,1947000000.0,,-276000000.0,1539000000.0,408000000.0,-148000000.0,260000000.0,5275000000.0,499000000.0,499000000.0,499000000.0
Newmont Mining Corp,NEM,549300VSP3RIX7FGDZ51,1164727,2014.0,Q3TTM,2013-10-01,2014-09-30,,-1.39,-1.39,0.4,1303000000.0,-1.39,171000000.0,2088000000.0,-831000000.0,-701000000.0,-996000000.0,-8000000.0,-694000000.0,-7000000.0,4810000000.0,7463000000.0,303000000.0,,,3000000.0,111000000.0,,86000000.0,177000000.0,401000000.0,4810000000.0,2653000000.0,,-368000000.0,4226000000.0,-1573000000.0,-257000000.0,-1830000000.0,7463000000.0,499000000.0,499000000.0,499000000.0
Newmont Mining Corp,NEM,549300VSP3RIX7FGDZ51,1164727,2014.0,Q2YTD,2014-01-01,2014-06-30,,0.56,0.56,0.18,604000000.0,0.56,75000000.0,,25000000.0,193000000.0,212000000.0,-19000000.0,280000000.0,-87000000.0,2143000000.0,3529000000.0,,,,2000000.0,49000000.0,,41000000.0,84000000.0,209000000.0,2143000000.0,1386000000.0,,-187000000.0,1013000000.0,373000000.0,-138000000.0,235000000.0,3529000000.0,499000000.0,499000000.0,499000000.0
Newmont Mining Corp,NEM,549300VSP3RIX7FGDZ51,1164727,2014.0,Q2TTM,2013-07-01,2014-06-30,,-1.02,-1.02,0.62,1284000000.0,-1.02,187000000.0,2091000000.0,-623000000.0,-382000000.0,-653000000.0,-32000000.0,-509000000.0,127000000.0,4703000000.0,7737000000.0,303000000.0,,,4000000.0,322000000.0,,86000000.0,208000000.0,425000000.0,4703000000.0,3034000000.0,,-355000000.0,4281000000.0,-1247000000.0,-33000000.0,-1280000000.0,7737000000.0,499000000.0,499000000.0,499000000.0
Newmont Mining Corp,NEM,549300VSP3RIX7FGDZ51,1164727,2014.0,Q2,2014-04-01,2014-06-30,2015-07-22 18:06:14+00:00,0.36,0.36,0.025,306000000.0,0.36,41000000.0,,-53000000.0,145000000.0,147000000.0,-2000000.0,180000000.0,-35000000.0,1060000000.0,1765000000.0,,,,2000000.0,3000000.0,,21000000.0,42000000.0,112000000.0,1060000000.0,705000000.0,,-94000000.0,522000000.0,183000000.0,-91000000.0,92000000.0,1765000000.0,499000000.0,499000000.0,499000000.0
Newmont Mining Corp,NEM,549300VSP3RIX7FGDZ51,1164727,2014.0,Q1TTM,2013-04-01,2014-03-31,,-5.52,-5.52,0.95,1393000000.0,-5.52,222000000.0,4352000000.0,-857000000.0,-2800000000.0,-3147000000.0,44000000.0,-2748000000.0,-52000000.0,5325000000.0,7990000000.0,303000000.0,,,-1000000.0,369000000.0,,83000000.0,212000000.0,444000000.0,5325000000.0,2665000000.0,,-331000000.0,6706000000.0,-4041000000.0,38000000.0,-4003000000.0,7990000000.0,498000000.0,498000000.0,498000000.0
Newmont Mining Corp,NEM,549300VSP3RIX7FGDZ51,1164727,2014.0,Q1,2014-01-01,2014-03-31,2015-04-23 21:41:11+00:00,0.2,0.2,0.15,298000000.0,0.2,34000000.0,,78000000.0,48000000.0,65000000.0,-17000000.0,100000000.0,-52000000.0,1083000000.0,1764000000.0,,,,,46000000.0,,20000000.0,42000000.0,97000000.0,1083000000.0,681000000.0,,-93000000.0,491000000.0,190000000.0,-47000000.0,143000000.0,1764000000.0,498000000.0,498000000.0,498000000.0
Newmont Mining Corp,NEM,549300VSP3RIX7FGDZ51,1164727,2015.0,FY,2015-01-01,2015-12-31,2018-02-22 07:37:20+00:00,0.43,0.43,0.1,1102000000.0,0.43,156000000.0,56000000.0,391000000.0,304000000.0,-141000000.0,445000000.0,220000000.0,84000000.0,3578000000.0,6085000000.0,,,,-45000000.0,135000000.0,253000000.0,,126000000.0,357000000.0,3578000000.0,2507000000.0,,-297000000.0,2050000000.0,457000000.0,-162000000.0,295000000.0,6085000000.0,516000000.0,516000000.0,516000000.0
Newmont Mining Corp,NEM,549300VSP3RIX7FGDZ51,1164727,2015.0,Q4,2015-10-01,2015-12-31,,-0.5,-0.5,0.03,245000000.0,-0.5,41000000.0,56000000.0,-15000000.0,-236000000.0,-660000000.0,302000000.0,-254000000.0,18000000.0,599000000.0,645000000.0,122000000.0,,,-11000000.0,5000000.0,182000000.0,,34000000.0,101000000.0,599000000.0,46000000.0,,-56000000.0,659000000.0,-613000000.0,-51000000.0,-664000000.0,645000000.0,516000000.0,516000000.0,516000000.0
Newmont Mining Corp,NEM,549300VSP3RIX7FGDZ51,1164727,2015.0,Q3,2015-07-01,2015-09-30,2016-10-26 17:13:33+00:00,0.42,0.42,0.025,292000000.0,0.42,34000000.0,,61000000.0,285000000.0,159000000.0,126000000.0,219000000.0,66000000.0,925000000.0,1560000000.0,,,,-18000000.0,142000000.0,22000000.0,,31000000.0,86000000.0,925000000.0,635000000.0,,-74000000.0,465000000.0,170000000.0,68000000.0,238000000.0,1560000000.0,529000000.0,529000000.0,529000000.0
Newmont Mining Corp,NEM,549300VSP3RIX7FGDZ51,1164727,2015.0,Q3YTD,2015-01-01,2015-09-30,,0.93,0.93,0.08,857000000.0,0.93,115000000.0,,406000000.0,540000000.0,519000000.0,143000000.0,474000000.0,66000000.0,2979000000.0,5440000000.0,-122000000.0,,,-34000000.0,130000000.0,71000000.0,,92000000.0,256000000.0,2979000000.0,2461000000.0,,-241000000.0,1391000000.0,1070000000.0,-111000000.0,959000000.0,5440000000.0,529000000.0,529000000.0,529000000.0
Newmont Mining Corp,NEM,549300VSP3RIX7FGDZ51,1164727,2015.0,Q3TTM,2014-10-01,2015-09-30,,0.96,0.96,0.1,1023000000.0,0.96,159000000.0,26000000.0,632000000.0,601000000.0,848000000.0,-125000000.0,489000000.0,112000000.0,3570000000.0,6984000000.0,-122000000.0,,,-40000000.0,160000000.0,213000000.0,-61000000.0,131000000.0,268000000.0,3570000000.0,3414000000.0,,-295000000.0,1759000000.0,1655000000.0,-135000000.0,1520000000.0,6984000000.0,529000000.0,529000000.0,529000000.0
Newmont Mining Corp,NEM,549300VSP3RIX7FGDZ51,1164727,2015.0,Q2,2015-04-01,2015-06-30,2016-07-20 17:07:23+00:00,0.14,0.14,0.025,276000000.0,0.14,48000000.0,,152000000.0,72000000.0,139000000.0,9000000.0,72000000.0,,1027000000.0,1908000000.0,-76000000.0,,,-7000000.0,-23000000.0,26000000.0,,33000000.0,95000000.0,1027000000.0,881000000.0,,-82000000.0,478000000.0,403000000.0,-105000000.0,298000000.0,1908000000.0,505000000.0,505000000.0,505000000.0
Newmont Mining Corp,NEM,549300VSP3RIX7FGDZ51,1164727,2015.0,Q2YTD,2015-01-01,2015-06-30,,0.51,0.51,0.05,565000000.0,0.51,81000000.0,,345000000.0,255000000.0,360000000.0,17000000.0,255000000.0,,2054000000.0,3880000000.0,-122000000.0,,,-16000000.0,-12000000.0,49000000.0,,61000000.0,170000000.0,2054000000.0,1826000000.0,,-167000000.0,926000000.0,900000000.0,-179000000.0,721000000.0,3880000000.0,505000000.0,505000000.0,505000000.0
Newmont Mining Corp,NEM,549300VSP3RIX7FGDZ51,1164727,2015.0,Q2TTM,2014-07-01,2015-06-30,,0.97,0.97,0.1,1049000000.0,0.97,169000000.0,26000000.0,524000000.0,391000000.0,761000000.0,-248000000.0,483000000.0,-92000000.0,3830000000.0,7170000000.0,-122000000.0,,,-22000000.0,97000000.0,191000000.0,-41000000.0,136000000.0,290000000.0,3830000000.0,3340000000.0,,-310000000.0,1820000000.0,1520000000.0,-213000000.0,1307000000.0,7170000000.0,505000000.0,505000000.0,505000000.0
Newmont Mining Corp,NEM,549300VSP3RIX7FGDZ51,1164727,2015.0,Q1,2015-01-01,2015-03-31,2016-04-20 17:15:03+00:00,0.37,0.37,0.025,289000000.0,0.37,33000000.0,,193000000.0,183000000.0,221000000.0,8000000.0,183000000.0,,1027000000.0,1972000000.0,-46000000.0,,,-9000000.0,11000000.0,23000000.0,,28000000.0,75000000.0,1027000000.0,945000000.0,,-85000000.0,448000000.0,497000000.0,-74000000.0,423000000.0,1972000000.0,499000000.0,499000000.0,499000000.0
Newmont Mining Corp,NEM,549300VSP3RIX7FGDZ51,1164727,2015.0,Q1TTM,2014-04-01,2015-03-31,,1.19,1.19,0.1,1079000000.0,1.19,162000000.0,26000000.0,319000000.0,464000000.0,769000000.0,-259000000.0,591000000.0,-127000000.0,3863000000.0,7027000000.0,-46000000.0,,,-13000000.0,123000000.0,165000000.0,-20000000.0,145000000.0,307000000.0,3863000000.0,3164000000.0,,-322000000.0,1864000000.0,1300000000.0,-199000000.0,1101000000.0,7027000000.0,499000000.0,499000000.0,499000000.0
Newmont Mining Corp,NEM,549300VSP3RIX7FGDZ51,1164727,2016.0,Q3,2016-07-01,2016-09-30,2017-10-26 07:32:01+00:00,-0.67,-0.67,0.025,335000000.0,-0.67,39000000.0,,90000000.0,-313000000.0,135000000.0,-448000000.0,-358000000.0,45000000.0,983000000.0,1791000000.0,,,,2000000.0,-4000000.0,25000000.0,,34000000.0,84000000.0,983000000.0,808000000.0,,-64000000.0,517000000.0,291000000.0,-68000000.0,223000000.0,1791000000.0,531000000.0,531000000.0,531000000.0
Newmont Mining Corp,NEM,549300VSP3RIX7FGDZ51,1164727,2016.0,Q3YTD,2016-01-01,2016-09-30,,-0.53,-0.53,0.08,892000000.0,-0.53,107000000.0,,555000000.0,-116000000.0,109000000.0,-225000000.0,-283000000.0,179000000.0,2736000000.0,4922000000.0,,-12000000.0,,-8000000.0,93000000.0,67000000.0,,105000000.0,232000000.0,2736000000.0,2186000000.0,,-204000000.0,1403000000.0,783000000.0,-111000000.0,672000000.0,4922000000.0,531000000.0,531000000.0,531000000.0
Newmont Mining Corp,NEM,549300VSP3RIX7FGDZ51,1164727,2016.0,Q3TTM,2015-10-01,2016-09-30,,-1.03,-1.03,0.1,1137000000.0,-1.03,148000000.0,56000000.0,540000000.0,-352000000.0,-551000000.0,77000000.0,-537000000.0,197000000.0,3335000000.0,5567000000.0,122000000.0,-12000000.0,,-19000000.0,98000000.0,249000000.0,,139000000.0,333000000.0,3335000000.0,2232000000.0,,-260000000.0,2062000000.0,170000000.0,-162000000.0,8000000.0,5567000000.0,531000000.0,531000000.0,531000000.0
Newmont Mining Corp,NEM,549300VSP3RIX7FGDZ51,1164727,2016.0,Q2,2016-04-01,2016-06-30,2017-07-25 08:17:08+00:00,0.04,0.04,0.025,281000000.0,0.04,38000000.0,,238000000.0,62000000.0,-2000000.0,64000000.0,23000000.0,39000000.0,902000000.0,1669000000.0,,,,-5000000.0,1000000.0,21000000.0,,44000000.0,77000000.0,902000000.0,767000000.0,,-66000000.0,461000000.0,306000000.0,-65000000.0,241000000.0,1669000000.0,575000000.0,575000000.0,575000000.0
Newmont Mining Corp,NEM,549300VSP3RIX7FGDZ51,1164727,2016.0,Q2YTD,2016-01-01,2016-06-30,,0.14,0.14,0.05,557000000.0,0.14,68000000.0,,465000000.0,197000000.0,-26000000.0,223000000.0,75000000.0,134000000.0,1753000000.0,3131000000.0,,-12000000.0,,-10000000.0,97000000.0,42000000.0,,71000000.0,148000000.0,1753000000.0,1378000000.0,,-140000000.0,886000000.0,492000000.0,-43000000.0,449000000.0,3131000000.0,575000000.0,575000000.0,575000000.0
Newmont Mining Corp,NEM,549300VSP3RIX7FGDZ51,1164727,2016.0,Q2TTM,2015-07-01,2016-06-30,,0.06,0.06,0.1,1094000000.0,0.06,143000000.0,56000000.0,511000000.0,246000000.0,-527000000.0,651000000.0,40000000.0,218000000.0,3277000000.0,5336000000.0,122000000.0,-12000000.0,,-39000000.0,244000000.0,246000000.0,,136000000.0,335000000.0,3277000000.0,2059000000.0,,-270000000.0,2010000000.0,49000000.0,-26000000.0,23000000.0,5336000000.0,575000000.0,575000000.0,575000000.0
Newmont Mining Corp,NEM,549300VSP3RIX7FGDZ51,1164727,2016.0,Q1,2016-01-01,2016-03-31,2017-04-24 16:51:32+00:00,0.1,0.1,0.025,276000000.0,0.1,30000000.0,,227000000.0,135000000.0,-24000000.0,159000000.0,52000000.0,95000000.0,851000000.0,1462000000.0,,-12000000.0,,-5000000.0,96000000.0,21000000.0,,27000000.0,71000000.0,851000000.0,611000000.0,,-74000000.0,425000000.0,186000000.0,22000000.0,208000000.0,1462000000.0,530000000.0,530000000.0,530000000.0
Newmont Mining Corp,NEM,549300VSP3RIX7FGDZ51,1164727,2016.0,Q1TTM,2015-04-01,2016-03-31,,0.16,0.16,0.1,1089000000.0,0.16,153000000.0,56000000.0,425000000.0,256000000.0,-386000000.0,596000000.0,89000000.0,179000000.0,3402000000.0,5575000000.0,46000000.0,-12000000.0,,-41000000.0,220000000.0,251000000.0,,125000000.0,353000000.0,3402000000.0,2173000000.0,,-286000000.0,2027000000.0,146000000.0,-66000000.0,80000000.0,5575000000.0,530000000.0,530000000.0,530000000.0
Newmont Mining Corp,NEM,549300VSP3RIX7FGDZ51,1164727,2017.0,FY,2017-01-01,2017-12-31,2020-02-20 07:08:38+00:00,-0.21,-0.21,0.25,1261000000.0,-0.21,,14000000.0,1127000000.0,-109000000.0,-71000000.0,-38000000.0,-114000000.0,5000000.0,4433000000.0,7379000000.0,,,,-16000000.0,54000000.0,,,143000000.0,269000000.0,4433000000.0,2946000000.0,,-241000000.0,1687000000.0,1259000000.0,-187000000.0,1072000000.0,7379000000.0,533000000.0,533000000.0,533000000.0
Newmont Mining Corp,NEM,549300VSP3RIX7FGDZ51,1164727,2017.0,Q2,2017-04-01,2017-06-30,2018-07-26 07:01:17+00:00,0.33,0.33,0.05,310000000.0,0.33,51000000.0,,166000000.0,151000000.0,166000000.0,-15000000.0,175000000.0,-24000000.0,999000000.0,1875000000.0,,,,-3000000.0,31000000.0,43000000.0,,32000000.0,72000000.0,999000000.0,876000000.0,,-64000000.0,508000000.0,368000000.0,-33000000.0,335000000.0,1875000000.0,533000000.0,533000000.0,533000000.0
Newmont Mining Corp,NEM,549300VSP3RIX7FGDZ51,1164727,2017.0,Q2YTD,2017-01-01,2017-06-30,,0.42,0.42,0.1,610000000.0,0.42,87000000.0,,277000000.0,209000000.0,247000000.0,-38000000.0,222000000.0,-13000000.0,1956000000.0,3565000000.0,,,,-5000000.0,22000000.0,72000000.0,,58000000.0,144000000.0,1956000000.0,1609000000.0,,-131000000.0,971000000.0,638000000.0,-109000000.0,529000000.0,3565000000.0,533000000.0,533000000.0,533000000.0
Newmont Mining Corp,NEM,549300VSP3RIX7FGDZ51,1164727,2017.0,Q1,2017-01-01,2017-03-31,2018-04-26 07:00:35+00:00,0.09,0.09,0.05,300000000.0,0.09,36000000.0,,111000000.0,58000000.0,81000000.0,-23000000.0,47000000.0,11000000.0,957000000.0,1690000000.0,,,,-2000000.0,-9000000.0,29000000.0,,26000000.0,72000000.0,957000000.0,733000000.0,,-67000000.0,463000000.0,270000000.0,-76000000.0,194000000.0,1690000000.0,532000000.0,532000000.0,532000000.0
Newmont Mining Corp,NEM,549300VSP3RIX7FGDZ51,1164727,2018.0,FY,2018-01-01,2018-12-31,2020-02-20 07:08:38+00:00,0.64,0.64,0.56,1215000000.0,0.64,,369000000.0,386000000.0,380000000.0,319000000.0,61000000.0,341000000.0,39000000.0,4453000000.0,7253000000.0,,,,-33000000.0,155000000.0,,,153000000.0,273000000.0,4453000000.0,2800000000.0,,-207000000.0,2010000000.0,790000000.0,-52000000.0,738000000.0,7253000000.0,533000000.0,533000000.0,533000000.0
Newmont Mining Corp,NEM,549300VSP3RIX7FGDZ51,1164727,2018.0,Q4,2018-10-01,2018-12-31,,,,-0.14,336000000.0,0.01,,3000000.0,260000000.0,15000000.0,10000000.0,5000000.0,2000000.0,13000000.0,1291000000.0,2048000000.0,,,-65000000.0,-8000000.0,-42000000.0,,-13000000.0,46000000.0,76000000.0,1226000000.0,822000000.0,,-54000000.0,448000000.0,374000000.0,-96000000.0,278000000.0,2048000000.0,533000000.0,533000000.0,533000000.0
Newmont Mining Corp,NEM,549300VSP3RIX7FGDZ51,1164727,2018.0,Q3,2018-07-01,2018-09-30,2019-11-05 08:08:09+00:00,-0.27,-0.27,0.14,299000000.0,-0.27,,366000000.0,3000000.0,-124000000.0,-140000000.0,16000000.0,-145000000.0,21000000.0,1074000000.0,1726000000.0,,,,-9000000.0,37000000.0,,,37000000.0,64000000.0,1074000000.0,652000000.0,,-51000000.0,766000000.0,-114000000.0,-14000000.0,-128000000.0,1726000000.0,533000000.0,533000000.0,533000000.0
Newmont Mining Corp,NEM,549300VSP3RIX7FGDZ51,1164727,2018.0,Q3YTD,2018-01-01,2018-09-30,,0.64,0.64,0.14,879000000.0,0.63,,366000000.0,126000000.0,365000000.0,309000000.0,56000000.0,339000000.0,26000000.0,3162000000.0,5205000000.0,,,65000000.0,-25000000.0,197000000.0,,13000000.0,107000000.0,197000000.0,3227000000.0,1978000000.0,,-153000000.0,1562000000.0,416000000.0,44000000.0,460000000.0,5205000000.0,533000000.0,533000000.0,533000000.0
Newmont Mining Corp,NEM,549300VSP3RIX7FGDZ51,1164727,2018.0,Q2,2018-04-01,2018-06-30,2019-07-25 07:04:26+00:00,0.55,0.55,,279000000.0,0.54,,,18000000.0,298000000.0,280000000.0,18000000.0,292000000.0,6000000.0,1019000000.0,1662000000.0,,,37000000.0,-7000000.0,139000000.0,,13000000.0,36000000.0,63000000.0,1056000000.0,606000000.0,,-49000000.0,391000000.0,215000000.0,90000000.0,305000000.0,1662000000.0,530900000.0,530900000.0,540700000.0
Newmont Mining Corp,NEM,549300VSP3RIX7FGDZ51,1164727,2018.0,Q2YTD,2018-01-01,2018-06-30,,0.91,0.91,,580000000.0,0.9,,,123000000.0,489000000.0,449000000.0,40000000.0,484000000.0,5000000.0,2088000000.0,3479000000.0,,,65000000.0,-16000000.0,160000000.0,,13000000.0,70000000.0,133000000.0,2153000000.0,1326000000.0,,-102000000.0,796000000.0,530000000.0,58000000.0,588000000.0,3479000000.0,530900000.0,530900000.0,540700000.0
Newmont Mining Corp,NEM,549300VSP3RIX7FGDZ51,1164727,2018.0,Q2TTM,2017-07-01,2018-06-30,,0.28,0.28,-0.1,1231000000.0,0.27,-87000000.0,14000000.0,973000000.0,171000000.0,131000000.0,40000000.0,148000000.0,23000000.0,4565000000.0,7293000000.0,,,65000000.0,-27000000.0,192000000.0,-72000000.0,13000000.0,155000000.0,258000000.0,4630000000.0,2663000000.0,,-212000000.0,1512000000.0,1151000000.0,-20000000.0,1131000000.0,7293000000.0,530900000.0,530900000.0,540700000.0
Newmont Mining Corp,NEM,549300VSP3RIX7FGDZ51,1164727,2018.0,Q1,2018-01-01,2018-03-31,2019-04-25 07:03:25+00:00,0.36,0.36,0.14,301000000.0,0.36,,0.0,105000000.0,191000000.0,169000000.0,22000000.0,192000000.0,-1000000.0,1069000000.0,1817000000.0,,,28000000.0,-9000000.0,21000000.0,,,34000000.0,70000000.0,1097000000.0,720000000.0,,-53000000.0,405000000.0,315000000.0,-32000000.0,283000000.0,1817000000.0,533300000.0,533300000.0,533300000.0
Newmont Mining Corp,NEM,549300VSP3RIX7FGDZ51,1164727,2018.0,Q1TTM,2017-04-01,2018-03-31,,0.06,0.06,-0.05,1262000000.0,0.06,-36000000.0,14000000.0,1121000000.0,24000000.0,17000000.0,7000000.0,31000000.0,-7000000.0,4545000000.0,7506000000.0,,,28000000.0,-23000000.0,84000000.0,-29000000.0,,151000000.0,267000000.0,4573000000.0,2933000000.0,,-227000000.0,1629000000.0,1304000000.0,-143000000.0,1161000000.0,7506000000.0,533300000.0,533300000.0,533300000.0
Newmont Mining Corp,NEM,549300VSP3RIX7FGDZ51,1164727,2019.0,Q4,2019-10-01,2019-12-31,,1.03,1.03,-0.14,613000000.0,1.03,,2000000.0,129000000.0,561000000.0,533000000.0,28000000.0,565000000.0,-4000000.0,1744000000.0,2967000000.0,,,-73000000.0,42000000.0,161000000.0,-30000000.0,-137000000.0,48000000.0,281000000.0,1671000000.0,1296000000.0,,-60000000.0,777000000.0,519000000.0,101000000.0,620000000.0,2967000000.0,735000000.0,735000000.0,735000000.0
Newmont Mining Corp,NEM,549300VSP3RIX7FGDZ51,1164727,2019.0,FY,2019-01-01,2019-12-31,2020-02-20 07:08:38+00:00,3.82,3.82,1.44,1960000000.0,3.81,,5000000.0,832000000.0,2884000000.0,2956000000.0,-72000000.0,2805000000.0,79000000.0,5740000000.0,9740000000.0,,,,95000000.0,327000000.0,,,150000000.0,608000000.0,5740000000.0,4000000000.0,,2089000000.0,2723000000.0,1277000000.0,2416000000.0,3693000000.0,9740000000.0,735000000.0,735000000.0,735000000.0
Newmont Mining Corp,NEM,549300VSP3RIX7FGDZ51,1164727,2019.0,Q3YTD,2019-01-01,2019-09-30,,2.79,2.79,0.14,1347000000.0,2.78,,3000000.0,703000000.0,2323000000.0,2423000000.0,-100000000.0,2240000000.0,83000000.0,3996000000.0,6773000000.0,,,73000000.0,53000000.0,166000000.0,30000000.0,137000000.0,102000000.0,327000000.0,4069000000.0,2704000000.0,,2149000000.0,1946000000.0,758000000.0,2315000000.0,3073000000.0,6773000000.0,820000000.0,820000000.0,820000000.0
Newmont Mining Corp,NEM,549300VSP3RIX7FGDZ51,1164727,2019.0,Q3TTM,2018-10-01,2019-09-30,,2.79,2.79,,1683000000.0,2.79,,6000000.0,963000000.0,2338000000.0,2433000000.0,-95000000.0,2242000000.0,96000000.0,5287000000.0,8821000000.0,,,8000000.0,45000000.0,124000000.0,30000000.0,124000000.0,148000000.0,403000000.0,5295000000.0,3526000000.0,,2095000000.0,2394000000.0,1132000000.0,2219000000.0,3351000000.0,8821000000.0,820000000.0,820000000.0,820000000.0
Newmont Mining Corp,NEM,549300VSP3RIX7FGDZ51,1164727,2019.0,Q3,2019-07-01,2019-09-30,2019-11-05 08:08:09+00:00,2.66,2.66,0.14,548000000.0,2.65,,3000000.0,558000000.0,2204000000.0,2252000000.0,-48000000.0,2178000000.0,26000000.0,1542000000.0,2713000000.0,,,,32000000.0,31000000.0,,,43000000.0,119000000.0,1542000000.0,1171000000.0,,2289000000.0,713000000.0,458000000.0,2320000000.0,2778000000.0,2713000000.0,820000000.0,820000000.0,820000000.0
Newmont Mining Corp,NEM,549300VSP3RIX7FGDZ51,1164727,2019.0,Q2,2019-04-01,2019-06-30,2019-07-25 07:04:26+00:00,-0.03,-0.03,,487000000.0,-0.03,,,20000000.0,0.0,26000000.0,-26000000.0,-25000000.0,25000000.0,1435000000.0,2257000000.0,,,73000000.0,26000000.0,90000000.0,,137000000.0,32000000.0,81000000.0,1508000000.0,749000000.0,,-82000000.0,737000000.0,12000000.0,8000000.0,20000000.0,2257000000.0,833300000.0,833300000.0,833300000.0
Newmont Mining Corp,NEM,549300VSP3RIX7FGDZ51,1164727,2019.0,Q2YTD,2019-01-01,2019-06-30,,0.13,0.13,,799000000.0,0.13,,,145000000.0,119000000.0,171000000.0,-52000000.0,62000000.0,57000000.0,2454000000.0,4060000000.0,,,73000000.0,21000000.0,135000000.0,30000000.0,137000000.0,59000000.0,208000000.0,2527000000.0,1533000000.0,,-140000000.0,1233000000.0,300000000.0,-5000000.0,295000000.0,4060000000.0,833300000.0,833300000.0,833300000.0
Newmont Mining Corp,NEM,549300VSP3RIX7FGDZ51,1164727,2019.0,Q2TTM,2018-07-01,2019-06-30,,-0.14,-0.14,,1434000000.0,-0.13,,369000000.0,408000000.0,10000000.0,41000000.0,-31000000.0,-81000000.0,91000000.0,4819000000.0,7834000000.0,,,8000000.0,4000000.0,130000000.0,30000000.0,124000000.0,142000000.0,348000000.0,4827000000.0,3007000000.0,,-245000000.0,2447000000.0,560000000.0,-115000000.0,445000000.0,7834000000.0,833300000.0,833300000.0,833300000.0
Newmont Mining Corp,NEM,549300VSP3RIX7FGDZ51,1164727,2019.0,Q1,2019-01-01,2019-03-31,2020-05-05 06:40:09+00:00,0.16,0.16,0.14,312000000.0,0.16,,,125000000.0,119000000.0,145000000.0,-26000000.0,87000000.0,32000000.0,1019000000.0,1803000000.0,,,,-5000000.0,45000000.0,30000000.0,,27000000.0,127000000.0,1019000000.0,784000000.0,,-58000000.0,496000000.0,288000000.0,-13000000.0,275000000.0,1803000000.0,543800000.0,543800000.0,543800000.0
Newmont Mining Corp,NEM,549300VSP3RIX7FGDZ51,1164727,2019.0,Q1TTM,2018-04-01,2019-03-31,,0.44,0.44,,1226000000.0,0.44,,369000000.0,406000000.0,308000000.0,295000000.0,13000000.0,236000000.0,72000000.0,4403000000.0,7239000000.0,,,-28000000.0,-29000000.0,179000000.0,30000000.0,,146000000.0,330000000.0,4375000000.0,2864000000.0,,-212000000.0,2101000000.0,763000000.0,-33000000.0,730000000.0,7239000000.0,543800000.0,543800000.0,543800000.0
Newmont Mining Corp,NEM,549300VSP3RIX7FGDZ51,1164727,2020.0,Q1,2020-01-01,2020-03-31,2020-05-05 06:40:09+00:00,1.02,1.02,0.14,565000000.0,1.02,,,-23000000.0,824000000.0,839000000.0,-15000000.0,822000000.0,2000000.0,1376000000.0,2581000000.0,,,,37000000.0,404000000.0,38000000.0,,27000000.0,118000000.0,1376000000.0,1205000000.0,,-82000000.0,748000000.0,457000000.0,322000000.0,779000000.0,2581000000.0,805900000.0,805900000.0,805900000.0
Newmont Mining Corp,NEM,549300VSP3RIX7FGDZ51,1164727,2020.0,Q1TTM,2019-04-01,2020-03-31,,4.68,4.68,,2213000000.0,4.67,,5000000.0,684000000.0,3589000000.0,3650000000.0,-61000000.0,3540000000.0,49000000.0,6097000000.0,10518000000.0,,,,137000000.0,686000000.0,8000000.0,,150000000.0,599000000.0,6097000000.0,4421000000.0,,2065000000.0,2975000000.0,1446000000.0,2751000000.0,4197000000.0,10518000000.0,805900000.0,805900000.0,805900000.0
