company_name,company_ticker,company_lei,company_cik,year,quarter,start_date,end_date,filing_date,basicdilutedeps,basiceps,cashdividendspershare,depreciationexpense,dilutedeps,impairmentexpense,incometaxexpense,netincome,netincomecontinuing,netincomediscontinued,netincometocommon,netincometononcontrollinginterest,operatingcostofrevenue,operatingrevenue,othergains,otherincome,otheroperatingexpenses,otherspecialcharges,restructuringcharge,sgaexpense,totalcostofrevenue,totalgrossprofit,totalinterestexpense,totalinterestincome,totaloperatingexpenses,totaloperatingincome,totalotherincome,totalpretaxincome,totalrevenue,weightedavebasicdilutedsharesos,weightedavebasicsharesos,weightedavedilutedsharesos
ViacomCBS ,VIAC,5KYC8KF17ROCY24M3H09,813828,2007.0,FY,2007-01-01,2007-12-31,2010-02-25 17:10:49+00:00,1.75,1.75,0.94,455700000.0,1.73,,821500000.0,1247000000.0,1230800000.0,16200000.0,1247000000.0,,8329300000.0,14072900000.0,-80700000.0,-34000000.0,,,,2666100000.0,8329300000.0,5743600000.0,570900000.0,116100000.0,3121800000.0,2621800000.0,-488800000.0,2133000000.0,14072900000.0,712600000.0,713800000.0,721900000.0
ViacomCBS ,VIAC,5KYC8KF17ROCY24M3H09,813828,2008.0,Q3,2008-07-01,2008-09-30,2009-11-05 16:21:38+00:00,-18.58,-18.58,0.27,139700000.0,-18.58,14117200000.0,-1332100000.0,-12462200000.0,-12462200000.0,,-12462200000.0,,2050200000.0,3375700000.0,-6500000.0,-41300000.0,,,5900000.0,680800000.0,2050200000.0,1325500000.0,134800000.0,6400000.0,14943600000.0,-13618100000.0,-169700000.0,-13787800000.0,3375700000.0,670700000.0,670900000.0,670900000.0
ViacomCBS ,VIAC,5KYC8KF17ROCY24M3H09,813828,2008.0,Q2,2008-04-01,2008-06-30,2009-08-06 16:20:54+00:00,0.61,0.61,0.27,123400000.0,0.61,,232900000.0,408400000.0,408400000.0,,408400000.0,,1962300000.0,3393700000.0,-1500000.0,124900000.0,,,2600000.0,668400000.0,1962300000.0,1431400000.0,134300000.0,15200000.0,794400000.0,637000000.0,5800000.0,642800000.0,3393700000.0,669500000.0,669400000.0,674300000.0
ViacomCBS ,VIAC,5KYC8KF17ROCY24M3H09,813828,2009.0,Q4,2009-10-01,2009-12-31,,-0.25,-0.25,-0.15,-434900000.0,-0.24,-31700000.0,-145400000.0,39900000.0,39900000.0,,39900000.0,,-6429800000.0,-9516200000.0,234000000.0,400000.0,,,-9600000.0,-1842300000.0,-6429800000.0,-3086400000.0,-432300000.0,-4300000.0,-2318500000.0,-767900000.0,428400000.0,-339500000.0,-9516200000.0,,,
ViacomCBS ,VIAC,5KYC8KF17ROCY24M3H09,813828,2009.0,Q3,2009-07-01,2009-09-30,2010-11-04 16:44:59+00:00,0.31,0.31,0.05,147400000.0,0.3,31700000.0,79700000.0,,0.0,0.0,,,2132300000.0,3350000000.0,-219700000.0,15000000.0,,,0.0,620400000.0,2132300000.0,1217700000.0,135400000.0,1600000.0,799500000.0,418200000.0,-118800000.0,299400000.0,3350000000.0,,674800000.0,685100000.0
ViacomCBS ,VIAC,5KYC8KF17ROCY24M3H09,813828,2009.0,Q3YTD,2009-01-01,2009-09-30,,0.25,0.25,0.15,434900000.0,0.24,31700000.0,145400000.0,-39900000.0,-39900000.0,,-39900000.0,,6429800000.0,9516200000.0,-234000000.0,-400000.0,,,9600000.0,1842300000.0,6429800000.0,3086400000.0,432300000.0,4300000.0,2318500000.0,767900000.0,-428400000.0,339500000.0,9516200000.0,,674800000.0,685100000.0
ViacomCBS ,VIAC,5KYC8KF17ROCY24M3H09,813828,2009.0,Q2YTD,2009-01-01,2009-06-30,,-0.06,-0.06,0.1,287500000.0,-0.06,,65700000.0,-39900000.0,-39900000.0,,-39900000.0,,4297500000.0,6166200000.0,-14300000.0,-15400000.0,,,9600000.0,1221900000.0,4297500000.0,1868700000.0,296900000.0,2700000.0,1519000000.0,349700000.0,-309600000.0,40100000.0,6166200000.0,770000000.0,673400000.0,680200000.0
ViacomCBS ,VIAC,5KYC8KF17ROCY24M3H09,813828,2009.0,Q2,2009-04-01,2009-06-30,2010-08-03 16:34:31+00:00,0.02,0.02,0.05,145200000.0,0.02,,56900000.0,15400000.0,15400000.0,,15400000.0,,1984400000.0,3006300000.0,-3100000.0,-3500000.0,,,8800000.0,625700000.0,1984400000.0,1021900000.0,164400000.0,1100000.0,779700000.0,242200000.0,-166800000.0,75400000.0,3006300000.0,770000000.0,673400000.0,680200000.0
ViacomCBS ,VIAC,5KYC8KF17ROCY24M3H09,813828,2009.0,Q1,2009-01-01,2009-03-31,2010-05-05 16:28:29+00:00,-0.08,-0.08,0.05,142300000.0,-0.08,,8800000.0,-55300000.0,-55300000.0,,-55300000.0,,2313100000.0,3159900000.0,-11200000.0,-11900000.0,,,800000.0,596200000.0,2313100000.0,846800000.0,132500000.0,1600000.0,739300000.0,107500000.0,-142800000.0,-35300000.0,3159900000.0,691300000.0,671500000.0,671500000.0
ViacomCBS ,VIAC,5KYC8KF17ROCY24M3H09,813828,2010.0,Q4,2010-10-01,2010-12-31,,0.42,0.42,0.05,76000000.0,0.4,,187000000.0,283000000.0,381000000.0,-98000000.0,283000000.0,,1955000000.0,3307000000.0,-4000000.0,12000000.0,,,-7000000.0,553000000.0,1955000000.0,1352000000.0,171000000.0,1000000.0,622000000.0,730000000.0,-158000000.0,572000000.0,3307000000.0,676600000.0,679000000.0,694000000.0
ViacomCBS ,VIAC,5KYC8KF17ROCY24M3H09,813828,2010.0,FY,2010-01-01,2010-12-31,2013-02-15 16:42:53+00:00,1.07,1.07,0.2,500000000.0,1.04,0.0,478000000.0,724000000.0,822000000.0,-98000000.0,724000000.0,,8512000000.0,13466000000.0,-35000000.0,9000000.0,,,59000000.0,2466000000.0,8512000000.0,4954000000.0,608000000.0,5000000.0,3025000000.0,1929000000.0,-594000000.0,1335000000.0,13466000000.0,676600000.0,679000000.0,694000000.0
ViacomCBS ,VIAC,5KYC8KF17ROCY24M3H09,813828,2010.0,Q3,2010-07-01,2010-09-30,2011-11-03 16:14:53+00:00,0.47,0.47,0.05,139000000.0,0.46,,179000000.0,317000000.0,317000000.0,,317000000.0,,1916000000.0,3297000000.0,-13000000.0,24000000.0,,,7000000.0,624000000.0,1916000000.0,1381000000.0,127000000.0,1000000.0,770000000.0,611000000.0,-102000000.0,509000000.0,3297000000.0,674500000.0,679000000.0,694000000.0
ViacomCBS ,VIAC,5KYC8KF17ROCY24M3H09,813828,2010.0,Q3YTD,2010-01-01,2010-09-30,,0.65,0.65,0.15,424000000.0,0.64,,291000000.0,441000000.0,441000000.0,,441000000.0,,6557000000.0,10159000000.0,-31000000.0,-3000000.0,,,66000000.0,1913000000.0,6557000000.0,3602000000.0,437000000.0,4000000.0,2403000000.0,1199000000.0,-436000000.0,763000000.0,10159000000.0,674500000.0,679000000.0,694000000.0
ViacomCBS ,VIAC,5KYC8KF17ROCY24M3H09,813828,2010.0,Q3TTM,2009-10-01,2010-09-30,,0.4,0.4,,-10900000.0,0.4,-31700000.0,145600000.0,480900000.0,480900000.0,,480900000.0,,127200000.0,642800000.0,203000000.0,-2600000.0,,,56400000.0,70700000.0,127200000.0,515600000.0,4700000.0,-300000.0,84500000.0,431100000.0,-7600000.0,423500000.0,642800000.0,674500000.0,679000000.0,694000000.0
ViacomCBS ,VIAC,5KYC8KF17ROCY24M3H09,813828,2010.0,Q2,2010-04-01,2010-06-30,2011-08-02 16:18:34+00:00,0.22,0.22,0.05,144000000.0,0.22,,91000000.0,150000000.0,150000000.0,,150000000.0,,2077000000.0,3331000000.0,-7000000.0,-14000000.0,,,2000000.0,673000000.0,2077000000.0,1254000000.0,175000000.0,2000000.0,819000000.0,435000000.0,-187000000.0,248000000.0,3331000000.0,681800000.0,679000000.0,693000000.0
ViacomCBS ,VIAC,5KYC8KF17ROCY24M3H09,813828,2010.0,Q2YTD,2010-01-01,2010-06-30,,0.18,0.18,0.1,285000000.0,0.18,,112000000.0,124000000.0,124000000.0,,124000000.0,,4641000000.0,6862000000.0,-18000000.0,-27000000.0,,,59000000.0,1289000000.0,4641000000.0,2221000000.0,310000000.0,3000000.0,1633000000.0,588000000.0,-334000000.0,254000000.0,6862000000.0,681800000.0,679000000.0,693000000.0
ViacomCBS ,VIAC,5KYC8KF17ROCY24M3H09,813828,2010.0,Q2TTM,2009-07-01,2010-06-30,,0.24,0.24,,-2500000.0,0.24,,46300000.0,163900000.0,163900000.0,,163900000.0,,343500000.0,695800000.0,-3700000.0,-11600000.0,,,49400000.0,67100000.0,343500000.0,352300000.0,13100000.0,300000.0,114000000.0,238300000.0,-24400000.0,213900000.0,695800000.0,681800000.0,679000000.0,693000000.0
ViacomCBS ,VIAC,5KYC8KF17ROCY24M3H09,813828,2010.0,Q1,2010-01-01,2010-03-31,2011-05-03 16:21:08+00:00,-0.04,-0.04,0.05,141000000.0,-0.04,,21000000.0,-26000000.0,-26000000.0,,-26000000.0,,2564000000.0,3531000000.0,-11000000.0,-13000000.0,,,57000000.0,616000000.0,2564000000.0,967000000.0,135000000.0,1000000.0,814000000.0,153000000.0,-147000000.0,6000000.0,3531000000.0,650000000.0,676000000.0,676000000.0
ViacomCBS ,VIAC,5KYC8KF17ROCY24M3H09,813828,2010.0,Q1TTM,2009-04-01,2010-03-31,,0.04,0.04,,-1300000.0,0.04,,12200000.0,29300000.0,29300000.0,,29300000.0,,250900000.0,371100000.0,200000.0,-1100000.0,,,56200000.0,19800000.0,250900000.0,120200000.0,2500000.0,-600000.0,74700000.0,45500000.0,-4200000.0,41300000.0,371100000.0,650000000.0,676000000.0,676000000.0
ViacomCBS ,VIAC,5KYC8KF17ROCY24M3H09,813828,2011.0,Q4,2011-10-01,2011-12-31,,0.57,0.57,0.1,83000000.0,0.55,,182000000.0,370000000.0,456000000.0,-86000000.0,370000000.0,,1766000000.0,3176000000.0,1000000.0,-4000000.0,,,43000000.0,539000000.0,1766000000.0,1410000000.0,105000000.0,1000000.0,665000000.0,745000000.0,-108000000.0,637000000.0,3176000000.0,662400000.0,664000000.0,681000000.0
ViacomCBS ,VIAC,5KYC8KF17ROCY24M3H09,813828,2011.0,FY,2011-01-01,2011-12-31,2014-02-14 17:17:39+00:00,1.97,1.97,0.35,495000000.0,1.92,0.0,751000000.0,1305000000.0,1391000000.0,-86000000.0,1305000000.0,,7882000000.0,13637000000.0,-37000000.0,-11000000.0,,,43000000.0,2598000000.0,7882000000.0,5755000000.0,435000000.0,6000000.0,3136000000.0,2619000000.0,-440000000.0,2179000000.0,13637000000.0,662400000.0,664000000.0,681000000.0
ViacomCBS ,VIAC,5KYC8KF17ROCY24M3H09,813828,2011.0,Q3YTD,2011-01-01,2011-09-30,,1.4,1.4,0.25,412000000.0,1.37,,569000000.0,935000000.0,935000000.0,,935000000.0,,6116000000.0,10461000000.0,-38000000.0,-7000000.0,,,,2059000000.0,6116000000.0,4345000000.0,330000000.0,5000000.0,2471000000.0,1874000000.0,-332000000.0,1542000000.0,10461000000.0,662700000.0,659000000.0,675000000.0
ViacomCBS ,VIAC,5KYC8KF17ROCY24M3H09,813828,2011.0,Q3TTM,2010-10-01,2011-09-30,,1.82,1.82,0.3,488000000.0,1.77,,756000000.0,1218000000.0,1316000000.0,-98000000.0,1218000000.0,,8071000000.0,13768000000.0,-42000000.0,5000000.0,,,-7000000.0,2612000000.0,8071000000.0,5697000000.0,501000000.0,6000000.0,3093000000.0,2604000000.0,-490000000.0,2114000000.0,13768000000.0,662700000.0,659000000.0,675000000.0
ViacomCBS ,VIAC,5KYC8KF17ROCY24M3H09,813828,2011.0,Q3,2011-07-01,2011-09-30,2012-11-07 16:21:07+00:00,0.51,0.51,0.1,134000000.0,0.5,,217000000.0,338000000.0,338000000.0,,338000000.0,,1810000000.0,3365000000.0,-19000000.0,-21000000.0,,0.0,,718000000.0,1810000000.0,1555000000.0,110000000.0,2000000.0,852000000.0,703000000.0,-129000000.0,574000000.0,3365000000.0,662700000.0,659000000.0,675000000.0
ViacomCBS ,VIAC,5KYC8KF17ROCY24M3H09,813828,2011.0,Q2YTD,2011-01-01,2011-06-30,,0.89,0.89,0.15,278000000.0,0.87,,352000000.0,597000000.0,597000000.0,,597000000.0,,4306000000.0,7096000000.0,-19000000.0,14000000.0,,,,1341000000.0,4306000000.0,2790000000.0,220000000.0,3000000.0,1619000000.0,1171000000.0,-203000000.0,968000000.0,7096000000.0,669500000.0,669000000.0,686000000.0
ViacomCBS ,VIAC,5KYC8KF17ROCY24M3H09,813828,2011.0,Q2TTM,2010-07-01,2011-06-30,,1.78,1.78,0.25,493000000.0,1.73,,718000000.0,1197000000.0,1295000000.0,-98000000.0,1197000000.0,,8177000000.0,13700000000.0,-36000000.0,50000000.0,,,,2518000000.0,8177000000.0,5523000000.0,518000000.0,5000000.0,3011000000.0,2512000000.0,-463000000.0,2049000000.0,13700000000.0,669500000.0,669000000.0,686000000.0
ViacomCBS ,VIAC,5KYC8KF17ROCY24M3H09,813828,2011.0,Q2,2011-04-01,2011-06-30,2012-08-02 17:19:06+00:00,0.59,0.59,0.1,139000000.0,0.58,,230000000.0,395000000.0,395000000.0,,395000000.0,,2030000000.0,3586000000.0,-5000000.0,5000000.0,,0.0,,683000000.0,2030000000.0,1556000000.0,110000000.0,1000000.0,822000000.0,734000000.0,-104000000.0,630000000.0,3586000000.0,669500000.0,669000000.0,686000000.0
ViacomCBS ,VIAC,5KYC8KF17ROCY24M3H09,813828,2011.0,Q1,2011-01-01,2011-03-31,2012-05-01 16:12:15+00:00,0.3,0.3,0.05,139000000.0,0.29,,122000000.0,202000000.0,202000000.0,,202000000.0,,2276000000.0,3510000000.0,-14000000.0,9000000.0,,0.0,,658000000.0,2276000000.0,1234000000.0,110000000.0,2000000.0,797000000.0,437000000.0,-99000000.0,338000000.0,3510000000.0,673300000.0,674000000.0,693000000.0
ViacomCBS ,VIAC,5KYC8KF17ROCY24M3H09,813828,2011.0,Q1TTM,2010-04-01,2011-03-31,,1.41,1.41,0.2,498000000.0,1.37,,579000000.0,952000000.0,1050000000.0,-98000000.0,952000000.0,,8224000000.0,13445000000.0,-38000000.0,31000000.0,,,2000000.0,2508000000.0,8224000000.0,5221000000.0,583000000.0,6000000.0,3008000000.0,2213000000.0,-546000000.0,1667000000.0,13445000000.0,673300000.0,674000000.0,693000000.0
ViacomCBS ,VIAC,5KYC8KF17ROCY24M3H09,813828,2012.0,Q4,2012-10-01,2012-12-31,,0.62,0.62,0.12,-48000000.0,0.6,11000000.0,147000000.0,393000000.0,277000000.0,116000000.0,393000000.0,,1447000000.0,2429000000.0,-7000000.0,2000000.0,,-11000000.0,19000000.0,490000000.0,1447000000.0,982000000.0,93000000.0,1000000.0,461000000.0,521000000.0,-90000000.0,431000000.0,2429000000.0,642400000.0,642000000.0,659000000.0
ViacomCBS ,VIAC,5KYC8KF17ROCY24M3H09,813828,2012.0,FY,2012-01-01,2012-12-31,2015-02-13 17:04:31+00:00,2.45,2.45,0.44,306000000.0,2.39,11000000.0,812000000.0,1574000000.0,1508000000.0,66000000.0,1574000000.0,,7264000000.0,12820000000.0,-37000000.0,7000000.0,,,19000000.0,2442000000.0,7264000000.0,5556000000.0,433000000.0,5000000.0,2778000000.0,2778000000.0,-421000000.0,2357000000.0,12820000000.0,642400000.0,642000000.0,659000000.0
ViacomCBS ,VIAC,5KYC8KF17ROCY24M3H09,813828,2012.0,Q3YTD,2012-01-01,2012-09-30,,1.83,1.83,0.32,354000000.0,1.79,,665000000.0,1181000000.0,1231000000.0,-50000000.0,1181000000.0,,5817000000.0,10391000000.0,-30000000.0,5000000.0,,11000000.0,,1952000000.0,5817000000.0,4574000000.0,340000000.0,4000000.0,2317000000.0,2257000000.0,-331000000.0,1926000000.0,10391000000.0,641000000.0,640000000.0,656000000.0
ViacomCBS ,VIAC,5KYC8KF17ROCY24M3H09,813828,2012.0,Q3TTM,2011-10-01,2012-09-30,,2.4,2.4,0.42,437000000.0,2.34,,847000000.0,1551000000.0,1687000000.0,-136000000.0,1551000000.0,,7583000000.0,13567000000.0,-29000000.0,1000000.0,,11000000.0,43000000.0,2491000000.0,7583000000.0,5984000000.0,445000000.0,5000000.0,2982000000.0,3002000000.0,-439000000.0,2563000000.0,13567000000.0,641000000.0,640000000.0,656000000.0
ViacomCBS ,VIAC,5KYC8KF17ROCY24M3H09,813828,2012.0,Q3,2012-07-01,2012-09-30,2013-11-06 16:20:44+00:00,0.61,0.61,0.12,116000000.0,0.6,,236000000.0,391000000.0,385000000.0,6000000.0,391000000.0,,1717000000.0,3266000000.0,-14000000.0,-3000000.0,,0.0,,645000000.0,1717000000.0,1549000000.0,151000000.0,1000000.0,761000000.0,788000000.0,-153000000.0,635000000.0,3266000000.0,641000000.0,640000000.0,656000000.0
ViacomCBS ,VIAC,5KYC8KF17ROCY24M3H09,813828,2012.0,Q2YTD,2012-01-01,2012-06-30,,1.22,1.22,0.2,238000000.0,1.19,,429000000.0,790000000.0,846000000.0,-56000000.0,790000000.0,,4100000000.0,7125000000.0,-16000000.0,8000000.0,,11000000.0,,1307000000.0,4100000000.0,3025000000.0,189000000.0,3000000.0,1556000000.0,1469000000.0,-178000000.0,1291000000.0,7125000000.0,647000000.0,646000000.0,661000000.0
ViacomCBS ,VIAC,5KYC8KF17ROCY24M3H09,813828,2012.0,Q2TTM,2011-07-01,2012-06-30,,2.3,2.3,0.4,455000000.0,2.24,,828000000.0,1498000000.0,1640000000.0,-142000000.0,1498000000.0,,7676000000.0,13666000000.0,-34000000.0,-17000000.0,,11000000.0,43000000.0,2564000000.0,7676000000.0,5990000000.0,404000000.0,6000000.0,3073000000.0,2917000000.0,-415000000.0,2502000000.0,13666000000.0,647000000.0,646000000.0,661000000.0
ViacomCBS ,VIAC,5KYC8KF17ROCY24M3H09,813828,2012.0,Q2,2012-04-01,2012-06-30,2013-07-31 16:18:34+00:00,0.66,0.66,0.1,119000000.0,0.65,,228000000.0,427000000.0,452000000.0,-25000000.0,427000000.0,,1753000000.0,3329000000.0,-12000000.0,3000000.0,,0.0,,665000000.0,1753000000.0,1576000000.0,104000000.0,1000000.0,784000000.0,792000000.0,-100000000.0,692000000.0,3329000000.0,647000000.0,646000000.0,661000000.0
ViacomCBS ,VIAC,5KYC8KF17ROCY24M3H09,813828,2012.0,Q1TTM,2011-04-01,2012-03-31,,2.23,2.23,0.4,475000000.0,2.17,,830000000.0,1466000000.0,1583000000.0,-117000000.0,1466000000.0,,7953000000.0,13923000000.0,-27000000.0,-15000000.0,,11000000.0,43000000.0,2582000000.0,7953000000.0,5970000000.0,410000000.0,6000000.0,3111000000.0,2859000000.0,-419000000.0,2440000000.0,13923000000.0,648200000.0,650000000.0,667000000.0
ViacomCBS ,VIAC,5KYC8KF17ROCY24M3H09,813828,2012.0,Q1,2012-01-01,2012-03-31,2013-05-01 16:40:56+00:00,0.56,0.56,0.1,119000000.0,0.54,,201000000.0,363000000.0,394000000.0,-31000000.0,363000000.0,,2347000000.0,3796000000.0,-4000000.0,5000000.0,,11000000.0,,642000000.0,2347000000.0,1449000000.0,85000000.0,2000000.0,772000000.0,677000000.0,-78000000.0,599000000.0,3796000000.0,648200000.0,650000000.0,667000000.0
ViacomCBS ,VIAC,5KYC8KF17ROCY24M3H09,813828,2013.0,Q4,2013-10-01,2013-12-31,,0.78,0.78,0.12,31000000.0,0.76,,184000000.0,470000000.0,409000000.0,61000000.0,470000000.0,,1957000000.0,3294000000.0,-11000000.0,9000000.0,,,20000000.0,600000000.0,1957000000.0,1337000000.0,93000000.0,2000000.0,651000000.0,686000000.0,-82000000.0,604000000.0,3294000000.0,608100000.0,608000000.0,624000000.0
ViacomCBS ,VIAC,5KYC8KF17ROCY24M3H09,813828,2013.0,FY,2013-01-01,2013-12-31,2015-02-13 17:04:31+00:00,3.09,3.09,0.48,290000000.0,3.01,0.0,878000000.0,1879000000.0,1738000000.0,141000000.0,1879000000.0,,8124000000.0,14005000000.0,-49000000.0,7000000.0,,,20000000.0,2546000000.0,8124000000.0,5881000000.0,375000000.0,8000000.0,2856000000.0,3025000000.0,-360000000.0,2665000000.0,14005000000.0,608100000.0,608000000.0,624000000.0
ViacomCBS ,VIAC,5KYC8KF17ROCY24M3H09,813828,2013.0,Q3YTD,2013-01-01,2013-09-30,,2.31,2.31,0.36,259000000.0,2.25,,694000000.0,1409000000.0,1329000000.0,80000000.0,1409000000.0,,6167000000.0,10711000000.0,-38000000.0,-2000000.0,,,,1946000000.0,6167000000.0,4544000000.0,282000000.0,6000000.0,2205000000.0,2339000000.0,-278000000.0,2061000000.0,10711000000.0,602400000.0,603000000.0,618000000.0
ViacomCBS ,VIAC,5KYC8KF17ROCY24M3H09,813828,2013.0,Q3TTM,2012-10-01,2013-09-30,,2.93,2.93,0.48,211000000.0,2.85,11000000.0,841000000.0,1802000000.0,1606000000.0,196000000.0,1802000000.0,,7614000000.0,13140000000.0,-45000000.0,,,-11000000.0,19000000.0,2436000000.0,7614000000.0,5526000000.0,375000000.0,7000000.0,2666000000.0,2860000000.0,-368000000.0,2492000000.0,13140000000.0,602400000.0,603000000.0,618000000.0
ViacomCBS ,VIAC,5KYC8KF17ROCY24M3H09,813828,2013.0,Q3,2013-07-01,2013-09-30,2014-11-05 16:08:03+00:00,0.82,0.82,0.12,70000000.0,0.8,0.0,226000000.0,494000000.0,431000000.0,63000000.0,494000000.0,,1801000000.0,3302000000.0,-22000000.0,6000000.0,,,0.0,667000000.0,1801000000.0,1501000000.0,93000000.0,2000000.0,737000000.0,764000000.0,-85000000.0,679000000.0,3302000000.0,602400000.0,603000000.0,618000000.0
ViacomCBS ,VIAC,5KYC8KF17ROCY24M3H09,813828,2013.0,Q2YTD,2013-01-01,2013-06-30,,1.49,1.49,0.24,189000000.0,1.45,,468000000.0,915000000.0,898000000.0,17000000.0,915000000.0,,4366000000.0,7409000000.0,-16000000.0,-8000000.0,,,,1279000000.0,4366000000.0,3043000000.0,189000000.0,4000000.0,1468000000.0,1575000000.0,-193000000.0,1382000000.0,7409000000.0,605100000.0,609000000.0,624000000.0
ViacomCBS ,VIAC,5KYC8KF17ROCY24M3H09,813828,2013.0,Q2TTM,2012-07-01,2013-06-30,,2.72,2.72,0.48,257000000.0,2.65,11000000.0,851000000.0,1699000000.0,1560000000.0,139000000.0,1699000000.0,,7530000000.0,13104000000.0,-37000000.0,-9000000.0,,-11000000.0,19000000.0,2414000000.0,7530000000.0,5574000000.0,433000000.0,6000000.0,2690000000.0,2884000000.0,-436000000.0,2448000000.0,13104000000.0,605100000.0,609000000.0,624000000.0
ViacomCBS ,VIAC,5KYC8KF17ROCY24M3H09,813828,2013.0,Q2,2013-04-01,2013-06-30,2014-08-07 17:01:19+00:00,0.78,0.78,0.12,73000000.0,0.76,,234000000.0,472000000.0,435000000.0,37000000.0,472000000.0,,1892000000.0,3369000000.0,-8000000.0,-6000000.0,,,,629000000.0,1892000000.0,1477000000.0,94000000.0,2000000.0,702000000.0,775000000.0,-98000000.0,677000000.0,3369000000.0,605100000.0,609000000.0,624000000.0
ViacomCBS ,VIAC,5KYC8KF17ROCY24M3H09,813828,2013.0,Q1TTM,2012-04-01,2013-03-31,,2.6,2.6,0.46,303000000.0,2.54,11000000.0,845000000.0,1654000000.0,1577000000.0,77000000.0,1654000000.0,,7391000000.0,13064000000.0,-41000000.0,,,-11000000.0,19000000.0,2450000000.0,7391000000.0,5673000000.0,443000000.0,5000000.0,2772000000.0,2901000000.0,-438000000.0,2463000000.0,13064000000.0,623900000.0,621000000.0,638000000.0
ViacomCBS ,VIAC,5KYC8KF17ROCY24M3H09,813828,2013.0,Q1,2013-01-01,2013-03-31,2014-05-08 16:26:33+00:00,0.71,0.71,0.12,116000000.0,0.69,,234000000.0,443000000.0,463000000.0,-20000000.0,443000000.0,,2474000000.0,4040000000.0,-8000000.0,-2000000.0,,,,650000000.0,2474000000.0,1566000000.0,95000000.0,2000000.0,766000000.0,800000000.0,-95000000.0,705000000.0,4040000000.0,623900000.0,621000000.0,638000000.0
ViacomCBS ,VIAC,5KYC8KF17ROCY24M3H09,813828,2014.0,FY,2014-01-01,2014-12-31,2017-02-17 17:32:36+00:00,5.38,5.38,0.54,250000000.0,5.27,,659000000.0,2959000000.0,1151000000.0,1808000000.0,2959000000.0,,7689000000.0,12519000000.0,-48000000.0,-30000000.0,0.0,0.0,19000000.0,1971000000.0,7689000000.0,4830000000.0,715000000.0,13000000.0,2240000000.0,2590000000.0,-732000000.0,1858000000.0,12519000000.0,550000000.0,550000000.0,561000000.0
ViacomCBS ,VIAC,5KYC8KF17ROCY24M3H09,813828,2014.0,Q4,2014-10-01,2014-12-31,,0.73,0.73,0.15,40000000.0,0.7,-52000000.0,98000000.0,413000000.0,199000000.0,214000000.0,413000000.0,,1834000000.0,2394000000.0,,-20000000.0,,,-7000000.0,178000000.0,1834000000.0,560000000.0,87000000.0,3000000.0,159000000.0,401000000.0,-104000000.0,297000000.0,2394000000.0,550000000.0,550000000.0,561000000.0
ViacomCBS ,VIAC,5KYC8KF17ROCY24M3H09,813828,2014.0,Q3,2014-07-01,2014-09-30,2015-11-03 16:18:04+00:00,3.08,3.08,0.15,68000000.0,3.03,52000000.0,110000000.0,1639000000.0,72000000.0,1567000000.0,1639000000.0,,1936000000.0,3367000000.0,-28000000.0,-21000000.0,,,26000000.0,617000000.0,1936000000.0,1431000000.0,441000000.0,4000000.0,763000000.0,668000000.0,-458000000.0,210000000.0,3367000000.0,532100000.0,532000000.0,541000000.0
ViacomCBS ,VIAC,5KYC8KF17ROCY24M3H09,813828,2014.0,Q3YTD,2014-01-01,2014-09-30,,4.65,4.65,0.39,210000000.0,4.57,52000000.0,561000000.0,2546000000.0,952000000.0,1594000000.0,2546000000.0,,5855000000.0,10125000000.0,-48000000.0,-10000000.0,,,26000000.0,1793000000.0,5855000000.0,4270000000.0,628000000.0,10000000.0,2081000000.0,2189000000.0,-628000000.0,1561000000.0,10125000000.0,532100000.0,532000000.0,541000000.0
ViacomCBS ,VIAC,5KYC8KF17ROCY24M3H09,813828,2014.0,Q3TTM,2013-10-01,2014-09-30,,5.43,5.43,0.51,241000000.0,5.33,52000000.0,745000000.0,3016000000.0,1361000000.0,1655000000.0,3016000000.0,,7812000000.0,13419000000.0,-59000000.0,-1000000.0,,,46000000.0,2393000000.0,7812000000.0,5607000000.0,721000000.0,12000000.0,2732000000.0,2875000000.0,-710000000.0,2165000000.0,13419000000.0,532100000.0,532000000.0,541000000.0
ViacomCBS ,VIAC,5KYC8KF17ROCY24M3H09,813828,2014.0,Q2YTD,2014-01-01,2014-06-30,,1.57,1.57,0.24,142000000.0,1.54,,451000000.0,907000000.0,880000000.0,27000000.0,907000000.0,,3919000000.0,6758000000.0,-20000000.0,11000000.0,,,,1176000000.0,3919000000.0,2839000000.0,187000000.0,6000000.0,1318000000.0,1521000000.0,-170000000.0,1351000000.0,6758000000.0,570100000.0,570000000.0,581000000.0
ViacomCBS ,VIAC,5KYC8KF17ROCY24M3H09,813828,2014.0,Q2TTM,2013-07-01,2014-06-30,,3.17,3.17,0.48,243000000.0,3.1,,861000000.0,1871000000.0,1720000000.0,151000000.0,1871000000.0,,7677000000.0,13354000000.0,-53000000.0,26000000.0,,,20000000.0,2443000000.0,7677000000.0,5677000000.0,373000000.0,10000000.0,2706000000.0,2971000000.0,-337000000.0,2634000000.0,13354000000.0,570100000.0,570000000.0,581000000.0
ViacomCBS ,VIAC,5KYC8KF17ROCY24M3H09,813828,2014.0,Q2,2014-04-01,2014-06-30,2015-08-05 16:22:52+00:00,0.77,0.77,0.12,71000000.0,0.76,,217000000.0,439000000.0,418000000.0,21000000.0,439000000.0,,1798000000.0,3188000000.0,-10000000.0,6000000.0,,,0.0,589000000.0,1798000000.0,1390000000.0,94000000.0,3000000.0,660000000.0,730000000.0,-85000000.0,645000000.0,3188000000.0,570100000.0,570000000.0,581000000.0
ViacomCBS ,VIAC,5KYC8KF17ROCY24M3H09,813828,2014.0,Q1TTM,2013-04-01,2014-03-31,,3.18,3.18,0.48,245000000.0,3.1,,878000000.0,1904000000.0,1737000000.0,167000000.0,1904000000.0,,7771000000.0,13535000000.0,-51000000.0,14000000.0,,,20000000.0,2483000000.0,7771000000.0,5764000000.0,373000000.0,9000000.0,2748000000.0,3016000000.0,-350000000.0,2666000000.0,13535000000.0,585000000.0,585000000.0,600000000.0
ViacomCBS ,VIAC,5KYC8KF17ROCY24M3H09,813828,2014.0,Q1,2014-01-01,2014-03-31,2015-05-07 16:19:13+00:00,0.8,0.8,0.12,71000000.0,0.78,,234000000.0,468000000.0,462000000.0,6000000.0,468000000.0,,2121000000.0,3570000000.0,-10000000.0,5000000.0,,,,587000000.0,2121000000.0,1449000000.0,93000000.0,3000000.0,658000000.0,791000000.0,-85000000.0,706000000.0,3570000000.0,585000000.0,585000000.0,600000000.0
ViacomCBS ,VIAC,5KYC8KF17ROCY24M3H09,813828,2015.0,FY,2015-01-01,2015-12-31,2018-02-16 17:51:35+00:00,2.92,2.92,0.6,235000000.0,2.89,,676000000.0,1413000000.0,1554000000.0,-141000000.0,1413000000.0,,7911000000.0,12671000000.0,-34000000.0,-26000000.0,-139000000.0,0.0,45000000.0,1961000000.0,7911000000.0,4760000000.0,392000000.0,24000000.0,2102000000.0,2658000000.0,-394000000.0,2264000000.0,12671000000.0,483900000.0,484000000.0,489000000.0
ViacomCBS ,VIAC,5KYC8KF17ROCY24M3H09,813828,2015.0,Q4,2015-10-01,2015-12-31,,0.56,0.56,0.15,36000000.0,0.56,,97000000.0,261000000.0,402000000.0,-141000000.0,261000000.0,,2020000000.0,2695000000.0,1000000.0,-3000000.0,-120000000.0,,-10000000.0,171000000.0,2020000000.0,675000000.0,103000000.0,6000000.0,77000000.0,598000000.0,-100000000.0,498000000.0,2695000000.0,483900000.0,484000000.0,489000000.0
ViacomCBS ,VIAC,5KYC8KF17ROCY24M3H09,813828,2015.0,Q3,2015-07-01,2015-09-30,2016-11-03 16:44:59+00:00,0.89,0.89,0.15,65000000.0,0.88,,211000000.0,426000000.0,426000000.0,0.0,426000000.0,,1842000000.0,3257000000.0,-16000000.0,-4000000.0,0.0,,0.0,597000000.0,1842000000.0,1415000000.0,102000000.0,6000000.0,662000000.0,753000000.0,-100000000.0,653000000.0,3257000000.0,478700000.0,480000000.0,484000000.0
ViacomCBS ,VIAC,5KYC8KF17ROCY24M3H09,813828,2015.0,Q3YTD,2015-01-01,2015-09-30,,2.36,2.36,0.45,199000000.0,2.33,,579000000.0,1152000000.0,1152000000.0,,1152000000.0,,5891000000.0,9976000000.0,-35000000.0,-23000000.0,-19000000.0,,55000000.0,1790000000.0,5891000000.0,4085000000.0,289000000.0,18000000.0,2025000000.0,2060000000.0,-294000000.0,1766000000.0,9976000000.0,478700000.0,480000000.0,484000000.0
ViacomCBS ,VIAC,5KYC8KF17ROCY24M3H09,813828,2015.0,Q3TTM,2014-10-01,2015-09-30,,3.09,3.09,0.6,239000000.0,3.03,-52000000.0,677000000.0,1565000000.0,1351000000.0,214000000.0,1565000000.0,,7725000000.0,12370000000.0,-35000000.0,-43000000.0,-19000000.0,,48000000.0,1968000000.0,7725000000.0,4645000000.0,376000000.0,21000000.0,2184000000.0,2461000000.0,-398000000.0,2063000000.0,12370000000.0,478700000.0,480000000.0,484000000.0
ViacomCBS ,VIAC,5KYC8KF17ROCY24M3H09,813828,2015.0,Q2,2015-04-01,2015-06-30,2016-07-28 16:37:31+00:00,0.68,0.68,0.15,66000000.0,0.67,,165000000.0,332000000.0,332000000.0,,332000000.0,,1907000000.0,3219000000.0,-6000000.0,4000000.0,0.0,,55000000.0,605000000.0,1907000000.0,1312000000.0,94000000.0,7000000.0,726000000.0,586000000.0,-83000000.0,503000000.0,3219000000.0,488200000.0,490000000.0,495000000.0
ViacomCBS ,VIAC,5KYC8KF17ROCY24M3H09,813828,2015.0,Q2YTD,2015-01-01,2015-06-30,,1.47,1.47,0.3,134000000.0,1.45,,368000000.0,726000000.0,726000000.0,,726000000.0,,4049000000.0,6719000000.0,-19000000.0,-19000000.0,-19000000.0,,55000000.0,1193000000.0,4049000000.0,2670000000.0,187000000.0,12000000.0,1363000000.0,1307000000.0,-194000000.0,1113000000.0,6719000000.0,488200000.0,490000000.0,495000000.0
ViacomCBS ,VIAC,5KYC8KF17ROCY24M3H09,813828,2015.0,Q2TTM,2014-07-01,2015-06-30,,5.28,5.28,0.6,242000000.0,5.18,,576000000.0,2778000000.0,997000000.0,1781000000.0,2778000000.0,,7819000000.0,12480000000.0,-47000000.0,-60000000.0,-19000000.0,,74000000.0,1988000000.0,7819000000.0,4661000000.0,715000000.0,19000000.0,2285000000.0,2376000000.0,-756000000.0,1620000000.0,12480000000.0,488200000.0,490000000.0,495000000.0
ViacomCBS ,VIAC,5KYC8KF17ROCY24M3H09,813828,2015.0,Q1,2015-01-01,2015-03-31,2016-05-04 09:16:59+00:00,0.79,0.79,0.15,68000000.0,0.78,,203000000.0,394000000.0,394000000.0,,394000000.0,,2142000000.0,3500000000.0,-13000000.0,-23000000.0,-19000000.0,,,588000000.0,2142000000.0,1358000000.0,93000000.0,5000000.0,637000000.0,721000000.0,-111000000.0,610000000.0,3500000000.0,498700000.0,498000000.0,506000000.0
ViacomCBS ,VIAC,5KYC8KF17ROCY24M3H09,813828,2015.0,Q1TTM,2014-04-01,2015-03-31,,5.37,5.37,0.57,247000000.0,5.27,,628000000.0,2885000000.0,1083000000.0,1802000000.0,2885000000.0,,7710000000.0,12449000000.0,-51000000.0,-58000000.0,-19000000.0,,19000000.0,1972000000.0,7710000000.0,4739000000.0,715000000.0,15000000.0,2219000000.0,2520000000.0,-758000000.0,1762000000.0,12449000000.0,498700000.0,498000000.0,506000000.0
ViacomCBS ,VIAC,5KYC8KF17ROCY24M3H09,813828,2016.0,FY,2016-01-01,2016-12-31,2019-02-15 17:31:44+00:00,2.84,2.84,0.66,225000000.0,2.81,,628000000.0,1261000000.0,1552000000.0,-291000000.0,1261000000.0,,7956000000.0,13166000000.0,-50000000.0,-293000000.0,-9000000.0,,38000000.0,2054000000.0,7956000000.0,5210000000.0,411000000.0,32000000.0,2308000000.0,2902000000.0,-672000000.0,2230000000.0,13166000000.0,444000000.0,444000000.0,448000000.0
ViacomCBS ,VIAC,5KYC8KF17ROCY24M3H09,813828,2016.0,Q4,2016-10-01,2016-12-31,,-0.21,-0.21,-0.48,57000000.0,-0.21,,104000000.0,-113000000.0,271000000.0,-384000000.0,-113000000.0,,2138000000.0,3518000000.0,-7000000.0,-286000000.0,,,38000000.0,520000000.0,2138000000.0,1380000000.0,107000000.0,10000000.0,615000000.0,765000000.0,-383000000.0,382000000.0,3518000000.0,444000000.0,444000000.0,448000000.0
ViacomCBS ,VIAC,5KYC8KF17ROCY24M3H09,813828,2016.0,Q3,2016-07-01,2016-09-30,2017-11-03 17:40:51+00:00,1.08,1.08,0.18,54000000.0,1.07,,145000000.0,478000000.0,466000000.0,12000000.0,478000000.0,,1788000000.0,3084000000.0,-13000000.0,0.0,0.0,,,521000000.0,1788000000.0,1296000000.0,104000000.0,7000000.0,575000000.0,721000000.0,-97000000.0,624000000.0,3084000000.0,442600000.0,442000000.0,446000000.0
ViacomCBS ,VIAC,5KYC8KF17ROCY24M3H09,813828,2016.0,Q3YTD,2016-01-01,2016-09-30,,3.05,3.05,0.48,168000000.0,3.02,,524000000.0,1374000000.0,1281000000.0,93000000.0,1374000000.0,,5818000000.0,9648000000.0,-43000000.0,-7000000.0,-9000000.0,,,1534000000.0,5818000000.0,3830000000.0,304000000.0,22000000.0,1693000000.0,2137000000.0,-289000000.0,1848000000.0,9648000000.0,442600000.0,442000000.0,446000000.0
ViacomCBS ,VIAC,5KYC8KF17ROCY24M3H09,813828,2016.0,Q3TTM,2015-10-01,2016-09-30,,3.61,3.61,0.63,204000000.0,3.58,,621000000.0,1635000000.0,1683000000.0,-48000000.0,1635000000.0,,7838000000.0,12343000000.0,-42000000.0,-10000000.0,-129000000.0,,-10000000.0,1705000000.0,7838000000.0,4505000000.0,407000000.0,28000000.0,1770000000.0,2735000000.0,-389000000.0,2346000000.0,12343000000.0,442600000.0,442000000.0,446000000.0
ViacomCBS ,VIAC,5KYC8KF17ROCY24M3H09,813828,2016.0,Q2,2016-04-01,2016-06-30,2017-08-07 16:34:02+00:00,0.94,0.94,0.15,57000000.0,0.93,,173000000.0,423000000.0,373000000.0,50000000.0,423000000.0,,1758000000.0,2976000000.0,-9000000.0,-4000000.0,0.0,,,510000000.0,1758000000.0,1218000000.0,100000000.0,8000000.0,567000000.0,651000000.0,-96000000.0,555000000.0,2976000000.0,450000000.0,451000000.0,455000000.0
ViacomCBS ,VIAC,5KYC8KF17ROCY24M3H09,813828,2016.0,Q2YTD,2016-01-01,2016-06-30,,1.97,1.97,0.3,114000000.0,1.95,,379000000.0,896000000.0,815000000.0,81000000.0,896000000.0,,4030000000.0,6564000000.0,-30000000.0,-7000000.0,-9000000.0,,,1013000000.0,4030000000.0,2534000000.0,200000000.0,15000000.0,1118000000.0,1416000000.0,-192000000.0,1224000000.0,6564000000.0,450000000.0,451000000.0,455000000.0
ViacomCBS ,VIAC,5KYC8KF17ROCY24M3H09,813828,2016.0,Q2TTM,2015-07-01,2016-06-30,,3.42,3.42,0.6,215000000.0,3.39,,687000000.0,1583000000.0,1643000000.0,-60000000.0,1583000000.0,,7892000000.0,12516000000.0,-45000000.0,-14000000.0,-129000000.0,,-10000000.0,1781000000.0,7892000000.0,4624000000.0,405000000.0,27000000.0,1857000000.0,2767000000.0,-392000000.0,2375000000.0,12516000000.0,450000000.0,451000000.0,455000000.0
ViacomCBS ,VIAC,5KYC8KF17ROCY24M3H09,813828,2016.0,Q1,2016-01-01,2016-03-31,2017-05-04 16:42:48+00:00,1.03,1.03,0.15,57000000.0,1.02,,206000000.0,473000000.0,442000000.0,31000000.0,473000000.0,,2272000000.0,3588000000.0,-21000000.0,-3000000.0,-9000000.0,,,503000000.0,2272000000.0,1316000000.0,100000000.0,7000000.0,551000000.0,765000000.0,-96000000.0,669000000.0,3588000000.0,459200000.0,459000000.0,464000000.0
ViacomCBS ,VIAC,5KYC8KF17ROCY24M3H09,813828,2016.0,Q1TTM,2015-04-01,2016-03-31,,3.16,3.16,0.6,224000000.0,3.13,,679000000.0,1492000000.0,1602000000.0,-110000000.0,1492000000.0,,8041000000.0,12759000000.0,-42000000.0,-6000000.0,-129000000.0,,45000000.0,1876000000.0,8041000000.0,4718000000.0,399000000.0,26000000.0,2016000000.0,2702000000.0,-379000000.0,2323000000.0,12759000000.0,459200000.0,459000000.0,464000000.0
ViacomCBS ,VIAC,5KYC8KF17ROCY24M3H09,813828,2017.0,FY,2017-01-01,2017-12-31,2020-02-20 17:33:38+00:00,3.63,3.63,0.72,443000000.0,3.59,,804000000.0,2373000000.0,3320000000.0,-947000000.0,2321000000.0,52000000.0,15483000000.0,26535000000.0,4000000.0,-182000000.0,,-146000000.0,258000000.0,5156000000.0,15483000000.0,11052000000.0,1126000000.0,87000000.0,5711000000.0,5341000000.0,-1221000000.0,4120000000.0,26535000000.0,639400000.0,640000000.0,647000000.0
ViacomCBS ,VIAC,5KYC8KF17ROCY24M3H09,813828,2017.0,Q4,2017-10-01,2017-12-31,,2.62,2.62,-0.54,277000000.0,2.6,,325000000.0,1975000000.0,2051000000.0,-76000000.0,1923000000.0,52000000.0,9543000000.0,16764000000.0,49000000.0,-126000000.0,,-146000000.0,258000000.0,3636000000.0,9543000000.0,7221000000.0,785000000.0,42000000.0,4025000000.0,3196000000.0,-869000000.0,2327000000.0,16764000000.0,639400000.0,640000000.0,647000000.0
ViacomCBS ,VIAC,5KYC8KF17ROCY24M3H09,813828,2017.0,Q3,2017-07-01,2017-09-30,2018-11-01 17:18:33+00:00,1.48,1.48,0.18,55000000.0,1.46,,172000000.0,592000000.0,418000000.0,174000000.0,592000000.0,,1862000000.0,3171000000.0,-16000000.0,-19000000.0,,,0.0,525000000.0,1862000000.0,1309000000.0,121000000.0,17000000.0,580000000.0,729000000.0,-123000000.0,606000000.0,3171000000.0,400000000.0,401000000.0,406000000.0
ViacomCBS ,VIAC,5KYC8KF17ROCY24M3H09,813828,2017.0,Q3YTD,2017-01-01,2017-09-30,,1.01,1.01,0.54,166000000.0,0.99,,479000000.0,398000000.0,1269000000.0,-871000000.0,398000000.0,,5940000000.0,9771000000.0,-45000000.0,-56000000.0,,,,1520000000.0,5940000000.0,3831000000.0,341000000.0,45000000.0,1686000000.0,2145000000.0,-352000000.0,1793000000.0,9771000000.0,400000000.0,401000000.0,406000000.0
ViacomCBS ,VIAC,5KYC8KF17ROCY24M3H09,813828,2017.0,Q3TTM,2016-10-01,2017-09-30,,0.8,0.8,0.06,223000000.0,0.78,,583000000.0,285000000.0,1540000000.0,-1255000000.0,285000000.0,,8078000000.0,13289000000.0,-52000000.0,-342000000.0,,,38000000.0,2040000000.0,8078000000.0,5211000000.0,448000000.0,55000000.0,2301000000.0,2910000000.0,-735000000.0,2175000000.0,13289000000.0,400000000.0,401000000.0,406000000.0
ViacomCBS ,VIAC,5KYC8KF17ROCY24M3H09,813828,2017.0,Q2,2017-04-01,2017-06-30,2018-08-02 17:18:58+00:00,0.14,0.14,0.18,56000000.0,0.14,,169000000.0,58000000.0,397000000.0,-339000000.0,58000000.0,,2004000000.0,3257000000.0,-12000000.0,-16000000.0,,,0.0,507000000.0,2004000000.0,1253000000.0,111000000.0,15000000.0,563000000.0,690000000.0,-112000000.0,578000000.0,3257000000.0,414300000.0,405000000.0,410000000.0
ViacomCBS ,VIAC,5KYC8KF17ROCY24M3H09,813828,2017.0,Q2YTD,2017-01-01,2017-06-30,,-0.47,-0.47,0.36,111000000.0,-0.47,,307000000.0,-194000000.0,851000000.0,-1045000000.0,-194000000.0,,4078000000.0,6600000000.0,-29000000.0,-37000000.0,,,,995000000.0,4078000000.0,2522000000.0,220000000.0,28000000.0,1106000000.0,1416000000.0,-229000000.0,1187000000.0,6600000000.0,414300000.0,405000000.0,410000000.0
ViacomCBS ,VIAC,5KYC8KF17ROCY24M3H09,813828,2017.0,Q2TTM,2016-07-01,2017-06-30,,0.4,0.4,0.06,222000000.0,0.39,,556000000.0,171000000.0,1588000000.0,-1417000000.0,171000000.0,,8004000000.0,13202000000.0,-49000000.0,-323000000.0,,,38000000.0,2036000000.0,8004000000.0,5198000000.0,431000000.0,45000000.0,2296000000.0,2902000000.0,-709000000.0,2193000000.0,13202000000.0,414300000.0,405000000.0,410000000.0
ViacomCBS ,VIAC,5KYC8KF17ROCY24M3H09,813828,2017.0,Q1,2017-01-01,2017-03-31,2018-05-04 16:28:47+00:00,-0.61,-0.61,0.18,55000000.0,-0.61,,138000000.0,-252000000.0,454000000.0,-706000000.0,-252000000.0,,2074000000.0,3343000000.0,-17000000.0,-21000000.0,,,0.0,488000000.0,2074000000.0,1269000000.0,109000000.0,13000000.0,543000000.0,726000000.0,-117000000.0,609000000.0,3343000000.0,413100000.0,410000000.0,416000000.0
ViacomCBS ,VIAC,5KYC8KF17ROCY24M3H09,813828,2017.0,Q1TTM,2016-04-01,2017-03-31,,1.2,1.2,0.03,223000000.0,1.18,,560000000.0,536000000.0,1564000000.0,-1028000000.0,536000000.0,,7758000000.0,12921000000.0,-46000000.0,-311000000.0,,,38000000.0,2039000000.0,7758000000.0,5163000000.0,420000000.0,38000000.0,2300000000.0,2863000000.0,-693000000.0,2170000000.0,12921000000.0,413100000.0,410000000.0,416000000.0
ViacomCBS ,VIAC,5KYC8KF17ROCY24M3H09,813828,2018.0,FY,2018-01-01,2018-12-31,2020-02-20 17:33:38+00:00,5.6,5.6,0.72,433000000.0,5.56,,617000000.0,3492000000.0,3460000000.0,32000000.0,3455000000.0,37000000.0,15917000000.0,27250000000.0,-47000000.0,-147000000.0,,0.0,490000000.0,5206000000.0,15917000000.0,11333000000.0,1012000000.0,79000000.0,6129000000.0,5204000000.0,-1080000000.0,4124000000.0,27250000000.0,617000000.0,617000000.0,621000000.0
ViacomCBS ,VIAC,5KYC8KF17ROCY24M3H09,813828,2018.0,Q4,2018-10-01,2018-12-31,,1.9,1.9,,265000000.0,1.9,,305000000.0,2093000000.0,2061000000.0,32000000.0,2056000000.0,37000000.0,9411000000.0,16760000000.0,5000000.0,-95000000.0,-46000000.0,,446000000.0,3601000000.0,9411000000.0,7349000000.0,663000000.0,36000000.0,4266000000.0,3083000000.0,-722000000.0,2361000000.0,16760000000.0,617000000.0,617000000.0,621000000.0
ViacomCBS ,VIAC,5KYC8KF17ROCY24M3H09,813828,2018.0,Q3,2018-07-01,2018-09-30,2019-11-12 16:31:09+00:00,1.3,1.3,,56000000.0,1.29,,64000000.0,488000000.0,488000000.0,,488000000.0,,1922000000.0,3263000000.0,-18000000.0,-17000000.0,46000000.0,0.0,0.0,549000000.0,1922000000.0,1341000000.0,115000000.0,12000000.0,651000000.0,690000000.0,-120000000.0,570000000.0,3263000000.0,375400000.0,375000000.0,379000000.0
ViacomCBS ,VIAC,5KYC8KF17ROCY24M3H09,813828,2018.0,Q3YTD,2018-01-01,2018-09-30,,3.7,3.7,,168000000.0,3.66,,312000000.0,1399000000.0,1399000000.0,,1399000000.0,,6506000000.0,10490000000.0,-52000000.0,-52000000.0,46000000.0,,44000000.0,1605000000.0,6506000000.0,3984000000.0,349000000.0,43000000.0,1863000000.0,2121000000.0,-358000000.0,1763000000.0,10490000000.0,375400000.0,375000000.0,379000000.0
ViacomCBS ,VIAC,5KYC8KF17ROCY24M3H09,813828,2018.0,Q3TTM,2017-10-01,2018-09-30,,6.32,6.32,-0.54,445000000.0,6.26,,637000000.0,3374000000.0,3450000000.0,-76000000.0,3322000000.0,52000000.0,16049000000.0,27254000000.0,-3000000.0,-178000000.0,46000000.0,-146000000.0,302000000.0,5241000000.0,16049000000.0,11205000000.0,1134000000.0,85000000.0,5888000000.0,5317000000.0,-1227000000.0,4090000000.0,27254000000.0,375400000.0,375000000.0,379000000.0
ViacomCBS ,VIAC,5KYC8KF17ROCY24M3H09,813828,2018.0,Q2,2018-04-01,2018-06-30,2019-08-08 17:10:13+00:00,1.06,1.06,,56000000.0,1.05,,113000000.0,400000000.0,400000000.0,,400000000.0,,2184000000.0,3466000000.0,-20000000.0,-24000000.0,,0.0,35000000.0,532000000.0,2184000000.0,1282000000.0,116000000.0,14000000.0,623000000.0,659000000.0,-126000000.0,533000000.0,3466000000.0,377400000.0,378000000.0,381000000.0
ViacomCBS ,VIAC,5KYC8KF17ROCY24M3H09,813828,2018.0,Q2YTD,2018-01-01,2018-06-30,,2.4,2.4,,112000000.0,2.37,,248000000.0,911000000.0,911000000.0,,911000000.0,,4584000000.0,7227000000.0,-34000000.0,-35000000.0,,,44000000.0,1056000000.0,4584000000.0,2643000000.0,234000000.0,31000000.0,1212000000.0,1431000000.0,-238000000.0,1193000000.0,7227000000.0,377400000.0,378000000.0,381000000.0
ViacomCBS ,VIAC,5KYC8KF17ROCY24M3H09,813828,2018.0,Q2TTM,2017-07-01,2018-06-30,,6.5,6.5,-0.36,444000000.0,6.43,,745000000.0,3478000000.0,3380000000.0,98000000.0,3426000000.0,52000000.0,15989000000.0,27162000000.0,-1000000.0,-180000000.0,,-146000000.0,302000000.0,5217000000.0,15989000000.0,11173000000.0,1140000000.0,90000000.0,5817000000.0,5356000000.0,-1230000000.0,4126000000.0,27162000000.0,377400000.0,378000000.0,381000000.0
ViacomCBS ,VIAC,5KYC8KF17ROCY24M3H09,813828,2018.0,Q1,2018-01-01,2018-03-31,2019-05-02 17:23:57+00:00,1.34,1.34,,56000000.0,1.32,,135000000.0,511000000.0,511000000.0,,511000000.0,,2400000000.0,3761000000.0,-14000000.0,-11000000.0,,0.0,9000000.0,524000000.0,2400000000.0,1361000000.0,118000000.0,17000000.0,589000000.0,772000000.0,-112000000.0,660000000.0,3761000000.0,381300000.0,382000000.0,386000000.0
ViacomCBS ,VIAC,5KYC8KF17ROCY24M3H09,813828,2018.0,Q1TTM,2017-04-01,2018-03-31,,5.58,5.58,-0.18,444000000.0,5.52,,801000000.0,3136000000.0,3377000000.0,-241000000.0,3084000000.0,52000000.0,15809000000.0,26953000000.0,7000000.0,-172000000.0,,-146000000.0,267000000.0,5192000000.0,15809000000.0,11144000000.0,1135000000.0,91000000.0,5757000000.0,5387000000.0,-1216000000.0,4171000000.0,26953000000.0,381300000.0,382000000.0,386000000.0
ViacomCBS ,VIAC,5KYC8KF17ROCY24M3H09,813828,2019.0,Q4,2019-10-01,2019-12-31,,-0.89,-0.89,,285000000.0,-0.87,,335000000.0,997000000.0,959000000.0,38000000.0,966000000.0,31000000.0,9888000000.0,16541000000.0,-1000000.0,34000000.0,-80000000.0,,654000000.0,3945000000.0,9888000000.0,6653000000.0,616000000.0,28000000.0,4804000000.0,1849000000.0,-554000000.0,1295000000.0,16541000000.0,614900000.0,615000000.0,617000000.0
ViacomCBS ,VIAC,5KYC8KF17ROCY24M3H09,813828,2019.0,FY,2019-01-01,2019-12-31,2020-02-20 17:33:38+00:00,5.38,5.38,,443000000.0,5.36,,-9000000.0,3339000000.0,3301000000.0,38000000.0,3308000000.0,31000000.0,17223000000.0,27812000000.0,-53000000.0,-32000000.0,,-549000000.0,775000000.0,5647000000.0,17223000000.0,10589000000.0,962000000.0,66000000.0,6316000000.0,4273000000.0,-928000000.0,3345000000.0,27812000000.0,614900000.0,615000000.0,617000000.0
ViacomCBS ,VIAC,5KYC8KF17ROCY24M3H09,813828,2019.0,Q3YTD,2019-01-01,2019-09-30,,6.27,6.27,,158000000.0,6.23,,-344000000.0,2342000000.0,2342000000.0,,2342000000.0,,7335000000.0,11271000000.0,-52000000.0,-66000000.0,80000000.0,-549000000.0,121000000.0,1702000000.0,7335000000.0,3936000000.0,346000000.0,38000000.0,1512000000.0,2424000000.0,-374000000.0,2050000000.0,11271000000.0,375300000.0,374000000.0,376000000.0
ViacomCBS ,VIAC,5KYC8KF17ROCY24M3H09,813828,2019.0,Q3TTM,2018-10-01,2019-09-30,,8.17,8.17,,423000000.0,8.13,,-39000000.0,4435000000.0,4403000000.0,32000000.0,4398000000.0,37000000.0,16746000000.0,28031000000.0,-47000000.0,-161000000.0,34000000.0,-549000000.0,567000000.0,5303000000.0,16746000000.0,11285000000.0,1009000000.0,74000000.0,5778000000.0,5507000000.0,-1096000000.0,4411000000.0,28031000000.0,375300000.0,374000000.0,376000000.0
ViacomCBS ,VIAC,5KYC8KF17ROCY24M3H09,813828,2019.0,Q3,2019-07-01,2019-09-30,2019-11-12 16:31:09+00:00,0.85,0.85,,52000000.0,0.85,,33000000.0,319000000.0,319000000.0,,319000000.0,,2078000000.0,3295000000.0,-23000000.0,-24000000.0,80000000.0,0.0,0.0,584000000.0,2078000000.0,1217000000.0,114000000.0,12000000.0,716000000.0,501000000.0,-126000000.0,375000000.0,3295000000.0,375300000.0,374000000.0,376000000.0
ViacomCBS ,VIAC,5KYC8KF17ROCY24M3H09,813828,2019.0,Q2,2019-04-01,2019-06-30,2019-08-08 17:10:13+00:00,1.18,1.18,,53000000.0,1.17,,119000000.0,440000000.0,440000000.0,,440000000.0,,2509000000.0,3809000000.0,-12000000.0,-21000000.0,,0.0,7000000.0,545000000.0,2509000000.0,1300000000.0,115000000.0,12000000.0,605000000.0,695000000.0,-124000000.0,571000000.0,3809000000.0,372900000.0,374000000.0,376000000.0
ViacomCBS ,VIAC,5KYC8KF17ROCY24M3H09,813828,2019.0,Q2YTD,2019-01-01,2019-06-30,,5.42,5.42,,106000000.0,5.38,,-377000000.0,2023000000.0,2023000000.0,,2023000000.0,,5257000000.0,7976000000.0,-29000000.0,-42000000.0,,-549000000.0,121000000.0,1118000000.0,5257000000.0,2719000000.0,232000000.0,26000000.0,796000000.0,1923000000.0,-248000000.0,1675000000.0,7976000000.0,372900000.0,374000000.0,376000000.0
ViacomCBS ,VIAC,5KYC8KF17ROCY24M3H09,813828,2019.0,Q2TTM,2018-07-01,2019-06-30,,8.62,8.62,,427000000.0,8.57,,-8000000.0,4604000000.0,4572000000.0,32000000.0,4567000000.0,37000000.0,16590000000.0,27999000000.0,-42000000.0,-154000000.0,,-549000000.0,567000000.0,5268000000.0,16590000000.0,11409000000.0,1010000000.0,74000000.0,5713000000.0,5696000000.0,-1090000000.0,4606000000.0,27999000000.0,372900000.0,374000000.0,376000000.0
ViacomCBS ,VIAC,5KYC8KF17ROCY24M3H09,813828,2019.0,Q1TTM,2018-04-01,2019-03-31,,8.5,8.5,,430000000.0,8.45,,-14000000.0,4564000000.0,4532000000.0,32000000.0,4527000000.0,37000000.0,16265000000.0,27656000000.0,-50000000.0,-157000000.0,,-549000000.0,595000000.0,5255000000.0,16265000000.0,11391000000.0,1011000000.0,76000000.0,5731000000.0,5660000000.0,-1092000000.0,4568000000.0,27656000000.0,373300000.0,373000000.0,376000000.0
ViacomCBS ,VIAC,5KYC8KF17ROCY24M3H09,813828,2019.0,Q1,2019-01-01,2019-03-31,2019-05-02 17:23:57+00:00,4.24,4.24,0.18,53000000.0,4.21,,-496000000.0,1583000000.0,1583000000.0,,1583000000.0,,2748000000.0,4167000000.0,-17000000.0,-21000000.0,,-549000000.0,114000000.0,573000000.0,2748000000.0,1419000000.0,117000000.0,14000000.0,191000000.0,1228000000.0,-124000000.0,1104000000.0,4167000000.0,373300000.0,373000000.0,376000000.0
