company_name,company_ticker,company_lei,company_cik,year,quarter,start_date,end_date,filing_date,basicdilutedeps,basiceps,cashdividendspershare,depreciationexpense,dilutedeps,impairmentexpense,incometaxexpense,netincome,netincomecontinuing,netincomediscontinued,netincometocommon,netincometononcontrollinginterest,operatingcostofrevenue,operatingrevenue,otheradjustmentstonetincometocommon,othercostofrevenue,othergains,otherincome,otheroperatingexpenses,otherrevenue,otherspecialcharges,preferreddividends,sgaexpense,totalcostofrevenue,totalgrossprofit,totalinterestexpense,totalinterestincome,totaloperatingexpenses,totaloperatingincome,totalotherincome,totalpretaxincome,totalrevenue,weightedavebasicdilutedsharesos,weightedavebasicsharesos,weightedavedilutedsharesos
AT&T Inc,T,549300Z40J86GGSTL398,732717,2007.0,FY,2007-01-01,2007-12-31,2010-02-25 17:19:20+00:00,1.95,1.95,,21577000000.0,1.94,,6252000000.0,12147000000.0,12147000000.0,,11951000000.0,196000000.0,46801000000.0,107378000000.0,,,,810000000.0,,11550000000.0,,,30146000000.0,46801000000.0,72127000000.0,3507000000.0,692000000.0,51723000000.0,20404000000.0,-2005000000.0,18399000000.0,118928000000.0,6128700000.0,6128700000.0,6160300000.0
AT&T Inc,T,549300Z40J86GGSTL398,732717,2008.0,FY,2008-01-01,2008-12-31,2011-02-28 17:53:20+00:00,-0.44,-0.44,1.61,19673000000.0,-0.44,,-2210000000.0,-2364000000.0,-2362000000.0,-2000000.0,-2625000000.0,261000000.0,56688000000.0,111403000000.0,,,,-332000000.0,,12040000000.0,,,48772000000.0,56688000000.0,66755000000.0,3369000000.0,819000000.0,68445000000.0,-1690000000.0,-2882000000.0,-4572000000.0,123443000000.0,5927000000.0,5927000000.0,5927000000.0
AT&T Inc,T,549300Z40J86GGSTL398,732717,2008.0,Q3,2008-07-01,2008-09-30,2009-11-05 12:09:20+00:00,0.55,0.55,0.4,4978000000.0,0.55,,1705000000.0,3289000000.0,3289000000.0,,3230000000.0,59000000.0,13022000000.0,28017000000.0,,,,-23000000.0,,3325000000.0,,,7724000000.0,13022000000.0,18320000000.0,858000000.0,257000000.0,12702000000.0,5618000000.0,-624000000.0,4994000000.0,31342000000.0,5872700000.0,5893000000.0,5872700000.0
AT&T Inc,T,549300Z40J86GGSTL398,732717,2008.0,Q2,2008-04-01,2008-06-30,2009-08-05 16:39:31+00:00,0.64,0.64,0.4,4958000000.0,0.63,,2111000000.0,3843000000.0,3843000000.0,,3772000000.0,71000000.0,11897000000.0,27850000000.0,,,,29000000.0,,3016000000.0,,,7444000000.0,11897000000.0,18969000000.0,854000000.0,212000000.0,12402000000.0,6567000000.0,-613000000.0,5954000000.0,30866000000.0,5893800000.0,5926000000.0,5987300000.0
AT&T Inc,T,549300Z40J86GGSTL398,732717,2009.0,FY,2009-01-01,2009-12-31,2011-02-28 17:53:20+00:00,2.06,2.06,1.65,19515000000.0,2.05,,6091000000.0,12447000000.0,12427000000.0,20000000.0,12138000000.0,309000000.0,50571000000.0,111172000000.0,,,,152000000.0,,11341000000.0,,,31427000000.0,50571000000.0,71942000000.0,3368000000.0,734000000.0,50942000000.0,21000000000.0,-2482000000.0,18518000000.0,122513000000.0,5900000000.0,5900000000.0,5900000000.0
AT&T Inc,T,549300Z40J86GGSTL398,732717,2009.0,Q4,2009-10-01,2009-12-31,,0.45,0.45,0.42,4873000000.0,0.44,,1207000000.0,2695000000.0,2685000000.0,10000000.0,2622000000.0,73000000.0,12912000000.0,27819000000.0,,,,108000000.0,,2775000000.0,,,8418000000.0,12912000000.0,17682000000.0,792000000.0,185000000.0,13291000000.0,4391000000.0,-499000000.0,3892000000.0,30594000000.0,5900000000.0,5900000000.0,5900000000.0
AT&T Inc,T,549300Z40J86GGSTL398,732717,2009.0,Q3YTD,2009-01-01,2009-09-30,,1.61,1.61,1.23,14642000000.0,1.61,,4884000000.0,9752000000.0,9742000000.0,10000000.0,9516000000.0,236000000.0,37659000000.0,83353000000.0,,,,44000000.0,,8566000000.0,,,23009000000.0,37659000000.0,54260000000.0,2576000000.0,549000000.0,37651000000.0,16609000000.0,-1983000000.0,14626000000.0,91919000000.0,5911100000.0,5901000000.0,5922000000.0
AT&T Inc,T,549300Z40J86GGSTL398,732717,2009.0,Q3,2009-07-01,2009-09-30,2010-11-04 20:57:08+00:00,0.54,0.54,0.41,4881000000.0,0.54,,1463000000.0,3275000000.0,3268000000.0,7000000.0,3192000000.0,83000000.0,12907000000.0,27925000000.0,,,,29000000.0,,2809000000.0,,,7574000000.0,12907000000.0,17827000000.0,851000000.0,181000000.0,12455000000.0,5372000000.0,-641000000.0,4731000000.0,30734000000.0,5911100000.0,5901000000.0,5922000000.0
AT&T Inc,T,549300Z40J86GGSTL398,732717,2009.0,Q2YTD,2009-01-01,2009-06-30,,1.07,1.07,0.82,9761000000.0,1.07,,3421000000.0,6477000000.0,6474000000.0,3000000.0,6324000000.0,153000000.0,24752000000.0,55428000000.0,,,,15000000.0,,5757000000.0,,,15435000000.0,24752000000.0,36433000000.0,1725000000.0,368000000.0,25196000000.0,11237000000.0,-1342000000.0,9895000000.0,61185000000.0,5922200000.0,5900000000.0,5923000000.0
AT&T Inc,T,549300Z40J86GGSTL398,732717,2009.0,Q2,2009-04-01,2009-06-30,2010-08-06 14:53:47+00:00,0.54,0.54,0.41,4875000000.0,0.54,,1612000000.0,3276000000.0,3273000000.0,3000000.0,3198000000.0,78000000.0,12557000000.0,27749000000.0,,,,30000000.0,,2865000000.0,,,7682000000.0,12557000000.0,18057000000.0,876000000.0,231000000.0,12557000000.0,5500000000.0,-615000000.0,4885000000.0,30614000000.0,5922200000.0,5900000000.0,5923000000.0
AT&T Inc,T,549300Z40J86GGSTL398,732717,2009.0,Q1,2009-01-01,2009-03-31,2010-05-06 17:14:53+00:00,0.53,0.53,0.41,4886000000.0,0.53,,1809000000.0,3201000000.0,3201000000.0,,3126000000.0,75000000.0,12195000000.0,27679000000.0,,,,-15000000.0,,2892000000.0,,,7753000000.0,12195000000.0,18376000000.0,849000000.0,137000000.0,12639000000.0,5737000000.0,-727000000.0,5010000000.0,30571000000.0,5898100000.0,5896000000.0,5898100000.0
AT&T Inc,T,549300Z40J86GGSTL398,732717,2010.0,FY,2010-01-01,2010-12-31,2012-02-24 14:34:06+00:00,3.36,6.59,1.69,19379000000.0,6.57,85000000.0,-1162000000.0,20179000000.0,19400000000.0,779000000.0,19864000000.0,315000000.0,52379000000.0,113332000000.0,,,,897000000.0,,10948000000.0,,,32864000000.0,52379000000.0,71901000000.0,2994000000.0,762000000.0,52328000000.0,19573000000.0,-1335000000.0,18238000000.0,124280000000.0,5913000000.0,3014300000.0,3023400000.0
AT&T Inc,T,549300Z40J86GGSTL398,732717,2010.0,Q4,2010-10-01,2010-12-31,,0.18,3.41,0.43,4907000000.0,3.42,85000000.0,388000000.0,1161000000.0,1159000000.0,2000000.0,1089000000.0,72000000.0,13939000000.0,28463000000.0,,,,72000000.0,,2898000000.0,,,10342000000.0,13939000000.0,17422000000.0,746000000.0,133000000.0,15334000000.0,2088000000.0,-541000000.0,1547000000.0,31361000000.0,5913000000.0,3014300000.0,3023400000.0
AT&T Inc,T,549300Z40J86GGSTL398,732717,2010.0,Q3,2010-07-01,2010-09-30,2011-11-03 17:15:29+00:00,2.08,2.08,0.42,4873000000.0,2.07,,-6573000000.0,12396000000.0,11616000000.0,780000000.0,12319000000.0,77000000.0,13605000000.0,28561000000.0,,,,124000000.0,,3020000000.0,,,7672000000.0,13605000000.0,17976000000.0,729000000.0,217000000.0,12545000000.0,5431000000.0,-388000000.0,5043000000.0,31581000000.0,5922600000.0,5909000000.0,5938000000.0
AT&T Inc,T,549300Z40J86GGSTL398,732717,2010.0,Q3YTD,2010-01-01,2010-09-30,,3.18,3.18,1.26,14472000000.0,3.15,,-1550000000.0,19018000000.0,18241000000.0,777000000.0,18775000000.0,243000000.0,38440000000.0,84869000000.0,,,,825000000.0,,8050000000.0,,,22522000000.0,38440000000.0,54479000000.0,2248000000.0,629000000.0,36994000000.0,17485000000.0,-794000000.0,16691000000.0,92919000000.0,5922600000.0,5909000000.0,5938000000.0
AT&T Inc,T,549300Z40J86GGSTL398,732717,2010.0,Q3TTM,2009-10-01,2010-09-30,,3.63,3.63,1.68,19345000000.0,3.59,,-343000000.0,21713000000.0,20926000000.0,787000000.0,21397000000.0,316000000.0,51352000000.0,112688000000.0,,,,933000000.0,,10825000000.0,,,30940000000.0,51352000000.0,72161000000.0,3040000000.0,814000000.0,50285000000.0,21876000000.0,-1293000000.0,20583000000.0,123513000000.0,5922600000.0,5909000000.0,5938000000.0
AT&T Inc,T,549300Z40J86GGSTL398,732717,2010.0,Q2YTD,2010-01-01,2010-06-30,,1.1,1.1,0.84,9599000000.0,1.08,,5023000000.0,6622000000.0,6625000000.0,-3000000.0,6456000000.0,166000000.0,24835000000.0,56308000000.0,,,,701000000.0,,5030000000.0,,,14850000000.0,24835000000.0,36503000000.0,1519000000.0,412000000.0,24449000000.0,12054000000.0,-406000000.0,11648000000.0,61338000000.0,5886800000.0,5909000000.0,5937000000.0
AT&T Inc,T,549300Z40J86GGSTL398,732717,2010.0,Q2TTM,2009-07-01,2010-06-30,,2.09,2.09,1.67,19353000000.0,2.06,,7693000000.0,12592000000.0,12578000000.0,14000000.0,12270000000.0,322000000.0,50654000000.0,112052000000.0,,,,838000000.0,,10614000000.0,,,30842000000.0,50654000000.0,72012000000.0,3162000000.0,778000000.0,50195000000.0,21817000000.0,-1546000000.0,20271000000.0,122666000000.0,5886800000.0,5909000000.0,5937000000.0
AT&T Inc,T,549300Z40J86GGSTL398,732717,2010.0,Q2,2010-04-01,2010-06-30,2011-08-05 12:55:46+00:00,0.68,0.68,0.42,4819000000.0,0.67,,2160000000.0,4082000000.0,4087000000.0,-5000000.0,4003000000.0,79000000.0,12452000000.0,28283000000.0,,,,723000000.0,,2525000000.0,,,7454000000.0,12452000000.0,18356000000.0,754000000.0,195000000.0,12273000000.0,6083000000.0,164000000.0,6247000000.0,30808000000.0,5886800000.0,5909000000.0,5937000000.0
AT&T Inc,T,549300Z40J86GGSTL398,732717,2010.0,Q1TTM,2009-04-01,2010-03-31,,1.95,1.95,1.66,19409000000.0,1.93,,7145000000.0,11786000000.0,11764000000.0,22000000.0,11465000000.0,321000000.0,50759000000.0,111518000000.0,,,,145000000.0,,10954000000.0,,,31070000000.0,50759000000.0,71713000000.0,3284000000.0,814000000.0,50479000000.0,21234000000.0,-2325000000.0,18909000000.0,122472000000.0,5840500000.0,5905000000.0,5935000000.0
AT&T Inc,T,549300Z40J86GGSTL398,732717,2010.0,Q1,2010-01-01,2010-03-31,2011-05-06 13:16:50+00:00,0.42,0.42,0.42,4780000000.0,0.41,,2863000000.0,2540000000.0,2538000000.0,2000000.0,2453000000.0,87000000.0,12383000000.0,28025000000.0,,,,-22000000.0,,2505000000.0,,,7396000000.0,12383000000.0,18147000000.0,765000000.0,217000000.0,12176000000.0,5971000000.0,-570000000.0,5401000000.0,30530000000.0,5840500000.0,5905000000.0,5935000000.0
AT&T Inc,T,549300Z40J86GGSTL398,732717,2011.0,FY,2011-01-01,2011-12-31,2014-02-21 16:25:54+00:00,0.66,0.66,1.73,18377000000.0,0.66,2910000000.0,2532000000.0,4184000000.0,4184000000.0,,3944000000.0,240000000.0,54904000000.0,126723000000.0,,,,249000000.0,,,,,41314000000.0,54904000000.0,71819000000.0,3535000000.0,784000000.0,62601000000.0,9218000000.0,-2502000000.0,6716000000.0,126723000000.0,5928000000.0,5928000000.0,5928000000.0
AT&T Inc,T,549300Z40J86GGSTL398,732717,2011.0,Q4,2011-10-01,2011-12-31,,-1.12,-1.12,0.44,4573000000.0,-1.12,2910000000.0,-3062000000.0,-3160000000.0,-3160000000.0,,-6678000000.0,50000000.0,16679000000.0,40721000000.0,3468000000.0,,3468000000.0,117000000.0,,-8218000000.0,,,17331000000.0,16679000000.0,15824000000.0,952000000.0,135000000.0,24814000000.0,-8990000000.0,-700000000.0,-9690000000.0,32503000000.0,5928000000.0,5928000000.0,5928000000.0
AT&T Inc,T,549300Z40J86GGSTL398,732717,2011.0,Q3,2011-07-01,2011-09-30,2012-11-02 10:36:10+00:00,0.61,0.61,0.43,4618000000.0,0.61,,1899000000.0,3686000000.0,3686000000.0,,3623000000.0,63000000.0,12656000000.0,28765000000.0,,,,46000000.0,,2713000000.0,,,7969000000.0,12656000000.0,18822000000.0,889000000.0,193000000.0,12587000000.0,6235000000.0,-650000000.0,5585000000.0,31478000000.0,5939300000.0,5936000000.0,5954000000.0
AT&T Inc,T,549300Z40J86GGSTL398,732717,2011.0,Q3YTD,2011-01-01,2011-09-30,,1.78,1.78,1.29,13804000000.0,1.78,,5594000000.0,7344000000.0,7344000000.0,,10622000000.0,190000000.0,38225000000.0,86002000000.0,-3468000000.0,,-3468000000.0,132000000.0,,8218000000.0,,,23983000000.0,38225000000.0,55995000000.0,2583000000.0,649000000.0,37787000000.0,18208000000.0,-1802000000.0,16406000000.0,94220000000.0,5939300000.0,5936000000.0,5954000000.0
AT&T Inc,T,549300Z40J86GGSTL398,732717,2011.0,Q3TTM,2010-10-01,2011-09-30,,1.96,5.19,1.72,18711000000.0,5.2,85000000.0,5982000000.0,8505000000.0,8503000000.0,2000000.0,11711000000.0,262000000.0,52164000000.0,114465000000.0,-3468000000.0,,-3468000000.0,204000000.0,,11116000000.0,,,34325000000.0,52164000000.0,73417000000.0,3329000000.0,782000000.0,53121000000.0,20296000000.0,-2343000000.0,17953000000.0,125581000000.0,5939300000.0,5936000000.0,5954000000.0
AT&T Inc,T,549300Z40J86GGSTL398,732717,2011.0,Q2,2011-04-01,2011-06-30,2012-08-03 12:05:35+00:00,0.6,0.6,0.43,4602000000.0,0.6,,1893000000.0,3658000000.0,3658000000.0,,3591000000.0,67000000.0,12756000000.0,28687000000.0,,,,27000000.0,,2808000000.0,,,7972000000.0,12756000000.0,18739000000.0,848000000.0,207000000.0,12574000000.0,6165000000.0,-614000000.0,5551000000.0,31495000000.0,5985000000.0,5932000000.0,5953000000.0
AT&T Inc,T,549300Z40J86GGSTL398,732717,2011.0,Q2YTD,2011-01-01,2011-06-30,,1.17,1.17,0.86,9186000000.0,1.17,,3695000000.0,3658000000.0,3658000000.0,,6999000000.0,127000000.0,25569000000.0,57237000000.0,-3468000000.0,,-3468000000.0,86000000.0,,5505000000.0,,,16014000000.0,25569000000.0,37173000000.0,1694000000.0,456000000.0,25200000000.0,11973000000.0,-1152000000.0,10821000000.0,62742000000.0,5985000000.0,5932000000.0,5953000000.0
AT&T Inc,T,549300Z40J86GGSTL398,732717,2011.0,Q2TTM,2010-07-01,2011-06-30,,3.43,6.66,1.71,18966000000.0,6.66,85000000.0,-2490000000.0,17215000000.0,16433000000.0,782000000.0,20407000000.0,276000000.0,53113000000.0,114261000000.0,-3468000000.0,,-3468000000.0,282000000.0,,11423000000.0,,,34028000000.0,53113000000.0,72571000000.0,3169000000.0,806000000.0,53079000000.0,19492000000.0,-2081000000.0,17411000000.0,125684000000.0,5985000000.0,5932000000.0,5953000000.0
AT&T Inc,T,549300Z40J86GGSTL398,732717,2011.0,Q1TTM,2010-04-01,2011-03-31,,3.51,6.74,1.7,19183000000.0,6.73,85000000.0,-2223000000.0,17639000000.0,16862000000.0,777000000.0,20819000000.0,288000000.0,52809000000.0,113857000000.0,-3468000000.0,,-3468000000.0,978000000.0,,11140000000.0,,,33510000000.0,52809000000.0,72188000000.0,3075000000.0,794000000.0,52778000000.0,19410000000.0,-1303000000.0,18107000000.0,124997000000.0,5978900000.0,5925000000.0,5945000000.0
AT&T Inc,T,549300Z40J86GGSTL398,732717,2012.0,FY,2012-01-01,2012-12-31,2015-02-20 16:23:15+00:00,1.25,1.25,1.77,18143000000.0,1.25,,2900000000.0,7539000000.0,7539000000.0,,7264000000.0,275000000.0,55228000000.0,127434000000.0,,,,134000000.0,,,0.0,,41066000000.0,55228000000.0,72206000000.0,3444000000.0,752000000.0,59209000000.0,12997000000.0,-2558000000.0,10439000000.0,127434000000.0,5801000000.0,5801000000.0,5801000000.0
AT&T Inc,T,549300Z40J86GGSTL398,732717,2012.0,Q4,2012-10-01,2012-12-31,,-0.65,-0.65,0.45,4572000000.0,-0.64,,-2772000000.0,-3779000000.0,-3779000000.0,,-3857000000.0,78000000.0,17555000000.0,32578000000.0,,,,12000000.0,,,,,16409000000.0,17555000000.0,15023000000.0,820000000.0,215000000.0,20981000000.0,-5958000000.0,-593000000.0,-6551000000.0,32578000000.0,5801000000.0,5801000000.0,5801000000.0
AT&T Inc,T,549300Z40J86GGSTL398,732717,2012.0,Q3,2012-07-01,2012-09-30,2013-11-01 16:41:19+00:00,0.63,0.63,0.44,4512000000.0,0.63,,1741000000.0,3701000000.0,3701000000.0,,3635000000.0,66000000.0,12602000000.0,31459000000.0,,,,47000000.0,,,,,8308000000.0,12602000000.0,18857000000.0,824000000.0,182000000.0,12820000000.0,6037000000.0,-595000000.0,5442000000.0,31459000000.0,5769800000.0,5771000000.0,5792000000.0
AT&T Inc,T,549300Z40J86GGSTL398,732717,2012.0,Q3YTD,2012-01-01,2012-09-30,,1.9,1.9,1.32,13571000000.0,1.89,,5672000000.0,11318000000.0,11318000000.0,,11121000000.0,197000000.0,37673000000.0,94856000000.0,,,,122000000.0,,,,,24657000000.0,37673000000.0,57183000000.0,2624000000.0,537000000.0,38228000000.0,18955000000.0,-1965000000.0,16990000000.0,94856000000.0,5769800000.0,5771000000.0,5792000000.0
AT&T Inc,T,549300Z40J86GGSTL398,732717,2012.0,Q3TTM,2011-10-01,2012-09-30,,0.78,0.78,1.76,18144000000.0,0.77,2910000000.0,2610000000.0,8158000000.0,8158000000.0,,4443000000.0,247000000.0,54352000000.0,135577000000.0,3468000000.0,,3468000000.0,239000000.0,,-8218000000.0,,,41988000000.0,54352000000.0,73007000000.0,3576000000.0,672000000.0,63042000000.0,9965000000.0,-2665000000.0,7300000000.0,127359000000.0,5769800000.0,5771000000.0,5792000000.0
AT&T Inc,T,549300Z40J86GGSTL398,732717,2012.0,Q2,2012-04-01,2012-06-30,2013-08-02 16:07:57+00:00,0.67,0.67,0.44,4499000000.0,0.66,,2066000000.0,3965000000.0,3965000000.0,,3902000000.0,63000000.0,12254000000.0,31575000000.0,,,,23000000.0,,,,,8005000000.0,12254000000.0,19321000000.0,941000000.0,132000000.0,12504000000.0,6817000000.0,-786000000.0,6031000000.0,31575000000.0,5823900000.0,5855000000.0,5876000000.0
AT&T Inc,T,549300Z40J86GGSTL398,732717,2012.0,Q2YTD,2012-01-01,2012-06-30,,1.27,1.27,0.88,9059000000.0,1.26,,3931000000.0,7617000000.0,7617000000.0,,7486000000.0,131000000.0,25071000000.0,63397000000.0,,,,75000000.0,,,,,16349000000.0,25071000000.0,38326000000.0,1800000000.0,355000000.0,25408000000.0,12918000000.0,-1370000000.0,11548000000.0,63397000000.0,5823900000.0,5855000000.0,5876000000.0
AT&T Inc,T,549300Z40J86GGSTL398,732717,2012.0,Q2TTM,2011-07-01,2012-06-30,,0.76,0.76,1.75,18250000000.0,0.75,2910000000.0,2768000000.0,8143000000.0,8143000000.0,,4431000000.0,244000000.0,54406000000.0,132883000000.0,3468000000.0,,3468000000.0,238000000.0,,-5505000000.0,,,41649000000.0,54406000000.0,72972000000.0,3641000000.0,683000000.0,62809000000.0,10163000000.0,-2720000000.0,7443000000.0,127378000000.0,5823900000.0,5855000000.0,5876000000.0
AT&T Inc,T,549300Z40J86GGSTL398,732717,2012.0,Q1,2012-01-01,2012-03-31,2013-05-03 16:00:21+00:00,0.6,0.6,0.44,4560000000.0,0.6,,1865000000.0,3652000000.0,3652000000.0,,3584000000.0,68000000.0,12817000000.0,31822000000.0,,,,52000000.0,,,,,8344000000.0,12817000000.0,19005000000.0,859000000.0,223000000.0,12904000000.0,6101000000.0,-584000000.0,5517000000.0,31822000000.0,5973300000.0,5918000000.0,5940000000.0
AT&T Inc,T,549300Z40J86GGSTL398,732717,2012.0,Q1TTM,2011-04-01,2012-03-31,,0.69,0.69,1.74,18353000000.0,0.69,2910000000.0,2595000000.0,7836000000.0,7836000000.0,,4120000000.0,248000000.0,54908000000.0,129995000000.0,3468000000.0,,3468000000.0,242000000.0,,-2697000000.0,,,41616000000.0,54908000000.0,72390000000.0,3548000000.0,758000000.0,62879000000.0,9511000000.0,-2548000000.0,6963000000.0,127298000000.0,5973300000.0,5918000000.0,5940000000.0
AT&T Inc,T,549300Z40J86GGSTL398,732717,2013.0,Q4,2013-10-01,2013-12-31,,-2.1,1.32,0.46,4680000000.0,1.32,,4262000000.0,11044000000.0,11044000000.0,,7082000000.0,82000000.0,-19275000000.0,33163000000.0,3880000000.0,31239000000.0,3880000000.0,226000000.0,28414000000.0,,,,-24406000000.0,11964000000.0,21199000000.0,1459000000.0,148000000.0,8688000000.0,12511000000.0,-1085000000.0,11426000000.0,33163000000.0,,5368000000.0,5368000000.0
AT&T Inc,T,549300Z40J86GGSTL398,732717,2013.0,Q3YTD,2013-01-01,2013-09-30,,2.1,2.1,1.35,13715000000.0,2.1,,5066000000.0,7678000000.0,7678000000.0,,11336000000.0,222000000.0,39227000000.0,95589000000.0,-3880000000.0,,-3880000000.0,370000000.0,,,,,24406000000.0,39227000000.0,56362000000.0,2481000000.0,494000000.0,38121000000.0,18241000000.0,-1617000000.0,16624000000.0,95589000000.0,5297200000.0,5315000000.0,5331000000.0
AT&T Inc,T,549300Z40J86GGSTL398,732717,2013.0,Q3TTM,2012-10-01,2013-09-30,,1.45,1.45,1.8,18287000000.0,1.46,,2294000000.0,3899000000.0,3899000000.0,,7479000000.0,300000000.0,56782000000.0,128167000000.0,-3880000000.0,,-3880000000.0,382000000.0,,,,,40815000000.0,56782000000.0,71385000000.0,3301000000.0,709000000.0,59102000000.0,12283000000.0,-2210000000.0,10073000000.0,128167000000.0,5297200000.0,5315000000.0,5331000000.0
AT&T Inc,T,549300Z40J86GGSTL398,732717,2013.0,Q3,2013-07-01,2013-09-30,2014-11-10 15:15:17+00:00,0.72,0.72,0.45,4615000000.0,0.72,,1595000000.0,3905000000.0,3905000000.0,,3814000000.0,91000000.0,13403000000.0,32158000000.0,,,,50000000.0,,,,,7952000000.0,13403000000.0,18755000000.0,829000000.0,91000000.0,12567000000.0,6188000000.0,-688000000.0,5500000000.0,32158000000.0,5297200000.0,5315000000.0,5331000000.0
AT&T Inc,T,549300Z40J86GGSTL398,732717,2013.0,Q2YTD,2013-01-01,2013-06-30,,1.38,1.38,0.9,9100000000.0,1.38,,3471000000.0,3773000000.0,3773000000.0,,7522000000.0,131000000.0,25824000000.0,63431000000.0,-3880000000.0,,-3880000000.0,320000000.0,,,,,16454000000.0,25824000000.0,37607000000.0,1652000000.0,403000000.0,25554000000.0,12053000000.0,-929000000.0,11124000000.0,63431000000.0,5383100000.0,5381000000.0,5397000000.0
AT&T Inc,T,549300Z40J86GGSTL398,732717,2013.0,Q2TTM,2012-07-01,2013-06-30,,1.36,1.36,1.79,18184000000.0,1.37,,2440000000.0,3695000000.0,3695000000.0,,7300000000.0,275000000.0,55981000000.0,127468000000.0,-3880000000.0,,-3880000000.0,379000000.0,,,,,41171000000.0,55981000000.0,71487000000.0,3296000000.0,800000000.0,59355000000.0,12132000000.0,-2117000000.0,10015000000.0,127468000000.0,5383100000.0,5381000000.0,5397000000.0
AT&T Inc,T,549300Z40J86GGSTL398,732717,2013.0,Q1TTM,2012-04-01,2013-03-31,,1.32,1.32,1.78,18112000000.0,1.32,,2592000000.0,7660000000.0,7660000000.0,,7380000000.0,280000000.0,54965000000.0,126968000000.0,,,,114000000.0,,,,,41055000000.0,54965000000.0,72003000000.0,3412000000.0,714000000.0,59167000000.0,12836000000.0,-2584000000.0,10252000000.0,126968000000.0,5522400000.0,5513000000.0,5530000000.0
AT&T Inc,T,549300Z40J86GGSTL398,732717,2013.0,Q1,2013-01-01,2013-03-31,2014-05-02 11:52:41+00:00,0.67,0.67,0.45,4529000000.0,0.67,,1557000000.0,3773000000.0,3773000000.0,,3700000000.0,73000000.0,12554000000.0,31356000000.0,,,,32000000.0,,,,,8333000000.0,12554000000.0,18802000000.0,827000000.0,185000000.0,12862000000.0,5940000000.0,-610000000.0,5330000000.0,31356000000.0,5522400000.0,5513000000.0,5530000000.0
AT&T Inc,T,549300Z40J86GGSTL398,732717,2014.0,FY,2014-01-01,2014-12-31,2017-02-17 17:30:12+00:00,,1.24,1.81,18273000000.0,1.24,,3619000000.0,6736000000.0,6736000000.0,,6442000000.0,294000000.0,60145000000.0,132447000000.0,,,,1581000000.0,,,2120000000.0,,39697000000.0,60145000000.0,72302000000.0,3613000000.0,175000000.0,60090000000.0,12212000000.0,-1857000000.0,10355000000.0,132447000000.0,5205000000.0,5205000000.0,5205000000.0
AT&T Inc,T,549300Z40J86GGSTL398,732717,2014.0,Q4,2014-10-01,2014-12-31,,-1.4,-0.74,0.43,4567000000.0,-0.74,,-2227000000.0,-3806000000.0,-3806000000.0,,-3887000000.0,81000000.0,27142000000.0,34439000000.0,,,,125000000.0,-8866000000.0,,2120000000.0,,14765000000.0,27142000000.0,7297000000.0,856000000.0,-13000000.0,12586000000.0,-5289000000.0,-744000000.0,-6033000000.0,34439000000.0,5205000000.0,5205000000.0,5205000000.0
AT&T Inc,T,549300Z40J86GGSTL398,732717,2014.0,Q3,2014-07-01,2014-09-30,2015-11-05 18:43:54+00:00,0.02,0.6,0.46,4539000000.0,0.6,,1444000000.0,3187000000.0,3187000000.0,,3130000000.0,57000000.0,5470000000.0,32957000000.0,,,,42000000.0,8866000000.0,,,,8475000000.0,5470000000.0,27487000000.0,1016000000.0,-2000000.0,21880000000.0,5607000000.0,-976000000.0,4631000000.0,32957000000.0,156500000000.0,5198000000.0,5214000000.0
AT&T Inc,T,549300Z40J86GGSTL398,732717,2014.0,Q3YTD,2014-01-01,2014-09-30,,1.4,1.98,1.38,13706000000.0,1.98,,5846000000.0,10542000000.0,10542000000.0,,10329000000.0,213000000.0,33003000000.0,98008000000.0,,,,1456000000.0,8866000000.0,,,,24932000000.0,33003000000.0,65005000000.0,2757000000.0,188000000.0,47504000000.0,17501000000.0,-1113000000.0,16388000000.0,98008000000.0,156500000000.0,5198000000.0,5214000000.0
AT&T Inc,T,549300Z40J86GGSTL398,732717,2014.0,Q3TTM,2013-10-01,2014-09-30,,-0.7,3.3,1.84,18386000000.0,3.3,,10108000000.0,21586000000.0,21586000000.0,,17411000000.0,295000000.0,13728000000.0,131171000000.0,3880000000.0,31239000000.0,3880000000.0,1682000000.0,37280000000.0,,,,526000000.0,44967000000.0,86204000000.0,4216000000.0,336000000.0,56192000000.0,30012000000.0,-2198000000.0,27814000000.0,131171000000.0,156500000000.0,5198000000.0,5214000000.0
AT&T Inc,T,549300Z40J86GGSTL398,732717,2014.0,Q2YTD,2014-01-01,2014-06-30,,1.38,1.38,0.92,9167000000.0,1.38,,4402000000.0,7355000000.0,7355000000.0,,7199000000.0,156000000.0,27533000000.0,65051000000.0,,,,1414000000.0,,,,,16457000000.0,27533000000.0,37518000000.0,1741000000.0,190000000.0,25624000000.0,11894000000.0,-137000000.0,11757000000.0,65051000000.0,5216200000.0,5204000000.0,5220000000.0
AT&T Inc,T,549300Z40J86GGSTL398,732717,2014.0,Q2TTM,2013-07-01,2014-06-30,,,3.42,1.83,18462000000.0,3.42,,10259000000.0,22304000000.0,22304000000.0,,18095000000.0,329000000.0,21661000000.0,130372000000.0,3880000000.0,31239000000.0,3880000000.0,1690000000.0,28414000000.0,,,,3000000.0,52900000000.0,77472000000.0,4029000000.0,429000000.0,46879000000.0,30593000000.0,-1910000000.0,28683000000.0,130372000000.0,5216200000.0,5204000000.0,5220000000.0
AT&T Inc,T,549300Z40J86GGSTL398,732717,2014.0,Q2,2014-04-01,2014-06-30,2015-08-07 17:11:15+00:00,0.68,0.68,0.46,4550000000.0,0.68,,2485000000.0,3621000000.0,3621000000.0,,3547000000.0,74000000.0,14212000000.0,32575000000.0,,,,1269000000.0,,,,,8197000000.0,14212000000.0,18363000000.0,881000000.0,102000000.0,12747000000.0,5616000000.0,490000000.0,6106000000.0,32575000000.0,5216200000.0,5204000000.0,5220000000.0
AT&T Inc,T,549300Z40J86GGSTL398,732717,2014.0,Q1TTM,2013-04-01,2014-03-31,,0.03,3.45,1.82,18483000000.0,3.45,,9688000000.0,18683000000.0,18683000000.0,,18370000000.0,313000000.0,20719000000.0,129872000000.0,,31239000000.0,,709000000.0,28414000000.0,,,,-73000000.0,51958000000.0,77914000000.0,3973000000.0,545000000.0,46824000000.0,31090000000.0,-2719000000.0,28371000000.0,129872000000.0,5217100000.0,5222000000.0,5238000000.0
AT&T Inc,T,549300Z40J86GGSTL398,732717,2014.0,Q1,2014-01-01,2014-03-31,2015-05-05 16:49:15+00:00,0.7,0.7,0.46,4617000000.0,0.7,,1917000000.0,3734000000.0,3734000000.0,,3652000000.0,82000000.0,13321000000.0,32476000000.0,,,,145000000.0,,,,,8260000000.0,13321000000.0,19155000000.0,860000000.0,88000000.0,12877000000.0,6278000000.0,-627000000.0,5651000000.0,32476000000.0,5217100000.0,5222000000.0,5238000000.0
AT&T Inc,T,549300Z40J86GGSTL398,732717,2015.0,FY,2015-01-01,2015-12-31,2018-02-20 16:15:55+00:00,2.37,2.37,1.89,22016000000.0,2.37,,7005000000.0,13687000000.0,13687000000.0,,13345000000.0,342000000.0,31264000000.0,146801000000.0,,,,-52000000.0,35782000000.0,,-35000000.0,,32919000000.0,31264000000.0,115537000000.0,4120000000.0,79000000.0,90682000000.0,24785000000.0,-4093000000.0,20692000000.0,146801000000.0,5628000000.0,5628000000.0,5628000000.0
AT&T Inc,T,549300Z40J86GGSTL398,732717,2015.0,Q4,2015-10-01,2015-12-31,,0.65,0.65,0.48,6477000000.0,0.65,,2221000000.0,4086000000.0,4086000000.0,,4006000000.0,80000000.0,11513000000.0,42119000000.0,,,,-113000000.0,8178000000.0,,35000000.0,,8384000000.0,11513000000.0,30606000000.0,1143000000.0,31000000.0,23074000000.0,7532000000.0,-1225000000.0,6307000000.0,42119000000.0,5628000000.0,5628000000.0,5628000000.0
AT&T Inc,T,549300Z40J86GGSTL398,732717,2015.0,Q3,2015-07-01,2015-09-30,2016-11-03 16:46:39+00:00,0.5,0.5,0.47,6265000000.0,0.5,,1657000000.0,3078000000.0,3078000000.0,,2994000000.0,84000000.0,8582000000.0,39091000000.0,,,,-57000000.0,9214000000.0,,,,9107000000.0,8582000000.0,30509000000.0,1146000000.0,15000000.0,24586000000.0,5923000000.0,-1188000000.0,4735000000.0,39091000000.0,5988000000.0,5924000000.0,5943000000.0
AT&T Inc,T,549300Z40J86GGSTL398,732717,2015.0,Q3YTD,2015-01-01,2015-09-30,,1.72,1.72,1.41,15539000000.0,1.72,,4784000000.0,9601000000.0,9601000000.0,,9339000000.0,262000000.0,19751000000.0,104682000000.0,,,,61000000.0,27604000000.0,,,,24535000000.0,19751000000.0,84931000000.0,2977000000.0,48000000.0,67678000000.0,17253000000.0,-2868000000.0,14385000000.0,104682000000.0,5988000000.0,5924000000.0,5943000000.0
AT&T Inc,T,549300Z40J86GGSTL398,732717,2015.0,Q3TTM,2014-10-01,2015-09-30,,0.32,0.98,1.84,20106000000.0,0.98,,2557000000.0,5795000000.0,5795000000.0,,5452000000.0,343000000.0,46893000000.0,139121000000.0,,,,186000000.0,18738000000.0,,2120000000.0,,39300000000.0,46893000000.0,92228000000.0,3833000000.0,35000000.0,80264000000.0,11964000000.0,-3612000000.0,8352000000.0,139121000000.0,5988000000.0,5924000000.0,5943000000.0
AT&T Inc,T,549300Z40J86GGSTL398,732717,2015.0,Q2,2015-04-01,2015-06-30,2016-08-04 17:00:57+00:00,0.59,0.59,0.47,4696000000.0,0.59,,1738000000.0,3184000000.0,3184000000.0,,3082000000.0,102000000.0,5501000000.0,33015000000.0,,,,48000000.0,9578000000.0,,,,7467000000.0,5501000000.0,27514000000.0,932000000.0,33000000.0,21741000000.0,5773000000.0,-851000000.0,4922000000.0,33015000000.0,5223700000.0,5204000000.0,5220000000.0
AT&T Inc,T,549300Z40J86GGSTL398,732717,2015.0,Q2YTD,2015-01-01,2015-06-30,,1.22,1.22,0.94,9274000000.0,1.22,,3127000000.0,6523000000.0,6523000000.0,,6345000000.0,178000000.0,11169000000.0,65591000000.0,,,,118000000.0,18390000000.0,,,,15428000000.0,11169000000.0,54422000000.0,1831000000.0,33000000.0,43092000000.0,11330000000.0,-1680000000.0,9650000000.0,65591000000.0,5223700000.0,5204000000.0,5220000000.0
AT&T Inc,T,549300Z40J86GGSTL398,732717,2015.0,Q2TTM,2014-07-01,2015-06-30,,-0.16,1.08,1.83,18380000000.0,1.08,,2344000000.0,5904000000.0,5904000000.0,,5588000000.0,316000000.0,43781000000.0,132987000000.0,,,,285000000.0,18390000000.0,,2120000000.0,,38668000000.0,43781000000.0,89206000000.0,3703000000.0,18000000.0,77558000000.0,11648000000.0,-3400000000.0,8248000000.0,132987000000.0,5223700000.0,5204000000.0,5220000000.0
AT&T Inc,T,549300Z40J86GGSTL398,732717,2015.0,Q1,2015-01-01,2015-03-31,2016-05-05 16:12:13+00:00,0.63,0.63,0.47,4578000000.0,0.63,,1389000000.0,3339000000.0,3339000000.0,,3263000000.0,76000000.0,5668000000.0,32576000000.0,,,,70000000.0,8812000000.0,,,,7961000000.0,5668000000.0,26908000000.0,899000000.0,0.0,21351000000.0,5557000000.0,-829000000.0,4728000000.0,32576000000.0,5179400000.0,5203000000.0,5219000000.0
AT&T Inc,T,549300Z40J86GGSTL398,732717,2015.0,Q1TTM,2014-04-01,2015-03-31,,-0.07,1.17,1.82,18234000000.0,1.17,,3091000000.0,6341000000.0,6341000000.0,,6053000000.0,288000000.0,52492000000.0,132547000000.0,,,,1506000000.0,8812000000.0,,2120000000.0,,39398000000.0,52492000000.0,80055000000.0,3652000000.0,87000000.0,68564000000.0,11491000000.0,-2059000000.0,9432000000.0,132547000000.0,5179400000.0,5203000000.0,5219000000.0
AT&T Inc,T,549300Z40J86GGSTL398,732717,2016.0,FY,2016-01-01,2016-12-31,2019-02-20 17:21:51+00:00,2.1,2.1,1.93,25847000000.0,2.1,,6479000000.0,13333000000.0,13333000000.0,,12976000000.0,357000000.0,77190000000.0,163786000000.0,,,,1081000000.0,,,361000000.0,,36845000000.0,77190000000.0,86596000000.0,4910000000.0,98000000.0,63053000000.0,23543000000.0,-3731000000.0,19812000000.0,163786000000.0,6179000000.0,6179000000.0,6179000000.0
AT&T Inc,T,549300Z40J86GGSTL398,732717,2016.0,Q4,2016-10-01,2016-12-31,,0.39,0.39,-1.44,6129000000.0,0.4,,676000000.0,2515000000.0,2515000000.0,,2437000000.0,78000000.0,49861000000.0,41841000000.0,,,,927000000.0,-28436000000.0,,361000000.0,,10482000000.0,49861000000.0,-8020000000.0,1221000000.0,41000000.0,-11464000000.0,3444000000.0,-253000000.0,3191000000.0,41841000000.0,6179000000.0,6179000000.0,6179000000.0
AT&T Inc,T,549300Z40J86GGSTL398,732717,2016.0,Q3,2016-07-01,2016-09-30,2017-11-03 16:59:55+00:00,0.54,0.54,0.48,6579000000.0,0.54,,1775000000.0,3418000000.0,3418000000.0,,3328000000.0,90000000.0,9364000000.0,40890000000.0,,,,-7000000.0,9526000000.0,,,,9013000000.0,9364000000.0,31526000000.0,1224000000.0,16000000.0,25118000000.0,6408000000.0,-1215000000.0,5193000000.0,40890000000.0,6163000000.0,6168000000.0,6189000000.0
AT&T Inc,T,549300Z40J86GGSTL398,732717,2016.0,Q3YTD,2016-01-01,2016-09-30,,1.71,1.71,1.44,19718000000.0,1.7,,5803000000.0,10818000000.0,10818000000.0,,10539000000.0,279000000.0,27329000000.0,121945000000.0,,,,154000000.0,28436000000.0,,,,26363000000.0,27329000000.0,94616000000.0,3689000000.0,57000000.0,74517000000.0,20099000000.0,-3478000000.0,16621000000.0,121945000000.0,6163000000.0,6168000000.0,6189000000.0
AT&T Inc,T,549300Z40J86GGSTL398,732717,2016.0,Q3TTM,2015-10-01,2016-09-30,,2.36,2.36,1.92,26195000000.0,2.35,,8024000000.0,14904000000.0,14904000000.0,,14545000000.0,359000000.0,38842000000.0,164064000000.0,,,,41000000.0,36614000000.0,,-35000000.0,,34747000000.0,38842000000.0,125222000000.0,4832000000.0,88000000.0,97521000000.0,27631000000.0,-4703000000.0,22928000000.0,164064000000.0,6163000000.0,6168000000.0,6189000000.0
AT&T Inc,T,549300Z40J86GGSTL398,732717,2016.0,Q2,2016-04-01,2016-06-30,2017-08-03 17:02:42+00:00,0.55,0.55,0.48,6576000000.0,0.55,,1906000000.0,3515000000.0,3515000000.0,,3408000000.0,107000000.0,8961000000.0,40520000000.0,,,,91000000.0,9514000000.0,,,,8909000000.0,8961000000.0,31559000000.0,1258000000.0,28000000.0,24999000000.0,6560000000.0,-1139000000.0,5421000000.0,40520000000.0,6196400000.0,6174000000.0,6195000000.0
AT&T Inc,T,549300Z40J86GGSTL398,732717,2016.0,Q2YTD,2016-01-01,2016-06-30,,1.17,1.17,0.96,13139000000.0,1.16,,4028000000.0,7400000000.0,7400000000.0,,7211000000.0,189000000.0,17965000000.0,81055000000.0,,,,161000000.0,18910000000.0,,,,17350000000.0,17965000000.0,63090000000.0,2465000000.0,41000000.0,49399000000.0,13691000000.0,-2263000000.0,11428000000.0,81055000000.0,6196400000.0,6174000000.0,6195000000.0
AT&T Inc,T,549300Z40J86GGSTL398,732717,2016.0,Q2TTM,2015-07-01,2016-06-30,,2.32,2.32,1.91,25881000000.0,2.31,,7906000000.0,14564000000.0,14564000000.0,,14211000000.0,353000000.0,38060000000.0,162265000000.0,,,,-9000000.0,36302000000.0,,-35000000.0,,34841000000.0,38060000000.0,124205000000.0,4754000000.0,87000000.0,96989000000.0,27146000000.0,-4676000000.0,22470000000.0,162265000000.0,6196400000.0,6174000000.0,6195000000.0
AT&T Inc,T,549300Z40J86GGSTL398,732717,2016.0,Q1,2016-01-01,2016-03-31,2017-05-04 16:09:02+00:00,0.62,0.62,0.48,6563000000.0,0.61,,2122000000.0,3885000000.0,3885000000.0,,3803000000.0,82000000.0,9004000000.0,40535000000.0,,,,70000000.0,9396000000.0,,,,8441000000.0,9004000000.0,31531000000.0,1207000000.0,13000000.0,24400000000.0,7131000000.0,-1124000000.0,6007000000.0,40535000000.0,6133900000.0,6172000000.0,6190000000.0
AT&T Inc,T,549300Z40J86GGSTL398,732717,2016.0,Q1TTM,2015-04-01,2016-03-31,,2.36,2.36,1.9,24001000000.0,2.35,,7738000000.0,14233000000.0,14233000000.0,,13885000000.0,348000000.0,34600000000.0,154760000000.0,,,,-52000000.0,36366000000.0,,-35000000.0,,33399000000.0,34600000000.0,120160000000.0,4428000000.0,92000000.0,93731000000.0,26359000000.0,-4388000000.0,21971000000.0,154760000000.0,6133900000.0,6172000000.0,6190000000.0
AT&T Inc,T,549300Z40J86GGSTL398,732717,2017.0,FY,2017-01-01,2017-12-31,2020-02-19 21:42:50+00:00,4.77,4.77,1.97,24387000000.0,4.76,2914000000.0,-14708000000.0,29847000000.0,29847000000.0,,29450000000.0,397000000.0,77810000000.0,160546000000.0,,,,1597000000.0,,,,0.0,35465000000.0,77810000000.0,82736000000.0,6300000000.0,-128000000.0,62766000000.0,19970000000.0,-4831000000.0,15139000000.0,160546000000.0,6174000000.0,6174000000.0,6187000000.0
AT&T Inc,T,549300Z40J86GGSTL398,732717,2017.0,Q4,2017-10-01,2017-12-31,,3.09,3.09,-1.47,6071000000.0,3.08,2914000000.0,-20419000000.0,19136000000.0,19136000000.0,,19037000000.0,99000000.0,40783000000.0,41676000000.0,,,,-658000000.0,-18857000000.0,,,,9484000000.0,40783000000.0,893000000.0,1926000000.0,20000000.0,-388000000.0,1281000000.0,-2564000000.0,-1283000000.0,41676000000.0,6174000000.0,6174000000.0,6187000000.0
AT&T Inc,T,549300Z40J86GGSTL398,732717,2017.0,Q3,2017-07-01,2017-09-30,2018-11-02 16:03:05+00:00,0.49,0.49,0.49,6042000000.0,0.49,,1851000000.0,3123000000.0,3123000000.0,,3029000000.0,94000000.0,19169000000.0,39668000000.0,,,,842000000.0,,,,,8650000000.0,19169000000.0,20499000000.0,1686000000.0,11000000.0,14692000000.0,5807000000.0,-833000000.0,4974000000.0,39668000000.0,6181600000.0,6162000000.0,6182000000.0
AT&T Inc,T,549300Z40J86GGSTL398,732717,2017.0,Q3YTD,2017-01-01,2017-09-30,,1.68,1.68,1.47,18316000000.0,1.68,,5711000000.0,10711000000.0,10711000000.0,,10413000000.0,298000000.0,37027000000.0,118870000000.0,,,,2255000000.0,18857000000.0,,,,25981000000.0,37027000000.0,81843000000.0,4374000000.0,-148000000.0,63154000000.0,18689000000.0,-2267000000.0,16422000000.0,118870000000.0,6181600000.0,6162000000.0,6182000000.0
AT&T Inc,T,549300Z40J86GGSTL398,732717,2017.0,Q3TTM,2016-10-01,2017-09-30,,2.07,2.07,0.03,24445000000.0,2.08,,6387000000.0,13226000000.0,13226000000.0,,12850000000.0,376000000.0,86888000000.0,160711000000.0,,,,3182000000.0,-9579000000.0,,361000000.0,,36463000000.0,86888000000.0,73823000000.0,5595000000.0,-107000000.0,51690000000.0,22133000000.0,-2520000000.0,19613000000.0,160711000000.0,6181600000.0,6162000000.0,6182000000.0
AT&T Inc,T,549300Z40J86GGSTL398,732717,2017.0,Q2,2017-04-01,2017-06-30,2018-08-02 17:15:30+00:00,0.63,0.63,0.49,6147000000.0,0.63,,2056000000.0,4014000000.0,4014000000.0,,3915000000.0,99000000.0,9036000000.0,39837000000.0,,,,925000000.0,9569000000.0,,,,8559000000.0,9036000000.0,30801000000.0,1395000000.0,14000000.0,24275000000.0,6526000000.0,-456000000.0,6070000000.0,39837000000.0,6214300000.0,6165000000.0,6184000000.0
AT&T Inc,T,549300Z40J86GGSTL398,732717,2017.0,Q2YTD,2017-01-01,2017-06-30,,1.19,1.19,0.98,12274000000.0,1.19,,3860000000.0,7588000000.0,7588000000.0,,7384000000.0,204000000.0,17858000000.0,79202000000.0,,,,1413000000.0,18857000000.0,,,,17331000000.0,17858000000.0,61344000000.0,2688000000.0,-159000000.0,48462000000.0,12882000000.0,-1434000000.0,11448000000.0,79202000000.0,6214300000.0,6165000000.0,6184000000.0
AT&T Inc,T,549300Z40J86GGSTL398,732717,2017.0,Q2TTM,2016-07-01,2017-06-30,,2.12,2.12,0.02,24982000000.0,2.13,,6311000000.0,13521000000.0,13521000000.0,,13149000000.0,372000000.0,77083000000.0,161933000000.0,,,,2333000000.0,-53000000.0,,361000000.0,,36826000000.0,77083000000.0,84850000000.0,5133000000.0,-102000000.0,62116000000.0,22734000000.0,-2902000000.0,19832000000.0,161933000000.0,6214300000.0,6165000000.0,6184000000.0
AT&T Inc,T,549300Z40J86GGSTL398,732717,2017.0,Q1,2017-01-01,2017-03-31,2018-05-03 17:28:29+00:00,0.56,0.56,0.49,6127000000.0,0.56,,1804000000.0,3574000000.0,3574000000.0,,3469000000.0,105000000.0,8822000000.0,39365000000.0,,,,488000000.0,9288000000.0,,,,8772000000.0,8822000000.0,30543000000.0,1293000000.0,-173000000.0,24187000000.0,6356000000.0,-978000000.0,5378000000.0,39365000000.0,6194600000.0,6166000000.0,6186000000.0
AT&T Inc,T,549300Z40J86GGSTL398,732717,2017.0,Q1TTM,2016-04-01,2017-03-31,,2.04,2.04,0.01,25411000000.0,2.05,,6161000000.0,13022000000.0,13022000000.0,,12642000000.0,380000000.0,77008000000.0,162616000000.0,,,,1499000000.0,-108000000.0,,361000000.0,,37176000000.0,77008000000.0,85608000000.0,4996000000.0,-88000000.0,62840000000.0,22768000000.0,-3585000000.0,19183000000.0,162616000000.0,6194600000.0,6166000000.0,6186000000.0
AT&T Inc,T,549300Z40J86GGSTL398,732717,2018.0,FY,2018-01-01,2018-12-31,2020-02-19 21:42:50+00:00,2.85,2.85,2.01,28430000000.0,2.85,46000000.0,4920000000.0,19953000000.0,19953000000.0,,19370000000.0,583000000.0,79419000000.0,170756000000.0,,,,6782000000.0,,,,0.0,36765000000.0,79419000000.0,91337000000.0,7957000000.0,48000000.0,65241000000.0,26096000000.0,-1127000000.0,24873000000.0,170756000000.0,6796500000.0,6796500000.0,6796500000.0
AT&T Inc,T,549300Z40J86GGSTL398,732717,2018.0,Q4,2018-10-01,2018-12-31,,0.64,0.64,-1.0,7892000000.0,0.64,46000000.0,615000000.0,5130000000.0,5130000000.0,,4858000000.0,272000000.0,23309000000.0,47993000000.0,,,,1578000000.0,,,,,10586000000.0,23309000000.0,24684000000.0,2112000000.0,119000000.0,18524000000.0,6160000000.0,-319000000.0,5745000000.0,47993000000.0,6796500000.0,6796500000.0,6796500000.0
AT&T Inc,T,549300Z40J86GGSTL398,732717,2018.0,Q3,2018-07-01,2018-09-30,2019-11-04 17:58:10+00:00,0.65,0.65,,8166000000.0,0.65,,1391000000.0,4816000000.0,4816000000.0,,4718000000.0,98000000.0,20706000000.0,45739000000.0,,,,1053000000.0,,,,,9598000000.0,20706000000.0,25033000000.0,2051000000.0,-64000000.0,17764000000.0,7269000000.0,-1062000000.0,6207000000.0,45739000000.0,7258500000.0,7284000000.0,7320000000.0
AT&T Inc,T,549300Z40J86GGSTL398,732717,2018.0,Q3YTD,2018-01-01,2018-09-30,,2.21,2.21,1.0,20538000000.0,2.21,,4305000000.0,14823000000.0,14823000000.0,,14512000000.0,311000000.0,56110000000.0,122763000000.0,,,,5108000000.0,,,,,26179000000.0,56110000000.0,66653000000.0,5845000000.0,-71000000.0,46717000000.0,19936000000.0,-808000000.0,19128000000.0,122763000000.0,7258500000.0,7284000000.0,7320000000.0
AT&T Inc,T,549300Z40J86GGSTL398,732717,2018.0,Q3TTM,2017-10-01,2018-09-30,,5.3,5.3,-0.47,26609000000.0,5.29,2914000000.0,-16114000000.0,33959000000.0,33959000000.0,,33549000000.0,410000000.0,96893000000.0,164439000000.0,,,,4450000000.0,-18857000000.0,,,,35663000000.0,96893000000.0,67546000000.0,7771000000.0,-51000000.0,46329000000.0,21217000000.0,-3372000000.0,17845000000.0,164439000000.0,7258500000.0,7284000000.0,7320000000.0
AT&T Inc,T,549300Z40J86GGSTL398,732717,2018.0,Q2,2018-04-01,2018-06-30,2019-08-05 17:25:31+00:00,0.81,0.81,0.5,6378000000.0,0.81,,1532000000.0,5248000000.0,5248000000.0,,5132000000.0,116000000.0,17458000000.0,38986000000.0,,,,2353000000.0,,,,,8684000000.0,17458000000.0,21528000000.0,2023000000.0,-16000000.0,15062000000.0,6466000000.0,314000000.0,6780000000.0,38986000000.0,6335800000.0,6351000000.0,6374000000.0
AT&T Inc,T,549300Z40J86GGSTL398,732717,2018.0,Q2YTD,2018-01-01,2018-06-30,,1.56,1.56,1.0,12372000000.0,1.56,,2914000000.0,10007000000.0,10007000000.0,,9794000000.0,213000000.0,35404000000.0,77024000000.0,,,,4055000000.0,,,,,16581000000.0,35404000000.0,41620000000.0,3794000000.0,-7000000.0,28953000000.0,12667000000.0,254000000.0,12921000000.0,77024000000.0,6335800000.0,6351000000.0,6374000000.0
AT&T Inc,T,549300Z40J86GGSTL398,732717,2018.0,Q2TTM,2017-07-01,2018-06-30,,5.14,5.14,0.02,24485000000.0,5.13,2914000000.0,-15654000000.0,32266000000.0,32266000000.0,,31860000000.0,406000000.0,95356000000.0,158368000000.0,,,,4239000000.0,-18857000000.0,,,,34715000000.0,95356000000.0,63012000000.0,7406000000.0,24000000.0,43257000000.0,19755000000.0,-3143000000.0,16612000000.0,158368000000.0,6335800000.0,6351000000.0,6374000000.0
AT&T Inc,T,549300Z40J86GGSTL398,732717,2018.0,Q1,2018-01-01,2018-03-31,2019-05-06 17:39:50+00:00,0.75,0.75,0.5,5994000000.0,0.75,,1382000000.0,4759000000.0,4759000000.0,,4662000000.0,97000000.0,17946000000.0,38038000000.0,,,,1702000000.0,,,,,7897000000.0,17946000000.0,20092000000.0,1771000000.0,9000000.0,13891000000.0,6201000000.0,-60000000.0,6141000000.0,38038000000.0,6216000000.0,6161000000.0,6180000000.0
AT&T Inc,T,549300Z40J86GGSTL398,732717,2018.0,Q1TTM,2017-04-01,2018-03-31,,4.96,4.96,0.01,24254000000.0,4.95,2914000000.0,-15130000000.0,31032000000.0,31032000000.0,,30643000000.0,389000000.0,86934000000.0,159219000000.0,,,,2811000000.0,-9288000000.0,,,,34590000000.0,86934000000.0,72285000000.0,6778000000.0,54000000.0,52470000000.0,19815000000.0,-3913000000.0,15902000000.0,159219000000.0,6216000000.0,6161000000.0,6180000000.0
AT&T Inc,T,549300Z40J86GGSTL398,732717,2019.0,FY,2019-01-01,2019-12-31,2020-02-19 21:42:50+00:00,1.9,1.9,2.05,28217000000.0,1.89,1458000000.0,3493000000.0,14975000000.0,14975000000.0,,13900000000.0,1072000000.0,84141000000.0,181193000000.0,,,,-1071000000.0,,,,3000000.0,39422000000.0,84141000000.0,97052000000.0,8422000000.0,-6000000.0,69097000000.0,27955000000.0,-9499000000.0,18468000000.0,181193000000.0,7315800000.0,7315800000.0,7354500000.0
AT&T Inc,T,549300Z40J86GGSTL398,732717,2019.0,Q4,2019-10-01,2019-12-31,,0.33,0.33,-0.51,6961000000.0,0.32,1458000000.0,434000000.0,2704000000.0,2704000000.0,,2391000000.0,310000000.0,22736000000.0,46821000000.0,,,,-104000000.0,,,,3000000.0,10345000000.0,22736000000.0,24085000000.0,2049000000.0,-42000000.0,18764000000.0,5321000000.0,-2195000000.0,3138000000.0,46821000000.0,7315800000.0,7315800000.0,7354500000.0
AT&T Inc,T,549300Z40J86GGSTL398,732717,2019.0,Q3YTD,2019-01-01,2019-09-30,,1.57,1.57,0.51,21256000000.0,1.57,,3059000000.0,12271000000.0,12271000000.0,,11509000000.0,762000000.0,61405000000.0,134372000000.0,,,,-967000000.0,,,,,29077000000.0,61405000000.0,72967000000.0,6373000000.0,36000000.0,50333000000.0,22634000000.0,-7304000000.0,15330000000.0,134372000000.0,7400000000.0,7327000000.0,7356000000.0
AT&T Inc,T,549300Z40J86GGSTL398,732717,2019.0,Q3TTM,2018-10-01,2019-09-30,,2.21,2.21,-0.49,29148000000.0,2.21,46000000.0,3674000000.0,17401000000.0,17401000000.0,,16367000000.0,1034000000.0,84714000000.0,182365000000.0,,,,707000000.0,,,,,39663000000.0,84714000000.0,97651000000.0,8485000000.0,155000000.0,68857000000.0,28794000000.0,-7623000000.0,21075000000.0,182365000000.0,7400000000.0,7327000000.0,7356000000.0
AT&T Inc,T,549300Z40J86GGSTL398,732717,2019.0,Q3,2019-07-01,2019-09-30,2019-11-04 17:58:10+00:00,0.5,0.5,,6949000000.0,0.5,,937000000.0,3949000000.0,3949000000.0,,3700000000.0,249000000.0,20154000000.0,44588000000.0,,,,-935000000.0,,,,,9584000000.0,20154000000.0,24434000000.0,2083000000.0,3000000.0,16533000000.0,7901000000.0,-3015000000.0,4886000000.0,44588000000.0,7400000000.0,7327000000.0,7356000000.0
AT&T Inc,T,549300Z40J86GGSTL398,732717,2019.0,Q2YTD,2019-01-01,2019-06-30,,1.07,1.07,0.51,14307000000.0,1.07,,2122000000.0,8322000000.0,8322000000.0,,7809000000.0,513000000.0,41251000000.0,89784000000.0,,,,-32000000.0,,,,,19493000000.0,41251000000.0,48533000000.0,4290000000.0,33000000.0,33800000000.0,14733000000.0,-4289000000.0,10444000000.0,89784000000.0,7280400000.0,7323000000.0,7353000000.0
AT&T Inc,T,549300Z40J86GGSTL398,732717,2019.0,Q2TTM,2018-07-01,2019-06-30,,2.36,2.36,-0.49,30365000000.0,2.36,46000000.0,4128000000.0,18268000000.0,18268000000.0,,17385000000.0,883000000.0,85266000000.0,183516000000.0,,,,2695000000.0,,,,,39677000000.0,85266000000.0,98250000000.0,8453000000.0,88000000.0,70088000000.0,28162000000.0,-5670000000.0,22396000000.0,183516000000.0,7280400000.0,7323000000.0,7353000000.0
AT&T Inc,T,549300Z40J86GGSTL398,732717,2019.0,Q2,2019-04-01,2019-06-30,2019-08-05 17:25:31+00:00,0.51,0.51,0.51,7101000000.0,0.51,,1099000000.0,3974000000.0,3974000000.0,,3713000000.0,261000000.0,20512000000.0,44957000000.0,,,,-318000000.0,,,,,9844000000.0,20512000000.0,24445000000.0,2149000000.0,40000000.0,16945000000.0,7500000000.0,-2427000000.0,5073000000.0,44957000000.0,7280400000.0,7323000000.0,7353000000.0
AT&T Inc,T,549300Z40J86GGSTL398,732717,2019.0,Q1,2019-01-01,2019-03-31,2020-05-06 16:08:09+00:00,0.56,0.56,0.51,7206000000.0,0.56,,1023000000.0,4348000000.0,4348000000.0,,4096000000.0,252000000.0,20739000000.0,44827000000.0,,,,286000000.0,,,,0.0,9649000000.0,20739000000.0,24088000000.0,2141000000.0,-7000000.0,16855000000.0,7233000000.0,-1862000000.0,5371000000.0,44827000000.0,7314300000.0,7313000000.0,7342000000.0
AT&T Inc,T,549300Z40J86GGSTL398,732717,2019.0,Q1TTM,2018-04-01,2019-03-31,,2.66,2.66,-0.5,29642000000.0,2.66,46000000.0,4561000000.0,19542000000.0,19542000000.0,,18804000000.0,738000000.0,82212000000.0,177545000000.0,,,,5366000000.0,,,,,38517000000.0,82212000000.0,95333000000.0,8327000000.0,32000000.0,68205000000.0,27128000000.0,-2929000000.0,24103000000.0,177545000000.0,7314300000.0,7313000000.0,7342000000.0
AT&T Inc,T,549300Z40J86GGSTL398,732717,2020.0,Q1TTM,2019-04-01,2020-03-31,,1.97,1.97,,28233000000.0,1.96,1458000000.0,3772000000.0,15590000000.0,15590000000.0,,14382000000.0,1173000000.0,82683000000.0,179145000000.0,,,,-554000000.0,,,,35000000.0,38563000000.0,82683000000.0,96462000000.0,8299000000.0,-5000000.0,68254000000.0,28208000000.0,-8858000000.0,19362000000.0,179145000000.0,7266700000.0,7187000000.0,7214000000.0
AT&T Inc,T,549300Z40J86GGSTL398,732717,2020.0,Q1,2020-01-01,2020-03-31,2020-05-06 16:08:09+00:00,0.63,0.63,0.52,7222000000.0,0.63,,1302000000.0,4963000000.0,4963000000.0,,4578000000.0,353000000.0,19281000000.0,42779000000.0,,,,803000000.0,,,,32000000.0,8790000000.0,19281000000.0,23498000000.0,2018000000.0,-6000000.0,16012000000.0,7486000000.0,-1221000000.0,6265000000.0,42779000000.0,7266700000.0,7187000000.0,7214000000.0
