company_name,company_ticker,company_lei,company_cik,year,quarter,start_date,end_date,filing_date,basicdilutedeps,basiceps,cashdividendspershare,depreciationexpense,dilutedeps,impairmentexpense,incometaxexpense,netincome,netincomecontinuing,netincometocommon,netincometononcontrollinginterest,operatingcostofrevenue,operatingrevenue,otherincome,otheroperatingexpenses,restructuringcharge,sgaexpense,totalcostofrevenue,totalgrossprofit,totalinterestexpense,totalinterestincome,totaloperatingexpenses,totaloperatingincome,totalotherincome,totalpretaxincome,totalrevenue,weightedavebasicdilutedsharesos,weightedavebasicsharesos,weightedavedilutedsharesos
Waste Management Inc,WM,549300YX8JIID70NFS41,823768,2007.0,FY,2007-01-01,2007-12-31,2010-02-16 13:22:01+00:00,2.25,2.25,0.96,1259000000.0,2.23,-47000000.0,540000000.0,1209000000.0,1209000000.0,1163000000.0,46000000.0,8402000000.0,13310000000.0,4000000.0,,10000000.0,1432000000.0,8402000000.0,4908000000.0,521000000.0,12000000.0,2654000000.0,2254000000.0,-505000000.0,1749000000.0,13310000000.0,516900000.0,516900000.0,521500000.0
Waste Management Inc,WM,549300YX8JIID70NFS41,823768,2008.0,FY,2008-01-01,2008-12-31,2011-02-17 17:21:55+00:00,2.21,2.21,1.08,1238000000.0,2.19,-29000000.0,669000000.0,1128000000.0,1128000000.0,1087000000.0,41000000.0,8466000000.0,13388000000.0,3000000.0,,2000000.0,1477000000.0,8466000000.0,4922000000.0,455000000.0,15000000.0,2688000000.0,2234000000.0,-437000000.0,1797000000.0,13388000000.0,492100000.0,492100000.0,492100000.0
Waste Management Inc,WM,549300YX8JIID70NFS41,823768,2008.0,Q3,2008-07-01,2008-09-30,2009-10-29 12:21:59+00:00,0.63,0.63,0.27,326000000.0,0.63,-23000000.0,201000000.0,323000000.0,323000000.0,310000000.0,13000000.0,2221000000.0,3525000000.0,1000000.0,,0.0,369000000.0,2221000000.0,1304000000.0,114000000.0,5000000.0,672000000.0,632000000.0,-108000000.0,524000000.0,3525000000.0,492100000.0,492100000.0,492100000.0
Waste Management Inc,WM,549300YX8JIID70NFS41,823768,2008.0,Q2,2008-04-01,2008-06-30,2009-07-30 12:00:27+00:00,0.65,0.65,0.27,318000000.0,0.64,0.0,199000000.0,331000000.0,331000000.0,318000000.0,13000000.0,2181000000.0,3489000000.0,-1000000.0,,0.0,358000000.0,2181000000.0,1308000000.0,105000000.0,4000000.0,676000000.0,632000000.0,-102000000.0,530000000.0,3489000000.0,489200000.0,489200000.0,496900000.0
Waste Management Inc,WM,549300YX8JIID70NFS41,823768,2009.0,Q4,2009-10-01,2009-12-31,,0.65,0.65,0.29,274000000.0,0.64,33000000.0,16000000.0,331000000.0,331000000.0,315000000.0,16000000.0,1874000000.0,3006000000.0,,,4000000.0,365000000.0,1874000000.0,1132000000.0,110000000.0,1000000.0,676000000.0,456000000.0,-109000000.0,347000000.0,3006000000.0,491200000.0,491200000.0,491200000.0
Waste Management Inc,WM,549300YX8JIID70NFS41,823768,2009.0,FY,2009-01-01,2009-12-31,2012-02-16 16:20:58+00:00,2.02,2.02,1.16,1166000000.0,2.01,83000000.0,413000000.0,1060000000.0,1060000000.0,994000000.0,66000000.0,7241000000.0,11791000000.0,1000000.0,,50000000.0,1364000000.0,7241000000.0,4550000000.0,426000000.0,11000000.0,2663000000.0,1887000000.0,-414000000.0,1473000000.0,11791000000.0,491200000.0,491200000.0,491200000.0
Waste Management Inc,WM,549300YX8JIID70NFS41,823768,2009.0,Q3YTD,2009-01-01,2009-09-30,,1.37,1.37,0.87,892000000.0,1.37,50000000.0,397000000.0,729000000.0,729000000.0,679000000.0,50000000.0,5367000000.0,8785000000.0,1000000.0,,46000000.0,999000000.0,5367000000.0,3418000000.0,316000000.0,10000000.0,1987000000.0,1431000000.0,-305000000.0,1126000000.0,8785000000.0,492200000.0,492200000.0,492200000.0
Waste Management Inc,WM,549300YX8JIID70NFS41,823768,2009.0,Q3,2009-07-01,2009-09-30,2010-10-28 13:56:28+00:00,0.56,0.56,0.29,301000000.0,0.56,-1000000.0,133000000.0,292000000.0,292000000.0,277000000.0,15000000.0,1856000000.0,3023000000.0,1000000.0,,3000000.0,339000000.0,1856000000.0,1167000000.0,104000000.0,3000000.0,642000000.0,525000000.0,-100000000.0,425000000.0,3023000000.0,492200000.0,492200000.0,492200000.0
Waste Management Inc,WM,549300YX8JIID70NFS41,823768,2009.0,Q2YTD,2009-01-01,2009-06-30,,0.81,0.81,0.58,591000000.0,0.81,51000000.0,264000000.0,437000000.0,437000000.0,402000000.0,35000000.0,3511000000.0,5762000000.0,,,43000000.0,660000000.0,3511000000.0,2251000000.0,212000000.0,7000000.0,1345000000.0,906000000.0,-205000000.0,701000000.0,5762000000.0,492400000.0,492400000.0,492400000.0
Waste Management Inc,WM,549300YX8JIID70NFS41,823768,2009.0,Q2,2009-04-01,2009-06-30,2010-08-02 12:05:53+00:00,0.5,0.5,0.29,302000000.0,0.5,2000000.0,163000000.0,267000000.0,267000000.0,247000000.0,20000000.0,1786000000.0,2952000000.0,0.0,,5000000.0,323000000.0,1786000000.0,1166000000.0,107000000.0,3000000.0,632000000.0,534000000.0,-104000000.0,430000000.0,2952000000.0,492400000.0,492400000.0,492400000.0
Waste Management Inc,WM,549300YX8JIID70NFS41,823768,2009.0,Q1,2009-01-01,2009-03-31,2010-04-29 11:36:25+00:00,0.31,0.31,0.29,289000000.0,0.31,49000000.0,101000000.0,170000000.0,170000000.0,155000000.0,15000000.0,1725000000.0,2810000000.0,,,38000000.0,337000000.0,1725000000.0,1085000000.0,105000000.0,4000000.0,713000000.0,372000000.0,-101000000.0,271000000.0,2810000000.0,500000000.0,500000000.0,500000000.0
Waste Management Inc,WM,549300YX8JIID70NFS41,823768,2010.0,Q4,2010-10-01,2010-12-31,,0.59,0.59,0.32,277000000.0,0.59,,160000000.0,294000000.0,294000000.0,281000000.0,13000000.0,1941000000.0,3187000000.0,3000000.0,,-1000000.0,396000000.0,1941000000.0,1246000000.0,119000000.0,-4000000.0,672000000.0,574000000.0,-120000000.0,454000000.0,3187000000.0,480200000.0,480200000.0,480200000.0
Waste Management Inc,WM,549300YX8JIID70NFS41,823768,2010.0,FY,2010-01-01,2010-12-31,2013-02-14 12:42:53+00:00,1.98,1.98,1.26,1194000000.0,1.98,-78000000.0,629000000.0,1002000000.0,1002000000.0,953000000.0,49000000.0,7824000000.0,12515000000.0,5000000.0,,-2000000.0,1461000000.0,7824000000.0,4691000000.0,473000000.0,-17000000.0,2575000000.0,2116000000.0,-485000000.0,1631000000.0,12515000000.0,480200000.0,480200000.0,480200000.0
Waste Management Inc,WM,549300YX8JIID70NFS41,823768,2010.0,Q3YTD,2010-01-01,2010-09-30,,1.39,1.39,0.95,917000000.0,1.39,-78000000.0,469000000.0,708000000.0,708000000.0,672000000.0,36000000.0,5883000000.0,9328000000.0,2000000.0,,-1000000.0,1065000000.0,5883000000.0,3445000000.0,354000000.0,-13000000.0,1903000000.0,1542000000.0,-365000000.0,1177000000.0,9328000000.0,477300000.0,477300000.0,477300000.0
Waste Management Inc,WM,549300YX8JIID70NFS41,823768,2010.0,Q3TTM,2009-10-01,2010-09-30,,2.04,2.04,1.23,1191000000.0,2.03,-45000000.0,485000000.0,1039000000.0,1039000000.0,987000000.0,52000000.0,7757000000.0,12334000000.0,2000000.0,,3000000.0,1430000000.0,7757000000.0,4577000000.0,464000000.0,-12000000.0,2579000000.0,1998000000.0,-474000000.0,1524000000.0,12334000000.0,477300000.0,477300000.0,477300000.0
Waste Management Inc,WM,549300YX8JIID70NFS41,823768,2010.0,Q3,2010-07-01,2010-09-30,2011-10-27 14:08:49+00:00,0.51,0.51,0.315,317000000.0,0.51,-1000000.0,153000000.0,258000000.0,258000000.0,244000000.0,14000000.0,2006000000.0,3235000000.0,0.0,,0.0,369000000.0,2006000000.0,1229000000.0,126000000.0,-7000000.0,685000000.0,544000000.0,-133000000.0,411000000.0,3235000000.0,477300000.0,477300000.0,477300000.0
Waste Management Inc,WM,549300YX8JIID70NFS41,823768,2010.0,Q2YTD,2010-01-01,2010-06-30,,0.88,0.88,0.63,600000000.0,0.88,-77000000.0,316000000.0,450000000.0,450000000.0,428000000.0,22000000.0,3877000000.0,6093000000.0,2000000.0,,-1000000.0,696000000.0,3877000000.0,2216000000.0,228000000.0,-6000000.0,1218000000.0,998000000.0,-232000000.0,766000000.0,6093000000.0,482100000.0,482100000.0,482100000.0
Waste Management Inc,WM,549300YX8JIID70NFS41,823768,2010.0,Q2TTM,2009-07-01,2010-06-30,,2.09,2.09,1.21,1175000000.0,2.08,-45000000.0,465000000.0,1073000000.0,1073000000.0,1020000000.0,53000000.0,7607000000.0,12122000000.0,3000000.0,,6000000.0,1400000000.0,7607000000.0,4515000000.0,442000000.0,-2000000.0,2536000000.0,1979000000.0,-441000000.0,1538000000.0,12122000000.0,482100000.0,482100000.0,482100000.0
Waste Management Inc,WM,549300YX8JIID70NFS41,823768,2010.0,Q2,2010-04-01,2010-06-30,2011-07-28 15:45:44+00:00,0.51,0.51,0.315,309000000.0,0.51,-77000000.0,206000000.0,258000000.0,258000000.0,246000000.0,12000000.0,1996000000.0,3158000000.0,0.0,,-1000000.0,345000000.0,1996000000.0,1162000000.0,116000000.0,-6000000.0,576000000.0,586000000.0,-122000000.0,464000000.0,3158000000.0,482100000.0,482100000.0,482100000.0
Waste Management Inc,WM,549300YX8JIID70NFS41,823768,2010.0,Q1TTM,2009-04-01,2010-03-31,,2.08,2.08,1.18,1168000000.0,2.07,34000000.0,422000000.0,1082000000.0,1082000000.0,1021000000.0,61000000.0,7397000000.0,11916000000.0,3000000.0,,12000000.0,1378000000.0,7397000000.0,4519000000.0,433000000.0,7000000.0,2592000000.0,1927000000.0,-423000000.0,1504000000.0,11916000000.0,485600000.0,485600000.0,485600000.0
Waste Management Inc,WM,549300YX8JIID70NFS41,823768,2010.0,Q1,2010-01-01,2010-03-31,2011-04-28 11:49:59+00:00,0.37,0.37,0.315,291000000.0,0.37,,110000000.0,192000000.0,192000000.0,182000000.0,10000000.0,1881000000.0,2935000000.0,2000000.0,,,351000000.0,1881000000.0,1054000000.0,112000000.0,0.0,642000000.0,412000000.0,-110000000.0,302000000.0,2935000000.0,485600000.0,485600000.0,485600000.0
Waste Management Inc,WM,549300YX8JIID70NFS41,823768,2011.0,Q4,2011-10-01,2011-12-31,,0.58,0.58,0.34,294000000.0,0.57,4000000.0,134000000.0,278000000.0,278000000.0,266000000.0,12000000.0,2145000000.0,3406000000.0,-8000000.0,,4000000.0,407000000.0,2145000000.0,1261000000.0,123000000.0,-9000000.0,709000000.0,552000000.0,-140000000.0,412000000.0,3406000000.0,469700000.0,469700000.0,469700000.0
Waste Management Inc,WM,549300YX8JIID70NFS41,823768,2011.0,FY,2011-01-01,2011-12-31,2014-02-18 11:38:53+00:00,2.05,2.05,1.36,1229000000.0,2.04,10000000.0,511000000.0,1009000000.0,1009000000.0,961000000.0,48000000.0,8541000000.0,13378000000.0,-4000000.0,,19000000.0,1551000000.0,8541000000.0,4837000000.0,481000000.0,-23000000.0,2809000000.0,2028000000.0,-508000000.0,1520000000.0,13378000000.0,469700000.0,469700000.0,469700000.0
Waste Management Inc,WM,549300YX8JIID70NFS41,823768,2011.0,Q3YTD,2011-01-01,2011-09-30,,1.47,1.47,1.02,935000000.0,1.47,6000000.0,377000000.0,731000000.0,731000000.0,695000000.0,36000000.0,6396000000.0,9972000000.0,4000000.0,,15000000.0,1144000000.0,6396000000.0,3576000000.0,358000000.0,-14000000.0,2100000000.0,1476000000.0,-368000000.0,1108000000.0,9972000000.0,468300000.0,468300000.0,468300000.0
Waste Management Inc,WM,549300YX8JIID70NFS41,823768,2011.0,Q3TTM,2010-10-01,2011-09-30,,2.06,2.06,1.34,1212000000.0,2.06,6000000.0,537000000.0,1025000000.0,1025000000.0,976000000.0,49000000.0,8337000000.0,13159000000.0,7000000.0,,14000000.0,1540000000.0,8337000000.0,4822000000.0,477000000.0,-18000000.0,2772000000.0,2050000000.0,-488000000.0,1562000000.0,13159000000.0,468300000.0,468300000.0,468300000.0
Waste Management Inc,WM,549300YX8JIID70NFS41,823768,2011.0,Q3,2011-07-01,2011-09-30,2012-10-31 11:27:28+00:00,0.58,0.58,0.34,317000000.0,0.58,6000000.0,136000000.0,285000000.0,285000000.0,272000000.0,13000000.0,2261000000.0,3522000000.0,2000000.0,,15000000.0,380000000.0,2261000000.0,1261000000.0,118000000.0,-6000000.0,718000000.0,543000000.0,-122000000.0,421000000.0,3522000000.0,468300000.0,468300000.0,468300000.0
Waste Management Inc,WM,549300YX8JIID70NFS41,823768,2011.0,Q2YTD,2011-01-01,2011-06-30,,0.89,0.89,0.68,618000000.0,0.89,,241000000.0,446000000.0,446000000.0,423000000.0,23000000.0,4135000000.0,6450000000.0,2000000.0,,,764000000.0,4135000000.0,2315000000.0,240000000.0,-8000000.0,1382000000.0,933000000.0,-246000000.0,687000000.0,6450000000.0,474200000.0,474200000.0,474200000.0
Waste Management Inc,WM,549300YX8JIID70NFS41,823768,2011.0,Q2TTM,2010-07-01,2011-06-30,,1.99,1.99,1.31,1212000000.0,1.99,-1000000.0,554000000.0,998000000.0,998000000.0,948000000.0,50000000.0,8082000000.0,12872000000.0,5000000.0,,-1000000.0,1529000000.0,8082000000.0,4790000000.0,485000000.0,-19000000.0,2739000000.0,2051000000.0,-499000000.0,1552000000.0,12872000000.0,474200000.0,474200000.0,474200000.0
Waste Management Inc,WM,549300YX8JIID70NFS41,823768,2011.0,Q2,2011-04-01,2011-06-30,2012-07-26 15:09:04+00:00,0.5,0.5,0.34,319000000.0,0.5,,131000000.0,250000000.0,250000000.0,237000000.0,13000000.0,2140000000.0,3347000000.0,1000000.0,,,382000000.0,2140000000.0,1207000000.0,119000000.0,-7000000.0,701000000.0,506000000.0,-125000000.0,381000000.0,3347000000.0,474200000.0,474200000.0,474200000.0
Waste Management Inc,WM,549300YX8JIID70NFS41,823768,2011.0,Q1TTM,2010-04-01,2011-03-31,,2.0,2.0,1.29,1202000000.0,2.0,-78000000.0,629000000.0,1006000000.0,1006000000.0,957000000.0,49000000.0,7938000000.0,12683000000.0,4000000.0,,-2000000.0,1492000000.0,7938000000.0,4745000000.0,482000000.0,-18000000.0,2614000000.0,2131000000.0,-496000000.0,1635000000.0,12683000000.0,475700000.0,475700000.0,475700000.0
Waste Management Inc,WM,549300YX8JIID70NFS41,823768,2011.0,Q1,2011-01-01,2011-03-31,2012-04-26 12:38:12+00:00,0.39,0.39,0.34,299000000.0,0.39,,110000000.0,196000000.0,196000000.0,186000000.0,10000000.0,1995000000.0,3103000000.0,1000000.0,,,382000000.0,1995000000.0,1108000000.0,121000000.0,-1000000.0,681000000.0,427000000.0,-121000000.0,306000000.0,3103000000.0,475700000.0,475700000.0,475700000.0
Waste Management Inc,WM,549300YX8JIID70NFS41,823768,2012.0,Q4,2012-10-01,2012-12-31,,0.48,0.48,0.36,326000000.0,0.48,28000000.0,114000000.0,235000000.0,235000000.0,224000000.0,11000000.0,2224000000.0,3434000000.0,-2000000.0,,16000000.0,356000000.0,2224000000.0,1210000000.0,118000000.0,-15000000.0,726000000.0,484000000.0,-135000000.0,349000000.0,3434000000.0,463600000.0,463600000.0,463600000.0
Waste Management Inc,WM,549300YX8JIID70NFS41,823768,2012.0,FY,2012-01-01,2012-12-31,2015-02-17 12:21:00+00:00,1.76,1.76,1.42,1297000000.0,1.76,83000000.0,443000000.0,860000000.0,860000000.0,817000000.0,43000000.0,8879000000.0,13649000000.0,-18000000.0,,67000000.0,1472000000.0,8879000000.0,4770000000.0,484000000.0,-46000000.0,2919000000.0,1851000000.0,-548000000.0,1303000000.0,13649000000.0,463600000.0,463600000.0,463600000.0
Waste Management Inc,WM,549300YX8JIID70NFS41,823768,2012.0,Q3YTD,2012-01-01,2012-09-30,,1.28,1.28,1.07,971000000.0,1.28,55000000.0,329000000.0,625000000.0,625000000.0,593000000.0,32000000.0,6655000000.0,10215000000.0,-16000000.0,,51000000.0,1116000000.0,6655000000.0,3560000000.0,366000000.0,-31000000.0,2193000000.0,1367000000.0,-413000000.0,954000000.0,10215000000.0,464100000.0,464100000.0,464100000.0
Waste Management Inc,WM,549300YX8JIID70NFS41,823768,2012.0,Q3TTM,2011-10-01,2012-09-30,,1.86,1.86,1.41,1265000000.0,1.85,59000000.0,463000000.0,903000000.0,903000000.0,859000000.0,44000000.0,8800000000.0,13621000000.0,-24000000.0,,55000000.0,1523000000.0,8800000000.0,4821000000.0,489000000.0,-40000000.0,2902000000.0,1919000000.0,-553000000.0,1366000000.0,13621000000.0,464100000.0,464100000.0,464100000.0
Waste Management Inc,WM,549300YX8JIID70NFS41,823768,2012.0,Q3,2012-07-01,2012-09-30,2013-10-29 12:48:31+00:00,0.46,0.46,0.355,331000000.0,0.46,22000000.0,125000000.0,223000000.0,223000000.0,214000000.0,9000000.0,2229000000.0,3461000000.0,-14000000.0,,44000000.0,335000000.0,2229000000.0,1232000000.0,123000000.0,-15000000.0,732000000.0,500000000.0,-152000000.0,348000000.0,3461000000.0,464100000.0,464100000.0,464100000.0
Waste Management Inc,WM,549300YX8JIID70NFS41,823768,2012.0,Q2YTD,2012-01-01,2012-06-30,,0.82,0.82,0.71,640000000.0,0.82,33000000.0,204000000.0,402000000.0,402000000.0,379000000.0,23000000.0,4426000000.0,6754000000.0,-2000000.0,,7000000.0,781000000.0,4426000000.0,2328000000.0,243000000.0,-16000000.0,1461000000.0,867000000.0,-261000000.0,606000000.0,6754000000.0,463400000.0,463400000.0,463400000.0
Waste Management Inc,WM,549300YX8JIID70NFS41,823768,2012.0,Q2TTM,2011-07-01,2012-06-30,,1.98,1.98,1.39,1251000000.0,1.97,43000000.0,474000000.0,965000000.0,965000000.0,917000000.0,48000000.0,8832000000.0,13682000000.0,-8000000.0,,26000000.0,1568000000.0,8832000000.0,4850000000.0,484000000.0,-31000000.0,2888000000.0,1962000000.0,-523000000.0,1439000000.0,13682000000.0,463400000.0,463400000.0,463400000.0
Waste Management Inc,WM,549300YX8JIID70NFS41,823768,2012.0,Q2,2012-04-01,2012-06-30,2013-07-30 11:41:04+00:00,0.45,0.45,0.355,323000000.0,0.45,33000000.0,115000000.0,219000000.0,219000000.0,208000000.0,11000000.0,2260000000.0,3459000000.0,-1000000.0,,3000000.0,374000000.0,2260000000.0,1199000000.0,121000000.0,-10000000.0,733000000.0,466000000.0,-132000000.0,334000000.0,3459000000.0,463400000.0,463400000.0,463400000.0
Waste Management Inc,WM,549300YX8JIID70NFS41,823768,2012.0,Q1TTM,2011-04-01,2012-03-31,,2.03,2.03,1.38,1247000000.0,2.02,10000000.0,490000000.0,996000000.0,996000000.0,946000000.0,50000000.0,8712000000.0,13570000000.0,-6000000.0,,23000000.0,1576000000.0,8712000000.0,4858000000.0,482000000.0,-28000000.0,2856000000.0,2002000000.0,-516000000.0,1486000000.0,13570000000.0,462100000.0,462100000.0,462100000.0
Waste Management Inc,WM,549300YX8JIID70NFS41,823768,2012.0,Q1,2012-01-01,2012-03-31,2013-04-24 12:13:09+00:00,0.37,0.37,0.355,317000000.0,0.37,,89000000.0,183000000.0,183000000.0,171000000.0,12000000.0,2166000000.0,3295000000.0,-1000000.0,,4000000.0,407000000.0,2166000000.0,1129000000.0,122000000.0,-6000000.0,728000000.0,401000000.0,-129000000.0,272000000.0,3295000000.0,462100000.0,462100000.0,462100000.0
Waste Management Inc,WM,549300YX8JIID70NFS41,823768,2013.0,FY,2013-01-01,2013-12-31,2016-02-18 11:45:02+00:00,0.21,0.21,1.46,1333000000.0,0.21,973000000.0,364000000.0,130000000.0,130000000.0,98000000.0,32000000.0,9112000000.0,13983000000.0,-74000000.0,,18000000.0,1468000000.0,9112000000.0,4871000000.0,477000000.0,-34000000.0,3792000000.0,1079000000.0,-585000000.0,494000000.0,13983000000.0,467700000.0,467700000.0,467700000.0
Waste Management Inc,WM,549300YX8JIID70NFS41,823768,2013.0,Q4,2013-10-01,2013-12-31,,-1.29,-1.29,0.37,327000000.0,-1.29,935000000.0,-4000000.0,-599000000.0,-599000000.0,-605000000.0,6000000.0,2267000000.0,3500000000.0,-62000000.0,,5000000.0,376000000.0,2267000000.0,1233000000.0,116000000.0,-15000000.0,1643000000.0,-410000000.0,-193000000.0,-603000000.0,3500000000.0,467700000.0,467700000.0,467700000.0
Waste Management Inc,WM,549300YX8JIID70NFS41,823768,2013.0,Q3YTD,2013-01-01,2013-09-30,,1.5,1.5,1.1,1006000000.0,1.5,38000000.0,368000000.0,729000000.0,729000000.0,703000000.0,26000000.0,6845000000.0,10483000000.0,-12000000.0,,13000000.0,1092000000.0,6845000000.0,3638000000.0,361000000.0,-19000000.0,2149000000.0,1489000000.0,-392000000.0,1097000000.0,10483000000.0,469300000.0,469300000.0,469300000.0
Waste Management Inc,WM,549300YX8JIID70NFS41,823768,2013.0,Q3TTM,2012-10-01,2013-09-30,,1.98,1.98,1.45,1332000000.0,1.98,66000000.0,482000000.0,964000000.0,964000000.0,927000000.0,37000000.0,9069000000.0,13917000000.0,-14000000.0,,29000000.0,1448000000.0,9069000000.0,4848000000.0,479000000.0,-34000000.0,2875000000.0,1973000000.0,-527000000.0,1446000000.0,13917000000.0,469300000.0,469300000.0,469300000.0
Waste Management Inc,WM,549300YX8JIID70NFS41,823768,2013.0,Q3,2013-07-01,2013-09-30,2014-10-29 11:41:51+00:00,0.62,0.62,0.365,344000000.0,0.62,23000000.0,155000000.0,297000000.0,297000000.0,291000000.0,6000000.0,2325000000.0,3621000000.0,-3000000.0,,3000000.0,349000000.0,2325000000.0,1296000000.0,119000000.0,-3000000.0,719000000.0,577000000.0,-125000000.0,452000000.0,3621000000.0,469300000.0,469300000.0,469300000.0
Waste Management Inc,WM,549300YX8JIID70NFS41,823768,2013.0,Q2YTD,2013-01-01,2013-06-30,,0.88,0.88,0.73,662000000.0,0.88,15000000.0,213000000.0,432000000.0,432000000.0,412000000.0,20000000.0,4520000000.0,6862000000.0,-9000000.0,,10000000.0,743000000.0,4520000000.0,2342000000.0,242000000.0,-16000000.0,1430000000.0,912000000.0,-267000000.0,645000000.0,6862000000.0,467900000.0,467900000.0,467900000.0
Waste Management Inc,WM,549300YX8JIID70NFS41,823768,2013.0,Q2TTM,2012-07-01,2013-06-30,,1.82,1.82,1.44,1319000000.0,1.82,65000000.0,452000000.0,890000000.0,890000000.0,850000000.0,40000000.0,8973000000.0,13757000000.0,-25000000.0,,70000000.0,1434000000.0,8973000000.0,4784000000.0,483000000.0,-46000000.0,2888000000.0,1896000000.0,-554000000.0,1342000000.0,13757000000.0,467900000.0,467900000.0,467900000.0
Waste Management Inc,WM,549300YX8JIID70NFS41,823768,2013.0,Q2,2013-04-01,2013-06-30,2014-07-29 11:23:11+00:00,0.52,0.52,0.365,339000000.0,0.52,11000000.0,127000000.0,256000000.0,256000000.0,244000000.0,12000000.0,2311000000.0,3526000000.0,2000000.0,,2000000.0,353000000.0,2311000000.0,1215000000.0,121000000.0,-8000000.0,705000000.0,510000000.0,-127000000.0,383000000.0,3526000000.0,467900000.0,467900000.0,467900000.0
Waste Management Inc,WM,549300YX8JIID70NFS41,823768,2013.0,Q1TTM,2012-04-01,2013-03-31,,1.75,1.75,1.43,1303000000.0,1.75,87000000.0,440000000.0,853000000.0,853000000.0,814000000.0,39000000.0,8922000000.0,13690000000.0,-28000000.0,,71000000.0,1455000000.0,8922000000.0,4768000000.0,483000000.0,-48000000.0,2916000000.0,1852000000.0,-559000000.0,1293000000.0,13690000000.0,465700000.0,465700000.0,465700000.0
Waste Management Inc,WM,549300YX8JIID70NFS41,823768,2013.0,Q1,2013-01-01,2013-03-31,2014-04-24 12:17:05+00:00,0.36,0.36,0.365,323000000.0,0.36,4000000.0,86000000.0,176000000.0,176000000.0,168000000.0,8000000.0,2209000000.0,3336000000.0,-11000000.0,,8000000.0,390000000.0,2209000000.0,1127000000.0,121000000.0,-8000000.0,725000000.0,402000000.0,-140000000.0,262000000.0,3336000000.0,465700000.0,465700000.0,465700000.0
Waste Management Inc,WM,549300YX8JIID70NFS41,823768,2014.0,FY,2014-01-01,2014-12-31,2017-02-16 14:12:46+00:00,2.8,2.8,1.5,1292000000.0,2.79,-160000000.0,413000000.0,1338000000.0,1338000000.0,1298000000.0,40000000.0,9002000000.0,13996000000.0,-29000000.0,,82000000.0,1481000000.0,9002000000.0,4994000000.0,,-519000000.0,2695000000.0,2299000000.0,-548000000.0,1751000000.0,13996000000.0,462600000.0,462600000.0,462600000.0
Waste Management Inc,WM,549300YX8JIID70NFS41,823768,2014.0,Q4,2014-10-01,2014-12-31,,1.27,1.27,0.38,307000000.0,1.27,-181000000.0,1000000.0,598000000.0,598000000.0,590000000.0,8000000.0,2170000000.0,3437000000.0,-22000000.0,,13000000.0,376000000.0,2170000000.0,1267000000.0,-352000000.0,-483000000.0,515000000.0,752000000.0,-153000000.0,599000000.0,3437000000.0,462600000.0,462600000.0,462600000.0
Waste Management Inc,WM,549300YX8JIID70NFS41,823768,2014.0,Q3YTD,2014-01-01,2014-09-30,,1.53,1.53,1.13,985000000.0,1.52,21000000.0,412000000.0,740000000.0,740000000.0,708000000.0,32000000.0,6832000000.0,10559000000.0,-7000000.0,,69000000.0,1105000000.0,6832000000.0,3727000000.0,352000000.0,-36000000.0,2180000000.0,1547000000.0,-395000000.0,1152000000.0,10559000000.0,460800000.0,460800000.0,460800000.0
Waste Management Inc,WM,549300YX8JIID70NFS41,823768,2014.0,Q3TTM,2013-10-01,2014-09-30,,0.24,0.24,1.49,1312000000.0,0.23,956000000.0,408000000.0,141000000.0,141000000.0,103000000.0,38000000.0,9099000000.0,14059000000.0,-69000000.0,,74000000.0,1481000000.0,9099000000.0,4960000000.0,468000000.0,-51000000.0,3823000000.0,1137000000.0,-588000000.0,549000000.0,14059000000.0,460800000.0,460800000.0,460800000.0
Waste Management Inc,WM,549300YX8JIID70NFS41,823768,2014.0,Q3,2014-07-01,2014-09-30,2015-10-27 11:35:29+00:00,0.59,0.59,0.375,329000000.0,0.58,-16000000.0,133000000.0,281000000.0,281000000.0,270000000.0,11000000.0,2299000000.0,3602000000.0,-2000000.0,,67000000.0,377000000.0,2299000000.0,1303000000.0,116000000.0,-14000000.0,757000000.0,546000000.0,-132000000.0,414000000.0,3602000000.0,460800000.0,460800000.0,460800000.0
Waste Management Inc,WM,549300YX8JIID70NFS41,823768,2014.0,Q2YTD,2014-01-01,2014-06-30,,0.94,0.94,0.75,656000000.0,0.94,37000000.0,279000000.0,459000000.0,459000000.0,438000000.0,21000000.0,4533000000.0,6957000000.0,-5000000.0,,2000000.0,728000000.0,4533000000.0,2424000000.0,236000000.0,-22000000.0,1423000000.0,1001000000.0,-263000000.0,738000000.0,6957000000.0,465900000.0,465900000.0,465900000.0
Waste Management Inc,WM,549300YX8JIID70NFS41,823768,2014.0,Q2TTM,2013-07-01,2014-06-30,,0.27,0.27,1.48,1327000000.0,0.27,995000000.0,430000000.0,157000000.0,157000000.0,124000000.0,33000000.0,9125000000.0,14078000000.0,-70000000.0,,10000000.0,1453000000.0,9125000000.0,4953000000.0,471000000.0,-40000000.0,3785000000.0,1168000000.0,-581000000.0,587000000.0,14078000000.0,465900000.0,465900000.0,465900000.0
Waste Management Inc,WM,549300YX8JIID70NFS41,823768,2014.0,Q2,2014-04-01,2014-06-30,2015-07-23 11:28:37+00:00,0.45,0.45,0.375,339000000.0,0.45,35000000.0,180000000.0,222000000.0,222000000.0,210000000.0,12000000.0,2301000000.0,3561000000.0,-2000000.0,,1000000.0,353000000.0,2301000000.0,1260000000.0,115000000.0,-13000000.0,728000000.0,532000000.0,-130000000.0,402000000.0,3561000000.0,465900000.0,465900000.0,465900000.0
Waste Management Inc,WM,549300YX8JIID70NFS41,823768,2014.0,Q1TTM,2013-04-01,2014-03-31,,0.34,0.34,1.47,1327000000.0,0.34,971000000.0,377000000.0,191000000.0,191000000.0,158000000.0,33000000.0,9135000000.0,14043000000.0,-66000000.0,,11000000.0,1453000000.0,9135000000.0,4908000000.0,477000000.0,-35000000.0,3762000000.0,1146000000.0,-578000000.0,568000000.0,14043000000.0,465200000.0,465200000.0,465200000.0
Waste Management Inc,WM,549300YX8JIID70NFS41,823768,2014.0,Q1,2014-01-01,2014-03-31,2015-04-29 11:42:43+00:00,0.49,0.49,0.375,317000000.0,0.49,2000000.0,99000000.0,237000000.0,237000000.0,228000000.0,9000000.0,2232000000.0,3396000000.0,-3000000.0,,1000000.0,375000000.0,2232000000.0,1164000000.0,121000000.0,-9000000.0,695000000.0,469000000.0,-133000000.0,336000000.0,3396000000.0,465200000.0,465200000.0,465200000.0
Waste Management Inc,WM,549300YX8JIID70NFS41,823768,2015.0,FY,2015-01-01,2015-12-31,2018-02-15 12:17:48+00:00,1.66,1.66,1.54,1245000000.0,1.65,82000000.0,308000000.0,752000000.0,752000000.0,753000000.0,-1000000.0,8231000000.0,12961000000.0,-7000000.0,,15000000.0,1343000000.0,8231000000.0,4730000000.0,555000000.0,-423000000.0,2685000000.0,2045000000.0,-985000000.0,1060000000.0,12961000000.0,452700000.0,452700000.0,452700000.0
Waste Management Inc,WM,549300YX8JIID70NFS41,823768,2015.0,Q4,2015-10-01,2015-12-31,,0.59,0.59,0.39,301000000.0,0.59,65000000.0,124000000.0,273000000.0,273000000.0,273000000.0,,2027000000.0,3246000000.0,-5000000.0,,8000000.0,343000000.0,2027000000.0,1219000000.0,-101000000.0,-201000000.0,717000000.0,502000000.0,-105000000.0,397000000.0,3246000000.0,452700000.0,452700000.0,452700000.0
Waste Management Inc,WM,549300YX8JIID70NFS41,823768,2015.0,Q3,2015-07-01,2015-09-30,2016-10-26 11:28:18+00:00,0.75,0.75,0.385,330000000.0,0.74,2000000.0,159000000.0,337000000.0,337000000.0,335000000.0,2000000.0,2095000000.0,3360000000.0,-1000000.0,,2000000.0,330000000.0,2095000000.0,1265000000.0,,-104000000.0,664000000.0,601000000.0,-105000000.0,496000000.0,3360000000.0,449600000.0,449600000.0,449600000.0
Waste Management Inc,WM,549300YX8JIID70NFS41,823768,2015.0,Q3YTD,2015-01-01,2015-09-30,,1.07,1.07,1.16,944000000.0,1.06,17000000.0,184000000.0,479000000.0,479000000.0,480000000.0,-1000000.0,6204000000.0,9715000000.0,-2000000.0,,7000000.0,1000000000.0,6204000000.0,3511000000.0,656000000.0,-222000000.0,1968000000.0,1543000000.0,-880000000.0,663000000.0,9715000000.0,449600000.0,449600000.0,449600000.0
Waste Management Inc,WM,549300YX8JIID70NFS41,823768,2015.0,Q3TTM,2014-10-01,2015-09-30,,2.34,2.34,1.53,1251000000.0,2.33,-164000000.0,185000000.0,1077000000.0,1077000000.0,1070000000.0,7000000.0,8374000000.0,13152000000.0,-24000000.0,,20000000.0,1376000000.0,8374000000.0,4778000000.0,304000000.0,-705000000.0,2483000000.0,2295000000.0,-1033000000.0,1262000000.0,13152000000.0,449600000.0,449600000.0,449600000.0
Waste Management Inc,WM,549300YX8JIID70NFS41,823768,2015.0,Q2,2015-04-01,2015-06-30,2016-07-27 11:25:17+00:00,0.6,0.6,0.385,322000000.0,0.6,2000000.0,116000000.0,273000000.0,273000000.0,274000000.0,-1000000.0,2163000000.0,3315000000.0,-1000000.0,,4000000.0,322000000.0,2163000000.0,1152000000.0,2000000.0,-110000000.0,650000000.0,502000000.0,-113000000.0,389000000.0,3315000000.0,455500000.0,455500000.0,455500000.0
Waste Management Inc,WM,549300YX8JIID70NFS41,823768,2015.0,Q2YTD,2015-01-01,2015-06-30,,0.32,0.32,0.77,614000000.0,0.32,15000000.0,25000000.0,142000000.0,142000000.0,145000000.0,-3000000.0,4109000000.0,6355000000.0,-1000000.0,,5000000.0,670000000.0,4109000000.0,2246000000.0,656000000.0,-118000000.0,1304000000.0,942000000.0,-775000000.0,167000000.0,6355000000.0,455500000.0,455500000.0,455500000.0
Waste Management Inc,WM,549300YX8JIID70NFS41,823768,2015.0,Q2TTM,2014-07-01,2015-06-30,,2.18,2.18,1.52,1250000000.0,2.17,-182000000.0,159000000.0,1021000000.0,1021000000.0,1005000000.0,16000000.0,8578000000.0,13394000000.0,-25000000.0,,85000000.0,1423000000.0,8578000000.0,4816000000.0,420000000.0,-615000000.0,2576000000.0,2240000000.0,-1060000000.0,1180000000.0,13394000000.0,455500000.0,455500000.0,455500000.0
Waste Management Inc,WM,549300YX8JIID70NFS41,823768,2015.0,Q1,2015-01-01,2015-03-31,2016-04-28 11:48:52+00:00,-0.28,-0.28,0.385,292000000.0,-0.28,13000000.0,-91000000.0,-131000000.0,-131000000.0,-129000000.0,-2000000.0,1946000000.0,3040000000.0,,,1000000.0,348000000.0,1946000000.0,1094000000.0,654000000.0,-8000000.0,654000000.0,440000000.0,-662000000.0,-222000000.0,3040000000.0,458500000.0,458500000.0,458500000.0
Waste Management Inc,WM,549300YX8JIID70NFS41,823768,2015.0,Q1TTM,2014-04-01,2015-03-31,,2.03,2.03,1.51,1267000000.0,2.02,-149000000.0,223000000.0,970000000.0,970000000.0,941000000.0,29000000.0,8716000000.0,13640000000.0,-26000000.0,,82000000.0,1454000000.0,8716000000.0,4924000000.0,533000000.0,-518000000.0,2654000000.0,2270000000.0,-1077000000.0,1193000000.0,13640000000.0,458500000.0,458500000.0,458500000.0
Waste Management Inc,WM,549300YX8JIID70NFS41,823768,2016.0,FY,2016-01-01,2016-12-31,2019-02-14 11:54:21+00:00,2.66,2.66,1.64,1301000000.0,2.65,112000000.0,642000000.0,1180000000.0,1180000000.0,1182000000.0,-2000000.0,8486000000.0,13609000000.0,-54000000.0,,4000000.0,1410000000.0,8486000000.0,5123000000.0,,-420000000.0,2827000000.0,2296000000.0,-474000000.0,1822000000.0,13609000000.0,443500000.0,443500000.0,443500000.0
Waste Management Inc,WM,549300YX8JIID70NFS41,823768,2016.0,Q4,2016-10-01,2016-12-31,,0.75,0.75,0.41,313000000.0,0.75,4000000.0,176000000.0,334000000.0,334000000.0,335000000.0,-1000000.0,2147000000.0,3460000000.0,-1000000.0,1000000.0,,378000000.0,2147000000.0,1313000000.0,,-106000000.0,696000000.0,617000000.0,-107000000.0,510000000.0,3460000000.0,443500000.0,443500000.0,443500000.0
Waste Management Inc,WM,549300YX8JIID70NFS41,823768,2016.0,Q3,2016-07-01,2016-09-30,2017-10-26 12:01:06+00:00,0.68,0.68,0.41,336000000.0,0.68,106000000.0,153000000.0,304000000.0,304000000.0,302000000.0,2000000.0,2216000000.0,3548000000.0,,,,330000000.0,2216000000.0,1332000000.0,,-103000000.0,772000000.0,560000000.0,-103000000.0,457000000.0,3548000000.0,442900000.0,442900000.0,442900000.0
Waste Management Inc,WM,549300YX8JIID70NFS41,823768,2016.0,Q3YTD,2016-01-01,2016-09-30,,1.91,1.91,1.23,988000000.0,1.9,108000000.0,466000000.0,846000000.0,846000000.0,847000000.0,-1000000.0,6339000000.0,10149000000.0,-53000000.0,-1000000.0,4000000.0,1032000000.0,6339000000.0,3810000000.0,,-314000000.0,2131000000.0,1679000000.0,-367000000.0,1312000000.0,10149000000.0,442900000.0,442900000.0,442900000.0
Waste Management Inc,WM,549300YX8JIID70NFS41,823768,2016.0,Q3TTM,2015-10-01,2016-09-30,,2.5,2.5,1.61,1289000000.0,2.49,173000000.0,590000000.0,1119000000.0,1119000000.0,1120000000.0,-1000000.0,8366000000.0,13395000000.0,-58000000.0,-1000000.0,12000000.0,1375000000.0,8366000000.0,5029000000.0,-101000000.0,-515000000.0,2848000000.0,2181000000.0,-472000000.0,1709000000.0,13395000000.0,442900000.0,442900000.0,442900000.0
Waste Management Inc,WM,549300YX8JIID70NFS41,823768,2016.0,Q2,2016-04-01,2016-06-30,2017-07-26 11:44:42+00:00,0.65,0.65,0.41,340000000.0,0.64,2000000.0,173000000.0,286000000.0,286000000.0,287000000.0,-1000000.0,2130000000.0,3425000000.0,-43000000.0,,2000000.0,340000000.0,2130000000.0,1295000000.0,,-109000000.0,684000000.0,611000000.0,-152000000.0,459000000.0,3425000000.0,444000000.0,444000000.0,444000000.0
Waste Management Inc,WM,549300YX8JIID70NFS41,823768,2016.0,Q2YTD,2016-01-01,2016-06-30,,1.23,1.23,0.82,652000000.0,1.22,2000000.0,313000000.0,542000000.0,542000000.0,545000000.0,-3000000.0,4123000000.0,6601000000.0,-53000000.0,-1000000.0,4000000.0,702000000.0,4123000000.0,2478000000.0,,-211000000.0,1359000000.0,1119000000.0,-264000000.0,855000000.0,6601000000.0,444000000.0,444000000.0,444000000.0
Waste Management Inc,WM,549300YX8JIID70NFS41,823768,2016.0,Q2TTM,2015-07-01,2016-06-30,,2.57,2.57,1.59,1283000000.0,2.55,69000000.0,596000000.0,1152000000.0,1152000000.0,1153000000.0,-1000000.0,8245000000.0,13207000000.0,-59000000.0,-1000000.0,14000000.0,1375000000.0,8245000000.0,4962000000.0,-101000000.0,-516000000.0,2740000000.0,2222000000.0,-474000000.0,1748000000.0,13207000000.0,444000000.0,444000000.0,444000000.0
Waste Management Inc,WM,549300YX8JIID70NFS41,823768,2016.0,Q1,2016-01-01,2016-03-31,2017-04-26 11:28:09+00:00,0.58,0.58,0.41,312000000.0,0.58,,140000000.0,256000000.0,256000000.0,258000000.0,-2000000.0,1993000000.0,3176000000.0,-10000000.0,-1000000.0,2000000.0,362000000.0,1993000000.0,1183000000.0,,-102000000.0,675000000.0,508000000.0,-112000000.0,396000000.0,3176000000.0,446100000.0,446100000.0,446100000.0
Waste Management Inc,WM,549300YX8JIID70NFS41,823768,2016.0,Q1TTM,2015-04-01,2016-03-31,,2.52,2.52,1.57,1265000000.0,2.51,69000000.0,539000000.0,1139000000.0,1139000000.0,1140000000.0,-1000000.0,8278000000.0,13097000000.0,-17000000.0,-1000000.0,16000000.0,1357000000.0,8278000000.0,4819000000.0,-99000000.0,-517000000.0,2706000000.0,2113000000.0,-435000000.0,1678000000.0,13097000000.0,446100000.0,446100000.0,446100000.0
Waste Management Inc,WM,549300YX8JIID70NFS41,823768,2017.0,FY,2017-01-01,2017-12-31,2020-02-13 12:26:01+00:00,4.44,4.44,1.7,1376000000.0,4.41,-16000000.0,242000000.0,1949000000.0,1949000000.0,1949000000.0,0.0,9021000000.0,14485000000.0,-8000000.0,,0.0,1468000000.0,9021000000.0,5464000000.0,6000000.0,-431000000.0,2828000000.0,2636000000.0,-445000000.0,2191000000.0,14485000000.0,439000000.0,439000000.0,442000000.0
Waste Management Inc,WM,549300YX8JIID70NFS41,823768,2017.0,Q4,2017-10-01,2017-12-31,,2.06,2.06,-1.28,342000000.0,2.06,-26000000.0,-319000000.0,903000000.0,903000000.0,903000000.0,,2263000000.0,3652000000.0,-8000000.0,,,369000000.0,2263000000.0,1389000000.0,6000000.0,-106000000.0,685000000.0,704000000.0,-120000000.0,584000000.0,3652000000.0,439000000.0,439000000.0,442000000.0
Waste Management Inc,WM,549300YX8JIID70NFS41,823768,2017.0,Q3,2017-07-01,2017-09-30,2018-10-25 11:30:08+00:00,0.88,0.88,0.425,350000000.0,0.87,9000000.0,215000000.0,388000000.0,388000000.0,386000000.0,2000000.0,2302000000.0,3716000000.0,,,-2000000.0,356000000.0,2302000000.0,1414000000.0,,-98000000.0,713000000.0,701000000.0,-98000000.0,603000000.0,3716000000.0,437800000.0,437800000.0,437800000.0
Waste Management Inc,WM,549300YX8JIID70NFS41,823768,2017.0,Q3YTD,2017-01-01,2017-09-30,,2.38,2.38,1.28,1034000000.0,2.35,10000000.0,561000000.0,1046000000.0,1046000000.0,1046000000.0,,6758000000.0,10833000000.0,,,,1099000000.0,6758000000.0,4075000000.0,,-325000000.0,2143000000.0,1932000000.0,-325000000.0,1607000000.0,10833000000.0,437800000.0,437800000.0,437800000.0
Waste Management Inc,WM,549300YX8JIID70NFS41,823768,2017.0,Q3TTM,2016-10-01,2017-09-30,,3.13,3.13,1.68,1347000000.0,3.1,14000000.0,737000000.0,1380000000.0,1380000000.0,1381000000.0,-1000000.0,8905000000.0,14293000000.0,-1000000.0,1000000.0,,1477000000.0,8905000000.0,5388000000.0,,-431000000.0,2839000000.0,2549000000.0,-432000000.0,2117000000.0,14293000000.0,437800000.0,437800000.0,437800000.0
Waste Management Inc,WM,549300YX8JIID70NFS41,823768,2017.0,Q2,2017-04-01,2017-06-30,2018-07-25 11:58:01+00:00,0.82,0.82,0.425,356000000.0,0.81,4000000.0,209000000.0,361000000.0,361000000.0,362000000.0,-1000000.0,2290000000.0,3677000000.0,,,1000000.0,353000000.0,2290000000.0,1387000000.0,,-103000000.0,714000000.0,673000000.0,-103000000.0,570000000.0,3677000000.0,441900000.0,441900000.0,441900000.0
Waste Management Inc,WM,549300YX8JIID70NFS41,823768,2017.0,Q2YTD,2017-01-01,2017-06-30,,1.5,1.5,0.85,684000000.0,1.48,1000000.0,346000000.0,658000000.0,658000000.0,660000000.0,-2000000.0,4456000000.0,7117000000.0,,,2000000.0,743000000.0,4456000000.0,2661000000.0,,-227000000.0,1430000000.0,1231000000.0,-227000000.0,1004000000.0,7117000000.0,441900000.0,441900000.0,441900000.0
Waste Management Inc,WM,549300YX8JIID70NFS41,823768,2017.0,Q2TTM,2016-07-01,2017-06-30,,2.93,2.93,1.67,1333000000.0,2.91,111000000.0,675000000.0,1296000000.0,1296000000.0,1297000000.0,-1000000.0,8819000000.0,14125000000.0,-1000000.0,1000000.0,2000000.0,1451000000.0,8819000000.0,5306000000.0,,-436000000.0,2898000000.0,2408000000.0,-437000000.0,1971000000.0,14125000000.0,441900000.0,441900000.0,441900000.0
Waste Management Inc,WM,549300YX8JIID70NFS41,823768,2017.0,Q1,2017-01-01,2017-03-31,2018-04-23 10:06:15+00:00,0.68,0.68,0.425,328000000.0,0.67,-3000000.0,137000000.0,297000000.0,297000000.0,298000000.0,-1000000.0,2166000000.0,3440000000.0,,,1000000.0,390000000.0,2166000000.0,1274000000.0,,-124000000.0,716000000.0,558000000.0,-124000000.0,434000000.0,3440000000.0,441300000.0,441300000.0,441300000.0
Waste Management Inc,WM,549300YX8JIID70NFS41,823768,2017.0,Q1TTM,2016-04-01,2017-03-31,,2.76,2.76,1.66,1317000000.0,2.74,109000000.0,639000000.0,1221000000.0,1221000000.0,1222000000.0,-1000000.0,8659000000.0,13873000000.0,-44000000.0,1000000.0,3000000.0,1438000000.0,8659000000.0,5214000000.0,,-442000000.0,2868000000.0,2346000000.0,-486000000.0,1860000000.0,13873000000.0,441300000.0,441300000.0,441300000.0
Waste Management Inc,WM,549300YX8JIID70NFS41,823768,2018.0,FY,2018-01-01,2018-12-31,2020-02-13 12:26:01+00:00,4.49,4.49,1.86,1477000000.0,4.45,-58000000.0,453000000.0,1923000000.0,1923000000.0,1925000000.0,-2000000.0,9249000000.0,14914000000.0,2000000.0,,4000000.0,1453000000.0,9249000000.0,5665000000.0,0.0,-415000000.0,2876000000.0,2789000000.0,-413000000.0,2376000000.0,14914000000.0,428700000.0,428700000.0,432600000.0
Waste Management Inc,WM,549300YX8JIID70NFS41,823768,2018.0,Q4,2018-10-01,2018-12-31,,1.26,1.26,-1.4,370000000.0,1.23,-47000000.0,128000000.0,531000000.0,531000000.0,531000000.0,,2379000000.0,3842000000.0,1000000.0,3000000.0,,370000000.0,2379000000.0,1463000000.0,,-109000000.0,696000000.0,767000000.0,-108000000.0,659000000.0,3842000000.0,428700000.0,428700000.0,432600000.0
Waste Management Inc,WM,549300YX8JIID70NFS41,823768,2018.0,Q3,2018-07-01,2018-09-30,2019-10-23 12:44:26+00:00,1.16,1.16,0.465,376000000.0,1.16,28000000.0,99000000.0,498000000.0,498000000.0,499000000.0,-1000000.0,2373000000.0,3822000000.0,,,1000000.0,345000000.0,2373000000.0,1449000000.0,,-102000000.0,750000000.0,699000000.0,-102000000.0,597000000.0,3822000000.0,427900000.0,427900000.0,427900000.0
Waste Management Inc,WM,549300YX8JIID70NFS41,823768,2018.0,Q3YTD,2018-01-01,2018-09-30,,3.23,3.23,1.4,1107000000.0,3.22,-11000000.0,325000000.0,1392000000.0,1392000000.0,1394000000.0,-2000000.0,6870000000.0,11072000000.0,1000000.0,-3000000.0,4000000.0,1083000000.0,6870000000.0,4202000000.0,,-306000000.0,2180000000.0,2022000000.0,-305000000.0,1717000000.0,11072000000.0,427900000.0,427900000.0,427900000.0
Waste Management Inc,WM,549300YX8JIID70NFS41,823768,2018.0,Q3TTM,2017-10-01,2018-09-30,,5.29,5.29,0.12,1449000000.0,5.28,-37000000.0,6000000.0,2295000000.0,2295000000.0,2297000000.0,-2000000.0,9133000000.0,14724000000.0,-7000000.0,-3000000.0,4000000.0,1452000000.0,9133000000.0,5591000000.0,6000000.0,-412000000.0,2865000000.0,2726000000.0,-425000000.0,2301000000.0,14724000000.0,427900000.0,427900000.0,427900000.0
Waste Management Inc,WM,549300YX8JIID70NFS41,823768,2018.0,Q2,2018-04-01,2018-06-30,2019-07-25 12:31:51+00:00,1.16,1.16,0.465,384000000.0,1.15,-39000000.0,110000000.0,499000000.0,499000000.0,499000000.0,,2313000000.0,3739000000.0,,,1000000.0,365000000.0,2313000000.0,1426000000.0,,-106000000.0,711000000.0,715000000.0,-106000000.0,609000000.0,3739000000.0,429900000.0,429900000.0,429900000.0
Waste Management Inc,WM,549300YX8JIID70NFS41,823768,2018.0,Q2YTD,2018-01-01,2018-06-30,,2.07,2.07,0.93,731000000.0,2.06,-39000000.0,226000000.0,894000000.0,894000000.0,895000000.0,-1000000.0,4497000000.0,7250000000.0,1000000.0,-3000000.0,3000000.0,738000000.0,4497000000.0,2753000000.0,,-204000000.0,1430000000.0,1323000000.0,-203000000.0,1120000000.0,7250000000.0,429900000.0,429900000.0,429900000.0
Waste Management Inc,WM,549300YX8JIID70NFS41,823768,2018.0,Q2TTM,2017-07-01,2018-06-30,,5.01,5.01,0.08,1423000000.0,4.99,-56000000.0,122000000.0,2185000000.0,2185000000.0,2184000000.0,1000000.0,9062000000.0,14618000000.0,-7000000.0,-3000000.0,1000000.0,1463000000.0,9062000000.0,5556000000.0,6000000.0,-408000000.0,2828000000.0,2728000000.0,-421000000.0,2307000000.0,14618000000.0,429900000.0,429900000.0,429900000.0
Waste Management Inc,WM,549300YX8JIID70NFS41,823768,2018.0,Q1,2018-01-01,2018-03-31,2019-04-25 13:11:22+00:00,0.91,0.91,0.465,347000000.0,0.91,,116000000.0,395000000.0,395000000.0,396000000.0,-1000000.0,2184000000.0,3511000000.0,1000000.0,-3000000.0,2000000.0,373000000.0,2184000000.0,1327000000.0,,-98000000.0,719000000.0,608000000.0,-97000000.0,511000000.0,3511000000.0,433300000.0,433300000.0,433300000.0
Waste Management Inc,WM,549300YX8JIID70NFS41,823768,2018.0,Q1TTM,2017-04-01,2018-03-31,,4.67,4.67,0.04,1395000000.0,4.65,-13000000.0,221000000.0,2047000000.0,2047000000.0,2047000000.0,,9039000000.0,14556000000.0,-7000000.0,-3000000.0,1000000.0,1451000000.0,9039000000.0,5517000000.0,6000000.0,-405000000.0,2831000000.0,2686000000.0,-418000000.0,2268000000.0,14556000000.0,433300000.0,433300000.0,433300000.0
Waste Management Inc,WM,549300YX8JIID70NFS41,823768,2019.0,Q4,2019-10-01,2019-12-31,,1.04,1.04,-1.54,395000000.0,1.05,34000000.0,84000000.0,447000000.0,447000000.0,447000000.0,,2314000000.0,3846000000.0,2000000.0,,3000000.0,445000000.0,2314000000.0,1532000000.0,,-126000000.0,877000000.0,655000000.0,-124000000.0,531000000.0,3846000000.0,424900000.0,424900000.0,427100000.0
Waste Management Inc,WM,549300YX8JIID70NFS41,823768,2019.0,FY,2019-01-01,2019-12-31,2020-02-13 12:26:01+00:00,3.93,3.93,2.05,1574000000.0,3.91,42000000.0,434000000.0,1671000000.0,1671000000.0,1670000000.0,1000000.0,9496000000.0,15455000000.0,-50000000.0,,6000000.0,1631000000.0,9496000000.0,5959000000.0,85000000.0,-466000000.0,3253000000.0,2706000000.0,-601000000.0,2105000000.0,15455000000.0,424900000.0,424900000.0,427100000.0
Waste Management Inc,WM,549300YX8JIID70NFS41,823768,2019.0,Q3YTD,2019-01-01,2019-09-30,,2.89,2.89,1.54,1179000000.0,2.86,8000000.0,350000000.0,1224000000.0,1224000000.0,1223000000.0,1000000.0,7182000000.0,11609000000.0,-52000000.0,,3000000.0,1186000000.0,7182000000.0,4427000000.0,85000000.0,-340000000.0,2376000000.0,2051000000.0,-477000000.0,1574000000.0,11609000000.0,424500000.0,424500000.0,424500000.0
Waste Management Inc,WM,549300YX8JIID70NFS41,823768,2019.0,Q3TTM,2018-10-01,2019-09-30,,4.15,4.15,0.14,1549000000.0,4.09,-39000000.0,478000000.0,1755000000.0,1755000000.0,1754000000.0,1000000.0,9561000000.0,15451000000.0,-51000000.0,3000000.0,3000000.0,1556000000.0,9561000000.0,5890000000.0,85000000.0,-449000000.0,3072000000.0,2818000000.0,-585000000.0,2233000000.0,15451000000.0,424500000.0,424500000.0,424500000.0
Waste Management Inc,WM,549300YX8JIID70NFS41,823768,2019.0,Q3,2019-07-01,2019-09-30,2019-10-23 12:44:26+00:00,1.17,1.17,0.5125,404000000.0,1.16,1000000.0,120000000.0,495000000.0,495000000.0,495000000.0,,2441000000.0,3967000000.0,1000000.0,,1000000.0,386000000.0,2441000000.0,1526000000.0,1000000.0,-119000000.0,792000000.0,734000000.0,-119000000.0,615000000.0,3967000000.0,424500000.0,424500000.0,424500000.0
Waste Management Inc,WM,549300YX8JIID70NFS41,823768,2019.0,Q2YTD,2019-01-01,2019-06-30,,1.72,1.72,1.03,775000000.0,1.7,7000000.0,230000000.0,729000000.0,729000000.0,728000000.0,1000000.0,4741000000.0,7642000000.0,-53000000.0,,2000000.0,800000000.0,4741000000.0,2901000000.0,84000000.0,-221000000.0,1584000000.0,1317000000.0,-358000000.0,959000000.0,7642000000.0,424800000.0,424800000.0,424800000.0
Waste Management Inc,WM,549300YX8JIID70NFS41,823768,2019.0,Q2TTM,2018-07-01,2019-06-30,,4.14,4.14,0.09,1521000000.0,4.09,-12000000.0,457000000.0,1758000000.0,1758000000.0,1758000000.0,,9493000000.0,15306000000.0,-52000000.0,3000000.0,3000000.0,1515000000.0,9493000000.0,5813000000.0,84000000.0,-432000000.0,3030000000.0,2783000000.0,-568000000.0,2215000000.0,15306000000.0,424800000.0,424800000.0,424800000.0
Waste Management Inc,WM,549300YX8JIID70NFS41,823768,2019.0,Q2,2019-04-01,2019-06-30,2019-07-25 12:31:51+00:00,0.9,0.9,0.5125,409000000.0,0.89,7000000.0,115000000.0,382000000.0,382000000.0,381000000.0,1000000.0,2443000000.0,3946000000.0,1000000.0,,,391000000.0,2443000000.0,1503000000.0,84000000.0,-116000000.0,807000000.0,696000000.0,-199000000.0,497000000.0,3946000000.0,424800000.0,424800000.0,424800000.0
Waste Management Inc,WM,549300YX8JIID70NFS41,823768,2019.0,Q1,2019-01-01,2019-03-31,2020-05-06 13:17:24+00:00,0.82,0.82,0.5125,366000000.0,0.81,,115000000.0,347000000.0,347000000.0,347000000.0,,2298000000.0,3696000000.0,-54000000.0,,2000000.0,409000000.0,2298000000.0,1398000000.0,,-105000000.0,777000000.0,621000000.0,-159000000.0,462000000.0,3696000000.0,424500000.0,424500000.0,424500000.0
Waste Management Inc,WM,549300YX8JIID70NFS41,823768,2019.0,Q1TTM,2018-04-01,2019-03-31,,4.4,4.4,0.05,1496000000.0,4.35,-58000000.0,452000000.0,1875000000.0,1875000000.0,1876000000.0,-1000000.0,9363000000.0,15099000000.0,-53000000.0,3000000.0,4000000.0,1489000000.0,9363000000.0,5736000000.0,,-422000000.0,2934000000.0,2802000000.0,-475000000.0,2327000000.0,15099000000.0,424500000.0,424500000.0,424500000.0
Waste Management Inc,WM,549300YX8JIID70NFS41,823768,2020.0,Q1TTM,2019-04-01,2020-03-31,,3.96,3.96,0.03,1610000000.0,3.95,42000000.0,393000000.0,1685000000.0,1685000000.0,1684000000.0,1000000.0,9527000000.0,15488000000.0,4000000.0,,4000000.0,1647000000.0,9527000000.0,5961000000.0,85000000.0,-499000000.0,3303000000.0,2658000000.0,-580000000.0,2078000000.0,15488000000.0,424200000.0,424200000.0,424200000.0
Waste Management Inc,WM,549300YX8JIID70NFS41,823768,2020.0,Q1,2020-01-01,2020-03-31,2020-05-06 13:17:24+00:00,0.85,0.85,0.545,402000000.0,0.85,,74000000.0,361000000.0,361000000.0,361000000.0,,2329000000.0,3729000000.0,,,,425000000.0,2329000000.0,1400000000.0,,-138000000.0,827000000.0,573000000.0,-138000000.0,435000000.0,3729000000.0,424200000.0,424200000.0,424200000.0
