company_name,company_ticker,company_lei,company_cik,year,quarter,start_date,end_date,filing_date,amortizationexpense,basicdilutedeps,basiceps,cashdividendspershare,dilutedeps,impairmentexpense,incometaxexpense,netincome,netincomecontinuing,netincomediscontinued,netincometocommon,netincometononcontrollinginterest,operatingcostofrevenue,operatingrevenue,otherincome,otherspecialcharges,sgaexpense,totalcostofrevenue,totalgrossprofit,totalinterestexpense,totalinterestincome,totaloperatingexpenses,totaloperatingincome,totalotherincome,totalpretaxincome,totalrevenue,weightedavebasicdilutedsharesos,weightedavebasicsharesos,weightedavedilutedsharesos
Quanta Services Inc,PWR,SHVRXXEACT60MMH07S24,1050915,2007.0,FY,2007-01-01,2007-12-31,2010-03-01 15:02:39+00:00,18759000.0,0.91,0.91,,0.88,,27684000.0,124702000.0,121865000.0,2837000.0,124702000.0,0.0,2227289000.0,2656036000.0,-546000.0,,240508000.0,2227289000.0,428747000.0,39362000.0,19977000.0,259267000.0,169480000.0,-19931000.0,149549000.0,2656036000.0,137000000.0,136894000.0,161520000.0
Quanta Services Inc,PWR,SHVRXXEACT60MMH07S24,1050915,2008.0,FY,2008-01-01,2008-12-31,2011-03-01 16:43:17+00:00,36300000.0,0.89,0.89,,0.87,,109705000.0,157565000.0,157565000.0,,157565000.0,,3145347000.0,3780213000.0,342000.0,,309399000.0,3145347000.0,634866000.0,32004000.0,9765000.0,345699000.0,289167000.0,-21897000.0,267270000.0,3780213000.0,177000000.0,178033000.0,196975000.0
Quanta Services Inc,PWR,SHVRXXEACT60MMH07S24,1050915,2008.0,Q3,2008-07-01,2008-09-30,2009-11-09 17:08:22+00:00,8998000.0,0.3,0.3,,0.28,,36614000.0,51937000.0,51937000.0,,51937000.0,0.0,867789000.0,1053355000.0,-74000.0,,80126000.0,867789000.0,185566000.0,9839000.0,2022000.0,89124000.0,96442000.0,-7891000.0,88551000.0,1053355000.0,173100000.0,173007000.0,203930000.0
Quanta Services Inc,PWR,SHVRXXEACT60MMH07S24,1050915,2008.0,Q2,2008-04-01,2008-06-30,2009-08-10 15:41:10+00:00,9876000.0,0.22,0.22,,0.21,,27498000.0,37668000.0,37668000.0,,37668000.0,0.0,802192000.0,960882000.0,278000.0,,76292000.0,802192000.0,158690000.0,9722000.0,2088000.0,86168000.0,72522000.0,-7356000.0,65166000.0,960882000.0,171200000.0,172393000.0,197021000.0
Quanta Services Inc,PWR,SHVRXXEACT60MMH07S24,1050915,2009.0,FY,2009-01-01,2009-12-31,2012-02-29 15:25:36+00:00,38952000.0,0.81,0.81,,0.81,,70195000.0,163535000.0,163535000.0,,162162000.0,1373000.0,2724638000.0,3318126000.0,421000.0,,312414000.0,2724638000.0,593488000.0,11269000.0,2456000.0,351366000.0,242122000.0,-8392000.0,233730000.0,3318126000.0,200200000.0,200733000.0,201311000.0
Quanta Services Inc,PWR,SHVRXXEACT60MMH07S24,1050915,2009.0,Q4,2009-10-01,2009-12-31,,23692000.0,0.21,0.21,,0.21,,25159000.0,44445000.0,44445000.0,,43945000.0,500000.0,794476000.0,985423000.0,-405000.0,,94823000.0,794476000.0,190947000.0,2832000.0,409000.0,118515000.0,72432000.0,-2828000.0,69604000.0,985423000.0,200200000.0,200733000.0,201311000.0
Quanta Services Inc,PWR,SHVRXXEACT60MMH07S24,1050915,2009.0,Q3YTD,2009-01-01,2009-09-30,,15260000.0,0.6,0.6,,0.6,,45036000.0,119090000.0,119090000.0,,118217000.0,873000.0,1930162000.0,2332703000.0,826000.0,,217591000.0,1930162000.0,402541000.0,8437000.0,2047000.0,232851000.0,169690000.0,-5564000.0,164126000.0,2332703000.0,198200000.0,198608000.0,205224000.0
Quanta Services Inc,PWR,SHVRXXEACT60MMH07S24,1050915,2009.0,Q3,2009-07-01,2009-09-30,2010-11-09 14:16:10+00:00,5448000.0,0.32,0.32,,0.32,,5320000.0,63956000.0,63956000.0,,63436000.0,520000.0,633166000.0,780794000.0,592000.0,,71018000.0,633166000.0,147628000.0,2816000.0,338000.0,76466000.0,71162000.0,-1886000.0,69276000.0,780794000.0,198200000.0,198608000.0,205224000.0
Quanta Services Inc,PWR,SHVRXXEACT60MMH07S24,1050915,2009.0,Q2YTD,2009-01-01,2009-06-30,,9812000.0,0.28,0.28,,0.28,,39716000.0,55134000.0,55134000.0,,54781000.0,353000.0,1296996000.0,1551909000.0,234000.0,,146573000.0,1296996000.0,254913000.0,5621000.0,1709000.0,156385000.0,98528000.0,-3678000.0,94850000.0,1551909000.0,196600000.0,198300000.0,198379000.0
Quanta Services Inc,PWR,SHVRXXEACT60MMH07S24,1050915,2009.0,Q2,2009-04-01,2009-06-30,2010-08-09 14:40:27+00:00,4906000.0,0.17,0.17,,0.17,,24245000.0,33644000.0,33644000.0,,33427000.0,217000.0,675597000.0,813379000.0,158000.0,,72970000.0,675597000.0,137782000.0,2803000.0,628000.0,77876000.0,59906000.0,-2017000.0,57889000.0,813379000.0,196600000.0,198300000.0,198379000.0
Quanta Services Inc,PWR,SHVRXXEACT60MMH07S24,1050915,2009.0,Q1,2009-01-01,2009-03-31,2010-05-10 16:21:31+00:00,4906000.0,0.11,0.11,,0.11,,15471000.0,21490000.0,21490000.0,,21354000.0,136000.0,621399000.0,738530000.0,76000.0,,73603000.0,621399000.0,117131000.0,2818000.0,1081000.0,78509000.0,38622000.0,-1661000.0,36961000.0,738530000.0,194100000.0,197704000.0,197733000.0
Quanta Services Inc,PWR,SHVRXXEACT60MMH07S24,1050915,2010.0,Q4,2010-10-01,2010-12-31,,9321000.0,0.16,0.16,,0.15,,18561000.0,34434000.0,23951000.0,10483000.0,33666000.0,768000.0,690293000.0,804641000.0,188000.0,,62712000.0,690293000.0,114348000.0,242000.0,251000.0,72033000.0,42315000.0,197000.0,42512000.0,804641000.0,209800000.0,210046000.0,211796000.0
Quanta Services Inc,PWR,SHVRXXEACT60MMH07S24,1050915,2010.0,FY,2010-01-01,2010-12-31,2013-03-01 14:13:12+00:00,37655000.0,0.73,0.73,,0.72,,88884000.0,155557000.0,145074000.0,10483000.0,153176000.0,2381000.0,3039912000.0,3629433000.0,559000.0,,307875000.0,3039912000.0,589521000.0,12009000.0,1417000.0,345530000.0,243991000.0,-10033000.0,233958000.0,3629433000.0,209800000.0,210046000.0,211796000.0
Quanta Services Inc,PWR,SHVRXXEACT60MMH07S24,1050915,2010.0,Q3YTD,2010-01-01,2010-09-30,,28334000.0,0.57,0.57,,0.57,,70323000.0,121123000.0,121123000.0,,119510000.0,1613000.0,2349619000.0,2824792000.0,371000.0,,245163000.0,2349619000.0,475173000.0,11767000.0,1166000.0,273497000.0,201676000.0,-10230000.0,191446000.0,2824792000.0,209300000.0,209428000.0,211096000.0
Quanta Services Inc,PWR,SHVRXXEACT60MMH07S24,1050915,2010.0,Q3TTM,2009-10-01,2010-09-30,,52026000.0,0.78,0.78,,0.78,,95482000.0,165568000.0,165568000.0,,163455000.0,2113000.0,3144095000.0,3810215000.0,-34000.0,,339986000.0,3144095000.0,666120000.0,14599000.0,1575000.0,392012000.0,274108000.0,-13058000.0,261050000.0,3810215000.0,209300000.0,209428000.0,211096000.0
Quanta Services Inc,PWR,SHVRXXEACT60MMH07S24,1050915,2010.0,Q3,2010-07-01,2010-09-30,2011-11-08 15:51:40+00:00,13396000.0,0.3,0.3,,0.3,,31489000.0,63700000.0,63700000.0,,62780000.0,920000.0,1016013000.0,1206007000.0,479000.0,,82037000.0,1016013000.0,189994000.0,269000.0,418000.0,95433000.0,94561000.0,628000.0,95189000.0,1206007000.0,209300000.0,209428000.0,211096000.0
Quanta Services Inc,PWR,SHVRXXEACT60MMH07S24,1050915,2010.0,Q2YTD,2010-01-01,2010-06-30,,14938000.0,0.27,0.27,,0.27,,38834000.0,57423000.0,57423000.0,,56730000.0,693000.0,1333606000.0,1618785000.0,-108000.0,,163126000.0,1333606000.0,285179000.0,11498000.0,748000.0,178064000.0,107115000.0,-10858000.0,96257000.0,1618785000.0,206200000.0,209399000.0,211082000.0
Quanta Services Inc,PWR,SHVRXXEACT60MMH07S24,1050915,2010.0,Q2TTM,2009-07-01,2010-06-30,,44078000.0,0.8,0.8,,0.8,,69313000.0,165824000.0,165824000.0,,164111000.0,1713000.0,2761248000.0,3385002000.0,79000.0,,328967000.0,2761248000.0,623754000.0,17146000.0,1495000.0,373045000.0,250709000.0,-15572000.0,235137000.0,3385002000.0,206200000.0,209399000.0,211082000.0
Quanta Services Inc,PWR,SHVRXXEACT60MMH07S24,1050915,2010.0,Q2,2010-04-01,2010-06-30,2011-08-05 17:29:13+00:00,9090000.0,0.16,0.16,,0.16,,22768000.0,33323000.0,33323000.0,,32986000.0,337000.0,714465000.0,870502000.0,-479000.0,,82122000.0,714465000.0,156037000.0,8634000.0,379000.0,91212000.0,64825000.0,-8734000.0,56091000.0,870502000.0,206200000.0,209399000.0,211082000.0
Quanta Services Inc,PWR,SHVRXXEACT60MMH07S24,1050915,2010.0,Q1TTM,2009-04-01,2010-03-31,,39894000.0,0.81,0.81,,0.81,,70790000.0,166145000.0,166145000.0,,164552000.0,1593000.0,2722380000.0,3327879000.0,716000.0,,319815000.0,2722380000.0,605499000.0,11315000.0,1744000.0,359709000.0,245790000.0,-8855000.0,236935000.0,3327879000.0,215900000.0,208673000.0,210342000.0
Quanta Services Inc,PWR,SHVRXXEACT60MMH07S24,1050915,2010.0,Q1,2010-01-01,2010-03-31,2011-05-06 15:49:41+00:00,5848000.0,0.11,0.11,,0.11,,16066000.0,24100000.0,24100000.0,,23744000.0,356000.0,619141000.0,748283000.0,371000.0,,81004000.0,619141000.0,129142000.0,2864000.0,369000.0,86852000.0,42290000.0,-2124000.0,40166000.0,748283000.0,215900000.0,208673000.0,210342000.0
Quanta Services Inc,PWR,SHVRXXEACT60MMH07S24,1050915,2011.0,FY,2011-01-01,2011-12-31,2014-03-03 14:09:08+00:00,29039000.0,0.62,0.62,,0.62,,63096000.0,144416000.0,130412000.0,14004000.0,132515000.0,11901000.0,3632048000.0,4193764000.0,-597000.0,,337835000.0,3632048000.0,561716000.0,1803000.0,1066000.0,366874000.0,194842000.0,-1334000.0,193508000.0,4193764000.0,213700000.0,212648000.0,213168000.0
Quanta Services Inc,PWR,SHVRXXEACT60MMH07S24,1050915,2011.0,Q4,2011-10-01,2011-12-31,,7607000.0,0.3,0.3,,0.3,,12790000.0,70808000.0,56804000.0,14004000.0,66314000.0,4494000.0,941027000.0,1083072000.0,-203000.0,,64391000.0,941027000.0,142045000.0,555000.0,305000.0,71998000.0,70047000.0,-453000.0,69594000.0,1083072000.0,213700000.0,212648000.0,213168000.0
Quanta Services Inc,PWR,SHVRXXEACT60MMH07S24,1050915,2011.0,Q3TTM,2010-10-01,2011-09-30,,30753000.0,0.48,0.48,,0.47,,68867000.0,108042000.0,97559000.0,10483000.0,99867000.0,8175000.0,3381314000.0,3915333000.0,-206000.0,,336156000.0,3381314000.0,534019000.0,1490000.0,1012000.0,366909000.0,167110000.0,-684000.0,166426000.0,3915333000.0,208000000.0,210583000.0,210692000.0
Quanta Services Inc,PWR,SHVRXXEACT60MMH07S24,1050915,2011.0,Q3YTD,2011-01-01,2011-09-30,,21432000.0,0.32,0.32,,0.32,,50306000.0,73608000.0,73608000.0,,66201000.0,7407000.0,2691021000.0,3110692000.0,-394000.0,,273444000.0,2691021000.0,419671000.0,1248000.0,761000.0,294876000.0,124795000.0,-881000.0,123914000.0,3110692000.0,208000000.0,210583000.0,210692000.0
Quanta Services Inc,PWR,SHVRXXEACT60MMH07S24,1050915,2011.0,Q3,2011-07-01,2011-09-30,2012-11-07 16:33:04+00:00,8295000.0,0.25,0.25,,0.25,,37341000.0,55600000.0,55600000.0,,51994000.0,3606000.0,1056129000.0,1250819000.0,-528000.0,,92414000.0,1056129000.0,194690000.0,738000.0,226000.0,100709000.0,93981000.0,-1040000.0,92941000.0,1250819000.0,208000000.0,210583000.0,210692000.0
Quanta Services Inc,PWR,SHVRXXEACT60MMH07S24,1050915,2011.0,Q2TTM,2010-07-01,2011-06-30,,35854000.0,0.53,0.53,,0.52,,63015000.0,116142000.0,105659000.0,10483000.0,110653000.0,5489000.0,3341198000.0,3870521000.0,801000.0,,325779000.0,3341198000.0,529323000.0,1021000.0,1204000.0,361633000.0,167690000.0,984000.0,168674000.0,3870521000.0,212000000.0,214827000.0,215023000.0
Quanta Services Inc,PWR,SHVRXXEACT60MMH07S24,1050915,2011.0,Q2YTD,2011-01-01,2011-06-30,,13137000.0,0.07,0.07,,0.07,,12965000.0,18008000.0,18008000.0,,14207000.0,3801000.0,1634892000.0,1859873000.0,134000.0,,181030000.0,1634892000.0,224981000.0,510000.0,535000.0,194167000.0,30814000.0,159000.0,30973000.0,1859873000.0,212000000.0,214827000.0,215023000.0
Quanta Services Inc,PWR,SHVRXXEACT60MMH07S24,1050915,2011.0,Q2,2011-04-01,2011-06-30,2012-08-08 16:21:05+00:00,6871000.0,0.15,0.15,,0.15,,23610000.0,34313000.0,34313000.0,,31801000.0,2512000.0,856824000.0,1010914000.0,199000.0,,89489000.0,856824000.0,154090000.0,255000.0,249000.0,96360000.0,57730000.0,193000.0,57923000.0,1010914000.0,212000000.0,214827000.0,215023000.0
Quanta Services Inc,PWR,SHVRXXEACT60MMH07S24,1050915,2011.0,Q1TTM,2010-04-01,2011-03-31,,38073000.0,0.54,0.54,,0.53,,62173000.0,115152000.0,104669000.0,10483000.0,111838000.0,3314000.0,3198839000.0,3730109000.0,123000.0,,318412000.0,3198839000.0,531270000.0,9400000.0,1334000.0,356485000.0,174785000.0,-7943000.0,166842000.0,3730109000.0,219900000.0,214167000.0,214167000.0
Quanta Services Inc,PWR,SHVRXXEACT60MMH07S24,1050915,2011.0,Q1,2011-01-01,2011-03-31,2012-05-09 13:01:44+00:00,6266000.0,-0.08,-0.08,,-0.08,,-10645000.0,-16305000.0,-16305000.0,,-17594000.0,1289000.0,778068000.0,848959000.0,-65000.0,,91541000.0,778068000.0,70891000.0,255000.0,286000.0,97807000.0,-26916000.0,-34000.0,-26950000.0,848959000.0,219900000.0,214167000.0,214167000.0
Quanta Services Inc,PWR,SHVRXXEACT60MMH07S24,1050915,2012.0,FY,2012-01-01,2012-12-31,2015-03-02 14:59:41+00:00,37691000.0,1.44,1.44,,1.44,,158859000.0,322656000.0,305721000.0,16935000.0,306629000.0,16027000.0,4982562000.0,5920269000.0,-351000.0,,434894000.0,4982562000.0,937707000.0,3746000.0,3555000.0,472585000.0,465122000.0,-542000.0,464580000.0,5920269000.0,212900000.0,212777000.0,212835000.0
Quanta Services Inc,PWR,SHVRXXEACT60MMH07S24,1050915,2012.0,Q4,2012-10-01,2012-12-31,,8910000.0,0.46,0.46,,0.46,,55323000.0,102009000.0,105373000.0,-3364000.0,98986000.0,3023000.0,1386603000.0,1673342000.0,24000.0,,116976000.0,1386603000.0,286739000.0,1250000.0,1069000.0,125886000.0,160853000.0,-157000.0,160696000.0,1673342000.0,212900000.0,212777000.0,212835000.0
Quanta Services Inc,PWR,SHVRXXEACT60MMH07S24,1050915,2012.0,Q3TTM,2011-10-01,2012-09-30,,36388000.0,1.28,1.28,,1.28,,116326000.0,291455000.0,257152000.0,34303000.0,273957000.0,17498000.0,4536986000.0,5329999000.0,-578000.0,,382309000.0,4536986000.0,793013000.0,3051000.0,2791000.0,418697000.0,374316000.0,-838000.0,373478000.0,5329999000.0,214200000.0,213150000.0,213242000.0
Quanta Services Inc,PWR,SHVRXXEACT60MMH07S24,1050915,2012.0,Q3YTD,2012-01-01,2012-09-30,,28781000.0,0.98,0.98,,0.98,,103536000.0,220647000.0,200348000.0,20299000.0,207643000.0,13004000.0,3595959000.0,4246927000.0,-375000.0,,317918000.0,3595959000.0,650968000.0,2496000.0,2486000.0,346699000.0,304269000.0,-385000.0,303884000.0,4246927000.0,214200000.0,213150000.0,213242000.0
Quanta Services Inc,PWR,SHVRXXEACT60MMH07S24,1050915,2012.0,Q3,2012-07-01,2012-09-30,2013-11-08 16:15:55+00:00,10290000.0,0.45,0.45,,0.45,,39596000.0,100856000.0,88086000.0,12770000.0,96398000.0,4458000.0,1280001000.0,1532001000.0,-179000.0,,114577000.0,1280001000.0,252000000.0,963000.0,1691000.0,124867000.0,127133000.0,549000.0,127682000.0,1532001000.0,214200000.0,213150000.0,213242000.0
Quanta Services Inc,PWR,SHVRXXEACT60MMH07S24,1050915,2012.0,Q2TTM,2011-07-01,2012-06-30,,34393000.0,1.08,1.08,,1.08,,114071000.0,246199000.0,224666000.0,21533000.0,229553000.0,16646000.0,4313114000.0,5048817000.0,-927000.0,,360146000.0,4313114000.0,735703000.0,2826000.0,1326000.0,394539000.0,341164000.0,-2427000.0,338737000.0,5048817000.0,211400000.0,212987000.0,213087000.0
Quanta Services Inc,PWR,SHVRXXEACT60MMH07S24,1050915,2012.0,Q2YTD,2012-01-01,2012-06-30,,18491000.0,0.53,0.53,,0.53,,63940000.0,119791000.0,112262000.0,7529000.0,111245000.0,8546000.0,2315958000.0,2714926000.0,-196000.0,,203341000.0,2315958000.0,398968000.0,1533000.0,795000.0,221832000.0,177136000.0,-934000.0,176202000.0,2714926000.0,211400000.0,212987000.0,213087000.0
Quanta Services Inc,PWR,SHVRXXEACT60MMH07S24,1050915,2012.0,Q2,2012-04-01,2012-06-30,2013-08-09 12:14:57+00:00,9326000.0,0.31,0.31,,0.31,,35271000.0,69797000.0,62177000.0,7620000.0,65538000.0,4259000.0,1173258000.0,1386162000.0,-326000.0,,105233000.0,1173258000.0,212904000.0,958000.0,387000.0,114559000.0,98345000.0,-897000.0,97448000.0,1386162000.0,211400000.0,212987000.0,213087000.0
Quanta Services Inc,PWR,SHVRXXEACT60MMH07S24,1050915,2012.0,Q1TTM,2011-04-01,2012-03-31,,31938000.0,0.92,0.92,,0.92,,102410000.0,210715000.0,196802000.0,13913000.0,195816000.0,14899000.0,3996680000.0,4673569000.0,-402000.0,,344402000.0,3996680000.0,676889000.0,2123000.0,1188000.0,376340000.0,300549000.0,-1337000.0,299212000.0,4673569000.0,207800000.0,211481000.0,211592000.0
Quanta Services Inc,PWR,SHVRXXEACT60MMH07S24,1050915,2012.0,Q1,2012-01-01,2012-03-31,2013-05-08 12:37:46+00:00,9165000.0,0.22,0.22,,0.22,,28669000.0,49994000.0,50085000.0,-91000.0,45707000.0,4287000.0,1142700000.0,1328764000.0,130000.0,,98108000.0,1142700000.0,186064000.0,575000.0,408000.0,107273000.0,78791000.0,-37000.0,78754000.0,1328764000.0,207800000.0,211481000.0,211592000.0
Quanta Services Inc,PWR,SHVRXXEACT60MMH07S24,1050915,2013.0,FY,2013-01-01,2013-12-31,2016-02-29 16:51:57+00:00,25865000.0,1.87,1.87,,1.87,,196875000.0,421309000.0,391445000.0,29864000.0,401921000.0,19388000.0,5424644000.0,6411577000.0,-1133000.0,,485069000.0,5424644000.0,986933000.0,2668000.0,116122000.0,510934000.0,475999000.0,112321000.0,588320000.0,6411577000.0,214900000.0,214929000.0,214978000.0
Quanta Services Inc,PWR,SHVRXXEACT60MMH07S24,1050915,2013.0,Q4,2013-10-01,2013-12-31,,8459000.0,0.77,0.77,,0.77,,70264000.0,171317000.0,141453000.0,29864000.0,166697000.0,4620000.0,1472035000.0,1706358000.0,557000.0,,127408000.0,1472035000.0,234323000.0,1188000.0,113892000.0,135867000.0,98456000.0,113261000.0,211717000.0,1706358000.0,214900000.0,214929000.0,214978000.0
Quanta Services Inc,PWR,SHVRXXEACT60MMH07S24,1050915,2013.0,Q3TTM,2012-10-01,2013-09-30,,26316000.0,1.56,1.56,,1.56,,181934000.0,352001000.0,355365000.0,-3364000.0,334210000.0,17791000.0,5339212000.0,6378561000.0,-1666000.0,,474637000.0,5339212000.0,1039349000.0,2730000.0,3299000.0,500953000.0,538396000.0,-1097000.0,537299000.0,6378561000.0,216100000.0,214866000.0,214916000.0
Quanta Services Inc,PWR,SHVRXXEACT60MMH07S24,1050915,2013.0,Q3,2013-07-01,2013-09-30,2014-11-05 19:50:34+00:00,7026000.0,0.43,0.43,,0.43,,42509000.0,98409000.0,98409000.0,,92906000.0,5503000.0,1372079000.0,1645132000.0,-824000.0,,124949000.0,1372079000.0,273053000.0,475000.0,1139000.0,131975000.0,141078000.0,-160000.0,140918000.0,1645132000.0,216100000.0,214866000.0,214916000.0
Quanta Services Inc,PWR,SHVRXXEACT60MMH07S24,1050915,2013.0,Q3YTD,2013-01-01,2013-09-30,,17406000.0,1.1,1.1,,1.1,,126611000.0,249992000.0,249992000.0,,235224000.0,14768000.0,3952609000.0,4705219000.0,-1690000.0,,357661000.0,3952609000.0,752610000.0,1480000.0,2230000.0,375067000.0,377543000.0,-940000.0,376603000.0,4705219000.0,216100000.0,214866000.0,214916000.0
Quanta Services Inc,PWR,SHVRXXEACT60MMH07S24,1050915,2013.0,Q2TTM,2012-07-01,2013-06-30,,29580000.0,1.58,1.58,,1.58,,179021000.0,354448000.0,345042000.0,9406000.0,337702000.0,16746000.0,5247134000.0,6265430000.0,-1021000.0,,464265000.0,5247134000.0,1018296000.0,3218000.0,3851000.0,493845000.0,524451000.0,-388000.0,524063000.0,6265430000.0,212800000.0,214314000.0,214368000.0
Quanta Services Inc,PWR,SHVRXXEACT60MMH07S24,1050915,2013.0,Q2,2013-04-01,2013-06-30,2014-08-08 16:42:59+00:00,5079000.0,0.33,0.33,,0.33,,42161000.0,74726000.0,74726000.0,,70237000.0,4489000.0,1233093000.0,1474377000.0,-353000.0,,119031000.0,1233093000.0,241284000.0,503000.0,569000.0,124110000.0,117174000.0,-287000.0,116887000.0,1474377000.0,212800000.0,214314000.0,214368000.0
Quanta Services Inc,PWR,SHVRXXEACT60MMH07S24,1050915,2013.0,Q2YTD,2013-01-01,2013-06-30,,10380000.0,0.67,0.67,,0.67,,84102000.0,151583000.0,151583000.0,,142318000.0,9265000.0,2580530000.0,3060087000.0,-866000.0,,232712000.0,2580530000.0,479557000.0,1005000.0,1091000.0,243092000.0,236465000.0,-780000.0,235685000.0,3060087000.0,212800000.0,214314000.0,214368000.0
Quanta Services Inc,PWR,SHVRXXEACT60MMH07S24,1050915,2013.0,Q1TTM,2012-04-01,2013-03-31,,33827000.0,1.56,1.56,,1.56,,172131000.0,349519000.0,332493000.0,17026000.0,333003000.0,16516000.0,5187299000.0,6177215000.0,-994000.0,,450467000.0,5187299000.0,989916000.0,3673000.0,3669000.0,484294000.0,505622000.0,-998000.0,504624000.0,6177215000.0,212000000.0,213453000.0,213512000.0
Quanta Services Inc,PWR,SHVRXXEACT60MMH07S24,1050915,2013.0,Q1,2013-01-01,2013-03-31,2014-05-08 16:47:30+00:00,5301000.0,0.34,0.34,,0.34,,41941000.0,76857000.0,76857000.0,,72081000.0,4776000.0,1347437000.0,1585710000.0,-513000.0,,113681000.0,1347437000.0,238273000.0,502000.0,522000.0,118982000.0,119291000.0,-493000.0,118798000.0,1585710000.0,212000000.0,213453000.0,213512000.0
Quanta Services Inc,PWR,SHVRXXEACT60MMH07S24,1050915,2014.0,FY,2014-01-01,2014-12-31,2017-03-01 13:07:31+00:00,34257000.0,1.35,1.35,,1.35,,139007000.0,315082000.0,287592000.0,27490000.0,296714000.0,18368000.0,6578435000.0,7747229000.0,-1100000.0,,705477000.0,6578435000.0,1168794000.0,4765000.0,3404000.0,739734000.0,429060000.0,-2461000.0,426599000.0,7747229000.0,219800000.0,219668000.0,219690000.0
Quanta Services Inc,PWR,SHVRXXEACT60MMH07S24,1050915,2014.0,Q4,2014-10-01,2014-12-31,,8685000.0,0.3,0.3,,0.3,,27539000.0,70975000.0,57839000.0,13136000.0,66576000.0,4399000.0,1704877000.0,2000488000.0,-464000.0,,200442000.0,1704877000.0,295611000.0,1334000.0,692000.0,209127000.0,86484000.0,-1106000.0,85378000.0,2000488000.0,219800000.0,219668000.0,219690000.0
Quanta Services Inc,PWR,SHVRXXEACT60MMH07S24,1050915,2014.0,Q3TTM,2013-10-01,2014-09-30,,34031000.0,1.82,1.82,,1.82,,181732000.0,415424000.0,371206000.0,44218000.0,396835000.0,18589000.0,6345593000.0,7453099000.0,-79000.0,,632443000.0,6345593000.0,1107506000.0,4619000.0,116604000.0,666474000.0,441032000.0,111906000.0,552938000.0,7453099000.0,220100000.0,219492000.0,219517000.0
Quanta Services Inc,PWR,SHVRXXEACT60MMH07S24,1050915,2014.0,Q3,2014-07-01,2014-09-30,2015-11-06 17:17:21+00:00,9125000.0,0.43,0.43,,0.43,,37195000.0,100015000.0,93290000.0,6725000.0,94648000.0,5367000.0,1809055000.0,2145958000.0,-378000.0,,196494000.0,1809055000.0,336903000.0,1321000.0,900000.0,205619000.0,131284000.0,-799000.0,130485000.0,2145958000.0,220100000.0,219492000.0,219517000.0
Quanta Services Inc,PWR,SHVRXXEACT60MMH07S24,1050915,2014.0,Q3YTD,2014-01-01,2014-09-30,,25572000.0,1.05,1.05,,1.05,,111468000.0,244107000.0,229753000.0,14354000.0,230138000.0,13969000.0,4873558000.0,5746741000.0,-636000.0,,505035000.0,4873558000.0,873183000.0,3431000.0,2712000.0,530607000.0,342576000.0,-1355000.0,341221000.0,5746741000.0,220100000.0,219492000.0,219517000.0
Quanta Services Inc,PWR,SHVRXXEACT60MMH07S24,1050915,2014.0,Q2TTM,2013-07-01,2014-06-30,,31932000.0,1.82,1.82,,1.82,,187046000.0,413818000.0,376325000.0,37493000.0,395093000.0,18725000.0,5908617000.0,6952273000.0,-525000.0,,560898000.0,5908617000.0,1043656000.0,3773000.0,116843000.0,592830000.0,450826000.0,112545000.0,563371000.0,6952273000.0,219100000.0,219612000.0,219642000.0
Quanta Services Inc,PWR,SHVRXXEACT60MMH07S24,1050915,2014.0,Q2,2014-04-01,2014-06-30,2015-08-10 15:00:06+00:00,8202000.0,0.37,0.37,,0.37,,41220000.0,85444000.0,77815000.0,7629000.0,81082000.0,4362000.0,1574000000.0,1838209000.0,-901000.0,,135210000.0,1574000000.0,264209000.0,1128000.0,267000.0,143412000.0,120797000.0,-1762000.0,119035000.0,1838209000.0,219100000.0,219612000.0,219642000.0
Quanta Services Inc,PWR,SHVRXXEACT60MMH07S24,1050915,2014.0,Q2YTD,2014-01-01,2014-06-30,,16447000.0,0.62,0.62,,0.62,,74273000.0,144092000.0,136463000.0,7629000.0,135490000.0,8602000.0,3064503000.0,3600783000.0,-258000.0,,308541000.0,3064503000.0,536280000.0,2110000.0,1812000.0,324988000.0,211292000.0,-556000.0,210736000.0,3600783000.0,219100000.0,219612000.0,219642000.0
Quanta Services Inc,PWR,SHVRXXEACT60MMH07S24,1050915,2014.0,Q1TTM,2013-04-01,2014-03-31,,28809000.0,1.78,1.78,,1.78,,187987000.0,403100000.0,373236000.0,29864000.0,384248000.0,18852000.0,5567710000.0,6588441000.0,23000.0,,544719000.0,5567710000.0,1020731000.0,3148000.0,117145000.0,573528000.0,447203000.0,114020000.0,561223000.0,6588441000.0,217600000.0,219033000.0,219075000.0
Quanta Services Inc,PWR,SHVRXXEACT60MMH07S24,1050915,2014.0,Q1,2014-01-01,2014-03-31,2015-05-08 16:15:02+00:00,8245000.0,0.25,0.25,,0.25,,33053000.0,58648000.0,58648000.0,,54408000.0,4240000.0,1490503000.0,1762574000.0,643000.0,,173331000.0,1490503000.0,272071000.0,982000.0,1545000.0,181576000.0,90495000.0,1206000.0,91701000.0,1762574000.0,217600000.0,219033000.0,219075000.0
Quanta Services Inc,PWR,SHVRXXEACT60MMH07S24,1050915,2015.0,FY,2015-01-01,2015-12-31,2018-02-28 16:18:55+00:00,34800000.0,1.59,1.59,,1.59,58451000.0,97472000.0,321824000.0,131203000.0,190621000.0,310907000.0,10900000.0,6648771000.0,7572436000.0,-2297000.0,0.0,592863000.0,6648771000.0,923665000.0,8024000.0,1493000.0,686114000.0,237503000.0,-8828000.0,228675000.0,7572436000.0,195500000.0,195113000.0,195120000.0
Quanta Services Inc,PWR,SHVRXXEACT60MMH07S24,1050915,2015.0,Q3,2015-07-01,2015-09-30,2016-11-08 16:09:08+00:00,8650000.0,1.15,1.15,,1.15,,32389000.0,218956000.0,45744000.0,173212000.0,216388000.0,2568000.0,1704223000.0,1939438000.0,-1070000.0,,145687000.0,1704223000.0,235215000.0,2021000.0,346000.0,154337000.0,80878000.0,-2745000.0,78133000.0,1939438000.0,188200000.0,188951000.0,188961000.0
Quanta Services Inc,PWR,SHVRXXEACT60MMH07S24,1050915,2015.0,Q3YTD,2015-01-01,2015-09-30,,25674000.0,1.62,1.62,,1.62,,94574000.0,326706000.0,133597000.0,193109000.0,315981000.0,10725000.0,4972538000.0,5673164000.0,-1416000.0,,441073000.0,4972538000.0,700626000.0,5096000.0,804000.0,466747000.0,233879000.0,-5708000.0,228171000.0,5673164000.0,188200000.0,188951000.0,188961000.0
Quanta Services Inc,PWR,SHVRXXEACT60MMH07S24,1050915,2015.0,Q3TTM,2014-10-01,2015-09-30,,34359000.0,1.92,1.92,,1.92,,122113000.0,397681000.0,191436000.0,206245000.0,382557000.0,15124000.0,6677415000.0,7673652000.0,-1880000.0,,641515000.0,6677415000.0,996237000.0,6430000.0,1496000.0,675874000.0,320363000.0,-6814000.0,313549000.0,7673652000.0,188200000.0,188951000.0,188961000.0
Quanta Services Inc,PWR,SHVRXXEACT60MMH07S24,1050915,2015.0,Q2,2015-04-01,2015-06-30,2016-08-08 16:55:09+00:00,8731000.0,0.22,0.22,,0.22,,31584000.0,49565000.0,35463000.0,14102000.0,46109000.0,3456000.0,1644835000.0,1872340000.0,-134000.0,,149923000.0,1644835000.0,227505000.0,1675000.0,5000.0,158654000.0,68851000.0,-1804000.0,67047000.0,1872340000.0,209600000.0,213047000.0,213059000.0
Quanta Services Inc,PWR,SHVRXXEACT60MMH07S24,1050915,2015.0,Q2YTD,2015-01-01,2015-06-30,,17024000.0,0.47,0.47,,0.47,,62185000.0,107750000.0,87853000.0,19897000.0,99593000.0,8157000.0,3268315000.0,3733726000.0,-346000.0,,295386000.0,3268315000.0,465411000.0,3075000.0,458000.0,312410000.0,153001000.0,-2963000.0,150038000.0,3733726000.0,209600000.0,213047000.0,213059000.0
Quanta Services Inc,PWR,SHVRXXEACT60MMH07S24,1050915,2015.0,Q2TTM,2014-07-01,2015-06-30,,34834000.0,1.2,1.2,,1.2,,126919000.0,278740000.0,238982000.0,39758000.0,260817000.0,17923000.0,6782247000.0,7880172000.0,-1188000.0,,692322000.0,6782247000.0,1097925000.0,5730000.0,2050000.0,727156000.0,370769000.0,-4868000.0,365901000.0,7880172000.0,209600000.0,213047000.0,213059000.0
Quanta Services Inc,PWR,SHVRXXEACT60MMH07S24,1050915,2015.0,Q1,2015-01-01,2015-03-31,2016-05-10 15:19:23+00:00,8293000.0,0.25,0.25,,0.25,,30601000.0,58185000.0,52390000.0,5795000.0,53484000.0,4701000.0,1623480000.0,1861386000.0,-212000.0,,145463000.0,1623480000.0,237906000.0,1400000.0,453000.0,153756000.0,84150000.0,-1159000.0,82991000.0,1861386000.0,213900000.0,215473000.0,215490000.0
Quanta Services Inc,PWR,SHVRXXEACT60MMH07S24,1050915,2015.0,Q1TTM,2014-04-01,2015-03-31,,34305000.0,1.35,1.35,,1.35,,136555000.0,314619000.0,281334000.0,33285000.0,295790000.0,18829000.0,6711412000.0,7846041000.0,-1955000.0,,677609000.0,6711412000.0,1134629000.0,5183000.0,2312000.0,711914000.0,422715000.0,-4826000.0,417889000.0,7846041000.0,213900000.0,215473000.0,215490000.0
Quanta Services Inc,PWR,SHVRXXEACT60MMH07S24,1050915,2016.0,FY,2016-01-01,2016-12-31,2019-02-28 17:12:22+00:00,31700000.0,1.26,1.26,,1.26,7964000.0,107246000.0,200098000.0,200440000.0,-342000.0,198383000.0,1700000.0,6637519000.0,7651319000.0,-663000.0,0.0,653338000.0,6637519000.0,1013800000.0,14887000.0,2423000.0,693002000.0,320813000.0,-13127000.0,307686000.0,7651319000.0,157400000.0,157287000.0,157288000.0
Quanta Services Inc,PWR,SHVRXXEACT60MMH07S24,1050915,2016.0,Q4,2016-10-01,2016-12-31,,8005000.0,0.54,0.54,,0.54,7964000.0,24592000.0,88358000.0,89305000.0,-947000.0,87583000.0,737000.0,1795278000.0,2102966000.0,-574000.0,,173882000.0,1795278000.0,307688000.0,3989000.0,573000.0,189851000.0,117887000.0,-3990000.0,113897000.0,2102966000.0,157400000.0,157287000.0,157288000.0
Quanta Services Inc,PWR,SHVRXXEACT60MMH07S24,1050915,2016.0,Q3,2016-07-01,2016-09-30,2017-11-09 15:25:41+00:00,8100000.0,0.48,0.48,,0.48,,54516000.0,74152000.0,73547000.0,605000.0,73742000.0,400000.0,1739604000.0,2042186000.0,752000.0,,164325000.0,1739604000.0,302582000.0,3726000.0,874000.0,172425000.0,130163000.0,-2100000.0,128063000.0,2042186000.0,153600000.0,155024000.0,155024000.0
Quanta Services Inc,PWR,SHVRXXEACT60MMH07S24,1050915,2016.0,Q3YTD,2016-01-01,2016-09-30,,23695000.0,0.72,0.72,,0.72,,82654000.0,111740000.0,111135000.0,605000.0,110800000.0,963000.0,4842241000.0,5548353000.0,-89000.0,,479456000.0,4842241000.0,706112000.0,10898000.0,1850000.0,503151000.0,202926000.0,-9137000.0,193789000.0,5548353000.0,153600000.0,155024000.0,155024000.0
Quanta Services Inc,PWR,SHVRXXEACT60MMH07S24,1050915,2016.0,Q3TTM,2015-10-01,2016-09-30,,32821000.0,0.69,0.69,,0.69,58451000.0,85552000.0,106858000.0,108741000.0,-1883000.0,105726000.0,1138000.0,6518474000.0,7447625000.0,-970000.0,,631246000.0,6518474000.0,929151000.0,13826000.0,2539000.0,722518000.0,206550000.0,-12257000.0,194293000.0,7447625000.0,153600000.0,155024000.0,155024000.0
Quanta Services Inc,PWR,SHVRXXEACT60MMH07S24,1050915,2016.0,Q2,2016-04-01,2016-06-30,2017-08-08 17:08:24+00:00,8100000.0,0.11,0.11,,0.11,,14695000.0,16729000.0,16729000.0,,16562000.0,200000.0,1592213000.0,1792430000.0,-1103000.0,,156607000.0,1592213000.0,200217000.0,3583000.0,641000.0,164707000.0,35469000.0,-4045000.0,31424000.0,1792430000.0,150600000.0,156128000.0,156130000.0
Quanta Services Inc,PWR,SHVRXXEACT60MMH07S24,1050915,2016.0,Q2YTD,2016-01-01,2016-06-30,,15595000.0,0.24,0.24,,0.24,,28138000.0,37588000.0,37588000.0,,37058000.0,563000.0,3102637000.0,3506167000.0,-841000.0,,315131000.0,3102637000.0,403530000.0,7172000.0,976000.0,330726000.0,72763000.0,-7037000.0,65726000.0,3506167000.0,150600000.0,156128000.0,156130000.0
Quanta Services Inc,PWR,SHVRXXEACT60MMH07S24,1050915,2016.0,Q2TTM,2015-07-01,2016-06-30,,33371000.0,1.36,1.36,,1.36,58451000.0,63425000.0,251662000.0,80938000.0,170724000.0,248372000.0,3306000.0,6483093000.0,7344877000.0,-2792000.0,,612608000.0,6483093000.0,861784000.0,12121000.0,2011000.0,704430000.0,157265000.0,-12902000.0,144363000.0,7344877000.0,150600000.0,156128000.0,156130000.0
Quanta Services Inc,PWR,SHVRXXEACT60MMH07S24,1050915,2016.0,Q1,2016-01-01,2016-03-31,2017-05-09 17:23:10+00:00,7495000.0,0.13,0.13,,0.13,,13443000.0,20859000.0,20859000.0,,20496000.0,363000.0,1510424000.0,1713737000.0,262000.0,,158524000.0,1510424000.0,203313000.0,3589000.0,335000.0,166019000.0,37294000.0,-2992000.0,34302000.0,1713737000.0,157700000.0,162803000.0,162806000.0
Quanta Services Inc,PWR,SHVRXXEACT60MMH07S24,1050915,2016.0,Q1TTM,2015-04-01,2016-03-31,,34002000.0,1.47,1.47,,1.47,58451000.0,80314000.0,284498000.0,99672000.0,184826000.0,277919000.0,6562000.0,6535715000.0,7424787000.0,-1823000.0,,605924000.0,6535715000.0,889072000.0,10213000.0,1375000.0,698377000.0,190647000.0,-10661000.0,179986000.0,7424787000.0,157700000.0,162803000.0,162806000.0
Quanta Services Inc,PWR,SHVRXXEACT60MMH07S24,1050915,2017.0,FY,2017-01-01,2017-12-31,2020-02-28 17:10:05+00:00,32205000.0,2.02,2.02,0.0,2.0,58057000.0,35532000.0,318225000.0,318225000.0,,314978000.0,3247000.0,8224618000.0,9466478000.0,-4978000.0,-5171000.0,777920000.0,8224618000.0,1241860000.0,20946000.0,832000.0,863011000.0,378849000.0,-25092000.0,353757000.0,9466478000.0,155900000.0,156124000.0,157155000.0
Quanta Services Inc,PWR,SHVRXXEACT60MMH07S24,1050915,2017.0,Q4,2017-10-01,2017-12-31,,10143000.0,0.73,0.73,,0.72,58057000.0,-69651000.0,115576000.0,115576000.0,,113561000.0,2047000.0,2155751000.0,2478627000.0,-1164000.0,-5171000.0,206264000.0,2155751000.0,322876000.0,6652000.0,185000.0,269293000.0,53556000.0,-7631000.0,45925000.0,2478627000.0,155900000.0,156124000.0,157155000.0
Quanta Services Inc,PWR,SHVRXXEACT60MMH07S24,1050915,2017.0,Q3,2017-07-01,2017-09-30,2018-11-07 16:48:11+00:00,9000000.0,0.57,0.57,,0.56,,42346000.0,89849000.0,89849000.0,,89313000.0,500000.0,2258676000.0,2609307000.0,-2371000.0,0.0,201224000.0,2258676000.0,350631000.0,6058000.0,196000.0,210224000.0,140428000.0,-8233000.0,132195000.0,2609307000.0,156700000.0,157484000.0,158620000.0
Quanta Services Inc,PWR,SHVRXXEACT60MMH07S24,1050915,2017.0,Q3YTD,2017-01-01,2017-09-30,,22062000.0,1.29,1.29,,1.28,,105183000.0,202649000.0,202649000.0,,201417000.0,1200000.0,6068867000.0,6987851000.0,-3814000.0,,571656000.0,6068867000.0,918984000.0,14294000.0,647000.0,593718000.0,325293000.0,-17461000.0,307832000.0,6987851000.0,156700000.0,157484000.0,158620000.0
Quanta Services Inc,PWR,SHVRXXEACT60MMH07S24,1050915,2017.0,Q3TTM,2016-10-01,2017-09-30,,30067000.0,1.83,1.83,,1.82,7964000.0,129775000.0,291007000.0,291954000.0,-947000.0,289000000.0,1937000.0,7864145000.0,9090817000.0,-4388000.0,,745538000.0,7864145000.0,1226672000.0,18283000.0,1220000.0,783569000.0,443180000.0,-21451000.0,421729000.0,9090817000.0,156700000.0,157484000.0,158620000.0
Quanta Services Inc,PWR,SHVRXXEACT60MMH07S24,1050915,2017.0,Q2,2017-04-01,2017-06-30,2018-08-07 16:26:16+00:00,6500000.0,0.41,0.41,,0.41,,40245000.0,64360000.0,64360000.0,,63837000.0,500000.0,1898209000.0,2200374000.0,-1079000.0,0.0,185880000.0,1898209000.0,302165000.0,4271000.0,164000.0,192380000.0,109791000.0,-5186000.0,104605000.0,2200374000.0,155700000.0,155090000.0,156165000.0
Quanta Services Inc,PWR,SHVRXXEACT60MMH07S24,1050915,2017.0,Q2YTD,2017-01-01,2017-06-30,,13062000.0,0.72,0.72,,0.72,,62837000.0,112800000.0,112800000.0,,112104000.0,700000.0,3810191000.0,4378544000.0,-1443000.0,,370432000.0,3810191000.0,568353000.0,8236000.0,451000.0,383494000.0,184865000.0,-9228000.0,175637000.0,4378544000.0,155700000.0,155090000.0,156165000.0
Quanta Services Inc,PWR,SHVRXXEACT60MMH07S24,1050915,2017.0,Q2TTM,2016-07-01,2017-06-30,,29167000.0,1.74,1.74,,1.74,7964000.0,141945000.0,275310000.0,275652000.0,-342000.0,273429000.0,1837000.0,7345073000.0,8523696000.0,-1265000.0,,708639000.0,7345073000.0,1178623000.0,15951000.0,1898000.0,745770000.0,432915000.0,-15318000.0,417597000.0,8523696000.0,155700000.0,155090000.0,156165000.0
Quanta Services Inc,PWR,SHVRXXEACT60MMH07S24,1050915,2017.0,Q1,2017-01-01,2017-03-31,2018-05-09 14:52:17+00:00,6562000.0,0.31,0.31,,0.31,,22592000.0,48440000.0,48440000.0,,48267000.0,200000.0,1911982000.0,2178170000.0,-364000.0,,184552000.0,1911982000.0,266188000.0,3965000.0,287000.0,191114000.0,75074000.0,-4042000.0,71032000.0,2178170000.0,155700000.0,155168000.0,155168000.0
Quanta Services Inc,PWR,SHVRXXEACT60MMH07S24,1050915,2017.0,Q1TTM,2016-04-01,2017-03-31,,30767000.0,1.44,1.44,,1.44,7964000.0,116395000.0,227679000.0,228021000.0,-342000.0,226154000.0,1537000.0,7039077000.0,8115752000.0,-1289000.0,,679366000.0,7039077000.0,1076675000.0,15263000.0,2375000.0,718097000.0,358593000.0,-14177000.0,344416000.0,8115752000.0,155700000.0,155168000.0,155168000.0
Quanta Services Inc,PWR,SHVRXXEACT60MMH07S24,1050915,2018.0,FY,2018-01-01,2018-12-31,2020-02-28 17:10:05+00:00,43994000.0,1.92,1.92,0.04,1.9,49375000.0,161659000.0,296007000.0,296007000.0,,293346000.0,2661000.0,9691459000.0,11171423000.0,-47213000.0,-11248000.0,857574000.0,9691459000.0,1479964000.0,36945000.0,1555000.0,939695000.0,540269000.0,-82603000.0,457666000.0,11171423000.0,152800000.0,152963000.0,154226000.0
Quanta Services Inc,PWR,SHVRXXEACT60MMH07S24,1050915,2018.0,Q4,2018-10-01,2018-12-31,,12494000.0,0.37,0.37,0.04,0.37,49375000.0,71000000.0,57791000.0,57791000.0,,56768000.0,1061000.0,2692503000.0,3112218000.0,-9314000.0,-3575000.0,212008000.0,2692503000.0,419715000.0,11770000.0,427000.0,270302000.0,149448000.0,-20657000.0,128791000.0,3112218000.0,152800000.0,152963000.0,154226000.0
Quanta Services Inc,PWR,SHVRXXEACT60MMH07S24,1050915,2018.0,Q3,2018-07-01,2018-09-30,2019-11-01 16:38:17+00:00,10600000.0,0.82,0.82,0.0,0.81,,43267000.0,124899000.0,124899000.0,,124599000.0,300000.0,2559451000.0,2985281000.0,-15498000.0,-1394000.0,224040000.0,2559451000.0,425830000.0,9219000.0,322000.0,233246000.0,192561000.0,-24395000.0,168166000.0,2985281000.0,152000000.0,152562000.0,153687000.0
Quanta Services Inc,PWR,SHVRXXEACT60MMH07S24,1050915,2018.0,Q3YTD,2018-01-01,2018-09-30,,31500000.0,1.55,1.55,,1.53,,90659000.0,238216000.0,238216000.0,,236578000.0,1600000.0,6998956000.0,8059205000.0,-37899000.0,-7673000.0,645566000.0,6998956000.0,1060249000.0,25175000.0,1128000.0,669393000.0,390821000.0,-61946000.0,328875000.0,8059205000.0,152000000.0,152562000.0,153687000.0
Quanta Services Inc,PWR,SHVRXXEACT60MMH07S24,1050915,2018.0,Q3TTM,2017-10-01,2018-09-30,,41643000.0,2.28,2.28,,2.25,58057000.0,21008000.0,353792000.0,353792000.0,,350139000.0,3647000.0,9154707000.0,10537832000.0,-39063000.0,-12844000.0,851830000.0,9154707000.0,1383125000.0,31827000.0,1313000.0,938686000.0,444377000.0,-69577000.0,374800000.0,10537832000.0,152000000.0,152562000.0,153687000.0
Quanta Services Inc,PWR,SHVRXXEACT60MMH07S24,1050915,2018.0,Q2,2018-04-01,2018-06-30,2019-08-02 17:10:36+00:00,10500000.0,0.49,0.49,0.0,0.48,,29389000.0,74706000.0,74706000.0,,74365000.0,300000.0,2322977000.0,2656348000.0,-10426000.0,-6279000.0,206104000.0,2322977000.0,333371000.0,9178000.0,660000.0,210325000.0,123039000.0,-18944000.0,104095000.0,2656348000.0,151800000.0,153325000.0,154595000.0
Quanta Services Inc,PWR,SHVRXXEACT60MMH07S24,1050915,2018.0,Q2YTD,2018-01-01,2018-06-30,,20900000.0,0.73,0.73,,0.72,,47392000.0,113317000.0,113317000.0,,111979000.0,1300000.0,4439505000.0,5073924000.0,-22401000.0,-6279000.0,421526000.0,4439505000.0,634419000.0,15956000.0,806000.0,436147000.0,198260000.0,-37551000.0,160709000.0,5073924000.0,151800000.0,153325000.0,154595000.0
Quanta Services Inc,PWR,SHVRXXEACT60MMH07S24,1050915,2018.0,Q2TTM,2017-07-01,2018-06-30,,40043000.0,2.03,2.03,,2.0,58057000.0,20087000.0,318742000.0,318742000.0,,314853000.0,3847000.0,8853932000.0,10161858000.0,-25936000.0,-11450000.0,829014000.0,8853932000.0,1307926000.0,28666000.0,1187000.0,915664000.0,392244000.0,-53415000.0,338829000.0,10161858000.0,151800000.0,153325000.0,154595000.0
Quanta Services Inc,PWR,SHVRXXEACT60MMH07S24,1050915,2018.0,Q1,2018-01-01,2018-03-31,2019-05-06 14:10:43+00:00,10400000.0,0.24,0.24,0.0,0.24,,18003000.0,38611000.0,38611000.0,,37614000.0,1000000.0,2116528000.0,2417576000.0,-11975000.0,0.0,215422000.0,2116528000.0,301048000.0,6778000.0,146000.0,225822000.0,75221000.0,-18607000.0,56614000.0,2417576000.0,156700000.0,156546000.0,157556000.0
Quanta Services Inc,PWR,SHVRXXEACT60MMH07S24,1050915,2018.0,Q1TTM,2017-04-01,2018-03-31,,36043000.0,1.95,1.95,,1.93,58057000.0,30943000.0,308396000.0,308396000.0,,304325000.0,4047000.0,8429164000.0,9705884000.0,-16589000.0,-5171000.0,808790000.0,8429164000.0,1276720000.0,23759000.0,691000.0,897719000.0,378996000.0,-39657000.0,339339000.0,9705884000.0,156700000.0,156546000.0,157556000.0
Quanta Services Inc,PWR,SHVRXXEACT60MMH07S24,1050915,2019.0,Q4,2019-10-01,2019-12-31,,21521000.0,0.81,0.81,0.05,0.8,13892000.0,25634000.0,120299000.0,120299000.0,,118190000.0,2124000.0,2669479000.0,3112800000.0,17179000.0,5340000.0,255129000.0,2669479000.0,443321000.0,18824000.0,165000.0,295882000.0,147413000.0,-1480000.0,145933000.0,3112800000.0,145700000.0,145710000.0,147534000.0
Quanta Services Inc,PWR,SHVRXXEACT60MMH07S24,1050915,2019.0,FY,2019-01-01,2019-12-31,2020-02-28 17:10:05+00:00,62091000.0,2.76,2.76,0.17,2.73,13892000.0,165472000.0,406815000.0,406815000.0,,402044000.0,4771000.0,10511901000.0,12112153000.0,83376000.0,13404000.0,955991000.0,10511901000.0,1600252000.0,66890000.0,927000.0,1045378000.0,554874000.0,17413000.0,572287000.0,12112153000.0,145700000.0,145710000.0,147534000.0
Quanta Services Inc,PWR,SHVRXXEACT60MMH07S24,1050915,2019.0,Q3YTD,2019-01-01,2019-09-30,,40570000.0,1.95,1.95,0.12,1.93,,139838000.0,286516000.0,286516000.0,,283854000.0,2647000.0,7842422000.0,8999353000.0,66197000.0,8064000.0,700862000.0,7842422000.0,1156931000.0,48066000.0,762000.0,749496000.0,407461000.0,18893000.0,426354000.0,8999353000.0,146300000.0,145913000.0,147438000.0
Quanta Services Inc,PWR,SHVRXXEACT60MMH07S24,1050915,2019.0,Q3TTM,2018-10-01,2019-09-30,,53064000.0,2.32,2.32,0.16,2.3,49375000.0,210838000.0,344307000.0,344307000.0,,340622000.0,3708000.0,10534925000.0,12111571000.0,56883000.0,4489000.0,912870000.0,10534925000.0,1576646000.0,59836000.0,1189000.0,1019798000.0,556909000.0,-1764000.0,555145000.0,12111571000.0,146300000.0,145913000.0,147438000.0
Quanta Services Inc,PWR,SHVRXXEACT60MMH07S24,1050915,2019.0,Q3,2019-07-01,2019-09-30,2019-11-01 16:38:17+00:00,15300000.0,0.93,0.93,0.04,0.92,,54906000.0,137022000.0,137022000.0,,136022000.0,1000000.0,2879450000.0,3352895000.0,717000.0,3777000.0,245010000.0,2879450000.0,473445000.0,18369000.0,186000.0,264087000.0,209394000.0,-17466000.0,191928000.0,3352895000.0,146300000.0,145913000.0,147438000.0
Quanta Services Inc,PWR,SHVRXXEACT60MMH07S24,1050915,2019.0,Q2YTD,2019-01-01,2019-06-30,,25270000.0,1.02,1.02,0.08,1.01,,84932000.0,149494000.0,149494000.0,,147832000.0,1647000.0,4962972000.0,5646458000.0,65480000.0,4287000.0,455852000.0,4962972000.0,683486000.0,29697000.0,576000.0,485409000.0,198067000.0,36359000.0,234426000.0,5646458000.0,143900000.0,145935000.0,147241000.0
Quanta Services Inc,PWR,SHVRXXEACT60MMH07S24,1050915,2019.0,Q2TTM,2018-07-01,2019-06-30,,48364000.0,2.21,2.21,0.12,2.19,49375000.0,199199000.0,332184000.0,332184000.0,,329199000.0,3008000.0,10214926000.0,11743957000.0,40668000.0,-682000.0,891900000.0,10214926000.0,1529031000.0,50686000.0,1325000.0,988957000.0,540076000.0,-8693000.0,531383000.0,11743957000.0,143900000.0,145935000.0,147241000.0
Quanta Services Inc,PWR,SHVRXXEACT60MMH07S24,1050915,2019.0,Q2,2019-04-01,2019-06-30,2019-08-02 17:10:36+00:00,12600000.0,0.19,0.19,0.04,0.19,,41088000.0,28459000.0,28459000.0,,27344000.0,1100000.0,2519694000.0,2839199000.0,6521000.0,4371000.0,223944000.0,2519694000.0,319505000.0,15821000.0,267000.0,240915000.0,78580000.0,-9033000.0,69547000.0,2839199000.0,143900000.0,145935000.0,147241000.0
Quanta Services Inc,PWR,SHVRXXEACT60MMH07S24,1050915,2019.0,Q1,2019-01-01,2019-03-31,2020-05-08 16:52:01+00:00,12670000.0,0.83,0.83,0.04,0.82,,43844000.0,121035000.0,121035000.0,,120488000.0,547000.0,2443278000.0,2807259000.0,58959000.0,-84000.0,231908000.0,2443278000.0,363981000.0,13876000.0,309000.0,244494000.0,119487000.0,45392000.0,164879000.0,2807259000.0,145200000.0,145110000.0,146458000.0
Quanta Services Inc,PWR,SHVRXXEACT60MMH07S24,1050915,2019.0,Q1TTM,2018-04-01,2019-03-31,,46264000.0,2.51,2.51,0.08,2.48,49375000.0,187500000.0,378431000.0,378431000.0,,376220000.0,2208000.0,10018209000.0,11561106000.0,23721000.0,-11332000.0,874060000.0,10018209000.0,1542897000.0,44043000.0,1718000.0,958367000.0,584535000.0,-18604000.0,565931000.0,11561106000.0,145200000.0,145110000.0,146458000.0
Quanta Services Inc,PWR,SHVRXXEACT60MMH07S24,1050915,2020.0,Q1TTM,2019-04-01,2020-03-31,,67329000.0,2.2,2.2,0.18,2.17,13892000.0,137788000.0,327283000.0,327283000.0,,320242000.0,7041000.0,10500522000.0,12068989000.0,14590000.0,16246000.0,954876000.0,10500522000.0,1568467000.0,67020000.0,1377000.0,1052343000.0,516124000.0,-51053000.0,465071000.0,12068989000.0,143300000.0,144454000.0,146787000.0
Quanta Services Inc,PWR,SHVRXXEACT60MMH07S24,1050915,2020.0,Q1,2020-01-01,2020-03-31,2020-05-08 16:52:01+00:00,17908000.0,0.27,0.27,0.05,0.26,,16160000.0,41503000.0,41503000.0,,38686000.0,2817000.0,2431899000.0,2764095000.0,-9827000.0,2758000.0,230793000.0,2431899000.0,332196000.0,14006000.0,759000.0,251459000.0,80737000.0,-23074000.0,57663000.0,2764095000.0,143300000.0,144454000.0,146787000.0
