company_name,company_ticker,company_lei,company_cik,year,quarter,start_date,end_date,filing_date,amortizationexpense,basicdilutedeps,basiceps,cashdividendspershare,dilutedeps,incometaxexpense,marketingexpense,netincome,netincomecontinuing,netincometocommon,netincometononcontrollinginterest,operatingcostofrevenue,operatingrevenue,otheradjustmentstoconsolidatednetincome,othergains,otherincome,otherspecialcharges,restructuringcharge,totalcostofrevenue,totalgrossprofit,totalinterestexpense,totalinterestincome,totaloperatingexpenses,totaloperatingincome,totalotherincome,totalpretaxincome,totalrevenue,weightedavebasicdilutedsharesos,weightedavebasicsharesos,weightedavedilutedsharesos
Philip Morris International Inc,PM,HL3H1H2BGXWVG3BSWR90,1413329,2007.0,FY,2007-01-01,2007-12-31,2010-02-26 08:23:45+00:00,28000000.0,2.86,2.86,,2.86,2570000000.0,5021000000.0,6314000000.0,6314000000.0,6038000000.0,276000000.0,41144000000.0,55243000000.0,,,,-52000000.0,208000000.0,41144000000.0,14099000000.0,10000000.0,,5205000000.0,8894000000.0,-10000000.0,8884000000.0,55243000000.0,2111200000.0,2111200000.0,2111200000.0
Philip Morris International Inc,PM,HL3H1H2BGXWVG3BSWR90,1413329,2008.0,FY,2008-01-01,2008-12-31,2011-02-25 12:11:25+00:00,44000000.0,3.32,3.32,1.43,3.31,2787000000.0,6001000000.0,7150000000.0,7150000000.0,6890000000.0,260000000.0,47263000000.0,63640000000.0,,,,,84000000.0,47263000000.0,16377000000.0,311000000.0,,6129000000.0,10248000000.0,-311000000.0,9937000000.0,63640000000.0,2068000000.0,2068000000.0,2068000000.0
Philip Morris International Inc,PM,HL3H1H2BGXWVG3BSWR90,1413329,2008.0,Q3,2008-07-01,2008-09-30,2009-11-06 07:44:05+00:00,13000000.0,1.01,1.01,0.54,1.01,667000000.0,1556000000.0,2154000000.0,2154000000.0,2080000000.0,74000000.0,12893000000.0,17365000000.0,,,,,13000000.0,12893000000.0,4472000000.0,69000000.0,,1582000000.0,2890000000.0,-69000000.0,2821000000.0,17365000000.0,2059400000.0,2059400000.0,2059400000.0
Philip Morris International Inc,PM,HL3H1H2BGXWVG3BSWR90,1413329,2008.0,Q2,2008-04-01,2008-06-30,2009-08-14 09:14:36+00:00,7000000.0,0.81,0.81,0.46,0.8,790000000.0,1584000000.0,1757000000.0,1757000000.0,1692000000.0,65000000.0,12456000000.0,16703000000.0,,,,,48000000.0,12456000000.0,4247000000.0,61000000.0,,1639000000.0,2608000000.0,-61000000.0,2547000000.0,16703000000.0,2088900000.0,2088900000.0,2115000000.0
Philip Morris International Inc,PM,HL3H1H2BGXWVG3BSWR90,1413329,2009.0,Q4,2009-10-01,2009-12-31,,20000000.0,0.79,0.79,0.58,0.78,632000000.0,1684000000.0,1584000000.0,1584000000.0,1522000000.0,62000000.0,12837000000.0,17008000000.0,,,,,26000000.0,12837000000.0,4171000000.0,225000000.0,,1730000000.0,2441000000.0,-225000000.0,2216000000.0,17008000000.0,1943000000.0,1943000000.0,1943000000.0
Philip Morris International Inc,PM,HL3H1H2BGXWVG3BSWR90,1413329,2009.0,FY,2009-01-01,2009-12-31,2012-02-24 09:29:03+00:00,74000000.0,3.25,3.25,2.24,3.24,2691000000.0,5870000000.0,6552000000.0,6552000000.0,6342000000.0,210000000.0,46067000000.0,62080000000.0,,,,,29000000.0,46067000000.0,16013000000.0,797000000.0,,5973000000.0,10040000000.0,-797000000.0,9243000000.0,62080000000.0,1943000000.0,1943000000.0,1943000000.0
Philip Morris International Inc,PM,HL3H1H2BGXWVG3BSWR90,1413329,2009.0,Q3YTD,2009-01-01,2009-09-30,,54000000.0,2.46,2.46,1.66,2.46,2059000000.0,4186000000.0,4968000000.0,4968000000.0,4820000000.0,148000000.0,33230000000.0,45072000000.0,,,,,3000000.0,33230000000.0,11842000000.0,572000000.0,,4243000000.0,7599000000.0,-572000000.0,7027000000.0,45072000000.0,1927000000.0,1927000000.0,1927000000.0
Philip Morris International Inc,PM,HL3H1H2BGXWVG3BSWR90,1413329,2009.0,Q3,2009-07-01,2009-09-30,2010-11-05 08:23:57+00:00,18000000.0,0.93,0.93,0.58,0.93,775000000.0,1398000000.0,1854000000.0,1854000000.0,1798000000.0,56000000.0,12306000000.0,16573000000.0,,,,,1000000.0,12306000000.0,4267000000.0,221000000.0,,1417000000.0,2850000000.0,-221000000.0,2629000000.0,16573000000.0,1927000000.0,1927000000.0,1927000000.0
Philip Morris International Inc,PM,HL3H1H2BGXWVG3BSWR90,1413329,2009.0,Q2YTD,2009-01-01,2009-06-30,,36000000.0,1.53,1.53,1.08,1.53,1284000000.0,2788000000.0,3114000000.0,3114000000.0,3022000000.0,92000000.0,20924000000.0,28499000000.0,,,,,2000000.0,20924000000.0,7575000000.0,351000000.0,,2826000000.0,4749000000.0,-351000000.0,4398000000.0,28499000000.0,1955000000.0,1955000000.0,1955000000.0
Philip Morris International Inc,PM,HL3H1H2BGXWVG3BSWR90,1413329,2009.0,Q2,2009-04-01,2009-06-30,2010-08-27 10:09:42+00:00,21000000.0,0.79,0.79,0.54,0.79,639000000.0,1498000000.0,1597000000.0,1597000000.0,1546000000.0,51000000.0,11264000000.0,15213000000.0,,,,,1000000.0,11264000000.0,3949000000.0,193000000.0,,1520000000.0,2429000000.0,-193000000.0,2236000000.0,15213000000.0,1955000000.0,1955000000.0,1955000000.0
Philip Morris International Inc,PM,HL3H1H2BGXWVG3BSWR90,1413329,2009.0,Q1,2009-01-01,2009-03-31,2010-05-07 11:35:43+00:00,15000000.0,0.74,0.74,0.54,0.74,645000000.0,1290000000.0,1517000000.0,1517000000.0,1476000000.0,41000000.0,9660000000.0,13286000000.0,,,,,1000000.0,9660000000.0,3626000000.0,158000000.0,,1306000000.0,2320000000.0,-158000000.0,2162000000.0,13286000000.0,1994600000.0,1994600000.0,1994600000.0
Philip Morris International Inc,PM,HL3H1H2BGXWVG3BSWR90,1413329,2010.0,Q4,2010-10-01,2010-12-31,,23000000.0,0.97,0.97,0.64,0.96,717000000.0,1743000000.0,1810000000.0,1810000000.0,1752000000.0,58000000.0,13271000000.0,17807000000.0,,,,,27000000.0,13271000000.0,4536000000.0,216000000.0,,1793000000.0,2743000000.0,-216000000.0,2527000000.0,17807000000.0,1839000000.0,1839000000.0,1839000000.0
Philip Morris International Inc,PM,HL3H1H2BGXWVG3BSWR90,1413329,2010.0,FY,2010-01-01,2010-12-31,2013-02-22 12:13:08+00:00,88000000.0,3.93,3.93,2.44,3.92,2826000000.0,6160000000.0,7498000000.0,7498000000.0,7259000000.0,239000000.0,50218000000.0,67713000000.0,,,,,47000000.0,50218000000.0,17495000000.0,876000000.0,,6295000000.0,11200000000.0,-876000000.0,10324000000.0,67713000000.0,1839000000.0,1839000000.0,1839000000.0
Philip Morris International Inc,PM,HL3H1H2BGXWVG3BSWR90,1413329,2010.0,Q3YTD,2010-01-01,2010-09-30,,65000000.0,2.96,2.96,1.8,2.96,2109000000.0,4417000000.0,5688000000.0,5688000000.0,5507000000.0,181000000.0,36947000000.0,49906000000.0,,,,,20000000.0,36947000000.0,12959000000.0,660000000.0,,4502000000.0,8457000000.0,-660000000.0,7797000000.0,49906000000.0,1828000000.0,1828000000.0,1828000000.0
Philip Morris International Inc,PM,HL3H1H2BGXWVG3BSWR90,1413329,2010.0,Q3TTM,2009-10-01,2010-09-30,,85000000.0,3.75,3.75,2.38,3.74,2741000000.0,6101000000.0,7272000000.0,7272000000.0,7029000000.0,243000000.0,49784000000.0,66914000000.0,,,,,46000000.0,49784000000.0,17130000000.0,885000000.0,,6232000000.0,10898000000.0,-885000000.0,10013000000.0,66914000000.0,1828000000.0,1828000000.0,1828000000.0
Philip Morris International Inc,PM,HL3H1H2BGXWVG3BSWR90,1413329,2010.0,Q3,2010-07-01,2010-09-30,2011-11-03 09:45:51+00:00,22000000.0,0.99,0.99,0.64,0.99,730000000.0,1446000000.0,1892000000.0,1892000000.0,1822000000.0,70000000.0,12612000000.0,16936000000.0,,,,,20000000.0,12612000000.0,4324000000.0,214000000.0,,1488000000.0,2836000000.0,-214000000.0,2622000000.0,16936000000.0,1828000000.0,1828000000.0,1828000000.0
Philip Morris International Inc,PM,HL3H1H2BGXWVG3BSWR90,1413329,2010.0,Q2YTD,2010-01-01,2010-06-30,,43000000.0,1.97,1.97,1.16,1.97,1379000000.0,2971000000.0,3796000000.0,3796000000.0,3685000000.0,111000000.0,24335000000.0,32970000000.0,,,,,,24335000000.0,8635000000.0,446000000.0,,3014000000.0,5621000000.0,-446000000.0,5175000000.0,32970000000.0,1846000000.0,1846000000.0,1846000000.0
Philip Morris International Inc,PM,HL3H1H2BGXWVG3BSWR90,1413329,2010.0,Q2TTM,2009-07-01,2010-06-30,,81000000.0,3.69,3.69,2.32,3.68,2786000000.0,6053000000.0,7234000000.0,7234000000.0,7005000000.0,229000000.0,49478000000.0,66551000000.0,,,,,27000000.0,49478000000.0,17073000000.0,892000000.0,,6161000000.0,10912000000.0,-892000000.0,10020000000.0,66551000000.0,1846000000.0,1846000000.0,1846000000.0
Philip Morris International Inc,PM,HL3H1H2BGXWVG3BSWR90,1413329,2010.0,Q2,2010-04-01,2010-06-30,2011-08-05 08:22:09+00:00,23000000.0,1.07,1.07,0.58,1.07,641000000.0,1582000000.0,2042000000.0,2042000000.0,1982000000.0,60000000.0,12872000000.0,17383000000.0,,,,,0.0,12872000000.0,4511000000.0,223000000.0,,1605000000.0,2906000000.0,-223000000.0,2683000000.0,17383000000.0,1846000000.0,1846000000.0,1846000000.0
Philip Morris International Inc,PM,HL3H1H2BGXWVG3BSWR90,1413329,2010.0,Q1TTM,2009-04-01,2010-03-31,,79000000.0,3.41,3.41,2.28,3.4,2784000000.0,5969000000.0,6789000000.0,6789000000.0,6569000000.0,220000000.0,47870000000.0,64381000000.0,,,,,28000000.0,47870000000.0,16511000000.0,862000000.0,,6076000000.0,10435000000.0,-862000000.0,9573000000.0,64381000000.0,1874000000.0,1874000000.0,1874000000.0
Philip Morris International Inc,PM,HL3H1H2BGXWVG3BSWR90,1413329,2010.0,Q1,2010-01-01,2010-03-31,2011-05-06 07:35:48+00:00,20000000.0,0.9,0.9,0.58,0.9,738000000.0,1389000000.0,1754000000.0,1754000000.0,1703000000.0,51000000.0,11463000000.0,15587000000.0,,,,,0.0,11463000000.0,4124000000.0,223000000.0,,1409000000.0,2715000000.0,-223000000.0,2492000000.0,15587000000.0,1874000000.0,1874000000.0,1874000000.0
Philip Morris International Inc,PM,HL3H1H2BGXWVG3BSWR90,1413329,2011.0,FY,2011-01-01,2011-12-31,2014-02-21 08:40:56+00:00,98000000.0,4.85,4.85,2.82,4.85,3653000000.0,6870000000.0,8879000000.0,8889000000.0,8591000000.0,288000000.0,55927000000.0,76346000000.0,,,,,109000000.0,55927000000.0,20419000000.0,800000000.0,-10000000.0,7077000000.0,13342000000.0,-810000000.0,12542000000.0,76346000000.0,1761000000.0,1761000000.0,1761000000.0
Philip Morris International Inc,PM,HL3H1H2BGXWVG3BSWR90,1413329,2011.0,Q3YTD,2011-01-01,2011-09-30,,73000000.0,3.76,3.76,2.05,3.76,2850000000.0,4911000000.0,6933000000.0,6933000000.0,6705000000.0,228000000.0,42030000000.0,57470000000.0,,,,,60000000.0,42030000000.0,15440000000.0,613000000.0,,5044000000.0,10396000000.0,-613000000.0,9783000000.0,57470000000.0,1749000000.0,1749000000.0,1749000000.0
Philip Morris International Inc,PM,HL3H1H2BGXWVG3BSWR90,1413329,2011.0,Q3TTM,2010-10-01,2011-09-30,,96000000.0,4.73,4.73,2.69,4.72,3567000000.0,6654000000.0,8743000000.0,8743000000.0,8457000000.0,286000000.0,55301000000.0,75277000000.0,,,,,87000000.0,55301000000.0,19976000000.0,829000000.0,,6837000000.0,13139000000.0,-829000000.0,12310000000.0,75277000000.0,1749000000.0,1749000000.0,1749000000.0
Philip Morris International Inc,PM,HL3H1H2BGXWVG3BSWR90,1413329,2011.0,Q3,2011-07-01,2011-09-30,2012-11-02 13:11:55+00:00,25000000.0,1.35,1.35,0.77,1.35,1024000000.0,1770000000.0,2461000000.0,2461000000.0,2377000000.0,84000000.0,15191000000.0,20706000000.0,,,,,43000000.0,15191000000.0,5515000000.0,192000000.0,,1838000000.0,3677000000.0,-192000000.0,3485000000.0,20706000000.0,1749000000.0,1749000000.0,1749000000.0
Philip Morris International Inc,PM,HL3H1H2BGXWVG3BSWR90,1413329,2011.0,Q2YTD,2011-01-01,2011-06-30,,48000000.0,2.41,2.41,1.28,2.41,1826000000.0,3141000000.0,4472000000.0,4472000000.0,4328000000.0,144000000.0,26839000000.0,36764000000.0,,,,,17000000.0,26839000000.0,9925000000.0,421000000.0,,3206000000.0,6719000000.0,-421000000.0,6298000000.0,36764000000.0,1772000000.0,1772000000.0,1772000000.0
Philip Morris International Inc,PM,HL3H1H2BGXWVG3BSWR90,1413329,2011.0,Q2TTM,2010-07-01,2011-06-30,,93000000.0,4.37,4.37,2.56,4.36,3273000000.0,6330000000.0,8174000000.0,8174000000.0,7902000000.0,272000000.0,52722000000.0,71507000000.0,,,,,64000000.0,52722000000.0,18785000000.0,851000000.0,,6487000000.0,12298000000.0,-851000000.0,11447000000.0,71507000000.0,1772000000.0,1772000000.0,1772000000.0
Philip Morris International Inc,PM,HL3H1H2BGXWVG3BSWR90,1413329,2011.0,Q2,2011-04-01,2011-06-30,2012-08-03 09:41:33+00:00,24000000.0,1.35,1.35,0.64,1.35,1019000000.0,1692000000.0,2485000000.0,2485000000.0,2409000000.0,76000000.0,14805000000.0,20234000000.0,,,,,1000000.0,14805000000.0,5429000000.0,208000000.0,,1717000000.0,3712000000.0,-208000000.0,3504000000.0,20234000000.0,1772000000.0,1772000000.0,1772000000.0
Philip Morris International Inc,PM,HL3H1H2BGXWVG3BSWR90,1413329,2011.0,Q1TTM,2010-04-01,2011-03-31,,92000000.0,4.09,4.09,2.5,4.08,2895000000.0,6220000000.0,7731000000.0,7731000000.0,7475000000.0,256000000.0,50789000000.0,68656000000.0,,,,,63000000.0,50789000000.0,17867000000.0,866000000.0,,6375000000.0,11492000000.0,-866000000.0,10626000000.0,68656000000.0,1793000000.0,1793000000.0,1793000000.0
Philip Morris International Inc,PM,HL3H1H2BGXWVG3BSWR90,1413329,2011.0,Q1,2011-01-01,2011-03-31,2012-05-04 12:27:10+00:00,24000000.0,1.06,1.06,0.64,1.06,807000000.0,1449000000.0,1987000000.0,1987000000.0,1919000000.0,68000000.0,12034000000.0,16530000000.0,,,,,16000000.0,12034000000.0,4496000000.0,213000000.0,,1489000000.0,3007000000.0,-213000000.0,2794000000.0,16530000000.0,1793000000.0,1793000000.0,1793000000.0
Philip Morris International Inc,PM,HL3H1H2BGXWVG3BSWR90,1413329,2012.0,Q4,2012-10-01,2012-12-31,,24000000.0,1.24,1.24,0.85,1.24,799000000.0,1918000000.0,2191000000.0,2191000000.0,2095000000.0,96000000.0,14534000000.0,19742000000.0,,-17000000.0,,,33000000.0,14534000000.0,5208000000.0,226000000.0,,1975000000.0,3233000000.0,-226000000.0,3007000000.0,19742000000.0,1692000000.0,1702100000.0,1702100000.0
Philip Morris International Inc,PM,HL3H1H2BGXWVG3BSWR90,1413329,2012.0,FY,2012-01-01,2012-12-31,2015-02-20 08:39:54+00:00,97000000.0,5.17,5.17,3.24,5.17,3833000000.0,6961000000.0,9154000000.0,9154000000.0,8800000000.0,354000000.0,56389000000.0,77393000000.0,,-17000000.0,,,83000000.0,56389000000.0,21004000000.0,859000000.0,,7141000000.0,13863000000.0,-859000000.0,13004000000.0,77393000000.0,1692000000.0,1702100000.0,1702100000.0
Philip Morris International Inc,PM,HL3H1H2BGXWVG3BSWR90,1413329,2012.0,Q3YTD,2012-01-01,2012-09-30,,73000000.0,3.93,3.93,2.39,3.93,3034000000.0,5043000000.0,6963000000.0,6963000000.0,6705000000.0,258000000.0,41855000000.0,57651000000.0,,,,,50000000.0,41855000000.0,15796000000.0,633000000.0,,5166000000.0,10630000000.0,-633000000.0,9997000000.0,57651000000.0,1683000000.0,1687100000.0,1687100000.0
Philip Morris International Inc,PM,HL3H1H2BGXWVG3BSWR90,1413329,2012.0,Q3TTM,2011-10-01,2012-09-30,,98000000.0,5.02,5.02,3.16,5.02,3837000000.0,7002000000.0,8909000000.0,8919000000.0,8591000000.0,318000000.0,55752000000.0,76527000000.0,,,,,99000000.0,55752000000.0,20775000000.0,820000000.0,-10000000.0,7199000000.0,13576000000.0,-830000000.0,12756000000.0,76527000000.0,1683000000.0,1687100000.0,1687100000.0
Philip Morris International Inc,PM,HL3H1H2BGXWVG3BSWR90,1413329,2012.0,Q3,2012-07-01,2012-09-30,2013-11-01 08:15:26+00:00,24000000.0,1.32,1.32,0.85,1.32,1088000000.0,1655000000.0,2324000000.0,2324000000.0,2227000000.0,97000000.0,14256000000.0,19592000000.0,,,,,34000000.0,14256000000.0,5336000000.0,211000000.0,,1713000000.0,3623000000.0,-211000000.0,3412000000.0,19592000000.0,1683000000.0,1687100000.0,1687100000.0
Philip Morris International Inc,PM,HL3H1H2BGXWVG3BSWR90,1413329,2012.0,Q2YTD,2012-01-01,2012-06-30,,49000000.0,2.61,2.61,1.54,2.61,1946000000.0,3388000000.0,4639000000.0,4639000000.0,4478000000.0,161000000.0,27599000000.0,38059000000.0,,,,,16000000.0,27599000000.0,10460000000.0,422000000.0,,3453000000.0,7007000000.0,-422000000.0,6585000000.0,38059000000.0,1701000000.0,1703700000.0,1703700000.0
Philip Morris International Inc,PM,HL3H1H2BGXWVG3BSWR90,1413329,2012.0,Q2TTM,2011-07-01,2012-06-30,,99000000.0,5.05,5.05,3.08,5.05,3773000000.0,7117000000.0,9046000000.0,9056000000.0,8741000000.0,305000000.0,56687000000.0,77641000000.0,,,,,108000000.0,56687000000.0,20954000000.0,801000000.0,-10000000.0,7324000000.0,13630000000.0,-811000000.0,12829000000.0,77641000000.0,1701000000.0,1703700000.0,1703700000.0
Philip Morris International Inc,PM,HL3H1H2BGXWVG3BSWR90,1413329,2012.0,Q2,2012-04-01,2012-06-30,2013-08-02 08:39:30+00:00,25000000.0,1.36,1.36,0.77,1.36,988000000.0,1817000000.0,2407000000.0,2407000000.0,2317000000.0,90000000.0,14583000000.0,20037000000.0,,,,,8000000.0,14583000000.0,5454000000.0,209000000.0,,1850000000.0,3604000000.0,-209000000.0,3395000000.0,20037000000.0,1701000000.0,1703700000.0,1703700000.0
Philip Morris International Inc,PM,HL3H1H2BGXWVG3BSWR90,1413329,2012.0,Q1TTM,2011-04-01,2012-03-31,,98000000.0,5.04,5.04,2.95,5.04,3804000000.0,6992000000.0,9124000000.0,9134000000.0,8833000000.0,291000000.0,56909000000.0,77838000000.0,,,,,101000000.0,56909000000.0,20929000000.0,800000000.0,-10000000.0,7191000000.0,13738000000.0,-810000000.0,12938000000.0,77838000000.0,1719000000.0,1728800000.0,1728800000.0
Philip Morris International Inc,PM,HL3H1H2BGXWVG3BSWR90,1413329,2012.0,Q1,2012-01-01,2012-03-31,2013-05-03 11:17:53+00:00,24000000.0,1.25,1.25,0.77,1.25,958000000.0,1571000000.0,2232000000.0,2232000000.0,2161000000.0,71000000.0,13016000000.0,18022000000.0,,,,,8000000.0,13016000000.0,5006000000.0,213000000.0,,1603000000.0,3403000000.0,-213000000.0,3190000000.0,18022000000.0,1719000000.0,1728800000.0,1728800000.0
Philip Morris International Inc,PM,HL3H1H2BGXWVG3BSWR90,1413329,2013.0,FY,2013-01-01,2013-12-31,2016-02-17 10:25:14+00:00,93000000.0,5.26,5.26,3.58,5.26,3670000000.0,6890000000.0,8850000000.0,8850000000.0,8576000000.0,274000000.0,59222000000.0,80029000000.0,,-22000000.0,,,309000000.0,59222000000.0,20807000000.0,973000000.0,,7292000000.0,13515000000.0,-973000000.0,12542000000.0,80029000000.0,1622000000.0,1630400000.0,1630400000.0
Philip Morris International Inc,PM,HL3H1H2BGXWVG3BSWR90,1413329,2013.0,Q4,2013-10-01,2013-12-31,,22000000.0,1.24,1.24,0.94,1.24,893000000.0,1676000000.0,2036000000.0,2032000000.0,1987000000.0,49000000.0,15203000000.0,20390000000.0,,-11000000.0,,,301000000.0,15203000000.0,5187000000.0,252000000.0,4000000.0,1999000000.0,3188000000.0,-248000000.0,2936000000.0,20390000000.0,1622000000.0,1630400000.0,1630400000.0
Philip Morris International Inc,PM,HL3H1H2BGXWVG3BSWR90,1413329,2013.0,Q3YTD,2013-01-01,2013-09-30,,71000000.0,4.02,4.02,2.64,4.02,2777000000.0,5214000000.0,6814000000.0,6818000000.0,6589000000.0,225000000.0,44019000000.0,59639000000.0,,-11000000.0,,,8000000.0,44019000000.0,15620000000.0,721000000.0,-4000000.0,5293000000.0,10327000000.0,-725000000.0,9606000000.0,59639000000.0,1614000000.0,1625000000.0,1625000000.0
Philip Morris International Inc,PM,HL3H1H2BGXWVG3BSWR90,1413329,2013.0,Q3TTM,2012-10-01,2013-09-30,,95000000.0,5.26,5.26,3.49,5.26,3576000000.0,7132000000.0,9005000000.0,9009000000.0,8684000000.0,321000000.0,58553000000.0,79381000000.0,,-28000000.0,,,41000000.0,58553000000.0,20828000000.0,947000000.0,-4000000.0,7268000000.0,13560000000.0,-951000000.0,12613000000.0,79381000000.0,1614000000.0,1625000000.0,1625000000.0
Philip Morris International Inc,PM,HL3H1H2BGXWVG3BSWR90,1413329,2013.0,Q3,2013-07-01,2013-09-30,2014-10-31 10:40:30+00:00,23000000.0,1.44,1.44,0.94,1.44,952000000.0,1687000000.0,2402000000.0,2402000000.0,2340000000.0,62000000.0,15320000000.0,20629000000.0,,-6000000.0,,,0.0,15320000000.0,5309000000.0,239000000.0,,1710000000.0,3599000000.0,-239000000.0,3360000000.0,20629000000.0,1614000000.0,1625000000.0,1625000000.0
Philip Morris International Inc,PM,HL3H1H2BGXWVG3BSWR90,1413329,2013.0,Q2YTD,2013-01-01,2013-06-30,,48000000.0,2.58,2.58,1.7,2.58,1825000000.0,3527000000.0,4412000000.0,4416000000.0,4249000000.0,163000000.0,28699000000.0,39010000000.0,,-5000000.0,,,8000000.0,28699000000.0,10311000000.0,482000000.0,-4000000.0,3583000000.0,6728000000.0,-486000000.0,6246000000.0,39010000000.0,1631000000.0,1633800000.0,1633800000.0
Philip Morris International Inc,PM,HL3H1H2BGXWVG3BSWR90,1413329,2013.0,Q2TTM,2012-07-01,2013-06-30,,96000000.0,5.14,5.14,3.4,5.14,3712000000.0,7100000000.0,8927000000.0,8931000000.0,8571000000.0,356000000.0,57489000000.0,78344000000.0,,-22000000.0,,,75000000.0,57489000000.0,20855000000.0,919000000.0,-4000000.0,7271000000.0,13584000000.0,-923000000.0,12665000000.0,78344000000.0,1631000000.0,1633800000.0,1633800000.0
Philip Morris International Inc,PM,HL3H1H2BGXWVG3BSWR90,1413329,2013.0,Q2,2013-04-01,2013-06-30,2014-07-31 08:44:41+00:00,24000000.0,1.3,1.3,0.85,1.3,892000000.0,1850000000.0,2194000000.0,2194000000.0,2124000000.0,70000000.0,15267000000.0,20483000000.0,,-5000000.0,,,5000000.0,15267000000.0,5216000000.0,246000000.0,,1879000000.0,3337000000.0,-246000000.0,3091000000.0,20483000000.0,1631000000.0,1633800000.0,1633800000.0
Philip Morris International Inc,PM,HL3H1H2BGXWVG3BSWR90,1413329,2013.0,Q1TTM,2012-04-01,2013-03-31,,97000000.0,5.2,5.2,3.32,5.2,3808000000.0,7067000000.0,9140000000.0,9144000000.0,8764000000.0,376000000.0,56805000000.0,77898000000.0,,-17000000.0,,,78000000.0,56805000000.0,21093000000.0,882000000.0,-4000000.0,7242000000.0,13851000000.0,-886000000.0,12969000000.0,77898000000.0,1646000000.0,1660200000.0,1660200000.0
Philip Morris International Inc,PM,HL3H1H2BGXWVG3BSWR90,1413329,2013.0,Q1,2013-01-01,2013-03-31,2014-05-02 08:32:53+00:00,24000000.0,1.28,1.28,0.85,1.28,933000000.0,1677000000.0,2218000000.0,2222000000.0,2125000000.0,93000000.0,13432000000.0,18527000000.0,,,,,3000000.0,13432000000.0,5095000000.0,236000000.0,-4000000.0,1704000000.0,3391000000.0,-240000000.0,3155000000.0,18527000000.0,1646000000.0,1660200000.0,1660200000.0
Philip Morris International Inc,PM,HL3H1H2BGXWVG3BSWR90,1413329,2014.0,FY,2014-01-01,2014-12-31,2017-02-14 08:22:52+00:00,93000000.0,4.76,4.76,3.88,4.76,3097000000.0,7001000000.0,7658000000.0,7658000000.0,7493000000.0,165000000.0,60775000000.0,80106000000.0,,105000000.0,,,535000000.0,60775000000.0,19331000000.0,1052000000.0,,7629000000.0,11702000000.0,-1052000000.0,10650000000.0,80106000000.0,1566000000.0,1574200000.0,1574200000.0
Philip Morris International Inc,PM,HL3H1H2BGXWVG3BSWR90,1413329,2014.0,Q4,2014-10-01,2014-12-31,,26000000.0,1.03,1.03,1.0,1.03,651000000.0,1975000000.0,1649000000.0,1649000000.0,1612000000.0,37000000.0,15376000000.0,19941000000.0,,31000000.0,,,32000000.0,15376000000.0,4565000000.0,263000000.0,,2033000000.0,2532000000.0,-263000000.0,2269000000.0,19941000000.0,1566000000.0,1574200000.0,1574200000.0
Philip Morris International Inc,PM,HL3H1H2BGXWVG3BSWR90,1413329,2014.0,Q3,2014-07-01,2014-09-30,2015-10-30 08:44:43+00:00,23000000.0,1.38,1.38,1.0,1.38,918000000.0,1763000000.0,2198000000.0,2198000000.0,2155000000.0,43000000.0,16213000000.0,21335000000.0,,38000000.0,,,-9000000.0,16213000000.0,5122000000.0,267000000.0,,1777000000.0,3345000000.0,-267000000.0,3078000000.0,21335000000.0,1560000000.0,1561600000.0,1561600000.0
Philip Morris International Inc,PM,HL3H1H2BGXWVG3BSWR90,1413329,2014.0,Q3YTD,2014-01-01,2014-09-30,,67000000.0,3.73,3.73,2.88,3.73,2446000000.0,5026000000.0,6009000000.0,6009000000.0,5881000000.0,128000000.0,45399000000.0,60165000000.0,,74000000.0,,,503000000.0,45399000000.0,14766000000.0,789000000.0,,5596000000.0,9170000000.0,-789000000.0,8381000000.0,60165000000.0,1560000000.0,1561600000.0,1561600000.0
Philip Morris International Inc,PM,HL3H1H2BGXWVG3BSWR90,1413329,2014.0,Q3TTM,2013-10-01,2014-09-30,,89000000.0,4.97,4.97,3.82,4.97,3339000000.0,6702000000.0,8045000000.0,8041000000.0,7868000000.0,177000000.0,60602000000.0,80555000000.0,,63000000.0,,,804000000.0,60602000000.0,19953000000.0,1041000000.0,4000000.0,7595000000.0,12358000000.0,-1037000000.0,11317000000.0,80555000000.0,1560000000.0,1561600000.0,1561600000.0
Philip Morris International Inc,PM,HL3H1H2BGXWVG3BSWR90,1413329,2014.0,Q2YTD,2014-01-01,2014-06-30,,44000000.0,2.35,2.35,1.88,2.35,1528000000.0,3263000000.0,3811000000.0,3811000000.0,3726000000.0,85000000.0,29186000000.0,38830000000.0,,36000000.0,,,512000000.0,29186000000.0,9644000000.0,522000000.0,,3819000000.0,5825000000.0,-522000000.0,5303000000.0,38830000000.0,1571000000.0,1582100000.0,1582100000.0
Philip Morris International Inc,PM,HL3H1H2BGXWVG3BSWR90,1413329,2014.0,Q2TTM,2013-07-01,2014-06-30,,89000000.0,5.03,5.03,3.76,5.03,3373000000.0,6626000000.0,8249000000.0,8245000000.0,8053000000.0,196000000.0,59709000000.0,79849000000.0,,19000000.0,,,813000000.0,59709000000.0,20140000000.0,1013000000.0,4000000.0,7528000000.0,12612000000.0,-1009000000.0,11599000000.0,79849000000.0,1571000000.0,1582100000.0,1582100000.0
Philip Morris International Inc,PM,HL3H1H2BGXWVG3BSWR90,1413329,2014.0,Q2,2014-04-01,2014-06-30,2015-07-30 07:21:44+00:00,22000000.0,1.17,1.17,0.94,1.17,752000000.0,1716000000.0,1895000000.0,1895000000.0,1851000000.0,44000000.0,15950000000.0,21051000000.0,,27000000.0,,,489000000.0,15950000000.0,5101000000.0,254000000.0,,2227000000.0,2874000000.0,-254000000.0,2620000000.0,21051000000.0,1571000000.0,1582100000.0,1582100000.0
Philip Morris International Inc,PM,HL3H1H2BGXWVG3BSWR90,1413329,2014.0,Q1TTM,2013-04-01,2014-03-31,,91000000.0,5.16,5.16,3.67,5.16,3513000000.0,6760000000.0,8548000000.0,8544000000.0,8326000000.0,222000000.0,59026000000.0,79281000000.0,,-13000000.0,,,329000000.0,59026000000.0,20255000000.0,1005000000.0,4000000.0,7180000000.0,13075000000.0,-1001000000.0,12070000000.0,79281000000.0,1583000000.0,1589000000.0,1589000000.0
Philip Morris International Inc,PM,HL3H1H2BGXWVG3BSWR90,1413329,2014.0,Q1,2014-01-01,2014-03-31,2015-05-01 06:36:21+00:00,22000000.0,1.18,1.18,0.94,1.18,776000000.0,1547000000.0,1916000000.0,1916000000.0,1875000000.0,41000000.0,13236000000.0,17779000000.0,,9000000.0,,,23000000.0,13236000000.0,4543000000.0,268000000.0,,1592000000.0,2951000000.0,-268000000.0,2683000000.0,17779000000.0,1583000000.0,1589000000.0,1589000000.0
Philip Morris International Inc,PM,HL3H1H2BGXWVG3BSWR90,1413329,2015.0,FY,2015-01-01,2015-12-31,2018-02-13 08:07:16+00:00,82000000.0,4.42,4.42,4.04,4.42,2688000000.0,6656000000.0,7032000000.0,7032000000.0,6873000000.0,159000000.0,56479000000.0,73908000000.0,,105000000.0,,,68000000.0,56479000000.0,17429000000.0,1008000000.0,,6806000000.0,10623000000.0,-1008000000.0,9615000000.0,73908000000.0,1549000000.0,1549000000.0,1549000000.0
Philip Morris International Inc,PM,HL3H1H2BGXWVG3BSWR90,1413329,2015.0,Q4,2015-10-01,2015-12-31,,20000000.0,0.8,0.8,1.02,0.8,412000000.0,2028000000.0,1298000000.0,1321000000.0,1249000000.0,49000000.0,14354000000.0,18371000000.0,-23000000.0,59000000.0,,,68000000.0,14354000000.0,4017000000.0,227000000.0,,2116000000.0,1901000000.0,-227000000.0,1674000000.0,18371000000.0,1549000000.0,1549000000.0,1549000000.0
Philip Morris International Inc,PM,HL3H1H2BGXWVG3BSWR90,1413329,2015.0,Q3,2015-07-01,2015-09-30,2016-10-25 06:11:03+00:00,19000000.0,1.25,1.25,1.02,1.25,748000000.0,1566000000.0,1984000000.0,1984000000.0,1942000000.0,42000000.0,14878000000.0,19422000000.0,,20000000.0,,,,14878000000.0,4544000000.0,247000000.0,,1585000000.0,2959000000.0,-247000000.0,2712000000.0,19422000000.0,1549000000.0,1553600000.0,1553600000.0
Philip Morris International Inc,PM,HL3H1H2BGXWVG3BSWR90,1413329,2015.0,Q3YTD,2015-01-01,2015-09-30,,62000000.0,3.62,3.62,3.02,3.62,2276000000.0,4628000000.0,5734000000.0,5711000000.0,5624000000.0,110000000.0,42125000000.0,55537000000.0,23000000.0,46000000.0,,,,42125000000.0,13412000000.0,781000000.0,,4690000000.0,8722000000.0,-781000000.0,7941000000.0,55537000000.0,1549000000.0,1553600000.0,1553600000.0
Philip Morris International Inc,PM,HL3H1H2BGXWVG3BSWR90,1413329,2015.0,Q3TTM,2014-10-01,2015-09-30,,88000000.0,4.65,4.65,4.02,4.65,2927000000.0,6603000000.0,7383000000.0,7360000000.0,7236000000.0,147000000.0,57501000000.0,75478000000.0,23000000.0,77000000.0,,,32000000.0,57501000000.0,17977000000.0,1044000000.0,,6723000000.0,11254000000.0,-1044000000.0,10210000000.0,75478000000.0,1549000000.0,1553600000.0,1553600000.0
Philip Morris International Inc,PM,HL3H1H2BGXWVG3BSWR90,1413329,2015.0,Q2,2015-04-01,2015-06-30,2016-07-26 06:12:07+00:00,21000000.0,1.21,1.21,1.0,1.21,743000000.0,1568000000.0,1916000000.0,1916000000.0,1887000000.0,29000000.0,14282000000.0,18763000000.0,,26000000.0,,,,14282000000.0,4481000000.0,259000000.0,,1589000000.0,2892000000.0,-259000000.0,2633000000.0,18763000000.0,1549000000.0,1559500000.0,1559500000.0
Philip Morris International Inc,PM,HL3H1H2BGXWVG3BSWR90,1413329,2015.0,Q2YTD,2015-01-01,2015-06-30,,43000000.0,2.37,2.37,2.0,2.37,1528000000.0,3062000000.0,3750000000.0,3727000000.0,3682000000.0,68000000.0,27247000000.0,36115000000.0,23000000.0,26000000.0,,,,27247000000.0,8868000000.0,534000000.0,,3105000000.0,5763000000.0,-534000000.0,5229000000.0,36115000000.0,1549000000.0,1559500000.0,1559500000.0
Philip Morris International Inc,PM,HL3H1H2BGXWVG3BSWR90,1413329,2015.0,Q2TTM,2014-07-01,2015-06-30,,92000000.0,4.78,4.78,4.0,4.78,3097000000.0,6800000000.0,7597000000.0,7574000000.0,7449000000.0,148000000.0,58836000000.0,77391000000.0,23000000.0,95000000.0,,,23000000.0,58836000000.0,18555000000.0,1064000000.0,,6915000000.0,11640000000.0,-1064000000.0,10576000000.0,77391000000.0,1549000000.0,1559500000.0,1559500000.0
Philip Morris International Inc,PM,HL3H1H2BGXWVG3BSWR90,1413329,2015.0,Q1,2015-01-01,2015-03-31,2016-04-26 10:22:31+00:00,22000000.0,1.16,1.16,1.0,1.16,785000000.0,1494000000.0,1834000000.0,1811000000.0,1795000000.0,39000000.0,12965000000.0,17352000000.0,23000000.0,,,,,12965000000.0,4387000000.0,275000000.0,,1516000000.0,2871000000.0,-275000000.0,2596000000.0,17352000000.0,1548000000.0,1547400000.0,1547400000.0
Philip Morris International Inc,PM,HL3H1H2BGXWVG3BSWR90,1413329,2015.0,Q1TTM,2014-04-01,2015-03-31,,93000000.0,4.74,4.74,3.94,4.74,3106000000.0,6948000000.0,7576000000.0,7553000000.0,7413000000.0,163000000.0,60504000000.0,79679000000.0,23000000.0,96000000.0,,,512000000.0,60504000000.0,19175000000.0,1059000000.0,,7553000000.0,11622000000.0,-1059000000.0,10563000000.0,79679000000.0,1548000000.0,1547400000.0,1547400000.0
Philip Morris International Inc,PM,HL3H1H2BGXWVG3BSWR90,1413329,2016.0,FY,2016-01-01,2016-12-31,2019-02-07 15:09:20+00:00,74000000.0,4.48,4.48,4.12,4.48,2768000000.0,6317000000.0,7250000000.0,7156000000.0,6967000000.0,283000000.0,57659000000.0,74953000000.0,94000000.0,,-88000000.0,,,57659000000.0,17294000000.0,891000000.0,,6391000000.0,10903000000.0,-979000000.0,9924000000.0,74953000000.0,1551000000.0,1551000000.0,1551000000.0
Philip Morris International Inc,PM,HL3H1H2BGXWVG3BSWR90,1413329,2016.0,Q4,2016-10-01,2016-12-31,,18000000.0,1.1,1.1,1.04,1.1,658000000.0,1754000000.0,1775000000.0,1681000000.0,1711000000.0,64000000.0,14717000000.0,19189000000.0,94000000.0,-72000000.0,-88000000.0,,,14717000000.0,4472000000.0,201000000.0,,1772000000.0,2700000000.0,-289000000.0,2411000000.0,19189000000.0,1551000000.0,1551000000.0,1551000000.0
Philip Morris International Inc,PM,HL3H1H2BGXWVG3BSWR90,1413329,2016.0,Q3,2016-07-01,2016-09-30,2017-10-26 07:02:28+00:00,19000000.0,1.25,1.25,1.04,1.25,764000000.0,1554000000.0,2028000000.0,2028000000.0,1938000000.0,90000000.0,15385000000.0,19935000000.0,,35000000.0,,,,15385000000.0,4550000000.0,220000000.0,,1573000000.0,2977000000.0,-220000000.0,2757000000.0,19935000000.0,1551000000.0,1551000000.0,1551000000.0
Philip Morris International Inc,PM,HL3H1H2BGXWVG3BSWR90,1413329,2016.0,Q3YTD,2016-01-01,2016-09-30,,56000000.0,3.38,3.38,3.08,3.38,2110000000.0,4563000000.0,5475000000.0,5475000000.0,5256000000.0,219000000.0,42942000000.0,55764000000.0,,72000000.0,,,,42942000000.0,12822000000.0,690000000.0,,4619000000.0,8203000000.0,-690000000.0,7513000000.0,55764000000.0,1551000000.0,1551000000.0,1551000000.0
Philip Morris International Inc,PM,HL3H1H2BGXWVG3BSWR90,1413329,2016.0,Q3TTM,2015-10-01,2016-09-30,,76000000.0,4.18,4.18,4.1,4.18,2522000000.0,6591000000.0,6773000000.0,6796000000.0,6505000000.0,268000000.0,57296000000.0,74135000000.0,-23000000.0,131000000.0,,,68000000.0,57296000000.0,16839000000.0,917000000.0,,6735000000.0,10104000000.0,-917000000.0,9187000000.0,74135000000.0,1551000000.0,1551000000.0,1551000000.0
Philip Morris International Inc,PM,HL3H1H2BGXWVG3BSWR90,1413329,2016.0,Q2,2016-04-01,2016-06-30,2017-07-27 08:01:46+00:00,19000000.0,1.15,1.15,1.02,1.15,716000000.0,1513000000.0,1842000000.0,1842000000.0,1788000000.0,54000000.0,14756000000.0,19041000000.0,,28000000.0,,,,14756000000.0,4285000000.0,223000000.0,,1532000000.0,2753000000.0,-223000000.0,2530000000.0,19041000000.0,1551000000.0,1551000000.0,1551000000.0
Philip Morris International Inc,PM,HL3H1H2BGXWVG3BSWR90,1413329,2016.0,Q2YTD,2016-01-01,2016-06-30,,37000000.0,2.13,2.13,2.04,2.13,1346000000.0,3009000000.0,3447000000.0,3447000000.0,3318000000.0,129000000.0,27557000000.0,35829000000.0,,37000000.0,,,,27557000000.0,8272000000.0,470000000.0,,3046000000.0,5226000000.0,-470000000.0,4756000000.0,35829000000.0,1551000000.0,1551000000.0,1551000000.0
Philip Morris International Inc,PM,HL3H1H2BGXWVG3BSWR90,1413329,2016.0,Q2TTM,2015-07-01,2016-06-30,,76000000.0,4.18,4.18,4.08,4.18,2506000000.0,6603000000.0,6729000000.0,6752000000.0,6509000000.0,220000000.0,56789000000.0,73622000000.0,-23000000.0,116000000.0,,,68000000.0,56789000000.0,16833000000.0,944000000.0,,6747000000.0,10086000000.0,-944000000.0,9142000000.0,73622000000.0,1551000000.0,1551000000.0,1551000000.0
Philip Morris International Inc,PM,HL3H1H2BGXWVG3BSWR90,1413329,2016.0,Q1,2016-01-01,2016-03-31,2017-04-27 10:32:07+00:00,18000000.0,0.98,0.98,1.02,0.98,630000000.0,1496000000.0,1605000000.0,1605000000.0,1530000000.0,75000000.0,12801000000.0,16788000000.0,,9000000.0,,,,12801000000.0,3987000000.0,247000000.0,,1514000000.0,2473000000.0,-247000000.0,2226000000.0,16788000000.0,1550000000.0,1550000000.0,1550000000.0
Philip Morris International Inc,PM,HL3H1H2BGXWVG3BSWR90,1413329,2016.0,Q1TTM,2015-04-01,2016-03-31,,78000000.0,4.24,4.24,4.06,4.24,2533000000.0,6658000000.0,6803000000.0,6826000000.0,6608000000.0,195000000.0,56315000000.0,73344000000.0,-23000000.0,114000000.0,,,68000000.0,56315000000.0,17029000000.0,980000000.0,,6804000000.0,10225000000.0,-980000000.0,9245000000.0,73344000000.0,1550000000.0,1550000000.0,1550000000.0
Philip Morris International Inc,PM,HL3H1H2BGXWVG3BSWR90,1413329,2017.0,FY,2017-01-01,2017-12-31,2020-02-07 06:47:13+00:00,88000000.0,3.88,3.88,4.22,3.88,4307000000.0,6647000000.0,6341000000.0,6282000000.0,6035000000.0,306000000.0,59782000000.0,78098000000.0,59000000.0,,-78000000.0,,,59782000000.0,18316000000.0,914000000.0,,6735000000.0,11581000000.0,-992000000.0,10589000000.0,78098000000.0,1555400000.0,1555400000.0,1555400000.0
Philip Morris International Inc,PM,HL3H1H2BGXWVG3BSWR90,1413329,2017.0,Q4,2017-10-01,2017-12-31,,23000000.0,0.45,0.45,-3.15,0.45,2265000000.0,1930000000.0,796000000.0,794000000.0,694000000.0,102000000.0,16292000000.0,21585000000.0,2000000.0,,-22000000.0,,,16292000000.0,5293000000.0,259000000.0,,1953000000.0,3340000000.0,-281000000.0,3059000000.0,21585000000.0,1555400000.0,1555400000.0,1555400000.0
Philip Morris International Inc,PM,HL3H1H2BGXWVG3BSWR90,1413329,2017.0,Q3,2017-07-01,2017-09-30,2018-10-25 07:12:24+00:00,21000000.0,1.27,1.27,1.07,1.27,812000000.0,1629000000.0,2045000000.0,2033000000.0,1970000000.0,75000000.0,15900000000.0,20638000000.0,12000000.0,,-20000000.0,,,15900000000.0,4738000000.0,223000000.0,,1650000000.0,3088000000.0,-243000000.0,2845000000.0,20638000000.0,1553000000.0,1553000000.0,1553000000.0
Philip Morris International Inc,PM,HL3H1H2BGXWVG3BSWR90,1413329,2017.0,Q3YTD,2017-01-01,2017-09-30,,65000000.0,3.43,3.43,3.15,3.43,2042000000.0,4717000000.0,5545000000.0,5488000000.0,5341000000.0,204000000.0,43490000000.0,56513000000.0,57000000.0,,-56000000.0,,,43490000000.0,13023000000.0,655000000.0,,4782000000.0,8241000000.0,-711000000.0,7530000000.0,56513000000.0,1553000000.0,1553000000.0,1553000000.0
Philip Morris International Inc,PM,HL3H1H2BGXWVG3BSWR90,1413329,2017.0,Q3TTM,2016-10-01,2017-09-30,,83000000.0,4.53,4.53,4.19,4.53,2700000000.0,6471000000.0,7320000000.0,7169000000.0,7052000000.0,268000000.0,58207000000.0,75702000000.0,151000000.0,-72000000.0,-144000000.0,,,58207000000.0,17495000000.0,856000000.0,,6554000000.0,10941000000.0,-1000000000.0,9941000000.0,75702000000.0,1553000000.0,1553000000.0,1553000000.0
Philip Morris International Inc,PM,HL3H1H2BGXWVG3BSWR90,1413329,2017.0,Q2,2017-04-01,2017-06-30,2018-07-26 07:37:19+00:00,22000000.0,1.14,1.14,1.04,1.14,689000000.0,1639000000.0,1842000000.0,1819000000.0,1781000000.0,61000000.0,14921000000.0,19319000000.0,23000000.0,,-16000000.0,,,14921000000.0,4398000000.0,213000000.0,,1661000000.0,2737000000.0,-229000000.0,2508000000.0,19319000000.0,1553000000.0,1553000000.0,1553000000.0
Philip Morris International Inc,PM,HL3H1H2BGXWVG3BSWR90,1413329,2017.0,Q2YTD,2017-01-01,2017-06-30,,44000000.0,2.16,2.16,2.08,2.16,1230000000.0,3088000000.0,3500000000.0,3455000000.0,3371000000.0,129000000.0,27590000000.0,35875000000.0,45000000.0,,-36000000.0,,,27590000000.0,8285000000.0,432000000.0,,3132000000.0,5153000000.0,-468000000.0,4685000000.0,35875000000.0,1553000000.0,1553000000.0,1553000000.0
Philip Morris International Inc,PM,HL3H1H2BGXWVG3BSWR90,1413329,2017.0,Q2TTM,2016-07-01,2017-06-30,,81000000.0,4.51,4.51,4.16,4.51,2652000000.0,6396000000.0,7303000000.0,7164000000.0,7020000000.0,283000000.0,57692000000.0,74999000000.0,139000000.0,-37000000.0,-124000000.0,,,57692000000.0,17307000000.0,853000000.0,,6477000000.0,10830000000.0,-977000000.0,9853000000.0,74999000000.0,1553000000.0,1553000000.0,1553000000.0
Philip Morris International Inc,PM,HL3H1H2BGXWVG3BSWR90,1413329,2017.0,Q1,2017-01-01,2017-03-31,2018-04-26 07:58:37+00:00,22000000.0,1.02,1.02,1.04,1.02,541000000.0,1449000000.0,1658000000.0,1636000000.0,1590000000.0,68000000.0,12669000000.0,16556000000.0,22000000.0,,-20000000.0,,,12669000000.0,3887000000.0,219000000.0,,1471000000.0,2416000000.0,-239000000.0,2177000000.0,16556000000.0,1552000000.0,1552000000.0,1552000000.0
Philip Morris International Inc,PM,HL3H1H2BGXWVG3BSWR90,1413329,2017.0,Q1TTM,2016-04-01,2017-03-31,,78000000.0,4.52,4.52,4.14,4.52,2679000000.0,6270000000.0,7303000000.0,7187000000.0,7027000000.0,276000000.0,57527000000.0,74721000000.0,116000000.0,-9000000.0,-108000000.0,,,57527000000.0,17194000000.0,863000000.0,,6348000000.0,10846000000.0,-971000000.0,9875000000.0,74721000000.0,1552000000.0,1552000000.0,1552000000.0
Philip Morris International Inc,PM,HL3H1H2BGXWVG3BSWR90,1413329,2018.0,FY,2018-01-01,2018-12-31,2020-02-07 06:47:13+00:00,82000000.0,5.08,5.08,4.49,5.08,2445000000.0,7408000000.0,8286000000.0,8226000000.0,7911000000.0,375000000.0,60956000000.0,79823000000.0,60000000.0,,-41000000.0,,,60956000000.0,18867000000.0,665000000.0,,7490000000.0,11377000000.0,-706000000.0,10671000000.0,79823000000.0,1557300000.0,1557300000.0,1557300000.0
Philip Morris International Inc,PM,HL3H1H2BGXWVG3BSWR90,1413329,2018.0,Q4,2018-10-01,2018-12-31,,19000000.0,1.23,1.23,-2.21,1.23,551000000.0,1997000000.0,2003000000.0,2004000000.0,1910000000.0,93000000.0,15140000000.0,19858000000.0,-1000000.0,,-22000000.0,,,15140000000.0,4718000000.0,125000000.0,,2016000000.0,2702000000.0,-147000000.0,2555000000.0,19858000000.0,1557300000.0,1557300000.0,1557300000.0
Philip Morris International Inc,PM,HL3H1H2BGXWVG3BSWR90,1413329,2018.0,Q3,2018-07-01,2018-09-30,2019-10-24 07:05:38+00:00,20000000.0,1.44,1.44,,1.44,691000000.0,1710000000.0,2341000000.0,2313000000.0,2247000000.0,94000000.0,15553000000.0,20439000000.0,28000000.0,,-7000000.0,,,15553000000.0,4886000000.0,145000000.0,,1730000000.0,3156000000.0,-152000000.0,3004000000.0,20439000000.0,1560400000.0,1560400000.0,1560400000.0
Philip Morris International Inc,PM,HL3H1H2BGXWVG3BSWR90,1413329,2018.0,Q3YTD,2018-01-01,2018-09-30,,63000000.0,3.85,3.85,2.21,3.85,1894000000.0,5411000000.0,6283000000.0,6222000000.0,6001000000.0,282000000.0,45816000000.0,59965000000.0,61000000.0,,-19000000.0,,,45816000000.0,14149000000.0,540000000.0,,5474000000.0,8675000000.0,-559000000.0,8116000000.0,59965000000.0,1560400000.0,1560400000.0,1560400000.0
Philip Morris International Inc,PM,HL3H1H2BGXWVG3BSWR90,1413329,2018.0,Q3TTM,2017-10-01,2018-09-30,,86000000.0,4.3,4.3,-0.94,4.3,4159000000.0,7341000000.0,7079000000.0,7016000000.0,6695000000.0,384000000.0,62108000000.0,81550000000.0,63000000.0,,-41000000.0,,,62108000000.0,19442000000.0,799000000.0,,7427000000.0,12015000000.0,-840000000.0,11175000000.0,81550000000.0,1560400000.0,1560400000.0,1560400000.0
Philip Morris International Inc,PM,HL3H1H2BGXWVG3BSWR90,1413329,2018.0,Q2,2018-04-01,2018-06-30,2019-07-25 06:40:07+00:00,21000000.0,1.41,1.41,1.14,1.41,644000000.0,1868000000.0,2295000000.0,2275000000.0,2198000000.0,97000000.0,16118000000.0,21100000000.0,20000000.0,,-6000000.0,,,16118000000.0,4982000000.0,168000000.0,,1889000000.0,3093000000.0,-174000000.0,2919000000.0,21100000000.0,1555000000.0,1555000000.0,1555000000.0
Philip Morris International Inc,PM,HL3H1H2BGXWVG3BSWR90,1413329,2018.0,Q2YTD,2018-01-01,2018-06-30,,43000000.0,2.41,2.41,2.21,2.41,1203000000.0,3701000000.0,3942000000.0,3909000000.0,3754000000.0,188000000.0,30263000000.0,39526000000.0,33000000.0,,-12000000.0,,,30263000000.0,9263000000.0,395000000.0,,3744000000.0,5519000000.0,-407000000.0,5112000000.0,39526000000.0,1555000000.0,1555000000.0,1555000000.0
Philip Morris International Inc,PM,HL3H1H2BGXWVG3BSWR90,1413329,2018.0,Q2TTM,2017-07-01,2018-06-30,,87000000.0,4.13,4.13,0.13,4.13,4280000000.0,7260000000.0,6783000000.0,6736000000.0,6418000000.0,365000000.0,62455000000.0,81749000000.0,47000000.0,,-54000000.0,,,62455000000.0,19294000000.0,877000000.0,,7347000000.0,11947000000.0,-931000000.0,11016000000.0,81749000000.0,1555000000.0,1555000000.0,1555000000.0
Philip Morris International Inc,PM,HL3H1H2BGXWVG3BSWR90,1413329,2018.0,Q1,2018-01-01,2018-03-31,2019-04-25 07:17:40+00:00,22000000.0,1.0,1.0,1.07,1.0,559000000.0,1833000000.0,1647000000.0,1634000000.0,1556000000.0,91000000.0,14145000000.0,18426000000.0,13000000.0,,-6000000.0,,,14145000000.0,4281000000.0,227000000.0,,1855000000.0,2426000000.0,-233000000.0,2193000000.0,18426000000.0,1553000000.0,1553000000.0,1553000000.0
Philip Morris International Inc,PM,HL3H1H2BGXWVG3BSWR90,1413329,2018.0,Q1TTM,2017-04-01,2018-03-31,,88000000.0,3.86,3.86,0.03,3.86,4325000000.0,7031000000.0,6330000000.0,6280000000.0,6001000000.0,329000000.0,61258000000.0,79968000000.0,50000000.0,,-64000000.0,,,61258000000.0,18710000000.0,922000000.0,,7119000000.0,11591000000.0,-986000000.0,10605000000.0,79968000000.0,1553000000.0,1553000000.0,1553000000.0
Philip Morris International Inc,PM,HL3H1H2BGXWVG3BSWR90,1413329,2019.0,Q4,2019-10-01,2019-12-31,,16000000.0,1.03,1.03,-1.14,1.03,623000000.0,2413000000.0,1782000000.0,1719000000.0,1616000000.0,166000000.0,14914000000.0,19849000000.0,63000000.0,,-28000000.0,,,14914000000.0,4935000000.0,136000000.0,,2429000000.0,2506000000.0,-164000000.0,2342000000.0,19849000000.0,1558600000.0,1558600000.0,1558600000.0
Philip Morris International Inc,PM,HL3H1H2BGXWVG3BSWR90,1413329,2019.0,FY,2019-01-01,2019-12-31,2020-02-07 06:47:13+00:00,66000000.0,4.61,4.61,4.62,4.61,2293000000.0,8695000000.0,7728000000.0,7579000000.0,7185000000.0,543000000.0,58629000000.0,77921000000.0,149000000.0,,-89000000.0,,,58629000000.0,19292000000.0,570000000.0,,8761000000.0,10531000000.0,-659000000.0,9872000000.0,77921000000.0,1558600000.0,1558600000.0,1558600000.0
Philip Morris International Inc,PM,HL3H1H2BGXWVG3BSWR90,1413329,2019.0,Q3YTD,2019-01-01,2019-09-30,,50000000.0,3.58,3.58,1.14,3.58,1670000000.0,6282000000.0,5946000000.0,5860000000.0,5569000000.0,377000000.0,43715000000.0,58072000000.0,86000000.0,,-61000000.0,,,43715000000.0,14357000000.0,434000000.0,,6332000000.0,8025000000.0,-495000000.0,7530000000.0,58072000000.0,1554100000.0,1554100000.0,1554100000.0
Philip Morris International Inc,PM,HL3H1H2BGXWVG3BSWR90,1413329,2019.0,Q3TTM,2018-10-01,2019-09-30,,69000000.0,4.81,4.81,-1.07,4.81,2221000000.0,8279000000.0,7949000000.0,7864000000.0,7479000000.0,470000000.0,58855000000.0,77930000000.0,85000000.0,,-83000000.0,,,58855000000.0,19075000000.0,559000000.0,,8348000000.0,10727000000.0,-642000000.0,10085000000.0,77930000000.0,1554100000.0,1554100000.0,1554100000.0
Philip Morris International Inc,PM,HL3H1H2BGXWVG3BSWR90,1413329,2019.0,Q3,2019-07-01,2019-09-30,2019-10-24 07:05:38+00:00,15000000.0,1.22,1.22,,1.22,635000000.0,2234000000.0,2046000000.0,2001000000.0,1896000000.0,150000000.0,15343000000.0,20380000000.0,45000000.0,,-20000000.0,,,15343000000.0,5037000000.0,132000000.0,,2249000000.0,2788000000.0,-152000000.0,2636000000.0,20380000000.0,1554100000.0,1554100000.0,1554100000.0
Philip Morris International Inc,PM,HL3H1H2BGXWVG3BSWR90,1413329,2019.0,Q2YTD,2019-01-01,2019-06-30,,35000000.0,2.36,2.36,1.14,2.36,1035000000.0,4048000000.0,3900000000.0,3859000000.0,3673000000.0,227000000.0,28372000000.0,37692000000.0,41000000.0,,-41000000.0,,,28372000000.0,9320000000.0,302000000.0,,4083000000.0,5237000000.0,-343000000.0,4894000000.0,37692000000.0,1556000000.0,1556000000.0,1556000000.0
Philip Morris International Inc,PM,HL3H1H2BGXWVG3BSWR90,1413329,2019.0,Q2TTM,2018-07-01,2019-06-30,,74000000.0,5.03,5.03,-1.07,5.03,2277000000.0,7755000000.0,8244000000.0,8176000000.0,7830000000.0,414000000.0,59065000000.0,77989000000.0,68000000.0,,-70000000.0,,,59065000000.0,18924000000.0,572000000.0,,7829000000.0,11095000000.0,-642000000.0,10453000000.0,77989000000.0,1556000000.0,1556000000.0,1556000000.0
Philip Morris International Inc,PM,HL3H1H2BGXWVG3BSWR90,1413329,2019.0,Q2,2019-04-01,2019-06-30,2019-07-25 06:40:07+00:00,16000000.0,1.49,1.49,1.14,1.49,611000000.0,1831000000.0,2436000000.0,2406000000.0,2319000000.0,117000000.0,14953000000.0,19987000000.0,30000000.0,,-20000000.0,,,14953000000.0,5034000000.0,150000000.0,,1847000000.0,3187000000.0,-170000000.0,3017000000.0,19987000000.0,1556000000.0,1556000000.0,1556000000.0
Philip Morris International Inc,PM,HL3H1H2BGXWVG3BSWR90,1413329,2019.0,Q1,2019-01-01,2019-03-31,2020-04-28 09:11:51+00:00,19000000.0,0.87,0.87,1.14,0.87,424000000.0,2217000000.0,1464000000.0,1453000000.0,1354000000.0,110000000.0,13419000000.0,17705000000.0,11000000.0,,-21000000.0,,,13419000000.0,4286000000.0,152000000.0,,2236000000.0,2050000000.0,-173000000.0,1877000000.0,17705000000.0,1556300000.0,1556300000.0,1556300000.0
Philip Morris International Inc,PM,HL3H1H2BGXWVG3BSWR90,1413329,2019.0,Q1TTM,2018-04-01,2019-03-31,,79000000.0,4.95,4.95,-1.07,4.95,2310000000.0,7792000000.0,8103000000.0,8045000000.0,7709000000.0,394000000.0,60230000000.0,79102000000.0,58000000.0,,-56000000.0,,,60230000000.0,18872000000.0,590000000.0,,7871000000.0,11001000000.0,-646000000.0,10355000000.0,79102000000.0,1556300000.0,1556300000.0,1556300000.0
Philip Morris International Inc,PM,HL3H1H2BGXWVG3BSWR90,1413329,2020.0,Q1TTM,2019-04-01,2020-03-31,,65000000.0,4.91,4.91,,4.91,2465000000.0,8422000000.0,8251000000.0,8167000000.0,7657000000.0,594000000.0,58712000000.0,78469000000.0,84000000.0,,-91000000.0,,,58712000000.0,19757000000.0,547000000.0,,8487000000.0,11270000000.0,-638000000.0,10632000000.0,78469000000.0,1560700000.0,1560700000.0,1560700000.0
Philip Morris International Inc,PM,HL3H1H2BGXWVG3BSWR90,1413329,2020.0,Q1,2020-01-01,2020-03-31,2020-04-28 09:11:51+00:00,18000000.0,1.17,1.17,1.17,1.17,596000000.0,1944000000.0,1987000000.0,2041000000.0,1826000000.0,161000000.0,13502000000.0,18253000000.0,-54000000.0,,-23000000.0,,,13502000000.0,4751000000.0,129000000.0,,1962000000.0,2789000000.0,-152000000.0,2637000000.0,18253000000.0,1560700000.0,1560700000.0,1560700000.0
