company_name,company_ticker,company_lei,company_cik,year,quarter,start_date,end_date,filing_date,basicdilutedeps,basiceps,cashdividendspershare,dilutedeps,incometaxexpense,netincome,netincomecontinuing,netincometocommon,netincometononcontrollinginterest,operatingcostofrevenue,operatingrevenue,otheradjustmentstoconsolidatednetincome,otheradjustmentstonetincometocommon,otherincome,otheroperatingexpenses,otherspecialcharges,restructuringcharge,sgaexpense,totalcostofrevenue,totalgrossprofit,totalinterestexpense,totalinterestincome,totaloperatingexpenses,totaloperatingincome,totalotherincome,totalpretaxincome,totalrevenue,weightedavebasicdilutedsharesos,weightedavebasicsharesos,weightedavedilutedsharesos
Lennar Corp,LEN,,920760,2008.0,FY,2007-12-01,2008-11-30,2011-01-31 16:43:34+00:00,-7.01,-7.01,,-7.01,547557000.0,-1113182000.0,-1113182000.0,-1109085000.0,-4097000.0,4885250000.0,4575417000.0,,,-172387000.0,,-133097000.0,,129752000.0,4885250000.0,-309833000.0,27594000.0,-59156000.0,-3345000.0,-306488000.0,-259137000.0,-565625000.0,4575417000.0,158200000.0,158200000.0,158200000.0
Lennar Corp,LEN,,920760,2009.0,FY,2008-12-01,2009-11-30,2012-01-30 17:12:21+00:00,-2.45,-2.45,,-2.45,-314345000.0,-446059000.0,-446059000.0,-417147000.0,-28912000.0,3462034000.0,3119387000.0,,,-98425000.0,,,,117565000.0,3462034000.0,-342647000.0,70850000.0,-130917000.0,117565000.0,-460212000.0,-300192000.0,-760404000.0,3119387000.0,170300000.0,170300000.0,170300000.0
Lennar Corp,LEN,,920760,2009.0,Q3,2009-06-01,2009-08-31,2010-10-08 17:04:09+00:00,-0.97,-0.97,0.04,-0.97,2740000.0,-174384000.0,-174384000.0,-171605000.0,-2779000.0,770817000.0,720730000.0,,,-29269000.0,,,,27557000.0,770817000.0,-50087000.0,22428000.0,-42303000.0,27557000.0,-77644000.0,-94000000.0,-171644000.0,720730000.0,176900000.0,176900000.0,176900000.0
Lennar Corp,LEN,,920760,2010.0,FY,2009-12-01,2010-11-30,2013-07-31 17:59:43+00:00,0.51,0.51,,0.51,-25734000.0,120459000.0,120459000.0,95261000.0,25198000.0,2855729000.0,3074022000.0,,,36386000.0,,,,93926000.0,2855729000.0,218293000.0,70425000.0,4397000.0,93926000.0,124367000.0,-29642000.0,94725000.0,3074022000.0,186800000.0,186800000.0,186800000.0
Lennar Corp,LEN,,920760,2010.0,Q3,2010-06-01,2010-08-31,2011-10-11 16:40:23+00:00,0.16,0.16,0.04,0.16,605000.0,38830000.0,702492000.0,30035000.0,8795000.0,88169000.0,824975000.0,-663662000.0,,324000.0,,,,23994000.0,88169000.0,736806000.0,17668000.0,7629000.0,23994000.0,712812000.0,-9715000.0,703097000.0,824975000.0,187700000.0,187700000.0,187700000.0
Lennar Corp,LEN,,920760,2010.0,Q2,2010-03-01,2010-05-31,2011-07-11 16:48:58+00:00,0.21,0.21,0.04,0.21,-11030000.0,46584000.0,703273000.0,39719000.0,6865000.0,80397000.0,814481000.0,-656689000.0,,-253000.0,,,,22234000.0,80397000.0,734084000.0,17516000.0,-1838000.0,22234000.0,711850000.0,-19607000.0,692243000.0,814481000.0,189100000.0,189100000.0,189100000.0
Lennar Corp,LEN,,920760,2011.0,FY,2010-12-01,2011-11-30,2014-01-27 18:55:30+00:00,0.49,0.49,,0.48,-14570000.0,112544000.0,112544000.0,92199000.0,20345000.0,2896656000.0,3095385000.0,,,155781000.0,,,,95256000.0,2896656000.0,198729000.0,90650000.0,-70630000.0,95256000.0,103473000.0,-5499000.0,97974000.0,3095385000.0,188200000.0,188200000.0,192100000.0
Lennar Corp,LEN,,920760,2011.0,Q4,2011-09-01,2011-11-30,,0.16,0.16,-0.12,0.16,-13697000.0,25471000.0,-1715912000.0,30278000.0,-4807000.0,2630629000.0,952654000.0,1741383000.0,,71095000.0,,,,28530000.0,2630629000.0,-1677975000.0,21996000.0,-72203000.0,28530000.0,-1706505000.0,-23104000.0,-1729609000.0,952654000.0,188200000.0,188200000.0,192100000.0
Lennar Corp,LEN,,920760,2011.0,Q3,2011-06-01,2011-08-31,2012-10-10 16:20:45+00:00,0.11,0.11,0.04,0.11,579000.0,23500000.0,686409000.0,20730000.0,2770000.0,91948000.0,820193000.0,-662909000.0,,16683000.0,,,,22776000.0,91948000.0,728245000.0,24107000.0,-11057000.0,22776000.0,705469000.0,-18481000.0,686988000.0,820193000.0,188500000.0,188500000.0,188500000.0
Lennar Corp,LEN,,920760,2011.0,Q3YTD,2010-12-01,2011-08-31,,0.33,0.33,0.12,0.32,-873000.0,87073000.0,1828456000.0,61921000.0,25152000.0,266027000.0,2142731000.0,-1741383000.0,,84686000.0,,,,66726000.0,266027000.0,1876704000.0,68654000.0,1573000.0,66726000.0,1809978000.0,17605000.0,1827583000.0,2142731000.0,188500000.0,188500000.0,188500000.0
Lennar Corp,LEN,,920760,2011.0,Q2,2011-03-01,2011-05-31,2012-07-10 16:22:58+00:00,0.07,0.07,0.04,0.07,953000.0,24847000.0,655558000.0,13785000.0,11062000.0,89200000.0,764493000.0,-630711000.0,,24840000.0,,,,20598000.0,89200000.0,675293000.0,22468000.0,-556000.0,20598000.0,654695000.0,1816000.0,656511000.0,764493000.0,196900000.0,196900000.0,196900000.0
Lennar Corp,LEN,,920760,2011.0,Q2YTD,2010-12-01,2011-05-31,,0.22,0.22,0.08,0.21,-1452000.0,63573000.0,1142047000.0,41191000.0,22382000.0,174079000.0,1322538000.0,-1078474000.0,,68003000.0,,,,43950000.0,174079000.0,1148459000.0,44547000.0,12630000.0,43950000.0,1104509000.0,36086000.0,1140595000.0,1322538000.0,196900000.0,196900000.0,196900000.0
Lennar Corp,LEN,,920760,2011.0,Q1,2010-12-01,2011-02-28,2012-04-09 17:01:16+00:00,0.15,0.15,0.04,0.14,-2405000.0,38726000.0,486489000.0,27406000.0,11320000.0,84879000.0,558045000.0,-447763000.0,,43163000.0,,,,23352000.0,84879000.0,473166000.0,22079000.0,13186000.0,23352000.0,449814000.0,34270000.0,484084000.0,558045000.0,182700000.0,182700000.0,195800000.0
Lennar Corp,LEN,,920760,2012.0,Q4,2012-09-01,2012-11-30,,0.65,0.65,-0.12,0.57,-18597000.0,123520000.0,-1458754000.0,124344000.0,-824000.0,-3093219000.0,625507000.0,1582274000.0,,-5125511000.0,,,,39042000.0,-3093219000.0,3718726000.0,23042000.0,-8482000.0,39042000.0,3679684000.0,-5157035000.0,-1477351000.0,625507000.0,189700000.0,189700000.0,218400000.0
Lennar Corp,LEN,,920760,2012.0,Q3,2012-06-01,2012-08-31,2013-10-10 16:40:54+00:00,0.46,0.46,0.04,0.4,-12776000.0,71411000.0,921843000.0,87109000.0,-15698000.0,127837000.0,1099758000.0,-850432000.0,,-15469000.0,,,,32286000.0,127837000.0,971921000.0,22659000.0,7560000.0,32286000.0,939635000.0,-30568000.0,909067000.0,1099758000.0,189400000.0,189400000.0,217800000.0
Lennar Corp,LEN,,920760,2012.0,Q3YTD,2011-12-01,2012-08-31,,2.93,2.93,0.12,2.54,-416621000.0,533812000.0,2116086000.0,554780000.0,-20968000.0,321985000.0,3479625000.0,-1582274000.0,,-1321857000.0,,,,88296000.0,321985000.0,3157640000.0,71311000.0,23289000.0,88296000.0,3069344000.0,-1369879000.0,1699465000.0,3479625000.0,189400000.0,189400000.0,217800000.0
Lennar Corp,LEN,,920760,2012.0,Q3TTM,2011-09-01,2012-08-31,,3.09,3.09,,2.7,-430318000.0,559283000.0,400174000.0,585058000.0,-25775000.0,2952614000.0,4432279000.0,159109000.0,,-1250762000.0,,,,116826000.0,2952614000.0,1479665000.0,93307000.0,-48914000.0,116826000.0,1362839000.0,-1392983000.0,-30144000.0,4432279000.0,189400000.0,189400000.0,217800000.0
Lennar Corp,LEN,,920760,2012.0,Q2,2012-03-01,2012-05-31,2013-07-10 16:47:00+00:00,2.39,2.39,0.04,2.06,-402321000.0,454424000.0,1186266000.0,452703000.0,1721000.0,100813000.0,930155000.0,-731842000.0,,11386000.0,,,,29168000.0,100813000.0,829342000.0,23803000.0,-3812000.0,29168000.0,800174000.0,-16229000.0,783945000.0,930155000.0,189400000.0,189400000.0,219800000.0
Lennar Corp,LEN,,920760,2012.0,Q2YTD,2011-12-01,2012-05-31,,2.47,2.47,0.08,2.14,-403845000.0,462401000.0,1194243000.0,467671000.0,-5270000.0,194148000.0,2379867000.0,-731842000.0,,-1306388000.0,,,,56010000.0,194148000.0,2185719000.0,48652000.0,15729000.0,56010000.0,2129709000.0,-1339311000.0,790398000.0,2379867000.0,189400000.0,189400000.0,219800000.0
Lennar Corp,LEN,,920760,2012.0,Q2TTM,2011-06-01,2012-05-31,,2.74,2.74,,2.41,-416963000.0,511372000.0,164740000.0,518679000.0,-7307000.0,2916725000.0,4152714000.0,346632000.0,,-1218610000.0,,,,107316000.0,2916725000.0,1235989000.0,94755000.0,-67531000.0,107316000.0,1128673000.0,-1380896000.0,-252223000.0,4152714000.0,189400000.0,189400000.0,219800000.0
Lennar Corp,LEN,,920760,2012.0,Q1TTM,2011-03-01,2012-02-29,,0.42,0.42,,0.42,-13689000.0,81795000.0,-365968000.0,79761000.0,2034000.0,2905112000.0,3987052000.0,447763000.0,,-1205156000.0,,,,98746000.0,2905112000.0,1081940000.0,93420000.0,-64275000.0,98746000.0,983194000.0,-1362851000.0,-379657000.0,3987052000.0,187100000.0,187100000.0,187100000.0
Lennar Corp,LEN,,920760,2013.0,FY,2012-12-01,2013-11-30,2016-01-22 16:02:41+00:00,2.48,2.48,,2.15,177015000.0,504926000.0,504926000.0,479674000.0,25252000.0,492628000.0,5935095000.0,,,44133000.0,4610571000.0,,,146060000.0,492628000.0,5442467000.0,93913000.0,45885000.0,4756631000.0,685836000.0,-3895000.0,681941000.0,5935095000.0,193400000.0,193400000.0,223100000.0
Lennar Corp,LEN,,920760,2013.0,Q4,2013-09-01,2013-11-30,,0.85,0.85,-0.12,0.74,93956000.0,183016000.0,183016000.0,164084000.0,18932000.0,-639137000.0,1915501000.0,,,23833000.0,2244707000.0,,,43318000.0,-639137000.0,2554638000.0,20543000.0,7069000.0,2288025000.0,266613000.0,10359000.0,276972000.0,1915501000.0,193400000.0,193400000.0,223100000.0
Lennar Corp,LEN,,920760,2013.0,Q3,2013-06-01,2013-08-31,2014-10-03 16:33:16+00:00,0.62,0.62,0.04,0.54,67205000.0,122154000.0,122154000.0,120662000.0,1492000.0,123313000.0,1602767000.0,,,5986000.0,1251776000.0,,,37619000.0,123313000.0,1479454000.0,22230000.0,15544000.0,1289395000.0,190059000.0,-700000.0,189359000.0,1602767000.0,194600000.0,194600000.0,223400000.0
Lennar Corp,LEN,,920760,2013.0,Q3YTD,2012-12-01,2013-08-31,,1.63,1.63,0.12,1.41,83059000.0,321910000.0,321910000.0,315590000.0,6320000.0,1131765000.0,4019594000.0,,,20300000.0,2365864000.0,,,102742000.0,1131765000.0,2887829000.0,73370000.0,38816000.0,2468606000.0,419223000.0,-14254000.0,404969000.0,4019594000.0,194600000.0,194600000.0,223400000.0
Lennar Corp,LEN,,920760,2013.0,Q3TTM,2012-09-01,2013-08-31,,2.28,2.28,,1.98,64462000.0,445430000.0,-1136844000.0,439934000.0,5496000.0,-1961454000.0,4645101000.0,1582274000.0,,-5105211000.0,2365864000.0,,,141784000.0,-1961454000.0,6606555000.0,96412000.0,30334000.0,2507648000.0,4098907000.0,-5171289000.0,-1072382000.0,4645101000.0,194600000.0,194600000.0,223400000.0
Lennar Corp,LEN,,920760,2013.0,Q2,2013-03-01,2013-05-31,2014-07-03 15:40:40+00:00,0.71,0.71,0.04,0.61,19491000.0,142798000.0,142798000.0,137436000.0,5362000.0,118229000.0,1426881000.0,,,8721000.0,1114088000.0,,,33853000.0,118229000.0,1308652000.0,25109000.0,17966000.0,1147941000.0,160711000.0,1578000.0,162289000.0,1426881000.0,193600000.0,193600000.0,225300000.0
Lennar Corp,LEN,,920760,2013.0,Q2YTD,2012-12-01,2013-05-31,,1.01,1.01,0.08,0.87,15854000.0,199756000.0,199756000.0,194928000.0,4828000.0,1008452000.0,2416827000.0,,,14314000.0,1114088000.0,,,65123000.0,1008452000.0,1408375000.0,51140000.0,23272000.0,1179211000.0,229164000.0,-13554000.0,215610000.0,2416827000.0,193600000.0,193600000.0,225300000.0
Lennar Corp,LEN,,920760,2013.0,Q2TTM,2012-06-01,2013-05-31,,2.12,2.12,,1.84,-15519000.0,394687000.0,-337155000.0,406381000.0,-11694000.0,-1956930000.0,4142092000.0,731842000.0,,-5126666000.0,1114088000.0,,,136451000.0,-1956930000.0,6099022000.0,96841000.0,22350000.0,1250539000.0,4848483000.0,-5201157000.0,-352674000.0,4142092000.0,193600000.0,193600000.0,225300000.0
Lennar Corp,LEN,,920760,2013.0,Q1,2012-12-01,2013-02-28,2013-07-31 18:07:56+00:00,0.3,0.3,0.04,0.26,-3637000.0,56958000.0,56958000.0,57492000.0,-534000.0,890223000.0,989946000.0,,,5593000.0,,,,31270000.0,890223000.0,99723000.0,26031000.0,5306000.0,31270000.0,68453000.0,-15132000.0,53321000.0,989946000.0,191600000.0,191600000.0,221100000.0
Lennar Corp,LEN,,920760,2013.0,Q1TTM,2012-03-01,2013-02-28,,3.8,3.8,,3.29,-437331000.0,706313000.0,706313000.0,721648000.0,-15335000.0,-1974346000.0,3645366000.0,,,-5124001000.0,,,,131766000.0,-1974346000.0,5619712000.0,95535000.0,572000.0,131766000.0,5487946000.0,-5218964000.0,268982000.0,3645366000.0,191600000.0,191600000.0,221100000.0
Lennar Corp,LEN,,920760,2014.0,FY,2013-12-01,2014-11-30,2017-01-20 16:27:11+00:00,3.12,3.12,,2.8,341091000.0,628693000.0,628693000.0,638916000.0,-10223000.0,6680613000.0,7779812000.0,,,10921000.0,,,,177161000.0,6680613000.0,1099199000.0,36551000.0,73376000.0,177161000.0,922038000.0,47746000.0,969784000.0,7779812000.0,204800000.0,204800000.0,228200000.0
Lennar Corp,LEN,,920760,2014.0,Q4,2014-09-01,2014-11-30,,1.2,1.2,-0.12,1.06,125272000.0,252671000.0,252671000.0,245323000.0,7348000.0,6239344000.0,2583938000.0,,,8809000.0,-4075275000.0,,,57660000.0,6239344000.0,-3655406000.0,5192000.0,12117000.0,-4017615000.0,362209000.0,15734000.0,377943000.0,2583938000.0,204800000.0,204800000.0,228200000.0
Lennar Corp,LEN,,920760,2014.0,Q3,2014-06-01,2014-08-31,2015-10-09 12:04:45+00:00,0.87,0.87,0.04,0.78,88895000.0,173440000.0,173440000.0,177757000.0,-4317000.0,148879000.0,2014034000.0,,,-5405000.0,1578801000.0,,,43072000.0,148879000.0,1865155000.0,8381000.0,32839000.0,1621873000.0,243282000.0,19053000.0,262335000.0,2014034000.0,204300000.0,204300000.0,227900000.0
Lennar Corp,LEN,,920760,2014.0,Q3YTD,2013-12-01,2014-08-31,,1.92,1.92,0.12,1.74,215819000.0,376022000.0,376022000.0,393593000.0,-17571000.0,441269000.0,5195874000.0,,,2112000.0,4075275000.0,,,119501000.0,441269000.0,4754605000.0,31359000.0,61259000.0,4194776000.0,559829000.0,32012000.0,591841000.0,5195874000.0,204300000.0,204300000.0,227900000.0
Lennar Corp,LEN,,920760,2014.0,Q3TTM,2013-09-01,2014-08-31,,2.77,2.77,,2.48,309775000.0,559038000.0,559038000.0,557677000.0,1361000.0,-197868000.0,7111375000.0,,,25945000.0,6319982000.0,,,162819000.0,-197868000.0,7309243000.0,51902000.0,68328000.0,6482801000.0,826442000.0,42371000.0,868813000.0,7111375000.0,204300000.0,204300000.0,227900000.0
Lennar Corp,LEN,,920760,2014.0,Q2,2014-03-01,2014-05-31,2015-07-02 13:03:45+00:00,0.67,0.67,0.04,0.61,81013000.0,122617000.0,122617000.0,137719000.0,-15102000.0,172327000.0,1818745000.0,,,5857000.0,1418192000.0,,,38317000.0,172327000.0,1646418000.0,10287000.0,18151000.0,1456509000.0,189909000.0,13721000.0,203630000.0,1818745000.0,205600000.0,205600000.0,225800000.0
Lennar Corp,LEN,,920760,2014.0,Q2YTD,2013-12-01,2014-05-31,,1.05,1.05,0.08,0.96,126924000.0,202582000.0,202582000.0,215836000.0,-13254000.0,292390000.0,3181840000.0,,,7517000.0,2496474000.0,,,76429000.0,292390000.0,2889450000.0,22978000.0,28420000.0,2572903000.0,316547000.0,12959000.0,329506000.0,3181840000.0,205600000.0,205600000.0,225800000.0
Lennar Corp,LEN,,920760,2014.0,Q2TTM,2013-06-01,2014-05-31,,2.52,2.52,,2.24,288085000.0,507752000.0,507752000.0,500582000.0,7170000.0,-223434000.0,6700108000.0,,,37336000.0,5992957000.0,,,157366000.0,-223434000.0,6923542000.0,65751000.0,51033000.0,6150323000.0,773219000.0,22618000.0,795837000.0,6700108000.0,205600000.0,205600000.0,225800000.0
Lennar Corp,LEN,,920760,2014.0,Q1,2013-12-01,2014-02-28,2015-04-03 16:07:56+00:00,0.38,0.38,0.04,0.35,45911000.0,79965000.0,79965000.0,78117000.0,1848000.0,120063000.0,1363095000.0,,,1660000.0,1078282000.0,,,38112000.0,120063000.0,1243032000.0,12691000.0,10269000.0,1116394000.0,126638000.0,-762000.0,125876000.0,1363095000.0,205600000.0,205600000.0,223200000.0
Lennar Corp,LEN,,920760,2014.0,Q1TTM,2013-03-01,2014-02-28,,2.56,2.56,,2.24,226563000.0,527933000.0,527933000.0,500299000.0,27634000.0,-277532000.0,6308244000.0,,,40200000.0,5688853000.0,,,152902000.0,-277532000.0,6585776000.0,80573000.0,50848000.0,5841755000.0,744021000.0,10475000.0,754496000.0,6308244000.0,205600000.0,205600000.0,223200000.0
Lennar Corp,LEN,,920760,2015.0,FY,2014-12-01,2015-11-30,2018-01-24 18:43:27+00:00,3.78,3.78,,3.39,390416000.0,819200000.0,819200000.0,802894000.0,16306000.0,8171748000.0,9474008000.0,,,18416000.0,,0.0,,216244000.0,8171748000.0,1302260000.0,,105184000.0,216244000.0,1086016000.0,123600000.0,1209616000.0,9474008000.0,212400000.0,212400000.0,236800000.0
Lennar Corp,LEN,,920760,2015.0,Q4,2015-09-01,2015-11-30,,1.26,1.26,-0.12,1.14,139843000.0,292662000.0,292662000.0,281603000.0,11059000.0,3807598000.0,2945567000.0,,,8083000.0,-1307136000.0,,,65889000.0,3807598000.0,-862031000.0,-10701000.0,34505000.0,-1241247000.0,379216000.0,53289000.0,432505000.0,2945567000.0,212400000.0,212400000.0,236800000.0
Lennar Corp,LEN,,920760,2015.0,Q3,2015-06-01,2015-08-31,2016-10-04 16:57:05+00:00,1.07,1.07,0.04,0.96,95621000.0,225037000.0,225037000.0,223312000.0,1725000.0,2142989000.0,2491698000.0,,,5361000.0,,,,56494000.0,2142989000.0,348709000.0,2812000.0,25894000.0,56494000.0,292215000.0,28443000.0,320658000.0,2491698000.0,208700000.0,208700000.0,232600000.0
Lennar Corp,LEN,,920760,2015.0,Q3YTD,2014-12-01,2015-08-31,,2.52,2.52,0.12,2.25,250573000.0,526538000.0,526538000.0,521291000.0,5247000.0,4364150000.0,6528441000.0,,,10333000.0,1307136000.0,,,150355000.0,4364150000.0,2164291000.0,10701000.0,70679000.0,1457491000.0,706800000.0,70311000.0,777111000.0,6528441000.0,208700000.0,208700000.0,232600000.0
Lennar Corp,LEN,,920760,2015.0,Q3TTM,2014-09-01,2015-08-31,,3.72,3.72,,3.31,375845000.0,779209000.0,779209000.0,766614000.0,12595000.0,10603494000.0,9112379000.0,,,19142000.0,-2768139000.0,,,208015000.0,10603494000.0,-1491115000.0,15893000.0,82796000.0,-2560124000.0,1069009000.0,86045000.0,1155054000.0,9112379000.0,208700000.0,208700000.0,232600000.0
Lennar Corp,LEN,,920760,2015.0,Q2,2015-03-01,2015-05-31,2016-07-01 17:36:33+00:00,0.89,0.89,0.04,0.79,95226000.0,184584000.0,184584000.0,183016000.0,1568000.0,2071080000.0,2392604000.0,,,-1089000.0,,,,50207000.0,2071080000.0,321524000.0,3818000.0,13400000.0,50207000.0,271317000.0,8493000.0,279810000.0,2392604000.0,205600000.0,205600000.0,231700000.0
Lennar Corp,LEN,,920760,2015.0,Q2YTD,2014-12-01,2015-05-31,,1.45,1.45,0.08,1.29,154952000.0,301501000.0,301501000.0,297979000.0,3522000.0,2221161000.0,4036743000.0,,,4972000.0,1307136000.0,,,93861000.0,2221161000.0,1815582000.0,7889000.0,44785000.0,1400997000.0,414585000.0,41868000.0,456453000.0,4036743000.0,205600000.0,205600000.0,231700000.0
Lennar Corp,LEN,,920760,2015.0,Q2TTM,2014-06-01,2015-05-31,,3.52,3.52,,3.13,369119000.0,727612000.0,727612000.0,721059000.0,6553000.0,8609384000.0,8634715000.0,,,8376000.0,-1189338000.0,,,194593000.0,8609384000.0,25331000.0,21462000.0,89741000.0,-994745000.0,1020076000.0,76655000.0,1096731000.0,8634715000.0,205600000.0,205600000.0,231700000.0
Lennar Corp,LEN,,920760,2015.0,Q1,2014-12-01,2015-02-28,2016-04-05 17:54:46+00:00,0.56,0.56,0.04,0.5,59726000.0,116917000.0,116917000.0,114963000.0,1954000.0,150081000.0,1644139000.0,,,6061000.0,1307136000.0,,,43654000.0,150081000.0,1494058000.0,4071000.0,31385000.0,1350790000.0,143268000.0,33375000.0,176643000.0,1644139000.0,205300000.0,205300000.0,229900000.0
Lennar Corp,LEN,,920760,2015.0,Q1TTM,2014-03-01,2015-02-28,,3.3,3.3,,2.95,354906000.0,665645000.0,665645000.0,675762000.0,-10117000.0,6710631000.0,8060856000.0,,,15322000.0,228854000.0,,,182703000.0,6710631000.0,1350225000.0,27931000.0,94492000.0,411557000.0,938668000.0,81883000.0,1020551000.0,8060856000.0,205300000.0,205300000.0,229900000.0
Lennar Corp,LEN,,920760,2016.0,FY,2015-12-01,2016-11-30,2019-01-28 17:11:06+00:00,4.05,4.05,0.16,3.86,417378000.0,913091000.0,913091000.0,911844000.0,1247000.0,9455074000.0,10949999000.0,,,12901000.0,,0.0,0.0,232562000.0,9455074000.0,1494925000.0,,55205000.0,232562000.0,1262363000.0,68106000.0,1330469000.0,10949999000.0,225100000.0,225100000.0,236200000.0
Lennar Corp,LEN,,920760,2016.0,Q4,2016-09-01,2016-11-30,,1.32,1.32,-0.12,1.27,150909000.0,310470000.0,310470000.0,313453000.0,-2983000.0,2871821000.0,3376626000.0,,,-2279000.0,,,,67928000.0,2871821000.0,504805000.0,,26781000.0,67928000.0,436877000.0,24502000.0,461379000.0,3376626000.0,225100000.0,225100000.0,236200000.0
Lennar Corp,LEN,,920760,2016.0,Q3,2016-06-01,2016-08-31,2017-10-10 09:27:42+00:00,1.04,1.04,0.04,1.01,106427000.0,233131000.0,233131000.0,235842000.0,-2711000.0,2448536000.0,2833894000.0,,,22362000.0,,,,61164000.0,2448536000.0,385358000.0,,-6998000.0,61164000.0,324194000.0,15364000.0,339558000.0,2833894000.0,226800000.0,226800000.0,233500000.0
Lennar Corp,LEN,,920760,2016.0,Q3YTD,2015-12-01,2016-08-31,,2.73,2.73,0.12,2.59,266469000.0,602621000.0,602621000.0,598391000.0,4230000.0,6583253000.0,7573373000.0,,,15180000.0,,,,164634000.0,6583253000.0,990120000.0,,28424000.0,164634000.0,825486000.0,43604000.0,869090000.0,7573373000.0,226800000.0,226800000.0,233500000.0
Lennar Corp,LEN,,920760,2016.0,Q3TTM,2015-09-01,2016-08-31,,3.99,3.99,,3.73,406312000.0,895283000.0,895283000.0,879994000.0,15289000.0,10390851000.0,10518940000.0,,,23263000.0,-1307136000.0,,,230523000.0,10390851000.0,128089000.0,-10701000.0,62929000.0,-1076613000.0,1204702000.0,96893000.0,1301595000.0,10518940000.0,226800000.0,226800000.0,233500000.0
Lennar Corp,LEN,,920760,2016.0,Q2,2016-03-01,2016-05-31,2017-06-30 16:04:22+00:00,1.01,1.01,0.04,0.95,103801000.0,224038000.0,224038000.0,218469000.0,5569000.0,2367560000.0,2745815000.0,,,-5853000.0,,,,55802000.0,2367560000.0,378255000.0,,11239000.0,55802000.0,322453000.0,5386000.0,327839000.0,2745815000.0,216300000.0,216300000.0,230000000.0
Lennar Corp,LEN,,920760,2016.0,Q2YTD,2015-12-01,2016-05-31,,1.69,1.69,0.08,1.58,160042000.0,369490000.0,369490000.0,362549000.0,6941000.0,4134717000.0,4739479000.0,,,-7182000.0,,,,103470000.0,4134717000.0,604762000.0,,35422000.0,103470000.0,501292000.0,28240000.0,529532000.0,4739479000.0,216300000.0,216300000.0,230000000.0
Lennar Corp,LEN,,920760,2016.0,Q2TTM,2015-06-01,2016-05-31,,4.02,4.02,,3.68,395506000.0,887189000.0,887189000.0,867464000.0,19725000.0,10085304000.0,10176744000.0,,,6262000.0,-1307136000.0,,,225853000.0,10085304000.0,91440000.0,-7889000.0,95821000.0,-1081283000.0,1172723000.0,109972000.0,1282695000.0,10176744000.0,216300000.0,216300000.0,230000000.0
Lennar Corp,LEN,,920760,2016.0,Q1,2015-12-01,2016-02-29,2017-04-10 07:24:48+00:00,0.68,0.68,0.04,0.63,56241000.0,145452000.0,145452000.0,144080000.0,1372000.0,1767157000.0,1993664000.0,,,-1329000.0,,,,47668000.0,1767157000.0,226507000.0,,24183000.0,47668000.0,178839000.0,22854000.0,201693000.0,1993664000.0,211900000.0,211900000.0,228700000.0
Lennar Corp,LEN,,920760,2016.0,Q1TTM,2015-03-01,2016-02-29,,3.9,3.9,,3.52,386931000.0,847735000.0,847735000.0,832011000.0,15724000.0,9788824000.0,9823533000.0,,,11026000.0,-1307136000.0,,,220258000.0,9788824000.0,34709000.0,-4071000.0,97982000.0,-1086878000.0,1121587000.0,113079000.0,1234666000.0,9823533000.0,211900000.0,211900000.0,228700000.0
Lennar Corp,LEN,,920760,2017.0,FY,2016-12-01,2017-11-30,2020-01-27 16:40:35+00:00,3.38,3.38,0.16,3.38,417857000.0,771754000.0,771754000.0,810480000.0,-38726000.0,11021481000.0,12646365000.0,,,-9384000.0,,140000000.0,0.0,285889000.0,11021481000.0,1624884000.0,,,425889000.0,1198995000.0,-9384000.0,1189611000.0,12646365000.0,237155000.0,237155000.0,237155000.0
Lennar Corp,LEN,,920760,2017.0,Q4,2017-09-01,2017-11-30,,1.29,1.29,0.04,1.29,164201000.0,297782000.0,157782000.0,309590000.0,-11808000.0,3257563000.0,3785569000.0,140000000.0,,32371000.0,,140000000.0,,85556000.0,3257563000.0,528006000.0,,-12838000.0,225556000.0,302450000.0,19533000.0,321983000.0,3785569000.0,237155000.0,237155000.0,237155000.0
Lennar Corp,LEN,,920760,2017.0,Q3,2017-06-01,2017-08-31,2018-10-09 16:33:24+00:00,1.04,1.04,0.04,1.04,124795000.0,243590000.0,243590000.0,249165000.0,-5575000.0,2813523000.0,3261476000.0,,,-13560000.0,,,0.0,72860000.0,2813523000.0,447953000.0,,6852000.0,72860000.0,375093000.0,-6708000.0,368385000.0,3261476000.0,239600000.0,239600000.0,239600000.0
Lennar Corp,LEN,,920760,2017.0,Q3YTD,2016-12-01,2017-08-31,,2.09,2.09,0.12,2.09,253656000.0,473972000.0,613972000.0,500890000.0,-26918000.0,7763918000.0,8860796000.0,-140000000.0,,-41755000.0,,,,200333000.0,7763918000.0,1096878000.0,,12838000.0,200333000.0,896545000.0,-28917000.0,867628000.0,8860796000.0,239600000.0,239600000.0,239600000.0
Lennar Corp,LEN,,920760,2017.0,Q3TTM,2016-09-01,2017-08-31,,3.41,3.41,,3.36,404565000.0,784442000.0,924442000.0,814343000.0,-29901000.0,10635739000.0,12237422000.0,-140000000.0,,-44034000.0,,,,268261000.0,10635739000.0,1601683000.0,,39619000.0,268261000.0,1333422000.0,-4415000.0,1329007000.0,12237422000.0,239600000.0,239600000.0,239600000.0
Lennar Corp,LEN,,920760,2017.0,Q2,2017-03-01,2017-05-31,2018-07-06 16:04:33+00:00,0.89,0.89,0.04,0.89,108892000.0,200708000.0,200708000.0,213645000.0,-12937000.0,2861893000.0,3261892000.0,,,-17276000.0,,,0.0,66774000.0,2861893000.0,399999000.0,,-6349000.0,66774000.0,333225000.0,-23625000.0,309600000.0,3261892000.0,240100000.0,240100000.0,240100000.0
Lennar Corp,LEN,,920760,2017.0,Q2YTD,2016-12-01,2017-05-31,,1.05,1.05,0.08,1.05,128861000.0,230382000.0,370382000.0,251725000.0,-21343000.0,4950395000.0,5599320000.0,-140000000.0,,-28195000.0,,,,127473000.0,4950395000.0,648925000.0,,5986000.0,127473000.0,521452000.0,-22209000.0,499243000.0,5599320000.0,240100000.0,240100000.0,240100000.0
Lennar Corp,LEN,,920760,2017.0,Q2TTM,2016-06-01,2017-05-31,,3.41,3.41,,3.33,386197000.0,773983000.0,913983000.0,801020000.0,-27037000.0,10270752000.0,11809840000.0,-140000000.0,,-8112000.0,,,,256565000.0,10270752000.0,1539088000.0,,25769000.0,256565000.0,1282523000.0,17657000.0,1300180000.0,11809840000.0,240100000.0,240100000.0,240100000.0
Lennar Corp,LEN,,920760,2017.0,Q1,2016-12-01,2017-02-28,2018-04-09 16:21:31+00:00,0.16,0.16,0.04,0.16,19969000.0,29674000.0,169674000.0,38080000.0,-8406000.0,2088502000.0,2337428000.0,-140000000.0,,-10919000.0,,,0.0,60699000.0,2088502000.0,248926000.0,,12335000.0,60699000.0,188227000.0,1416000.0,189643000.0,2337428000.0,238000000.0,238000000.0,238000000.0
Lennar Corp,LEN,,920760,2017.0,Q1TTM,2016-03-01,2017-02-28,,3.53,3.53,,3.39,381106000.0,797313000.0,937313000.0,805844000.0,-8531000.0,9776419000.0,11293763000.0,-140000000.0,,3311000.0,,,,245593000.0,9776419000.0,1517344000.0,,43357000.0,245593000.0,1271751000.0,46668000.0,1318419000.0,11293763000.0,238000000.0,238000000.0,238000000.0
Lennar Corp,LEN,,920760,2018.0,FY,2017-12-01,2018-11-30,2020-01-27 16:40:35+00:00,5.46,5.46,0.16,5.44,545171000.0,1717513000.0,1717513000.0,1695831000.0,21682000.0,18237446000.0,20571631000.0,,,425413000.0,,0.0,152980000.0,343934000.0,18237446000.0,2334185000.0,,,496914000.0,1837271000.0,425413000.0,2262684000.0,20571631000.0,307968000.0,307968000.0,307968000.0
Lennar Corp,LEN,,920760,2018.0,Q4,2018-09-01,2018-11-30,,2.61,2.61,0.16,2.6,238301000.0,798227000.0,798227000.0,797408000.0,1477000.0,5576954000.0,6459210000.0,,-658000.0,253938000.0,,,12918000.0,94863000.0,5576954000.0,882256000.0,2742000.0,10857000.0,107781000.0,774475000.0,262053000.0,1036528000.0,6459210000.0,307968000.0,307968000.0,307968000.0
Lennar Corp,LEN,,920760,2018.0,Q3,2018-06-01,2018-08-31,2019-10-08 16:16:05+00:00,1.37,1.37,,1.37,98298000.0,467620000.0,467620000.0,453211000.0,14409000.0,4993486000.0,5672569000.0,,,7028000.0,,0.0,11992000.0,96346000.0,4993486000.0,679083000.0,,-11855000.0,108338000.0,570745000.0,-4827000.0,565918000.0,5672569000.0,330800000.0,330800000.0,330800000.0
Lennar Corp,LEN,,920760,2018.0,Q3YTD,2017-12-01,2018-08-31,,2.85,2.85,,2.84,306870000.0,919286000.0,919286000.0,898423000.0,20205000.0,12660492000.0,14112421000.0,,658000.0,171475000.0,,,140062000.0,249071000.0,12660492000.0,1451929000.0,-2742000.0,-10857000.0,389133000.0,1062796000.0,163360000.0,1226156000.0,14112421000.0,330800000.0,330800000.0,330800000.0
Lennar Corp,LEN,,920760,2018.0,Q3TTM,2017-09-01,2018-08-31,,4.14,4.14,0.04,4.13,471071000.0,1217068000.0,1077068000.0,1208013000.0,8397000.0,15918055000.0,17897990000.0,140000000.0,658000.0,203846000.0,,140000000.0,140062000.0,334627000.0,15918055000.0,1979935000.0,-2742000.0,-23695000.0,614689000.0,1365246000.0,182893000.0,1548139000.0,17897990000.0,330800000.0,330800000.0,330800000.0
Lennar Corp,LEN,,920760,2018.0,Q2,2018-03-01,2018-05-31,2019-07-03 16:00:09+00:00,0.95,0.95,,0.94,75961000.0,314849000.0,314849000.0,310257000.0,4592000.0,4968942000.0,5459061000.0,,,3310000.0,,0.0,23875000.0,84915000.0,4968942000.0,490119000.0,,6171000.0,108790000.0,381329000.0,9481000.0,390810000.0,5459061000.0,326600000.0,326600000.0,330100000.0
Lennar Corp,LEN,,920760,2018.0,Q2YTD,2017-12-01,2018-05-31,,1.48,1.48,,1.47,208572000.0,451666000.0,451666000.0,445212000.0,5796000.0,7667006000.0,8439852000.0,,658000.0,164447000.0,,,128070000.0,152725000.0,7667006000.0,772846000.0,-2742000.0,998000.0,280795000.0,492051000.0,168187000.0,660238000.0,8439852000.0,326600000.0,326600000.0,330100000.0
Lennar Corp,LEN,,920760,2018.0,Q2TTM,2017-06-01,2018-05-31,,3.81,3.81,0.08,3.8,497568000.0,993038000.0,853038000.0,1003967000.0,-11587000.0,13738092000.0,15486897000.0,140000000.0,658000.0,183258000.0,,140000000.0,128070000.0,311141000.0,13738092000.0,1748805000.0,-2742000.0,-4988000.0,579211000.0,1169594000.0,181012000.0,1350606000.0,15486897000.0,326600000.0,326600000.0,330100000.0
Lennar Corp,LEN,,920760,2018.0,Q1,2017-12-01,2018-02-28,2019-04-08 12:02:27+00:00,0.53,0.53,0.04,0.53,132611000.0,136817000.0,136817000.0,134955000.0,1204000.0,2698064000.0,2980791000.0,,658000.0,161137000.0,,,104195000.0,67810000.0,2698064000.0,282727000.0,-2742000.0,-5173000.0,172005000.0,110722000.0,158706000.0,269428000.0,2980791000.0,254600000.0,254600000.0,254600000.0
Lennar Corp,LEN,,920760,2018.0,Q1TTM,2017-03-01,2018-02-28,,3.75,3.75,0.12,3.75,530499000.0,878897000.0,738897000.0,907355000.0,-29116000.0,11631043000.0,13289728000.0,140000000.0,658000.0,162672000.0,,140000000.0,104195000.0,293000000.0,11631043000.0,1658685000.0,-2742000.0,-17508000.0,537195000.0,1121490000.0,147906000.0,1269396000.0,13289728000.0,254600000.0,254600000.0,254600000.0
Lennar Corp,LEN,,920760,2019.0,Q4,2019-09-01,2019-11-30,,2.11,2.11,0.12,2.11,217503000.0,671183000.0,-4931917000.0,674304000.0,-3121000.0,5988038000.0,1408641000.0,5603100000.0,,-35647000.0,,,,93043000.0,5988038000.0,-4579397000.0,,-6327000.0,93043000.0,-4672440000.0,-41974000.0,-4714414000.0,1408641000.0,318419000.0,318419000.0,318419000.0
Lennar Corp,LEN,,920760,2019.0,FY,2018-12-01,2019-11-30,2020-01-27 16:40:35+00:00,5.76,5.76,0.16,5.74,592173000.0,1842119000.0,1842119000.0,1849052000.0,-6933000.0,19457266000.0,22259561000.0,,,-26889000.0,,0.0,0.0,341114000.0,19457266000.0,2802295000.0,,,341114000.0,2461181000.0,-26889000.0,2434292000.0,22259561000.0,318419000.0,318419000.0,318419000.0
Lennar Corp,LEN,,920760,2019.0,Q3,2019-06-01,2019-08-31,2019-10-08 16:16:05+00:00,1.6,1.6,,1.59,154440000.0,512643000.0,512643000.0,513366000.0,-723000.0,5116086000.0,5857058000.0,,,12399000.0,,0.0,0.0,92615000.0,5116086000.0,740972000.0,,6327000.0,92615000.0,648357000.0,18726000.0,667083000.0,5857058000.0,320900000.0,320900000.0,322900000.0
Lennar Corp,LEN,,920760,2019.0,Q3YTD,2018-12-01,2019-08-31,,3.65,3.65,0.04,3.63,374670000.0,1170936000.0,6774036000.0,1174748000.0,-3812000.0,13469228000.0,20850920000.0,-5603100000.0,,8758000.0,,,,248071000.0,13469228000.0,7381692000.0,,6327000.0,248071000.0,7133621000.0,15085000.0,7148706000.0,20850920000.0,320900000.0,320900000.0,322900000.0
Lennar Corp,LEN,,920760,2019.0,Q3TTM,2018-09-01,2019-08-31,,6.26,6.26,0.16,6.23,612971000.0,1969163000.0,7572263000.0,1972156000.0,-2335000.0,19046182000.0,27310130000.0,-5603100000.0,-658000.0,262696000.0,,,12918000.0,342934000.0,19046182000.0,8263948000.0,2742000.0,17184000.0,355852000.0,7908096000.0,277138000.0,8185234000.0,27310130000.0,320900000.0,320900000.0,322900000.0
Lennar Corp,LEN,,920760,2019.0,Q2YTD,2018-12-01,2019-05-31,,2.05,2.05,0.04,2.04,220230000.0,658293000.0,6261393000.0,661382000.0,-3089000.0,8353142000.0,14993862000.0,-5603100000.0,,-3641000.0,,,,155456000.0,8353142000.0,6640720000.0,,,155456000.0,6485264000.0,-3641000.0,6481623000.0,14993862000.0,321700000.0,321700000.0,324200000.0
Lennar Corp,LEN,,920760,2019.0,Q2TTM,2018-06-01,2019-05-31,,6.03,6.03,0.16,6.01,556829000.0,1924140000.0,7527240000.0,1912001000.0,12797000.0,18923582000.0,27125641000.0,-5603100000.0,-658000.0,257325000.0,,,24910000.0,346665000.0,18923582000.0,8202059000.0,2742000.0,-998000.0,371575000.0,7830484000.0,253585000.0,8084069000.0,27125641000.0,321700000.0,321700000.0,324200000.0
Lennar Corp,LEN,,920760,2019.0,Q1,2018-12-01,2019-02-28,2020-04-07 17:01:32+00:00,0.74,0.74,0.04,0.74,79700000.0,239424000.0,239424000.0,239910000.0,-486000.0,3465974000.0,3868082000.0,,,-3641000.0,,,,79343000.0,3465974000.0,402108000.0,,,79343000.0,322765000.0,-3641000.0,319124000.0,3868082000.0,321339000.0,321339000.0,321339000.0
Lennar Corp,LEN,,920760,2019.0,Q1TTM,2018-03-01,2019-02-28,,5.67,5.67,0.16,5.65,492260000.0,1820120000.0,1820120000.0,1800786000.0,19992000.0,19005356000.0,21458922000.0,,-658000.0,260635000.0,,,48785000.0,355467000.0,19005356000.0,2453566000.0,2742000.0,5173000.0,404252000.0,2049314000.0,263066000.0,2312380000.0,21458922000.0,321339000.0,321339000.0,321339000.0
Lennar Corp,LEN,,920760,2020.0,Q1TTM,2019-03-01,2020-02-29,,6.29,6.29,0.12,6.27,544802000.0,1993918000.0,1993918000.0,2007594000.0,-13676000.0,19980364000.0,22896816000.0,,,-29114000.0,,,,348618000.0,19980364000.0,2916452000.0,,,348618000.0,2567834000.0,-29114000.0,2538720000.0,22896816000.0,311213000.0,311213000.0,311213000.0
Lennar Corp,LEN,,920760,2020.0,Q1,2019-12-01,2020-02-29,2020-04-07 17:01:32+00:00,1.27,1.27,,1.27,32329000.0,391223000.0,391223000.0,398452000.0,-7229000.0,3989072000.0,4505337000.0,,,-5866000.0,,,,86847000.0,3989072000.0,516265000.0,,,86847000.0,429418000.0,-5866000.0,423552000.0,4505337000.0,311213000.0,311213000.0,311213000.0
