company_name,company_ticker,company_lei,company_cik,year,quarter,start_date,end_date,filing_date,basicdilutedeps,basiceps,cashdividendspershare,depreciationexpense,dilutedeps,impairmentexpense,netincome,netincomecontinuing,netincometocommon,netincometononcontrollinginterest,operatingcostofrevenue,operatingrevenue,otherincome,restructuringcharge,sgaexpense,totalcostofrevenue,totalgrossprofit,totalinterestexpense,totalinterestincome,totaloperatingexpenses,totaloperatingincome,totalotherincome,totalpretaxincome,totalrevenue,weightedavebasicdilutedsharesos,weightedavebasicsharesos,weightedavedilutedsharesos
Royal Caribbean Cruises Ltd,RCL,,884887,2007.0,FY,2008-01-01,2008-12-31,2011-02-24 16:44:04+00:00,2.69,2.69,,520353000.0,2.68,,573722000.0,573722000.0,573722000.0,,4403666000.0,6532525000.0,54934000.0,,776522000.0,4403666000.0,2128859000.0,327312000.0,14116000.0,1296875000.0,831984000.0,-258262000.0,573722000.0,6532525000.0,213300000.0,213300000.0,214100000.0
Royal Caribbean Cruises Ltd,RCL,,884887,2008.0,Q4,2009-10-01,2009-12-31,,-0.32,-0.04,,146412000.0,-0.03,,-6583000.0,-6583000.0,-6583000.0,,1037245000.0,1451667000.0,-2593000.0,,185655000.0,1037245000.0,414422000.0,88247000.0,1902000.0,332067000.0,82355000.0,-88938000.0,-6583000.0,1451667000.0,200600000.0,213809000.0,213809000.0
Royal Caribbean Cruises Ltd,RCL,,884887,2008.0,FY,2009-01-01,2009-12-31,2012-02-29 09:02:22+00:00,0.76,0.71,,568214000.0,0.71,,152485000.0,152485000.0,152485000.0,,4071102000.0,5889826000.0,-33094000.0,,761999000.0,4071102000.0,1818724000.0,309948000.0,7016000.0,1330213000.0,488511000.0,-336026000.0,152485000.0,5889826000.0,200600000.0,213809000.0,213809000.0
Royal Caribbean Cruises Ltd,RCL,,884887,2008.0,Q3YTD,2009-01-01,2009-09-30,,1.08,0.75,,421802000.0,0.74,,159068000.0,159068000.0,159068000.0,,3033857000.0,4438159000.0,-30501000.0,,576344000.0,3033857000.0,1404302000.0,221701000.0,5114000.0,998146000.0,406156000.0,-247088000.0,159068000.0,4438159000.0,213300000.0,213839000.0,215669000.0
Royal Caribbean Cruises Ltd,RCL,,884887,2008.0,Q3,2009-07-01,2009-09-30,2010-10-27 16:35:53+00:00,1.08,1.08,,144021000.0,1.07,,230392000.0,230392000.0,230392000.0,,1116086000.0,1763542000.0,-4762000.0,,196594000.0,1116086000.0,647456000.0,73912000.0,2225000.0,340615000.0,306841000.0,-76449000.0,230392000.0,1763542000.0,213300000.0,213839000.0,215669000.0
Royal Caribbean Cruises Ltd,RCL,,884887,2008.0,Q2YTD,2009-01-01,2009-06-30,,,-0.33,,277781000.0,-0.33,,-71324000.0,-71324000.0,-71324000.0,,1917771000.0,2674617000.0,-25739000.0,,379750000.0,1917771000.0,756846000.0,147789000.0,2889000.0,657531000.0,99315000.0,-170639000.0,-71324000.0,2674617000.0,,213780000.0,213780000.0
Royal Caribbean Cruises Ltd,RCL,,884887,2008.0,Q2,2009-04-01,2009-06-30,2010-07-23 16:35:44+00:00,,-0.16,,137925000.0,-0.16,,-35086000.0,-35086000.0,-35086000.0,,965435000.0,1349015000.0,-22980000.0,,190593000.0,965435000.0,383580000.0,68327000.0,1159000.0,328518000.0,55062000.0,-90148000.0,-35086000.0,1349015000.0,,213780000.0,213780000.0
Royal Caribbean Cruises Ltd,RCL,,884887,2008.0,Q1,2009-01-01,2009-03-31,2010-04-29 08:01:27+00:00,,-0.17,,139856000.0,-0.17,,-36238000.0,-36238000.0,-36238000.0,,952336000.0,1325602000.0,-2759000.0,,189157000.0,952336000.0,373266000.0,79462000.0,1730000.0,329013000.0,44253000.0,-80491000.0,-36238000.0,1325602000.0,,213687000.0,213687000.0
Royal Caribbean Cruises Ltd,RCL,,884887,2010.0,Q4,2010-10-01,2010-12-31,,0.05,0.11,,163878000.0,0.11,,24296000.0,24296000.0,24296000.0,,1106989000.0,1604498000.0,5445000.0,,211936000.0,1106989000.0,497509000.0,107540000.0,4696000.0,375814000.0,121695000.0,-97399000.0,24296000.0,1604498000.0,215026000.0,215026000.0,215026000.0
Royal Caribbean Cruises Ltd,RCL,,884887,2010.0,FY,2010-01-01,2010-12-31,2013-02-25 08:01:35+00:00,2.4,2.4,,643716000.0,2.37,,515653000.0,515653000.0,515653000.0,,4458076000.0,6752504000.0,74984000.0,,848079000.0,4458076000.0,2294428000.0,371207000.0,9243000.0,1491795000.0,802633000.0,-286980000.0,515653000.0,6752504000.0,215026000.0,215026000.0,215026000.0
Royal Caribbean Cruises Ltd,RCL,,884887,2010.0,Q3YTD,2010-01-01,2010-09-30,,2.29,2.29,,479838000.0,2.26,,491357000.0,491357000.0,491357000.0,,3351087000.0,5148006000.0,69539000.0,,636143000.0,3351087000.0,1796919000.0,263667000.0,4547000.0,1115981000.0,680938000.0,-189581000.0,491357000.0,5148006000.0,214800000.0,215150000.0,217512000.0
Royal Caribbean Cruises Ltd,RCL,,884887,2010.0,Q3,2010-07-01,2010-09-30,2011-10-31 07:30:59+00:00,1.66,1.63,,162232000.0,1.61,,350179000.0,350179000.0,350179000.0,,1239625000.0,2060659000.0,-8056000.0,,213300000.0,1239625000.0,821034000.0,89082000.0,1815000.0,375532000.0,445502000.0,-95323000.0,350179000.0,2060659000.0,211000000.0,215150000.0,217512000.0
Royal Caribbean Cruises Ltd,RCL,,884887,2010.0,Q2YTD,2010-01-01,2010-06-30,,0.66,0.66,,317606000.0,0.65,,141178000.0,141178000.0,141178000.0,,2111462000.0,3087347000.0,77595000.0,,422843000.0,2111462000.0,975885000.0,174585000.0,2732000.0,740449000.0,235436000.0,-94258000.0,141178000.0,3087347000.0,214900000.0,215043000.0,217561000.0
Royal Caribbean Cruises Ltd,RCL,,884887,2010.0,Q2,2010-04-01,2010-06-30,2011-08-01 07:02:10+00:00,0.28,0.25,,160031000.0,0.25,,53731000.0,53731000.0,53731000.0,,1086187000.0,1601697000.0,-655000.0,,211795000.0,1086187000.0,515510000.0,90661000.0,1363000.0,371826000.0,143684000.0,-89953000.0,53731000.0,1601697000.0,191900000.0,215043000.0,217561000.0
Royal Caribbean Cruises Ltd,RCL,,884887,2010.0,Q1,2010-01-01,2010-03-31,2011-04-28 16:36:21+00:00,0.41,0.41,,157575000.0,0.4,,87447000.0,87447000.0,87447000.0,,1025275000.0,1485650000.0,78250000.0,,211048000.0,1025275000.0,460375000.0,83924000.0,1369000.0,368623000.0,91752000.0,-4305000.0,87447000.0,1485650000.0,213300000.0,214314000.0,216975000.0
Royal Caribbean Cruises Ltd,RCL,,884887,2011.0,Q4,2011-10-01,2011-12-31,,0.11,0.17,,179933000.0,0.16,,36562000.0,36562000.0,36562000.0,,1250861000.0,1775401000.0,13036000.0,,238445000.0,1250861000.0,524540000.0,90625000.0,7989000.0,418378000.0,106162000.0,-69600000.0,36562000.0,1775401000.0,216983000.0,216983000.0,216983000.0
Royal Caribbean Cruises Ltd,RCL,,884887,2011.0,FY,2011-01-01,2011-12-31,2014-02-20 17:08:04+00:00,2.8,2.8,,702426000.0,2.77,0.0,607421000.0,607421000.0,607421000.0,,4942607000.0,7537263000.0,32891000.0,0.0,960602000.0,4942607000.0,2594656000.0,382416000.0,25318000.0,1663028000.0,931628000.0,-324207000.0,607421000.0,7537263000.0,216983000.0,216983000.0,216983000.0
Royal Caribbean Cruises Ltd,RCL,,884887,2011.0,Q3YTD,2011-01-01,2011-09-30,,2.69,2.63,,522493000.0,2.61,,570859000.0,570859000.0,570859000.0,,3691746000.0,5761862000.0,19855000.0,,722157000.0,3691746000.0,2070116000.0,291791000.0,17329000.0,1244650000.0,825466000.0,-254607000.0,570859000.0,5761862000.0,216800000.0,217105000.0,218934000.0
Royal Caribbean Cruises Ltd,RCL,,884887,2011.0,Q3TTM,2010-10-01,2011-09-30,,2.74,2.74,,686371000.0,2.72,,595155000.0,595155000.0,595155000.0,,4798735000.0,7366360000.0,25300000.0,,934093000.0,4798735000.0,2567625000.0,399331000.0,22025000.0,1620464000.0,947161000.0,-352006000.0,595155000.0,7366360000.0,216800000.0,217105000.0,218934000.0
Royal Caribbean Cruises Ltd,RCL,,884887,2011.0,Q3,2011-07-01,2011-09-30,2012-10-25 16:32:45+00:00,1.84,1.84,,177191000.0,1.82,,398958000.0,398958000.0,398958000.0,,1405300000.0,2321994000.0,-17656000.0,,231761000.0,1405300000.0,916694000.0,98198000.0,7070000.0,408952000.0,507742000.0,-108784000.0,398958000.0,2321994000.0,216800000.0,217105000.0,218934000.0
Royal Caribbean Cruises Ltd,RCL,,884887,2011.0,Q2YTD,2011-01-01,2011-06-30,,0.85,0.79,,345302000.0,0.79,,171901000.0,171901000.0,171901000.0,,2286446000.0,3439868000.0,37511000.0,,490396000.0,2286446000.0,1153422000.0,193593000.0,10259000.0,835698000.0,317724000.0,-145823000.0,171901000.0,3439868000.0,217400000.0,217028000.0,219370000.0
Royal Caribbean Cruises Ltd,RCL,,884887,2011.0,Q2TTM,2010-07-01,2011-06-30,,2.56,2.53,,671412000.0,2.51,,546376000.0,546376000.0,546376000.0,,4633060000.0,7105025000.0,34900000.0,,915632000.0,4633060000.0,2471965000.0,390215000.0,16770000.0,1587044000.0,884921000.0,-338545000.0,546376000.0,7105025000.0,217400000.0,217028000.0,219370000.0
Royal Caribbean Cruises Ltd,RCL,,884887,2011.0,Q2,2011-04-01,2011-06-30,2012-07-27 07:01:05+00:00,0.43,0.43,,172050000.0,0.43,,93491000.0,93491000.0,93491000.0,,1185375000.0,1767873000.0,11791000.0,,242258000.0,1185375000.0,582498000.0,92968000.0,6478000.0,414308000.0,168190000.0,-74699000.0,93491000.0,1767873000.0,217400000.0,217028000.0,219370000.0
Royal Caribbean Cruises Ltd,RCL,,884887,2011.0,Q1TTM,2010-04-01,2011-03-31,,2.41,2.35,,659393000.0,2.33,,506616000.0,506616000.0,506616000.0,,4533872000.0,6938849000.0,22454000.0,,885169000.0,4533872000.0,2404977000.0,387908000.0,11655000.0,1544562000.0,860415000.0,-353799000.0,506616000.0,6938849000.0,186700000.0,216511000.0,219626000.0
Royal Caribbean Cruises Ltd,RCL,,884887,2011.0,Q1,2011-01-01,2011-03-31,2012-04-24 16:45:17+00:00,0.42,0.36,,173252000.0,0.36,,78410000.0,78410000.0,78410000.0,,1101071000.0,1671995000.0,25720000.0,,248138000.0,1101071000.0,570924000.0,100625000.0,3781000.0,421390000.0,149534000.0,-71124000.0,78410000.0,1671995000.0,186700000.0,216511000.0,219626000.0
Royal Caribbean Cruises Ltd,RCL,,884887,2012.0,Q4,2012-10-01,2012-12-31,,-1.81,-1.81,-0.1,188536000.0,-1.79,385444000.0,-392803000.0,-392803000.0,-392803000.0,,1257983000.0,1806150000.0,-27713000.0,,255494000.0,1257983000.0,548167000.0,89052000.0,5269000.0,829474000.0,-281307000.0,-111496000.0,-392803000.0,1806150000.0,217930000.0,217930000.0,217930000.0
Royal Caribbean Cruises Ltd,RCL,,884887,2012.0,FY,2012-01-01,2012-12-31,2015-02-23 16:37:43+00:00,0.08,0.08,,730493000.0,0.08,385444000.0,18287000.0,18287000.0,18287000.0,,5157434000.0,7688024000.0,-42868000.0,,1011543000.0,5157434000.0,2530590000.0,363286000.0,21331000.0,2127480000.0,403110000.0,-384823000.0,18287000.0,7688024000.0,217930000.0,217930000.0,217930000.0
Royal Caribbean Cruises Ltd,RCL,,884887,2012.0,Q3YTD,2012-01-01,2012-09-30,,1.89,1.89,0.1,541957000.0,1.87,,411090000.0,411090000.0,411090000.0,,3899451000.0,5881874000.0,-15155000.0,,756049000.0,3899451000.0,1982423000.0,274234000.0,16062000.0,1298006000.0,684417000.0,-273327000.0,411090000.0,5881874000.0,217600000.0,217940000.0,219296000.0
Royal Caribbean Cruises Ltd,RCL,,884887,2012.0,Q3TTM,2011-10-01,2012-09-30,,2.0,2.06,0.1,721890000.0,2.03,,447652000.0,447652000.0,447652000.0,,5150312000.0,7657275000.0,-2119000.0,,994494000.0,5150312000.0,2506963000.0,364859000.0,24051000.0,1716384000.0,790579000.0,-342927000.0,447652000.0,7657275000.0,217600000.0,217940000.0,219296000.0
Royal Caribbean Cruises Ltd,RCL,,884887,2012.0,Q3,2012-07-01,2012-09-30,2013-10-24 17:29:34+00:00,1.69,1.69,,182051000.0,1.68,,367779000.0,367779000.0,367779000.0,,1348325000.0,2226390000.0,3360000.0,,243877000.0,1348325000.0,878065000.0,92462000.0,4744000.0,425928000.0,452137000.0,-84358000.0,367779000.0,2226390000.0,217600000.0,217940000.0,219296000.0
Royal Caribbean Cruises Ltd,RCL,,884887,2012.0,Q2YTD,2012-01-01,2012-06-30,,0.2,0.2,0.1,359906000.0,0.19,,43311000.0,43311000.0,43311000.0,,2551126000.0,3655484000.0,-18515000.0,,512172000.0,2551126000.0,1104358000.0,181772000.0,11318000.0,872078000.0,232280000.0,-188969000.0,43311000.0,3655484000.0,182700000.0,217866000.0,217866000.0
Royal Caribbean Cruises Ltd,RCL,,884887,2012.0,Q2TTM,2011-07-01,2012-06-30,,2.15,2.21,0.1,717030000.0,2.17,,478831000.0,478831000.0,478831000.0,,5207287000.0,7752879000.0,-23135000.0,,982378000.0,5207287000.0,2545592000.0,370595000.0,26377000.0,1699408000.0,846184000.0,-367353000.0,478831000.0,7752879000.0,182700000.0,217866000.0,217866000.0
Royal Caribbean Cruises Ltd,RCL,,884887,2012.0,Q2,2012-04-01,2012-06-30,2013-07-26 16:10:54+00:00,-0.02,-0.02,0.1,180514000.0,-0.02,,-3653000.0,-3653000.0,-3653000.0,,1296014000.0,1821004000.0,-16424000.0,,247571000.0,1296014000.0,524990000.0,89106000.0,4972000.0,428085000.0,96905000.0,-100558000.0,-3653000.0,1821004000.0,182700000.0,217866000.0,217866000.0
Royal Caribbean Cruises Ltd,RCL,,884887,2012.0,Q1TTM,2011-04-01,2012-03-31,,2.6,2.66,,708566000.0,2.62,,575975000.0,575975000.0,575975000.0,,5096648000.0,7699748000.0,5080000.0,,977065000.0,5096648000.0,2603100000.0,374457000.0,27883000.0,1685631000.0,917469000.0,-341494000.0,575975000.0,7699748000.0,213500000.0,217584000.0,219230000.0
Royal Caribbean Cruises Ltd,RCL,,884887,2012.0,Q1,2012-01-01,2012-03-31,2013-04-25 16:31:49+00:00,0.22,0.22,,179392000.0,0.21,,46964000.0,46964000.0,46964000.0,,1255112000.0,1834480000.0,-2091000.0,,264601000.0,1255112000.0,579368000.0,92666000.0,6346000.0,443993000.0,135375000.0,-88411000.0,46964000.0,1834480000.0,213500000.0,217584000.0,219230000.0
Royal Caribbean Cruises Ltd,RCL,,884887,2013.0,FY,2013-01-01,2013-12-31,2016-02-22 09:04:35+00:00,2.16,2.16,,754711000.0,2.14,,473692000.0,473692000.0,473692000.0,,5305270000.0,7959894000.0,-1726000.0,56946000.0,1044819000.0,5305270000.0,2654624000.0,336628000.0,13898000.0,1856476000.0,798148000.0,-324456000.0,473692000.0,7959894000.0,219638000.0,219638000.0,219638000.0
Royal Caribbean Cruises Ltd,RCL,,884887,2013.0,Q4,2013-10-01,2013-12-31,,0.04,0.04,-0.49,190622000.0,0.03,,7018000.0,7018000.0,7018000.0,,1282660000.0,1854158000.0,4311000.0,43024000.0,262883000.0,1282660000.0,571498000.0,75709000.0,3447000.0,496529000.0,74969000.0,-67951000.0,7018000.0,1854158000.0,219638000.0,219638000.0,219638000.0
Royal Caribbean Cruises Ltd,RCL,,884887,2013.0,Q3YTD,2013-01-01,2013-09-30,,2.12,2.12,0.49,564089000.0,2.11,,466674000.0,466674000.0,466674000.0,,4022610000.0,6105736000.0,-6037000.0,13922000.0,781936000.0,4022610000.0,2083126000.0,260919000.0,10451000.0,1359947000.0,723179000.0,-256505000.0,466674000.0,6105736000.0,220300000.0,219744000.0,221004000.0
Royal Caribbean Cruises Ltd,RCL,,884887,2013.0,Q3TTM,2012-10-01,2013-09-30,,0.31,0.31,0.39,752625000.0,0.32,385444000.0,73871000.0,73871000.0,73871000.0,,5280593000.0,7911886000.0,-33750000.0,13922000.0,1037430000.0,5280593000.0,2631293000.0,349971000.0,15720000.0,2189421000.0,441872000.0,-368001000.0,73871000.0,7911886000.0,220300000.0,219744000.0,221004000.0
Royal Caribbean Cruises Ltd,RCL,,884887,2013.0,Q3,2013-07-01,2013-09-30,2014-10-23 17:26:48+00:00,1.66,1.66,0.25,188541000.0,1.65,,365701000.0,365701000.0,365701000.0,,1416801000.0,2311749000.0,2053000.0,12244000.0,249954000.0,1416801000.0,894948000.0,83860000.0,3299000.0,450739000.0,444209000.0,-78508000.0,365701000.0,2311749000.0,220300000.0,219744000.0,221004000.0
Royal Caribbean Cruises Ltd,RCL,,884887,2013.0,Q2YTD,2013-01-01,2013-06-30,,0.46,0.46,0.24,375548000.0,0.46,,100973000.0,100973000.0,100973000.0,,2605809000.0,3793987000.0,-8090000.0,1678000.0,531982000.0,2605809000.0,1188178000.0,177059000.0,7152000.0,909208000.0,278970000.0,-177997000.0,100973000.0,3793987000.0,225000000.0,219502000.0,220648000.0
Royal Caribbean Cruises Ltd,RCL,,884887,2013.0,Q2TTM,2012-07-01,2013-06-30,,0.34,0.34,0.14,746135000.0,0.35,385444000.0,75949000.0,75949000.0,75949000.0,,5212117000.0,7826527000.0,-32443000.0,1678000.0,1031353000.0,5212117000.0,2614410000.0,358573000.0,17165000.0,2164610000.0,449800000.0,-373851000.0,75949000.0,7826527000.0,225000000.0,219502000.0,220648000.0
Royal Caribbean Cruises Ltd,RCL,,884887,2013.0,Q2,2013-04-01,2013-06-30,2014-07-24 17:26:09+00:00,0.11,0.11,0.12,186184000.0,0.11,,24747000.0,24747000.0,24747000.0,,1323619000.0,1882767000.0,-5119000.0,1678000.0,257948000.0,1323619000.0,559148000.0,86877000.0,3405000.0,445810000.0,113338000.0,-88591000.0,24747000.0,1882767000.0,225000000.0,219502000.0,220648000.0
Royal Caribbean Cruises Ltd,RCL,,884887,2013.0,Q1TTM,2012-04-01,2013-03-31,,0.21,0.21,0.12,740465000.0,0.22,385444000.0,47549000.0,47549000.0,47549000.0,,5184512000.0,7764764000.0,-43748000.0,,1020976000.0,5184512000.0,2580252000.0,360802000.0,18732000.0,2146885000.0,433367000.0,-385818000.0,47549000.0,7764764000.0,217800000.0,219097000.0,220484000.0
Royal Caribbean Cruises Ltd,RCL,,884887,2013.0,Q1,2013-01-01,2013-03-31,2014-04-24 17:24:14+00:00,0.35,0.35,0.12,189364000.0,0.35,,76226000.0,76226000.0,76226000.0,,1282190000.0,1911220000.0,-2971000.0,0.0,274034000.0,1282190000.0,629030000.0,90182000.0,3747000.0,463398000.0,165632000.0,-89406000.0,76226000.0,1911220000.0,217800000.0,219097000.0,220484000.0
Royal Caribbean Cruises Ltd,RCL,,884887,2014.0,FY,2014-01-01,2014-12-31,2017-02-23 17:29:18+00:00,3.45,3.45,,772445000.0,3.43,0.0,764146000.0,764146000.0,764146000.0,,5306281000.0,8073855000.0,18602000.0,4318000.0,1048952000.0,5306281000.0,2767574000.0,258299000.0,61984000.0,1825715000.0,941859000.0,-177713000.0,764146000.0,8073855000.0,221658000.0,221658000.0,221658000.0
Royal Caribbean Cruises Ltd,RCL,,884887,2014.0,Q4,2014-10-01,2014-12-31,,0.51,0.51,-0.8,193382000.0,0.5,,109768000.0,109768000.0,109768000.0,,1244745000.0,1817826000.0,831000.0,2360000.0,257995000.0,1244745000.0,573081000.0,64368000.0,53961000.0,453737000.0,119344000.0,-9576000.0,109768000.0,1817826000.0,221658000.0,221658000.0,221658000.0
Royal Caribbean Cruises Ltd,RCL,,884887,2014.0,Q3,2014-07-01,2014-09-30,2015-10-23 17:11:16+00:00,2.2,2.2,0.3,192448000.0,2.19,0.0,490248000.0,490248000.0,490248000.0,,1426882000.0,2388762000.0,18769000.0,308000.0,239662000.0,1426882000.0,961880000.0,60100000.0,2117000.0,432418000.0,529462000.0,-39214000.0,490248000.0,2388762000.0,222800000.0,222523000.0,223859000.0
Royal Caribbean Cruises Ltd,RCL,,884887,2014.0,Q3YTD,2014-01-01,2014-09-30,,2.94,2.94,0.8,579063000.0,2.93,,654378000.0,654378000.0,654378000.0,,4061536000.0,6256029000.0,17771000.0,1958000.0,790957000.0,4061536000.0,2194493000.0,193931000.0,8023000.0,1371978000.0,822515000.0,-168137000.0,654378000.0,6256029000.0,222800000.0,222523000.0,223859000.0
Royal Caribbean Cruises Ltd,RCL,,884887,2014.0,Q3TTM,2013-10-01,2014-09-30,,2.98,2.98,0.31,769685000.0,2.96,,661396000.0,661396000.0,661396000.0,,5344196000.0,8110187000.0,22082000.0,44982000.0,1053840000.0,5344196000.0,2765991000.0,269640000.0,11470000.0,1868507000.0,897484000.0,-236088000.0,661396000.0,8110187000.0,222800000.0,222523000.0,223859000.0
Royal Caribbean Cruises Ltd,RCL,,884887,2014.0,Q2YTD,2014-01-01,2014-06-30,,0.74,0.74,0.5,386615000.0,0.74,,164130000.0,164130000.0,164130000.0,,2634654000.0,3867267000.0,-998000.0,1650000.0,551295000.0,2634654000.0,1232613000.0,133831000.0,5906000.0,939560000.0,293053000.0,-128923000.0,164130000.0,3867267000.0,222100000.0,222189000.0,223381000.0
Royal Caribbean Cruises Ltd,RCL,,884887,2014.0,Q2TTM,2013-07-01,2014-06-30,,2.44,2.44,0.26,765778000.0,2.42,,536849000.0,536849000.0,536849000.0,,5334115000.0,8033174000.0,5366000.0,56918000.0,1064132000.0,5334115000.0,2699059000.0,293400000.0,12652000.0,1886828000.0,812231000.0,-275382000.0,536849000.0,8033174000.0,222100000.0,222189000.0,223381000.0
Royal Caribbean Cruises Ltd,RCL,,884887,2014.0,Q2,2014-04-01,2014-06-30,2015-07-31 17:24:37+00:00,0.62,0.62,0.25,192880000.0,0.62,,137673000.0,137673000.0,137673000.0,,1330674000.0,1980043000.0,4716000.0,-86000.0,260988000.0,1330674000.0,649369000.0,65260000.0,2630000.0,453782000.0,195587000.0,-57914000.0,137673000.0,1980043000.0,222100000.0,222189000.0,223381000.0
Royal Caribbean Cruises Ltd,RCL,,884887,2014.0,Q1TTM,2013-04-01,2014-03-31,,1.93,1.93,0.13,759082000.0,1.91,,423923000.0,423923000.0,423923000.0,,5327060000.0,7935898000.0,-4469000.0,58682000.0,1061092000.0,5327060000.0,2608838000.0,315017000.0,13427000.0,1878856000.0,729982000.0,-306059000.0,423923000.0,7935898000.0,220500000.0,221295000.0,222671000.0
Royal Caribbean Cruises Ltd,RCL,,884887,2014.0,Q1,2014-01-01,2014-03-31,2015-04-23 16:40:18+00:00,0.12,0.12,0.25,193735000.0,0.12,,26457000.0,26457000.0,26457000.0,,1303980000.0,1887224000.0,-5714000.0,1736000.0,290307000.0,1303980000.0,583244000.0,68571000.0,3276000.0,485778000.0,97466000.0,-71009000.0,26457000.0,1887224000.0,220500000.0,221295000.0,222671000.0
Royal Caribbean Cruises Ltd,RCL,,884887,2015.0,FY,2015-01-01,2015-12-31,2018-02-20 19:14:46+00:00,3.03,3.03,,827008000.0,3.02,411267000.0,665783000.0,665783000.0,665783000.0,,5099393000.0,8299074000.0,-24445000.0,,1086504000.0,5099393000.0,3199681000.0,277725000.0,93051000.0,2324779000.0,874902000.0,-209119000.0,665783000.0,8299074000.0,219537000.0,219537000.0,219537000.0
Royal Caribbean Cruises Ltd,RCL,,884887,2015.0,Q4,2015-10-01,2015-12-31,,0.94,0.94,-0.98,209330000.0,0.95,,206799000.0,206799000.0,206799000.0,,1173341000.0,1902053000.0,-63799000.0,,269464000.0,1173341000.0,728712000.0,64127000.0,84807000.0,478794000.0,249918000.0,-43119000.0,206799000.0,1902053000.0,219537000.0,219537000.0,219537000.0
Royal Caribbean Cruises Ltd,RCL,,884887,2015.0,Q3,2015-07-01,2015-09-30,2016-10-28 17:11:02+00:00,1.04,1.04,0.375,210742000.0,1.03,411267000.0,228787000.0,228787000.0,228787000.0,,1387026000.0,2523100000.0,35866000.0,0.0,256060000.0,1387026000.0,1136074000.0,66819000.0,1735000.0,878069000.0,258005000.0,-29218000.0,228787000.0,2523100000.0,220000000.0,219963000.0,221137000.0
Royal Caribbean Cruises Ltd,RCL,,884887,2015.0,Q3YTD,2015-01-01,2015-09-30,,2.09,2.09,0.98,617678000.0,2.07,411267000.0,458984000.0,458984000.0,458984000.0,,3926052000.0,6397021000.0,39354000.0,,817040000.0,3926052000.0,2470969000.0,213598000.0,8244000.0,1845985000.0,624984000.0,-166000000.0,458984000.0,6397021000.0,220000000.0,219963000.0,221137000.0
Royal Caribbean Cruises Ltd,RCL,,884887,2015.0,Q3TTM,2014-10-01,2015-09-30,,2.6,2.6,0.18,811060000.0,2.57,411267000.0,568752000.0,568752000.0,568752000.0,,5170797000.0,8214847000.0,40185000.0,2360000.0,1075035000.0,5170797000.0,3044050000.0,277966000.0,62205000.0,2299722000.0,744328000.0,-175576000.0,568752000.0,8214847000.0,220000000.0,219963000.0,221137000.0
Royal Caribbean Cruises Ltd,RCL,,884887,2015.0,Q2,2015-04-01,2015-06-30,2016-08-02 16:53:48+00:00,0.84,0.84,0.3,206468000.0,0.84,,184967000.0,184967000.0,184967000.0,,1316409000.0,2058322000.0,-2482000.0,0.0,274148000.0,1316409000.0,741913000.0,76620000.0,2772000.0,480616000.0,261297000.0,-76330000.0,184967000.0,2058322000.0,220200000.0,219913000.0,220902000.0
Royal Caribbean Cruises Ltd,RCL,,884887,2015.0,Q2YTD,2015-01-01,2015-06-30,,1.05,1.05,0.6,406936000.0,1.04,,230197000.0,230197000.0,230197000.0,,2539026000.0,3873921000.0,3488000.0,,560980000.0,2539026000.0,1334895000.0,146779000.0,6509000.0,967916000.0,366979000.0,-136782000.0,230197000.0,3873921000.0,220200000.0,219913000.0,220902000.0
Royal Caribbean Cruises Ltd,RCL,,884887,2015.0,Q2TTM,2014-07-01,2015-06-30,,3.76,3.76,0.1,792766000.0,3.73,,830213000.0,830213000.0,830213000.0,,5210653000.0,8080509000.0,23088000.0,2668000.0,1058637000.0,5210653000.0,2869856000.0,271247000.0,62587000.0,1854071000.0,1015785000.0,-185572000.0,830213000.0,8080509000.0,220200000.0,219913000.0,220902000.0
Royal Caribbean Cruises Ltd,RCL,,884887,2015.0,Q1,2015-01-01,2015-03-31,2016-04-29 17:24:39+00:00,0.21,0.21,0.3,200468000.0,0.2,,45230000.0,45230000.0,45230000.0,,1222617000.0,1815599000.0,5970000.0,0.0,286832000.0,1222617000.0,592982000.0,70159000.0,3737000.0,487300000.0,105682000.0,-60452000.0,45230000.0,1815599000.0,215400000.0,219626000.0,220842000.0
Royal Caribbean Cruises Ltd,RCL,,884887,2015.0,Q1TTM,2014-04-01,2015-03-31,,3.54,3.54,0.05,779178000.0,3.51,,782919000.0,782919000.0,782919000.0,,5224918000.0,8002230000.0,30286000.0,2582000.0,1045477000.0,5224918000.0,2777312000.0,259887000.0,62445000.0,1827237000.0,950075000.0,-167156000.0,782919000.0,8002230000.0,215400000.0,219626000.0,220842000.0
Royal Caribbean Cruises Ltd,RCL,,884887,2016.0,FY,2016-01-01,2016-12-31,2019-02-22 17:15:23+00:00,5.96,5.96,1.71,894915000.0,5.93,,1283388000.0,1283388000.0,1283388000.0,0.0,5015539000.0,8496401000.0,-35653000.0,,1108742000.0,5015539000.0,3480862000.0,307370000.0,149206000.0,2003657000.0,1477205000.0,-193817000.0,1283388000.0,8496401000.0,215393000.0,215393000.0,215393000.0
Royal Caribbean Cruises Ltd,RCL,,884887,2016.0,Q4,2016-10-01,2016-12-31,,1.2,1.2,0.59,233203000.0,1.2,,261086000.0,261086000.0,261086000.0,,1123251000.0,1909603000.0,5313000.0,,256307000.0,1123251000.0,786352000.0,80567000.0,39498000.0,489510000.0,296842000.0,-35756000.0,261086000.0,1909603000.0,215393000.0,215393000.0,215393000.0
Royal Caribbean Cruises Ltd,RCL,,884887,2016.0,Q3,2016-07-01,2016-09-30,2017-11-07 17:19:58+00:00,3.23,3.23,0.375,229328000.0,3.21,,693257000.0,693257000.0,693257000.0,,1340123000.0,2563741000.0,-12107000.0,,259327000.0,1340123000.0,1223618000.0,82610000.0,53011000.0,488655000.0,734963000.0,-41706000.0,693257000.0,2563741000.0,214600000.0,214819000.0,215667000.0
Royal Caribbean Cruises Ltd,RCL,,884887,2016.0,Q3YTD,2016-01-01,2016-09-30,,4.76,4.76,1.13,661712000.0,4.73,,1022302000.0,1022302000.0,1022302000.0,,3892288000.0,6586798000.0,-40966000.0,,852435000.0,3892288000.0,2694510000.0,226803000.0,109708000.0,1514147000.0,1180363000.0,-158061000.0,1022302000.0,6586798000.0,214600000.0,214819000.0,215667000.0
Royal Caribbean Cruises Ltd,RCL,,884887,2016.0,Q3TTM,2015-10-01,2016-09-30,,5.7,5.7,0.15,871042000.0,5.68,,1229101000.0,1229101000.0,1229101000.0,,5065629000.0,8488851000.0,-104765000.0,,1121899000.0,5065629000.0,3423222000.0,290930000.0,194515000.0,1992941000.0,1430281000.0,-201180000.0,1229101000.0,8488851000.0,214600000.0,214819000.0,215667000.0
Royal Caribbean Cruises Ltd,RCL,,884887,2016.0,Q2,2016-04-01,2016-06-30,2017-08-01 17:00:37+00:00,1.07,1.07,0.375,221620000.0,1.06,,229905000.0,229905000.0,229905000.0,,1310587000.0,2105262000.0,-6572000.0,,290782000.0,1310587000.0,794675000.0,78747000.0,32951000.0,512402000.0,282273000.0,-52368000.0,229905000.0,2105262000.0,214900000.0,215265000.0,216131000.0
Royal Caribbean Cruises Ltd,RCL,,884887,2016.0,Q2YTD,2016-01-01,2016-06-30,,1.53,1.53,0.75,432384000.0,1.52,,329045000.0,329045000.0,329045000.0,,2552165000.0,4023057000.0,-28859000.0,,593108000.0,2552165000.0,1470892000.0,144193000.0,56697000.0,1025492000.0,445400000.0,-116355000.0,329045000.0,4023057000.0,214900000.0,215265000.0,216131000.0
Royal Caribbean Cruises Ltd,RCL,,884887,2016.0,Q2TTM,2015-07-01,2016-06-30,,3.51,3.51,0.15,852456000.0,3.5,411267000.0,764631000.0,764631000.0,764631000.0,,5112532000.0,8448210000.0,-56792000.0,,1118632000.0,5112532000.0,3335678000.0,275139000.0,143239000.0,2382355000.0,953323000.0,-188692000.0,764631000.0,8448210000.0,214900000.0,215265000.0,216131000.0
Royal Caribbean Cruises Ltd,RCL,,884887,2016.0,Q1,2016-01-01,2016-03-31,2017-04-28 17:06:48+00:00,0.46,0.46,0.375,210764000.0,0.46,,99140000.0,99140000.0,99140000.0,,1241578000.0,1917795000.0,-22287000.0,,302326000.0,1241578000.0,676217000.0,65446000.0,23746000.0,513090000.0,163127000.0,-63987000.0,99140000.0,1917795000.0,215500000.0,216914000.0,217869000.0
Royal Caribbean Cruises Ltd,RCL,,884887,2016.0,Q1TTM,2015-04-01,2016-03-31,,3.28,3.28,0.08,837304000.0,3.28,411267000.0,719693000.0,719693000.0,719693000.0,,5118354000.0,8401270000.0,-52702000.0,,1101998000.0,5118354000.0,3282916000.0,273012000.0,113060000.0,2350569000.0,932347000.0,-212654000.0,719693000.0,8401270000.0,215500000.0,216914000.0,217869000.0
Royal Caribbean Cruises Ltd,RCL,,884887,2017.0,FY,2017-01-01,2017-12-31,2020-02-25 17:13:38+00:00,7.57,7.57,2.16,951194000.0,7.53,,1625133000.0,1625133000.0,1625133000.0,0.0,4896579000.0,8777845000.0,-5289000.0,,1186016000.0,4896579000.0,3881266000.0,299982000.0,186348000.0,2137210000.0,1744056000.0,-118923000.0,1625133000.0,8777845000.0,214617000.0,214617000.0,214617000.0
Royal Caribbean Cruises Ltd,RCL,,884887,2017.0,Q4,2017-10-01,2017-12-31,,1.34,1.34,0.6,240358000.0,1.34,,288039000.0,288039000.0,288039000.0,,1145701000.0,2004467000.0,1257000.0,,311059000.0,1145701000.0,858766000.0,69800000.0,49233000.0,551417000.0,307349000.0,-19310000.0,288039000.0,2004467000.0,214617000.0,214617000.0,214617000.0
Royal Caribbean Cruises Ltd,RCL,,884887,2017.0,Q3,2017-07-01,2017-09-30,2018-10-25 17:32:39+00:00,3.51,3.51,0.6,240150000.0,3.49,,752842000.0,752842000.0,752842000.0,,1318269000.0,2569544000.0,-1226000.0,,273637000.0,1318269000.0,1251275000.0,73233000.0,89813000.0,513787000.0,737488000.0,15354000.0,752842000.0,2569544000.0,214500000.0,214694000.0,215824000.0
Royal Caribbean Cruises Ltd,RCL,,884887,2017.0,Q3YTD,2017-01-01,2017-09-30,,6.23,6.23,1.56,710836000.0,6.19,,1337094000.0,1337094000.0,1337094000.0,,3750878000.0,6773378000.0,-6546000.0,,874957000.0,3750878000.0,3022500000.0,230182000.0,137115000.0,1585793000.0,1436707000.0,-99613000.0,1337094000.0,6773378000.0,214500000.0,214694000.0,215824000.0
Royal Caribbean Cruises Ltd,RCL,,884887,2017.0,Q3TTM,2016-10-01,2017-09-30,,7.43,7.43,2.15,944039000.0,7.39,,1598180000.0,1598180000.0,1598180000.0,,4874129000.0,8682981000.0,-1233000.0,,1131264000.0,4874129000.0,3808852000.0,310749000.0,176613000.0,2075303000.0,1733549000.0,-135369000.0,1598180000.0,8682981000.0,214500000.0,214694000.0,215824000.0
Royal Caribbean Cruises Ltd,RCL,,884887,2017.0,Q2,2017-04-01,2017-06-30,2018-08-02 17:31:18+00:00,1.72,1.72,0.48,234937000.0,1.71,,369526000.0,369526000.0,369526000.0,,1256785000.0,2195274000.0,-2709000.0,,283855000.0,1256785000.0,938489000.0,76632000.0,29170000.0,518792000.0,419697000.0,-50171000.0,369526000.0,2195274000.0,214800000.0,215085000.0,216062000.0
Royal Caribbean Cruises Ltd,RCL,,884887,2017.0,Q2YTD,2017-01-01,2017-06-30,,2.72,2.72,0.96,470686000.0,2.7,,584252000.0,584252000.0,584252000.0,,2432609000.0,4203834000.0,-5320000.0,,601320000.0,2432609000.0,1771225000.0,156949000.0,47302000.0,1072006000.0,699219000.0,-114967000.0,584252000.0,4203834000.0,214800000.0,215085000.0,216062000.0
Royal Caribbean Cruises Ltd,RCL,,884887,2017.0,Q2TTM,2016-07-01,2017-06-30,,7.15,7.15,1.92,933217000.0,7.11,,1538595000.0,1538595000.0,1538595000.0,,4895983000.0,8677178000.0,-12114000.0,,1116954000.0,4895983000.0,3781195000.0,320126000.0,139811000.0,2050171000.0,1731024000.0,-192429000.0,1538595000.0,8677178000.0,214800000.0,215085000.0,216062000.0
Royal Caribbean Cruises Ltd,RCL,,884887,2017.0,Q1,2017-01-01,2017-03-31,2018-04-30 17:19:38+00:00,1.0,1.0,0.48,235749000.0,0.99,,214726000.0,214726000.0,214726000.0,,1175824000.0,2008560000.0,-2611000.0,,317465000.0,1175824000.0,832736000.0,80317000.0,18132000.0,553214000.0,279522000.0,-64796000.0,214726000.0,2008560000.0,214700000.0,214870000.0,215813000.0
Royal Caribbean Cruises Ltd,RCL,,884887,2017.0,Q1TTM,2016-04-01,2017-03-31,,6.5,6.5,1.82,919900000.0,6.46,,1398974000.0,1398974000.0,1398974000.0,,4949785000.0,8587166000.0,-15977000.0,,1123881000.0,4949785000.0,3637381000.0,322241000.0,143592000.0,2043781000.0,1593600000.0,-194626000.0,1398974000.0,8587166000.0,214700000.0,214870000.0,215813000.0
Royal Caribbean Cruises Ltd,RCL,,884887,2018.0,FY,2018-01-01,2018-12-31,2020-02-25 17:13:38+00:00,8.6,8.6,2.6,1033697000.0,8.56,,1815792000.0,1815792000.0,1811042000.0,4750000.0,5262207000.0,9493849000.0,11107000.0,,1303144000.0,5262207000.0,4231642000.0,333672000.0,243556000.0,2336841000.0,1894801000.0,-79009000.0,1815792000.0,9493849000.0,210570000.0,210570000.0,210570000.0
Royal Caribbean Cruises Ltd,RCL,,884887,2018.0,Q4,2018-10-01,2018-12-31,,1.49,1.49,0.7,280168000.0,1.49,,320453000.0,320453000.0,315703000.0,4750000.0,1360413000.0,2332301000.0,5184000.0,,327693000.0,1360413000.0,971888000.0,97420000.0,48662000.0,607861000.0,364027000.0,-43574000.0,320453000.0,2332301000.0,210570000.0,210570000.0,210570000.0
Royal Caribbean Cruises Ltd,RCL,,884887,2018.0,Q3,2018-07-01,2018-09-30,2019-10-30 17:28:26+00:00,3.88,3.88,0.7,259923000.0,3.86,,810391000.0,810391000.0,810391000.0,0.0,1411364000.0,2796187000.0,-3832000.0,,325167000.0,1411364000.0,1384823000.0,86510000.0,101000000.0,585090000.0,799733000.0,10658000.0,810391000.0,2796187000.0,208900000.0,209054000.0,209928000.0
Royal Caribbean Cruises Ltd,RCL,,884887,2018.0,Q3YTD,2018-01-01,2018-09-30,,7.11,7.11,1.9,753529000.0,7.07,,1495339000.0,1495339000.0,1495339000.0,,3901794000.0,7161548000.0,5923000.0,,975451000.0,3901794000.0,3259754000.0,236252000.0,194894000.0,1728980000.0,1530774000.0,-35435000.0,1495339000.0,7161548000.0,208900000.0,209054000.0,209928000.0
Royal Caribbean Cruises Ltd,RCL,,884887,2018.0,Q3TTM,2017-10-01,2018-09-30,,8.45,8.45,2.5,993887000.0,8.41,,1783378000.0,1783378000.0,1783378000.0,,5047495000.0,9166015000.0,7180000.0,,1286510000.0,5047495000.0,4118520000.0,306052000.0,244127000.0,2280397000.0,1838123000.0,-54745000.0,1783378000.0,9166015000.0,208900000.0,209054000.0,209928000.0
Royal Caribbean Cruises Ltd,RCL,,884887,2018.0,Q2,2018-04-01,2018-06-30,2019-07-25 18:01:10+00:00,2.2,2.2,0.6,253376000.0,2.19,,466295000.0,466295000.0,466295000.0,0.0,1314411000.0,2337605000.0,33855000.0,,312923000.0,1314411000.0,1023194000.0,81864000.0,57409000.0,566299000.0,456895000.0,9400000.0,466295000.0,2337605000.0,212000000.0,211673000.0,212509000.0
Royal Caribbean Cruises Ltd,RCL,,884887,2018.0,Q2YTD,2018-01-01,2018-06-30,,3.23,3.23,1.2,493606000.0,3.21,,684948000.0,684948000.0,684948000.0,,2490430000.0,4365361000.0,9755000.0,,650284000.0,2490430000.0,1874931000.0,149742000.0,93894000.0,1143890000.0,731041000.0,-46093000.0,684948000.0,4365361000.0,212000000.0,211673000.0,212509000.0
Royal Caribbean Cruises Ltd,RCL,,884887,2018.0,Q2TTM,2017-07-01,2018-06-30,,8.08,8.08,2.4,974114000.0,8.04,,1725829000.0,1725829000.0,1725829000.0,,4954400000.0,8939372000.0,9786000.0,,1234980000.0,4954400000.0,3984972000.0,292775000.0,232940000.0,2209094000.0,1775878000.0,-50049000.0,1725829000.0,8939372000.0,212000000.0,211673000.0,212509000.0
Royal Caribbean Cruises Ltd,RCL,,884887,2018.0,Q1,2018-01-01,2018-03-31,2019-05-01 18:07:22+00:00,1.03,1.03,0.6,240230000.0,1.02,,218653000.0,218653000.0,218653000.0,0.0,1176019000.0,2027756000.0,-24100000.0,,337361000.0,1176019000.0,851737000.0,67878000.0,36485000.0,577591000.0,274146000.0,-55493000.0,218653000.0,2027756000.0,212300000.0,212610000.0,213602000.0
Royal Caribbean Cruises Ltd,RCL,,884887,2018.0,Q1TTM,2017-04-01,2018-03-31,,7.6,7.6,2.28,955675000.0,7.56,,1629060000.0,1629060000.0,1629060000.0,,4896774000.0,8797041000.0,-26778000.0,,1205912000.0,4896774000.0,3900267000.0,287543000.0,204701000.0,2161587000.0,1738680000.0,-109620000.0,1629060000.0,8797041000.0,212300000.0,212610000.0,213602000.0
Royal Caribbean Cruises Ltd,RCL,,884887,2019.0,Q4,2019-10-01,2019-12-31,,1.31,1.31,0.78,321762000.0,1.31,,280474000.0,280474000.0,273136000.0,7338000.0,1481519000.0,2517413000.0,10024000.0,,414707000.0,1481519000.0,1035894000.0,94756000.0,65781000.0,736469000.0,299425000.0,-18951000.0,280474000.0,2517413000.0,209405000.0,209405000.0,209405000.0
Royal Caribbean Cruises Ltd,RCL,,884887,2019.0,FY,2019-01-01,2019-12-31,2020-02-25 17:13:38+00:00,8.97,8.97,2.96,1245942000.0,8.95,,1907600000.0,1907600000.0,1878887000.0,28713000.0,6062765000.0,10950661000.0,-24513000.0,,1559253000.0,6062765000.0,4887896000.0,408513000.0,257925000.0,2805195000.0,2082701000.0,-175101000.0,1907600000.0,10950661000.0,209405000.0,209405000.0,209405000.0
Royal Caribbean Cruises Ltd,RCL,,884887,2019.0,Q3YTD,2019-01-01,2019-09-30,,7.66,7.66,2.18,924180000.0,7.64,,1627126000.0,1627126000.0,1605751000.0,21375000.0,4581246000.0,8433248000.0,-34537000.0,,1144546000.0,4581246000.0,3852002000.0,313757000.0,192144000.0,2068726000.0,1783276000.0,-156150000.0,1627126000.0,8433248000.0,209800000.0,209575000.0,210121000.0
Royal Caribbean Cruises Ltd,RCL,,884887,2019.0,Q3TTM,2018-10-01,2019-09-30,,9.15,9.15,2.88,1204348000.0,9.13,,1947579000.0,1947579000.0,1921454000.0,26125000.0,5941659000.0,10765549000.0,-29353000.0,,1472239000.0,5941659000.0,4823890000.0,411177000.0,240806000.0,2676587000.0,2147303000.0,-199724000.0,1947579000.0,10765549000.0,209800000.0,209575000.0,210121000.0
Royal Caribbean Cruises Ltd,RCL,,884887,2019.0,Q3,2019-07-01,2019-09-30,2019-10-30 17:28:26+00:00,4.21,4.21,0.78,320295000.0,4.2,,890365000.0,890365000.0,883240000.0,7125000.0,1623038000.0,3186850000.0,-7668000.0,,352725000.0,1623038000.0,1563812000.0,102038000.0,109279000.0,673020000.0,890792000.0,-427000.0,890365000.0,3186850000.0,209800000.0,209575000.0,210121000.0
Royal Caribbean Cruises Ltd,RCL,,884887,2019.0,Q2YTD,2019-01-01,2019-06-30,,3.45,3.45,1.4,603885000.0,3.44,,736761000.0,736761000.0,722511000.0,14250000.0,2958208000.0,5246398000.0,-26869000.0,,791821000.0,2958208000.0,2288190000.0,211719000.0,82865000.0,1395706000.0,892484000.0,-155723000.0,736761000.0,5246398000.0,209200000.0,209531000.0,210052000.0
Royal Caribbean Cruises Ltd,RCL,,884887,2019.0,Q2TTM,2018-07-01,2019-06-30,,8.82,8.82,2.8,1143976000.0,8.79,,1867605000.0,1867605000.0,1848605000.0,19000000.0,5729985000.0,10374886000.0,-25517000.0,,1444681000.0,5729985000.0,4644901000.0,395649000.0,232527000.0,2588657000.0,2056244000.0,-188639000.0,1867605000.0,10374886000.0,209200000.0,209531000.0,210052000.0
Royal Caribbean Cruises Ltd,RCL,,884887,2019.0,Q2,2019-04-01,2019-06-30,2019-07-25 18:01:10+00:00,2.26,2.26,0.7,311600000.0,2.25,,479955000.0,479955000.0,472830000.0,7125000.0,1544504000.0,2806631000.0,-21781000.0,,376874000.0,1544504000.0,1262127000.0,111304000.0,39387000.0,688474000.0,573653000.0,-93698000.0,479955000.0,2806631000.0,209200000.0,209531000.0,210052000.0
Royal Caribbean Cruises Ltd,RCL,,884887,2019.0,Q1,2019-01-01,2019-03-31,2020-05-21 09:05:32+00:00,1.19,1.19,0.7,292285000.0,1.19,0.0,256806000.0,256806000.0,249681000.0,7125000.0,1413704000.0,2439767000.0,-5088000.0,,414947000.0,1413704000.0,1026063000.0,100415000.0,43478000.0,707232000.0,318831000.0,-62025000.0,256806000.0,2439767000.0,209800000.0,209322000.0,209874000.0
Royal Caribbean Cruises Ltd,RCL,,884887,2019.0,Q1TTM,2018-04-01,2019-03-31,,8.76,8.76,2.7,1085752000.0,8.73,,1853945000.0,1853945000.0,1842070000.0,11875000.0,5499892000.0,9905860000.0,30119000.0,,1380730000.0,5499892000.0,4405968000.0,366209000.0,250549000.0,2466482000.0,1939486000.0,-85541000.0,1853945000.0,9905860000.0,209800000.0,209322000.0,209874000.0
Royal Caribbean Cruises Ltd,RCL,,884887,2020.0,Q1TTM,2019-04-01,2020-03-31,,0.87,0.87,3.04,1277987000.0,0.85,1108118000.0,213759000.0,213759000.0,184727000.0,29032000.0,6159880000.0,10543644000.0,-52284000.0,,1540196000.0,6159880000.0,4383764000.0,401009000.0,209589000.0,3926301000.0,457463000.0,-243704000.0,213759000.0,10543644000.0,209000000.0,209097000.0,209097000.0
Royal Caribbean Cruises Ltd,RCL,,884887,2020.0,Q1,2020-01-01,2020-03-31,2020-05-21 09:05:32+00:00,-6.91,-6.91,0.78,324330000.0,-6.91,1108118000.0,-1437035000.0,-1437035000.0,-1444479000.0,7444000.0,1510819000.0,2032750000.0,-32859000.0,,395890000.0,1510819000.0,521931000.0,92911000.0,-4858000.0,1828338000.0,-1306407000.0,-130628000.0,-1437035000.0,2032750000.0,209000000.0,209097000.0,209097000.0
