company_name,company_ticker,company_lei,company_cik,year,quarter,start_date,end_date,filing_date,basicdilutedeps,basiceps,cashdividendspershare,dilutedeps,incometaxexpense,netincome,netincomecontinuing,netincometocommon,netincometononcontrollinginterest,operatingcostofrevenue,operatingrevenue,otherincome,otheroperatingexpenses,otherspecialcharges,sgaexpense,totalcostofrevenue,totalgrossprofit,totalinterestexpense,totalinterestincome,totaloperatingexpenses,totaloperatingincome,totalotherincome,totalpretaxincome,totalrevenue,weightedavebasicdilutedsharesos,weightedavebasicsharesos,weightedavedilutedsharesos
Packaging Corp of America,PKG,549300XZP8MFZFY8TJ84,75677,2008.0,FY,2008-01-01,2008-12-31,2011-02-22 16:30:27+00:00,1.32,1.32,1.2,1.31,74534000.0,135609000.0,135609000.0,135609000.0,,1869135000.0,2360493000.0,,15259000.0,,234287000.0,1869135000.0,491358000.0,31669000.0,,249546000.0,241812000.0,-31669000.0,210143000.0,2360493000.0,102700000.0,102753000.0,103593000.0
Packaging Corp of America,PKG,549300XZP8MFZFY8TJ84,75677,2009.0,FY,2009-01-01,2009-12-31,2012-02-21 15:25:52+00:00,2.62,2.62,0.6,2.6,51076000.0,265895000.0,265895000.0,265895000.0,,1721012000.0,2147589000.0,,-153902000.0,,228025000.0,1721012000.0,426577000.0,35483000.0,,74123000.0,352454000.0,-35483000.0,316971000.0,2147589000.0,101500000.0,101577000.0,102358000.0
Packaging Corp of America,PKG,549300XZP8MFZFY8TJ84,75677,2009.0,Q3,2009-07-01,2009-09-30,2010-11-03 16:36:23+00:00,0.71,0.71,0.15,0.71,14715000.0,72655000.0,72655000.0,72655000.0,,443041000.0,553573000.0,,-43245000.0,,57446000.0,443041000.0,110532000.0,8961000.0,,14201000.0,96331000.0,-8961000.0,87370000.0,553573000.0,102300000.0,101713000.0,102536000.0
Packaging Corp of America,PKG,549300XZP8MFZFY8TJ84,75677,2009.0,Q2,2009-04-01,2009-06-30,2010-08-04 14:33:27+00:00,1.07,1.07,0.15,1.07,18006000.0,108881000.0,108881000.0,108881000.0,,430882000.0,549381000.0,,4265000.0,-79695000.0,58212000.0,430882000.0,118499000.0,8830000.0,,-17218000.0,135717000.0,-8830000.0,126887000.0,549381000.0,101800000.0,101469000.0,102164000.0
Packaging Corp of America,PKG,549300XZP8MFZFY8TJ84,75677,2010.0,Q4,2010-10-01,2010-12-31,,0.54,0.54,0.15,0.53,33912000.0,54891000.0,54891000.0,54891000.0,,479367000.0,626651000.0,,-9975000.0,,60897000.0,479367000.0,147284000.0,7559000.0,,50922000.0,96362000.0,-7559000.0,88803000.0,626651000.0,101700000.0,101678000.0,102608000.0
Packaging Corp of America,PKG,549300XZP8MFZFY8TJ84,75677,2010.0,FY,2010-01-01,2010-12-31,2013-02-28 14:19:09+00:00,2.02,2.02,0.6,2.0,-52331000.0,205435000.0,205435000.0,205435000.0,,1903406000.0,2435606000.0,,106229000.0,,240589000.0,1903406000.0,532200000.0,32278000.0,,346818000.0,185382000.0,-32278000.0,153104000.0,2435606000.0,101700000.0,101678000.0,102608000.0
Packaging Corp of America,PKG,549300XZP8MFZFY8TJ84,75677,2010.0,Q3YTD,2010-01-01,2010-09-30,,1.48,1.48,0.45,1.47,-86243000.0,150544000.0,150544000.0,150544000.0,,1424039000.0,1808955000.0,,116204000.0,,179692000.0,1424039000.0,384916000.0,24719000.0,,295896000.0,89020000.0,-24719000.0,64301000.0,1808955000.0,101400000.0,101776000.0,102687000.0
Packaging Corp of America,PKG,549300XZP8MFZFY8TJ84,75677,2010.0,Q3,2010-07-01,2010-09-30,2011-11-03 15:48:02+00:00,0.92,0.92,0.15,0.91,-113565000.0,93320000.0,93320000.0,93320000.0,,476312000.0,642764000.0,,116048000.0,,62746000.0,476312000.0,166452000.0,7903000.0,,178794000.0,-12342000.0,-7903000.0,-20245000.0,642764000.0,101400000.0,101776000.0,102687000.0
Packaging Corp of America,PKG,549300XZP8MFZFY8TJ84,75677,2010.0,Q2YTD,2010-01-01,2010-06-30,,0.56,0.56,0.3,0.56,27322000.0,57224000.0,57224000.0,57224000.0,,947727000.0,1166191000.0,,156000.0,,116946000.0,947727000.0,218464000.0,16816000.0,,117102000.0,101362000.0,-16816000.0,84546000.0,1166191000.0,102800000.0,102035000.0,102886000.0
Packaging Corp of America,PKG,549300XZP8MFZFY8TJ84,75677,2010.0,Q2,2010-04-01,2010-06-30,2011-08-04 15:36:21+00:00,0.37,0.37,0.15,0.37,21623000.0,38030000.0,38030000.0,38030000.0,,483794000.0,615459000.0,,3880000.0,,60039000.0,483794000.0,131665000.0,8093000.0,,63919000.0,67746000.0,-8093000.0,59653000.0,615459000.0,102800000.0,102035000.0,102886000.0
Packaging Corp of America,PKG,549300XZP8MFZFY8TJ84,75677,2010.0,Q1,2010-01-01,2010-03-31,2011-05-10 16:04:52+00:00,0.19,0.19,0.15,0.19,5699000.0,19194000.0,19194000.0,19194000.0,,463933000.0,550732000.0,,-3724000.0,,56907000.0,463933000.0,86799000.0,8723000.0,,53183000.0,33616000.0,-8723000.0,24893000.0,550732000.0,101000000.0,101928000.0,102876000.0
Packaging Corp of America,PKG,549300XZP8MFZFY8TJ84,75677,2011.0,Q4,2011-10-01,2011-12-31,,0.41,0.41,0.2,0.39,19048000.0,39465000.0,39465000.0,39465000.0,,520072000.0,654306000.0,,1263000.0,,65164000.0,520072000.0,134234000.0,-19951000.0,-29245000.0,66427000.0,67807000.0,-9294000.0,58513000.0,654306000.0,99400000.0,99281000.0,100376000.0
Packaging Corp of America,PKG,549300XZP8MFZFY8TJ84,75677,2011.0,FY,2011-01-01,2011-12-31,2014-02-28 15:15:12+00:00,1.59,1.59,0.8,1.57,85477000.0,158027000.0,158027000.0,158027000.0,,2078088000.0,2620111000.0,,10723000.0,,258551000.0,2078088000.0,542023000.0,,-29245000.0,269274000.0,272749000.0,-29245000.0,243504000.0,2620111000.0,99400000.0,99281000.0,100376000.0
Packaging Corp of America,PKG,549300XZP8MFZFY8TJ84,75677,2011.0,Q3YTD,2011-01-01,2011-09-30,,1.18,1.18,0.6,1.18,66429000.0,118562000.0,118562000.0,118562000.0,,1558016000.0,1965805000.0,,9460000.0,,193387000.0,1558016000.0,407789000.0,19951000.0,,202847000.0,204942000.0,-19951000.0,184991000.0,1965805000.0,99500000.0,99020000.0,100030000.0
Packaging Corp of America,PKG,549300XZP8MFZFY8TJ84,75677,2011.0,Q3TTM,2010-10-01,2011-09-30,,1.72,1.72,0.75,1.71,100341000.0,173453000.0,173453000.0,173453000.0,,2037383000.0,2592456000.0,,-515000.0,,254284000.0,2037383000.0,555073000.0,27510000.0,,253769000.0,301304000.0,-27510000.0,273794000.0,2592456000.0,99500000.0,99020000.0,100030000.0
Packaging Corp of America,PKG,549300XZP8MFZFY8TJ84,75677,2011.0,Q3,2011-07-01,2011-09-30,2012-11-06 15:56:55+00:00,0.42,0.42,0.2,0.42,22676000.0,41777000.0,41777000.0,41777000.0,,533077000.0,670824000.0,,1229000.0,,65338000.0,533077000.0,137747000.0,6727000.0,,66567000.0,71180000.0,-6727000.0,64453000.0,670824000.0,99500000.0,99020000.0,100030000.0
Packaging Corp of America,PKG,549300XZP8MFZFY8TJ84,75677,2011.0,Q2YTD,2011-01-01,2011-06-30,,0.76,0.76,0.4,0.76,43753000.0,76785000.0,76785000.0,76785000.0,,1024939000.0,1294981000.0,,8231000.0,,128049000.0,1024939000.0,270042000.0,13224000.0,,136280000.0,133762000.0,-13224000.0,120538000.0,1294981000.0,100900000.0,100094000.0,101128000.0
Packaging Corp of America,PKG,549300XZP8MFZFY8TJ84,75677,2011.0,Q2TTM,2010-07-01,2011-06-30,,2.22,2.22,0.7,2.2,-35900000.0,224996000.0,224996000.0,224996000.0,,1980618000.0,2564396000.0,,114304000.0,,251692000.0,1980618000.0,583778000.0,28686000.0,,365996000.0,217782000.0,-28686000.0,189096000.0,2564396000.0,100900000.0,100094000.0,101128000.0
Packaging Corp of America,PKG,549300XZP8MFZFY8TJ84,75677,2011.0,Q2,2011-04-01,2011-06-30,2012-08-07 15:41:43+00:00,0.39,0.39,0.2,0.39,22170000.0,39368000.0,39368000.0,39368000.0,,528580000.0,665481000.0,,4498000.0,,64544000.0,528580000.0,136901000.0,6321000.0,,69042000.0,67859000.0,-6321000.0,61538000.0,665481000.0,100900000.0,100094000.0,101128000.0
Packaging Corp of America,PKG,549300XZP8MFZFY8TJ84,75677,2011.0,Q1TTM,2010-04-01,2011-03-31,,2.2,2.2,0.65,2.18,-36447000.0,223658000.0,223658000.0,223658000.0,,1935832000.0,2514374000.0,,113686000.0,,247187000.0,1935832000.0,578542000.0,30458000.0,,360873000.0,217669000.0,-30458000.0,187211000.0,2514374000.0,101100000.0,100741000.0,101909000.0
Packaging Corp of America,PKG,549300XZP8MFZFY8TJ84,75677,2011.0,Q1,2011-01-01,2011-03-31,2012-05-08 15:36:06+00:00,0.37,0.37,0.2,0.37,21583000.0,37417000.0,37417000.0,37417000.0,,496359000.0,629500000.0,,3733000.0,,63505000.0,496359000.0,133141000.0,6903000.0,,67238000.0,65903000.0,-6903000.0,59000000.0,629500000.0,101100000.0,100741000.0,101909000.0
Packaging Corp of America,PKG,549300XZP8MFZFY8TJ84,75677,2012.0,Q4,2012-10-01,2012-12-31,,0.6,0.6,0.25,0.59,25778000.0,57411000.0,57411000.0,57411000.0,,567581000.0,736602000.0,,3614000.0,,72847000.0,567581000.0,169021000.0,-22939000.0,-32310000.0,76461000.0,92560000.0,-9371000.0,83189000.0,736602000.0,96400000.0,96400000.0,96400000.0
Packaging Corp of America,PKG,549300XZP8MFZFY8TJ84,75677,2012.0,FY,2012-01-01,2012-12-31,2015-02-27 16:04:08+00:00,1.66,1.66,1.0,1.64,214500000.0,160200000.0,160200000.0,160200000.0,,2209200000.0,2843900000.0,,-83700000.0,,280800000.0,2209200000.0,634700000.0,,-62900000.0,197100000.0,437600000.0,-62900000.0,374700000.0,2843900000.0,96400000.0,96400000.0,96400000.0
Packaging Corp of America,PKG,549300XZP8MFZFY8TJ84,75677,2012.0,Q3YTD,2012-01-01,2012-09-30,,1.06,1.06,0.75,1.05,188722000.0,102789000.0,102789000.0,102789000.0,,1641619000.0,2107298000.0,,-87314000.0,,207953000.0,1641619000.0,465679000.0,22939000.0,-30590000.0,120639000.0,345040000.0,-53529000.0,291511000.0,2107298000.0,97100000.0,96360000.0,97349000.0
Packaging Corp of America,PKG,549300XZP8MFZFY8TJ84,75677,2012.0,Q3TTM,2011-10-01,2012-09-30,,1.47,1.47,0.95,1.44,207770000.0,142254000.0,142254000.0,142254000.0,,2161691000.0,2761604000.0,,-86051000.0,,273117000.0,2161691000.0,599913000.0,2988000.0,-59835000.0,187066000.0,412847000.0,-62823000.0,350024000.0,2761604000.0,97100000.0,96360000.0,97349000.0
Packaging Corp of America,PKG,549300XZP8MFZFY8TJ84,75677,2012.0,Q3,2012-07-01,2012-09-30,2013-11-08 12:10:53+00:00,0.41,0.41,0.25,0.41,21691000.0,39791000.0,39791000.0,39791000.0,,560921000.0,723473000.0,,1961000.0,,68519000.0,560921000.0,162552000.0,,-30590000.0,70480000.0,92072000.0,-30590000.0,61482000.0,723473000.0,97100000.0,96360000.0,97349000.0
Packaging Corp of America,PKG,549300XZP8MFZFY8TJ84,75677,2012.0,Q2YTD,2012-01-01,2012-06-30,,0.65,0.65,0.5,0.64,167031000.0,62998000.0,62998000.0,62998000.0,,1080698000.0,1383825000.0,,-89275000.0,,139434000.0,1080698000.0,303127000.0,22939000.0,,50159000.0,252968000.0,-22939000.0,230029000.0,1383825000.0,96100000.0,96266000.0,97411000.0
Packaging Corp of America,PKG,549300XZP8MFZFY8TJ84,75677,2012.0,Q2TTM,2011-07-01,2012-06-30,,1.48,1.48,0.9,1.45,208755000.0,144240000.0,144240000.0,144240000.0,,2133847000.0,2708955000.0,,-86783000.0,,269936000.0,2133847000.0,575108000.0,9715000.0,-29245000.0,183153000.0,391955000.0,-38960000.0,352995000.0,2708955000.0,96100000.0,96266000.0,97411000.0
Packaging Corp of America,PKG,549300XZP8MFZFY8TJ84,75677,2012.0,Q2,2012-04-01,2012-06-30,2013-08-06 16:31:55+00:00,0.47,0.47,0.25,0.46,25448000.0,45154000.0,45154000.0,45154000.0,,554360000.0,712468000.0,,3646000.0,,70604000.0,554360000.0,158108000.0,13256000.0,,74250000.0,83858000.0,-13256000.0,70602000.0,712468000.0,96100000.0,96266000.0,97411000.0
Packaging Corp of America,PKG,549300XZP8MFZFY8TJ84,75677,2012.0,Q1TTM,2011-04-01,2012-03-31,,1.4,1.4,0.85,1.38,205477000.0,138454000.0,138454000.0,138454000.0,,2108067000.0,2661968000.0,,-85931000.0,,263876000.0,2108067000.0,553901000.0,2780000.0,-29245000.0,177945000.0,375956000.0,-32025000.0,343931000.0,2661968000.0,99100000.0,96598000.0,97729000.0
Packaging Corp of America,PKG,549300XZP8MFZFY8TJ84,75677,2012.0,Q1,2012-01-01,2012-03-31,2013-05-01 14:28:57+00:00,0.18,0.18,0.25,0.18,141583000.0,17844000.0,17844000.0,17844000.0,,526338000.0,671357000.0,,-92921000.0,,68830000.0,526338000.0,145019000.0,9683000.0,,-24091000.0,169110000.0,-9683000.0,159427000.0,671357000.0,99100000.0,96598000.0,97729000.0
Packaging Corp of America,PKG,549300XZP8MFZFY8TJ84,75677,2013.0,FY,2013-01-01,2013-12-31,2016-02-26 11:39:06+00:00,4.57,4.57,1.51,4.52,-17700000.0,441300000.0,441300000.0,441300000.0,,2797800000.0,3665300000.0,,59000000.0,,326600000.0,2797800000.0,867500000.0,,-58300000.0,385600000.0,481900000.0,-58300000.0,423600000.0,3665300000.0,96600000.0,96600000.0,96600000.0
Packaging Corp of America,PKG,549300XZP8MFZFY8TJ84,75677,2013.0,Q4,2013-10-01,2013-12-31,,2.4,2.35,0.4,2.33,-133118000.0,228072000.0,228072000.0,228072000.0,,1005018000.0,1264423000.0,,36490000.0,,99994000.0,1005018000.0,259405000.0,,-27967000.0,136484000.0,122921000.0,-27967000.0,94954000.0,1264423000.0,96600000.0,96600000.0,96600000.0
Packaging Corp of America,PKG,549300XZP8MFZFY8TJ84,75677,2013.0,Q3YTD,2013-01-01,2013-09-30,,2.17,2.22,1.11,2.19,115418000.0,213228000.0,213228000.0,213228000.0,,1792782000.0,2400877000.0,,22510000.0,,226606000.0,1792782000.0,608095000.0,,-30333000.0,249116000.0,358979000.0,-30333000.0,328646000.0,2400877000.0,96758000.0,96758000.0,96758000.0
Packaging Corp of America,PKG,549300XZP8MFZFY8TJ84,75677,2013.0,Q3TTM,2012-10-01,2013-09-30,,2.77,2.82,1.36,2.78,141196000.0,270639000.0,270639000.0,270639000.0,,2360363000.0,3137479000.0,,26124000.0,,299453000.0,2360363000.0,777116000.0,-22939000.0,-62643000.0,325577000.0,451539000.0,-39704000.0,411835000.0,3137479000.0,96758000.0,96758000.0,96758000.0
Packaging Corp of America,PKG,549300XZP8MFZFY8TJ84,75677,2013.0,Q3,2013-07-01,2013-09-30,2014-11-06 19:34:21+00:00,0.87,0.88,0.4,0.87,46250000.0,84682000.0,84682000.0,84682000.0,,617841000.0,845440000.0,,7721000.0,,77096000.0,617841000.0,227599000.0,,-11850000.0,84817000.0,142782000.0,-11850000.0,130932000.0,845440000.0,96758000.0,96758000.0,96758000.0
Packaging Corp of America,PKG,549300XZP8MFZFY8TJ84,75677,2013.0,Q2YTD,2013-01-01,2013-06-30,,1.3,1.34,0.71,1.32,69168000.0,128546000.0,128546000.0,128546000.0,,1174941000.0,1555437000.0,,14789000.0,,149510000.0,1174941000.0,380496000.0,,-18483000.0,164299000.0,216197000.0,-18483000.0,197714000.0,1555437000.0,96432000.0,96432000.0,96432000.0
Packaging Corp of America,PKG,549300XZP8MFZFY8TJ84,75677,2013.0,Q2TTM,2012-07-01,2013-06-30,,2.31,2.35,1.21,2.32,116637000.0,225748000.0,225748000.0,225748000.0,,2303443000.0,3015512000.0,,20364000.0,,290876000.0,2303443000.0,712069000.0,-22939000.0,-81383000.0,311240000.0,400829000.0,-58444000.0,342385000.0,3015512000.0,96432000.0,96432000.0,96432000.0
Packaging Corp of America,PKG,549300XZP8MFZFY8TJ84,75677,2013.0,Q2,2013-04-01,2013-06-30,2014-08-08 09:43:42+00:00,0.67,0.69,0.4,0.68,34713000.0,66252000.0,66252000.0,66252000.0,,604980000.0,800230000.0,,10828000.0,,74225000.0,604980000.0,195250000.0,,-9232000.0,85053000.0,110197000.0,-9232000.0,100965000.0,800230000.0,96432000.0,96432000.0,96432000.0
Packaging Corp of America,PKG,549300XZP8MFZFY8TJ84,75677,2013.0,Q1TTM,2012-04-01,2013-03-31,,2.11,2.13,1.06,2.1,107372000.0,204650000.0,204650000.0,204650000.0,,2252823000.0,2927750000.0,,13182000.0,,287255000.0,2252823000.0,674927000.0,-9683000.0,-72151000.0,300437000.0,374490000.0,-62468000.0,312022000.0,2927750000.0,96415000.0,96415000.0,96415000.0
Packaging Corp of America,PKG,549300XZP8MFZFY8TJ84,75677,2013.0,Q1,2013-01-01,2013-03-31,2014-05-08 15:22:45+00:00,0.63,0.65,0.31,0.64,34455000.0,62294000.0,62294000.0,62294000.0,,569961000.0,755207000.0,,3961000.0,,75285000.0,569961000.0,185246000.0,,-9251000.0,79246000.0,106000000.0,-9251000.0,96749000.0,755207000.0,96415000.0,96415000.0,96415000.0
Packaging Corp of America,PKG,549300XZP8MFZFY8TJ84,75677,2014.0,FY,2014-01-01,2014-12-31,2017-02-28 15:25:18+00:00,3.99,3.99,1.6,3.99,221700000.0,392600000.0,392600000.0,392600000.0,,4623100000.0,5852600000.0,,57300000.0,,469500000.0,4623100000.0,1229500000.0,,-88400000.0,526800000.0,702700000.0,-88400000.0,614300000.0,5852600000.0,97000000.0,97000000.0,97000000.0
Packaging Corp of America,PKG,549300XZP8MFZFY8TJ84,75677,2014.0,Q4,2014-10-01,2014-12-31,,1.0,1.0,0.4,1.0,51600000.0,98500000.0,98500000.0,98500000.0,,1137000000.0,1434000000.0,,13300000.0,,110500000.0,1137000000.0,297000000.0,,-23100000.0,123800000.0,173200000.0,-23100000.0,150100000.0,1434000000.0,97000000.0,97000000.0,97000000.0
Packaging Corp of America,PKG,549300XZP8MFZFY8TJ84,75677,2014.0,Q3,2014-07-01,2014-09-30,2015-11-06 12:31:11+00:00,1.06,1.06,0.4,1.06,60900000.0,104400000.0,104400000.0,104400000.0,,1198600000.0,1518900000.0,,12300000.0,,119600000.0,1198600000.0,320300000.0,,-23100000.0,131900000.0,188400000.0,-23100000.0,165300000.0,1518900000.0,97100000.0,97100000.0,97100000.0
Packaging Corp of America,PKG,549300XZP8MFZFY8TJ84,75677,2014.0,Q3YTD,2014-01-01,2014-09-30,,2.99,2.99,1.2,2.99,170100000.0,294100000.0,294100000.0,294100000.0,,3486100000.0,4418600000.0,,44000000.0,,359000000.0,3486100000.0,932500000.0,,-65300000.0,403000000.0,529500000.0,-65300000.0,464200000.0,4418600000.0,97100000.0,97100000.0,97100000.0
Packaging Corp of America,PKG,549300XZP8MFZFY8TJ84,75677,2014.0,Q3TTM,2013-10-01,2014-09-30,,5.39,5.34,1.6,5.32,36982000.0,522172000.0,522172000.0,522172000.0,,4491118000.0,5683023000.0,,80490000.0,,458994000.0,4491118000.0,1191905000.0,,-93267000.0,539484000.0,652421000.0,-93267000.0,559154000.0,5683023000.0,97100000.0,97100000.0,97100000.0
Packaging Corp of America,PKG,549300XZP8MFZFY8TJ84,75677,2014.0,Q2YTD,2014-01-01,2014-06-30,,1.93,1.93,0.8,1.93,109200000.0,189700000.0,189700000.0,189700000.0,,2287500000.0,2899700000.0,,31700000.0,,239400000.0,2287500000.0,612200000.0,,-42200000.0,271100000.0,341100000.0,-42200000.0,298900000.0,2899700000.0,96900000.0,96900000.0,96900000.0
Packaging Corp of America,PKG,549300XZP8MFZFY8TJ84,75677,2014.0,Q2TTM,2013-07-01,2014-06-30,,5.2,5.16,1.6,5.13,22332000.0,502454000.0,502454000.0,502454000.0,,3910359000.0,5009563000.0,,75911000.0,,416490000.0,3910359000.0,1099204000.0,,-82017000.0,492401000.0,606803000.0,-82017000.0,524786000.0,5009563000.0,96900000.0,96900000.0,96900000.0
Packaging Corp of America,PKG,549300XZP8MFZFY8TJ84,75677,2014.0,Q2,2014-04-01,2014-06-30,2015-08-07 09:56:21+00:00,1.01,1.01,0.4,1.01,59200000.0,99600000.0,99600000.0,99600000.0,,1157600000.0,1468400000.0,,7700000.0,,122900000.0,1157600000.0,310800000.0,,-21400000.0,130600000.0,180200000.0,-21400000.0,158800000.0,1468400000.0,96900000.0,96900000.0,96900000.0
Packaging Corp of America,PKG,549300XZP8MFZFY8TJ84,75677,2014.0,Q1TTM,2013-04-01,2014-03-31,,4.86,4.84,1.6,4.8,-2155000.0,469106000.0,469106000.0,469106000.0,,3357739000.0,4341393000.0,,79039000.0,,367815000.0,3357739000.0,983654000.0,,-69849000.0,446854000.0,536800000.0,-69849000.0,466951000.0,4341393000.0,96800000.0,96800000.0,96800000.0
Packaging Corp of America,PKG,549300XZP8MFZFY8TJ84,75677,2014.0,Q1,2014-01-01,2014-03-31,2015-05-08 12:45:56+00:00,0.92,0.92,0.4,0.92,50000000.0,90100000.0,90100000.0,90100000.0,,1129900000.0,1431300000.0,,24000000.0,,116500000.0,1129900000.0,301400000.0,,-20800000.0,140500000.0,160900000.0,-20800000.0,140100000.0,1431300000.0,96800000.0,96800000.0,96800000.0
Packaging Corp of America,PKG,549300XZP8MFZFY8TJ84,75677,2015.0,FY,2015-01-01,2015-12-31,2018-02-28 10:17:01+00:00,4.47,4.47,2.2,4.47,227700000.0,436800000.0,436800000.0,436800000.0,,4533700000.0,5741700000.0,,,,458000000.0,4533700000.0,1208000000.0,,-85500000.0,458000000.0,750000000.0,-85500000.0,664500000.0,5741700000.0,96600000.0,96600000.0,96600000.0
Packaging Corp of America,PKG,549300XZP8MFZFY8TJ84,75677,2015.0,Q4,2015-10-01,2015-12-31,,1.08,1.08,0.55,1.08,49300000.0,104200000.0,104200000.0,104200000.0,,1105900000.0,1390900000.0,,-2600000.0,,111700000.0,1105900000.0,285000000.0,,-22400000.0,109100000.0,175900000.0,-22400000.0,153500000.0,1390900000.0,96600000.0,96600000.0,96600000.0
Packaging Corp of America,PKG,549300XZP8MFZFY8TJ84,75677,2015.0,Q3,2015-07-01,2015-09-30,2016-11-04 10:32:35+00:00,1.31,1.31,0.55,1.31,69900000.0,127800000.0,127800000.0,127800000.0,0.0,1142500000.0,1470800000.0,,,,108900000.0,1142500000.0,328300000.0,,-21700000.0,108900000.0,219400000.0,-21700000.0,197700000.0,1470800000.0,96500000.0,96500000.0,96500000.0
Packaging Corp of America,PKG,549300XZP8MFZFY8TJ84,75677,2015.0,Q3YTD,2015-01-01,2015-09-30,,3.39,3.39,1.65,3.39,178400000.0,332600000.0,332600000.0,332600000.0,,3427800000.0,4350800000.0,,2600000.0,,346300000.0,3427800000.0,923000000.0,,-63100000.0,348900000.0,574100000.0,-63100000.0,511000000.0,4350800000.0,96500000.0,96500000.0,96500000.0
Packaging Corp of America,PKG,549300XZP8MFZFY8TJ84,75677,2015.0,Q3TTM,2014-10-01,2015-09-30,,4.39,4.39,2.05,4.39,230000000.0,431100000.0,431100000.0,431100000.0,,4564800000.0,5784800000.0,,15900000.0,,456800000.0,4564800000.0,1220000000.0,,-86200000.0,472700000.0,747300000.0,-86200000.0,661100000.0,5784800000.0,96500000.0,96500000.0,96500000.0
Packaging Corp of America,PKG,549300XZP8MFZFY8TJ84,75677,2015.0,Q2,2015-04-01,2015-06-30,2016-08-05 12:09:30+00:00,1.16,1.16,0.55,1.16,61400000.0,114000000.0,114000000.0,114000000.0,,1136600000.0,1454300000.0,,,,120100000.0,1136600000.0,317700000.0,,-22200000.0,120100000.0,197600000.0,-22200000.0,175400000.0,1454300000.0,96800000.0,96800000.0,96800000.0
Packaging Corp of America,PKG,549300XZP8MFZFY8TJ84,75677,2015.0,Q2YTD,2015-01-01,2015-06-30,,2.08,2.08,1.1,2.08,108500000.0,204800000.0,204800000.0,204800000.0,,2285300000.0,2880000000.0,,2600000.0,,237400000.0,2285300000.0,594700000.0,,-41400000.0,240000000.0,354700000.0,-41400000.0,313300000.0,2880000000.0,96800000.0,96800000.0,96800000.0
Packaging Corp of America,PKG,549300XZP8MFZFY8TJ84,75677,2015.0,Q2TTM,2014-07-01,2015-06-30,,4.14,4.14,1.9,4.14,221000000.0,407700000.0,407700000.0,407700000.0,,4620900000.0,5832900000.0,,28200000.0,,467500000.0,4620900000.0,1212000000.0,,-87600000.0,495700000.0,716300000.0,-87600000.0,628700000.0,5832900000.0,96800000.0,96800000.0,96800000.0
Packaging Corp of America,PKG,549300XZP8MFZFY8TJ84,75677,2015.0,Q1,2015-01-01,2015-03-31,2016-05-06 16:24:52+00:00,0.92,0.92,0.55,0.92,47100000.0,90800000.0,90800000.0,90800000.0,,1148700000.0,1425700000.0,,2600000.0,,117300000.0,1148700000.0,277000000.0,,-19200000.0,119900000.0,157100000.0,-19200000.0,137900000.0,1425700000.0,97100000.0,97100000.0,97100000.0
Packaging Corp of America,PKG,549300XZP8MFZFY8TJ84,75677,2015.0,Q1TTM,2014-04-01,2015-03-31,,3.99,3.99,1.75,3.99,218800000.0,393300000.0,393300000.0,393300000.0,,4641900000.0,5847000000.0,,35900000.0,,470300000.0,4641900000.0,1205100000.0,,-86800000.0,506200000.0,698900000.0,-86800000.0,612100000.0,5847000000.0,97100000.0,97100000.0,97100000.0
Packaging Corp of America,PKG,549300XZP8MFZFY8TJ84,75677,2016.0,FY,2016-01-01,2016-12-31,2019-02-28 11:53:23+00:00,4.76,4.76,2.36,4.75,238900000.0,449600000.0,449600000.0,449600000.0,,4502900000.0,5779000000.0,,,,492800000.0,4502900000.0,1276100000.0,94800000.0,,492800000.0,783300000.0,-94800000.0,688500000.0,5779000000.0,93500000.0,93500000.0,93500000.0
Packaging Corp of America,PKG,549300XZP8MFZFY8TJ84,75677,2016.0,Q4,2016-10-01,2016-12-31,,1.17,1.17,0.63,1.17,57900000.0,110700000.0,110700000.0,110700000.0,,1149100000.0,1476600000.0,,,,131600000.0,1149100000.0,327500000.0,94800000.0,67500000.0,131600000.0,195900000.0,-27300000.0,168600000.0,1476600000.0,93500000.0,93500000.0,93500000.0
Packaging Corp of America,PKG,549300XZP8MFZFY8TJ84,75677,2016.0,Q3,2016-07-01,2016-09-30,2017-11-03 11:15:16+00:00,1.27,1.27,0.63,1.26,63700000.0,119300000.0,119300000.0,119300000.0,,1154500000.0,1484000000.0,,,,123100000.0,1154500000.0,329500000.0,,-23400000.0,123100000.0,206400000.0,-23400000.0,183000000.0,1484000000.0,93400000.0,93400000.0,93400000.0
Packaging Corp of America,PKG,549300XZP8MFZFY8TJ84,75677,2016.0,Q3YTD,2016-01-01,2016-09-30,,3.59,3.59,1.73,3.58,181000000.0,338900000.0,338900000.0,338900000.0,,3353800000.0,4302400000.0,,,,361200000.0,3353800000.0,948600000.0,,-67500000.0,361200000.0,587400000.0,-67500000.0,519900000.0,4302400000.0,93400000.0,93400000.0,93400000.0
Packaging Corp of America,PKG,549300XZP8MFZFY8TJ84,75677,2016.0,Q3TTM,2015-10-01,2016-09-30,,4.67,4.67,2.28,4.66,230300000.0,443100000.0,443100000.0,443100000.0,,4459700000.0,5693300000.0,,-2600000.0,,472900000.0,4459700000.0,1233600000.0,,-89900000.0,470300000.0,763300000.0,-89900000.0,673400000.0,5693300000.0,93400000.0,93400000.0,93400000.0
Packaging Corp of America,PKG,549300XZP8MFZFY8TJ84,75677,2016.0,Q2,2016-04-01,2016-06-30,2017-08-04 11:55:19+00:00,1.23,1.23,0.55,1.23,61800000.0,115900000.0,115900000.0,115900000.0,,1097300000.0,1417400000.0,,,,119900000.0,1097300000.0,320100000.0,,-22500000.0,119900000.0,200200000.0,-22500000.0,177700000.0,1417400000.0,93200000.0,93200000.0,93200000.0
Packaging Corp of America,PKG,549300XZP8MFZFY8TJ84,75677,2016.0,Q2YTD,2016-01-01,2016-06-30,,2.32,2.32,1.1,2.32,117300000.0,219600000.0,219600000.0,219600000.0,,2199300000.0,2818400000.0,,,,238100000.0,2199300000.0,619100000.0,,-44100000.0,238100000.0,381000000.0,-44100000.0,336900000.0,2818400000.0,93200000.0,93200000.0,93200000.0
Packaging Corp of America,PKG,549300XZP8MFZFY8TJ84,75677,2016.0,Q2TTM,2015-07-01,2016-06-30,,4.71,4.71,2.2,4.71,236500000.0,451600000.0,451600000.0,451600000.0,,4447700000.0,5680100000.0,,-2600000.0,,458700000.0,4447700000.0,1232400000.0,,-88200000.0,456100000.0,776300000.0,-88200000.0,688100000.0,5680100000.0,93200000.0,93200000.0,93200000.0
Packaging Corp of America,PKG,549300XZP8MFZFY8TJ84,75677,2016.0,Q1,2016-01-01,2016-03-31,2017-05-05 11:12:08+00:00,1.09,1.09,0.55,1.09,55500000.0,103700000.0,103700000.0,103700000.0,,1102000000.0,1401000000.0,,,,118200000.0,1102000000.0,299000000.0,,-21600000.0,118200000.0,180800000.0,-21600000.0,159200000.0,1401000000.0,94100000.0,94100000.0,94100000.0
Packaging Corp of America,PKG,549300XZP8MFZFY8TJ84,75677,2016.0,Q1TTM,2015-04-01,2016-03-31,,4.64,4.64,2.2,4.64,236100000.0,449700000.0,449700000.0,449700000.0,,4487000000.0,5717000000.0,,-2600000.0,,458900000.0,4487000000.0,1230000000.0,,-87900000.0,456300000.0,773700000.0,-87900000.0,685800000.0,5717000000.0,94100000.0,94100000.0,94100000.0
Packaging Corp of America,PKG,549300XZP8MFZFY8TJ84,75677,2017.0,FY,2017-01-01,2017-12-31,2020-02-26 16:07:14+00:00,7.09,7.09,2.52,7.07,160000000.0,668600000.0,668600000.0,668600000.0,,4974100000.0,6444900000.0,-1300000.0,,,538300000.0,4974100000.0,1470800000.0,102600000.0,,538300000.0,932500000.0,-103900000.0,828600000.0,6444900000.0,93500000.0,93500000.0,93500000.0
Packaging Corp of America,PKG,549300XZP8MFZFY8TJ84,75677,2017.0,Q4,2017-10-01,2017-12-31,,2.85,2.85,0.63,2.84,-44900000.0,268900000.0,268900000.0,268900000.0,,1313000000.0,1684300000.0,-1300000.0,,,118900000.0,1313000000.0,371300000.0,27100000.0,,118900000.0,252400000.0,-28400000.0,224000000.0,1684300000.0,93500000.0,93500000.0,93500000.0
Packaging Corp of America,PKG,549300XZP8MFZFY8TJ84,75677,2017.0,Q3,2017-07-01,2017-09-30,2018-11-07 12:18:34+00:00,1.47,1.47,0.63,1.47,77800000.0,139100000.0,139100000.0,139100000.0,,1243100000.0,1640100000.0,,,,154400000.0,1243100000.0,397000000.0,25700000.0,,154400000.0,242600000.0,-25700000.0,216900000.0,1640100000.0,93600000.0,93600000.0,93600000.0
Packaging Corp of America,PKG,549300XZP8MFZFY8TJ84,75677,2017.0,Q3YTD,2017-01-01,2017-09-30,,4.24,4.24,1.89,4.23,204900000.0,399700000.0,399700000.0,399700000.0,,3661100000.0,4760600000.0,,,,419400000.0,3661100000.0,1099500000.0,75500000.0,,419400000.0,680100000.0,-75500000.0,604600000.0,4760600000.0,93600000.0,93600000.0,93600000.0
Packaging Corp of America,PKG,549300XZP8MFZFY8TJ84,75677,2017.0,Q3TTM,2016-10-01,2017-09-30,,5.41,5.41,2.52,5.4,262800000.0,510400000.0,510400000.0,510400000.0,,4810200000.0,6237200000.0,,,,551000000.0,4810200000.0,1427000000.0,170300000.0,67500000.0,551000000.0,876000000.0,-102800000.0,773200000.0,6237200000.0,93600000.0,93600000.0,93600000.0
Packaging Corp of America,PKG,549300XZP8MFZFY8TJ84,75677,2017.0,Q2,2017-04-01,2017-06-30,2018-08-08 10:50:57+00:00,1.52,1.52,0.63,1.52,65400000.0,143200000.0,143200000.0,143200000.0,,1219700000.0,1584000000.0,,,,130200000.0,1219700000.0,364300000.0,25500000.0,,130200000.0,234100000.0,-25500000.0,208600000.0,1584000000.0,93400000.0,93400000.0,93400000.0
Packaging Corp of America,PKG,549300XZP8MFZFY8TJ84,75677,2017.0,Q2YTD,2017-01-01,2017-06-30,,2.77,2.77,1.26,2.76,127100000.0,260600000.0,260600000.0,260600000.0,,2418000000.0,3120500000.0,,,,265000000.0,2418000000.0,702500000.0,49800000.0,,265000000.0,437500000.0,-49800000.0,387700000.0,3120500000.0,93400000.0,93400000.0,93400000.0
Packaging Corp of America,PKG,549300XZP8MFZFY8TJ84,75677,2017.0,Q2TTM,2016-07-01,2017-06-30,,5.21,5.21,2.52,5.19,248700000.0,490600000.0,490600000.0,490600000.0,,4721600000.0,6081100000.0,,,,519700000.0,4721600000.0,1359500000.0,144600000.0,44100000.0,519700000.0,839800000.0,-100500000.0,739300000.0,6081100000.0,93400000.0,93400000.0,93400000.0
Packaging Corp of America,PKG,549300XZP8MFZFY8TJ84,75677,2017.0,Q1,2017-01-01,2017-03-31,2018-05-09 10:29:19+00:00,1.25,1.25,0.63,1.24,61700000.0,117400000.0,117400000.0,117400000.0,,1198300000.0,1536500000.0,,,,134800000.0,1198300000.0,338200000.0,24300000.0,,134800000.0,203400000.0,-24300000.0,179100000.0,1536500000.0,93400000.0,93400000.0,93400000.0
Packaging Corp of America,PKG,549300XZP8MFZFY8TJ84,75677,2017.0,Q1TTM,2016-04-01,2017-03-31,,4.92,4.92,2.44,4.9,245100000.0,463300000.0,463300000.0,463300000.0,,4599200000.0,5914500000.0,,,,509400000.0,4599200000.0,1315300000.0,119100000.0,21600000.0,509400000.0,805900000.0,-97500000.0,708400000.0,5914500000.0,93400000.0,93400000.0,93400000.0
Packaging Corp of America,PKG,549300XZP8MFZFY8TJ84,75677,2018.0,FY,2018-01-01,2018-12-31,2020-02-26 16:07:14+00:00,7.82,7.82,3.0,7.8,232500000.0,738000000.0,738000000.0,738000000.0,,5369300000.0,7014600000.0,-2100000.0,,,577600000.0,5369300000.0,1645300000.0,95100000.0,,577600000.0,1067700000.0,-97200000.0,970500000.0,7014600000.0,93700000.0,93700000.0,93700000.0
Packaging Corp of America,PKG,549300XZP8MFZFY8TJ84,75677,2018.0,Q4,2018-10-01,2018-12-31,,2.17,2.17,0.79,2.17,59900000.0,204600000.0,204600000.0,204600000.0,,1321200000.0,1746600000.0,-600000.0,,,138700000.0,1321200000.0,425400000.0,21600000.0,,138700000.0,286700000.0,-22200000.0,264500000.0,1746600000.0,93700000.0,93700000.0,93700000.0
Packaging Corp of America,PKG,549300XZP8MFZFY8TJ84,75677,2018.0,Q3,2018-07-01,2018-09-30,2019-11-01 10:09:15+00:00,2.19,2.19,0.79,2.18,67400000.0,206700000.0,206700000.0,206700000.0,,1366700000.0,1809900000.0,-500000.0,,,144700000.0,1366700000.0,443200000.0,23900000.0,,144700000.0,298500000.0,-24400000.0,274100000.0,1809900000.0,93700000.0,93700000.0,93700000.0
Packaging Corp of America,PKG,549300XZP8MFZFY8TJ84,75677,2018.0,Q3YTD,2018-01-01,2018-09-30,,5.65,5.65,2.21,5.63,172600000.0,533400000.0,533400000.0,533400000.0,,4048100000.0,5268000000.0,-1500000.0,,,438900000.0,4048100000.0,1219900000.0,73500000.0,,438900000.0,781000000.0,-75000000.0,706000000.0,5268000000.0,93700000.0,93700000.0,93700000.0
Packaging Corp of America,PKG,549300XZP8MFZFY8TJ84,75677,2018.0,Q3TTM,2017-10-01,2018-09-30,,8.5,8.5,2.84,8.47,127700000.0,802300000.0,802300000.0,802300000.0,,5361100000.0,6952300000.0,-2800000.0,,,557800000.0,5361100000.0,1591200000.0,100600000.0,,557800000.0,1033400000.0,-103400000.0,930000000.0,6952300000.0,93700000.0,93700000.0,93700000.0
Packaging Corp of America,PKG,549300XZP8MFZFY8TJ84,75677,2018.0,Q2,2018-04-01,2018-06-30,2019-08-02 10:07:35+00:00,1.98,1.98,0.79,1.97,58700000.0,186600000.0,186600000.0,186600000.0,,1346900000.0,1767500000.0,-500000.0,,,151000000.0,1346900000.0,420600000.0,23800000.0,,151000000.0,269600000.0,-24300000.0,245300000.0,1767500000.0,93600000.0,93600000.0,93600000.0
Packaging Corp of America,PKG,549300XZP8MFZFY8TJ84,75677,2018.0,Q2YTD,2018-01-01,2018-06-30,,3.46,3.46,1.42,3.45,105200000.0,326700000.0,326700000.0,326700000.0,,2681400000.0,3458100000.0,-1000000.0,,,294200000.0,2681400000.0,776700000.0,49600000.0,,294200000.0,482500000.0,-50600000.0,431900000.0,3458100000.0,93600000.0,93600000.0,93600000.0
Packaging Corp of America,PKG,549300XZP8MFZFY8TJ84,75677,2018.0,Q2TTM,2017-07-01,2018-06-30,,7.78,7.78,2.68,7.76,138100000.0,734700000.0,734700000.0,734700000.0,,5237500000.0,6782500000.0,-2300000.0,,,567500000.0,5237500000.0,1545000000.0,102400000.0,,567500000.0,977500000.0,-104700000.0,872800000.0,6782500000.0,93600000.0,93600000.0,93600000.0
Packaging Corp of America,PKG,549300XZP8MFZFY8TJ84,75677,2018.0,Q1,2018-01-01,2018-03-31,2019-05-08 10:46:42+00:00,1.48,1.48,0.63,1.48,46500000.0,140100000.0,140100000.0,140100000.0,,1334500000.0,1690600000.0,-500000.0,,,143200000.0,1334500000.0,356100000.0,25800000.0,,143200000.0,212900000.0,-26300000.0,186600000.0,1690600000.0,93600000.0,93600000.0,93600000.0
Packaging Corp of America,PKG,549300XZP8MFZFY8TJ84,75677,2018.0,Q1TTM,2017-04-01,2018-03-31,,7.32,7.32,2.52,7.31,144800000.0,691300000.0,691300000.0,691300000.0,,5110300000.0,6599000000.0,-1800000.0,,,546700000.0,5110300000.0,1488700000.0,104100000.0,,546700000.0,942000000.0,-105900000.0,836100000.0,6599000000.0,93600000.0,93600000.0,93600000.0
Packaging Corp of America,PKG,549300XZP8MFZFY8TJ84,75677,2019.0,Q4,2019-10-01,2019-12-31,,1.43,1.43,0.79,1.44,36200000.0,136200000.0,136200000.0,136200000.0,,1336700000.0,1720000000.0,-2000000.0,,,148200000.0,1336700000.0,383300000.0,60700000.0,,148200000.0,235100000.0,-62700000.0,172400000.0,1720000000.0,93800000.0,93800000.0,93800000.0
Packaging Corp of America,PKG,549300XZP8MFZFY8TJ84,75677,2019.0,FY,2019-01-01,2019-12-31,2020-02-26 16:07:14+00:00,7.36,7.36,3.16,7.34,220600000.0,696400000.0,696400000.0,696400000.0,,5320300000.0,6964300000.0,-7900000.0,,,590300000.0,5320300000.0,1644000000.0,128800000.0,,590300000.0,1053700000.0,-136700000.0,917000000.0,6964300000.0,93800000.0,93800000.0,93800000.0
Packaging Corp of America,PKG,549300XZP8MFZFY8TJ84,75677,2019.0,Q3YTD,2019-01-01,2019-09-30,,5.93,5.93,2.37,5.9,184400000.0,560200000.0,560200000.0,560200000.0,,3983600000.0,5244300000.0,-5900000.0,,,442100000.0,3983600000.0,1260700000.0,68100000.0,,442100000.0,818600000.0,-74000000.0,744600000.0,5244300000.0,93900000.0,93900000.0,93900000.0
Packaging Corp of America,PKG,549300XZP8MFZFY8TJ84,75677,2019.0,Q3TTM,2018-10-01,2019-09-30,,8.1,8.1,3.16,8.07,244300000.0,764800000.0,764800000.0,764800000.0,,5304800000.0,6990900000.0,-6500000.0,,,580800000.0,5304800000.0,1686100000.0,89700000.0,,580800000.0,1105300000.0,-96200000.0,1009100000.0,6990900000.0,93900000.0,93900000.0,93900000.0
Packaging Corp of America,PKG,549300XZP8MFZFY8TJ84,75677,2019.0,Q3,2019-07-01,2019-09-30,2019-11-01 10:09:15+00:00,1.9,1.9,0.79,1.89,59500000.0,179800000.0,179800000.0,179800000.0,,1339300000.0,1750700000.0,-1900000.0,,,148600000.0,1339300000.0,411400000.0,21600000.0,,148600000.0,262800000.0,-23500000.0,239300000.0,1750700000.0,93900000.0,93900000.0,93900000.0
Packaging Corp of America,PKG,549300XZP8MFZFY8TJ84,75677,2019.0,Q2YTD,2019-01-01,2019-06-30,,4.03,4.03,1.58,4.01,124900000.0,380400000.0,380400000.0,380400000.0,,2644300000.0,3493600000.0,-4000000.0,,,293500000.0,2644300000.0,849300000.0,46500000.0,,293500000.0,555800000.0,-50500000.0,505300000.0,3493600000.0,93800000.0,93800000.0,93800000.0
Packaging Corp of America,PKG,549300XZP8MFZFY8TJ84,75677,2019.0,Q2TTM,2018-07-01,2019-06-30,,8.39,8.39,3.16,8.36,252200000.0,791700000.0,791700000.0,791700000.0,,5332200000.0,7050100000.0,-5100000.0,,,576900000.0,5332200000.0,1717900000.0,92000000.0,,576900000.0,1141000000.0,-97100000.0,1043900000.0,7050100000.0,93800000.0,93800000.0,93800000.0
Packaging Corp of America,PKG,549300XZP8MFZFY8TJ84,75677,2019.0,Q2,2019-04-01,2019-06-30,2019-08-02 10:07:35+00:00,2.05,2.05,0.79,2.04,62400000.0,193600000.0,193600000.0,193600000.0,,1332000000.0,1759900000.0,-2000000.0,,,147500000.0,1332000000.0,427900000.0,22400000.0,,147500000.0,280400000.0,-24400000.0,256000000.0,1759900000.0,93800000.0,93800000.0,93800000.0
Packaging Corp of America,PKG,549300XZP8MFZFY8TJ84,75677,2019.0,Q1,2019-01-01,2019-03-31,2020-05-06 09:59:30+00:00,1.98,1.98,0.79,1.97,62500000.0,186800000.0,186800000.0,186800000.0,,1312300000.0,1733700000.0,-2000000.0,,,146000000.0,1312300000.0,421400000.0,24100000.0,,146000000.0,275400000.0,-26100000.0,249300000.0,1733700000.0,93700000.0,93700000.0,93700000.0
Packaging Corp of America,PKG,549300XZP8MFZFY8TJ84,75677,2019.0,Q1TTM,2018-04-01,2019-03-31,,8.32,8.32,3.16,8.29,248500000.0,784700000.0,784700000.0,784700000.0,,5347100000.0,7057700000.0,-3600000.0,,,580400000.0,5347100000.0,1710600000.0,93400000.0,,580400000.0,1130200000.0,-97000000.0,1033200000.0,7057700000.0,93700000.0,93700000.0,93700000.0
Packaging Corp of America,PKG,549300XZP8MFZFY8TJ84,75677,2020.0,Q1TTM,2019-04-01,2020-03-31,,6.88,6.88,3.16,6.86,206500000.0,651300000.0,651300000.0,651300000.0,,5351700000.0,6939300000.0,-5300000.0,,,600200000.0,5351700000.0,1587600000.0,124300000.0,,600200000.0,987400000.0,-129600000.0,857800000.0,6939300000.0,93900000.0,93900000.0,93900000.0
Packaging Corp of America,PKG,549300XZP8MFZFY8TJ84,75677,2020.0,Q1,2020-01-01,2020-03-31,2020-05-06 09:59:30+00:00,1.5,1.5,0.79,1.49,48400000.0,141700000.0,141700000.0,141700000.0,,1343700000.0,1708700000.0,600000.0,,,155900000.0,1343700000.0,365000000.0,19600000.0,,155900000.0,209100000.0,-19000000.0,190100000.0,1708700000.0,93900000.0,93900000.0,93900000.0
