company_name,company_ticker,company_lei,company_cik,year,quarter,start_date,end_date,filing_date,basicdilutedeps,basiceps,cashdividendspershare,dilutedeps,incometaxexpense,netincome,netincomecontinuing,netincomediscontinued,netincometocommon,netincometononcontrollinginterest,operatingcostofrevenue,operatingrevenue,otherincome,otherspecialcharges,sgaexpense,totalcostofrevenue,totalgrossprofit,totalinterestexpense,totalinterestincome,totaloperatingexpenses,totaloperatingincome,totalotherincome,totalpretaxincome,totalrevenue,weightedavebasicdilutedsharesos,weightedavebasicsharesos,weightedavedilutedsharesos
Coca-Cola Co,KO,UWJKFUJFZ02DKWI3RY53,21344,2007.0,FY,2007-01-01,2007-12-31,2010-02-26 09:39:34+00:00,2.59,2.59,1.36,2.57,1892000000.0,6027000000.0,6027000000.0,,5981000000.0,46000000.0,10406000000.0,28857000000.0,219000000.0,,11199000000.0,10406000000.0,18451000000.0,456000000.0,904000000.0,11199000000.0,7252000000.0,667000000.0,7919000000.0,28857000000.0,2309300000.0,2313000000.0,2331000000.0
Coca-Cola Co,KO,UWJKFUJFZ02DKWI3RY53,21344,2008.0,FY,2008-01-01,2008-12-31,2011-02-28 11:29:34+00:00,2.51,2.51,1.52,2.49,1632000000.0,5874000000.0,5874000000.0,,5807000000.0,67000000.0,11374000000.0,31944000000.0,39000000.0,350000000.0,11774000000.0,11374000000.0,20570000000.0,438000000.0,-541000000.0,12124000000.0,8446000000.0,-940000000.0,7506000000.0,31944000000.0,2313500000.0,2315000000.0,2336000000.0
Coca-Cola Co,KO,UWJKFUJFZ02DKWI3RY53,21344,2008.0,Q3,2008-06-28,2008-09-26,2009-10-29 17:25:18+00:00,0.82,0.82,0.38,0.81,555000000.0,1915000000.0,1915000000.0,,1890000000.0,25000000.0,3020000000.0,8393000000.0,17000000.0,,3186000000.0,3020000000.0,5373000000.0,111000000.0,377000000.0,3186000000.0,2187000000.0,283000000.0,2470000000.0,8393000000.0,2304900000.0,2311000000.0,2329000000.0
Coca-Cola Co,KO,UWJKFUJFZ02DKWI3RY53,21344,2008.0,Q2,2008-03-29,2008-06-27,2009-07-30 10:33:15+00:00,0.61,0.61,0.38,0.61,474000000.0,1443000000.0,1443000000.0,,1422000000.0,21000000.0,3162000000.0,9046000000.0,101000000.0,,3205000000.0,3162000000.0,5884000000.0,89000000.0,-774000000.0,3205000000.0,2679000000.0,-762000000.0,1917000000.0,9046000000.0,2331100000.0,2316000000.0,2343000000.0
Coca-Cola Co,KO,UWJKFUJFZ02DKWI3RY53,21344,2009.0,Q4,2009-10-03,2009-12-31,,0.67,0.67,0.41,0.67,382000000.0,1578000000.0,1578000000.0,,1543000000.0,35000000.0,2651000000.0,7510000000.0,27000000.0,193000000.0,2886000000.0,2651000000.0,4859000000.0,84000000.0,237000000.0,3079000000.0,1780000000.0,180000000.0,1960000000.0,7510000000.0,2313200000.0,2314000000.0,2329000000.0
Coca-Cola Co,KO,UWJKFUJFZ02DKWI3RY53,21344,2009.0,FY,2009-01-01,2009-12-31,2012-02-23 14:07:28+00:00,2.95,2.95,1.64,2.93,2040000000.0,6906000000.0,6906000000.0,,6824000000.0,82000000.0,11088000000.0,30990000000.0,40000000.0,313000000.0,11358000000.0,11088000000.0,19902000000.0,355000000.0,1030000000.0,11671000000.0,8231000000.0,715000000.0,8946000000.0,30990000000.0,2313200000.0,2314000000.0,2329000000.0
Coca-Cola Co,KO,UWJKFUJFZ02DKWI3RY53,21344,2009.0,Q3YTD,2009-01-01,2009-10-02,,2.28,2.28,1.23,2.28,1658000000.0,5328000000.0,5328000000.0,,5281000000.0,47000000.0,8437000000.0,23480000000.0,13000000.0,120000000.0,8472000000.0,8437000000.0,15043000000.0,271000000.0,793000000.0,8592000000.0,6451000000.0,535000000.0,6986000000.0,23480000000.0,2312200000.0,2316000000.0,2332000000.0
Coca-Cola Co,KO,UWJKFUJFZ02DKWI3RY53,21344,2009.0,Q3,2009-07-04,2009-10-02,2010-10-29 11:03:33+00:00,0.82,0.82,0.41,0.81,523000000.0,1920000000.0,1920000000.0,,1896000000.0,24000000.0,2934000000.0,8044000000.0,33000000.0,48000000.0,2912000000.0,2934000000.0,5110000000.0,89000000.0,349000000.0,2960000000.0,2150000000.0,293000000.0,2443000000.0,8044000000.0,2312200000.0,2316000000.0,2332000000.0
Coca-Cola Co,KO,UWJKFUJFZ02DKWI3RY53,21344,2009.0,Q2YTD,2009-01-01,2009-07-03,,1.46,1.46,0.82,1.46,1135000000.0,3408000000.0,3408000000.0,,3385000000.0,23000000.0,5503000000.0,15436000000.0,-20000000.0,72000000.0,5560000000.0,5503000000.0,9933000000.0,182000000.0,444000000.0,5632000000.0,4301000000.0,242000000.0,4543000000.0,15436000000.0,2314800000.0,2313000000.0,2323000000.0
Coca-Cola Co,KO,UWJKFUJFZ02DKWI3RY53,21344,2009.0,Q2,2009-04-04,2009-07-03,2010-08-02 10:06:55+00:00,0.88,0.88,0.41,0.88,679000000.0,2049000000.0,2049000000.0,,2037000000.0,12000000.0,2913000000.0,8267000000.0,20000000.0,72000000.0,2844000000.0,2913000000.0,5354000000.0,97000000.0,367000000.0,2916000000.0,2438000000.0,290000000.0,2728000000.0,8267000000.0,2314800000.0,2313000000.0,2323000000.0
Coca-Cola Co,KO,UWJKFUJFZ02DKWI3RY53,21344,2009.0,Q1,2009-01-01,2009-04-03,2010-04-29 15:12:46+00:00,0.58,0.58,0.41,0.58,456000000.0,1359000000.0,1359000000.0,,1348000000.0,11000000.0,2590000000.0,7169000000.0,-40000000.0,,2716000000.0,2590000000.0,4579000000.0,85000000.0,77000000.0,2716000000.0,1863000000.0,-48000000.0,1815000000.0,7169000000.0,2324100000.0,2313000000.0,2319000000.0
Coca-Cola Co,KO,UWJKFUJFZ02DKWI3RY53,21344,2010.0,Q4,2010-10-02,2010-12-31,,1.25,1.25,0.22,1.25,443000000.0,5762000000.0,5762000000.0,,5749000000.0,13000000.0,4279000000.0,10494000000.0,5294000000.0,545000000.0,4547000000.0,4279000000.0,6215000000.0,487000000.0,275000000.0,5092000000.0,1123000000.0,5082000000.0,6205000000.0,10494000000.0,4622400000.0,4616000000.0,4667000000.0
Coca-Cola Co,KO,UWJKFUJFZ02DKWI3RY53,21344,2010.0,FY,2010-01-01,2010-12-31,2013-02-27 12:22:03+00:00,2.55,2.55,0.88,2.53,2370000000.0,11837000000.0,11837000000.0,,11787000000.0,50000000.0,12693000000.0,35119000000.0,5185000000.0,819000000.0,13194000000.0,12693000000.0,22426000000.0,733000000.0,1342000000.0,14013000000.0,8413000000.0,5794000000.0,14207000000.0,35119000000.0,4622400000.0,4616000000.0,4667000000.0
Coca-Cola Co,KO,UWJKFUJFZ02DKWI3RY53,21344,2010.0,Q3YTD,2010-01-01,2010-10-01,,2.61,2.61,1.31,2.61,1927000000.0,6075000000.0,6075000000.0,,6038000000.0,37000000.0,8414000000.0,24625000000.0,-109000000.0,274000000.0,8647000000.0,8414000000.0,16211000000.0,246000000.0,1067000000.0,8921000000.0,7290000000.0,712000000.0,8002000000.0,24625000000.0,2309000000.0,2310000000.0,2336000000.0
Coca-Cola Co,KO,UWJKFUJFZ02DKWI3RY53,21344,2010.0,Q3TTM,2009-10-03,2010-10-01,,3.28,3.28,1.72,3.28,2309000000.0,7653000000.0,7653000000.0,,7581000000.0,72000000.0,11065000000.0,32135000000.0,-82000000.0,467000000.0,11533000000.0,11065000000.0,21070000000.0,330000000.0,1304000000.0,12000000000.0,9070000000.0,892000000.0,9962000000.0,32135000000.0,2309000000.0,2310000000.0,2336000000.0
Coca-Cola Co,KO,UWJKFUJFZ02DKWI3RY53,21344,2010.0,Q3,2010-07-03,2010-10-01,2011-10-27 12:01:11+00:00,0.89,0.89,0.44,0.88,633000000.0,2067000000.0,2067000000.0,,2055000000.0,12000000.0,2918000000.0,8426000000.0,-12000000.0,100000000.0,3064000000.0,2918000000.0,5508000000.0,80000000.0,448000000.0,3164000000.0,2344000000.0,356000000.0,2700000000.0,8426000000.0,2309000000.0,2310000000.0,2336000000.0
Coca-Cola Co,KO,UWJKFUJFZ02DKWI3RY53,21344,2010.0,Q2YTD,2010-01-01,2010-07-02,,1.73,1.73,0.88,1.73,1294000000.0,4008000000.0,4008000000.0,,3983000000.0,25000000.0,5496000000.0,16199000000.0,-97000000.0,174000000.0,5583000000.0,5496000000.0,10703000000.0,166000000.0,619000000.0,5757000000.0,4946000000.0,356000000.0,5302000000.0,16199000000.0,2300000000.0,2306000000.0,2325000000.0
Coca-Cola Co,KO,UWJKFUJFZ02DKWI3RY53,21344,2010.0,Q2TTM,2009-07-04,2010-07-02,,3.22,3.22,1.7,3.22,2199000000.0,7506000000.0,7506000000.0,,7422000000.0,84000000.0,11081000000.0,31753000000.0,-37000000.0,415000000.0,11381000000.0,11081000000.0,20672000000.0,339000000.0,1205000000.0,11796000000.0,8876000000.0,829000000.0,9705000000.0,31753000000.0,2300000000.0,2306000000.0,2325000000.0
Coca-Cola Co,KO,UWJKFUJFZ02DKWI3RY53,21344,2010.0,Q2,2010-04-03,2010-07-02,2011-08-01 12:10:23+00:00,1.03,1.03,0.44,1.02,741000000.0,2382000000.0,2382000000.0,,2369000000.0,13000000.0,2955000000.0,8674000000.0,18000000.0,78000000.0,2878000000.0,2955000000.0,5719000000.0,81000000.0,423000000.0,2956000000.0,2763000000.0,360000000.0,3123000000.0,8674000000.0,2300000000.0,2306000000.0,2325000000.0
Coca-Cola Co,KO,UWJKFUJFZ02DKWI3RY53,21344,2010.0,Q1TTM,2009-04-04,2010-04-02,,3.08,3.08,1.68,3.08,2137000000.0,7173000000.0,7173000000.0,,7090000000.0,83000000.0,11039000000.0,31346000000.0,-35000000.0,409000000.0,11347000000.0,11039000000.0,20307000000.0,355000000.0,1149000000.0,11756000000.0,8551000000.0,759000000.0,9310000000.0,31346000000.0,2305700000.0,2304000000.0,2327000000.0
Coca-Cola Co,KO,UWJKFUJFZ02DKWI3RY53,21344,2010.0,Q1,2010-01-01,2010-04-02,2011-05-02 11:51:10+00:00,0.7,0.7,0.44,0.69,553000000.0,1626000000.0,1626000000.0,,1614000000.0,12000000.0,2541000000.0,7525000000.0,-115000000.0,96000000.0,2705000000.0,2541000000.0,4984000000.0,85000000.0,196000000.0,2801000000.0,2183000000.0,-4000000.0,2179000000.0,7525000000.0,2305700000.0,2304000000.0,2327000000.0
Coca-Cola Co,KO,UWJKFUJFZ02DKWI3RY53,21344,2011.0,Q4,2011-10-01,2011-12-31,,0.36,0.36,0.47,0.36,539000000.0,1677000000.0,1677000000.0,,1657000000.0,20000000.0,4403000000.0,11040000000.0,82000000.0,275000000.0,4406000000.0,4403000000.0,6637000000.0,104000000.0,282000000.0,4681000000.0,1956000000.0,260000000.0,2216000000.0,11040000000.0,4566000000.0,4568000000.0,4646000000.0
Coca-Cola Co,KO,UWJKFUJFZ02DKWI3RY53,21344,2011.0,FY,2011-01-01,2011-12-31,2014-02-27 13:24:23+00:00,1.88,1.88,0.94,1.85,2812000000.0,8646000000.0,8646000000.0,,8584000000.0,62000000.0,18215000000.0,46542000000.0,529000000.0,732000000.0,17422000000.0,18215000000.0,28327000000.0,417000000.0,1173000000.0,18154000000.0,10173000000.0,1285000000.0,11458000000.0,46542000000.0,4566000000.0,4568000000.0,4646000000.0
Coca-Cola Co,KO,UWJKFUJFZ02DKWI3RY53,21344,2011.0,Q3YTD,2011-01-01,2011-09-30,,1.52,1.52,0.47,1.52,2273000000.0,6969000000.0,6969000000.0,,6927000000.0,42000000.0,13812000000.0,35502000000.0,447000000.0,457000000.0,13016000000.0,13812000000.0,21690000000.0,313000000.0,891000000.0,13473000000.0,8217000000.0,1025000000.0,9242000000.0,35502000000.0,4538800000.0,4571000000.0,4653000000.0
Coca-Cola Co,KO,UWJKFUJFZ02DKWI3RY53,21344,2011.0,Q3TTM,2010-10-02,2011-09-30,,2.77,2.77,0.7,2.77,2716000000.0,12731000000.0,12731000000.0,,12676000000.0,55000000.0,18091000000.0,45996000000.0,5741000000.0,1002000000.0,17563000000.0,18091000000.0,27905000000.0,800000000.0,1166000000.0,18565000000.0,9340000000.0,6107000000.0,15447000000.0,45996000000.0,4538800000.0,4571000000.0,4653000000.0
Coca-Cola Co,KO,UWJKFUJFZ02DKWI3RY53,21344,2011.0,Q3,2011-07-02,2011-09-30,2012-10-25 14:33:15+00:00,0.49,0.49,0.235,0.48,681000000.0,2246000000.0,2246000000.0,,2224000000.0,22000000.0,4875000000.0,12248000000.0,-32000000.0,96000000.0,4523000000.0,4875000000.0,7373000000.0,116000000.0,321000000.0,4619000000.0,2754000000.0,173000000.0,2927000000.0,12248000000.0,4538800000.0,4571000000.0,4653000000.0
Coca-Cola Co,KO,UWJKFUJFZ02DKWI3RY53,21344,2011.0,Q2YTD,2011-01-01,2011-07-01,,2.05,2.05,0.94,2.05,1592000000.0,4723000000.0,4723000000.0,,4703000000.0,20000000.0,8937000000.0,23254000000.0,479000000.0,361000000.0,8493000000.0,8937000000.0,14317000000.0,197000000.0,570000000.0,8854000000.0,5463000000.0,852000000.0,6315000000.0,23254000000.0,2295100000.0,2290000000.0,2330000000.0
Coca-Cola Co,KO,UWJKFUJFZ02DKWI3RY53,21344,2011.0,Q2TTM,2010-07-03,2011-07-01,,5.46,5.46,1.83,5.46,2668000000.0,12552000000.0,12552000000.0,,12507000000.0,45000000.0,16134000000.0,42174000000.0,5761000000.0,1006000000.0,16104000000.0,16134000000.0,26040000000.0,764000000.0,1293000000.0,17110000000.0,8930000000.0,6290000000.0,15220000000.0,42174000000.0,2295100000.0,2290000000.0,2330000000.0
Coca-Cola Co,KO,UWJKFUJFZ02DKWI3RY53,21344,2011.0,Q2,2011-04-02,2011-07-01,2012-07-26 11:25:42+00:00,1.22,1.22,0.47,1.2,992000000.0,2807000000.0,2807000000.0,,2800000000.0,7000000.0,4989000000.0,12737000000.0,362000000.0,152000000.0,4417000000.0,4989000000.0,7748000000.0,84000000.0,342000000.0,4569000000.0,3179000000.0,620000000.0,3799000000.0,12737000000.0,2295100000.0,2290000000.0,2330000000.0
Coca-Cola Co,KO,UWJKFUJFZ02DKWI3RY53,21344,2011.0,Q1TTM,2010-04-03,2011-04-01,,5.27,5.27,1.8,5.27,2417000000.0,12127000000.0,12127000000.0,,12076000000.0,51000000.0,14100000000.0,38111000000.0,5417000000.0,932000000.0,14565000000.0,14100000000.0,24011000000.0,761000000.0,1374000000.0,15497000000.0,8514000000.0,6030000000.0,14544000000.0,38111000000.0,2292800000.0,2292000000.0,2331000000.0
Coca-Cola Co,KO,UWJKFUJFZ02DKWI3RY53,21344,2011.0,Q1,2011-01-01,2011-04-01,2012-04-26 12:35:00+00:00,0.83,0.83,0.47,0.82,600000000.0,1916000000.0,1916000000.0,,1903000000.0,13000000.0,3948000000.0,10517000000.0,117000000.0,209000000.0,4076000000.0,3948000000.0,6569000000.0,113000000.0,228000000.0,4285000000.0,2284000000.0,232000000.0,2516000000.0,10517000000.0,2292800000.0,2292000000.0,2331000000.0
Coca-Cola Co,KO,UWJKFUJFZ02DKWI3RY53,21344,2012.0,Q4,2012-09-29,2012-12-31,,0.41,0.41,0.51,0.41,487000000.0,1890000000.0,1890000000.0,,1866000000.0,24000000.0,4628000000.0,11455000000.0,-19000000.0,214000000.0,4430000000.0,4628000000.0,6827000000.0,95000000.0,308000000.0,4644000000.0,2183000000.0,194000000.0,2377000000.0,11455000000.0,4509500000.0,4504000000.0,4584000000.0
Coca-Cola Co,KO,UWJKFUJFZ02DKWI3RY53,21344,2012.0,FY,2012-01-01,2012-12-31,2015-02-25 15:11:06+00:00,2.0,2.0,1.02,1.97,2723000000.0,9086000000.0,9086000000.0,,9019000000.0,67000000.0,19053000000.0,48017000000.0,137000000.0,447000000.0,17738000000.0,19053000000.0,28964000000.0,397000000.0,1290000000.0,18185000000.0,10779000000.0,1030000000.0,11809000000.0,48017000000.0,4509500000.0,4504000000.0,4584000000.0
Coca-Cola Co,KO,UWJKFUJFZ02DKWI3RY53,21344,2012.0,Q3YTD,2012-01-01,2012-09-28,,1.59,1.59,0.51,1.59,2236000000.0,7196000000.0,7196000000.0,,7153000000.0,43000000.0,14425000000.0,36562000000.0,156000000.0,233000000.0,13308000000.0,14425000000.0,22137000000.0,302000000.0,982000000.0,13541000000.0,8596000000.0,836000000.0,9432000000.0,36562000000.0,4531400000.0,4502000000.0,4587000000.0
Coca-Cola Co,KO,UWJKFUJFZ02DKWI3RY53,21344,2012.0,Q3TTM,2011-10-01,2012-09-28,,1.96,1.96,0.99,1.96,2775000000.0,8873000000.0,8873000000.0,,8810000000.0,63000000.0,18828000000.0,47602000000.0,238000000.0,508000000.0,17714000000.0,18828000000.0,28774000000.0,406000000.0,1264000000.0,18222000000.0,10552000000.0,1096000000.0,11648000000.0,47602000000.0,4531400000.0,4502000000.0,4587000000.0
Coca-Cola Co,KO,UWJKFUJFZ02DKWI3RY53,21344,2012.0,Q3,2012-06-30,2012-09-28,2013-10-24 12:10:47+00:00,0.51,0.51,0.255,0.5,755000000.0,2329000000.0,2329000000.0,,2311000000.0,18000000.0,4853000000.0,12340000000.0,23000000.0,64000000.0,4630000000.0,4853000000.0,7487000000.0,102000000.0,370000000.0,4694000000.0,2793000000.0,291000000.0,3084000000.0,12340000000.0,4531400000.0,4502000000.0,4587000000.0
Coca-Cola Co,KO,UWJKFUJFZ02DKWI3RY53,21344,2012.0,Q2YTD,2012-01-01,2012-06-29,,1.07,1.07,0.26,1.07,1481000000.0,4867000000.0,4867000000.0,,4842000000.0,25000000.0,9572000000.0,24222000000.0,133000000.0,169000000.0,8678000000.0,9572000000.0,14650000000.0,200000000.0,612000000.0,8847000000.0,5803000000.0,545000000.0,6348000000.0,24222000000.0,4496800000.0,4511000000.0,4592000000.0
Coca-Cola Co,KO,UWJKFUJFZ02DKWI3RY53,21344,2012.0,Q2TTM,2011-07-02,2012-06-29,,1.93,1.93,0.73,1.93,2701000000.0,8790000000.0,8790000000.0,,8723000000.0,67000000.0,18850000000.0,47510000000.0,183000000.0,540000000.0,17607000000.0,18850000000.0,28660000000.0,420000000.0,1215000000.0,18147000000.0,10513000000.0,978000000.0,11491000000.0,47510000000.0,4496800000.0,4511000000.0,4592000000.0
Coca-Cola Co,KO,UWJKFUJFZ02DKWI3RY53,21344,2012.0,Q2,2012-03-31,2012-06-29,2013-07-25 12:31:33+00:00,0.62,0.62,0.255,0.61,823000000.0,2800000000.0,2800000000.0,,2788000000.0,12000000.0,5224000000.0,13085000000.0,84000000.0,70000000.0,4497000000.0,5224000000.0,7861000000.0,112000000.0,357000000.0,4567000000.0,3294000000.0,329000000.0,3623000000.0,13085000000.0,4496800000.0,4511000000.0,4592000000.0
Coca-Cola Co,KO,UWJKFUJFZ02DKWI3RY53,21344,2012.0,Q1TTM,2011-04-02,2012-03-30,,1.93,1.93,0.71,1.93,2870000000.0,8797000000.0,8797000000.0,,8735000000.0,62000000.0,18615000000.0,47162000000.0,461000000.0,622000000.0,17527000000.0,18615000000.0,28547000000.0,392000000.0,1200000000.0,18149000000.0,10398000000.0,1269000000.0,11667000000.0,47162000000.0,4564400000.0,4525000000.0,4601000000.0
Coca-Cola Co,KO,UWJKFUJFZ02DKWI3RY53,21344,2012.0,Q1,2012-01-01,2012-03-30,2013-04-25 11:57:25+00:00,0.45,0.45,0.255,0.45,658000000.0,2067000000.0,2067000000.0,,2054000000.0,13000000.0,4348000000.0,11137000000.0,49000000.0,99000000.0,4181000000.0,4348000000.0,6789000000.0,88000000.0,255000000.0,4280000000.0,2509000000.0,216000000.0,2725000000.0,11137000000.0,4564400000.0,4525000000.0,4601000000.0
Coca-Cola Co,KO,UWJKFUJFZ02DKWI3RY53,21344,2013.0,FY,2013-01-01,2013-12-31,2016-02-25 14:48:38+00:00,1.94,1.94,1.12,1.9,2851000000.0,8626000000.0,8626000000.0,,8584000000.0,42000000.0,18421000000.0,46854000000.0,576000000.0,895000000.0,17310000000.0,18421000000.0,28433000000.0,463000000.0,1136000000.0,18205000000.0,10228000000.0,1249000000.0,11477000000.0,46854000000.0,4424700000.0,4434000000.0,4509000000.0
Coca-Cola Co,KO,UWJKFUJFZ02DKWI3RY53,21344,2013.0,Q4,2013-09-28,2013-12-31,,0.39,0.39,0.56,0.39,520000000.0,1708000000.0,1708000000.0,,1710000000.0,-2000000.0,4315000000.0,11040000000.0,54000000.0,301000000.0,4319000000.0,4315000000.0,6725000000.0,149000000.0,218000000.0,4620000000.0,2105000000.0,123000000.0,2228000000.0,11040000000.0,4424700000.0,4434000000.0,4509000000.0
Coca-Cola Co,KO,UWJKFUJFZ02DKWI3RY53,21344,2013.0,Q3YTD,2013-01-01,2013-09-27,,1.55,1.55,0.56,1.55,2331000000.0,6918000000.0,6918000000.0,,6874000000.0,44000000.0,14106000000.0,35814000000.0,522000000.0,594000000.0,12991000000.0,14106000000.0,21708000000.0,314000000.0,918000000.0,13585000000.0,8123000000.0,1126000000.0,9249000000.0,35814000000.0,4449100000.0,4426000000.0,4498000000.0
Coca-Cola Co,KO,UWJKFUJFZ02DKWI3RY53,21344,2013.0,Q3TTM,2012-09-29,2013-09-27,,1.97,1.97,1.08,1.97,2818000000.0,8808000000.0,8808000000.0,,8740000000.0,68000000.0,18734000000.0,47269000000.0,503000000.0,808000000.0,17421000000.0,18734000000.0,28535000000.0,409000000.0,1226000000.0,18229000000.0,10306000000.0,1320000000.0,11626000000.0,47269000000.0,4449100000.0,4426000000.0,4498000000.0
Coca-Cola Co,KO,UWJKFUJFZ02DKWI3RY53,21344,2013.0,Q3,2013-06-29,2013-09-27,2014-10-29 14:07:49+00:00,0.55,0.55,0.28,0.54,925000000.0,2455000000.0,2455000000.0,,2447000000.0,8000000.0,4793000000.0,12030000000.0,658000000.0,341000000.0,4424000000.0,4793000000.0,7237000000.0,90000000.0,340000000.0,4765000000.0,2472000000.0,908000000.0,3380000000.0,12030000000.0,4449100000.0,4426000000.0,4498000000.0
Coca-Cola Co,KO,UWJKFUJFZ02DKWI3RY53,21344,2013.0,Q2YTD,2013-01-01,2013-06-28,,1.0,1.0,0.28,1.0,1406000000.0,4463000000.0,4463000000.0,,4427000000.0,36000000.0,9313000000.0,23784000000.0,-136000000.0,253000000.0,8567000000.0,9313000000.0,14471000000.0,224000000.0,578000000.0,8820000000.0,5651000000.0,218000000.0,5869000000.0,23784000000.0,4460000000.0,4446000000.0,4527000000.0
Coca-Cola Co,KO,UWJKFUJFZ02DKWI3RY53,21344,2013.0,Q2TTM,2012-06-30,2013-06-28,,1.94,1.94,1.05,1.94,2648000000.0,8682000000.0,8682000000.0,,8604000000.0,78000000.0,18794000000.0,47579000000.0,-132000000.0,531000000.0,17627000000.0,18794000000.0,28785000000.0,421000000.0,1256000000.0,18158000000.0,10627000000.0,703000000.0,11330000000.0,47579000000.0,4460000000.0,4446000000.0,4527000000.0
Coca-Cola Co,KO,UWJKFUJFZ02DKWI3RY53,21344,2013.0,Q2,2013-03-30,2013-06-28,2014-07-30 15:44:58+00:00,0.6,0.6,0.28,0.59,831000000.0,2694000000.0,2694000000.0,,2676000000.0,18000000.0,4989000000.0,12749000000.0,29000000.0,132000000.0,4385000000.0,4989000000.0,7760000000.0,122000000.0,375000000.0,4517000000.0,3243000000.0,282000000.0,3525000000.0,12749000000.0,4460000000.0,4446000000.0,4527000000.0
Coca-Cola Co,KO,UWJKFUJFZ02DKWI3RY53,21344,2013.0,Q1TTM,2012-03-31,2013-03-29,,1.96,1.96,1.03,1.96,2640000000.0,8788000000.0,8788000000.0,,8716000000.0,72000000.0,19029000000.0,47915000000.0,-77000000.0,469000000.0,17739000000.0,19029000000.0,28886000000.0,411000000.0,1238000000.0,18208000000.0,10678000000.0,750000000.0,11428000000.0,47915000000.0,4489700000.0,4455000000.0,4530000000.0
Coca-Cola Co,KO,UWJKFUJFZ02DKWI3RY53,21344,2013.0,Q1,2013-01-01,2013-03-29,2014-04-24 14:23:46+00:00,0.39,0.39,0.28,0.39,575000000.0,1769000000.0,1769000000.0,,1751000000.0,18000000.0,4324000000.0,11035000000.0,-165000000.0,121000000.0,4182000000.0,4324000000.0,6711000000.0,102000000.0,203000000.0,4303000000.0,2408000000.0,-64000000.0,2344000000.0,11035000000.0,4489700000.0,4455000000.0,4530000000.0
Coca-Cola Co,KO,UWJKFUJFZ02DKWI3RY53,21344,2014.0,FY,2014-01-01,2014-12-31,2017-02-24 11:34:47+00:00,1.62,1.62,1.22,1.6,2201000000.0,7124000000.0,7124000000.0,,7098000000.0,26000000.0,17889000000.0,45998000000.0,-1263000000.0,1183000000.0,17218000000.0,17889000000.0,28109000000.0,483000000.0,1363000000.0,18401000000.0,9708000000.0,-383000000.0,9325000000.0,45998000000.0,4381500000.0,4387000000.0,4450000000.0
Coca-Cola Co,KO,UWJKFUJFZ02DKWI3RY53,21344,2014.0,Q4,2014-09-27,2014-12-31,,0.18,0.18,0.31,0.18,305000000.0,771000000.0,771000000.0,,770000000.0,1000000.0,4357000000.0,10872000000.0,-633000000.0,726000000.0,4338000000.0,4357000000.0,6515000000.0,139000000.0,397000000.0,5064000000.0,1451000000.0,-375000000.0,1076000000.0,10872000000.0,4381500000.0,4387000000.0,4450000000.0
Coca-Cola Co,KO,UWJKFUJFZ02DKWI3RY53,21344,2014.0,Q3,2014-06-28,2014-09-26,2015-10-28 12:44:23+00:00,0.48,0.48,0.305,0.48,538000000.0,2122000000.0,2122000000.0,,2114000000.0,8000000.0,4630000000.0,11976000000.0,-312000000.0,128000000.0,4507000000.0,4630000000.0,7346000000.0,113000000.0,374000000.0,4635000000.0,2711000000.0,-51000000.0,2660000000.0,11976000000.0,4404200000.0,4383000000.0,4445000000.0
Coca-Cola Co,KO,UWJKFUJFZ02DKWI3RY53,21344,2014.0,Q3YTD,2014-01-01,2014-09-26,,1.44,1.44,0.61,1.44,1896000000.0,6353000000.0,6353000000.0,,6328000000.0,25000000.0,13532000000.0,35126000000.0,-630000000.0,457000000.0,12880000000.0,13532000000.0,21594000000.0,344000000.0,966000000.0,13337000000.0,8257000000.0,-8000000.0,8249000000.0,35126000000.0,4404200000.0,4383000000.0,4445000000.0
Coca-Cola Co,KO,UWJKFUJFZ02DKWI3RY53,21344,2014.0,Q3TTM,2013-09-28,2014-09-26,,1.83,1.83,1.18,1.83,2416000000.0,8061000000.0,8061000000.0,,8038000000.0,23000000.0,17847000000.0,46166000000.0,-576000000.0,758000000.0,17199000000.0,17847000000.0,28319000000.0,493000000.0,1184000000.0,17957000000.0,10362000000.0,115000000.0,10477000000.0,46166000000.0,4404200000.0,4383000000.0,4445000000.0
Coca-Cola Co,KO,UWJKFUJFZ02DKWI3RY53,21344,2014.0,Q2YTD,2014-01-01,2014-06-27,,0.96,0.96,0.31,0.96,1358000000.0,4231000000.0,4231000000.0,,4214000000.0,17000000.0,8902000000.0,23150000000.0,-318000000.0,329000000.0,8373000000.0,8902000000.0,14248000000.0,231000000.0,592000000.0,8702000000.0,5546000000.0,43000000.0,5589000000.0,23150000000.0,4398300000.0,4391000000.0,4454000000.0
Coca-Cola Co,KO,UWJKFUJFZ02DKWI3RY53,21344,2014.0,Q2TTM,2013-06-29,2014-06-27,,1.91,1.91,1.15,1.91,2803000000.0,8394000000.0,8394000000.0,,8371000000.0,23000000.0,18010000000.0,46220000000.0,394000000.0,971000000.0,17116000000.0,18010000000.0,28210000000.0,470000000.0,1150000000.0,18087000000.0,10123000000.0,1074000000.0,11197000000.0,46220000000.0,4398300000.0,4391000000.0,4454000000.0
Coca-Cola Co,KO,UWJKFUJFZ02DKWI3RY53,21344,2014.0,Q2,2014-03-29,2014-06-27,2015-07-29 14:59:07+00:00,0.59,0.59,0.305,0.58,779000000.0,2605000000.0,2605000000.0,,2595000000.0,10000000.0,4819000000.0,12574000000.0,-77000000.0,201000000.0,4384000000.0,4819000000.0,7755000000.0,107000000.0,398000000.0,4585000000.0,3170000000.0,214000000.0,3384000000.0,12574000000.0,4398300000.0,4391000000.0,4454000000.0
Coca-Cola Co,KO,UWJKFUJFZ02DKWI3RY53,21344,2014.0,Q1TTM,2013-03-30,2014-03-28,,1.92,1.92,1.13,1.92,2855000000.0,8483000000.0,8483000000.0,,8452000000.0,31000000.0,18180000000.0,46395000000.0,500000000.0,902000000.0,17117000000.0,18180000000.0,28215000000.0,485000000.0,1127000000.0,18019000000.0,10196000000.0,1142000000.0,11338000000.0,46395000000.0,4375700000.0,4401000000.0,4464000000.0
Coca-Cola Co,KO,UWJKFUJFZ02DKWI3RY53,21344,2014.0,Q1,2014-01-01,2014-03-28,2015-04-30 15:10:02+00:00,0.37,0.37,0.305,0.36,579000000.0,1626000000.0,1626000000.0,,1619000000.0,7000000.0,4083000000.0,10576000000.0,-241000000.0,128000000.0,3989000000.0,4083000000.0,6493000000.0,124000000.0,194000000.0,4117000000.0,2376000000.0,-171000000.0,2205000000.0,10576000000.0,4375700000.0,4401000000.0,4464000000.0
Coca-Cola Co,KO,UWJKFUJFZ02DKWI3RY53,21344,2015.0,FY,2015-01-01,2015-12-31,2018-02-23 11:20:20+00:00,1.69,1.69,1.32,1.67,2239000000.0,7366000000.0,7366000000.0,0.0,7351000000.0,15000000.0,17482000000.0,44294000000.0,631000000.0,1657000000.0,16427000000.0,17482000000.0,26812000000.0,856000000.0,1102000000.0,18084000000.0,8728000000.0,877000000.0,9605000000.0,44294000000.0,4349700000.0,4352000000.0,4405000000.0
Coca-Cola Co,KO,UWJKFUJFZ02DKWI3RY53,21344,2015.0,Q4,2015-10-03,2015-12-31,,0.29,0.29,0.33,0.28,302000000.0,1236000000.0,1236000000.0,,1237000000.0,-1000000.0,4054000000.0,10000000000.0,-78000000.0,491000000.0,3937000000.0,4054000000.0,5946000000.0,143000000.0,241000000.0,4428000000.0,1518000000.0,20000000.0,1538000000.0,10000000000.0,4349700000.0,4352000000.0,4405000000.0
Coca-Cola Co,KO,UWJKFUJFZ02DKWI3RY53,21344,2015.0,Q3,2015-07-04,2015-10-02,2016-10-27 13:19:54+00:00,0.33,0.33,0.33,0.33,272000000.0,1453000000.0,1453000000.0,,1449000000.0,4000000.0,4577000000.0,11427000000.0,-871000000.0,264000000.0,4207000000.0,4577000000.0,6850000000.0,138000000.0,355000000.0,4471000000.0,2379000000.0,-654000000.0,1725000000.0,11427000000.0,4390900000.0,4349000000.0,4399000000.0
Coca-Cola Co,KO,UWJKFUJFZ02DKWI3RY53,21344,2015.0,Q3YTD,2015-01-01,2015-10-02,,1.4,1.4,0.99,1.39,1937000000.0,6130000000.0,6130000000.0,,6114000000.0,16000000.0,13428000000.0,34294000000.0,709000000.0,1166000000.0,12490000000.0,13428000000.0,20866000000.0,713000000.0,861000000.0,13656000000.0,7210000000.0,857000000.0,8067000000.0,34294000000.0,4390900000.0,4349000000.0,4399000000.0
Coca-Cola Co,KO,UWJKFUJFZ02DKWI3RY53,21344,2015.0,Q3TTM,2014-09-27,2015-10-02,,1.58,1.58,1.3,1.57,2242000000.0,6901000000.0,6901000000.0,,6884000000.0,17000000.0,17785000000.0,45166000000.0,76000000.0,1892000000.0,16828000000.0,17785000000.0,27381000000.0,852000000.0,1258000000.0,18720000000.0,8661000000.0,482000000.0,9143000000.0,45166000000.0,4390900000.0,4349000000.0,4399000000.0
Coca-Cola Co,KO,UWJKFUJFZ02DKWI3RY53,21344,2015.0,Q2,2015-04-04,2015-07-03,2016-07-28 14:00:16+00:00,0.71,0.71,0.33,0.71,1250000000.0,3111000000.0,3111000000.0,,3108000000.0,3000000.0,4748000000.0,12156000000.0,1605000000.0,669000000.0,4204000000.0,4748000000.0,7408000000.0,128000000.0,349000000.0,4873000000.0,2535000000.0,1826000000.0,4361000000.0,12156000000.0,4377500000.0,4355000000.0,4408000000.0
Coca-Cola Co,KO,UWJKFUJFZ02DKWI3RY53,21344,2015.0,Q2YTD,2015-01-01,2015-07-03,,1.07,1.07,0.66,1.06,1665000000.0,4677000000.0,4677000000.0,,4665000000.0,12000000.0,8851000000.0,22867000000.0,1580000000.0,902000000.0,8283000000.0,8851000000.0,14016000000.0,575000000.0,506000000.0,9185000000.0,4831000000.0,1511000000.0,6342000000.0,22867000000.0,4377500000.0,4355000000.0,4408000000.0
Coca-Cola Co,KO,UWJKFUJFZ02DKWI3RY53,21344,2015.0,Q2TTM,2014-06-28,2015-07-03,,1.73,1.73,1.58,1.73,2508000000.0,7570000000.0,7570000000.0,,7549000000.0,21000000.0,17838000000.0,45715000000.0,635000000.0,1756000000.0,17128000000.0,17838000000.0,27877000000.0,827000000.0,1277000000.0,18884000000.0,8993000000.0,1085000000.0,10078000000.0,45715000000.0,4377500000.0,4355000000.0,4408000000.0
Coca-Cola Co,KO,UWJKFUJFZ02DKWI3RY53,21344,2015.0,Q1,2015-01-01,2015-04-03,2016-04-28 14:06:42+00:00,0.36,0.36,0.33,0.35,415000000.0,1566000000.0,1566000000.0,,1557000000.0,9000000.0,4103000000.0,10711000000.0,-25000000.0,233000000.0,4079000000.0,4103000000.0,6608000000.0,447000000.0,157000000.0,4312000000.0,2296000000.0,-315000000.0,1981000000.0,10711000000.0,4325000000.0,4365000000.0,4422000000.0
Coca-Cola Co,KO,UWJKFUJFZ02DKWI3RY53,21344,2015.0,Q1TTM,2014-03-29,2015-04-03,,1.61,1.61,1.56,1.61,2037000000.0,7064000000.0,7064000000.0,,7036000000.0,28000000.0,17909000000.0,46133000000.0,-1047000000.0,1288000000.0,17308000000.0,17909000000.0,28224000000.0,806000000.0,1326000000.0,18596000000.0,9628000000.0,-527000000.0,9101000000.0,46133000000.0,4325000000.0,4365000000.0,4422000000.0
Coca-Cola Co,KO,UWJKFUJFZ02DKWI3RY53,21344,2016.0,FY,2016-01-01,2016-12-31,2019-02-21 16:55:42+00:00,1.51,1.51,1.4,1.49,1586000000.0,6550000000.0,6550000000.0,0.0,6527000000.0,23000000.0,16465000000.0,41863000000.0,-1265000000.0,,16741000000.0,16465000000.0,25398000000.0,733000000.0,1477000000.0,16741000000.0,8657000000.0,-521000000.0,8136000000.0,41863000000.0,4322500000.0,4317000000.0,4367000000.0
Coca-Cola Co,KO,UWJKFUJFZ02DKWI3RY53,21344,2016.0,Q4,2016-10-01,2016-12-31,,0.13,0.13,0.35,0.12,-32000000.0,547000000.0,547000000.0,,550000000.0,-3000000.0,3794000000.0,9409000000.0,-950000000.0,-830000000.0,5059000000.0,3794000000.0,5615000000.0,248000000.0,327000000.0,4229000000.0,1386000000.0,-871000000.0,515000000.0,9409000000.0,4322500000.0,4317000000.0,4367000000.0
Coca-Cola Co,KO,UWJKFUJFZ02DKWI3RY53,21344,2016.0,Q3,2016-07-02,2016-09-30,2017-10-26 15:51:08+00:00,0.24,0.24,0.35,0.24,378000000.0,1050000000.0,1050000000.0,,1046000000.0,4000000.0,4131000000.0,10633000000.0,-1106000000.0,222000000.0,4009000000.0,4131000000.0,6502000000.0,182000000.0,445000000.0,4231000000.0,2271000000.0,-843000000.0,1428000000.0,10633000000.0,4358300000.0,4315000000.0,4364000000.0
Coca-Cola Co,KO,UWJKFUJFZ02DKWI3RY53,21344,2016.0,Q3YTD,2016-01-01,2016-09-30,,1.38,1.38,1.05,1.37,1618000000.0,6003000000.0,6003000000.0,,5977000000.0,26000000.0,12671000000.0,32454000000.0,-315000000.0,830000000.0,11682000000.0,12671000000.0,19783000000.0,485000000.0,1150000000.0,12512000000.0,7271000000.0,350000000.0,7621000000.0,32454000000.0,4358300000.0,4315000000.0,4364000000.0
Coca-Cola Co,KO,UWJKFUJFZ02DKWI3RY53,21344,2016.0,Q3TTM,2015-10-03,2016-09-30,,1.67,1.67,1.38,1.65,1920000000.0,7239000000.0,7239000000.0,,7214000000.0,25000000.0,16725000000.0,42454000000.0,-393000000.0,1321000000.0,15619000000.0,16725000000.0,25729000000.0,628000000.0,1391000000.0,16940000000.0,8789000000.0,370000000.0,9159000000.0,42454000000.0,4358300000.0,4315000000.0,4364000000.0
Coca-Cola Co,KO,UWJKFUJFZ02DKWI3RY53,21344,2016.0,Q2,2016-04-02,2016-07-01,2017-07-27 15:22:31+00:00,0.8,0.8,0.35,0.79,839000000.0,3460000000.0,3460000000.0,,3448000000.0,12000000.0,4471000000.0,11539000000.0,1133000000.0,297000000.0,3912000000.0,4471000000.0,7068000000.0,162000000.0,469000000.0,4209000000.0,2859000000.0,1440000000.0,4299000000.0,11539000000.0,4310000000.0,4323000000.0,4377000000.0
Coca-Cola Co,KO,UWJKFUJFZ02DKWI3RY53,21344,2016.0,Q2YTD,2016-01-01,2016-07-01,,1.14,1.14,0.7,1.13,1240000000.0,4953000000.0,4953000000.0,,4931000000.0,22000000.0,8540000000.0,21821000000.0,791000000.0,608000000.0,7673000000.0,8540000000.0,13281000000.0,303000000.0,705000000.0,8281000000.0,5000000000.0,1193000000.0,6193000000.0,21821000000.0,4310000000.0,4323000000.0,4377000000.0
Coca-Cola Co,KO,UWJKFUJFZ02DKWI3RY53,21344,2016.0,Q2TTM,2015-07-04,2016-07-01,,1.76,1.76,1.36,1.74,1814000000.0,7642000000.0,7642000000.0,,7617000000.0,25000000.0,17171000000.0,43248000000.0,-158000000.0,1363000000.0,15817000000.0,17171000000.0,26077000000.0,584000000.0,1301000000.0,17180000000.0,8897000000.0,559000000.0,9456000000.0,43248000000.0,4310000000.0,4323000000.0,4377000000.0
Coca-Cola Co,KO,UWJKFUJFZ02DKWI3RY53,21344,2016.0,Q1,2016-01-01,2016-04-01,2017-04-27 16:24:07+00:00,0.34,0.34,0.35,0.34,401000000.0,1493000000.0,1493000000.0,,1483000000.0,10000000.0,4069000000.0,10282000000.0,-342000000.0,311000000.0,3761000000.0,4069000000.0,6213000000.0,141000000.0,236000000.0,4072000000.0,2141000000.0,-247000000.0,1894000000.0,10282000000.0,4361800000.0,4328000000.0,4382000000.0
Coca-Cola Co,KO,UWJKFUJFZ02DKWI3RY53,21344,2016.0,Q1TTM,2015-04-04,2016-04-01,,1.67,1.67,1.34,1.66,2225000000.0,7293000000.0,7293000000.0,,7277000000.0,16000000.0,17448000000.0,43865000000.0,314000000.0,1735000000.0,16109000000.0,17448000000.0,26417000000.0,550000000.0,1181000000.0,17844000000.0,8573000000.0,945000000.0,9518000000.0,43865000000.0,4361800000.0,4328000000.0,4382000000.0
Coca-Cola Co,KO,UWJKFUJFZ02DKWI3RY53,21344,2017.0,FY,2017-01-01,2017-12-31,2020-02-24 16:08:17+00:00,0.29,0.29,1.48,0.29,5607000000.0,1283000000.0,1283000000.0,,1248000000.0,35000000.0,13721000000.0,36212000000.0,-1763000000.0,,14736000000.0,13721000000.0,22491000000.0,853000000.0,1751000000.0,14736000000.0,7755000000.0,-865000000.0,6890000000.0,36212000000.0,4303400000.0,4272000000.0,4324000000.0
Coca-Cola Co,KO,UWJKFUJFZ02DKWI3RY53,21344,2017.0,Q4,2017-09-30,2017-12-31,,-0.65,-0.65,0.37,-0.63,3802000000.0,-2717000000.0,-2717000000.0,,-2752000000.0,35000000.0,3155000000.0,8314000000.0,-576000000.0,-1116000000.0,4765000000.0,3155000000.0,5159000000.0,222000000.0,373000000.0,3649000000.0,1510000000.0,-425000000.0,1085000000.0,8314000000.0,4303400000.0,4272000000.0,4324000000.0
Coca-Cola Co,KO,UWJKFUJFZ02DKWI3RY53,21344,2017.0,Q3,2017-07-01,2017-09-29,2018-10-30 13:25:29+00:00,0.34,0.34,0.37,0.33,230000000.0,1444000000.0,1444000000.0,0.0,1447000000.0,-3000000.0,3394000000.0,9078000000.0,-896000000.0,,3439000000.0,3394000000.0,5684000000.0,208000000.0,533000000.0,3439000000.0,2245000000.0,-571000000.0,1674000000.0,9078000000.0,4255900000.0,4266000000.0,4320000000.0
Coca-Cola Co,KO,UWJKFUJFZ02DKWI3RY53,21344,2017.0,Q3YTD,2017-01-01,2017-09-29,,0.94,0.94,1.11,0.92,1805000000.0,4000000000.0,4000000000.0,,4000000000.0,,10566000000.0,27898000000.0,-1187000000.0,1116000000.0,9971000000.0,10566000000.0,17332000000.0,631000000.0,1378000000.0,11087000000.0,6245000000.0,-440000000.0,5805000000.0,27898000000.0,4255900000.0,4266000000.0,4320000000.0
Coca-Cola Co,KO,UWJKFUJFZ02DKWI3RY53,21344,2017.0,Q3TTM,2016-10-01,2017-09-29,,1.07,1.07,1.46,1.04,1773000000.0,4547000000.0,4547000000.0,,4550000000.0,-3000000.0,14360000000.0,37307000000.0,-2137000000.0,286000000.0,15030000000.0,14360000000.0,22947000000.0,879000000.0,1705000000.0,15316000000.0,7631000000.0,-1311000000.0,6320000000.0,37307000000.0,4255900000.0,4266000000.0,4320000000.0
Coca-Cola Co,KO,UWJKFUJFZ02DKWI3RY53,21344,2017.0,Q2,2017-04-01,2017-06-30,2018-07-26 14:40:09+00:00,0.32,0.32,0.37,0.32,1252000000.0,1372000000.0,1372000000.0,0.0,1371000000.0,1000000.0,3659000000.0,9702000000.0,244000000.0,826000000.0,3180000000.0,3659000000.0,6043000000.0,231000000.0,574000000.0,4006000000.0,2037000000.0,587000000.0,2624000000.0,9702000000.0,4284400000.0,4273000000.0,4327000000.0
Coca-Cola Co,KO,UWJKFUJFZ02DKWI3RY53,21344,2017.0,Q2YTD,2017-01-01,2017-06-30,,0.6,0.6,0.74,0.59,1575000000.0,2556000000.0,2556000000.0,,2553000000.0,3000000.0,7172000000.0,18820000000.0,-291000000.0,1116000000.0,6532000000.0,7172000000.0,11648000000.0,423000000.0,845000000.0,7648000000.0,4000000000.0,131000000.0,4131000000.0,18820000000.0,4284400000.0,4273000000.0,4327000000.0
Coca-Cola Co,KO,UWJKFUJFZ02DKWI3RY53,21344,2017.0,Q2TTM,2016-07-02,2017-06-30,,0.97,0.97,1.44,0.95,1921000000.0,4153000000.0,4153000000.0,,4149000000.0,4000000.0,15097000000.0,38862000000.0,-2347000000.0,508000000.0,15600000000.0,15097000000.0,23765000000.0,853000000.0,1617000000.0,16108000000.0,7657000000.0,-1583000000.0,6074000000.0,38862000000.0,4284400000.0,4273000000.0,4327000000.0
Coca-Cola Co,KO,UWJKFUJFZ02DKWI3RY53,21344,2017.0,Q1,2017-01-01,2017-03-31,2018-05-01 15:30:40+00:00,0.28,0.28,0.37,0.27,323000000.0,1184000000.0,1184000000.0,0.0,1182000000.0,2000000.0,3513000000.0,9118000000.0,-535000000.0,290000000.0,3352000000.0,3513000000.0,5605000000.0,192000000.0,271000000.0,3642000000.0,1963000000.0,-456000000.0,1507000000.0,9118000000.0,4221400000.0,4287000000.0,4334000000.0
Coca-Cola Co,KO,UWJKFUJFZ02DKWI3RY53,21344,2017.0,Q1TTM,2016-04-02,2017-03-31,,1.45,1.45,1.42,1.42,1508000000.0,6241000000.0,6241000000.0,,6226000000.0,15000000.0,15909000000.0,40699000000.0,-1458000000.0,-21000000.0,16332000000.0,15909000000.0,24790000000.0,784000000.0,1512000000.0,16311000000.0,8479000000.0,-730000000.0,7749000000.0,40699000000.0,4221400000.0,4287000000.0,4334000000.0
Coca-Cola Co,KO,UWJKFUJFZ02DKWI3RY53,21344,2018.0,FY,2018-01-01,2018-12-31,2020-02-24 16:08:17+00:00,1.51,1.51,1.56,1.5,1749000000.0,6476000000.0,6476000000.0,,6434000000.0,42000000.0,13067000000.0,34300000000.0,-1674000000.0,,12081000000.0,13067000000.0,21233000000.0,950000000.0,1697000000.0,12081000000.0,9152000000.0,-927000000.0,8225000000.0,34300000000.0,4260900000.0,4259000000.0,4299000000.0
Coca-Cola Co,KO,UWJKFUJFZ02DKWI3RY53,21344,2018.0,Q4,2018-09-29,2018-12-31,,0.21,0.21,1.56,0.2,77000000.0,927000000.0,1000000000.0,-73000000.0,870000000.0,57000000.0,3440000000.0,8478000000.0,-999000000.0,,3077000000.0,3440000000.0,5038000000.0,259000000.0,374000000.0,3077000000.0,1961000000.0,-884000000.0,1077000000.0,8478000000.0,4260900000.0,4259000000.0,4299000000.0
Coca-Cola Co,KO,UWJKFUJFZ02DKWI3RY53,21344,2018.0,Q3,2018-06-30,2018-09-28,2019-10-24 15:19:15+00:00,0.44,0.44,,0.44,555000000.0,1818000000.0,1818000000.0,,1880000000.0,-62000000.0,3346000000.0,8775000000.0,-546000000.0,,2815000000.0,3346000000.0,5429000000.0,214000000.0,519000000.0,2815000000.0,2614000000.0,-241000000.0,2373000000.0,8775000000.0,4272700000.0,4255000000.0,4295000000.0
Coca-Cola Co,KO,UWJKFUJFZ02DKWI3RY53,21344,2018.0,Q3YTD,2018-01-01,2018-09-28,,1.3,1.3,,1.3,1672000000.0,5549000000.0,5476000000.0,73000000.0,5564000000.0,-15000000.0,9627000000.0,25822000000.0,-675000000.0,,9004000000.0,9627000000.0,16195000000.0,691000000.0,1323000000.0,9004000000.0,7191000000.0,-43000000.0,7148000000.0,25822000000.0,4272700000.0,4255000000.0,4295000000.0
Coca-Cola Co,KO,UWJKFUJFZ02DKWI3RY53,21344,2018.0,Q3TTM,2017-09-30,2018-09-28,,0.65,0.65,0.37,0.67,5474000000.0,2832000000.0,2759000000.0,73000000.0,2812000000.0,20000000.0,12782000000.0,34136000000.0,-1251000000.0,-1116000000.0,13769000000.0,12782000000.0,21354000000.0,913000000.0,1696000000.0,12653000000.0,8701000000.0,-468000000.0,8233000000.0,34136000000.0,4272700000.0,4255000000.0,4295000000.0
Coca-Cola Co,KO,UWJKFUJFZ02DKWI3RY53,21344,2018.0,Q2,2018-03-31,2018-06-29,2019-07-25 16:09:30+00:00,0.54,0.54,,0.54,611000000.0,2331000000.0,2331000000.0,,2316000000.0,15000000.0,3543000000.0,9421000000.0,-74000000.0,,3112000000.0,3543000000.0,5878000000.0,247000000.0,497000000.0,3112000000.0,2766000000.0,176000000.0,2942000000.0,9421000000.0,4288900000.0,4255000000.0,4290000000.0
Coca-Cola Co,KO,UWJKFUJFZ02DKWI3RY53,21344,2018.0,Q2YTD,2018-01-01,2018-06-29,,0.86,0.86,,0.86,1117000000.0,3731000000.0,3658000000.0,73000000.0,3684000000.0,47000000.0,6281000000.0,17047000000.0,-129000000.0,,6189000000.0,6281000000.0,10766000000.0,477000000.0,804000000.0,6189000000.0,4577000000.0,198000000.0,4775000000.0,17047000000.0,4288900000.0,4255000000.0,4290000000.0
Coca-Cola Co,KO,UWJKFUJFZ02DKWI3RY53,21344,2018.0,Q2TTM,2017-07-01,2018-06-29,,0.55,0.55,0.74,0.56,5149000000.0,2458000000.0,2385000000.0,73000000.0,2379000000.0,79000000.0,12830000000.0,34439000000.0,-1601000000.0,-1116000000.0,14393000000.0,12830000000.0,21609000000.0,907000000.0,1710000000.0,13277000000.0,8332000000.0,-798000000.0,7534000000.0,34439000000.0,4288900000.0,4255000000.0,4290000000.0
Coca-Cola Co,KO,UWJKFUJFZ02DKWI3RY53,21344,2018.0,Q1,2018-01-01,2018-03-30,2019-04-25 15:09:38+00:00,0.32,0.32,,0.32,506000000.0,1400000000.0,1327000000.0,73000000.0,1368000000.0,32000000.0,2738000000.0,7626000000.0,-55000000.0,,3077000000.0,2738000000.0,4888000000.0,230000000.0,307000000.0,3077000000.0,1811000000.0,22000000.0,1833000000.0,7626000000.0,4275000000.0,4265000000.0,4306000000.0
Coca-Cola Co,KO,UWJKFUJFZ02DKWI3RY53,21344,2018.0,Q1TTM,2017-04-01,2018-03-30,,0.33,0.33,1.11,0.34,5790000000.0,1499000000.0,1426000000.0,73000000.0,1434000000.0,65000000.0,12946000000.0,34720000000.0,-1283000000.0,-290000000.0,14461000000.0,12946000000.0,21774000000.0,891000000.0,1787000000.0,14171000000.0,7603000000.0,-387000000.0,7216000000.0,34720000000.0,4275000000.0,4265000000.0,4306000000.0
Coca-Cola Co,KO,UWJKFUJFZ02DKWI3RY53,21344,2019.0,Q4,2019-09-28,2019-12-31,,0.48,0.48,1.6,0.47,355000000.0,2065000000.0,2065000000.0,,2042000000.0,23000000.0,3566000000.0,9068000000.0,115000000.0,,3338000000.0,3566000000.0,5502000000.0,235000000.0,376000000.0,3338000000.0,2164000000.0,256000000.0,2420000000.0,9068000000.0,4267900000.0,4276000000.0,4314000000.0
Coca-Cola Co,KO,UWJKFUJFZ02DKWI3RY53,21344,2019.0,FY,2019-01-01,2019-12-31,2020-02-24 16:08:17+00:00,2.09,2.09,1.6,2.07,1801000000.0,8985000000.0,8985000000.0,,8920000000.0,65000000.0,14619000000.0,37266000000.0,34000000.0,,12561000000.0,14619000000.0,22647000000.0,946000000.0,1612000000.0,12561000000.0,10086000000.0,700000000.0,10786000000.0,37266000000.0,4267900000.0,4276000000.0,4314000000.0
Coca-Cola Co,KO,UWJKFUJFZ02DKWI3RY53,21344,2019.0,Q3YTD,2019-01-01,2019-09-27,,1.61,1.61,,1.6,1446000000.0,6920000000.0,6920000000.0,,6878000000.0,42000000.0,11053000000.0,28198000000.0,-81000000.0,,9223000000.0,11053000000.0,17145000000.0,711000000.0,1236000000.0,9223000000.0,7922000000.0,444000000.0,8366000000.0,28198000000.0,4250800000.0,4280000000.0,4321000000.0
Coca-Cola Co,KO,UWJKFUJFZ02DKWI3RY53,21344,2019.0,Q3TTM,2018-09-29,2019-09-27,,1.82,1.82,1.56,1.8,1523000000.0,7847000000.0,7920000000.0,-73000000.0,7748000000.0,99000000.0,14493000000.0,36676000000.0,-1080000000.0,,12300000000.0,14493000000.0,22183000000.0,970000000.0,1610000000.0,12300000000.0,9883000000.0,-440000000.0,9443000000.0,36676000000.0,4250800000.0,4280000000.0,4321000000.0
Coca-Cola Co,KO,UWJKFUJFZ02DKWI3RY53,21344,2019.0,Q3,2019-06-29,2019-09-27,2019-10-24 15:19:15+00:00,0.61,0.61,,0.6,503000000.0,2589000000.0,2589000000.0,,2593000000.0,-4000000.0,3767000000.0,9507000000.0,324000000.0,,3241000000.0,3767000000.0,5740000000.0,230000000.0,499000000.0,3241000000.0,2499000000.0,593000000.0,3092000000.0,9507000000.0,4250800000.0,4280000000.0,4321000000.0
Coca-Cola Co,KO,UWJKFUJFZ02DKWI3RY53,21344,2019.0,Q2YTD,2019-01-01,2019-06-28,,1.0,1.0,,1.0,943000000.0,4331000000.0,4331000000.0,,4285000000.0,46000000.0,7286000000.0,18691000000.0,-405000000.0,,5982000000.0,7286000000.0,11405000000.0,481000000.0,737000000.0,5982000000.0,5423000000.0,-149000000.0,5274000000.0,18691000000.0,4273800000.0,4269000000.0,4305000000.0
Coca-Cola Co,KO,UWJKFUJFZ02DKWI3RY53,21344,2019.0,Q2TTM,2018-06-30,2019-06-28,,1.65,1.65,1.56,1.64,1575000000.0,7076000000.0,7149000000.0,-73000000.0,7035000000.0,41000000.0,14072000000.0,35944000000.0,-1950000000.0,,11874000000.0,14072000000.0,21872000000.0,954000000.0,1630000000.0,11874000000.0,9998000000.0,-1274000000.0,8724000000.0,35944000000.0,4273800000.0,4269000000.0,4305000000.0
Coca-Cola Co,KO,UWJKFUJFZ02DKWI3RY53,21344,2019.0,Q2,2019-03-30,2019-06-28,2019-07-25 16:09:30+00:00,0.61,0.61,,0.61,421000000.0,2628000000.0,2628000000.0,,2607000000.0,21000000.0,3921000000.0,9997000000.0,-174000000.0,,3088000000.0,3921000000.0,6076000000.0,236000000.0,471000000.0,3088000000.0,2988000000.0,61000000.0,3049000000.0,9997000000.0,4273800000.0,4269000000.0,4305000000.0
Coca-Cola Co,KO,UWJKFUJFZ02DKWI3RY53,21344,2019.0,Q1,2019-01-01,2019-03-29,2020-04-24 13:58:01+00:00,0.39,0.39,,0.39,522000000.0,1703000000.0,1703000000.0,,1678000000.0,25000000.0,3365000000.0,8694000000.0,-231000000.0,,2894000000.0,3365000000.0,5329000000.0,245000000.0,266000000.0,2894000000.0,2435000000.0,-210000000.0,2225000000.0,8694000000.0,4302600000.0,4271000000.0,4306000000.0
Coca-Cola Co,KO,UWJKFUJFZ02DKWI3RY53,21344,2019.0,Q1TTM,2018-03-31,2019-03-29,,1.58,1.58,1.56,1.57,1765000000.0,6779000000.0,6852000000.0,-73000000.0,6744000000.0,35000000.0,13694000000.0,35368000000.0,-1850000000.0,,11898000000.0,13694000000.0,21674000000.0,965000000.0,1656000000.0,11898000000.0,9776000000.0,-1159000000.0,8617000000.0,35368000000.0,4302600000.0,4271000000.0,4306000000.0
Coca-Cola Co,KO,UWJKFUJFZ02DKWI3RY53,21344,2020.0,Q1TTM,2019-03-30,2020-03-27,,2.35,2.35,1.6,2.32,1494000000.0,10077000000.0,10077000000.0,,10017000000.0,60000000.0,14625000000.0,37173000000.0,809000000.0,,12517000000.0,14625000000.0,22548000000.0,894000000.0,1625000000.0,12517000000.0,10031000000.0,1540000000.0,11571000000.0,37173000000.0,4269200000.0,4289000000.0,4325000000.0
Coca-Cola Co,KO,UWJKFUJFZ02DKWI3RY53,21344,2020.0,Q1,2020-01-01,2020-03-27,2020-04-24 13:58:01+00:00,0.65,0.65,,0.64,215000000.0,2795000000.0,2795000000.0,,2775000000.0,20000000.0,3371000000.0,8601000000.0,544000000.0,,2850000000.0,3371000000.0,5230000000.0,193000000.0,279000000.0,2850000000.0,2380000000.0,630000000.0,3010000000.0,8601000000.0,4269200000.0,4289000000.0,4325000000.0
