company_name,company_ticker,company_lei,company_cik,year,quarter,start_date,end_date,filing_date,amortizationexpense,basicdilutedeps,basiceps,cashdividendspershare,dilutedeps,explorationexpense,impairmentexpense,incometaxexpense,marketingexpense,netincome,netincomecontinuing,netincomediscontinued,netincometocommon,netincometononcontrollinginterest,operatingcostofrevenue,operatingrevenue,otheradjustmentstoconsolidatednetincome,otheradjustmentstonetincometocommon,othergains,otherincome,otheroperatingexpenses,otherrevenue,otherspecialcharges,preferreddividends,rdexpense,restructuringcharge,sgaexpense,totalcostofrevenue,totalgrossprofit,totalinterestexpense,totalinterestincome,totaloperatingexpenses,totaloperatingincome,totalotherincome,totalpretaxincome,totalrevenue,weightedavebasicdilutedsharesos,weightedavebasicsharesos,weightedavedilutedsharesos
Allergan plc,AGN,6T6CAG8O6TSUTMO6BA21,1578845,2007.0,FY,2007-01-01,2007-12-31,2010-02-26 17:14:06+00:00,121300000.0,1.59,1.59,,1.57,,,177400000.0,,485300000.0,487000000.0,-1700000.0,484800000.0,500000.0,673200000.0,3879000000.0,,,,-25600000.0,,59900000.0,,,718100000.0,26800000.0,1680200000.0,673200000.0,3265700000.0,94600000.0,65300000.0,2546400000.0,719300000.0,-54900000.0,664400000.0,3938900000.0,304900000.0,304900000.0,308800000.0
Allergan plc,AGN,6T6CAG8O6TSUTMO6BA21,1578845,2008.0,FY,2008-01-01,2008-12-31,2011-02-28 21:52:26+00:00,150900000.0,1.85,1.85,,1.84,,0.0,197500000.0,,564700000.0,564700000.0,,563100000.0,1600000.0,761200000.0,4339700000.0,,,,18200000.0,0.0,63700000.0,,,797900000.0,41300000.0,1856100000.0,761200000.0,3642200000.0,85500000.0,33500000.0,2846200000.0,796000000.0,-33800000.0,762200000.0,4403400000.0,304400000.0,304400000.0,306000000.0
Allergan plc,AGN,6T6CAG8O6TSUTMO6BA21,1578845,2008.0,Q3,2008-07-01,2008-09-30,2009-11-06 16:22:55+00:00,39300000.0,0.54,0.54,,0.54,,,67000000.0,,166000000.0,166000000.0,,165400000.0,600000.0,194700000.0,1081900000.0,,,,9900000.0,,16300000.0,,,186600000.0,-200000.0,440400000.0,194700000.0,903500000.0,20800000.0,6500000.0,666100000.0,237400000.0,-4400000.0,233000000.0,1098200000.0,306300000.0,306300000.0,306300000.0
Allergan plc,AGN,6T6CAG8O6TSUTMO6BA21,1578845,2008.0,Q2,2008-04-01,2008-06-30,2009-08-07 18:24:12+00:00,35800000.0,0.47,0.47,,0.47,,,46100000.0,,143800000.0,143800000.0,,143400000.0,400000.0,197500000.0,1155800000.0,,,,-8400000.0,,16200000.0,,,213400000.0,9400000.0,506900000.0,197500000.0,974500000.0,21000000.0,10300000.0,765500000.0,209000000.0,-19100000.0,189900000.0,1172000000.0,305100000.0,305100000.0,305100000.0
Allergan plc,AGN,6T6CAG8O6TSUTMO6BA21,1578845,2009.0,FY,2009-01-01,2009-12-31,2012-02-28 14:58:22+00:00,146300000.0,2.05,2.05,,2.03,,0.0,224700000.0,,623800000.0,623800000.0,,621300000.0,2500000.0,750900000.0,4447600000.0,,,,-34200000.0,0.0,56000000.0,,,706000000.0,50900000.0,1921500000.0,750900000.0,3752700000.0,76900000.0,31600000.0,2824700000.0,928000000.0,-79500000.0,848500000.0,4503600000.0,303100000.0,303100000.0,306100000.0
Allergan plc,AGN,6T6CAG8O6TSUTMO6BA21,1578845,2009.0,Q4,2009-10-01,2009-12-31,,36200000.0,0.73,0.73,,0.72,,,73000000.0,,223100000.0,223100000.0,,221500000.0,1600000.0,184600000.0,1206500000.0,,,300000.0,-1300000.0,,17800000.0,,,185400000.0,3600000.0,497600000.0,184600000.0,1039700000.0,21200000.0,1400000.0,722800000.0,316900000.0,-21100000.0,295800000.0,1224300000.0,303100000.0,303100000.0,306100000.0
Allergan plc,AGN,6T6CAG8O6TSUTMO6BA21,1578845,2009.0,Q3,2009-07-01,2009-09-30,2010-11-08 16:28:31+00:00,36000000.0,0.59,0.59,,0.58,,0.0,53100000.0,,179200000.0,179200000.0,,179000000.0,200000.0,190200000.0,1127800000.0,,,,-12400000.0,0.0,13500000.0,,,176900000.0,4200000.0,497500000.0,190200000.0,951100000.0,17800000.0,26000000.0,714600000.0,236500000.0,-4200000.0,232300000.0,1141300000.0,303400000.0,303400000.0,308600000.0
Allergan plc,AGN,6T6CAG8O6TSUTMO6BA21,1578845,2009.0,Q3YTD,2009-01-01,2009-09-30,,110100000.0,1.32,1.32,,1.31,,,151700000.0,,400700000.0,400700000.0,,399800000.0,900000.0,566300000.0,3241100000.0,,,-300000.0,-32900000.0,,38200000.0,,,520600000.0,47300000.0,1423900000.0,566300000.0,2713000000.0,55700000.0,30200000.0,2101900000.0,611100000.0,-58400000.0,552700000.0,3279300000.0,303400000.0,303400000.0,308600000.0
Allergan plc,AGN,6T6CAG8O6TSUTMO6BA21,1578845,2009.0,Q2,2009-04-01,2009-06-30,2010-08-06 14:35:26+00:00,35500000.0,0.58,0.58,,0.58,,,80200000.0,,176800000.0,176800000.0,,176100000.0,700000.0,198300000.0,1118700000.0,,,,-18500000.0,,12100000.0,,,161600000.0,1000000.0,441900000.0,198300000.0,932500000.0,18500000.0,1500000.0,640000000.0,292500000.0,-35500000.0,257000000.0,1130800000.0,303600000.0,303600000.0,303600000.0
Allergan plc,AGN,6T6CAG8O6TSUTMO6BA21,1578845,2009.0,Q2YTD,2009-01-01,2009-06-30,,74100000.0,0.73,0.73,,0.73,,,98600000.0,,221500000.0,221500000.0,,220800000.0,700000.0,376100000.0,2113300000.0,,,-300000.0,-20500000.0,,24700000.0,,,343700000.0,43100000.0,926400000.0,376100000.0,1761900000.0,37900000.0,4200000.0,1387300000.0,374600000.0,-54200000.0,320400000.0,2138000000.0,303600000.0,303600000.0,303600000.0
Allergan plc,AGN,6T6CAG8O6TSUTMO6BA21,1578845,2009.0,Q1,2009-01-01,2009-03-31,2010-05-07 16:29:33+00:00,38600000.0,0.15,0.15,,0.15,,,18400000.0,,44700000.0,44700000.0,,44700000.0,,177800000.0,994600000.0,,,-300000.0,-2000000.0,,12600000.0,,,182100000.0,42100000.0,484500000.0,177800000.0,829400000.0,19400000.0,2700000.0,747300000.0,82100000.0,-18700000.0,63400000.0,1007200000.0,298000000.0,298000000.0,298000000.0
Allergan plc,AGN,6T6CAG8O6TSUTMO6BA21,1578845,2010.0,FY,2010-01-01,2010-12-31,2012-02-28 14:58:22+00:00,138000000.0,0.0,0.0,,0.0,,369100000.0,165900000.0,,4900000.0,4900000.0,,600000.0,4300000.0,722000000.0,4819600000.0,,,,-16400000.0,609200000.0,99800000.0,,,804600000.0,300000.0,2017600000.0,722000000.0,4197400000.0,78700000.0,7300000.0,3938800000.0,258600000.0,-87800000.0,170800000.0,4919400000.0,,,
Allergan plc,AGN,6T6CAG8O6TSUTMO6BA21,1578845,2010.0,Q4,2010-10-01,2010-12-31,,32500000.0,0.87,0.87,,0.88,,,69900000.0,,263100000.0,263100000.0,,263100000.0,,182800000.0,1290100000.0,,,,-9800000.0,609200000.0,19200000.0,-609900000.0,,200300000.0,-500000.0,527500000.0,182800000.0,1126500000.0,27800000.0,3200000.0,759100000.0,367400000.0,-34400000.0,333000000.0,1309300000.0,,,
Allergan plc,AGN,6T6CAG8O6TSUTMO6BA21,1578845,2010.0,Q3,2010-07-01,2010-09-30,2011-11-03 19:08:35+00:00,31100000.0,-2.21,-2.21,,-2.21,,369100000.0,-59000000.0,,-668700000.0,-668700000.0,,-670500000.0,1800000.0,177700000.0,1192000000.0,,,,-17900000.0,,16200000.0,609900000.0,,194000000.0,100000.0,517300000.0,177700000.0,1030500000.0,20400000.0,1600000.0,1721500000.0,-691000000.0,-36700000.0,-727700000.0,1208200000.0,303400000.0,303400000.0,303400000.0
Allergan plc,AGN,6T6CAG8O6TSUTMO6BA21,1578845,2010.0,Q3YTD,2010-01-01,2010-09-30,,105500000.0,-0.87,-0.87,,-0.88,,369100000.0,96000000.0,,-258200000.0,-258200000.0,,-262500000.0,4300000.0,539200000.0,3529500000.0,,,,-6600000.0,,80600000.0,609900000.0,,604300000.0,800000.0,1490100000.0,539200000.0,3070900000.0,50900000.0,4100000.0,3179700000.0,-108800000.0,-53400000.0,-162200000.0,3610100000.0,303400000.0,303400000.0,303400000.0
Allergan plc,AGN,6T6CAG8O6TSUTMO6BA21,1578845,2010.0,Q3TTM,2009-10-01,2010-09-30,,141700000.0,-0.14,-0.14,,-0.16,,369100000.0,169000000.0,,-35100000.0,-35100000.0,,-41000000.0,5900000.0,723800000.0,4736000000.0,,,300000.0,-7900000.0,,98400000.0,609900000.0,,789700000.0,4400000.0,1987700000.0,723800000.0,4110600000.0,72100000.0,5500000.0,3902500000.0,208100000.0,-74500000.0,133600000.0,4834400000.0,303400000.0,303400000.0,303400000.0
Allergan plc,AGN,6T6CAG8O6TSUTMO6BA21,1578845,2010.0,Q2,2010-04-01,2010-06-30,2011-08-03 16:49:35+00:00,37300000.0,0.79,0.79,,0.78,,0.0,92000000.0,,241500000.0,241500000.0,,240100000.0,1400000.0,191300000.0,1231700000.0,,,,14300000.0,,15500000.0,0.0,,187600000.0,100000.0,499000000.0,191300000.0,1055900000.0,13900000.0,1200000.0,724000000.0,331900000.0,1600000.0,333500000.0,1247200000.0,303900000.0,303900000.0,307800000.0
Allergan plc,AGN,6T6CAG8O6TSUTMO6BA21,1578845,2010.0,Q2YTD,2010-01-01,2010-06-30,,74400000.0,1.34,1.34,,1.33,,,155000000.0,,410500000.0,410500000.0,,408000000.0,2500000.0,361500000.0,2337500000.0,,,,11300000.0,,64400000.0,,,410300000.0,700000.0,972800000.0,361500000.0,2040400000.0,30500000.0,2500000.0,1458200000.0,582200000.0,-16700000.0,565500000.0,2401900000.0,303900000.0,303900000.0,307800000.0
Allergan plc,AGN,6T6CAG8O6TSUTMO6BA21,1578845,2010.0,Q2TTM,2009-07-01,2010-06-30,,146600000.0,2.66,2.66,,2.63,,,281100000.0,,812800000.0,812800000.0,,808500000.0,4300000.0,736300000.0,4671800000.0,,,300000.0,-2400000.0,,95700000.0,,,772600000.0,8500000.0,1967900000.0,736300000.0,4031200000.0,69500000.0,29900000.0,2895600000.0,1135600000.0,-42000000.0,1093600000.0,4767500000.0,303900000.0,303900000.0,307800000.0
Allergan plc,AGN,6T6CAG8O6TSUTMO6BA21,1578845,2010.0,Q1,2010-01-01,2010-03-31,2011-05-06 16:35:26+00:00,37100000.0,0.55,0.55,,0.55,,0.0,63000000.0,,169000000.0,169000000.0,,167900000.0,1100000.0,170200000.0,1105800000.0,,,,-3000000.0,,48900000.0,0.0,,222700000.0,600000.0,473800000.0,170200000.0,984500000.0,16600000.0,1300000.0,734200000.0,250300000.0,-18300000.0,232000000.0,1154700000.0,305300000.0,305300000.0,305300000.0
Allergan plc,AGN,6T6CAG8O6TSUTMO6BA21,1578845,2010.0,Q1TTM,2009-04-01,2010-03-31,,144800000.0,2.45,2.45,,2.43,,,269300000.0,,748100000.0,748100000.0,,744500000.0,3600000.0,743300000.0,4558800000.0,,,300000.0,-35200000.0,,92300000.0,,,746600000.0,9400000.0,1910800000.0,743300000.0,3907800000.0,74100000.0,30200000.0,2811600000.0,1096200000.0,-79100000.0,1017100000.0,4651100000.0,305300000.0,305300000.0,305300000.0
Allergan plc,AGN,6T6CAG8O6TSUTMO6BA21,1578845,2011.0,FY,2011-01-01,2011-12-31,2014-02-25 14:42:48+00:00,86100000.0,3.07,3.07,,3.01,,7600000.0,359600000.0,,938100000.0,949600000.0,-11500000.0,934500000.0,3600000.0,718000000.0,5144000000.0,,,,-500000.0,,72000000.0,,,871500000.0,-100000.0,2158300000.0,718000000.0,4498000000.0,71800000.0,6900000.0,3123400000.0,1374600000.0,-65400000.0,1309200000.0,5216000000.0,304400000.0,304400000.0,310500000.0
Allergan plc,AGN,6T6CAG8O6TSUTMO6BA21,1578845,2011.0,Q4,2011-10-01,2011-12-31,,-9500000.0,0.92,0.92,,0.9,,-16100000.0,102000000.0,,279700000.0,291200000.0,-11500000.0,279800000.0,-100000.0,151300000.0,1179700000.0,,,,-10900000.0,,19500000.0,,,195100000.0,-4700000.0,463600000.0,151300000.0,1047900000.0,16700000.0,1300000.0,628400000.0,419500000.0,-26300000.0,393200000.0,1199200000.0,304400000.0,304400000.0,310500000.0
Allergan plc,AGN,6T6CAG8O6TSUTMO6BA21,1578845,2011.0,Q3,2011-07-01,2011-09-30,2012-11-06 16:34:41+00:00,31900000.0,0.82,0.82,,0.81,,4300000.0,105800000.0,,251000000.0,251000000.0,,249800000.0,1200000.0,188100000.0,1311100000.0,,,,25800000.0,,17300000.0,,,221300000.0,-100000.0,538500000.0,188100000.0,1140300000.0,15200000.0,1800000.0,795900000.0,344400000.0,12400000.0,356800000.0,1328400000.0,304600000.0,304600000.0,308400000.0
Allergan plc,AGN,6T6CAG8O6TSUTMO6BA21,1578845,2011.0,Q3YTD,2011-01-01,2011-09-30,,95600000.0,2.15,2.15,,2.11,,23700000.0,257600000.0,,658400000.0,658400000.0,,654700000.0,3700000.0,566700000.0,3964300000.0,,,,10400000.0,,52500000.0,,,676400000.0,4600000.0,1694700000.0,566700000.0,3450100000.0,55100000.0,5600000.0,2495000000.0,955100000.0,-39100000.0,916000000.0,4016800000.0,304600000.0,304600000.0,308400000.0
Allergan plc,AGN,6T6CAG8O6TSUTMO6BA21,1578845,2011.0,Q3TTM,2010-10-01,2011-09-30,,128100000.0,3.02,3.02,,2.99,,23700000.0,327500000.0,,921500000.0,921500000.0,,917800000.0,3700000.0,749500000.0,5254400000.0,,,,600000.0,609200000.0,71700000.0,-609900000.0,,876700000.0,4100000.0,2222200000.0,749500000.0,4576600000.0,82900000.0,8800000.0,3254100000.0,1322500000.0,-73500000.0,1249000000.0,5326100000.0,304600000.0,304600000.0,308400000.0
Allergan plc,AGN,6T6CAG8O6TSUTMO6BA21,1578845,2011.0,Q2,2011-04-01,2011-06-30,2012-08-06 14:00:27+00:00,31200000.0,0.81,0.81,,0.79,,3300000.0,95400000.0,,248600000.0,248600000.0,,246600000.0,2000000.0,195300000.0,1400400000.0,,,,-5500000.0,,16800000.0,,,257400000.0,100000.0,566700000.0,195300000.0,1221900000.0,15200000.0,1500000.0,858700000.0,363200000.0,-19200000.0,344000000.0,1417200000.0,304400000.0,304400000.0,312200000.0
Allergan plc,AGN,6T6CAG8O6TSUTMO6BA21,1578845,2011.0,Q2YTD,2011-01-01,2011-06-30,,63700000.0,1.33,1.33,,1.3,,19400000.0,151800000.0,,407400000.0,407400000.0,,404900000.0,2500000.0,378600000.0,2653200000.0,,,,-15400000.0,,35200000.0,,,455100000.0,4700000.0,1156200000.0,378600000.0,2309800000.0,39900000.0,3800000.0,1699100000.0,610700000.0,-51500000.0,559200000.0,2688400000.0,304400000.0,304400000.0,312200000.0
Allergan plc,AGN,6T6CAG8O6TSUTMO6BA21,1578845,2011.0,Q2TTM,2010-07-01,2011-06-30,,127300000.0,-0.01,-0.01,,-0.03,,388500000.0,162700000.0,,1800000.0,1800000.0,,-2500000.0,4300000.0,739100000.0,5135300000.0,,,,-43100000.0,609200000.0,70600000.0,,,849400000.0,4300000.0,2201000000.0,739100000.0,4466800000.0,88100000.0,8600000.0,4179700000.0,287100000.0,-122600000.0,164500000.0,5205900000.0,304400000.0,304400000.0,312200000.0
Allergan plc,AGN,6T6CAG8O6TSUTMO6BA21,1578845,2011.0,Q1,2011-01-01,2011-03-31,2012-05-07 17:06:29+00:00,32500000.0,0.52,0.52,,0.51,,16100000.0,56400000.0,,158800000.0,158800000.0,,158300000.0,500000.0,183300000.0,1252800000.0,,,,-9900000.0,,18400000.0,,,197700000.0,4600000.0,589500000.0,183300000.0,1087900000.0,24700000.0,2300000.0,840400000.0,247500000.0,-32300000.0,215200000.0,1271200000.0,304400000.0,304400000.0,310400000.0
Allergan plc,AGN,6T6CAG8O6TSUTMO6BA21,1578845,2011.0,Q1TTM,2010-04-01,2011-03-31,,133400000.0,-0.03,-0.03,,-0.04,,385200000.0,159300000.0,,-5300000.0,-5300000.0,,-9000000.0,3700000.0,735100000.0,4966600000.0,,,,-23300000.0,609200000.0,69300000.0,,,779600000.0,4300000.0,2133300000.0,735100000.0,4300800000.0,86800000.0,8300000.0,4045000000.0,255800000.0,-101800000.0,154000000.0,5035900000.0,304400000.0,304400000.0,310400000.0
Allergan plc,AGN,6T6CAG8O6TSUTMO6BA21,1578845,2012.0,Q4,2012-10-01,2012-12-31,,23000000.0,1.07,1.07,,1.06,,22300000.0,122700000.0,,325200000.0,322300000.0,2900000.0,324200000.0,1000000.0,183000000.0,1447800000.0,,,,-3800000.0,,24300000.0,,,239800000.0,,542300000.0,183000000.0,1289100000.0,14800000.0,1900000.0,827400000.0,461700000.0,-16700000.0,445000000.0,1472100000.0,301900000.0,301900000.0,306900000.0
Allergan plc,AGN,6T6CAG8O6TSUTMO6BA21,1578845,2012.0,FY,2012-01-01,2012-12-31,2015-02-18 20:14:44+00:00,90200000.0,3.64,3.64,,3.58,,22300000.0,430300000.0,,1102500000.0,1100700000.0,1800000.0,1098800000.0,3700000.0,751200000.0,5549300000.0,,,,-23100000.0,,97300000.0,,,977300000.0,1500000.0,2193100000.0,751200000.0,4895400000.0,63600000.0,6700000.0,3284400000.0,1611000000.0,-80000000.0,1531000000.0,5646600000.0,301900000.0,301900000.0,306900000.0
Allergan plc,AGN,6T6CAG8O6TSUTMO6BA21,1578845,2012.0,Q3YTD,2012-01-01,2012-09-30,,67200000.0,2.57,2.57,,2.52,,,307600000.0,,777300000.0,778400000.0,-1100000.0,774600000.0,2700000.0,568200000.0,4101500000.0,,,,-19300000.0,,73000000.0,,,737500000.0,1500000.0,1650800000.0,568200000.0,3606300000.0,48800000.0,4800000.0,2457000000.0,1149300000.0,-63300000.0,1086000000.0,4174500000.0,300500000.0,300500000.0,304100000.0
Allergan plc,AGN,6T6CAG8O6TSUTMO6BA21,1578845,2012.0,Q3TTM,2011-10-01,2012-09-30,,57700000.0,3.49,3.49,,3.42,,-16100000.0,409600000.0,,1057000000.0,1069600000.0,-12600000.0,1054400000.0,2600000.0,719500000.0,5281200000.0,,,,-30200000.0,,92500000.0,,,932600000.0,-3200000.0,2114400000.0,719500000.0,4654200000.0,65500000.0,6100000.0,3085400000.0,1568800000.0,-89600000.0,1479200000.0,5373700000.0,300500000.0,300500000.0,304100000.0
Allergan plc,AGN,6T6CAG8O6TSUTMO6BA21,1578845,2012.0,Q3,2012-07-01,2012-09-30,2013-11-05 16:27:55+00:00,22800000.0,0.83,0.83,,0.82,,,81400000.0,,250600000.0,252900000.0,-2300000.0,249400000.0,1200000.0,182900000.0,1353700000.0,,,,-9200000.0,,22800000.0,,,289800000.0,600000.0,522900000.0,182900000.0,1193600000.0,15900000.0,1900000.0,836100000.0,357500000.0,-23200000.0,334300000.0,1376500000.0,300500000.0,300500000.0,304100000.0
Allergan plc,AGN,6T6CAG8O6TSUTMO6BA21,1578845,2012.0,Q2YTD,2012-01-01,2012-06-30,,44400000.0,1.74,1.74,,1.7,,,226200000.0,,526700000.0,525500000.0,1200000.0,525200000.0,1500000.0,385300000.0,2747800000.0,,,,-10100000.0,,50200000.0,,,447700000.0,900000.0,1127900000.0,385300000.0,2412700000.0,32900000.0,2900000.0,1620900000.0,791800000.0,-40100000.0,751700000.0,2798000000.0,301400000.0,301400000.0,307700000.0
Allergan plc,AGN,6T6CAG8O6TSUTMO6BA21,1578845,2012.0,Q2TTM,2011-07-01,2012-06-30,,66800000.0,3.48,3.48,,3.41,,-11800000.0,434000000.0,,1057400000.0,1067700000.0,-10300000.0,1054800000.0,2600000.0,724700000.0,5238600000.0,,,,4800000.0,,87000000.0,,,864100000.0,-3900000.0,2130000000.0,724700000.0,4600900000.0,64800000.0,6000000.0,3045200000.0,1555700000.0,-54000000.0,1501700000.0,5325600000.0,301400000.0,301400000.0,307700000.0
Allergan plc,AGN,6T6CAG8O6TSUTMO6BA21,1578845,2012.0,Q2,2012-04-01,2012-06-30,2013-08-07 17:01:49+00:00,23100000.0,0.98,0.98,,0.96,,,132400000.0,,296400000.0,297100000.0,-700000.0,295400000.0,1000000.0,195300000.0,1426100000.0,,,,4900000.0,,24000000.0,,,227700000.0,900000.0,563100000.0,195300000.0,1254800000.0,17100000.0,1700000.0,814800000.0,440000000.0,-10500000.0,429500000.0,1450100000.0,301400000.0,301400000.0,307700000.0
Allergan plc,AGN,6T6CAG8O6TSUTMO6BA21,1578845,2012.0,Q1TTM,2011-04-01,2012-03-31,,74900000.0,3.31,3.31,,3.24,,-8500000.0,397000000.0,,1009600000.0,1019200000.0,-9600000.0,1006000000.0,3600000.0,724700000.0,5212900000.0,,,,-5600000.0,,79800000.0,,,893800000.0,-4700000.0,2133600000.0,724700000.0,4568000000.0,62900000.0,5800000.0,3089100000.0,1478900000.0,-62700000.0,1416200000.0,5292700000.0,302400000.0,302400000.0,310500000.0
Allergan plc,AGN,6T6CAG8O6TSUTMO6BA21,1578845,2012.0,Q1,2012-01-01,2012-03-31,2013-05-07 16:42:52+00:00,21300000.0,0.76,0.76,,0.74,,,93800000.0,,230300000.0,228400000.0,1900000.0,229800000.0,500000.0,190000000.0,1321700000.0,,,,-15000000.0,,26200000.0,,,220000000.0,0.0,564800000.0,190000000.0,1157900000.0,15800000.0,1200000.0,806100000.0,351800000.0,-29600000.0,322200000.0,1347900000.0,302400000.0,302400000.0,310500000.0
Allergan plc,AGN,6T6CAG8O6TSUTMO6BA21,1578845,2013.0,Q4,2013-10-01,2013-12-31,,-22800000.0,-5.74,-1.54,,-1.53,,-667900000.0,-311700000.0,-84400000.0,-265700000.0,-241400000.0,-24300000.0,-263700000.0,-2000000.0,-688700000.0,-2832800000.0,,,,-11600000.0,,-27100000.0,,,-357500000.0,-4300000.0,-606600000.0,-688700000.0,-2171200000.0,114400000.0,600000.0,-1743500000.0,-427700000.0,-125400000.0,-553100000.0,-2859900000.0,78900000.0,142300000.0,142300000.0
Allergan plc,AGN,6T6CAG8O6TSUTMO6BA21,1578845,2013.0,FY,2013-01-01,2013-12-31,2016-02-26 08:04:22+00:00,303800000.0,-5.27,-5.27,,-5.27,,1000000.0,-155300000.0,374800000.0,-750400000.0,-467500000.0,-282900000.0,-750400000.0,,1644700000.0,2602500000.0,,,,-18600000.0,,,,,191300000.0,,456100000.0,1644700000.0,957800000.0,239800000.0,4800000.0,1327000000.0,-369200000.0,-253600000.0,-622800000.0,2602500000.0,142400000.0,142300000.0,142300000.0
Allergan plc,AGN,6T6CAG8O6TSUTMO6BA21,1578845,2013.0,Q3,2013-07-01,2013-09-30,2014-11-05 17:04:54+00:00,146300000.0,0.5,0.5,,0.49,,0.0,31400000.0,223600000.0,65500000.0,65500000.0,,65600000.0,-100000.0,1083200000.0,2013000000.0,,,,-2100000.0,,,13600000.0,,163700000.0,,232100000.0,1083200000.0,929800000.0,52900000.0,1400000.0,779300000.0,150500000.0,-53600000.0,96900000.0,2013000000.0,131200000.0,132500000.0,134400000.0
Allergan plc,AGN,6T6CAG8O6TSUTMO6BA21,1578845,2013.0,Q3YTD,2013-01-01,2013-09-30,,326600000.0,-3.77,-3.73,,-3.74,,668900000.0,156400000.0,459200000.0,-484700000.0,-226100000.0,-258600000.0,-486700000.0,2000000.0,2333400000.0,5435300000.0,,,,-7000000.0,,27100000.0,,,548800000.0,4300000.0,1062700000.0,2333400000.0,3129000000.0,125400000.0,4200000.0,3070500000.0,58500000.0,-128200000.0,-69700000.0,5462400000.0,131200000.0,132500000.0,134400000.0
Allergan plc,AGN,6T6CAG8O6TSUTMO6BA21,1578845,2013.0,Q3TTM,2012-10-01,2013-09-30,,349600000.0,-2.66,-2.66,,-2.68,,669800000.0,279100000.0,459200000.0,-159500000.0,96200000.0,-255700000.0,-162500000.0,3000000.0,2516400000.0,6883100000.0,,,,-10800000.0,,51400000.0,21400000.0,,788600000.0,4300000.0,1605000000.0,2516400000.0,4418100000.0,140200000.0,6100000.0,3897900000.0,520200000.0,-144900000.0,375300000.0,6934500000.0,131200000.0,132500000.0,134400000.0
Allergan plc,AGN,6T6CAG8O6TSUTMO6BA21,1578845,2013.0,Q2,2013-04-01,2013-06-30,2014-08-05 16:35:47+00:00,149600000.0,-4.27,-4.27,,-4.27,,647500000.0,51400000.0,235600000.0,-564600000.0,-564600000.0,,-564800000.0,200000.0,1050300000.0,1989800000.0,,,,3800000.0,,,7800000.0,,136300000.0,,225800000.0,1050300000.0,939500000.0,55100000.0,1200000.0,1402600000.0,-463100000.0,-50100000.0,-513200000.0,1989800000.0,132300000.0,132200000.0,132200000.0
Allergan plc,AGN,6T6CAG8O6TSUTMO6BA21,1578845,2013.0,Q2YTD,2013-01-01,2013-06-30,,180300000.0,-4.27,-4.23,,-4.23,,655300000.0,125000000.0,235600000.0,-550200000.0,-291600000.0,-258600000.0,-552300000.0,2100000.0,1250200000.0,3422300000.0,,,,-4900000.0,,27100000.0,,,385100000.0,4300000.0,830600000.0,1250200000.0,2199200000.0,72500000.0,2800000.0,2291200000.0,-92000000.0,-74600000.0,-166600000.0,3449400000.0,132300000.0,132200000.0,132200000.0
Allergan plc,AGN,6T6CAG8O6TSUTMO6BA21,1578845,2013.0,Q2TTM,2012-07-01,2013-06-30,,226100000.0,-2.33,-2.33,,-2.35,,669800000.0,329100000.0,235600000.0,25600000.0,283600000.0,-258000000.0,21300000.0,4300000.0,1616100000.0,6223800000.0,,,,-17900000.0,,74200000.0,7800000.0,,914700000.0,4900000.0,1895800000.0,1616100000.0,4681900000.0,103200000.0,6600000.0,3954700000.0,727200000.0,-114500000.0,612700000.0,6298000000.0,132300000.0,132200000.0,132200000.0
Allergan plc,AGN,6T6CAG8O6TSUTMO6BA21,1578845,2013.0,Q1TTM,2012-04-01,2013-03-31,,99600000.0,2.92,2.92,,2.88,,22300000.0,410100000.0,,886600000.0,1145300000.0,-258700000.0,881500000.0,5100000.0,761100000.0,5660100000.0,,,,-16800000.0,,98200000.0,,,1006100000.0,5800000.0,2233100000.0,761100000.0,4997200000.0,65200000.0,7100000.0,3366900000.0,1630300000.0,-74900000.0,1555400000.0,5758300000.0,312500000.0,312500000.0,312500000.0
Allergan plc,AGN,6T6CAG8O6TSUTMO6BA21,1578845,2013.0,Q1,2013-01-01,2013-03-31,2014-05-07 09:32:05+00:00,30700000.0,0.04,0.04,,0.04,,,73600000.0,,14400000.0,273000000.0,-258600000.0,12500000.0,1900000.0,199900000.0,1432500000.0,,,,-8700000.0,,27100000.0,,,248800000.0,4300000.0,604800000.0,199900000.0,1259700000.0,17400000.0,1600000.0,888600000.0,371100000.0,-24500000.0,346600000.0,1459600000.0,312500000.0,312500000.0,312500000.0
Allergan plc,AGN,6T6CAG8O6TSUTMO6BA21,1578845,2014.0,Q4,2014-10-01,2014-12-31,,383700000.0,-3.57,-4.31,,-4.3,,708300000.0,-380600000.0,-48800000.0,-733200000.0,-1468000000.0,734800000.0,-732900000.0,-300000.0,-2067800000.0,-2796600000.0,,,,-25900000.0,,,,,-305400000.0,,232600000.0,-2067800000.0,-728800000.0,127800000.0,4300000.0,970400000.0,-1699200000.0,-149400000.0,-1848600000.0,-2796600000.0,139800000.0,219700000.0,219700000.0
Allergan plc,AGN,6T6CAG8O6TSUTMO6BA21,1578845,2014.0,FY,2014-01-01,2014-12-31,2017-02-24 17:06:21+00:00,1935800000.0,-7.42,-7.42,,-7.42,,730000000.0,-513600000.0,1066000000.0,-1630500000.0,-2484600000.0,854100000.0,-1630500000.0,,1704800000.0,4676500000.0,,,,-27300000.0,,,,,605700000.0,,1201400000.0,1704800000.0,2971700000.0,411800000.0,8100000.0,5538900000.0,-2567200000.0,-431000000.0,-2998200000.0,4676500000.0,219700000.0,219700000.0,219700000.0
Allergan plc,AGN,6T6CAG8O6TSUTMO6BA21,1578845,2014.0,Q3,2014-07-01,2014-09-30,2015-11-06 08:32:50+00:00,705000000.0,-3.95,-3.95,,-3.95,,0.0,-221000000.0,540200000.0,-1042800000.0,-1162100000.0,119300000.0,-1042800000.0,0.0,1183100000.0,2150800000.0,,,,29400000.0,,,,0.0,581600000.0,,422900000.0,1183100000.0,967700000.0,132100000.0,1600000.0,2249700000.0,-1282000000.0,-101100000.0,-1383100000.0,2150800000.0,264000000.0,264300000.0,264300000.0
Allergan plc,AGN,6T6CAG8O6TSUTMO6BA21,1578845,2014.0,Q3YTD,2014-01-01,2014-09-30,,1552100000.0,-8.09,-3.11,,-3.12,,21700000.0,-133000000.0,1114800000.0,-897300000.0,-1016600000.0,119300000.0,-897600000.0,300000.0,3772600000.0,7473100000.0,,,,-1400000.0,,,,,911100000.0,,968800000.0,3772600000.0,3700500000.0,284000000.0,3800000.0,4568500000.0,-868000000.0,-281600000.0,-1149600000.0,7473100000.0,235400000.0,264300000.0,264300000.0
Allergan plc,AGN,6T6CAG8O6TSUTMO6BA21,1578845,2014.0,Q3TTM,2013-10-01,2014-09-30,,1529300000.0,-13.83,-4.65,,-4.65,,-646200000.0,-444700000.0,1030400000.0,-1163000000.0,-1258000000.0,95000000.0,-1161300000.0,-1700000.0,3083900000.0,4640300000.0,,,,-13000000.0,,-27100000.0,,,553600000.0,-4300000.0,362200000.0,3083900000.0,1529300000.0,398400000.0,4400000.0,2825000000.0,-1295700000.0,-407000000.0,-1702700000.0,4613200000.0,235400000.0,264300000.0,264300000.0
Allergan plc,AGN,6T6CAG8O6TSUTMO6BA21,1578845,2014.0,Q2,2014-04-01,2014-06-30,2015-08-06 09:27:30+00:00,422900000.0,0.28,0.28,,0.28,,22100000.0,43600000.0,291500000.0,48800000.0,48800000.0,,48700000.0,100000.0,1296500000.0,2667200000.0,,,,-35800000.0,,,,0.0,158000000.0,,270100000.0,1296500000.0,1370700000.0,79100000.0,1200000.0,1164600000.0,206100000.0,-113700000.0,92400000.0,2667200000.0,173900000.0,174200000.0,175000000.0
Allergan plc,AGN,6T6CAG8O6TSUTMO6BA21,1578845,2014.0,Q2YTD,2014-01-01,2014-06-30,,847100000.0,-3.66,0.84,,0.83,,21700000.0,88000000.0,574600000.0,145500000.0,145500000.0,,145200000.0,300000.0,2589500000.0,5322300000.0,,,,-30800000.0,,,,,329500000.0,,545900000.0,2589500000.0,2732800000.0,151900000.0,2200000.0,2318800000.0,414000000.0,-180500000.0,233500000.0,5322300000.0,-85400000.0,174200000.0,175000000.0
Allergan plc,AGN,6T6CAG8O6TSUTMO6BA21,1578845,2014.0,Q2TTM,2013-07-01,2014-06-30,,970600000.0,-8.9,-0.2,,-0.21,,-632600000.0,-192300000.0,713800000.0,-54700000.0,-30400000.0,-24300000.0,-52900000.0,-1800000.0,2984000000.0,4502500000.0,,,,-44500000.0,,-27100000.0,,,135700000.0,-4300000.0,171400000.0,2984000000.0,1491400000.0,319200000.0,4200000.0,1354600000.0,136800000.0,-359500000.0,-222700000.0,4475400000.0,-85400000.0,174200000.0,175000000.0
Allergan plc,AGN,6T6CAG8O6TSUTMO6BA21,1578845,2014.0,Q1,2014-01-01,2014-03-31,2015-05-11 09:16:43+00:00,424200000.0,0.56,0.56,,0.55,,-400000.0,44400000.0,283100000.0,96700000.0,96700000.0,,96500000.0,200000.0,1293000000.0,2655100000.0,,,,5000000.0,,,,0.0,171500000.0,,275800000.0,1293000000.0,1362100000.0,72800000.0,1000000.0,1154200000.0,207900000.0,-66800000.0,141100000.0,2655100000.0,172300000.0,173800000.0,174900000.0
Allergan plc,AGN,6T6CAG8O6TSUTMO6BA21,1578845,2014.0,Q1TTM,2013-04-01,2014-03-31,,697300000.0,-12.6,-4.75,,-4.76,,600000.0,-184500000.0,657900000.0,-668100000.0,-643800000.0,-24300000.0,-666400000.0,-1700000.0,2737800000.0,3825100000.0,,,,-4900000.0,,-27100000.0,,,114000000.0,-4300000.0,127100000.0,2737800000.0,1060200000.0,295200000.0,4200000.0,1592600000.0,-532400000.0,-295900000.0,-828300000.0,3798000000.0,-31200000.0,173800000.0,174900000.0
Allergan plc,AGN,6T6CAG8O6TSUTMO6BA21,1578845,2015.0,Q4,2015-10-01,2015-12-31,,1582400000.0,-0.63,-0.63,,-0.63,,268900000.0,-126100000.0,710400000.0,-629300000.0,-3614200000.0,7039700000.0,-333100000.0,1600000.0,2855400000.0,15715400000.0,-4054800000.0,-135400000.0,-2806200000.0,4300000.0,9936300000.0,,,-162400000.0,444600000.0,,517200000.0,2855400000.0,12860000000.0,341300000.0,2700000.0,13459800000.0,-599800000.0,-334300000.0,-934100000.0,15715400000.0,404700000.0,367800000.0,367800000.0
Allergan plc,AGN,6T6CAG8O6TSUTMO6BA21,1578845,2015.0,Q3YTD,2015-01-01,2015-09-30,,3861300000.0,10.64,10.64,,10.64,,3100000.0,-1479800000.0,2054700000.0,4548700000.0,-2133600000.0,6682300000.0,4383700000.0,2600000.0,2648200000.0,9660800000.0,,,,-238100000.0,,,,162400000.0,2425500000.0,,1199200000.0,2648200000.0,7012600000.0,852000000.0,7900000.0,9543800000.0,-2531200000.0,-1082200000.0,-3613400000.0,9660800000.0,393600000.0,393600000.0,393600000.0
Allergan plc,AGN,6T6CAG8O6TSUTMO6BA21,1578845,2015.0,Q3TTM,2014-10-01,2015-09-30,,4245000000.0,6.33,6.33,,6.34,,711400000.0,-1860400000.0,2005900000.0,3815500000.0,-3601600000.0,7417100000.0,3650800000.0,2300000.0,580400000.0,6864200000.0,,,,-264000000.0,,,,162400000.0,2120100000.0,,1431800000.0,580400000.0,6283800000.0,979800000.0,12200000.0,10514200000.0,-4230400000.0,-1231600000.0,-5462000000.0,6864200000.0,393600000.0,393600000.0,393600000.0
Allergan plc,AGN,6T6CAG8O6TSUTMO6BA21,1578845,2015.0,Q3,2015-07-01,2015-09-30,2016-11-04 17:16:33+00:00,1557800000.0,13.29,13.29,,13.29,,-4400000.0,-838900000.0,683600000.0,5302600000.0,-875000000.0,6177600000.0,5231600000.0,1400000.0,710300000.0,3469500000.0,,,,200000.0,,,,69600000.0,1560500000.0,,339100000.0,710300000.0,2759200000.0,340200000.0,3500000.0,4136600000.0,-1377400000.0,-336500000.0,-1713900000.0,3469500000.0,393600000.0,393600000.0,393600000.0
Allergan plc,AGN,6T6CAG8O6TSUTMO6BA21,1578845,2015.0,Q2YTD,2015-01-01,2015-06-30,,2303500000.0,-2.65,-2.65,,-2.65,,7500000.0,-640900000.0,1371100000.0,-753900000.0,-1258600000.0,504700000.0,-847900000.0,1200000.0,1937900000.0,6191300000.0,,,,-238300000.0,,,,92800000.0,865000000.0,,860100000.0,1937900000.0,4253400000.0,511800000.0,4400000.0,5407200000.0,-1153800000.0,-745700000.0,-1899500000.0,6191300000.0,390900000.0,392600000.0,392600000.0
Allergan plc,AGN,6T6CAG8O6TSUTMO6BA21,1578845,2015.0,Q2TTM,2014-07-01,2015-06-30,,3392200000.0,-10.91,-10.91,,-10.9,,715800000.0,-1242500000.0,1862500000.0,-2529900000.0,-3888700000.0,1358800000.0,-2623600000.0,900000.0,1053200000.0,5545500000.0,,,,-234800000.0,,,,92800000.0,1141200000.0,,1515600000.0,1053200000.0,4492300000.0,771700000.0,10300000.0,8627300000.0,-4135000000.0,-996200000.0,-5131200000.0,5545500000.0,390900000.0,392600000.0,392600000.0
Allergan plc,AGN,6T6CAG8O6TSUTMO6BA21,1578845,2015.0,Q2,2015-04-01,2015-06-30,2016-08-08 17:05:24+00:00,1515700000.0,-0.8,-0.8,,-0.8,,2900000.0,-381900000.0,801500000.0,-241600000.0,-471900000.0,230300000.0,-312700000.0,1500000.0,917800000.0,3628700000.0,,,,-40400000.0,,,,69600000.0,547300000.0,,319600000.0,917800000.0,2710900000.0,339900000.0,2600000.0,3187000000.0,-476100000.0,-377700000.0,-853800000.0,3628700000.0,390900000.0,392600000.0,392600000.0
Allergan plc,AGN,6T6CAG8O6TSUTMO6BA21,1578845,2015.0,Q1TTM,2014-04-01,2015-03-31,,2299400000.0,-9.83,-9.83,,-9.82,,735000000.0,-817000000.0,1352500000.0,-2239500000.0,-3368000000.0,1128500000.0,-2262200000.0,-500000.0,1431900000.0,4584000000.0,,,,-230200000.0,,,,23200000.0,751900000.0,,1466100000.0,1431900000.0,3152100000.0,510900000.0,8900000.0,6604900000.0,-3452800000.0,-732200000.0,-4185000000.0,4584000000.0,289300000.0,289500000.0,289500000.0
Allergan plc,AGN,6T6CAG8O6TSUTMO6BA21,1578845,2015.0,Q1,2015-01-01,2015-03-31,2016-05-10 09:18:22+00:00,787800000.0,-1.85,-1.85,,-1.85,,4600000.0,-259000000.0,569600000.0,-512300000.0,-786700000.0,274400000.0,-535200000.0,-300000.0,1020100000.0,2562600000.0,,,,-197900000.0,,,,23200000.0,317700000.0,,540500000.0,1020100000.0,1542500000.0,171900000.0,1800000.0,2220200000.0,-677700000.0,-368000000.0,-1045700000.0,2562600000.0,289300000.0,289500000.0,289500000.0
Allergan plc,AGN,6T6CAG8O6TSUTMO6BA21,1578845,2016.0,FY,2016-01-01,2016-12-31,2019-02-15 16:44:23+00:00,6470400000.0,38.18,38.18,0.0,38.18,1860800000.0,5000000.0,-1897000000.0,3266400000.0,14979500000.0,-1752300000.0,31829000000.0,14973400000.0,6100000.0,,14570600000.0,-15097200000.0,,-817300000.0,219200000.0,,,,,3319600000.0,,1473900000.0,,14570600000.0,1295600000.0,69900000.0,16396100000.0,-1825500000.0,-1006500000.0,-2832000000.0,14570600000.0,392200000.0,384900000.0,384900000.0
Allergan plc,AGN,6T6CAG8O6TSUTMO6BA21,1578845,2016.0,Q4,2016-10-01,2016-12-31,,48800000.0,0.57,0.57,,0.57,1398600000.0,-287900000.0,-1071200000.0,836800000.0,15603100000.0,-857400000.0,31557700000.0,15539200000.0,2500000.0,-1396300000.0,465000000.0,-15097200000.0,270200000.0,514900000.0,35000000.0,,,,-208800000.0,1657200000.0,,440000000.0,-1396300000.0,1861300000.0,292700000.0,46400000.0,4093500000.0,-2232200000.0,-211300000.0,-2443500000.0,465000000.0,392200000.0,384900000.0,384900000.0
Allergan plc,AGN,6T6CAG8O6TSUTMO6BA21,1578845,2016.0,Q3,2016-07-01,2016-09-30,2017-11-01 18:02:08+00:00,1609100000.0,38.58,38.58,0.0,38.58,462200000.0,37300000.0,-158900000.0,796000000.0,-380100000.0,-380100000.0,,-451500000.0,1800000.0,,3622200000.0,,,,33600000.0,,,,69600000.0,622800000.0,,361200000.0,,3622200000.0,324300000.0,18100000.0,3888600000.0,-266400000.0,-272600000.0,-539000000.0,3622200000.0,-11700000.0,-11700000.0,-11700000.0
Allergan plc,AGN,6T6CAG8O6TSUTMO6BA21,1578845,2016.0,Q3YTD,2016-01-01,2016-09-30,,6421600000.0,37.61,37.61,,37.61,462200000.0,292900000.0,-825800000.0,2429600000.0,-623600000.0,-894900000.0,271300000.0,-565800000.0,3600000.0,1396300000.0,14105600000.0,,-270200000.0,-1332200000.0,184200000.0,,,,208800000.0,1662400000.0,,1033900000.0,1396300000.0,12709300000.0,1002900000.0,23500000.0,12302600000.0,406700000.0,-795200000.0,-388500000.0,14105600000.0,-11700000.0,-11700000.0,-11700000.0
Allergan plc,AGN,6T6CAG8O6TSUTMO6BA21,1578845,2016.0,Q3TTM,2015-10-01,2016-09-30,,8004000000.0,36.98,36.98,,36.98,462200000.0,561800000.0,-951900000.0,3140000000.0,-1252900000.0,-4509100000.0,7311000000.0,-898900000.0,5200000.0,4251700000.0,29821000000.0,-4054800000.0,-405600000.0,-4138400000.0,188500000.0,9936300000.0,,,46400000.0,2107000000.0,,1551100000.0,4251700000.0,25569300000.0,1344200000.0,26200000.0,25762400000.0,-193100000.0,-1129500000.0,-1322600000.0,29821000000.0,-11700000.0,-11700000.0,-11700000.0
Allergan plc,AGN,6T6CAG8O6TSUTMO6BA21,1578845,2016.0,Q2,2016-04-01,2016-06-30,2017-08-09 07:32:49+00:00,1633100000.0,-1.44,-1.44,,-1.44,,251300000.0,-258200000.0,866800000.0,-499900000.0,-422600000.0,-77300000.0,-571300000.0,1800000.0,441500000.0,3684800000.0,,,,150100000.0,,,,69600000.0,636500000.0,,343200000.0,441500000.0,3243300000.0,345800000.0,2500000.0,3730900000.0,-487600000.0,-193200000.0,-680800000.0,3684800000.0,396700000.0,395600000.0,395600000.0
Allergan plc,AGN,6T6CAG8O6TSUTMO6BA21,1578845,2016.0,Q2YTD,2016-01-01,2016-06-30,,4812500000.0,-0.97,-0.97,,-0.97,,255600000.0,-666900000.0,1633600000.0,-243500000.0,-514800000.0,271300000.0,-114300000.0,1800000.0,1396300000.0,10483400000.0,,-270200000.0,-1332200000.0,150600000.0,,,,139200000.0,1039600000.0,,672700000.0,1396300000.0,9087100000.0,678600000.0,5400000.0,8414000000.0,673100000.0,-522600000.0,150500000.0,10483400000.0,396700000.0,395600000.0,395600000.0
Allergan plc,AGN,6T6CAG8O6TSUTMO6BA21,1578845,2016.0,Q2TTM,2015-07-01,2016-06-30,,7952700000.0,11.69,11.69,,11.69,,520100000.0,-1631900000.0,3027600000.0,4429800000.0,-5004000000.0,13488600000.0,4784200000.0,4800000.0,4962000000.0,29668300000.0,-4054800000.0,-405600000.0,-4138400000.0,155100000.0,9936300000.0,,,46400000.0,3044700000.0,,1529000000.0,4962000000.0,24706300000.0,1360100000.0,11600000.0,26010400000.0,-1304100000.0,-1193400000.0,-2497500000.0,29668300000.0,396700000.0,395600000.0,395600000.0
Allergan plc,AGN,6T6CAG8O6TSUTMO6BA21,1578845,2016.0,Q1TTM,2015-04-01,2016-03-31,,7835300000.0,12.33,12.33,,12.33,,271700000.0,-1755600000.0,2962300000.0,4688100000.0,-5053300000.0,13796200000.0,5042800000.0,4500000.0,5438300000.0,29612200000.0,-4054800000.0,-405600000.0,-4138400000.0,-35400000.0,9936300000.0,,,46400000.0,2955500000.0,,1505400000.0,5438300000.0,24173900000.0,1354200000.0,11700000.0,25466500000.0,-1292600000.0,-1377900000.0,-2670500000.0,29612200000.0,972300000.0,394800000.0,394800000.0
Allergan plc,AGN,6T6CAG8O6TSUTMO6BA21,1578845,2017.0,FY,2017-01-01,2017-12-31,2020-02-18 16:27:25+00:00,7197100000.0,-13.19,-13.19,,-13.19,,3927700000.0,-6670400000.0,3514800000.0,-4118900000.0,-3716000000.0,-402900000.0,-4403900000.0,6600000.0,2168000000.0,15940700000.0,,,,-3437300000.0,,,,278400000.0,3552400000.0,,1501900000.0,2168000000.0,13772700000.0,1095600000.0,67700000.0,19693900000.0,-5921200000.0,-4465200000.0,-10386400000.0,15940700000.0,333900000.0,333800000.0,333800000.0
Allergan plc,AGN,6T6CAG8O6TSUTMO6BA21,1578845,2017.0,Q4,2017-10-01,2017-12-31,,-1616700000.0,9.11,9.11,-2.1,9.11,,-4197300000.0,-1698300000.0,-890300000.0,10215100000.0,10585900000.0,-385300000.0,10151400000.0,-800000.0,-1006200000.0,753200000.0,8400000.0,,5655700000.0,1373100000.0,8041700000.0,,,69600000.0,-882100000.0,,-335800000.0,-1006200000.0,1759400000.0,-279300000.0,-60400000.0,119500000.0,1639900000.0,1592000000.0,3231900000.0,753200000.0,333900000.0,333800000.0,333800000.0
Allergan plc,AGN,6T6CAG8O6TSUTMO6BA21,1578845,2017.0,Q3,2017-07-01,2017-09-30,2018-10-31 07:03:00+00:00,3562000000.0,-12.07,-12.07,0.7,-12.07,,7749600000.0,-3277600000.0,1665600000.0,-7821500000.0,-7809300000.0,-6100000.0,-7894500000.0,3400000.0,1173000000.0,4034300000.0,,,,-2620600000.0,-4034300000.0,,,69600000.0,1289200000.0,,614100000.0,1173000000.0,2861300000.0,530400000.0,49000000.0,10846200000.0,-7984900000.0,-3102000000.0,-11086900000.0,4034300000.0,654100000.0,333500000.0,333500000.0
Allergan plc,AGN,6T6CAG8O6TSUTMO6BA21,1578845,2017.0,Q3YTD,2017-01-01,2017-09-30,,8813800000.0,-22.3,-22.3,2.1,-22.3,,8125000000.0,-4972100000.0,4405100000.0,-14334000000.0,-14301900000.0,-17600000.0,-14555300000.0,7400000.0,3174200000.0,15187500000.0,-8400000.0,,-5655700000.0,-4810400000.0,-8041700000.0,,,208800000.0,4434500000.0,,1837700000.0,3174200000.0,12013300000.0,1374900000.0,128100000.0,19574400000.0,-7561100000.0,-6057200000.0,-13618300000.0,15187500000.0,654100000.0,333500000.0,333500000.0
Allergan plc,AGN,6T6CAG8O6TSUTMO6BA21,1578845,2017.0,Q3TTM,2016-10-01,2017-09-30,,8862600000.0,-21.73,-21.73,2.1,-21.73,1398600000.0,7837100000.0,-6043300000.0,5241900000.0,1269100000.0,-15159300000.0,31540100000.0,983900000.0,9900000.0,1777900000.0,15652500000.0,-15105600000.0,275300000.0,-5140800000.0,-4775400000.0,-8041700000.0,,,,6091700000.0,,2277700000.0,1777900000.0,13874600000.0,1667600000.0,174500000.0,23667900000.0,-9793300000.0,-6268500000.0,-16061800000.0,15652500000.0,654100000.0,333500000.0,333500000.0
Allergan plc,AGN,6T6CAG8O6TSUTMO6BA21,1578845,2017.0,Q2,2017-04-01,2017-06-30,2018-08-02 19:24:03+00:00,3515800000.0,-2.37,-2.37,0.7,-2.37,,28000000.0,-1162400000.0,1870400000.0,-1415100000.0,-1398300000.0,-8400000.0,-1488700000.0,4000000.0,1100400000.0,4007400000.0,-8400000.0,,,-267000000.0,-4007400000.0,,,69600000.0,2385400000.0,,907500000.0,1100400000.0,2907000000.0,554800000.0,53800000.0,4699700000.0,-1792700000.0,-768000000.0,-2560700000.0,4007400000.0,628100000.0,335200000.0,335200000.0
Allergan plc,AGN,6T6CAG8O6TSUTMO6BA21,1578845,2017.0,Q2YTD,2017-01-01,2017-06-30,,5251800000.0,-10.23,-10.23,1.4,-10.23,,375400000.0,-1694500000.0,2739500000.0,-6512500000.0,-6492600000.0,-11500000.0,-6660800000.0,4000000.0,2001200000.0,11153200000.0,-8400000.0,,-5655700000.0,-2189800000.0,-4007400000.0,,,139200000.0,3145300000.0,,1223600000.0,2001200000.0,9152000000.0,844500000.0,79100000.0,8728200000.0,423800000.0,-2955200000.0,-2531400000.0,11153200000.0,628100000.0,335200000.0,335200000.0
Allergan plc,AGN,6T6CAG8O6TSUTMO6BA21,1578845,2017.0,Q2TTM,2016-07-01,2017-06-30,,6909700000.0,28.92,28.92,1.4,28.92,1860800000.0,124800000.0,-2924600000.0,4372300000.0,8710500000.0,-7730100000.0,31546200000.0,8426900000.0,8300000.0,604900000.0,15240400000.0,-15105600000.0,270200000.0,-5140800000.0,-2121200000.0,-4007400000.0,,,,5425300000.0,,2024800000.0,604900000.0,14635500000.0,1461500000.0,143600000.0,16710300000.0,-2074800000.0,-3439100000.0,-5513900000.0,15240400000.0,628100000.0,335200000.0,335200000.0
Allergan plc,AGN,6T6CAG8O6TSUTMO6BA21,1578845,2017.0,Q1TTM,2016-04-01,2017-03-31,,5027000000.0,29.85,29.85,0.7,29.85,1860800000.0,348100000.0,-2020400000.0,3368700000.0,9625700000.0,-6754400000.0,31477300000.0,9344300000.0,6100000.0,-54000000.0,14917800000.0,-15097200000.0,270200000.0,-5140800000.0,-1704100000.0,,,,,3676400000.0,,1460500000.0,-54000000.0,14971800000.0,1252500000.0,92300000.0,15741500000.0,-769700000.0,-2864300000.0,-3634000000.0,14917800000.0,658000000.0,335100000.0,335100000.0
Allergan plc,AGN,6T6CAG8O6TSUTMO6BA21,1578845,2018.0,FY,2018-01-01,2018-12-31,2020-02-18 16:27:25+00:00,6552300000.0,-15.26,-15.26,0.72,-15.26,2191400000.0,5698700000.0,-1770700000.0,3250600000.0,-5086200000.0,-324300000.0,0.0,-5096400000.0,10200000.0,,15787400000.0,-4761900000.0,,4761900000.0,256700000.0,,,,,3070800000.0,,1271200000.0,,15787400000.0,911200000.0,45200000.0,22035000000.0,-6247600000.0,-609300000.0,-6856900000.0,15787400000.0,334000000.0,337000000.0,337000000.0
Allergan plc,AGN,6T6CAG8O6TSUTMO6BA21,1578845,2018.0,Q3,2018-07-01,2018-09-30,2019-11-05 17:00:24+00:00,1588500000.0,-0.11,-0.11,,-0.11,,-400000.0,213400000.0,755600000.0,-36300000.0,-36300000.0,,-37900000.0,1600000.0,596800000.0,3911400000.0,,,,130000000.0,,,,,424200000.0,,289200000.0,596800000.0,3314600000.0,220400000.0,10000000.0,3057100000.0,257500000.0,-80400000.0,177100000.0,3911400000.0,344500000.0,339000000.0,339000000.0
Allergan plc,AGN,6T6CAG8O6TSUTMO6BA21,1578845,2018.0,Q3YTD,2018-01-01,2018-09-30,,4983200000.0,-2.49,-2.49,,-2.49,,272300000.0,-474000000.0,2409000000.0,-790300000.0,-790300000.0,,-842900000.0,6200000.0,1601400000.0,11707700000.0,,,,266600000.0,,,,46400000.0,2386100000.0,,919200000.0,1601400000.0,10106300000.0,701000000.0,33600000.0,10969800000.0,-863500000.0,-400800000.0,-1264300000.0,11707700000.0,344500000.0,339000000.0,339000000.0
Allergan plc,AGN,6T6CAG8O6TSUTMO6BA21,1578845,2018.0,Q2,2018-04-01,2018-06-30,2019-08-08 17:29:12+00:00,1697100000.0,-1.39,-1.39,,-1.39,,259600000.0,-5200000.0,853400000.0,-470100000.0,-470100000.0,,-472500000.0,2400000.0,481800000.0,4124200000.0,,,,215400000.0,,,,0.0,965200000.0,,334100000.0,481800000.0,3642400000.0,230000000.0,6300000.0,4109400000.0,-467000000.0,-8300000.0,-475300000.0,4124200000.0,339900000.0,339100000.0,339100000.0
Allergan plc,AGN,6T6CAG8O6TSUTMO6BA21,1578845,2018.0,Q2YTD,2018-01-01,2018-06-30,,3394700000.0,-2.38,-2.38,,-2.38,,272700000.0,-687400000.0,1653400000.0,-754000000.0,-754000000.0,,-805000000.0,4600000.0,1004600000.0,7796300000.0,,,,136600000.0,,,,46400000.0,1961900000.0,,630000000.0,1004600000.0,6791700000.0,480600000.0,23600000.0,7912700000.0,-1121000000.0,-320400000.0,-1441400000.0,7796300000.0,339900000.0,339100000.0,339100000.0
Allergan plc,AGN,6T6CAG8O6TSUTMO6BA21,1578845,2018.0,Q1,2018-01-01,2018-03-31,2019-05-07 17:25:39+00:00,1697600000.0,-0.99,-0.99,0.72,-0.99,,13100000.0,-682200000.0,800000000.0,-283900000.0,-283900000.0,,-332500000.0,2200000.0,522800000.0,3672100000.0,,,,-78800000.0,,,,46400000.0,996700000.0,,295900000.0,522800000.0,3149300000.0,250600000.0,17300000.0,3803300000.0,-654000000.0,-312100000.0,-966100000.0,3672100000.0,335900000.0,334600000.0,334600000.0
Allergan plc,AGN,6T6CAG8O6TSUTMO6BA21,1578845,2019.0,FY,2019-01-01,2019-12-31,2020-02-18 16:27:25+00:00,5856600000.0,-16.02,-16.02,0.74,-16.02,2493100000.0,3993000000.0,146400000.0,3461700000.0,-5265100000.0,-151000000.0,0.0,-5271000000.0,5900000.0,,16088900000.0,-5114100000.0,,5114100000.0,32800000.0,,,,,2248000000.0,,2481800000.0,,16088900000.0,783000000.0,76800000.0,20534200000.0,-4445300000.0,-673400000.0,-5118700000.0,16088900000.0,329000000.0,329000000.0,329000000.0
Allergan plc,AGN,6T6CAG8O6TSUTMO6BA21,1578845,2019.0,Q3,2019-07-01,2019-09-30,2019-11-05 17:00:24+00:00,1537700000.0,-2.4,-2.4,,-2.4,,2000000.0,18100000.0,901400000.0,-785600000.0,-785600000.0,,-786800000.0,1200000.0,639000000.0,4050700000.0,,,,2500000.0,,,,,474500000.0,,1092700000.0,639000000.0,3411700000.0,193900000.0,20500000.0,4008300000.0,-596600000.0,-170900000.0,-767500000.0,4050700000.0,327800000.0,328000000.0,328000000.0
Allergan plc,AGN,6T6CAG8O6TSUTMO6BA21,1578845,2019.0,Q3YTD,2019-01-01,2019-09-30,,4339100000.0,-15.02,-15.02,,-15.02,,3679000000.0,251100000.0,2578700000.0,-4947800000.0,-4947800000.0,,-17921300000.0,6000000.0,1789100000.0,11737900000.0,,12967500000.0,,11600000.0,,,,,1795500000.0,,1725200000.0,1789100000.0,9948800000.0,591100000.0,51500000.0,14117500000.0,-4168700000.0,-528000000.0,-4696700000.0,11737900000.0,327800000.0,328000000.0,328000000.0
Allergan plc,AGN,6T6CAG8O6TSUTMO6BA21,1578845,2019.0,Q2,2019-04-01,2019-06-30,2019-08-08 17:29:12+00:00,1402000000.0,-5.37,-5.37,,-5.37,,1215200000.0,301600000.0,873300000.0,-1754900000.0,-1754900000.0,,-1759000000.0,4100000.0,652300000.0,4090100000.0,,,,-4700000.0,,,,0.0,886000000.0,,324200000.0,652300000.0,3437800000.0,195400000.0,9700000.0,4700700000.0,-1262900000.0,-190400000.0,-1453300000.0,4090100000.0,327600000.0,327800000.0,327800000.0
Allergan plc,AGN,6T6CAG8O6TSUTMO6BA21,1578845,2019.0,Q2YTD,2019-01-01,2019-06-30,,2801400000.0,-12.62,-12.62,,-12.62,,3677000000.0,233000000.0,1677300000.0,-4162200000.0,-4162200000.0,,-17134500000.0,4800000.0,1150100000.0,7687200000.0,,12967500000.0,,9100000.0,,,,,1321000000.0,,632500000.0,1150100000.0,6537100000.0,397200000.0,31000000.0,10109200000.0,-3572100000.0,-357100000.0,-3929200000.0,7687200000.0,327600000.0,327800000.0,327800000.0
Allergan plc,AGN,6T6CAG8O6TSUTMO6BA21,1578845,2019.0,Q1,2019-01-01,2019-03-31,2020-05-07 08:03:25+00:00,1399400000.0,-7.25,-7.25,0.74,-7.25,,2461800000.0,-68600000.0,804000000.0,-2407300000.0,-2407300000.0,,-15375500000.0,700000.0,497800000.0,3597100000.0,,12967500000.0,,13800000.0,,,,,435000000.0,,308300000.0,497800000.0,3099300000.0,201800000.0,21300000.0,5408500000.0,-2309200000.0,-166700000.0,-2475900000.0,3597100000.0,2120800000.0,332000000.0,332000000.0
Allergan plc,AGN,6T6CAG8O6TSUTMO6BA21,1578845,2019.0,Q1TTM,2018-04-01,2019-03-31,,6254100000.0,-21.52,-21.52,,-21.52,2191400000.0,8147400000.0,-1157100000.0,3254600000.0,-7209600000.0,-2447700000.0,,-20139400000.0,8700000.0,-25000000.0,15712400000.0,-4761900000.0,12967500000.0,4761900000.0,349300000.0,,,,-46400000.0,2509100000.0,,1283600000.0,-25000000.0,15737400000.0,862400000.0,49200000.0,23640200000.0,-7902800000.0,-463900000.0,-8366700000.0,15712400000.0,2120800000.0,332000000.0,332000000.0
Allergan plc,AGN,6T6CAG8O6TSUTMO6BA21,1578845,2020.0,Q1TTM,2019-04-01,2020-03-31,,5873600000.0,-7.62,-7.62,,-7.63,2493100000.0,2592300000.0,-1651800000.0,3629800000.0,-2478800000.0,2635300000.0,,12922000000.0,6200000.0,125300000.0,16096200000.0,-5114100000.0,-15407000000.0,5114100000.0,-5900000.0,,,,,2243000000.0,,2574800000.0,125300000.0,15970900000.0,765700000.0,76700000.0,19406600000.0,-3435700000.0,-694900000.0,-4130600000.0,16096200000.0,2450000000.0,329100000.0,331900000.0
Allergan plc,AGN,6T6CAG8O6TSUTMO6BA21,1578845,2020.0,Q1,2020-01-01,2020-03-31,2020-05-07 08:03:25+00:00,1416400000.0,1.15,1.15,0.74,1.14,,1061100000.0,-1866800000.0,972100000.0,379000000.0,379000000.0,,2817500000.0,1000000.0,623100000.0,3604400000.0,,-2439500000.0,,-24900000.0,,,,,430000000.0,,401300000.0,623100000.0,2981300000.0,184500000.0,21200000.0,4280900000.0,-1299600000.0,-188200000.0,-1487800000.0,3604400000.0,2450000000.0,329100000.0,331900000.0
