company_name,company_ticker,company_lei,company_cik,year,quarter,start_date,end_date,filing_date,amortizationexpense,basicdilutedeps,basiceps,cashdividendspershare,depreciationexpense,dilutedeps,impairmentexpense,incometaxexpense,netincome,netincomecontinuing,netincometocommon,netincometononcontrollinginterest,operatingcostofrevenue,operatingrevenue,othercostofrevenue,otherincome,otherrevenue,otherspecialcharges,preferreddividends,rdexpense,sgaexpense,totalcostofrevenue,totalgrossprofit,totalinterestexpense,totalinterestincome,totaloperatingexpenses,totaloperatingincome,totalotherincome,totalpretaxincome,totalrevenue,weightedavebasicdilutedsharesos,weightedavebasicsharesos,weightedavedilutedsharesos
Las Vegas Sands Corp,LVS,,1300514,2008.0,FY,2008-01-01,2008-12-31,2011-03-30 16:50:11+00:00,,-0.48,-0.48,,506986000.0,-0.48,37568000.0,-59700000.0,-168325000.0,-168325000.0,-188764000.0,-4767000.0,2768752000.0,4735126000.0,41865000.0,19492000.0,-345180000.0,169899000.0,25206000.0,12789000.0,688424000.0,2810617000.0,1579329000.0,430966000.0,19786000.0,1415666000.0,163663000.0,-391688000.0,-228025000.0,4389946000.0,393300000.0,392131375.0,392131375.0
Las Vegas Sands Corp,LVS,,1300514,2009.0,FY,2009-01-01,2009-12-31,2012-02-29 16:06:03+00:00,,-0.82,-0.82,,586041000.0,-0.82,169468000.0,-3884000.0,-368743000.0,-368743000.0,-540050000.0,-14264000.0,2876873000.0,4929444000.0,103802000.0,-9891000.0,-366339000.0,166932000.0,185571000.0,533000.0,688196000.0,2980675000.0,1582430000.0,345118000.0,11122000.0,1611170000.0,-28740000.0,-343887000.0,-372627000.0,4563105000.0,658600000.0,656836950.0,656836950.0
Las Vegas Sands Corp,LVS,,1300514,2009.0,Q3,2009-07-01,2009-09-30,2010-11-09 06:02:05+00:00,,-0.19,-0.19,,148677000.0,-0.19,0.0,54316000.0,-80617000.0,-80617000.0,-122992000.0,-4111000.0,720763000.0,1233989000.0,29272000.0,-1564000.0,-92845000.0,28571000.0,46486000.0,80000.0,151399000.0,750035000.0,391109000.0,88718000.0,1599000.0,328727000.0,62382000.0,-88683000.0,-26301000.0,1141144000.0,647300000.0,660245590.0,660245590.0
Las Vegas Sands Corp,LVS,,1300514,2009.0,Q2,2009-04-01,2009-06-30,2010-08-06 21:16:06+00:00,,-0.34,-0.34,,143633000.0,-0.34,151175000.0,-54488000.0,-178263000.0,-178263000.0,-222248000.0,-2323000.0,672053000.0,1142994000.0,20707000.0,773000.0,-84294000.0,46483000.0,46308000.0,10000.0,195984000.0,692760000.0,365940000.0,64871000.0,2692000.0,537285000.0,-171345000.0,-61406000.0,-232751000.0,1058700000.0,658877256.0,653700000.0,653700000.0
Las Vegas Sands Corp,LVS,,1300514,2010.0,Q4,2010-10-01,2010-12-31,,41302000.0,0.41,0.41,,184450000.0,0.35,,27866000.0,386407000.0,386407000.0,226550000.0,60898000.0,1069494000.0,2123302000.0,24776000.0,-2055000.0,-108256000.0,15127000.0,98959000.0,525000.0,190686000.0,1094270000.0,920776000.0,74938000.0,2580000.0,432090000.0,488686000.0,-74413000.0,414273000.0,2015046000.0,668000000.0,667463535.0,791760624.0
Las Vegas Sands Corp,LVS,,1300514,2010.0,FY,2010-01-01,2010-12-31,2013-03-01 16:44:45+00:00,41302000.0,0.61,0.61,,694971000.0,0.51,16057000.0,74302000.0,781603000.0,781603000.0,407463000.0,182209000.0,3875187000.0,7317937000.0,97762000.0,-8260000.0,-464755000.0,153388000.0,191931000.0,1783000.0,792146000.0,3972949000.0,2880233000.0,325368000.0,8947000.0,1699647000.0,1180586000.0,-324681000.0,855905000.0,6853182000.0,668000000.0,667463535.0,791760624.0
Las Vegas Sands Corp,LVS,,1300514,2010.0,Q3,2010-07-01,2010-09-30,2011-11-09 06:06:44+00:00,,0.25,0.25,,186738000.0,0.21,16057000.0,25161000.0,268834000.0,268834000.0,168011000.0,54337000.0,1040553000.0,2046376000.0,37833000.0,6444000.0,-137604000.0,12513000.0,46486000.0,425000.0,231348000.0,1078386000.0,830386000.0,98415000.0,2661000.0,447081000.0,383305000.0,-89310000.0,293995000.0,1908772000.0,672000000.0,660836841.0,789156247.0
Las Vegas Sands Corp,LVS,,1300514,2010.0,Q3YTD,2010-01-01,2010-09-30,,,0.2,0.2,,510521000.0,0.16,16057000.0,46436000.0,395196000.0,395196000.0,180913000.0,121311000.0,2805693000.0,5194635000.0,72986000.0,-6205000.0,-356499000.0,138261000.0,92972000.0,1258000.0,601460000.0,2878679000.0,1959457000.0,250430000.0,6367000.0,1267557000.0,691900000.0,-250268000.0,441632000.0,4838136000.0,672000000.0,660836841.0,789156247.0
Las Vegas Sands Corp,LVS,,1300514,2010.0,Q2,2010-04-01,2010-06-30,2010-08-06 21:16:06+00:00,,-0.01,-0.01,,170694000.0,-0.01,0.0,8073000.0,78548000.0,78548000.0,-4679000.0,36741000.0,938144000.0,1705413000.0,18711000.0,-6201000.0,-110937000.0,87797000.0,46486000.0,676000.0,211679000.0,956855000.0,637621000.0,76026000.0,2073000.0,470846000.0,166775000.0,-80154000.0,86621000.0,1594476000.0,660364559.0,467900000.0,467900000.0
Las Vegas Sands Corp,LVS,,1300514,2010.0,Q2YTD,2010-01-01,2010-06-30,,,-0.05,-0.05,,323783000.0,-0.05,,21275000.0,126362000.0,126362000.0,12902000.0,66974000.0,1765140000.0,3148259000.0,35153000.0,-12649000.0,-218895000.0,125748000.0,46486000.0,833000.0,370112000.0,1800293000.0,1129071000.0,152015000.0,3706000.0,820476000.0,308595000.0,-160958000.0,147637000.0,2929364000.0,660364559.0,467900000.0,467900000.0
Las Vegas Sands Corp,LVS,,1300514,2010.0,Q1,2010-01-01,2010-03-31,2011-05-09 21:29:40+00:00,,-0.04,-0.04,,153089000.0,-0.04,,13202000.0,47814000.0,47814000.0,17581000.0,30233000.0,826996000.0,1442846000.0,16442000.0,-6448000.0,-107958000.0,37951000.0,0.0,157000.0,158433000.0,843438000.0,491450000.0,75989000.0,1633000.0,349630000.0,141820000.0,-80804000.0,61016000.0,1334888000.0,-439500000.0,660280641.0,660280641.0
Las Vegas Sands Corp,LVS,,1300514,2011.0,Q4,2011-10-01,2011-12-31,,10033000.0,0.44,0.44,,197935000.0,0.39,,59744000.0,524352000.0,524352000.0,320114000.0,89068000.0,1372554000.0,2670639000.0,57949000.0,5429000.0,-126284000.0,23677000.0,115170000.0,5008000.0,213917000.0,1430503000.0,1113852000.0,90565000.0,5950000.0,450570000.0,663282000.0,-79186000.0,584096000.0,2544355000.0,729600000.0,728343428.0,811816687.0
Las Vegas Sands Corp,LVS,,1300514,2011.0,FY,2011-01-01,2011-12-31,2014-02-28 16:24:12+00:00,43366000.0,1.74,1.74,0.0,794404000.0,1.56,0.0,211704000.0,1883119000.0,1883119000.0,1269508000.0,322996000.0,4922677000.0,9862334000.0,150456000.0,-3955000.0,-451589000.0,76028000.0,290615000.0,11309000.0,1022618000.0,5073133000.0,4337612000.0,305503000.0,14394000.0,1947725000.0,2389887000.0,-295064000.0,2094823000.0,9410745000.0,729600000.0,728343428.0,811816687.0
Las Vegas Sands Corp,LVS,,1300514,2011.0,Q3,2011-07-01,2011-09-30,2012-11-09 06:08:12+00:00,10143000.0,0.48,0.48,0.0,200071000.0,0.44,0.0,52375000.0,505172000.0,505172000.0,353631000.0,80293000.0,1217881000.0,2536558000.0,33953000.0,-6617000.0,-127183000.0,16760000.0,71248000.0,3308000.0,294703000.0,1251834000.0,1157541000.0,70761000.0,2369000.0,524985000.0,632556000.0,-75009000.0,557547000.0,2409375000.0,736700000.0,729773246.0,812543534.0
Las Vegas Sands Corp,LVS,,1300514,2011.0,Q3YTD,2011-01-01,2011-09-30,,33333000.0,1.3,1.3,,596469000.0,1.17,,151960000.0,1358767000.0,1358767000.0,949394000.0,233928000.0,3550123000.0,7191695000.0,92507000.0,-9384000.0,-325305000.0,52351000.0,175445000.0,6301000.0,808701000.0,3642630000.0,3223760000.0,214938000.0,8444000.0,1497155000.0,1726605000.0,-215878000.0,1510727000.0,6866390000.0,736700000.0,729773246.0,812543534.0
Las Vegas Sands Corp,LVS,,1300514,2011.0,Q3TTM,2010-10-01,2011-09-30,,74635000.0,1.71,1.71,,780919000.0,1.52,,179826000.0,1745174000.0,1745174000.0,1175944000.0,294826000.0,4619617000.0,9314997000.0,117283000.0,-11439000.0,-433561000.0,67478000.0,274404000.0,6826000.0,999387000.0,4736900000.0,4144536000.0,289876000.0,11024000.0,1929245000.0,2215291000.0,-290291000.0,1925000000.0,8881436000.0,736700000.0,729773246.0,812543534.0
Las Vegas Sands Corp,LVS,,1300514,2011.0,Q2,2011-04-01,2011-06-30,2012-08-09 06:08:14+00:00,10034000.0,0.5,0.5,0.0,206161000.0,0.45,0.0,54374000.0,489092000.0,489092000.0,367607000.0,78455000.0,1203305000.0,2448626000.0,23496000.0,1908000.0,-103530000.0,25621000.0,43030000.0,2420000.0,265937000.0,1226801000.0,1118295000.0,70592000.0,4028000.0,510173000.0,608122000.0,-64656000.0,543466000.0,2345096000.0,735200000.0,728695140.0,811274706.0
Las Vegas Sands Corp,LVS,,1300514,2011.0,Q2YTD,2011-01-01,2011-06-30,,23190000.0,0.82,0.82,,396398000.0,0.73,,99585000.0,853595000.0,853595000.0,595763000.0,153635000.0,2332242000.0,4655137000.0,58554000.0,-2767000.0,-198122000.0,35591000.0,104197000.0,2993000.0,513998000.0,2390796000.0,2066219000.0,144177000.0,6075000.0,972170000.0,1094049000.0,-140869000.0,953180000.0,4457015000.0,735200000.0,728695140.0,811274706.0
Las Vegas Sands Corp,LVS,,1300514,2011.0,Q2TTM,2010-07-01,2011-06-30,,64492000.0,1.48,1.48,,767586000.0,1.29,16057000.0,152612000.0,1508836000.0,1508836000.0,990324000.0,268870000.0,4442289000.0,8824815000.0,121163000.0,1622000.0,-443982000.0,63231000.0,249642000.0,3943000.0,936032000.0,4563452000.0,3817381000.0,317530000.0,11316000.0,1851341000.0,1966040000.0,-304592000.0,1661448000.0,8380833000.0,735200000.0,728695140.0,811274706.0
Las Vegas Sands Corp,LVS,,1300514,2011.0,Q1,2011-01-01,2011-03-31,2012-05-10 06:10:22+00:00,13156000.0,0.32,0.32,0.0,190237000.0,0.28,0.0,45211000.0,364503000.0,364503000.0,228156000.0,75180000.0,1128937000.0,2206511000.0,35058000.0,-4675000.0,-94592000.0,9970000.0,61167000.0,573000.0,248061000.0,1163995000.0,947924000.0,73585000.0,2047000.0,461997000.0,485927000.0,-76213000.0,409714000.0,2111919000.0,713000000.0,723389226.0,811239242.0
Las Vegas Sands Corp,LVS,,1300514,2011.0,Q1TTM,2010-04-01,2011-03-31,,54458000.0,0.97,0.97,,732119000.0,0.83,16057000.0,106311000.0,1098292000.0,1098292000.0,618038000.0,227156000.0,4177128000.0,8081602000.0,116378000.0,-6487000.0,-451389000.0,125407000.0,253098000.0,2199000.0,881774000.0,4293506000.0,3336707000.0,322964000.0,9361000.0,1812014000.0,1524693000.0,-320090000.0,1204603000.0,7630213000.0,713000000.0,723389226.0,811239242.0
Las Vegas Sands Corp,LVS,,1300514,2012.0,FY,2012-01-01,2012-12-31,2015-02-27 08:29:28+00:00,40165000.0,1.89,1.89,3.75,892046000.0,1.85,143674000.0,180763000.0,1881813000.0,1881813000.0,1524093000.0,357720000.0,6069575000.0,11684669000.0,239332000.0,5740000.0,-553537000.0,146035000.0,,19958000.0,1268965000.0,6308907000.0,4822225000.0,277798000.0,23252000.0,2510843000.0,2311382000.0,-248806000.0,2062576000.0,11131132000.0,806400000.0,806395660.0,824556036.0
Las Vegas Sands Corp,LVS,,1300514,2012.0,Q4,2012-10-01,2012-12-31,,10149000.0,0.51,0.51,3.0,250321000.0,0.53,,45156000.0,571343000.0,571343000.0,434782000.0,136561000.0,1710613000.0,3230881000.0,55935000.0,5025000.0,-153879000.0,10003000.0,,7762000.0,360214000.0,1766548000.0,1310454000.0,67067000.0,6536000.0,638449000.0,672005000.0,-55506000.0,616499000.0,3077002000.0,806400000.0,806395660.0,824556036.0
Las Vegas Sands Corp,LVS,,1300514,2012.0,Q3,2012-07-01,2012-09-30,2013-11-07 06:10:05+00:00,10014000.0,0.43,0.43,0.25,226538000.0,0.42,0.0,33351000.0,444980000.0,444980000.0,349782000.0,95198000.0,1498354000.0,2851925000.0,72805000.0,2352000.0,-142443000.0,40026000.0,,4201000.0,323449000.0,1571159000.0,1138323000.0,62292000.0,4176000.0,604228000.0,534095000.0,-55764000.0,478331000.0,2709482000.0,813400000.0,821482154.0,825606248.0
Las Vegas Sands Corp,LVS,,1300514,2012.0,Q3YTD,2012-01-01,2012-09-30,,30016000.0,1.38,1.38,0.75,641725000.0,1.32,143674000.0,135607000.0,1310470000.0,1310470000.0,1089311000.0,221159000.0,4358962000.0,8453788000.0,183397000.0,715000.0,-399658000.0,136032000.0,,12196000.0,908751000.0,4542359000.0,3511771000.0,210731000.0,16716000.0,1872394000.0,1639377000.0,-193300000.0,1446077000.0,8054130000.0,813400000.0,821482154.0,825606248.0
Las Vegas Sands Corp,LVS,,1300514,2012.0,Q3TTM,2011-10-01,2012-09-30,,40049000.0,1.82,1.82,0.75,839660000.0,1.71,143674000.0,195351000.0,1834822000.0,1834822000.0,1409425000.0,310227000.0,5731516000.0,11124427000.0,241346000.0,6144000.0,-525942000.0,159709000.0,115170000.0,17204000.0,1122668000.0,5972862000.0,4625623000.0,301296000.0,22666000.0,2322964000.0,2302659000.0,-272486000.0,2030173000.0,10598485000.0,813400000.0,821482154.0,825606248.0
Las Vegas Sands Corp,LVS,,1300514,2012.0,Q2,2012-04-01,2012-06-30,2013-08-09 06:08:33+00:00,10057000.0,0.29,0.29,0.25,220440000.0,0.29,100781000.0,39085000.0,286381000.0,286381000.0,240587000.0,45794000.0,1426145000.0,2713053000.0,58374000.0,1782000.0,-131147000.0,43954000.0,,6797000.0,317630000.0,1484519000.0,1097387000.0,80936000.0,6892000.0,699659000.0,397728000.0,-72262000.0,325466000.0,2581906000.0,829600000.0,821110555.0,826102326.0
Las Vegas Sands Corp,LVS,,1300514,2012.0,Q2YTD,2012-01-01,2012-06-30,,20002000.0,0.95,0.95,0.5,415187000.0,0.9,143674000.0,102256000.0,865490000.0,865490000.0,739529000.0,125961000.0,2860608000.0,5601863000.0,110592000.0,-1637000.0,-257215000.0,96006000.0,,7995000.0,585302000.0,2971200000.0,2373448000.0,148439000.0,12540000.0,1268166000.0,1105282000.0,-137536000.0,967746000.0,5344648000.0,829600000.0,821110555.0,826102326.0
Las Vegas Sands Corp,LVS,,1300514,2012.0,Q2TTM,2011-07-01,2012-06-30,,40178000.0,1.87,1.87,0.5,813193000.0,1.73,143674000.0,214375000.0,1895014000.0,1895014000.0,1413274000.0,295322000.0,5451043000.0,10809060000.0,202494000.0,-2825000.0,-510682000.0,136443000.0,186418000.0,16311000.0,1093922000.0,5653537000.0,4644841000.0,309765000.0,20859000.0,2243721000.0,2401120000.0,-291731000.0,2109389000.0,10298378000.0,829600000.0,821110555.0,826102326.0
Las Vegas Sands Corp,LVS,,1300514,2012.0,Q1,2012-01-01,2012-03-31,2013-05-09 18:01:39+00:00,9945000.0,0.66,0.66,0.25,194747000.0,0.61,42893000.0,63171000.0,579109000.0,579109000.0,498942000.0,80167000.0,1434463000.0,2888810000.0,52218000.0,-3419000.0,-126068000.0,52052000.0,,1198000.0,267672000.0,1486681000.0,1276061000.0,67503000.0,5648000.0,568507000.0,707554000.0,-65274000.0,642280000.0,2762742000.0,756000000.0,760437437.0,818797155.0
Las Vegas Sands Corp,LVS,,1300514,2012.0,Q1TTM,2011-04-01,2012-03-31,,40155000.0,2.08,2.08,0.25,798914000.0,1.89,42893000.0,229664000.0,2097725000.0,2097725000.0,1540294000.0,327983000.0,5228203000.0,10544633000.0,167616000.0,-2699000.0,-483065000.0,118110000.0,229448000.0,11934000.0,1042229000.0,5395819000.0,4665749000.0,299421000.0,17995000.0,2054235000.0,2611514000.0,-284125000.0,2327389000.0,10061568000.0,756000000.0,760437437.0,818797155.0
Las Vegas Sands Corp,LVS,,1300514,2013.0,FY,2013-01-01,2013-12-31,2015-02-27 08:29:28+00:00,40352000.0,2.8,2.8,1.4,1007468000.0,2.79,0.0,188836000.0,2954676000.0,2954676000.0,2305997000.0,648679000.0,7516457000.0,14494436000.0,237786000.0,4321000.0,-724551000.0,24495000.0,,15809000.0,1519275000.0,7754243000.0,6015642000.0,285389000.0,16337000.0,2607399000.0,3408243000.0,-264731000.0,3143512000.0,13769885000.0,823600000.0,822282515.0,826316108.0
Las Vegas Sands Corp,LVS,,1300514,2013.0,Q4,2013-10-01,2013-12-31,,10055000.0,0.71,0.71,0.35,254938000.0,0.7,,39896000.0,769731000.0,769731000.0,577539000.0,192192000.0,2043650000.0,3872816000.0,55678000.0,-671000.0,-217131000.0,5416000.0,,969000.0,398906000.0,2099328000.0,1556357000.0,81264000.0,5489000.0,670284000.0,886073000.0,-76446000.0,809627000.0,3655685000.0,823600000.0,822282515.0,826316108.0
Las Vegas Sands Corp,LVS,,1300514,2013.0,Q3YTD,2013-01-01,2013-09-30,,30297000.0,2.09,2.09,1.05,752530000.0,2.09,,148940000.0,2184945000.0,2184945000.0,1728458000.0,456487000.0,5472807000.0,10621620000.0,182108000.0,4992000.0,-507420000.0,19079000.0,,14840000.0,1120369000.0,5654915000.0,4459285000.0,204125000.0,10848000.0,1937115000.0,2522170000.0,-188285000.0,2333885000.0,10114200000.0,824700000.0,823200515.0,826965340.0
Las Vegas Sands Corp,LVS,,1300514,2013.0,Q3TTM,2012-10-01,2013-09-30,,40446000.0,2.6,2.6,4.05,1002851000.0,2.62,,194096000.0,2756288000.0,2756288000.0,2163240000.0,593048000.0,7183420000.0,13852501000.0,238043000.0,10017000.0,-661299000.0,29082000.0,,22602000.0,1480583000.0,7421463000.0,5769739000.0,271192000.0,17384000.0,2575564000.0,3194175000.0,-243791000.0,2950384000.0,13191202000.0,824700000.0,823200515.0,826965340.0
Las Vegas Sands Corp,LVS,,1300514,2013.0,Q3,2013-07-01,2013-09-30,2014-11-05 08:40:21+00:00,10022000.0,0.76,0.76,0.35,248925000.0,0.76,,45637000.0,809298000.0,809298000.0,626744000.0,182554000.0,1912059000.0,3759126000.0,55371000.0,3207000.0,-190586000.0,4517000.0,,3487000.0,419333000.0,1967430000.0,1601110000.0,66917000.0,3819000.0,686284000.0,914826000.0,-59891000.0,854935000.0,3568540000.0,824700000.0,823200515.0,826965340.0
Las Vegas Sands Corp,LVS,,1300514,2013.0,Q2YTD,2013-01-01,2013-06-30,,20275000.0,1.33,1.33,0.7,503605000.0,1.33,,103303000.0,1375647000.0,1375647000.0,1101714000.0,273933000.0,3560748000.0,6862494000.0,126737000.0,1785000.0,-316834000.0,14562000.0,,11353000.0,701036000.0,3687485000.0,2858175000.0,137208000.0,7029000.0,1250831000.0,1607344000.0,-128394000.0,1478950000.0,6545660000.0,827700000.0,823974421.0,827901261.0
Las Vegas Sands Corp,LVS,,1300514,2013.0,Q2TTM,2012-07-01,2013-06-30,,40438000.0,2.27,2.27,3.95,980464000.0,2.28,,181810000.0,2391970000.0,2391970000.0,1886278000.0,505692000.0,6769715000.0,12945300000.0,255477000.0,9162000.0,-613156000.0,64591000.0,,23316000.0,1384699000.0,7025192000.0,5306952000.0,266567000.0,17741000.0,2493508000.0,2813444000.0,-239664000.0,2573780000.0,12332144000.0,827700000.0,823974421.0,827901261.0
Las Vegas Sands Corp,LVS,,1300514,2013.0,Q2,2013-04-01,2013-06-30,2014-08-07 08:37:04+00:00,10108000.0,0.64,0.64,0.35,251048000.0,0.64,,47721000.0,671673000.0,671673000.0,529753000.0,141920000.0,1772941000.0,3404573000.0,62058000.0,3893000.0,-161632000.0,5793000.0,,6002000.0,354350000.0,1834999000.0,1407942000.0,68376000.0,3236000.0,627301000.0,780641000.0,-61247000.0,719394000.0,3242941000.0,827700000.0,823974421.0,827901261.0
Las Vegas Sands Corp,LVS,,1300514,2013.0,Q1,2013-01-01,2013-03-31,2014-05-07 07:28:07+00:00,10167000.0,0.69,0.69,0.35,252557000.0,0.69,,55582000.0,703974000.0,703974000.0,571961000.0,132013000.0,1787807000.0,3457921000.0,64679000.0,-2108000.0,-155202000.0,8769000.0,,5351000.0,346686000.0,1852486000.0,1450233000.0,68832000.0,3793000.0,623530000.0,826703000.0,-67147000.0,759556000.0,3302719000.0,828900000.0,823367441.0,827452691.0
Las Vegas Sands Corp,LVS,,1300514,2013.0,Q1TTM,2012-04-01,2013-03-31,,40387000.0,1.92,1.92,3.85,949856000.0,1.93,100781000.0,173174000.0,2006678000.0,2006678000.0,1597112000.0,409566000.0,6422919000.0,12253780000.0,251793000.0,7051000.0,-582671000.0,102752000.0,,24111000.0,1347979000.0,6674712000.0,4996397000.0,279127000.0,21397000.0,2565866000.0,2430531000.0,-250679000.0,2179852000.0,11671109000.0,828900000.0,823367441.0,827452691.0
Las Vegas Sands Corp,LVS,,1300514,2014.0,FY,2014-01-01,2014-12-31,2017-02-24 16:24:52+00:00,41000000.0,3.52,3.52,2.0,1031000000.0,3.52,7000000.0,245000000.0,3588000000.0,3588000000.0,2841000000.0,747000000.0,7746000000.0,15426000000.0,187000000.0,2000000.0,-842000000.0,26000000.0,,14000000.0,1433000000.0,7933000000.0,6651000000.0,294000000.0,26000000.0,2552000000.0,4099000000.0,-266000000.0,3833000000.0,14584000000.0,807100000.0,806000000.0,808000000.0
Las Vegas Sands Corp,LVS,,1300514,2014.0,Q4,2014-10-01,2014-12-31,,10848000.0,0.9,0.9,0.5,254935000.0,0.91,7000000.0,91061000.0,877929000.0,877929000.0,721676000.0,156253000.0,1779694000.0,3628537000.0,44310000.0,4368000.0,-212393000.0,3051000.0,,5048000.0,288964000.0,1824004000.0,1592140000.0,66563000.0,8891000.0,569846000.0,1022294000.0,-53304000.0,968990000.0,3416144000.0,807100000.0,806000000.0,808000000.0
Las Vegas Sands Corp,LVS,,1300514,2014.0,Q3,2014-07-01,2014-09-30,2015-11-05 08:32:01+00:00,10086000.0,0.84,0.84,0.5,251002000.0,0.83,,47869000.0,860499000.0,860499000.0,671705000.0,188794000.0,1883875000.0,3748958000.0,31103000.0,95000.0,-215836000.0,-1613000.0,,3043000.0,384205000.0,1914978000.0,1618144000.0,68757000.0,5609000.0,646723000.0,971421000.0,-63053000.0,908368000.0,3533122000.0,799600000.0,803064834.0,804810589.0
Las Vegas Sands Corp,LVS,,1300514,2014.0,Q3YTD,2014-01-01,2014-09-30,,30152000.0,2.62,2.62,1.5,776065000.0,2.61,,153939000.0,2710071000.0,2710071000.0,2119324000.0,590747000.0,5966306000.0,11797463000.0,142690000.0,-2368000.0,-629607000.0,22949000.0,,8952000.0,1144036000.0,6108996000.0,5058860000.0,227437000.0,17109000.0,1982154000.0,3076706000.0,-212696000.0,2864010000.0,11167856000.0,799600000.0,803064834.0,804810589.0
Las Vegas Sands Corp,LVS,,1300514,2014.0,Q3TTM,2013-10-01,2014-09-30,,40207000.0,3.33,3.33,1.85,1031003000.0,3.31,,193835000.0,3479802000.0,3479802000.0,2696863000.0,782939000.0,8009956000.0,15670279000.0,198368000.0,-3039000.0,-846738000.0,28365000.0,,9921000.0,1542942000.0,8208324000.0,6615217000.0,308701000.0,22598000.0,2652438000.0,3962779000.0,-289142000.0,3673637000.0,14823541000.0,799600000.0,803064834.0,804810589.0
Las Vegas Sands Corp,LVS,,1300514,2014.0,Q2YTD,2014-01-01,2014-06-30,,20066000.0,1.78,1.78,1.0,525063000.0,1.78,,106070000.0,1849572000.0,1849572000.0,1447619000.0,401953000.0,4082431000.0,8048505000.0,111587000.0,-2463000.0,-413771000.0,24562000.0,,5909000.0,759831000.0,4194018000.0,3440716000.0,158680000.0,11500000.0,1335431000.0,2105285000.0,-149643000.0,1955642000.0,7634734000.0,809000000.0,807038086.0,809224051.0
Las Vegas Sands Corp,LVS,,1300514,2014.0,Q2TTM,2013-07-01,2014-06-30,,40143000.0,3.25,3.25,1.7,1028926000.0,3.24,,191603000.0,3428601000.0,3428601000.0,2651902000.0,776699000.0,8038140000.0,15680447000.0,222636000.0,73000.0,-821488000.0,34495000.0,,10365000.0,1578070000.0,8260776000.0,6598183000.0,306861000.0,20808000.0,2691999000.0,3906184000.0,-285980000.0,3620204000.0,14858959000.0,809000000.0,807038086.0,809224051.0
Las Vegas Sands Corp,LVS,,1300514,2014.0,Q2,2014-04-01,2014-06-30,2015-08-07 09:06:29+00:00,10040000.0,0.83,0.83,0.5,264016000.0,0.83,,46917000.0,852844000.0,852844000.0,671434000.0,181410000.0,1942556000.0,3827024000.0,49669000.0,2194000.0,-202674000.0,19737000.0,,4217000.0,372655000.0,1992225000.0,1632125000.0,69590000.0,5697000.0,670665000.0,961460000.0,-61699000.0,899761000.0,3624350000.0,809000000.0,807038086.0,809224051.0
Las Vegas Sands Corp,LVS,,1300514,2014.0,Q1TTM,2013-04-01,2014-03-31,,40211000.0,3.06,3.06,1.55,1015958000.0,3.05,,192407000.0,3247430000.0,3247430000.0,2510221000.0,737209000.0,7868525000.0,15257996000.0,235025000.0,1772000.0,-780446000.0,20551000.0,,12150000.0,1559765000.0,8103550000.0,6374000000.0,305647000.0,18347000.0,2648635000.0,3725365000.0,-285528000.0,3439837000.0,14477550000.0,817000000.0,814766709.0,817537615.0
Las Vegas Sands Corp,LVS,,1300514,2014.0,Q1,2014-01-01,2014-03-31,2015-05-07 07:28:31+00:00,10026000.0,0.95,0.95,0.5,261047000.0,0.95,,59153000.0,996728000.0,996728000.0,776185000.0,220543000.0,2139875000.0,4221481000.0,61918000.0,-4657000.0,-211097000.0,4825000.0,,1692000.0,387176000.0,2201793000.0,1808591000.0,89090000.0,5803000.0,664766000.0,1143825000.0,-87944000.0,1055881000.0,4010384000.0,817000000.0,814766709.0,817537615.0
Las Vegas Sands Corp,LVS,,1300514,2015.0,FY,2015-01-01,2015-12-31,2018-02-23 16:14:21+00:00,39000000.0,2.47,2.47,2.6,999000000.0,2.47,35000000.0,236000000.0,2386000000.0,2386000000.0,1966000000.0,420000000.0,6117000000.0,12414000000.0,156000000.0,31000000.0,-726000000.0,48000000.0,,10000000.0,1443000000.0,6273000000.0,5415000000.0,265000000.0,15000000.0,2574000000.0,2841000000.0,-219000000.0,2622000000.0,11688000000.0,796000000.0,797000000.0,798000000.0
Las Vegas Sands Corp,LVS,,1300514,2015.0,Q4,2015-10-01,2015-12-31,,9940000.0,0.59,0.59,0.65,248788000.0,0.59,35000000.0,62059000.0,575278000.0,575278000.0,465546000.0,109732000.0,1472154000.0,3041727000.0,29837000.0,-589000.0,-180453000.0,-450000.0,,2972000.0,361527000.0,1501991000.0,1359283000.0,65982000.0,2402000.0,657777000.0,701506000.0,-64169000.0,637337000.0,2861274000.0,796000000.0,797000000.0,798000000.0
Las Vegas Sands Corp,LVS,,1300514,2015.0,Q3,2015-07-01,2015-09-30,2016-11-04 16:31:33+00:00,9737000.0,0.65,0.65,0.65,247698000.0,0.65,,72347000.0,618193000.0,618193000.0,519358000.0,98835000.0,1499334000.0,3080839000.0,32757000.0,16275000.0,-187156000.0,10336000.0,,3147000.0,351605000.0,1532091000.0,1361592000.0,66962000.0,2158000.0,622523000.0,739069000.0,-48529000.0,690540000.0,2893683000.0,799000000.0,796559738.0,797302248.0
Las Vegas Sands Corp,LVS,,1300514,2015.0,Q3YTD,2015-01-01,2015-09-30,,29060000.0,1.88,1.88,1.95,750212000.0,1.88,,173941000.0,1810722000.0,1810722000.0,1500454000.0,310268000.0,4644846000.0,9372273000.0,126163000.0,31589000.0,-545547000.0,48450000.0,,7028000.0,1081473000.0,4771009000.0,4055717000.0,199018000.0,12598000.0,1916223000.0,2139494000.0,-154831000.0,1984663000.0,8826726000.0,799000000.0,796559738.0,797302248.0
Las Vegas Sands Corp,LVS,,1300514,2015.0,Q3TTM,2014-10-01,2015-09-30,,39908000.0,2.78,2.78,2.45,1005147000.0,2.79,7000000.0,265002000.0,2688651000.0,2688651000.0,2222130000.0,466521000.0,6424540000.0,13000810000.0,170473000.0,35957000.0,-757940000.0,51501000.0,,12076000.0,1370437000.0,6595013000.0,5647857000.0,265581000.0,21489000.0,2486069000.0,3161788000.0,-208135000.0,2953653000.0,12242870000.0,799000000.0,796559738.0,797302248.0
Las Vegas Sands Corp,LVS,,1300514,2015.0,Q2,2015-04-01,2015-06-30,2016-08-05 16:34:01+00:00,9485000.0,0.59,0.59,0.65,248592000.0,0.59,,45929000.0,581491000.0,581491000.0,469173000.0,112318000.0,1562251000.0,3091971000.0,36056000.0,-151000.0,-170550000.0,13212000.0,,2348000.0,360167000.0,1598307000.0,1323114000.0,65801000.0,4062000.0,633804000.0,689310000.0,-61890000.0,627420000.0,2921421000.0,795200000.0,797715773.0,798552917.0
Las Vegas Sands Corp,LVS,,1300514,2015.0,Q2YTD,2015-01-01,2015-06-30,,19323000.0,1.23,1.23,1.3,502514000.0,1.23,,101594000.0,1192529000.0,1192529000.0,981096000.0,211433000.0,3145512000.0,6291434000.0,93406000.0,15314000.0,-358391000.0,38114000.0,,3881000.0,729868000.0,3238918000.0,2694125000.0,132056000.0,10440000.0,1293700000.0,1400425000.0,-106302000.0,1294123000.0,5933043000.0,795200000.0,797715773.0,798552917.0
Las Vegas Sands Corp,LVS,,1300514,2015.0,Q2TTM,2014-07-01,2015-06-30,,40257000.0,2.97,2.97,2.3,1008451000.0,2.97,7000000.0,240524000.0,2930957000.0,2930957000.0,2374477000.0,556480000.0,6809081000.0,13668929000.0,168819000.0,19777000.0,-786620000.0,39552000.0,,11972000.0,1403037000.0,6977900000.0,5904409000.0,267376000.0,24940000.0,2510269000.0,3394140000.0,-222659000.0,3171481000.0,12882309000.0,795200000.0,797715773.0,798552917.0
Las Vegas Sands Corp,LVS,,1300514,2015.0,Q1,2015-01-01,2015-03-31,2016-05-06 16:17:00+00:00,9838000.0,0.64,0.64,0.65,253922000.0,0.64,,55665000.0,611038000.0,611038000.0,511923000.0,99115000.0,1583261000.0,3199463000.0,57350000.0,15465000.0,-187841000.0,24902000.0,,1533000.0,369701000.0,1640611000.0,1371011000.0,66255000.0,6378000.0,659896000.0,711115000.0,-44412000.0,666703000.0,3011622000.0,799900000.0,797935314.0,798877040.0
Las Vegas Sands Corp,LVS,,1300514,2015.0,Q1TTM,2014-04-01,2015-03-31,,40812000.0,3.21,3.21,2.15,1023875000.0,3.21,7000000.0,241512000.0,3202310000.0,3202310000.0,2576738000.0,625572000.0,7189386000.0,14403982000.0,182432000.0,22122000.0,-818744000.0,46077000.0,,13841000.0,1415525000.0,7371818000.0,6213420000.0,271165000.0,26575000.0,2547130000.0,3666290000.0,-222468000.0,3443822000.0,13585238000.0,799900000.0,797935314.0,798877040.0
Las Vegas Sands Corp,LVS,,1300514,2016.0,Q3,2016-07-01,2016-09-30,2017-11-03 16:10:19+00:00,10000000.0,0.65,0.65,0.72,277000000.0,0.65,5000000.0,69000000.0,606000000.0,606000000.0,513000000.0,93000000.0,1448000000.0,3181000000.0,51000000.0,21000000.0,-212000000.0,86000000.0,,3000000.0,369000000.0,1499000000.0,1470000000.0,68000000.0,2000000.0,750000000.0,720000000.0,-45000000.0,675000000.0,2969000000.0,789200000.0,795000000.0,795000000.0
Las Vegas Sands Corp,LVS,,1300514,2016.0,Q3YTD,2016-01-01,2016-09-30,,29000000.0,1.46,1.46,2.16,792000000.0,1.46,16000000.0,187000000.0,1409000000.0,1409000000.0,1161000000.0,248000000.0,4262000000.0,8899000000.0,139000000.0,-33000000.0,-564000000.0,127000000.0,,7000000.0,1139000000.0,4401000000.0,3934000000.0,201000000.0,6000000.0,2110000000.0,1824000000.0,-228000000.0,1596000000.0,8335000000.0,789200000.0,795000000.0,795000000.0
Las Vegas Sands Corp,LVS,,1300514,2016.0,Q3TTM,2015-10-01,2016-09-30,,38940000.0,2.05,2.05,2.81,1040788000.0,2.05,51000000.0,249059000.0,1984278000.0,1984278000.0,1626546000.0,357732000.0,5734154000.0,11940727000.0,168837000.0,-33589000.0,-744453000.0,126550000.0,,9972000.0,1500527000.0,5902991000.0,5293283000.0,266982000.0,8402000.0,2767777000.0,2525506000.0,-292169000.0,2233337000.0,11196274000.0,789200000.0,795000000.0,795000000.0
Las Vegas Sands Corp,LVS,,1300514,2016.0,Q2,2016-04-01,2016-06-30,2017-08-04 16:26:07+00:00,9000000.0,0.41,0.41,0.72,255000000.0,0.41,11000000.0,55000000.0,394000000.0,394000000.0,328000000.0,66000000.0,1354000000.0,2823000000.0,43000000.0,-7000000.0,-174000000.0,33000000.0,,2000000.0,424000000.0,1397000000.0,1252000000.0,64000000.0,2000000.0,734000000.0,518000000.0,-69000000.0,449000000.0,2649000000.0,800000000.0,795000000.0,795000000.0
Las Vegas Sands Corp,LVS,,1300514,2016.0,Q2YTD,2016-01-01,2016-06-30,,19000000.0,0.81,0.81,1.44,515000000.0,0.81,11000000.0,118000000.0,803000000.0,803000000.0,648000000.0,155000000.0,2814000000.0,5718000000.0,88000000.0,-54000000.0,-352000000.0,41000000.0,,4000000.0,770000000.0,2902000000.0,2464000000.0,133000000.0,4000000.0,1360000000.0,1104000000.0,-183000000.0,921000000.0,5366000000.0,800000000.0,795000000.0,795000000.0
Las Vegas Sands Corp,LVS,,1300514,2016.0,Q2TTM,2015-07-01,2016-06-30,,38677000.0,2.05,2.05,2.74,1011486000.0,2.05,46000000.0,252406000.0,1996471000.0,1996471000.0,1632904000.0,363567000.0,5785488000.0,11840566000.0,150594000.0,-38314000.0,-719609000.0,50886000.0,,10119000.0,1483132000.0,5936082000.0,5184875000.0,265944000.0,8560000.0,2640300000.0,2544575000.0,-295698000.0,2248877000.0,11120957000.0,800000000.0,795000000.0,795000000.0
Las Vegas Sands Corp,LVS,,1300514,2016.0,Q1,2016-01-01,2016-03-31,2017-05-05 16:29:05+00:00,10000000.0,0.4,0.4,0.72,260000000.0,0.4,,63000000.0,409000000.0,409000000.0,320000000.0,89000000.0,1460000000.0,2895000000.0,45000000.0,-47000000.0,-178000000.0,8000000.0,,2000000.0,346000000.0,1505000000.0,1212000000.0,69000000.0,2000000.0,626000000.0,586000000.0,-114000000.0,472000000.0,2717000000.0,800000000.0,794000000.0,795000000.0
Las Vegas Sands Corp,LVS,,1300514,2016.0,Q1TTM,2015-04-01,2016-03-31,,39162000.0,2.23,2.23,2.67,1005078000.0,2.23,35000000.0,243335000.0,2183962000.0,2183962000.0,1774077000.0,409885000.0,5993739000.0,12109537000.0,143650000.0,-31465000.0,-716159000.0,31098000.0,,10467000.0,1419299000.0,6137389000.0,5255989000.0,267745000.0,10622000.0,2540104000.0,2715885000.0,-288588000.0,2427297000.0,11393378000.0,800000000.0,794000000.0,795000000.0
Las Vegas Sands Corp,LVS,,1300514,2017.0,FY,2017-01-01,2017-12-31,2020-02-07 17:14:01+00:00,37000000.0,3.55,3.55,2.92,1171000000.0,3.55,20000000.0,-209000000.0,3263000000.0,3263000000.0,2808000000.0,455000000.0,6329000000.0,12728000000.0,96000000.0,-94000000.0,,8000000.0,,13000000.0,1590000000.0,6425000000.0,6303000000.0,332000000.0,16000000.0,2839000000.0,3464000000.0,-410000000.0,3054000000.0,12728000000.0,791000000.0,792000000.0,792000000.0
Las Vegas Sands Corp,LVS,,1300514,2017.0,Q1,2017-01-01,2017-03-31,2018-04-27 16:18:44+00:00,10000000.0,0.61,0.61,0.73,321000000.0,0.61,3000000.0,69000000.0,579000000.0,579000000.0,481000000.0,98000000.0,1551000000.0,2924000000.0,32000000.0,-36000000.0,143000000.0,2000000.0,,3000000.0,381000000.0,1583000000.0,1484000000.0,83000000.0,3000000.0,720000000.0,764000000.0,-116000000.0,648000000.0,3067000000.0,788500000.0,794000000.0,795000000.0
Las Vegas Sands Corp,LVS,,1300514,2018.0,FY,2018-01-01,2018-12-31,2020-02-07 17:14:01+00:00,35000000.0,3.07,3.07,3.0,1111000000.0,3.07,150000000.0,375000000.0,2951000000.0,2951000000.0,2413000000.0,538000000.0,6974000000.0,13729000000.0,5000000.0,26000000.0,,6000000.0,,12000000.0,1685000000.0,6979000000.0,6750000000.0,510000000.0,59000000.0,2999000000.0,3751000000.0,-425000000.0,3326000000.0,13729000000.0,786000000.0,786000000.0,786000000.0
Las Vegas Sands Corp,LVS,,1300514,2018.0,Q2,2018-04-01,2018-06-30,2018-07-25 17:05:55+00:00,9000000.0,0.7,0.7,0.75,274000000.0,0.7,105000000.0,81000000.0,676000000.0,676000000.0,556000000.0,120000000.0,1706000000.0,3303000000.0,7000000.0,44000000.0,,2000000.0,,2000000.0,401000000.0,1713000000.0,1590000000.0,93000000.0,9000000.0,793000000.0,797000000.0,-40000000.0,757000000.0,3303000000.0,794300000.0,789000000.0,790000000.0
Las Vegas Sands Corp,LVS,,1300514,2019.0,FY,2019-01-01,2019-12-31,2020-02-07 17:14:01+00:00,51000000.0,3.5,3.5,3.08,1165000000.0,3.5,90000000.0,468000000.0,3304000000.0,3304000000.0,2698000000.0,606000000.0,6832000000.0,13739000000.0,30000000.0,579000000.0,,34000000.0,,24000000.0,1815000000.0,6862000000.0,6877000000.0,579000000.0,74000000.0,3179000000.0,3698000000.0,74000000.0,3772000000.0,13739000000.0,770900000.0,771000000.0,771000000.0
Las Vegas Sands Corp,LVS,,1300514,2019.0,Q3,2019-07-01,2019-09-30,2019-10-25 16:25:08+00:00,14000000.0,0.69,0.69,,284000000.0,0.69,11000000.0,82000000.0,669000000.0,669000000.0,533000000.0,136000000.0,1602000000.0,3250000000.0,4000000.0,-7000000.0,,9000000.0,,4000000.0,423000000.0,1606000000.0,1644000000.0,161000000.0,20000000.0,745000000.0,899000000.0,-148000000.0,751000000.0,3250000000.0,772500000.0,769000000.0,769000000.0
Las Vegas Sands Corp,LVS,,1300514,2019.0,Q1,2019-01-01,2019-03-31,2020-04-24 16:05:10+00:00,9000000.0,0.75,0.75,0.77,301000000.0,0.75,7000000.0,85000000.0,744000000.0,744000000.0,582000000.0,162000000.0,1824000000.0,3646000000.0,4000000.0,-21000000.0,,4000000.0,,5000000.0,521000000.0,1828000000.0,1818000000.0,141000000.0,20000000.0,847000000.0,971000000.0,-142000000.0,829000000.0,3646000000.0,776000000.0,774000000.0,775000000.0
Las Vegas Sands Corp,LVS,,1300514,2020.0,Q1TTM,2019-04-01,2020-03-31,,56000000.0,2.75,2.75,3.1,1154000000.0,2.75,88000000.0,408000000.0,2509000000.0,2509000000.0,2115000000.0,394000000.0,6019000000.0,11875000000.0,44000000.0,637000000.0,,35000000.0,,25000000.0,1672000000.0,6063000000.0,5812000000.0,569000000.0,67000000.0,3030000000.0,2782000000.0,135000000.0,2917000000.0,11875000000.0,,764000000.0,764000000.0
Las Vegas Sands Corp,LVS,,1300514,2020.0,Q1,2020-01-01,2020-03-31,2020-04-24 16:05:10+00:00,14000000.0,0.0,0.0,0.79,290000000.0,0.0,5000000.0,25000000.0,-51000000.0,-51000000.0,-1000000.0,-50000000.0,1011000000.0,1782000000.0,18000000.0,37000000.0,,5000000.0,,6000000.0,378000000.0,1029000000.0,753000000.0,131000000.0,13000000.0,698000000.0,55000000.0,-81000000.0,-26000000.0,1782000000.0,,764000000.0,764000000.0
