company_name,company_ticker,company_lei,company_cik,year,quarter,start_date,end_date,filing_date,basicdilutedeps,basiceps,cashdividendspershare,dilutedeps,impairmentexpense,incometaxexpense,netincome,netincomecontinuing,netincometocommon,netincometononcontrollinginterest,operatingcostofrevenue,operatingrevenue,otherincome,rdexpense,sgaexpense,totalcostofrevenue,totalgrossprofit,totalinterestexpense,totalinterestincome,totaloperatingexpenses,totaloperatingincome,totalotherincome,totalpretaxincome,totalrevenue,weightedavebasicdilutedsharesos,weightedavebasicsharesos,weightedavedilutedsharesos
KLA-Tencor Corp,KLAC,549300H0BF5JCG96TJ81,319201,2009.0,FY,2008-07-01,2009-06-30,2011-08-05 17:09:55+00:00,-3.07,-3.07,0.6,-3.07,446744000.0,-79163000.0,-523368000.0,-523368000.0,-523368000.0,,864824000.0,1520216000.0,,371463000.0,415126000.0,864824000.0,655392000.0,55339000.0,30749000.0,1233333000.0,-577941000.0,-24590000.0,-602531000.0,1520216000.0,170500000.0,170253000.0,170253000.0
KLA-Tencor Corp,KLAC,549300H0BF5JCG96TJ81,319201,2010.0,Q4,2010-04-01,2010-06-30,,0.66,0.66,0.15,0.65,,37017000.0,113085000.0,113085000.0,113085000.0,,227919000.0,559419000.0,,83309000.0,87349000.0,227919000.0,331500000.0,13426000.0,2686000.0,170658000.0,160842000.0,-10740000.0,150102000.0,559419000.0,171200000.0,170652000.0,173034000.0
KLA-Tencor Corp,KLAC,549300H0BF5JCG96TJ81,319201,2010.0,FY,2009-07-01,2010-06-30,2012-08-06 17:18:59+00:00,1.24,1.24,0.6,1.23,,78881000.0,212300000.0,212300000.0,212300000.0,,815662000.0,1820760000.0,,329560000.0,361372000.0,815662000.0,1005098000.0,54517000.0,31532000.0,690932000.0,314166000.0,-22985000.0,291181000.0,1820760000.0,171200000.0,170652000.0,173034000.0
KLA-Tencor Corp,KLAC,549300H0BF5JCG96TJ81,319201,2010.0,Q3YTD,2009-07-01,2010-03-31,,0.58,0.58,0.45,0.58,,41864000.0,99215000.0,99215000.0,99215000.0,,587743000.0,1261341000.0,,246251000.0,274023000.0,587743000.0,673598000.0,41091000.0,28846000.0,520274000.0,153324000.0,-12245000.0,141079000.0,1261341000.0,172800000.0,171506000.0,173357000.0
KLA-Tencor Corp,KLAC,549300H0BF5JCG96TJ81,319201,2010.0,Q3,2010-01-01,2010-03-31,2011-04-28 20:27:38+00:00,0.33,0.33,0.15,0.33,,23255000.0,57016000.0,57016000.0,57016000.0,,208565000.0,478299000.0,,84741000.0,93714000.0,208565000.0,269734000.0,14092000.0,3084000.0,178455000.0,91279000.0,-11008000.0,80271000.0,478299000.0,172800000.0,171506000.0,173357000.0
KLA-Tencor Corp,KLAC,549300H0BF5JCG96TJ81,319201,2010.0,Q2YTD,2009-07-01,2009-12-31,,0.25,0.25,0.3,0.25,,18609000.0,42199000.0,42199000.0,42199000.0,,379178000.0,783042000.0,,161510000.0,180309000.0,379178000.0,403864000.0,26999000.0,25762000.0,341819000.0,62045000.0,-1237000.0,60808000.0,783042000.0,167600000.0,171408000.0,173808000.0
KLA-Tencor Corp,KLAC,549300H0BF5JCG96TJ81,319201,2010.0,Q2,2009-10-01,2009-12-31,2011-01-27 21:20:16+00:00,0.13,0.13,0.15,0.13,,16222000.0,21794000.0,21794000.0,21794000.0,,207286000.0,440355000.0,,83301000.0,102673000.0,207286000.0,233069000.0,13542000.0,4463000.0,185974000.0,47095000.0,-9079000.0,38016000.0,440355000.0,167600000.0,171408000.0,173808000.0
KLA-Tencor Corp,KLAC,549300H0BF5JCG96TJ81,319201,2010.0,Q1,2009-07-01,2009-09-30,2010-11-23 17:51:11+00:00,0.12,0.12,0.15,0.12,,2387000.0,20405000.0,20405000.0,20405000.0,,171892000.0,342687000.0,,78209000.0,77636000.0,171892000.0,170795000.0,13457000.0,21299000.0,155845000.0,14950000.0,7842000.0,22792000.0,342687000.0,170000000.0,170698000.0,172718000.0
KLA-Tencor Corp,KLAC,549300H0BF5JCG96TJ81,319201,2011.0,Q4,2011-04-01,2011-06-30,,1.47,1.47,0.25,1.44,,89026000.0,245017000.0,245017000.0,245017000.0,,356180000.0,892439000.0,,100929000.0,91261000.0,356180000.0,536259000.0,13897000.0,3871000.0,192190000.0,344069000.0,-10026000.0,334043000.0,892439000.0,167300000.0,167261000.0,170352000.0
KLA-Tencor Corp,KLAC,549300H0BF5JCG96TJ81,319201,2011.0,FY,2010-07-01,2011-06-30,2013-08-08 16:10:34+00:00,4.75,4.75,1.0,4.66,,315578000.0,794488000.0,794488000.0,794488000.0,,1259243000.0,3175167000.0,,386163000.0,369431000.0,1259243000.0,1915924000.0,54328000.0,4064000.0,755594000.0,1160330000.0,-50264000.0,1110066000.0,3175167000.0,167300000.0,167261000.0,170352000.0
KLA-Tencor Corp,KLAC,549300H0BF5JCG96TJ81,319201,2011.0,Q3YTD,2010-07-01,2011-03-31,,3.28,3.28,0.75,3.22,,226552000.0,549471000.0,549471000.0,549471000.0,,903063000.0,2282728000.0,,285234000.0,278170000.0,903063000.0,1379665000.0,40431000.0,193000.0,563404000.0,816261000.0,-40238000.0,776023000.0,2282728000.0,167800000.0,167629000.0,171313000.0
KLA-Tencor Corp,KLAC,549300H0BF5JCG96TJ81,319201,2011.0,Q3TTM,2010-04-01,2011-03-31,,3.94,3.94,0.9,3.87,,263569000.0,662556000.0,662556000.0,662556000.0,,1130982000.0,2842147000.0,,368543000.0,365519000.0,1130982000.0,1711165000.0,53857000.0,2879000.0,734062000.0,977103000.0,-50978000.0,926125000.0,2842147000.0,167800000.0,167629000.0,171313000.0
KLA-Tencor Corp,KLAC,549300H0BF5JCG96TJ81,319201,2011.0,Q3,2011-01-01,2011-03-31,2012-04-26 18:51:03+00:00,1.25,1.25,0.25,1.22,,91737000.0,209783000.0,209783000.0,209783000.0,,327696000.0,834059000.0,,95617000.0,98967000.0,327696000.0,506363000.0,13409000.0,3150000.0,194584000.0,311779000.0,-10259000.0,301520000.0,834059000.0,167800000.0,167629000.0,171313000.0
KLA-Tencor Corp,KLAC,549300H0BF5JCG96TJ81,319201,2011.0,Q2YTD,2010-07-01,2010-12-31,,2.03,2.03,0.5,2.0,,134815000.0,339688000.0,339688000.0,339688000.0,,575367000.0,1448669000.0,,189617000.0,179203000.0,575367000.0,873302000.0,27022000.0,-2957000.0,368820000.0,504482000.0,-29979000.0,474503000.0,1448669000.0,167100000.0,166886000.0,169513000.0
KLA-Tencor Corp,KLAC,549300H0BF5JCG96TJ81,319201,2011.0,Q2TTM,2010-01-01,2010-12-31,,3.02,3.02,0.8,2.98,,195087000.0,509789000.0,509789000.0,509789000.0,,1011851000.0,2486387000.0,,357667000.0,360266000.0,1011851000.0,1474536000.0,54540000.0,2813000.0,717933000.0,756603000.0,-51727000.0,704876000.0,2486387000.0,167100000.0,166886000.0,169513000.0
KLA-Tencor Corp,KLAC,549300H0BF5JCG96TJ81,319201,2011.0,Q2,2010-10-01,2010-12-31,2012-01-26 18:18:10+00:00,1.11,1.11,0.25,1.09,,65699000.0,185492000.0,185492000.0,185492000.0,,311398000.0,766327000.0,,94897000.0,91166000.0,311398000.0,454929000.0,13493000.0,-4182000.0,186063000.0,268866000.0,-17675000.0,251191000.0,766327000.0,167100000.0,166886000.0,169513000.0
KLA-Tencor Corp,KLAC,549300H0BF5JCG96TJ81,319201,2011.0,Q1TTM,2009-10-01,2010-09-30,,2.04,2.04,0.7,2.02,,145610000.0,346091000.0,346091000.0,346091000.0,,907739000.0,2160415000.0,,346071000.0,371773000.0,907739000.0,1252676000.0,54589000.0,11458000.0,717844000.0,534832000.0,-43131000.0,491701000.0,2160415000.0,167600000.0,167187000.0,169839000.0
KLA-Tencor Corp,KLAC,549300H0BF5JCG96TJ81,319201,2011.0,Q1,2010-07-01,2010-09-30,2011-10-27 18:09:45+00:00,0.92,0.92,0.25,0.91,,69116000.0,154196000.0,154196000.0,154196000.0,,263969000.0,682342000.0,,94720000.0,88037000.0,263969000.0,418373000.0,13529000.0,1225000.0,182757000.0,235616000.0,-12304000.0,223312000.0,682342000.0,167600000.0,167187000.0,169839000.0
KLA-Tencor Corp,KLAC,549300H0BF5JCG96TJ81,319201,2012.0,Q4,2012-04-01,2012-06-30,,1.48,1.48,0.35,1.44,,58015000.0,247877000.0,247877000.0,247877000.0,,361663000.0,892465000.0,,118710000.0,93793000.0,361663000.0,530802000.0,13503000.0,1096000.0,212503000.0,318299000.0,-12407000.0,305892000.0,892465000.0,166900000.0,166795000.0,170147000.0
KLA-Tencor Corp,KLAC,549300H0BF5JCG96TJ81,319201,2012.0,FY,2011-07-01,2012-06-30,2014-08-08 16:20:32+00:00,4.53,4.53,1.4,4.44,,218079000.0,756015000.0,756015000.0,756015000.0,,1330016000.0,3171944000.0,,452937000.0,372666000.0,1330016000.0,1841928000.0,54197000.0,11966000.0,825603000.0,1016325000.0,-42231000.0,974094000.0,3171944000.0,166900000.0,166795000.0,170147000.0
KLA-Tencor Corp,KLAC,549300H0BF5JCG96TJ81,319201,2012.0,Q3YTD,2011-07-01,2012-03-31,,3.05,3.05,1.05,3.0,,160064000.0,508138000.0,508138000.0,508138000.0,,968353000.0,2279479000.0,,334227000.0,278873000.0,968353000.0,1311126000.0,40694000.0,10870000.0,613100000.0,698026000.0,-29824000.0,668202000.0,2279479000.0,166900000.0,167070000.0,170146000.0
KLA-Tencor Corp,KLAC,549300H0BF5JCG96TJ81,319201,2012.0,Q3TTM,2011-04-01,2012-03-31,,4.52,4.52,1.3,4.44,,249090000.0,753155000.0,753155000.0,753155000.0,,1324533000.0,3171918000.0,,435156000.0,370134000.0,1324533000.0,1847385000.0,54591000.0,14741000.0,805290000.0,1042095000.0,-39850000.0,1002245000.0,3171918000.0,166900000.0,167070000.0,170146000.0
KLA-Tencor Corp,KLAC,549300H0BF5JCG96TJ81,319201,2012.0,Q3,2012-01-01,2012-03-31,2013-04-25 18:04:49+00:00,1.23,1.23,0.35,1.21,,68687000.0,205346000.0,205346000.0,205346000.0,,355149000.0,840521000.0,,110102000.0,90996000.0,355149000.0,485372000.0,13505000.0,3264000.0,201098000.0,284274000.0,-10241000.0,274033000.0,840521000.0,166900000.0,167070000.0,170146000.0
KLA-Tencor Corp,KLAC,549300H0BF5JCG96TJ81,319201,2012.0,Q2YTD,2011-07-01,2011-12-31,,1.82,1.82,0.7,1.79,,91377000.0,302792000.0,302792000.0,302792000.0,,613204000.0,1438958000.0,,224125000.0,187877000.0,613204000.0,825754000.0,27189000.0,7606000.0,412002000.0,413752000.0,-19583000.0,394169000.0,1438958000.0,165400000.0,166343000.0,169103000.0
KLA-Tencor Corp,KLAC,549300H0BF5JCG96TJ81,319201,2012.0,Q2TTM,2011-01-01,2011-12-31,,4.54,4.54,1.2,4.45,,272140000.0,757592000.0,757592000.0,757592000.0,,1297080000.0,3165456000.0,,420671000.0,378105000.0,1297080000.0,1868376000.0,54495000.0,14627000.0,798776000.0,1069600000.0,-39868000.0,1029732000.0,3165456000.0,165400000.0,166343000.0,169103000.0
KLA-Tencor Corp,KLAC,549300H0BF5JCG96TJ81,319201,2012.0,Q2,2011-10-01,2011-12-31,2013-01-24 18:21:34+00:00,0.67,0.67,0.35,0.66,,36110000.0,110797000.0,110797000.0,110797000.0,,272855000.0,642482000.0,,116363000.0,93801000.0,272855000.0,369627000.0,13296000.0,740000.0,210164000.0,159463000.0,-12556000.0,146907000.0,642482000.0,165400000.0,166343000.0,169103000.0
KLA-Tencor Corp,KLAC,549300H0BF5JCG96TJ81,319201,2012.0,Q1TTM,2010-10-01,2011-09-30,,4.98,4.98,1.1,4.88,,301729000.0,832287000.0,832287000.0,832287000.0,,1335623000.0,3289301000.0,,399205000.0,375470000.0,1335623000.0,1953678000.0,54692000.0,9705000.0,774675000.0,1179003000.0,-44987000.0,1134016000.0,3289301000.0,167000000.0,166684000.0,169835000.0
KLA-Tencor Corp,KLAC,549300H0BF5JCG96TJ81,319201,2012.0,Q1,2011-07-01,2011-09-30,2012-10-25 18:20:04+00:00,1.15,1.15,0.35,1.13,,55267000.0,191995000.0,191995000.0,191995000.0,,340349000.0,796476000.0,,107762000.0,94076000.0,340349000.0,456127000.0,13893000.0,6866000.0,201838000.0,254289000.0,-7027000.0,247262000.0,796476000.0,167000000.0,166684000.0,169835000.0
KLA-Tencor Corp,KLAC,549300H0BF5JCG96TJ81,319201,2013.0,FY,2012-07-01,2013-06-30,2015-08-07 16:31:43+00:00,3.27,3.27,1.6,3.21,,147472000.0,543149000.0,543149000.0,543149000.0,,1237452000.0,2842781000.0,15112000.0,487832000.0,387812000.0,1237452000.0,1605329000.0,54176000.0,,875644000.0,729685000.0,-39064000.0,690621000.0,2842781000.0,166100000.0,166089000.0,169260000.0
KLA-Tencor Corp,KLAC,549300H0BF5JCG96TJ81,319201,2013.0,Q4,2013-04-01,2013-06-30,,0.82,0.82,0.4,0.8,,42320000.0,134770000.0,134770000.0,134770000.0,,306804000.0,720032000.0,15112000.0,127694000.0,97899000.0,306804000.0,413228000.0,13773000.0,-11884000.0,225593000.0,187635000.0,-10545000.0,177090000.0,720032000.0,166100000.0,166089000.0,169260000.0
KLA-Tencor Corp,KLAC,549300H0BF5JCG96TJ81,319201,2013.0,Q3YTD,2012-07-01,2013-03-31,,2.45,2.45,1.2,2.41,,105152000.0,408379000.0,408379000.0,408379000.0,,930648000.0,2122749000.0,,360138000.0,289913000.0,930648000.0,1192101000.0,40403000.0,11884000.0,650051000.0,542050000.0,-28519000.0,513531000.0,2122749000.0,166400000.0,166234000.0,169180000.0
KLA-Tencor Corp,KLAC,549300H0BF5JCG96TJ81,319201,2013.0,Q3TTM,2012-04-01,2013-03-31,,3.93,3.93,1.55,3.85,,163167000.0,656256000.0,656256000.0,656256000.0,,1292311000.0,3015214000.0,,478848000.0,383706000.0,1292311000.0,1722903000.0,53906000.0,12980000.0,862554000.0,860349000.0,-40926000.0,819423000.0,3015214000.0,166400000.0,166234000.0,169180000.0
KLA-Tencor Corp,KLAC,549300H0BF5JCG96TJ81,319201,2013.0,Q3,2013-01-01,2013-03-31,2014-04-24 19:15:12+00:00,1.0,1.0,0.4,0.98,,25733000.0,166382000.0,166382000.0,166382000.0,,309508000.0,729029000.0,,118788000.0,98487000.0,309508000.0,419521000.0,13469000.0,3338000.0,217275000.0,202246000.0,-10131000.0,192115000.0,729029000.0,166400000.0,166234000.0,169180000.0
KLA-Tencor Corp,KLAC,549300H0BF5JCG96TJ81,319201,2013.0,Q2YTD,2012-07-01,2012-12-31,,1.45,1.45,0.8,1.43,,79419000.0,241997000.0,241997000.0,241997000.0,,621140000.0,1393720000.0,,241350000.0,191426000.0,621140000.0,772580000.0,26934000.0,8546000.0,432776000.0,339804000.0,-18388000.0,321416000.0,1393720000.0,166600000.0,166268000.0,169076000.0
KLA-Tencor Corp,KLAC,549300H0BF5JCG96TJ81,319201,2013.0,Q2TTM,2012-01-01,2012-12-31,,4.16,4.16,1.5,4.08,,206121000.0,695220000.0,695220000.0,695220000.0,,1337952000.0,3126706000.0,,470162000.0,376215000.0,1337952000.0,1788754000.0,53942000.0,12906000.0,846377000.0,942377000.0,-41036000.0,901341000.0,3126706000.0,166600000.0,166268000.0,169076000.0
KLA-Tencor Corp,KLAC,549300H0BF5JCG96TJ81,319201,2013.0,Q2,2012-10-01,2012-12-31,2014-01-23 18:46:36+00:00,0.64,0.64,0.4,0.63,,38244000.0,106630000.0,106630000.0,106630000.0,,303915000.0,673011000.0,,121608000.0,94241000.0,303915000.0,369096000.0,13431000.0,5058000.0,215849000.0,153247000.0,-8373000.0,144874000.0,673011000.0,166600000.0,166268000.0,169076000.0
KLA-Tencor Corp,KLAC,549300H0BF5JCG96TJ81,319201,2013.0,Q1TTM,2011-10-01,2012-09-30,,4.19,4.19,1.45,4.11,,203987000.0,699387000.0,699387000.0,699387000.0,,1306892000.0,3096177000.0,,464917000.0,375775000.0,1306892000.0,1789285000.0,53807000.0,8588000.0,840692000.0,948593000.0,-45219000.0,903374000.0,3096177000.0,167100000.0,166531000.0,169824000.0
KLA-Tencor Corp,KLAC,549300H0BF5JCG96TJ81,319201,2013.0,Q1,2012-07-01,2012-09-30,2013-10-24 18:17:39+00:00,0.81,0.81,0.4,0.8,,41175000.0,135367000.0,135367000.0,135367000.0,,317225000.0,720709000.0,,119742000.0,97185000.0,317225000.0,403484000.0,13503000.0,3488000.0,216927000.0,186557000.0,-10015000.0,176542000.0,720709000.0,167100000.0,166531000.0,169824000.0
KLA-Tencor Corp,KLAC,549300H0BF5JCG96TJ81,319201,2014.0,FY,2013-07-01,2014-06-30,2016-08-05 17:00:53+00:00,3.51,3.51,1.8,3.47,,151706000.0,582755000.0,582755000.0,582755000.0,,1232962000.0,2929408000.0,,539469000.0,384907000.0,1232962000.0,1696446000.0,53812000.0,16203000.0,924376000.0,772070000.0,-37609000.0,734461000.0,2929408000.0,166000000.0,166016000.0,168118000.0
KLA-Tencor Corp,KLAC,549300H0BF5JCG96TJ81,319201,2014.0,Q4,2014-04-01,2014-06-30,,0.78,0.78,0.45,0.77,,37875000.0,128731000.0,128731000.0,128731000.0,,326665000.0,734343000.0,,138448000.0,96216000.0,326665000.0,407678000.0,13443000.0,7035000.0,234664000.0,173014000.0,-6408000.0,166606000.0,734343000.0,166000000.0,166016000.0,168118000.0
KLA-Tencor Corp,KLAC,549300H0BF5JCG96TJ81,319201,2014.0,Q3,2014-01-01,2014-03-31,2015-04-23 18:05:32+00:00,1.22,1.22,0.45,1.21,,47665000.0,203581000.0,203581000.0,203581000.0,,342826000.0,831599000.0,,134161000.0,93449000.0,342826000.0,488773000.0,13396000.0,3479000.0,227610000.0,261163000.0,-9917000.0,251246000.0,831599000.0,166900000.0,166253000.0,167989000.0
KLA-Tencor Corp,KLAC,549300H0BF5JCG96TJ81,319201,2014.0,Q3YTD,2013-07-01,2014-03-31,,2.73,2.73,1.35,2.7,,113831000.0,454024000.0,454024000.0,454024000.0,,906297000.0,2195065000.0,,401021000.0,288691000.0,906297000.0,1288768000.0,40369000.0,9168000.0,689712000.0,599056000.0,-31201000.0,567855000.0,2195065000.0,166900000.0,166253000.0,167989000.0
KLA-Tencor Corp,KLAC,549300H0BF5JCG96TJ81,319201,2014.0,Q3TTM,2013-04-01,2014-03-31,,3.55,3.55,1.75,3.5,,156151000.0,588794000.0,588794000.0,588794000.0,,1213101000.0,2915097000.0,15112000.0,528715000.0,386590000.0,1213101000.0,1701996000.0,54142000.0,-2716000.0,915305000.0,786691000.0,-41746000.0,744945000.0,2915097000.0,166900000.0,166253000.0,167989000.0
KLA-Tencor Corp,KLAC,549300H0BF5JCG96TJ81,319201,2014.0,Q2YTD,2013-07-01,2013-12-31,,1.51,1.51,0.9,1.49,,66166000.0,250443000.0,250443000.0,250443000.0,,563471000.0,1363466000.0,,266860000.0,195242000.0,563471000.0,799995000.0,26973000.0,5689000.0,462102000.0,337893000.0,-21284000.0,316609000.0,1363466000.0,165800000.0,166414000.0,168206000.0
KLA-Tencor Corp,KLAC,549300H0BF5JCG96TJ81,319201,2014.0,Q2TTM,2013-01-01,2013-12-31,,3.33,3.33,1.7,3.27,,134219000.0,551595000.0,551595000.0,551595000.0,,1179783000.0,2812527000.0,15112000.0,513342000.0,391628000.0,1179783000.0,1632744000.0,54215000.0,-2857000.0,904970000.0,727774000.0,-41960000.0,685814000.0,2812527000.0,165800000.0,166414000.0,168206000.0
KLA-Tencor Corp,KLAC,549300H0BF5JCG96TJ81,319201,2014.0,Q2,2013-10-01,2013-12-31,2015-01-22 18:05:05+00:00,0.84,0.84,0.45,0.83,,37499000.0,139246000.0,139246000.0,139246000.0,,285814000.0,705129000.0,,134587000.0,96746000.0,285814000.0,419315000.0,13311000.0,2074000.0,231333000.0,187982000.0,-11237000.0,176745000.0,705129000.0,165800000.0,166414000.0,168206000.0
KLA-Tencor Corp,KLAC,549300H0BF5JCG96TJ81,319201,2014.0,Q1TTM,2012-10-01,2013-09-30,,3.13,3.13,1.65,3.07,,134964000.0,518979000.0,518979000.0,518979000.0,,1197884000.0,2780409000.0,15112000.0,500363000.0,389123000.0,1197884000.0,1582525000.0,54335000.0,127000.0,889486000.0,693039000.0,-39096000.0,653943000.0,2780409000.0,166000000.0,165886000.0,168734000.0
KLA-Tencor Corp,KLAC,549300H0BF5JCG96TJ81,319201,2014.0,Q1,2013-07-01,2013-09-30,2014-10-23 20:39:15+00:00,0.67,0.67,0.45,0.66,,28667000.0,111197000.0,111197000.0,111197000.0,,277657000.0,658337000.0,,132273000.0,98496000.0,277657000.0,380680000.0,13662000.0,3615000.0,230769000.0,149911000.0,-10047000.0,139864000.0,658337000.0,166000000.0,165886000.0,168734000.0
KLA-Tencor Corp,KLAC,549300H0BF5JCG96TJ81,319201,2015.0,FY,2014-07-01,2015-06-30,2017-08-04 17:12:04+00:00,2.26,2.26,18.5,2.24,,67973000.0,366158000.0,366158000.0,366158000.0,,1215229000.0,2814049000.0,,530616000.0,406864000.0,1215229000.0,1598820000.0,237678000.0,10469000.0,937480000.0,661340000.0,-227209000.0,434131000.0,2814049000.0,162000000.0,162282000.0,163701000.0
KLA-Tencor Corp,KLAC,549300H0BF5JCG96TJ81,319201,2015.0,Q4,2015-04-01,2015-06-30,,0.89,0.89,0.5,0.88,,32919000.0,142019000.0,142019000.0,142019000.0,,323267000.0,756332000.0,,128839000.0,101739000.0,323267000.0,433065000.0,30679000.0,3130000.0,230578000.0,202487000.0,-27549000.0,174938000.0,756332000.0,162000000.0,162282000.0,163701000.0
KLA-Tencor Corp,KLAC,549300H0BF5JCG96TJ81,319201,2015.0,Q3,2015-01-01,2015-03-31,2016-04-26 17:01:44+00:00,0.81,0.81,0.5,0.81,,34816000.0,131638000.0,131638000.0,131638000.0,,320282000.0,738459000.0,,124583000.0,98608000.0,320282000.0,418177000.0,30508000.0,1976000.0,223191000.0,194986000.0,-28532000.0,166454000.0,738459000.0,162500000.0,161559000.0,162794000.0
KLA-Tencor Corp,KLAC,549300H0BF5JCG96TJ81,319201,2015.0,Q3YTD,2014-07-01,2015-03-31,,1.37,1.37,18.0,1.36,,35054000.0,224139000.0,224139000.0,224139000.0,,891962000.0,2057717000.0,,401777000.0,305125000.0,891962000.0,1165755000.0,206999000.0,7339000.0,706902000.0,458853000.0,-199660000.0,259193000.0,2057717000.0,162500000.0,161559000.0,162794000.0
KLA-Tencor Corp,KLAC,549300H0BF5JCG96TJ81,319201,2015.0,Q3TTM,2014-04-01,2015-03-31,,2.15,2.15,18.45,2.13,,72929000.0,352870000.0,352870000.0,352870000.0,,1218627000.0,2792060000.0,,540225000.0,401341000.0,1218627000.0,1573433000.0,220442000.0,14374000.0,941566000.0,631867000.0,-206068000.0,425799000.0,2792060000.0,162500000.0,161559000.0,162794000.0
KLA-Tencor Corp,KLAC,549300H0BF5JCG96TJ81,319201,2015.0,Q2,2014-10-01,2014-12-31,2016-01-28 17:29:44+00:00,0.12,0.12,17.0,0.12,,-26536000.0,20268000.0,20268000.0,20268000.0,,283213000.0,676357000.0,,133557000.0,104873000.0,283213000.0,393144000.0,162970000.0,1988000.0,238430000.0,154714000.0,-160982000.0,-6268000.0,676357000.0,168900000.0,164036000.0,165317000.0
KLA-Tencor Corp,KLAC,549300H0BF5JCG96TJ81,319201,2015.0,Q2YTD,2014-07-01,2014-12-31,,0.56,0.56,17.5,0.55,,238000.0,92501000.0,92501000.0,92501000.0,,571680000.0,1319258000.0,,277194000.0,206517000.0,571680000.0,747578000.0,176491000.0,5363000.0,483711000.0,263867000.0,-171128000.0,92739000.0,1319258000.0,168900000.0,164036000.0,165317000.0
KLA-Tencor Corp,KLAC,549300H0BF5JCG96TJ81,319201,2015.0,Q2TTM,2014-01-01,2014-12-31,,2.56,2.56,18.4,2.53,,85778000.0,424813000.0,424813000.0,424813000.0,,1241171000.0,2885200000.0,,549803000.0,396182000.0,1241171000.0,1644029000.0,203330000.0,15877000.0,945985000.0,698044000.0,-187453000.0,510591000.0,2885200000.0,168900000.0,164036000.0,165317000.0
KLA-Tencor Corp,KLAC,549300H0BF5JCG96TJ81,319201,2015.0,Q1,2014-07-01,2014-09-30,2015-10-22 17:20:05+00:00,0.44,0.44,0.5,0.43,,26774000.0,72233000.0,72233000.0,72233000.0,,288467000.0,642901000.0,,143637000.0,101644000.0,288467000.0,354434000.0,13521000.0,3375000.0,245281000.0,109153000.0,-10146000.0,99007000.0,642901000.0,164200000.0,164845000.0,166580000.0
KLA-Tencor Corp,KLAC,549300H0BF5JCG96TJ81,319201,2015.0,Q1TTM,2013-10-01,2014-09-30,,3.28,3.28,1.85,3.24,,149813000.0,543791000.0,543791000.0,543791000.0,,1243772000.0,2913972000.0,,550833000.0,388055000.0,1243772000.0,1670200000.0,53671000.0,15963000.0,938888000.0,731312000.0,-37708000.0,693604000.0,2913972000.0,164200000.0,164845000.0,166580000.0
KLA-Tencor Corp,KLAC,549300H0BF5JCG96TJ81,319201,2016.0,FY,2015-07-01,2016-06-30,2018-08-06 16:48:30+00:00,4.52,4.52,2.08,4.49,,153770000.0,704422000.0,704422000.0,704422000.0,,1163391000.0,2984493000.0,,481258000.0,379399000.0,1163391000.0,1821102000.0,122887000.0,20634000.0,860657000.0,960445000.0,-102253000.0,858192000.0,2984493000.0,155800000.0,155869000.0,156779000.0
KLA-Tencor Corp,KLAC,549300H0BF5JCG96TJ81,319201,2016.0,Q4,2016-04-01,2016-06-30,,1.74,1.74,0.52,1.73,,56946000.0,271541000.0,271541000.0,271541000.0,,337568000.0,919171000.0,,127454000.0,103797000.0,337568000.0,581603000.0,30889000.0,9024000.0,231251000.0,350352000.0,-21865000.0,328487000.0,919171000.0,155800000.0,155869000.0,156779000.0
KLA-Tencor Corp,KLAC,549300H0BF5JCG96TJ81,319201,2016.0,Q3,2016-01-01,2016-03-31,2017-04-27 18:16:52+00:00,1.13,1.13,0.52,1.12,,34154000.0,175777000.0,175777000.0,175777000.0,,274599000.0,712433000.0,,115589000.0,87407000.0,274599000.0,437834000.0,30895000.0,5988000.0,202996000.0,234838000.0,-24907000.0,209931000.0,712433000.0,155600000.0,155690000.0,156429000.0
KLA-Tencor Corp,KLAC,549300H0BF5JCG96TJ81,319201,2016.0,Q3YTD,2015-07-01,2016-03-31,,2.78,2.78,1.56,2.76,,96824000.0,432881000.0,432881000.0,432881000.0,,825823000.0,2065322000.0,,353804000.0,275602000.0,825823000.0,1239499000.0,91998000.0,11610000.0,629406000.0,610093000.0,-80388000.0,529705000.0,2065322000.0,155600000.0,155690000.0,156429000.0
KLA-Tencor Corp,KLAC,549300H0BF5JCG96TJ81,319201,2016.0,Q3TTM,2015-04-01,2016-03-31,,3.67,3.67,2.06,3.64,,129743000.0,574900000.0,574900000.0,574900000.0,,1149090000.0,2821654000.0,,482643000.0,377341000.0,1149090000.0,1672564000.0,122677000.0,14740000.0,859984000.0,812580000.0,-107937000.0,704643000.0,2821654000.0,155600000.0,155690000.0,156429000.0
KLA-Tencor Corp,KLAC,549300H0BF5JCG96TJ81,319201,2016.0,Q2,2015-10-01,2015-12-31,2017-01-26 18:01:59+00:00,0.98,0.98,0.52,0.98,,33268000.0,152207000.0,152207000.0,152207000.0,,280980000.0,710245000.0,,118272000.0,96532000.0,280980000.0,429265000.0,30539000.0,1553000.0,214804000.0,214461000.0,-28986000.0,185475000.0,710245000.0,155300000.0,155252000.0,155996000.0
KLA-Tencor Corp,KLAC,549300H0BF5JCG96TJ81,319201,2016.0,Q2YTD,2015-07-01,2015-12-31,,1.65,1.65,1.04,1.64,,62670000.0,257104000.0,257104000.0,257104000.0,,551224000.0,1352889000.0,,238215000.0,188195000.0,551224000.0,801665000.0,61103000.0,5622000.0,426410000.0,375255000.0,-55481000.0,319774000.0,1352889000.0,155300000.0,155252000.0,155996000.0
KLA-Tencor Corp,KLAC,549300H0BF5JCG96TJ81,319201,2016.0,Q2TTM,2015-01-01,2015-12-31,,3.35,3.35,2.04,3.33,,130405000.0,530761000.0,530761000.0,530761000.0,,1194773000.0,2847680000.0,,491637000.0,388542000.0,1194773000.0,1652907000.0,122290000.0,10728000.0,880179000.0,772728000.0,-111562000.0,661166000.0,2847680000.0,155300000.0,155252000.0,155996000.0
KLA-Tencor Corp,KLAC,549300H0BF5JCG96TJ81,319201,2016.0,Q1,2015-07-01,2015-09-30,2016-10-20 17:06:56+00:00,0.67,0.67,0.52,0.66,,29402000.0,104897000.0,104897000.0,104897000.0,,270244000.0,642644000.0,,119943000.0,91663000.0,270244000.0,372400000.0,30564000.0,4069000.0,211606000.0,160794000.0,-26495000.0,134299000.0,642644000.0,156600000.0,156820000.0,157984000.0
KLA-Tencor Corp,KLAC,549300H0BF5JCG96TJ81,319201,2016.0,Q1TTM,2014-10-01,2015-09-30,,2.49,2.49,18.52,2.47,,70601000.0,398822000.0,398822000.0,398822000.0,,1197006000.0,2813792000.0,,506922000.0,396883000.0,1197006000.0,1616786000.0,254721000.0,11163000.0,903805000.0,712981000.0,-243558000.0,469423000.0,2813792000.0,156600000.0,156820000.0,157984000.0
KLA-Tencor Corp,KLAC,549300H0BF5JCG96TJ81,319201,2017.0,FY,2016-07-01,2017-06-30,2019-08-16 16:58:19+00:00,5.92,5.92,2.14,5.88,,247170000.0,926076000.0,926076000.0,926076000.0,0.0,1286215000.0,2703934000.0,776080000.0,526688000.0,388211000.0,1286215000.0,1417719000.0,122476000.0,16822000.0,914899000.0,502820000.0,670426000.0,1173246000.0,2703934000.0,156400000.0,156468000.0,157481000.0
KLA-Tencor Corp,KLAC,549300H0BF5JCG96TJ81,319201,2017.0,Q4,2017-04-01,2017-06-30,,1.64,1.64,0.54,1.62,,68870000.0,256162000.0,256162000.0,256162000.0,,346598000.0,162567000.0,776080000.0,136373000.0,104039000.0,346598000.0,-184031000.0,30648000.0,4043000.0,240412000.0,-424443000.0,749475000.0,325032000.0,162567000.0,156400000.0,156468000.0,157481000.0
KLA-Tencor Corp,KLAC,549300H0BF5JCG96TJ81,319201,2017.0,Q3,2017-01-01,2017-03-31,2018-04-26 17:41:09+00:00,1.62,1.62,0.54,1.61,,65587000.0,253562000.0,253562000.0,253562000.0,,343274000.0,913809000.0,,130170000.0,96252000.0,343274000.0,570535000.0,30472000.0,5508000.0,226422000.0,344113000.0,-24964000.0,319149000.0,913809000.0,156500000.0,156749000.0,157746000.0
KLA-Tencor Corp,KLAC,549300H0BF5JCG96TJ81,319201,2017.0,Q3YTD,2016-07-01,2017-03-31,,4.28,4.28,1.6,4.26,,178300000.0,669914000.0,669914000.0,669914000.0,,939617000.0,2541367000.0,,390315000.0,284172000.0,939617000.0,1601750000.0,91828000.0,12779000.0,674487000.0,927263000.0,-79049000.0,848214000.0,2541367000.0,156500000.0,156749000.0,157746000.0
KLA-Tencor Corp,KLAC,549300H0BF5JCG96TJ81,319201,2017.0,Q3TTM,2016-04-01,2017-03-31,,6.02,6.02,2.12,5.99,,235246000.0,941455000.0,941455000.0,941455000.0,,1277185000.0,3460538000.0,,517769000.0,387969000.0,1277185000.0,2183353000.0,122717000.0,21803000.0,905738000.0,1277615000.0,-100914000.0,1176701000.0,3460538000.0,156500000.0,156749000.0,157746000.0
KLA-Tencor Corp,KLAC,549300H0BF5JCG96TJ81,319201,2017.0,Q2,2016-10-01,2016-12-31,2018-01-25 18:10:51+00:00,1.52,1.52,0.54,1.52,,68594000.0,238251000.0,238251000.0,238251000.0,,318507000.0,876885000.0,,130912000.0,93532000.0,318507000.0,558378000.0,30624000.0,3535000.0,224444000.0,333934000.0,-27089000.0,306845000.0,876885000.0,156700000.0,156335000.0,157123000.0
KLA-Tencor Corp,KLAC,549300H0BF5JCG96TJ81,319201,2017.0,Q2YTD,2016-07-01,2016-12-31,,2.66,2.66,1.06,2.65,,112713000.0,416352000.0,416352000.0,416352000.0,,596343000.0,1627558000.0,,260145000.0,187920000.0,596343000.0,1031215000.0,61356000.0,7271000.0,448065000.0,583150000.0,-54085000.0,529065000.0,1627558000.0,156700000.0,156335000.0,157123000.0
KLA-Tencor Corp,KLAC,549300H0BF5JCG96TJ81,319201,2017.0,Q2TTM,2016-01-01,2016-12-31,,5.53,5.53,2.1,5.5,,203813000.0,863670000.0,863670000.0,863670000.0,,1208510000.0,3259162000.0,,503188000.0,379124000.0,1208510000.0,2050652000.0,123140000.0,22283000.0,882312000.0,1168340000.0,-100857000.0,1067483000.0,3259162000.0,156700000.0,156335000.0,157123000.0
KLA-Tencor Corp,KLAC,549300H0BF5JCG96TJ81,319201,2017.0,Q1,2016-07-01,2016-09-30,2017-10-26 17:51:05+00:00,1.14,1.14,0.52,1.13,,44119000.0,178101000.0,178101000.0,178101000.0,,277836000.0,750673000.0,,129233000.0,94388000.0,277836000.0,472837000.0,30732000.0,3736000.0,223621000.0,249216000.0,-26996000.0,222220000.0,750673000.0,156200000.0,156129000.0,157021000.0
KLA-Tencor Corp,KLAC,549300H0BF5JCG96TJ81,319201,2017.0,Q1TTM,2015-10-01,2016-09-30,,4.99,4.99,2.08,4.96,,168487000.0,777626000.0,777626000.0,777626000.0,,1170983000.0,3092522000.0,,490548000.0,382124000.0,1170983000.0,1921539000.0,123055000.0,20301000.0,872672000.0,1048867000.0,-102754000.0,946113000.0,3092522000.0,156200000.0,156129000.0,157021000.0
KLA-Tencor Corp,KLAC,549300H0BF5JCG96TJ81,319201,2018.0,FY,2017-07-01,2018-06-30,2019-08-16 16:58:19+00:00,5.13,5.13,2.52,5.1,,653666000.0,802265000.0,802265000.0,802265000.0,0.0,1446041000.0,3160671000.0,876030000.0,608531000.0,442304000.0,1446041000.0,1714630000.0,114376000.0,30482000.0,1050835000.0,663795000.0,792136000.0,1455931000.0,3160671000.0,156400000.0,156346000.0,157378000.0
KLA-Tencor Corp,KLAC,549300H0BF5JCG96TJ81,319201,2018.0,Q4,2018-04-01,2018-06-30,,2.24,2.24,1.34,2.23,,57722000.0,348767000.0,348767000.0,348767000.0,,377566000.0,193974000.0,876030000.0,151905000.0,116370000.0,377566000.0,-183592000.0,28309000.0,10635000.0,268275000.0,-451867000.0,858356000.0,406489000.0,193974000.0,156400000.0,156346000.0,157378000.0
KLA-Tencor Corp,KLAC,549300H0BF5JCG96TJ81,319201,2018.0,Q3,2018-01-01,2018-03-31,2019-05-08 08:48:30+00:00,1.96,1.96,0.59,1.95,,59102000.0,306881000.0,306881000.0,306881000.0,0.0,368356000.0,1021294000.0,,153239000.0,113237000.0,368356000.0,652938000.0,28119000.0,7640000.0,266476000.0,386462000.0,-20479000.0,365983000.0,1021294000.0,156600000.0,156221000.0,157201000.0
KLA-Tencor Corp,KLAC,549300H0BF5JCG96TJ81,319201,2018.0,Q3YTD,2017-07-01,2018-03-31,,2.89,2.89,1.18,2.87,,595944000.0,453498000.0,453498000.0,453498000.0,,1068475000.0,2966697000.0,,456626000.0,325934000.0,1068475000.0,1898222000.0,86067000.0,19847000.0,782560000.0,1115662000.0,-66220000.0,1049442000.0,2966697000.0,156600000.0,156221000.0,157201000.0
KLA-Tencor Corp,KLAC,549300H0BF5JCG96TJ81,319201,2018.0,Q3TTM,2017-04-01,2018-03-31,,4.53,4.53,1.72,4.49,,664814000.0,709660000.0,709660000.0,709660000.0,,1415073000.0,3129264000.0,776080000.0,592999000.0,429973000.0,1415073000.0,1714191000.0,116715000.0,23890000.0,1022972000.0,691219000.0,683255000.0,1374474000.0,3129264000.0,156600000.0,156221000.0,157201000.0
KLA-Tencor Corp,KLAC,549300H0BF5JCG96TJ81,319201,2018.0,Q2,2017-10-01,2017-12-31,2019-01-29 16:51:12+00:00,-0.86,-0.86,,-0.86,,481626000.0,-134319000.0,-134319000.0,-134319000.0,,347002000.0,975822000.0,,156700000.0,105265000.0,347002000.0,628820000.0,27372000.0,7824000.0,261965000.0,366855000.0,-19548000.0,347307000.0,975822000.0,156200000.0,156587000.0,156587000.0
KLA-Tencor Corp,KLAC,549300H0BF5JCG96TJ81,319201,2018.0,Q2YTD,2017-07-01,2017-12-31,,0.93,0.93,0.59,0.92,,536842000.0,146617000.0,146617000.0,146617000.0,,700119000.0,1945403000.0,,303387000.0,212697000.0,700119000.0,1245284000.0,57948000.0,12207000.0,516084000.0,729200000.0,-45741000.0,683459000.0,1945403000.0,156200000.0,156587000.0,156587000.0
KLA-Tencor Corp,KLAC,549300H0BF5JCG96TJ81,319201,2018.0,Q2TTM,2017-01-01,2017-12-31,,4.19,4.19,1.67,4.15,,671299000.0,656341000.0,656341000.0,656341000.0,,1389991000.0,3021779000.0,776080000.0,569930000.0,412988000.0,1389991000.0,1631788000.0,119068000.0,21758000.0,982918000.0,648870000.0,678770000.0,1327640000.0,3021779000.0,156200000.0,156587000.0,156587000.0
KLA-Tencor Corp,KLAC,549300H0BF5JCG96TJ81,319201,2018.0,Q1,2017-07-01,2017-09-30,2018-10-31 16:34:02+00:00,1.79,1.79,0.59,1.78,,55216000.0,280936000.0,280936000.0,280936000.0,,353117000.0,969581000.0,,146687000.0,107432000.0,353117000.0,616464000.0,30576000.0,4383000.0,254119000.0,362345000.0,-26193000.0,336152000.0,969581000.0,156900000.0,156826000.0,157846000.0
KLA-Tencor Corp,KLAC,549300H0BF5JCG96TJ81,319201,2018.0,Q1TTM,2016-10-01,2017-09-30,,6.57,6.57,2.21,6.53,,258267000.0,1028911000.0,1028911000.0,1028911000.0,,1361496000.0,2922842000.0,776080000.0,544142000.0,401255000.0,1361496000.0,1561346000.0,122320000.0,17469000.0,945397000.0,615949000.0,671229000.0,1287178000.0,2922842000.0,156900000.0,156826000.0,157846000.0
KLA-Tencor Corp,KLAC,549300H0BF5JCG96TJ81,319201,2019.0,Q4,2019-04-01,2019-06-30,,0.6,1.32,0.75,1.3,,13982000.0,217328000.0,217328000.0,217845000.0,-517000.0,592785000.0,-1626292000.0,2884727000.0,206710000.0,190040000.0,592785000.0,-2219077000.0,40517000.0,2927000.0,396750000.0,-2615827000.0,2847137000.0,231310000.0,-1626292000.0,172600000.0,156053000.0,156949000.0
KLA-Tencor Corp,KLAC,549300H0BF5JCG96TJ81,319201,2019.0,FY,2018-07-01,2019-06-30,2019-08-16 16:58:19+00:00,6.81,7.53,3.0,7.49,,121214000.0,1175017000.0,1175017000.0,1175617000.0,-600000.0,1869377000.0,3392243000.0,1176661000.0,711030000.0,599124000.0,1869377000.0,1522866000.0,124604000.0,31462000.0,1310154000.0,212712000.0,1083519000.0,1296231000.0,3392243000.0,172600000.0,156053000.0,156949000.0
KLA-Tencor Corp,KLAC,549300H0BF5JCG96TJ81,319201,2019.0,Q3,2019-01-01,2019-03-31,2020-05-06 16:26:18+00:00,1.23,1.23,0.75,1.23,0.0,28745000.0,192645000.0,192645000.0,192728000.0,-83000.0,486945000.0,1097311000.0,,184887000.0,182184000.0,486945000.0,610366000.0,31187000.0,9282000.0,367071000.0,243295000.0,-21905000.0,221390000.0,1097311000.0,156700000.0,156349000.0,157182000.0
KLA-Tencor Corp,KLAC,549300H0BF5JCG96TJ81,319201,2019.0,Q3YTD,2018-07-01,2019-03-31,,6.21,6.21,2.25,6.19,,107232000.0,957689000.0,957689000.0,957772000.0,-83000.0,1276592000.0,5018535000.0,-1708066000.0,504320000.0,409084000.0,1276592000.0,3741943000.0,84087000.0,28535000.0,913404000.0,2828539000.0,-1763618000.0,1064921000.0,5018535000.0,156700000.0,156349000.0,157182000.0
KLA-Tencor Corp,KLAC,549300H0BF5JCG96TJ81,319201,2019.0,Q3TTM,2018-04-01,2019-03-31,,8.45,8.45,3.59,8.42,,164954000.0,1306456000.0,1306456000.0,1306539000.0,-83000.0,1654158000.0,5212509000.0,-832036000.0,656225000.0,525454000.0,1654158000.0,3558351000.0,112396000.0,39170000.0,1181679000.0,2376672000.0,-905262000.0,1471410000.0,5212509000.0,156700000.0,156349000.0,157182000.0
KLA-Tencor Corp,KLAC,549300H0BF5JCG96TJ81,319201,2019.0,Q2YTD,2018-07-01,2018-12-31,,4.98,4.98,1.5,4.96,,78487000.0,765044000.0,765044000.0,765044000.0,,789647000.0,3921224000.0,-1708066000.0,319433000.0,226900000.0,789647000.0,3131577000.0,52900000.0,19253000.0,546333000.0,2585244000.0,-1741713000.0,843531000.0,3921224000.0,151900000.0,152148000.0,152648000.0
KLA-Tencor Corp,KLAC,549300H0BF5JCG96TJ81,319201,2019.0,Q2TTM,2018-01-01,2018-12-31,,9.18,9.18,3.43,9.14,,195311000.0,1420692000.0,1420692000.0,1420692000.0,,1535569000.0,5136492000.0,-832036000.0,624577000.0,456507000.0,1535569000.0,3600923000.0,109328000.0,37528000.0,1081084000.0,2519839000.0,-903836000.0,1616003000.0,5136492000.0,151900000.0,152148000.0,152648000.0
KLA-Tencor Corp,KLAC,549300H0BF5JCG96TJ81,319201,2019.0,Q1,2018-07-01,2018-09-30,2019-10-31 16:24:48+00:00,2.55,2.55,0.75,2.54,,31624000.0,395944000.0,395944000.0,395944000.0,0.0,381387000.0,829227000.0,264033000.0,153530000.0,114438000.0,381387000.0,447840000.0,26362000.0,10025000.0,267968000.0,179872000.0,247696000.0,427568000.0,829227000.0,155300000.0,155221000.0,156083000.0
KLA-Tencor Corp,KLAC,549300H0BF5JCG96TJ81,319201,2019.0,Q1TTM,2017-10-01,2018-09-30,,5.89,5.89,2.68,5.86,,630074000.0,917273000.0,917273000.0,917273000.0,,1474311000.0,3020317000.0,1140063000.0,615374000.0,449310000.0,1474311000.0,1546006000.0,110162000.0,36124000.0,1064684000.0,481322000.0,1066025000.0,1547347000.0,3020317000.0,155300000.0,155221000.0,156083000.0
KLA-Tencor Corp,KLAC,549300H0BF5JCG96TJ81,319201,2020.0,Q3YTD,2019-07-01,2020-03-31,,5.1,5.1,2.45,5.06,256649000.0,106932000.0,804710000.0,804710000.0,805532000.0,-822000.0,1828017000.0,3991392000.0,355439000.0,646764000.0,566358000.0,1828017000.0,2163375000.0,142591000.0,5190000.0,1469771000.0,693604000.0,218038000.0,911642000.0,3991392000.0,156900000.0,156067000.0,157172000.0
KLA-Tencor Corp,KLAC,549300H0BF5JCG96TJ81,319201,2020.0,Q3,2020-01-01,2020-03-31,2020-05-06 16:26:18+00:00,0.5,0.5,0.85,0.5,256649000.0,37190000.0,78009000.0,78009000.0,78452000.0,-443000.0,590158000.0,1423964000.0,,215433000.0,185760000.0,590158000.0,833806000.0,61769000.0,1004000.0,657842000.0,175964000.0,-60765000.0,115199000.0,1423964000.0,156900000.0,156067000.0,157172000.0
KLA-Tencor Corp,KLAC,549300H0BF5JCG96TJ81,319201,2020.0,Q2YTD,2019-07-01,2019-12-31,,4.6,4.6,1.6,4.56,,69742000.0,726701000.0,726701000.0,727080000.0,-379000.0,1237859000.0,2567428000.0,355439000.0,431331000.0,380598000.0,1237859000.0,1329569000.0,80822000.0,4186000.0,811929000.0,517640000.0,278803000.0,796443000.0,2567428000.0,157300000.0,157290000.0,158620000.0
KLA-Tencor Corp,KLAC,549300H0BF5JCG96TJ81,319201,2020.0,Q2,2019-10-01,2019-12-31,2020-02-05 16:28:28+00:00,2.42,2.42,0.85,2.4,,44622000.0,380305000.0,380305000.0,380555000.0,-250000.0,633618000.0,1509453000.0,,220751000.0,192253000.0,633618000.0,875835000.0,40472000.0,2568000.0,413004000.0,462831000.0,-37904000.0,424927000.0,1509453000.0,157300000.0,157290000.0,158620000.0
KLA-Tencor Corp,KLAC,549300H0BF5JCG96TJ81,319201,2020.0,Q1TTM,2018-10-01,2019-09-30,,6.44,7.16,3.0,7.11,,114710000.0,1125469000.0,1125469000.0,1126198000.0,-729000.0,2092231000.0,3620991000.0,1268067000.0,768080000.0,673031000.0,2092231000.0,1528760000.0,138592000.0,23055000.0,1441111000.0,87649000.0,1152530000.0,1240179000.0,3620991000.0,159000000.0,158697000.0,160131000.0
KLA-Tencor Corp,KLAC,549300H0BF5JCG96TJ81,319201,2020.0,Q1,2019-07-01,2019-09-30,2019-10-31 16:24:48+00:00,2.18,2.18,0.75,2.16,,25120000.0,346396000.0,346396000.0,346525000.0,-129000.0,604241000.0,1057975000.0,355439000.0,210580000.0,188345000.0,604241000.0,453734000.0,40350000.0,1618000.0,398925000.0,54809000.0,316707000.0,371516000.0,1057975000.0,159000000.0,158697000.0,160131000.0
