company_name,company_ticker,company_lei,company_cik,year,quarter,start_date,end_date,filing_date,amortizationexpense,basicdilutedeps,basiceps,cashdividendspershare,dilutedeps,impairmentexpense,incometaxexpense,netincome,netincomecontinuing,netincomediscontinued,netincometocommon,operatingcostofrevenue,operatingrevenue,otherincome,otheroperatingexpenses,rdexpense,restructuringcharge,sgaexpense,totalcostofrevenue,totalgrossprofit,totaloperatingexpenses,totaloperatingincome,totalotherincome,totalpretaxincome,totalrevenue,weightedavebasicdilutedsharesos,weightedavebasicsharesos,weightedavedilutedsharesos
Stryker Corp,SYK,5493002F0SC4JTBU5137,310764,2007.0,FY,2007-01-01,2007-12-31,2010-02-26 16:32:59+00:00,41400000.0,2.48,2.48,0.33,2.44,19800000.0,383400000.0,1017400000.0,986700000.0,30700000.0,1017400000.0,1865200000.0,6000500000.0,62800000.0,,375300000.0,0.0,2391500000.0,1865200000.0,4135300000.0,2828000000.0,1307300000.0,62800000.0,1370100000.0,6000500000.0,410200000.0,410200000.0,417000000.0
Stryker Corp,SYK,5493002F0SC4JTBU5137,310764,2008.0,FY,2008-01-01,2008-12-31,2011-02-18 09:54:01+00:00,40000000.0,2.81,2.81,0.4,2.78,,432400000.0,1147800000.0,1147800000.0,,1147800000.0,2131400000.0,6718200000.0,61200000.0,,367800000.0,34900000.0,2625100000.0,2131400000.0,4586800000.0,3067800000.0,1519000000.0,61200000.0,1580200000.0,6718200000.0,408100000.0,408100000.0,408100000.0
Stryker Corp,SYK,5493002F0SC4JTBU5137,310764,2008.0,Q3,2008-07-01,2008-09-30,2009-11-09 14:36:46+00:00,9800000.0,,0.67,,0.66,,102200000.0,273800000.0,273800000.0,,273800000.0,541700000.0,1653000000.0,11900000.0,,92600000.0,0.0,644800000.0,541700000.0,1111300000.0,747200000.0,364100000.0,11900000.0,376000000.0,1653000000.0,,409700000.0,415800000.0
Stryker Corp,SYK,5493002F0SC4JTBU5137,310764,2008.0,Q2,2008-04-01,2008-06-30,2009-09-03 15:42:27+00:00,10000000.0,0.74,0.74,,0.73,,114300000.0,305800000.0,305800000.0,,305800000.0,533200000.0,1712600000.0,19200000.0,,90300000.0,,678200000.0,533200000.0,1179400000.0,778500000.0,400900000.0,19200000.0,420100000.0,1712600000.0,413200000.0,412000000.0,417900000.0
Stryker Corp,SYK,5493002F0SC4JTBU5137,310764,2009.0,FY,2009-01-01,2009-12-31,2011-02-18 09:54:01+00:00,35500000.0,2.79,2.79,0.25,2.77,,516500000.0,1107400000.0,1107400000.0,,1107400000.0,2183700000.0,6723100000.0,29500000.0,,336200000.0,67000000.0,2506300000.0,2183700000.0,4539400000.0,2945000000.0,1594400000.0,29500000.0,1623900000.0,6723100000.0,397400000.0,397400000.0,397400000.0
Stryker Corp,SYK,5493002F0SC4JTBU5137,310764,2009.0,Q4,2009-10-01,2009-12-31,,8800000.0,2.06,0.77,0.25,0.76,,217100000.0,306000000.0,306000000.0,,306000000.0,593200000.0,1834200000.0,9100000.0,,89500000.0,,628700000.0,593200000.0,1241000000.0,727000000.0,514000000.0,9100000.0,523100000.0,1834200000.0,397400000.0,397400000.0,397400000.0
Stryker Corp,SYK,5493002F0SC4JTBU5137,310764,2009.0,Q3,2009-07-01,2009-09-30,2009-11-09 14:36:46+00:00,8600000.0,,0.58,,0.57,,85400000.0,229000000.0,229000000.0,,229000000.0,538700000.0,1653300000.0,3000000.0,,83700000.0,67000000.0,643900000.0,538700000.0,1114600000.0,803200000.0,311400000.0,3000000.0,314400000.0,1653300000.0,,397600000.0,399600000.0
Stryker Corp,SYK,5493002F0SC4JTBU5137,310764,2009.0,Q3YTD,2009-01-01,2009-09-30,,26700000.0,0.73,2.02,,2.01,,299400000.0,801400000.0,801400000.0,,801400000.0,1590500000.0,4888900000.0,20400000.0,,246700000.0,67000000.0,1877600000.0,1590500000.0,3298400000.0,2218000000.0,1080400000.0,20400000.0,1100800000.0,4888900000.0,,397600000.0,399600000.0
Stryker Corp,SYK,5493002F0SC4JTBU5137,310764,2009.0,Q2,2009-04-01,2009-06-30,2009-09-03 15:42:27+00:00,8500000.0,0.73,0.73,,0.73,,108700000.0,291300000.0,291300000.0,,291300000.0,536300000.0,1634300000.0,10200000.0,,82600000.0,,617100000.0,536300000.0,1098000000.0,708200000.0,389800000.0,10200000.0,400000000.0,1634300000.0,399000000.0,397400000.0,399000000.0
Stryker Corp,SYK,5493002F0SC4JTBU5137,310764,2009.0,Q2YTD,2009-01-01,2009-06-30,,18100000.0,0.73,1.44,,1.44,,214000000.0,572400000.0,572400000.0,,572400000.0,1051800000.0,3235600000.0,17400000.0,,163000000.0,,1233700000.0,1051800000.0,2183800000.0,1414800000.0,769000000.0,17400000.0,786400000.0,3235600000.0,399000000.0,397400000.0,399000000.0
Stryker Corp,SYK,5493002F0SC4JTBU5137,310764,2009.0,Q1,2009-01-01,2009-03-31,2010-04-29 09:20:58+00:00,9600000.0,,0.71,,0.71,,105300000.0,281100000.0,281100000.0,,281100000.0,515500000.0,1601300000.0,7200000.0,,80400000.0,,616600000.0,515500000.0,1085800000.0,706600000.0,379200000.0,7200000.0,386400000.0,1601300000.0,,396700000.0,398600000.0
Stryker Corp,SYK,5493002F0SC4JTBU5137,310764,2010.0,Q4,2010-10-01,2010-12-31,,15700000.0,1.56,0.75,0.48,0.74,124000000.0,84100000.0,294600000.0,294600000.0,,294600000.0,624500000.0,1995100000.0,-7300000.0,,110800000.0,,734100000.0,624500000.0,1370600000.0,984600000.0,386000000.0,-7300000.0,378700000.0,1995100000.0,396600000.0,396400000.0,399500000.0
Stryker Corp,SYK,5493002F0SC4JTBU5137,310764,2010.0,FY,2010-01-01,2010-12-31,2013-02-27 17:24:58+00:00,58000000.0,3.21,3.21,0.63,3.19,124000000.0,456000000.0,1273000000.0,1273000000.0,,1273000000.0,2286000000.0,7320000000.0,-22000000.0,,394000000.0,,2707000000.0,2286000000.0,5034000000.0,3283000000.0,1751000000.0,-22000000.0,1729000000.0,7320000000.0,396600000.0,396400000.0,399500000.0
Stryker Corp,SYK,5493002F0SC4JTBU5137,310764,2010.0,Q3,2010-07-01,2010-09-30,2010-11-04 15:42:51+00:00,14400000.0,0.85,0.85,0.15,0.85,,124200000.0,337700000.0,337700000.0,,337700000.0,540800000.0,1767600000.0,-8600000.0,,98600000.0,,643300000.0,540800000.0,1226800000.0,756300000.0,470500000.0,-8600000.0,461900000.0,1767600000.0,397300000.0,397000000.0,398100000.0
Stryker Corp,SYK,5493002F0SC4JTBU5137,310764,2010.0,Q3YTD,2010-01-01,2010-09-30,,42300000.0,1.65,2.46,0.15,2.45,,371900000.0,978400000.0,978400000.0,,978400000.0,1661500000.0,5324900000.0,-14700000.0,,283200000.0,,1972900000.0,1661500000.0,3663400000.0,2298400000.0,1365000000.0,-14700000.0,1350300000.0,5324900000.0,397300000.0,397000000.0,398100000.0
Stryker Corp,SYK,5493002F0SC4JTBU5137,310764,2010.0,Q3TTM,2009-10-01,2010-09-30,,51100000.0,3.71,3.23,0.4,3.21,,589000000.0,1284400000.0,1284400000.0,,1284400000.0,2254700000.0,7159100000.0,-5600000.0,,372700000.0,,2601600000.0,2254700000.0,4904400000.0,3025400000.0,1879000000.0,-5600000.0,1873400000.0,7159100000.0,397300000.0,397000000.0,398100000.0
Stryker Corp,SYK,5493002F0SC4JTBU5137,310764,2010.0,Q2,2010-04-01,2010-06-30,2010-08-09 10:35:14+00:00,14400000.0,0.8,0.8,,0.8,,123600000.0,319000000.0,319000000.0,,319000000.0,539300000.0,1758200000.0,-5500000.0,,94600000.0,,661800000.0,539300000.0,1218900000.0,770800000.0,448100000.0,-5500000.0,442600000.0,1758200000.0,398800000.0,396900000.0,399200000.0
Stryker Corp,SYK,5493002F0SC4JTBU5137,310764,2010.0,Q2YTD,2010-01-01,2010-06-30,,27900000.0,0.8,1.61,,1.6,,247700000.0,640700000.0,640700000.0,,640700000.0,1120700000.0,3557300000.0,-6100000.0,,184600000.0,,1329600000.0,1120700000.0,2436600000.0,1542100000.0,894500000.0,-6100000.0,888400000.0,3557300000.0,398800000.0,396900000.0,399200000.0
Stryker Corp,SYK,5493002F0SC4JTBU5137,310764,2010.0,Q2TTM,2009-07-01,2010-06-30,,45300000.0,2.86,2.96,0.25,2.93,,550200000.0,1175700000.0,1175700000.0,,1175700000.0,2252600000.0,7044800000.0,6000000.0,,357800000.0,67000000.0,2602200000.0,2252600000.0,4792200000.0,3072300000.0,1719900000.0,6000000.0,1725900000.0,7044800000.0,398800000.0,396900000.0,399200000.0
Stryker Corp,SYK,5493002F0SC4JTBU5137,310764,2010.0,Q1,2010-01-01,2010-03-31,2010-04-29 09:20:58+00:00,13500000.0,,0.81,,0.8,,124100000.0,321700000.0,321700000.0,,321700000.0,581400000.0,1799100000.0,-600000.0,,90000000.0,,667800000.0,581400000.0,1217700000.0,771300000.0,446400000.0,-600000.0,445800000.0,1799100000.0,,397200000.0,400100000.0
Stryker Corp,SYK,5493002F0SC4JTBU5137,310764,2010.0,Q1TTM,2009-04-01,2010-03-31,,39400000.0,2.79,2.89,0.25,2.86,,535300000.0,1148000000.0,1148000000.0,,1148000000.0,2249600000.0,6920900000.0,21700000.0,,345800000.0,67000000.0,2557500000.0,2249600000.0,4671300000.0,3009700000.0,1661600000.0,21700000.0,1683300000.0,6920900000.0,,397200000.0,400100000.0
Stryker Corp,SYK,5493002F0SC4JTBU5137,310764,2011.0,Q4,2011-10-01,2011-12-31,,32200000.0,1.04,1.04,-179999.43,1.04,,31700000.0,401500000.0,401500000.0,,401500000.0,740300000.0,2215300000.0,15000000.0,,114600000.0,76000000.0,834000000.0,740300000.0,1475000000.0,1056800000.0,418200000.0,15000000.0,433200000.0,2215300000.0,386500000.0,386500000.0,389500000.0
Stryker Corp,SYK,5493002F0SC4JTBU5137,310764,2011.0,FY,2011-01-01,2011-12-31,2014-02-13 16:58:56+00:00,122000000.0,3.48,3.48,0.7525,3.45,,341000000.0,1345000000.0,1345000000.0,,1345000000.0,2811000000.0,8307000000.0,,,462000000.0,76000000.0,3150000000.0,2811000000.0,5496000000.0,3810000000.0,1686000000.0,,1686000000.0,8307000000.0,386500000.0,386500000.0,389500000.0
Stryker Corp,SYK,5493002F0SC4JTBU5137,310764,2011.0,Q3,2011-07-01,2011-09-30,2011-10-28 09:37:54+00:00,31000000.0,0.85,0.85,180000.0,0.84,,104000000.0,327000000.0,327000000.0,,327000000.0,669000000.0,2031000000.0,-13000000.0,,122000000.0,,765000000.0,669000000.0,1362000000.0,918000000.0,444000000.0,-13000000.0,431000000.0,2031000000.0,384700000.0,386000000.0,388000000.0
Stryker Corp,SYK,5493002F0SC4JTBU5137,310764,2011.0,Q3YTD,2011-01-01,2011-09-30,,89800000.0,2.44,2.44,180000.18,2.41,,309300000.0,943500000.0,943500000.0,,943500000.0,2070700000.0,6091700000.0,-15000000.0,,347400000.0,,2316000000.0,2070700000.0,4021000000.0,2753200000.0,1267800000.0,-15000000.0,1252800000.0,6091700000.0,384700000.0,386000000.0,388000000.0
Stryker Corp,SYK,5493002F0SC4JTBU5137,310764,2011.0,Q3TTM,2010-10-01,2011-09-30,,105500000.0,4.0,3.19,180000.66,3.15,124000000.0,393400000.0,1238100000.0,1238100000.0,,1238100000.0,2695200000.0,8086800000.0,-22300000.0,,458200000.0,,3050100000.0,2695200000.0,5391600000.0,3737800000.0,1653800000.0,-22300000.0,1631500000.0,8086800000.0,384700000.0,386000000.0,388000000.0
Stryker Corp,SYK,5493002F0SC4JTBU5137,310764,2011.0,Q2,2011-04-01,2011-06-30,2011-07-28 09:14:12+00:00,32100000.0,0.8,0.8,,0.79,,100900000.0,309100000.0,309100000.0,,309100000.0,712800000.0,2045500000.0,9700000.0,,114500000.0,,785800000.0,712800000.0,1332700000.0,932400000.0,400300000.0,9700000.0,410000000.0,2045500000.0,386400000.0,388200000.0,392000000.0
Stryker Corp,SYK,5493002F0SC4JTBU5137,310764,2011.0,Q2YTD,2011-01-01,2011-06-30,,58800000.0,1.59,1.59,0.18,1.57,,205300000.0,616500000.0,616500000.0,,616500000.0,1401700000.0,4060700000.0,-2000000.0,,225400000.0,,1551000000.0,1401700000.0,2659000000.0,1835200000.0,823800000.0,-2000000.0,821800000.0,4060700000.0,386400000.0,388200000.0,392000000.0
Stryker Corp,SYK,5493002F0SC4JTBU5137,310764,2011.0,Q2TTM,2010-07-01,2011-06-30,,88900000.0,4.0,3.19,0.81,3.16,124000000.0,413600000.0,1248800000.0,1248800000.0,,1248800000.0,2567000000.0,7823400000.0,-17900000.0,,434800000.0,,2928400000.0,2567000000.0,5256400000.0,3576100000.0,1680300000.0,-17900000.0,1662400000.0,7823400000.0,386400000.0,388200000.0,392000000.0
Stryker Corp,SYK,5493002F0SC4JTBU5137,310764,2011.0,Q1,2011-01-01,2011-03-31,2011-05-04 09:40:00+00:00,26700000.0,0.79,0.79,0.18,0.78,,104400000.0,307400000.0,307400000.0,,307400000.0,688900000.0,2015200000.0,-11700000.0,,110900000.0,,765200000.0,688900000.0,1326300000.0,902800000.0,423500000.0,-11700000.0,411800000.0,2015200000.0,389100000.0,390000000.0,394200000.0
Stryker Corp,SYK,5493002F0SC4JTBU5137,310764,2011.0,Q1TTM,2010-04-01,2011-03-31,,71200000.0,4.0,3.19,0.81,3.17,124000000.0,436300000.0,1258700000.0,1258700000.0,,1258700000.0,2393500000.0,7536100000.0,-33100000.0,,414900000.0,,2804400000.0,2393500000.0,5142600000.0,3414500000.0,1728100000.0,-33100000.0,1695000000.0,7536100000.0,389100000.0,390000000.0,394200000.0
Stryker Corp,SYK,5493002F0SC4JTBU5137,310764,2012.0,Q4,2012-10-01,2012-12-31,,31000000.0,0.71,0.71,0.26,0.71,,88000000.0,270000000.0,270000000.0,,270000000.0,745000000.0,2338000000.0,-12000000.0,129000000.0,129000000.0,,934000000.0,745000000.0,1593000000.0,1223000000.0,370000000.0,-12000000.0,358000000.0,2338000000.0,380600000.0,380600000.0,383000000.0
Stryker Corp,SYK,5493002F0SC4JTBU5137,310764,2012.0,FY,2012-01-01,2012-12-31,2015-02-12 17:11:41+00:00,123000000.0,3.41,3.41,0.9025,3.39,,407000000.0,1298000000.0,1298000000.0,,1298000000.0,2781000000.0,8657000000.0,-36000000.0,174000000.0,471000000.0,,3367000000.0,2781000000.0,5876000000.0,4135000000.0,1741000000.0,-36000000.0,1705000000.0,8657000000.0,380600000.0,380600000.0,383000000.0
Stryker Corp,SYK,5493002F0SC4JTBU5137,310764,2012.0,Q3,2012-07-01,2012-09-30,2012-10-22 17:10:52+00:00,30000000.0,0.93,0.93,0.2125,0.92,,91000000.0,353000000.0,353000000.0,,353000000.0,655000000.0,2052000000.0,-6000000.0,12000000.0,114000000.0,,791000000.0,655000000.0,1397000000.0,947000000.0,450000000.0,-6000000.0,444000000.0,2052000000.0,379600000.0,380200000.0,382500000.0
Stryker Corp,SYK,5493002F0SC4JTBU5137,310764,2012.0,Q3YTD,2012-01-01,2012-09-30,,92000000.0,2.7,2.7,0.64,2.68,,319000000.0,1028000000.0,1028000000.0,,1028000000.0,2036000000.0,6319000000.0,-24000000.0,45000000.0,342000000.0,,2433000000.0,2036000000.0,4283000000.0,2912000000.0,1371000000.0,-24000000.0,1347000000.0,6319000000.0,379600000.0,380200000.0,382500000.0
Stryker Corp,SYK,5493002F0SC4JTBU5137,310764,2012.0,Q3TTM,2011-10-01,2012-09-30,,124200000.0,3.74,3.74,-179998.79,3.72,,350700000.0,1429500000.0,1429500000.0,,1429500000.0,2776300000.0,8534300000.0,-9000000.0,45000000.0,456600000.0,76000000.0,3267000000.0,2776300000.0,5758000000.0,3968800000.0,1789200000.0,-9000000.0,1780200000.0,8534300000.0,379600000.0,380200000.0,382500000.0
Stryker Corp,SYK,5493002F0SC4JTBU5137,310764,2012.0,Q2,2012-04-01,2012-06-30,2012-07-24 15:17:51+00:00,31000000.0,0.85,0.85,0.2125,0.85,,110000000.0,325000000.0,325000000.0,,325000000.0,672000000.0,2106000000.0,-10000000.0,19000000.0,116000000.0,,823000000.0,672000000.0,1434000000.0,989000000.0,445000000.0,-10000000.0,435000000.0,2106000000.0,382400000.0,381000000.0,383300000.0
Stryker Corp,SYK,5493002F0SC4JTBU5137,310764,2012.0,Q2YTD,2012-01-01,2012-06-30,,62000000.0,1.77,1.77,0.43,1.76,,228000000.0,675000000.0,675000000.0,,675000000.0,1381000000.0,4267000000.0,-18000000.0,33000000.0,228000000.0,,1642000000.0,1381000000.0,2886000000.0,1965000000.0,921000000.0,-18000000.0,903000000.0,4267000000.0,382400000.0,381000000.0,383300000.0
Stryker Corp,SYK,5493002F0SC4JTBU5137,310764,2012.0,Q2TTM,2011-07-01,2012-06-30,,125200000.0,3.66,3.66,1.0,3.64,,363700000.0,1403500000.0,1403500000.0,,1403500000.0,2790300000.0,8513300000.0,-16000000.0,33000000.0,464600000.0,76000000.0,3241000000.0,2790300000.0,5723000000.0,3939800000.0,1783200000.0,-16000000.0,1767200000.0,8513300000.0,382400000.0,381000000.0,383300000.0
Stryker Corp,SYK,5493002F0SC4JTBU5137,310764,2012.0,Q1,2012-01-01,2012-03-31,2012-04-24 13:30:46+00:00,31000000.0,0.92,0.92,0.2125,0.91,,118000000.0,350000000.0,350000000.0,,350000000.0,709000000.0,2161000000.0,-8000000.0,14000000.0,112000000.0,,819000000.0,709000000.0,1452000000.0,976000000.0,476000000.0,-8000000.0,468000000.0,2161000000.0,380400000.0,381000000.0,383800000.0
Stryker Corp,SYK,5493002F0SC4JTBU5137,310764,2012.0,Q1TTM,2011-04-01,2012-03-31,,126300000.0,3.61,3.61,0.78,3.58,,354600000.0,1387600000.0,1387600000.0,,1387600000.0,2831100000.0,8452800000.0,3700000.0,14000000.0,463100000.0,76000000.0,3203800000.0,2831100000.0,5621700000.0,3883200000.0,1738500000.0,3700000.0,1742200000.0,8452800000.0,380400000.0,381000000.0,383800000.0
Stryker Corp,SYK,5493002F0SC4JTBU5137,310764,2013.0,Q4,2013-10-01,2013-12-31,,36000000.0,1.03,1.03,0.57,1.01,,45000000.0,386000000.0,386000000.0,,386000000.0,852000000.0,2468000000.0,1000000.0,622000000.0,139000000.0,-36000000.0,425000000.0,852000000.0,1616000000.0,1186000000.0,430000000.0,1000000.0,431000000.0,2468000000.0,378200000.0,378600000.0,382100000.0
Stryker Corp,SYK,5493002F0SC4JTBU5137,310764,2013.0,FY,2013-01-01,2013-12-31,2015-02-12 17:11:41+00:00,138000000.0,2.66,2.66,1.1,2.63,,206000000.0,1006000000.0,1006000000.0,,1006000000.0,2977000000.0,9021000000.0,-44000000.0,622000000.0,536000000.0,,3492000000.0,2977000000.0,6044000000.0,4788000000.0,1256000000.0,-44000000.0,1212000000.0,9021000000.0,378200000.0,378600000.0,382100000.0
Stryker Corp,SYK,5493002F0SC4JTBU5137,310764,2013.0,Q3,2013-07-01,2013-09-30,2013-10-23 15:59:26+00:00,34000000.0,0.27,0.27,0.265,0.27,,34000000.0,103000000.0,103000000.0,,103000000.0,682000000.0,2151000000.0,-13000000.0,,136000000.0,13000000.0,1136000000.0,682000000.0,1469000000.0,1319000000.0,150000000.0,-13000000.0,137000000.0,2151000000.0,381500000.0,378300000.0,381700000.0
Stryker Corp,SYK,5493002F0SC4JTBU5137,310764,2013.0,Q3YTD,2013-01-01,2013-09-30,,102000000.0,1.63,1.63,0.53,1.62,,161000000.0,620000000.0,620000000.0,,620000000.0,2125000000.0,6553000000.0,-45000000.0,,397000000.0,36000000.0,3067000000.0,2125000000.0,4428000000.0,3602000000.0,826000000.0,-45000000.0,781000000.0,6553000000.0,381500000.0,378300000.0,381700000.0
Stryker Corp,SYK,5493002F0SC4JTBU5137,310764,2013.0,Q3TTM,2012-10-01,2013-09-30,,133000000.0,2.34,2.34,0.8,2.33,,249000000.0,890000000.0,890000000.0,,890000000.0,2870000000.0,8891000000.0,-57000000.0,129000000.0,526000000.0,36000000.0,4001000000.0,2870000000.0,6021000000.0,4825000000.0,1196000000.0,-57000000.0,1139000000.0,8891000000.0,381500000.0,378300000.0,381700000.0
Stryker Corp,SYK,5493002F0SC4JTBU5137,310764,2013.0,Q2,2013-04-01,2013-06-30,2013-07-23 10:33:08+00:00,36000000.0,0.56,0.56,,0.56,,56000000.0,213000000.0,213000000.0,,213000000.0,730000000.0,2212000000.0,-21000000.0,,132000000.0,9000000.0,1015000000.0,730000000.0,1482000000.0,1192000000.0,290000000.0,-21000000.0,269000000.0,2212000000.0,380400000.0,378000000.0,381000000.0
Stryker Corp,SYK,5493002F0SC4JTBU5137,310764,2013.0,Q2YTD,2013-01-01,2013-06-30,,68000000.0,1.36,1.36,0.27,1.35,,127000000.0,517000000.0,517000000.0,,517000000.0,1443000000.0,4402000000.0,-32000000.0,,261000000.0,23000000.0,1931000000.0,1443000000.0,2959000000.0,2283000000.0,676000000.0,-32000000.0,644000000.0,4402000000.0,380400000.0,378000000.0,381000000.0
Stryker Corp,SYK,5493002F0SC4JTBU5137,310764,2013.0,Q2TTM,2012-07-01,2013-06-30,,129000000.0,3.0,3.0,0.74,2.98,,306000000.0,1140000000.0,1140000000.0,,1140000000.0,2843000000.0,8792000000.0,-50000000.0,141000000.0,504000000.0,23000000.0,3656000000.0,2843000000.0,5949000000.0,4453000000.0,1496000000.0,-50000000.0,1446000000.0,8792000000.0,380400000.0,378000000.0,381000000.0
Stryker Corp,SYK,5493002F0SC4JTBU5137,310764,2013.0,Q1,2013-01-01,2013-03-31,2013-04-30 10:25:15+00:00,32000000.0,0.8,0.8,0.265,0.79,,71000000.0,304000000.0,304000000.0,,304000000.0,713000000.0,2190000000.0,-11000000.0,,129000000.0,14000000.0,916000000.0,713000000.0,1477000000.0,1091000000.0,386000000.0,-11000000.0,375000000.0,2190000000.0,380000000.0,379700000.0,383000000.0
Stryker Corp,SYK,5493002F0SC4JTBU5137,310764,2013.0,Q1TTM,2012-04-01,2013-03-31,,124000000.0,3.29,3.29,0.96,3.27,,360000000.0,1252000000.0,1252000000.0,,1252000000.0,2785000000.0,8686000000.0,-39000000.0,160000000.0,488000000.0,14000000.0,3464000000.0,2785000000.0,5901000000.0,4250000000.0,1651000000.0,-39000000.0,1612000000.0,8686000000.0,380000000.0,379700000.0,383000000.0
Stryker Corp,SYK,5493002F0SC4JTBU5137,310764,2014.0,FY,2014-01-01,2014-12-31,2017-02-09 16:56:14+00:00,188000000.0,1.36,1.36,1.26,1.34,,645000000.0,515000000.0,515000000.0,,515000000.0,3319000000.0,9675000000.0,-86000000.0,761000000.0,614000000.0,,3547000000.0,3319000000.0,6356000000.0,5110000000.0,1246000000.0,-86000000.0,1160000000.0,9675000000.0,378700000.0,378500000.0,382800000.0
Stryker Corp,SYK,5493002F0SC4JTBU5137,310764,2014.0,Q4,2014-10-01,2014-12-31,,46000000.0,0.67,0.67,0.96,0.67,,201000000.0,260000000.0,260000000.0,,260000000.0,913000000.0,2618000000.0,-7000000.0,485000000.0,153000000.0,-9000000.0,562000000.0,913000000.0,1705000000.0,1237000000.0,468000000.0,-7000000.0,461000000.0,2618000000.0,378700000.0,378500000.0,382800000.0
Stryker Corp,SYK,5493002F0SC4JTBU5137,310764,2014.0,Q3,2014-07-01,2014-09-30,2014-10-23 14:23:55+00:00,50000000.0,0.16,0.16,,0.16,,368000000.0,57000000.0,57000000.0,,57000000.0,822000000.0,2389000000.0,-25000000.0,,153000000.0,4000000.0,910000000.0,822000000.0,1567000000.0,1117000000.0,450000000.0,-25000000.0,425000000.0,2389000000.0,356300000.0,378400000.0,382500000.0
Stryker Corp,SYK,5493002F0SC4JTBU5137,310764,2014.0,Q3YTD,2014-01-01,2014-09-30,,142000000.0,0.69,0.69,0.31,0.67,,444000000.0,255000000.0,255000000.0,,255000000.0,2406000000.0,7057000000.0,-79000000.0,276000000.0,461000000.0,9000000.0,2985000000.0,2406000000.0,4651000000.0,3873000000.0,778000000.0,-79000000.0,699000000.0,7057000000.0,356300000.0,378400000.0,382500000.0
Stryker Corp,SYK,5493002F0SC4JTBU5137,310764,2014.0,Q3TTM,2013-10-01,2014-09-30,,178000000.0,1.72,1.72,0.88,1.68,,489000000.0,641000000.0,641000000.0,,641000000.0,3258000000.0,9525000000.0,-78000000.0,898000000.0,600000000.0,-27000000.0,3410000000.0,3258000000.0,6267000000.0,5059000000.0,1208000000.0,-78000000.0,1130000000.0,9525000000.0,356300000.0,378400000.0,382500000.0
Stryker Corp,SYK,5493002F0SC4JTBU5137,310764,2014.0,Q2YTD,2014-01-01,2014-06-30,,92000000.0,0.53,0.53,0.31,0.51,,76000000.0,198000000.0,198000000.0,,198000000.0,1584000000.0,4668000000.0,-54000000.0,276000000.0,308000000.0,5000000.0,2075000000.0,1584000000.0,3084000000.0,2756000000.0,328000000.0,-54000000.0,274000000.0,4668000000.0,376500000.0,378800000.0,382700000.0
Stryker Corp,SYK,5493002F0SC4JTBU5137,310764,2014.0,Q2TTM,2013-07-01,2014-06-30,,162000000.0,1.83,1.83,1.14,1.79,,155000000.0,687000000.0,687000000.0,,687000000.0,3118000000.0,9287000000.0,-66000000.0,898000000.0,583000000.0,-18000000.0,3636000000.0,3118000000.0,6169000000.0,5261000000.0,908000000.0,-66000000.0,842000000.0,9287000000.0,376500000.0,378800000.0,382700000.0
Stryker Corp,SYK,5493002F0SC4JTBU5137,310764,2014.0,Q2,2014-04-01,2014-06-30,2015-07-29 16:43:36+00:00,47000000.0,0.34,0.34,,0.33,,39000000.0,128000000.0,128000000.0,,128000000.0,815000000.0,2363000000.0,-30000000.0,276000000.0,158000000.0,,870000000.0,815000000.0,1548000000.0,1351000000.0,197000000.0,-30000000.0,167000000.0,2363000000.0,376500000.0,378800000.0,382700000.0
Stryker Corp,SYK,5493002F0SC4JTBU5137,310764,2014.0,Q1,2014-01-01,2014-03-31,2014-04-24 15:20:34+00:00,45000000.0,0.19,0.19,0.305,0.18,,37000000.0,70000000.0,70000000.0,,70000000.0,769000000.0,2305000000.0,-24000000.0,,150000000.0,5000000.0,1205000000.0,769000000.0,1536000000.0,1405000000.0,131000000.0,-24000000.0,107000000.0,2305000000.0,368400000.0,378200000.0,382600000.0
Stryker Corp,SYK,5493002F0SC4JTBU5137,310764,2014.0,Q1TTM,2013-04-01,2014-03-31,,151000000.0,2.05,2.05,1.14,2.02,,172000000.0,772000000.0,772000000.0,,772000000.0,3033000000.0,9136000000.0,-57000000.0,622000000.0,557000000.0,-9000000.0,3781000000.0,3033000000.0,6103000000.0,5102000000.0,1001000000.0,-57000000.0,944000000.0,9136000000.0,368400000.0,378200000.0,382600000.0
Stryker Corp,SYK,5493002F0SC4JTBU5137,310764,2015.0,FY,2015-01-01,2015-12-31,2018-02-08 16:54:05+00:00,210000000.0,3.82,3.82,,3.78,,296000000.0,1439000000.0,1439000000.0,,1439000000.0,3344000000.0,9946000000.0,-126000000.0,296000000.0,625000000.0,,3610000000.0,3344000000.0,6602000000.0,4741000000.0,1861000000.0,-126000000.0,1735000000.0,9946000000.0,376700000.0,376600000.0,380900000.0
Stryker Corp,SYK,5493002F0SC4JTBU5137,310764,2015.0,Q4,2015-10-01,2015-12-31,,58000000.0,1.39,1.39,,1.38,,90000000.0,522000000.0,522000000.0,,522000000.0,895000000.0,2715000000.0,-36000000.0,-20000000.0,164000000.0,,970000000.0,895000000.0,1820000000.0,1172000000.0,648000000.0,-36000000.0,612000000.0,2715000000.0,376700000.0,376600000.0,380900000.0
Stryker Corp,SYK,5493002F0SC4JTBU5137,310764,2015.0,Q3,2015-07-01,2015-09-30,2016-10-28 15:04:55+00:00,54000000.0,0.8,0.8,,0.79,,44000000.0,301000000.0,301000000.0,,301000000.0,796000000.0,2420000000.0,-33000000.0,150000000.0,155000000.0,,887000000.0,796000000.0,1624000000.0,1246000000.0,378000000.0,-33000000.0,345000000.0,2420000000.0,376300000.0,376300000.0,380700000.0
Stryker Corp,SYK,5493002F0SC4JTBU5137,310764,2015.0,Q3YTD,2015-01-01,2015-09-30,,152000000.0,2.43,2.43,,2.4,,206000000.0,917000000.0,917000000.0,,917000000.0,2449000000.0,7231000000.0,-90000000.0,316000000.0,461000000.0,,2640000000.0,2449000000.0,4782000000.0,3569000000.0,1213000000.0,-90000000.0,1123000000.0,7231000000.0,376300000.0,376300000.0,380700000.0
Stryker Corp,SYK,5493002F0SC4JTBU5137,310764,2015.0,Q3TTM,2014-10-01,2015-09-30,,198000000.0,3.1,3.1,0.96,3.07,,407000000.0,1177000000.0,1177000000.0,,1177000000.0,3362000000.0,9849000000.0,-97000000.0,801000000.0,614000000.0,-9000000.0,3202000000.0,3362000000.0,6487000000.0,4806000000.0,1681000000.0,-97000000.0,1584000000.0,9849000000.0,376300000.0,376300000.0,380700000.0
Stryker Corp,SYK,5493002F0SC4JTBU5137,310764,2015.0,Q2,2015-04-01,2015-06-30,2016-07-22 14:26:11+00:00,49000000.0,1.04,1.04,,1.03,,9000000.0,392000000.0,392000000.0,,392000000.0,827000000.0,2432000000.0,-28000000.0,112000000.0,154000000.0,,861000000.0,827000000.0,1605000000.0,1176000000.0,429000000.0,-28000000.0,401000000.0,2432000000.0,376900000.0,377000000.0,381100000.0
Stryker Corp,SYK,5493002F0SC4JTBU5137,310764,2015.0,Q2YTD,2015-01-01,2015-06-30,,98000000.0,1.63,1.63,,1.61,,162000000.0,616000000.0,616000000.0,,616000000.0,1653000000.0,4811000000.0,-57000000.0,166000000.0,306000000.0,,1753000000.0,1653000000.0,3158000000.0,2323000000.0,835000000.0,-57000000.0,778000000.0,4811000000.0,376900000.0,377000000.0,381100000.0
Stryker Corp,SYK,5493002F0SC4JTBU5137,310764,2015.0,Q2TTM,2014-07-01,2015-06-30,,194000000.0,2.46,2.46,0.96,2.44,,731000000.0,933000000.0,933000000.0,,933000000.0,3388000000.0,9818000000.0,-89000000.0,651000000.0,612000000.0,-5000000.0,3225000000.0,3388000000.0,6430000000.0,4677000000.0,1753000000.0,-89000000.0,1664000000.0,9818000000.0,376900000.0,377000000.0,381100000.0
Stryker Corp,SYK,5493002F0SC4JTBU5137,310764,2015.0,Q1,2015-01-01,2015-03-31,2016-04-22 17:00:49+00:00,49000000.0,0.59,0.59,,0.58,,153000000.0,224000000.0,224000000.0,,224000000.0,826000000.0,2379000000.0,-29000000.0,54000000.0,152000000.0,,892000000.0,826000000.0,1553000000.0,1147000000.0,406000000.0,-29000000.0,377000000.0,2379000000.0,379700000.0,378900000.0,383500000.0
Stryker Corp,SYK,5493002F0SC4JTBU5137,310764,2015.0,Q1TTM,2014-04-01,2015-03-31,,192000000.0,1.76,1.76,0.96,1.74,,761000000.0,669000000.0,669000000.0,,669000000.0,3376000000.0,9749000000.0,-91000000.0,815000000.0,616000000.0,-5000000.0,3234000000.0,3376000000.0,6373000000.0,4852000000.0,1521000000.0,-91000000.0,1430000000.0,9749000000.0,379700000.0,378900000.0,383500000.0
Stryker Corp,SYK,5493002F0SC4JTBU5137,310764,2016.0,FY,2016-01-01,2016-12-31,2019-02-07 09:31:07+00:00,319000000.0,4.4,4.4,,4.35,,274000000.0,1647000000.0,1647000000.0,,1647000000.0,3821000000.0,11325000000.0,-254000000.0,158000000.0,715000000.0,,4137000000.0,3821000000.0,7504000000.0,5329000000.0,2175000000.0,-254000000.0,1921000000.0,11325000000.0,374300000.0,374100000.0,378500000.0
Stryker Corp,SYK,5493002F0SC4JTBU5137,310764,2016.0,Q4,2016-10-01,2016-12-31,,89000000.0,1.35,1.35,,1.34,,78000000.0,510000000.0,510000000.0,,510000000.0,1062000000.0,3157000000.0,-82000000.0,54000000.0,189000000.0,,1093000000.0,1062000000.0,2095000000.0,1425000000.0,670000000.0,-82000000.0,588000000.0,3157000000.0,374300000.0,374100000.0,378500000.0
Stryker Corp,SYK,5493002F0SC4JTBU5137,310764,2016.0,Q3,2016-07-01,2016-09-30,2017-10-27 14:47:26+00:00,89000000.0,0.95,0.95,,0.94,,64000000.0,355000000.0,355000000.0,,355000000.0,960000000.0,2833000000.0,-67000000.0,57000000.0,184000000.0,,1057000000.0,960000000.0,1873000000.0,1387000000.0,486000000.0,-67000000.0,419000000.0,2833000000.0,373700000.0,374400000.0,379000000.0
Stryker Corp,SYK,5493002F0SC4JTBU5137,310764,2016.0,Q3YTD,2016-01-01,2016-09-30,,230000000.0,3.05,3.05,,3.01,,196000000.0,1137000000.0,1137000000.0,,1137000000.0,2759000000.0,8168000000.0,-172000000.0,104000000.0,526000000.0,,3044000000.0,2759000000.0,5409000000.0,3904000000.0,1505000000.0,-172000000.0,1333000000.0,8168000000.0,373700000.0,374400000.0,379000000.0
Stryker Corp,SYK,5493002F0SC4JTBU5137,310764,2016.0,Q3TTM,2015-10-01,2016-09-30,,288000000.0,4.44,4.44,,4.39,,286000000.0,1659000000.0,1659000000.0,,1659000000.0,3654000000.0,10883000000.0,-208000000.0,84000000.0,690000000.0,,4014000000.0,3654000000.0,7229000000.0,5076000000.0,2153000000.0,-208000000.0,1945000000.0,10883000000.0,373700000.0,374400000.0,379000000.0
Stryker Corp,SYK,5493002F0SC4JTBU5137,310764,2016.0,Q2,2016-04-01,2016-06-30,2017-07-28 13:33:14+00:00,88000000.0,1.02,1.02,,1.0,,53000000.0,380000000.0,380000000.0,,380000000.0,998000000.0,2840000000.0,-67000000.0,28000000.0,183000000.0,,1043000000.0,998000000.0,1842000000.0,1342000000.0,500000000.0,-67000000.0,433000000.0,2840000000.0,372500000.0,374200000.0,378500000.0
Stryker Corp,SYK,5493002F0SC4JTBU5137,310764,2016.0,Q2YTD,2016-01-01,2016-06-30,,141000000.0,2.1,2.1,,2.07,,132000000.0,782000000.0,782000000.0,,782000000.0,1799000000.0,5335000000.0,-105000000.0,47000000.0,342000000.0,,1987000000.0,1799000000.0,3536000000.0,2517000000.0,1019000000.0,-105000000.0,914000000.0,5335000000.0,372500000.0,374200000.0,378500000.0
Stryker Corp,SYK,5493002F0SC4JTBU5137,310764,2016.0,Q2TTM,2015-07-01,2016-06-30,,253000000.0,4.29,4.29,,4.24,,266000000.0,1605000000.0,1605000000.0,,1605000000.0,3490000000.0,10470000000.0,-174000000.0,177000000.0,661000000.0,,3844000000.0,3490000000.0,6980000000.0,4935000000.0,2045000000.0,-174000000.0,1871000000.0,10470000000.0,372500000.0,374200000.0,378500000.0
Stryker Corp,SYK,5493002F0SC4JTBU5137,310764,2016.0,Q1,2016-01-01,2016-03-31,2017-04-27 15:16:17+00:00,53000000.0,1.08,1.08,,1.07,,79000000.0,402000000.0,402000000.0,,402000000.0,801000000.0,2495000000.0,-38000000.0,19000000.0,159000000.0,,944000000.0,801000000.0,1694000000.0,1175000000.0,519000000.0,-38000000.0,481000000.0,2495000000.0,372200000.0,373200000.0,377400000.0
Stryker Corp,SYK,5493002F0SC4JTBU5137,310764,2016.0,Q1TTM,2015-04-01,2016-03-31,,214000000.0,4.31,4.31,,4.27,,222000000.0,1617000000.0,1617000000.0,,1617000000.0,3319000000.0,10062000000.0,-135000000.0,261000000.0,632000000.0,,3662000000.0,3319000000.0,6743000000.0,4769000000.0,1974000000.0,-135000000.0,1839000000.0,10062000000.0,372200000.0,373200000.0,377400000.0
Stryker Corp,SYK,5493002F0SC4JTBU5137,310764,2017.0,FY,2017-01-01,2017-12-31,2020-02-06 10:12:26+00:00,371000000.0,2.73,2.73,1.745,2.68,,1043000000.0,1020000000.0,1020000000.0,,1020000000.0,4264000000.0,12444000000.0,-234000000.0,173000000.0,787000000.0,,4552000000.0,4264000000.0,8180000000.0,5883000000.0,2297000000.0,-234000000.0,2063000000.0,12444000000.0,373600000.0,374000000.0,380100000.0
Stryker Corp,SYK,5493002F0SC4JTBU5137,310764,2017.0,Q4,2017-10-01,2017-12-31,,96000000.0,-0.66,-0.66,-1.28,-0.66,,898000000.0,-249000000.0,-249000000.0,,-249000000.0,1230000000.0,3471000000.0,-65000000.0,9000000.0,205000000.0,,1217000000.0,1230000000.0,2241000000.0,1527000000.0,714000000.0,-65000000.0,649000000.0,3471000000.0,373600000.0,374000000.0,380100000.0
Stryker Corp,SYK,5493002F0SC4JTBU5137,310764,2017.0,Q3,2017-07-01,2017-09-30,2018-10-26 15:05:04+00:00,92000000.0,1.16,1.16,0.425,1.14,,37000000.0,434000000.0,434000000.0,,434000000.0,1022000000.0,3006000000.0,-54000000.0,66000000.0,198000000.0,,1103000000.0,1022000000.0,1984000000.0,1459000000.0,525000000.0,-54000000.0,471000000.0,3006000000.0,374100000.0,374200000.0,380200000.0
Stryker Corp,SYK,5493002F0SC4JTBU5137,310764,2017.0,Q3YTD,2017-01-01,2017-09-30,,275000000.0,3.39,3.39,1.28,3.34,,145000000.0,1269000000.0,1269000000.0,,1269000000.0,3034000000.0,8973000000.0,-169000000.0,164000000.0,582000000.0,,3335000000.0,3034000000.0,5939000000.0,4356000000.0,1583000000.0,-169000000.0,1414000000.0,8973000000.0,374100000.0,374200000.0,380200000.0
Stryker Corp,SYK,5493002F0SC4JTBU5137,310764,2017.0,Q3TTM,2016-10-01,2017-09-30,,364000000.0,4.74,4.74,1.28,4.68,,223000000.0,1779000000.0,1779000000.0,,1779000000.0,4096000000.0,12130000000.0,-251000000.0,218000000.0,771000000.0,,4428000000.0,4096000000.0,8034000000.0,5781000000.0,2253000000.0,-251000000.0,2002000000.0,12130000000.0,374100000.0,374200000.0,380200000.0
Stryker Corp,SYK,5493002F0SC4JTBU5137,310764,2017.0,Q2,2017-04-01,2017-06-30,2018-07-25 16:03:24+00:00,95000000.0,1.04,1.04,0.425,1.03,,53000000.0,391000000.0,391000000.0,,391000000.0,1021000000.0,3012000000.0,-58000000.0,72000000.0,192000000.0,,1130000000.0,1021000000.0,1991000000.0,1489000000.0,502000000.0,-58000000.0,444000000.0,3012000000.0,376000000.0,373900000.0,379800000.0
Stryker Corp,SYK,5493002F0SC4JTBU5137,310764,2017.0,Q2YTD,2017-01-01,2017-06-30,,183000000.0,2.23,2.23,0.85,2.2,,108000000.0,835000000.0,835000000.0,,835000000.0,2012000000.0,5967000000.0,-115000000.0,98000000.0,384000000.0,,2232000000.0,2012000000.0,3955000000.0,2897000000.0,1058000000.0,-115000000.0,943000000.0,5967000000.0,376000000.0,373900000.0,379800000.0
Stryker Corp,SYK,5493002F0SC4JTBU5137,310764,2017.0,Q2TTM,2016-07-01,2017-06-30,,361000000.0,4.53,4.53,0.85,4.48,,250000000.0,1700000000.0,1700000000.0,,1700000000.0,4034000000.0,11957000000.0,-264000000.0,209000000.0,757000000.0,,4382000000.0,4034000000.0,7923000000.0,5709000000.0,2214000000.0,-264000000.0,1950000000.0,11957000000.0,376000000.0,373900000.0,379800000.0
Stryker Corp,SYK,5493002F0SC4JTBU5137,310764,2017.0,Q1,2017-01-01,2017-03-31,2018-04-27 17:23:24+00:00,88000000.0,1.19,1.19,0.425,1.17,,55000000.0,444000000.0,444000000.0,,444000000.0,991000000.0,2955000000.0,-57000000.0,26000000.0,192000000.0,,1102000000.0,991000000.0,1964000000.0,1408000000.0,556000000.0,-57000000.0,499000000.0,2955000000.0,373100000.0,373400000.0,379300000.0
Stryker Corp,SYK,5493002F0SC4JTBU5137,310764,2017.0,Q1TTM,2016-04-01,2017-03-31,,354000000.0,4.51,4.51,0.43,4.45,,250000000.0,1689000000.0,1689000000.0,,1689000000.0,4011000000.0,11785000000.0,-273000000.0,165000000.0,748000000.0,,4295000000.0,4011000000.0,7774000000.0,5562000000.0,2212000000.0,-273000000.0,1939000000.0,11785000000.0,373100000.0,373400000.0,379300000.0
Stryker Corp,SYK,5493002F0SC4JTBU5137,310764,2018.0,FY,2018-01-01,2018-12-31,2020-02-06 10:12:26+00:00,417000000.0,9.5,9.5,1.93,9.34,,-1197000000.0,3553000000.0,3553000000.0,,3553000000.0,4663000000.0,13601000000.0,-181000000.0,23000000.0,862000000.0,,5099000000.0,4663000000.0,8938000000.0,6401000000.0,2537000000.0,-181000000.0,2356000000.0,13601000000.0,374000000.0,374100000.0,380300000.0
Stryker Corp,SYK,5493002F0SC4JTBU5137,310764,2018.0,Q4,2018-10-01,2018-12-31,,93000000.0,5.53,5.53,-1.41,5.44,,-1411000000.0,2068000000.0,2068000000.0,,2068000000.0,1340000000.0,3796000000.0,-41000000.0,13000000.0,221000000.0,,1431000000.0,1340000000.0,2456000000.0,1758000000.0,698000000.0,-41000000.0,657000000.0,3796000000.0,374000000.0,374100000.0,380300000.0
Stryker Corp,SYK,5493002F0SC4JTBU5137,310764,2018.0,Q3,2018-07-01,2018-09-30,2019-10-30 10:33:12+00:00,112000000.0,1.58,1.58,0.47,1.55,,-56000000.0,590000000.0,590000000.0,,590000000.0,1087000000.0,3242000000.0,-42000000.0,4000000.0,221000000.0,,1242000000.0,1087000000.0,2155000000.0,1579000000.0,576000000.0,-42000000.0,534000000.0,3242000000.0,373400000.0,374100000.0,380200000.0
Stryker Corp,SYK,5493002F0SC4JTBU5137,310764,2018.0,Q3YTD,2018-01-01,2018-09-30,,324000000.0,3.97,3.97,1.41,3.9,,214000000.0,1485000000.0,1485000000.0,,1485000000.0,3323000000.0,9805000000.0,-140000000.0,10000000.0,641000000.0,,3668000000.0,3323000000.0,6482000000.0,4643000000.0,1839000000.0,-140000000.0,1699000000.0,9805000000.0,373400000.0,374100000.0,380200000.0
Stryker Corp,SYK,5493002F0SC4JTBU5137,310764,2018.0,Q3TTM,2017-10-01,2018-09-30,,420000000.0,3.31,3.31,0.13,3.24,,1112000000.0,1236000000.0,1236000000.0,,1236000000.0,4553000000.0,13276000000.0,-205000000.0,19000000.0,846000000.0,,4885000000.0,4553000000.0,8723000000.0,6170000000.0,2553000000.0,-205000000.0,2348000000.0,13276000000.0,373400000.0,374100000.0,380200000.0
Stryker Corp,SYK,5493002F0SC4JTBU5137,310764,2018.0,Q2,2018-04-01,2018-06-30,2019-07-26 11:21:01+00:00,110000000.0,1.21,1.21,0.47,1.19,,171000000.0,452000000.0,452000000.0,,452000000.0,1132000000.0,3322000000.0,-49000000.0,2000000.0,216000000.0,,1190000000.0,1132000000.0,2190000000.0,1518000000.0,672000000.0,-49000000.0,623000000.0,3322000000.0,373600000.0,373900000.0,380100000.0
Stryker Corp,SYK,5493002F0SC4JTBU5137,310764,2018.0,Q2YTD,2018-01-01,2018-06-30,,212000000.0,2.39,2.39,0.94,2.35,,270000000.0,895000000.0,895000000.0,,895000000.0,2236000000.0,6563000000.0,-98000000.0,6000000.0,420000000.0,,2426000000.0,2236000000.0,4327000000.0,3064000000.0,1263000000.0,-98000000.0,1165000000.0,6563000000.0,373600000.0,373900000.0,380100000.0
Stryker Corp,SYK,5493002F0SC4JTBU5137,310764,2018.0,Q2TTM,2017-07-01,2018-06-30,,400000000.0,2.89,2.89,0.09,2.83,,1205000000.0,1080000000.0,1080000000.0,,1080000000.0,4488000000.0,13040000000.0,-217000000.0,81000000.0,823000000.0,,4746000000.0,4488000000.0,8552000000.0,6050000000.0,2502000000.0,-217000000.0,2285000000.0,13040000000.0,373600000.0,373900000.0,380100000.0
Stryker Corp,SYK,5493002F0SC4JTBU5137,310764,2018.0,Q1,2018-01-01,2018-03-31,2019-04-24 12:37:04+00:00,102000000.0,1.18,1.18,0.47,1.16,,99000000.0,443000000.0,443000000.0,,443000000.0,1104000000.0,3241000000.0,-49000000.0,4000000.0,204000000.0,,1236000000.0,1104000000.0,2137000000.0,1546000000.0,591000000.0,-49000000.0,542000000.0,3241000000.0,375400000.0,374000000.0,380700000.0
Stryker Corp,SYK,5493002F0SC4JTBU5137,310764,2018.0,Q1TTM,2017-04-01,2018-03-31,,385000000.0,2.72,2.72,0.04,2.67,,1087000000.0,1019000000.0,1019000000.0,,1019000000.0,4377000000.0,12730000000.0,-226000000.0,151000000.0,799000000.0,,4686000000.0,4377000000.0,8353000000.0,6021000000.0,2332000000.0,-226000000.0,2106000000.0,12730000000.0,375400000.0,374000000.0,380700000.0
Stryker Corp,SYK,5493002F0SC4JTBU5137,310764,2019.0,Q4,2019-10-01,2019-12-31,,112000000.0,1.94,1.94,-1.56,1.9,,211000000.0,725000000.0,725000000.0,,725000000.0,1428000000.0,4131000000.0,-8000000.0,13000000.0,254000000.0,,1380000000.0,1428000000.0,2703000000.0,1759000000.0,944000000.0,-8000000.0,936000000.0,4131000000.0,374000000.0,374000000.0,379900000.0
Stryker Corp,SYK,5493002F0SC4JTBU5137,310764,2019.0,FY,2019-01-01,2019-12-31,2020-02-06 10:12:26+00:00,464000000.0,5.57,5.57,2.135,5.48,,479000000.0,2083000000.0,2083000000.0,,2083000000.0,5188000000.0,14884000000.0,-151000000.0,192000000.0,971000000.0,,5356000000.0,5188000000.0,9696000000.0,6983000000.0,2713000000.0,-151000000.0,2562000000.0,14884000000.0,374000000.0,374000000.0,379900000.0
Stryker Corp,SYK,5493002F0SC4JTBU5137,310764,2019.0,Q3YTD,2019-01-01,2019-09-30,,352000000.0,3.63,3.63,1.56,3.58,,268000000.0,1358000000.0,1358000000.0,,1358000000.0,3760000000.0,10753000000.0,-143000000.0,179000000.0,717000000.0,,3976000000.0,3760000000.0,6993000000.0,5224000000.0,1769000000.0,-143000000.0,1626000000.0,10753000000.0,375800000.0,374200000.0,380300000.0
Stryker Corp,SYK,5493002F0SC4JTBU5137,310764,2019.0,Q3TTM,2018-10-01,2019-09-30,,445000000.0,9.16,9.16,0.15,9.02,,-1143000000.0,3426000000.0,3426000000.0,,3426000000.0,5100000000.0,14549000000.0,-184000000.0,192000000.0,938000000.0,,5407000000.0,5100000000.0,9449000000.0,6982000000.0,2467000000.0,-184000000.0,2283000000.0,14549000000.0,375800000.0,374200000.0,380300000.0
Stryker Corp,SYK,5493002F0SC4JTBU5137,310764,2019.0,Q3,2019-07-01,2019-09-30,2019-10-30 10:33:12+00:00,116000000.0,1.24,1.24,0.52,1.23,,115000000.0,466000000.0,466000000.0,,466000000.0,1257000000.0,3587000000.0,-47000000.0,49000000.0,246000000.0,,1291000000.0,1257000000.0,2330000000.0,1702000000.0,628000000.0,-47000000.0,581000000.0,3587000000.0,375800000.0,374200000.0,380300000.0
Stryker Corp,SYK,5493002F0SC4JTBU5137,310764,2019.0,Q2YTD,2019-01-01,2019-06-30,,236000000.0,2.39,2.39,1.04,2.35,,153000000.0,892000000.0,892000000.0,,892000000.0,2503000000.0,7166000000.0,-96000000.0,130000000.0,471000000.0,,2685000000.0,2503000000.0,4663000000.0,3522000000.0,1141000000.0,-96000000.0,1045000000.0,7166000000.0,372100000.0,373900000.0,379500000.0
Stryker Corp,SYK,5493002F0SC4JTBU5137,310764,2019.0,Q2TTM,2018-07-01,2019-06-30,,441000000.0,9.5,9.5,0.1,9.34,,-1314000000.0,3550000000.0,3550000000.0,,3550000000.0,4930000000.0,14204000000.0,-179000000.0,147000000.0,913000000.0,,5358000000.0,4930000000.0,9274000000.0,6859000000.0,2415000000.0,-179000000.0,2236000000.0,14204000000.0,372100000.0,373900000.0,379500000.0
Stryker Corp,SYK,5493002F0SC4JTBU5137,310764,2019.0,Q2,2019-04-01,2019-06-30,2019-07-26 11:21:01+00:00,122000000.0,1.29,1.29,0.52,1.26,,85000000.0,480000000.0,480000000.0,,480000000.0,1270000000.0,3650000000.0,-48000000.0,117000000.0,246000000.0,,1282000000.0,1270000000.0,2380000000.0,1767000000.0,613000000.0,-48000000.0,565000000.0,3650000000.0,372100000.0,373900000.0,379500000.0
Stryker Corp,SYK,5493002F0SC4JTBU5137,310764,2019.0,Q1,2019-01-01,2019-03-31,2020-05-01 16:49:10+00:00,114000000.0,1.1,1.1,0.52,1.09,,68000000.0,412000000.0,412000000.0,,412000000.0,1233000000.0,3516000000.0,-48000000.0,13000000.0,225000000.0,,1403000000.0,1233000000.0,2283000000.0,1755000000.0,528000000.0,-48000000.0,480000000.0,3516000000.0,374500000.0,373300000.0,379300000.0
Stryker Corp,SYK,5493002F0SC4JTBU5137,310764,2019.0,Q1TTM,2018-04-01,2019-03-31,,429000000.0,9.42,9.42,0.05,9.27,,-1228000000.0,3522000000.0,3522000000.0,,3522000000.0,4792000000.0,13876000000.0,-180000000.0,32000000.0,883000000.0,,5266000000.0,4792000000.0,9084000000.0,6610000000.0,2474000000.0,-180000000.0,2294000000.0,13876000000.0,374500000.0,373300000.0,379300000.0
Stryker Corp,SYK,5493002F0SC4JTBU5137,310764,2020.0,Q1TTM,2019-04-01,2020-03-31,,468000000.0,5.79,5.79,0.05,5.69,,508000000.0,2164000000.0,2164000000.0,,2164000000.0,5212000000.0,14956000000.0,-148000000.0,173000000.0,1000000000.0,,5283000000.0,5212000000.0,9744000000.0,6924000000.0,2820000000.0,-148000000.0,2672000000.0,14956000000.0,373500000.0,374800000.0,379700000.0
Stryker Corp,SYK,5493002F0SC4JTBU5137,310764,2020.0,Q1,2020-01-01,2020-03-31,2020-05-01 16:49:10+00:00,118000000.0,1.32,1.32,0.575,1.3,,97000000.0,493000000.0,493000000.0,,493000000.0,1257000000.0,3588000000.0,-45000000.0,-6000000.0,254000000.0,,1330000000.0,1257000000.0,2331000000.0,1696000000.0,635000000.0,-45000000.0,590000000.0,3588000000.0,373500000.0,374800000.0,379700000.0
