company_name,company_ticker,company_lei,company_cik,year,quarter,start_date,end_date,filing_date,basicdilutedeps,basiceps,cashdividendspershare,dilutedeps,incometaxexpense,netincome,netincomecontinuing,netincometocommon,netincometononcontrollinginterest,operatingcostofrevenue,operatingrevenue,otherincome,rdexpense,restructuringcharge,sgaexpense,totalcostofrevenue,totalgrossprofit,totalinterestexpense,totalinterestincome,totaloperatingexpenses,totaloperatingincome,totalotherincome,totalpretaxincome,totalrevenue,weightedavebasicdilutedsharesos,weightedavebasicsharesos,weightedavedilutedsharesos
Johnson & Johnson,JNJ,549300G0CFPGEF6X2043,200406,2007.0,FY,2007-01-01,2007-12-30,2010-03-01 16:50:02+00:00,3.67,3.67,1.62,3.63,2707000000.0,10576000000.0,10576000000.0,10576000000.0,,17751000000.0,61095000000.0,-534000000.0,8487000000.0,745000000.0,20451000000.0,17751000000.0,43344000000.0,296000000.0,452000000.0,29683000000.0,13661000000.0,-378000000.0,13283000000.0,61095000000.0,2881700000.0,2882900000.0,2910700000.0
Johnson & Johnson,JNJ,549300G0CFPGEF6X2043,200406,2008.0,FY,2007-12-31,2008-12-28,2011-02-24 21:48:40+00:00,4.62,4.62,1.795,4.57,3980000000.0,12949000000.0,12949000000.0,12949000000.0,,18511000000.0,63747000000.0,1015000000.0,7758000000.0,,21490000000.0,18511000000.0,45236000000.0,435000000.0,361000000.0,29248000000.0,15988000000.0,941000000.0,16929000000.0,63747000000.0,2802800000.0,2802500000.0,2835600000.0
Johnson & Johnson,JNJ,549300G0CFPGEF6X2043,200406,2008.0,Q3,2008-06-30,2008-09-28,2009-11-04 16:36:51+00:00,1.19,1.19,0.46,1.17,980000000.0,3310000000.0,3310000000.0,3310000000.0,,4774000000.0,15921000000.0,224000000.0,1861000000.0,,5195000000.0,4774000000.0,11147000000.0,122000000.0,97000000.0,7056000000.0,4091000000.0,199000000.0,4290000000.0,15921000000.0,2781500000.0,2790900000.0,2831300000.0
Johnson & Johnson,JNJ,549300G0CFPGEF6X2043,200406,2008.0,Q2,2008-03-31,2008-06-29,2009-08-04 17:11:43+00:00,1.18,1.18,0.46,1.17,1048000000.0,3327000000.0,3327000000.0,3327000000.0,,4751000000.0,16450000000.0,135000000.0,1936000000.0,,5507000000.0,4751000000.0,11699000000.0,105000000.0,89000000.0,7443000000.0,4256000000.0,119000000.0,4375000000.0,16450000000.0,2819500000.0,2809800000.0,2844800000.0
Johnson & Johnson,JNJ,549300G0CFPGEF6X2043,200406,2009.0,Q4,2009-09-28,2010-01-03,,0.81,0.81,0.49,0.79,398000000.0,2206000000.0,2206000000.0,2206000000.0,,5312000000.0,16551000000.0,361000000.0,2213000000.0,1073000000.0,5629000000.0,5312000000.0,11239000000.0,93000000.0,12000000.0,8915000000.0,2324000000.0,280000000.0,2604000000.0,16551000000.0,2756400000.0,2759500000.0,2789100000.0
Johnson & Johnson,JNJ,549300G0CFPGEF6X2043,200406,2009.0,FY,2008-12-29,2010-01-03,2012-02-23 17:11:21+00:00,4.45,4.45,1.93,4.4,3489000000.0,12266000000.0,12266000000.0,12266000000.0,,18447000000.0,61897000000.0,526000000.0,6986000000.0,1073000000.0,19801000000.0,18447000000.0,43450000000.0,451000000.0,90000000.0,27860000000.0,15590000000.0,165000000.0,15755000000.0,61897000000.0,2756400000.0,2759500000.0,2789100000.0
Johnson & Johnson,JNJ,549300G0CFPGEF6X2043,200406,2009.0,Q3YTD,2008-12-29,2009-09-27,,3.64,3.64,1.44,3.61,3091000000.0,10060000000.0,10060000000.0,10060000000.0,,13135000000.0,45346000000.0,165000000.0,4773000000.0,,14172000000.0,13135000000.0,32211000000.0,358000000.0,78000000.0,18945000000.0,13266000000.0,-115000000.0,13151000000.0,45346000000.0,2764500000.0,2756300000.0,2793000000.0
Johnson & Johnson,JNJ,549300G0CFPGEF6X2043,200406,2009.0,Q3,2009-06-29,2009-09-27,2010-11-10 14:29:23+00:00,1.21,1.21,0.49,1.2,900000000.0,3345000000.0,3345000000.0,3345000000.0,,4434000000.0,15081000000.0,96000000.0,1617000000.0,,4767000000.0,4434000000.0,10647000000.0,142000000.0,28000000.0,6384000000.0,4263000000.0,-18000000.0,4245000000.0,15081000000.0,2764500000.0,2756300000.0,2793000000.0
Johnson & Johnson,JNJ,549300G0CFPGEF6X2043,200406,2009.0,Q2YTD,2008-12-29,2009-06-28,,2.43,2.43,0.95,2.41,2191000000.0,6715000000.0,6715000000.0,6715000000.0,,8701000000.0,30265000000.0,69000000.0,3156000000.0,,9405000000.0,8701000000.0,21564000000.0,216000000.0,50000000.0,12561000000.0,9003000000.0,-97000000.0,8906000000.0,30265000000.0,2765500000.0,2756200000.0,2782000000.0
Johnson & Johnson,JNJ,549300G0CFPGEF6X2043,200406,2009.0,Q2,2009-03-30,2009-06-28,2010-08-11 14:22:58+00:00,1.16,1.16,0.49,1.15,1055000000.0,3208000000.0,3208000000.0,3208000000.0,,4450000000.0,15239000000.0,-6000000.0,1638000000.0,,4797000000.0,4450000000.0,10789000000.0,110000000.0,25000000.0,6435000000.0,4354000000.0,-91000000.0,4263000000.0,15239000000.0,2765500000.0,2756200000.0,2782000000.0
Johnson & Johnson,JNJ,549300G0CFPGEF6X2043,200406,2009.0,Q1,2008-12-29,2009-03-29,2010-05-10 17:04:51+00:00,1.27,1.27,0.46,1.26,1136000000.0,3507000000.0,3507000000.0,3507000000.0,,4251000000.0,15026000000.0,75000000.0,1518000000.0,,4608000000.0,4251000000.0,10775000000.0,106000000.0,25000000.0,6126000000.0,4649000000.0,-6000000.0,4643000000.0,15026000000.0,2761400000.0,2765900000.0,2789800000.0
Johnson & Johnson,JNJ,549300G0CFPGEF6X2043,200406,2010.0,Q4,2010-10-04,2011-01-02,,0.72,0.72,0.54,0.7,286000000.0,1942000000.0,1942000000.0,1942000000.0,,5040000000.0,15644000000.0,-1100000000.0,1982000000.0,,5180000000.0,5040000000.0,10604000000.0,138000000.0,24000000.0,7162000000.0,3442000000.0,-1214000000.0,2228000000.0,15644000000.0,2749300000.0,2751400000.0,2788800000.0
Johnson & Johnson,JNJ,549300G0CFPGEF6X2043,200406,2010.0,FY,2010-01-04,2011-01-02,2013-02-21 18:44:12+00:00,4.85,4.85,2.11,4.78,3613000000.0,13334000000.0,13334000000.0,13334000000.0,0.0,18792000000.0,61587000000.0,768000000.0,6844000000.0,0.0,19424000000.0,18792000000.0,42795000000.0,455000000.0,107000000.0,26268000000.0,16527000000.0,420000000.0,16947000000.0,61587000000.0,2749300000.0,2751400000.0,2788800000.0
Johnson & Johnson,JNJ,549300G0CFPGEF6X2043,200406,2010.0,Q3YTD,2010-01-04,2010-10-03,,4.13,4.13,1.57,4.08,3327000000.0,11392000000.0,11392000000.0,11392000000.0,,13752000000.0,45943000000.0,1868000000.0,4862000000.0,,14244000000.0,13752000000.0,32191000000.0,317000000.0,83000000.0,19106000000.0,13085000000.0,1634000000.0,14719000000.0,45943000000.0,2755600000.0,2751600000.0,2786400000.0
Johnson & Johnson,JNJ,549300G0CFPGEF6X2043,200406,2010.0,Q3TTM,2009-09-28,2010-10-03,,4.94,4.94,2.06,4.87,3725000000.0,13598000000.0,13598000000.0,13598000000.0,,19064000000.0,62494000000.0,2229000000.0,7075000000.0,1073000000.0,19873000000.0,19064000000.0,43430000000.0,410000000.0,95000000.0,28021000000.0,15409000000.0,1914000000.0,17323000000.0,62494000000.0,2755600000.0,2751600000.0,2786400000.0
Johnson & Johnson,JNJ,549300G0CFPGEF6X2043,200406,2010.0,Q3,2010-07-05,2010-10-03,2011-11-08 16:03:17+00:00,1.24,1.24,0.54,1.23,802000000.0,3417000000.0,3417000000.0,3417000000.0,,4594000000.0,14982000000.0,292000000.0,1657000000.0,,4709000000.0,4594000000.0,10388000000.0,108000000.0,13000000.0,6366000000.0,4022000000.0,197000000.0,4219000000.0,14982000000.0,2755600000.0,2751600000.0,2786400000.0
Johnson & Johnson,JNJ,549300G0CFPGEF6X2043,200406,2010.0,Q2YTD,2010-01-04,2010-07-04,,2.89,2.89,1.03,2.85,2525000000.0,7975000000.0,7975000000.0,7975000000.0,,9158000000.0,30961000000.0,1576000000.0,3205000000.0,,9535000000.0,9158000000.0,21803000000.0,209000000.0,70000000.0,12740000000.0,9063000000.0,1437000000.0,10500000000.0,30961000000.0,2759200000.0,2756600000.0,2796000000.0
Johnson & Johnson,JNJ,549300G0CFPGEF6X2043,200406,2010.0,Q2TTM,2009-06-29,2010-07-04,,4.91,4.91,2.01,4.84,3823000000.0,13526000000.0,13526000000.0,13526000000.0,,18904000000.0,62593000000.0,2033000000.0,7035000000.0,1073000000.0,19931000000.0,18904000000.0,43689000000.0,444000000.0,110000000.0,28039000000.0,15650000000.0,1699000000.0,17349000000.0,62593000000.0,2759200000.0,2756600000.0,2796000000.0
Johnson & Johnson,JNJ,549300G0CFPGEF6X2043,200406,2010.0,Q2,2010-04-05,2010-07-04,2011-08-09 16:16:33+00:00,1.25,1.25,0.54,1.23,771000000.0,3449000000.0,3449000000.0,3449000000.0,,4630000000.0,15330000000.0,-18000000.0,1648000000.0,,4756000000.0,4630000000.0,10700000000.0,101000000.0,43000000.0,6404000000.0,4296000000.0,-76000000.0,4220000000.0,15330000000.0,2759200000.0,2756600000.0,2796000000.0
Johnson & Johnson,JNJ,549300G0CFPGEF6X2043,200406,2010.0,Q1TTM,2009-03-30,2010-04-04,,4.82,4.82,1.96,4.76,4107000000.0,13285000000.0,13285000000.0,13285000000.0,,18724000000.0,62502000000.0,2045000000.0,7025000000.0,1073000000.0,19972000000.0,18724000000.0,43778000000.0,453000000.0,92000000.0,28070000000.0,15708000000.0,1684000000.0,17392000000.0,62502000000.0,2759800000.0,2755400000.0,2797300000.0
Johnson & Johnson,JNJ,549300G0CFPGEF6X2043,200406,2010.0,Q1,2010-01-04,2010-04-04,2011-05-10 14:05:22+00:00,1.64,1.64,0.49,1.62,1754000000.0,4526000000.0,4526000000.0,4526000000.0,,4528000000.0,15631000000.0,1594000000.0,1557000000.0,,4779000000.0,4528000000.0,11103000000.0,108000000.0,27000000.0,6336000000.0,4767000000.0,1513000000.0,6280000000.0,15631000000.0,2759800000.0,2755400000.0,2797300000.0
Johnson & Johnson,JNJ,549300G0CFPGEF6X2043,200406,2011.0,Q4,2011-10-03,2012-01-01,,0.09,0.09,0.57,0.09,100000000.0,218000000.0,218000000.0,218000000.0,,5338000000.0,16255000000.0,-2858000000.0,2155000000.0,-20000000.0,5458000000.0,5338000000.0,10917000000.0,183000000.0,35000000.0,7593000000.0,3324000000.0,-3006000000.0,318000000.0,16255000000.0,2732200000.0,2736000000.0,2775300000.0
Johnson & Johnson,JNJ,549300G0CFPGEF6X2043,200406,2011.0,FY,2011-01-03,2012-01-01,2014-02-21 14:29:51+00:00,3.54,3.54,2.25,3.49,2689000000.0,9672000000.0,9672000000.0,9672000000.0,0.0,20360000000.0,65030000000.0,-2743000000.0,7548000000.0,569000000.0,20969000000.0,20360000000.0,44670000000.0,571000000.0,91000000.0,29086000000.0,15584000000.0,-3223000000.0,12361000000.0,65030000000.0,2732200000.0,2736000000.0,2775300000.0
Johnson & Johnson,JNJ,549300G0CFPGEF6X2043,200406,2011.0,Q3YTD,2011-01-03,2011-10-02,,3.45,3.45,1.68,3.4,2589000000.0,9454000000.0,9454000000.0,9454000000.0,,15022000000.0,48775000000.0,115000000.0,5393000000.0,589000000.0,15511000000.0,15022000000.0,33753000000.0,388000000.0,56000000.0,21493000000.0,12260000000.0,-217000000.0,12043000000.0,48775000000.0,2736800000.0,2737000000.0,2778200000.0
Johnson & Johnson,JNJ,549300G0CFPGEF6X2043,200406,2011.0,Q3TTM,2010-10-04,2011-10-02,,4.17,4.17,2.22,4.1,2875000000.0,11396000000.0,11396000000.0,11396000000.0,,20062000000.0,64419000000.0,-985000000.0,7375000000.0,589000000.0,20691000000.0,20062000000.0,44357000000.0,526000000.0,80000000.0,28655000000.0,15702000000.0,-1431000000.0,14271000000.0,64419000000.0,2736800000.0,2737000000.0,2778200000.0
Johnson & Johnson,JNJ,549300G0CFPGEF6X2043,200406,2011.0,Q3,2011-07-04,2011-10-02,2012-11-08 18:28:56+00:00,1.17,1.17,0.57,1.15,909000000.0,3202000000.0,3202000000.0,3202000000.0,0.0,5072000000.0,16005000000.0,308000000.0,1773000000.0,,5240000000.0,5072000000.0,10933000000.0,134000000.0,17000000.0,7013000000.0,3920000000.0,191000000.0,4111000000.0,16005000000.0,2736800000.0,2737000000.0,2778200000.0
Johnson & Johnson,JNJ,549300G0CFPGEF6X2043,200406,2011.0,Q2YTD,2011-01-03,2011-07-03,,2.28,2.28,1.11,2.25,1680000000.0,6252000000.0,6252000000.0,6252000000.0,,9950000000.0,32770000000.0,-193000000.0,3620000000.0,589000000.0,10271000000.0,9950000000.0,22820000000.0,254000000.0,39000000.0,14480000000.0,8340000000.0,-408000000.0,7932000000.0,32770000000.0,2748500000.0,2740500000.0,2781300000.0
Johnson & Johnson,JNJ,549300G0CFPGEF6X2043,200406,2011.0,Q2TTM,2010-07-05,2011-07-03,,4.24,4.24,2.19,4.18,2768000000.0,11611000000.0,11611000000.0,11611000000.0,,19584000000.0,63396000000.0,-1001000000.0,7259000000.0,589000000.0,20160000000.0,19584000000.0,43812000000.0,500000000.0,76000000.0,28008000000.0,15804000000.0,-1425000000.0,14379000000.0,63396000000.0,2748500000.0,2740500000.0,2781300000.0
Johnson & Johnson,JNJ,549300G0CFPGEF6X2043,200406,2011.0,Q2,2011-04-04,2011-07-03,2012-08-01 17:40:10+00:00,1.01,1.01,0.57,1.0,646000000.0,2776000000.0,2776000000.0,2776000000.0,,5172000000.0,16597000000.0,-206000000.0,1882000000.0,589000000.0,5215000000.0,5172000000.0,11425000000.0,129000000.0,18000000.0,7686000000.0,3739000000.0,-317000000.0,3422000000.0,16597000000.0,2748500000.0,2740500000.0,2781300000.0
Johnson & Johnson,JNJ,549300G0CFPGEF6X2043,200406,2011.0,Q1TTM,2010-04-05,2011-04-03,,4.48,4.48,2.16,4.41,2893000000.0,12284000000.0,12284000000.0,12284000000.0,,19042000000.0,62129000000.0,-813000000.0,7025000000.0,,19701000000.0,19042000000.0,43087000000.0,472000000.0,101000000.0,26726000000.0,16361000000.0,-1184000000.0,15177000000.0,62129000000.0,2737000000.0,2738400000.0,2772700000.0
Johnson & Johnson,JNJ,549300G0CFPGEF6X2043,200406,2011.0,Q1,2011-01-03,2011-04-03,2012-05-07 16:59:07+00:00,1.27,1.27,0.54,1.25,1034000000.0,3476000000.0,3476000000.0,3476000000.0,,4778000000.0,16173000000.0,13000000.0,1738000000.0,,5056000000.0,4778000000.0,11395000000.0,125000000.0,21000000.0,6794000000.0,4601000000.0,-91000000.0,4510000000.0,16173000000.0,2737000000.0,2738400000.0,2772700000.0
Johnson & Johnson,JNJ,549300G0CFPGEF6X2043,200406,2012.0,FY,2012-01-02,2012-12-30,2015-02-23 19:11:03+00:00,3.94,3.94,2.4,3.86,3261000000.0,10514000000.0,10514000000.0,10853000000.0,-339000000.0,21658000000.0,67224000000.0,-1626000000.0,8828000000.0,,20869000000.0,21658000000.0,45566000000.0,532000000.0,64000000.0,29697000000.0,15869000000.0,-2094000000.0,13775000000.0,67224000000.0,2754600000.0,2753300000.0,2812600000.0
Johnson & Johnson,JNJ,549300G0CFPGEF6X2043,200406,2012.0,Q4,2012-10-01,2012-12-30,,0.92,0.92,0.61,0.9,533000000.0,2567000000.0,2567000000.0,2567000000.0,,6003000000.0,17558000000.0,-319000000.0,2386000000.0,,5661000000.0,6003000000.0,11555000000.0,107000000.0,18000000.0,8047000000.0,3508000000.0,-408000000.0,3100000000.0,17558000000.0,2754600000.0,2753300000.0,2812600000.0
Johnson & Johnson,JNJ,549300G0CFPGEF6X2043,200406,2012.0,Q3YTD,2012-01-02,2012-09-30,,3.02,3.02,1.79,2.96,2728000000.0,7947000000.0,7947000000.0,8286000000.0,-339000000.0,15655000000.0,49666000000.0,-1307000000.0,6442000000.0,,15208000000.0,15655000000.0,34011000000.0,425000000.0,46000000.0,21650000000.0,12361000000.0,-1686000000.0,10675000000.0,49666000000.0,2748100000.0,2757400000.0,2818100000.0
Johnson & Johnson,JNJ,549300G0CFPGEF6X2043,200406,2012.0,Q3TTM,2011-10-03,2012-09-30,,3.11,3.11,2.36,3.05,2828000000.0,8165000000.0,8165000000.0,8504000000.0,-339000000.0,20993000000.0,65921000000.0,-4165000000.0,8597000000.0,-20000000.0,20666000000.0,20993000000.0,44928000000.0,608000000.0,81000000.0,29243000000.0,15685000000.0,-4692000000.0,10993000000.0,65921000000.0,2748100000.0,2757400000.0,2818100000.0
Johnson & Johnson,JNJ,549300G0CFPGEF6X2043,200406,2012.0,Q3,2012-07-02,2012-09-30,2013-11-04 16:40:59+00:00,1.08,1.08,0.61,1.05,966000000.0,2629000000.0,2629000000.0,2968000000.0,-339000000.0,5597000000.0,17052000000.0,90000000.0,2602000000.0,,5228000000.0,5597000000.0,11455000000.0,135000000.0,15000000.0,7830000000.0,3625000000.0,-30000000.0,3595000000.0,17052000000.0,2748100000.0,2757400000.0,2818100000.0
Johnson & Johnson,JNJ,549300G0CFPGEF6X2043,200406,2012.0,Q2YTD,2012-01-02,2012-07-01,,1.94,1.94,1.18,1.91,1762000000.0,5318000000.0,5318000000.0,5318000000.0,,10058000000.0,32614000000.0,-1397000000.0,3840000000.0,,9980000000.0,10058000000.0,22556000000.0,290000000.0,31000000.0,13820000000.0,8736000000.0,-1656000000.0,7080000000.0,32614000000.0,2760800000.0,2747400000.0,2798200000.0
Johnson & Johnson,JNJ,549300G0CFPGEF6X2043,200406,2012.0,Q2TTM,2011-07-04,2012-07-01,,3.2,3.2,2.32,3.15,2771000000.0,8738000000.0,8738000000.0,8738000000.0,,20468000000.0,64874000000.0,-3947000000.0,7768000000.0,-20000000.0,20678000000.0,20468000000.0,44406000000.0,607000000.0,83000000.0,28426000000.0,15980000000.0,-4471000000.0,11509000000.0,64874000000.0,2760800000.0,2747400000.0,2798200000.0
Johnson & Johnson,JNJ,549300G0CFPGEF6X2043,200406,2012.0,Q2,2012-04-02,2012-07-01,2013-08-01 16:35:28+00:00,0.51,0.51,0.61,0.5,627000000.0,1408000000.0,1408000000.0,1408000000.0,,5143000000.0,16475000000.0,-2008000000.0,2195000000.0,,4965000000.0,5143000000.0,11332000000.0,143000000.0,14000000.0,7160000000.0,4172000000.0,-2137000000.0,2035000000.0,16475000000.0,2760800000.0,2747400000.0,2798200000.0
Johnson & Johnson,JNJ,549300G0CFPGEF6X2043,200406,2012.0,Q1TTM,2011-04-04,2012-04-01,,3.7,3.7,2.28,3.65,2790000000.0,10106000000.0,10106000000.0,10106000000.0,,20497000000.0,64996000000.0,-2145000000.0,7455000000.0,569000000.0,20928000000.0,20497000000.0,44499000000.0,593000000.0,87000000.0,28952000000.0,15547000000.0,-2651000000.0,12896000000.0,64996000000.0,2734300000.0,2736900000.0,2774900000.0
Johnson & Johnson,JNJ,549300G0CFPGEF6X2043,200406,2012.0,Q1,2012-01-02,2012-04-01,2013-05-03 16:03:53+00:00,1.43,1.43,0.57,1.41,1135000000.0,3910000000.0,3910000000.0,3910000000.0,,4915000000.0,16139000000.0,611000000.0,1645000000.0,,5015000000.0,4915000000.0,11224000000.0,147000000.0,17000000.0,6660000000.0,4564000000.0,481000000.0,5045000000.0,16139000000.0,2734300000.0,2736900000.0,2774900000.0
Johnson & Johnson,JNJ,549300G0CFPGEF6X2043,200406,2013.0,FY,2012-12-31,2013-12-29,2016-02-24 16:58:53+00:00,4.92,4.92,2.59,4.81,1640000000.0,13831000000.0,13831000000.0,13831000000.0,,22342000000.0,71312000000.0,-2498000000.0,8763000000.0,0.0,21830000000.0,22342000000.0,48970000000.0,482000000.0,74000000.0,30593000000.0,18377000000.0,-2906000000.0,15471000000.0,71312000000.0,2811200000.0,2809200000.0,2877000000.0
Johnson & Johnson,JNJ,549300G0CFPGEF6X2043,200406,2013.0,Q4,2013-09-30,2013-12-29,,1.25,1.25,0.66,1.22,-769000000.0,3519000000.0,3519000000.0,3519000000.0,,5955000000.0,18355000000.0,-868000000.0,2749000000.0,,5917000000.0,5955000000.0,12400000000.0,134000000.0,18000000.0,8666000000.0,3734000000.0,-984000000.0,2750000000.0,18355000000.0,2811200000.0,2809200000.0,2877000000.0
Johnson & Johnson,JNJ,549300G0CFPGEF6X2043,200406,2013.0,Q3,2013-07-01,2013-09-29,2014-10-30 17:09:48+00:00,1.06,1.06,0.66,1.04,685000000.0,2982000000.0,2982000000.0,2982000000.0,,5344000000.0,17575000000.0,-943000000.0,2220000000.0,,5314000000.0,5344000000.0,12231000000.0,105000000.0,18000000.0,7534000000.0,4697000000.0,-1030000000.0,3667000000.0,17575000000.0,2813200000.0,2818400000.0,2881200000.0
Johnson & Johnson,JNJ,549300G0CFPGEF6X2043,200406,2013.0,Q3YTD,2012-12-31,2013-09-29,,3.67,3.67,1.93,3.59,2409000000.0,10312000000.0,10312000000.0,10312000000.0,,16387000000.0,52957000000.0,-1630000000.0,6014000000.0,,15913000000.0,16387000000.0,36570000000.0,348000000.0,56000000.0,21927000000.0,14643000000.0,-1922000000.0,12721000000.0,52957000000.0,2813200000.0,2818400000.0,2881200000.0
Johnson & Johnson,JNJ,549300G0CFPGEF6X2043,200406,2013.0,Q3TTM,2012-10-01,2013-09-29,,4.59,4.59,2.54,4.49,2942000000.0,12879000000.0,12879000000.0,12879000000.0,,22390000000.0,70515000000.0,-1949000000.0,8400000000.0,,21574000000.0,22390000000.0,48125000000.0,455000000.0,74000000.0,29974000000.0,18151000000.0,-2330000000.0,15821000000.0,70515000000.0,2813200000.0,2818400000.0,2881200000.0
Johnson & Johnson,JNJ,549300G0CFPGEF6X2043,200406,2013.0,Q2YTD,2012-12-31,2013-06-30,,2.61,2.61,1.27,2.55,1724000000.0,7330000000.0,7330000000.0,7330000000.0,,11043000000.0,35382000000.0,-687000000.0,3794000000.0,,10599000000.0,11043000000.0,24339000000.0,243000000.0,38000000.0,14393000000.0,9946000000.0,-892000000.0,9054000000.0,35382000000.0,2818400000.0,2809700000.0,2893000000.0
Johnson & Johnson,JNJ,549300G0CFPGEF6X2043,200406,2013.0,Q2TTM,2012-07-02,2013-06-30,,4.61,4.61,2.49,4.5,3223000000.0,12526000000.0,12526000000.0,12865000000.0,-339000000.0,22643000000.0,69992000000.0,-916000000.0,8782000000.0,,21488000000.0,22643000000.0,47349000000.0,485000000.0,71000000.0,30270000000.0,17079000000.0,-1330000000.0,15749000000.0,69992000000.0,2818400000.0,2809700000.0,2893000000.0
Johnson & Johnson,JNJ,549300G0CFPGEF6X2043,200406,2013.0,Q2,2013-04-01,2013-06-30,2014-08-01 16:57:55+00:00,1.36,1.36,0.66,1.33,960000000.0,3833000000.0,3833000000.0,3833000000.0,,5489000000.0,17877000000.0,-172000000.0,1946000000.0,,5376000000.0,5489000000.0,12388000000.0,118000000.0,17000000.0,7322000000.0,5066000000.0,-273000000.0,4793000000.0,17877000000.0,2818400000.0,2809700000.0,2893000000.0
Johnson & Johnson,JNJ,549300G0CFPGEF6X2043,200406,2013.0,Q1TTM,2012-04-02,2013-03-31,,3.76,3.76,2.44,3.67,2890000000.0,10101000000.0,10101000000.0,10440000000.0,-339000000.0,22297000000.0,68590000000.0,-2752000000.0,9031000000.0,,21077000000.0,22297000000.0,46293000000.0,510000000.0,68000000.0,30108000000.0,16185000000.0,-3194000000.0,12991000000.0,68590000000.0,2797600000.0,2790200000.0,2858800000.0
Johnson & Johnson,JNJ,549300G0CFPGEF6X2043,200406,2013.0,Q1,2012-12-31,2013-03-31,2014-05-02 16:09:37+00:00,1.25,1.25,0.61,1.22,764000000.0,3497000000.0,3497000000.0,3497000000.0,,5554000000.0,17505000000.0,-515000000.0,1848000000.0,,5223000000.0,5554000000.0,11951000000.0,125000000.0,21000000.0,7071000000.0,4880000000.0,-619000000.0,4261000000.0,17505000000.0,2797600000.0,2790200000.0,2858800000.0
Johnson & Johnson,JNJ,549300G0CFPGEF6X2043,200406,2014.0,FY,2013-12-30,2014-12-28,2017-02-27 16:52:48+00:00,5.8,5.8,2.76,5.7,4240000000.0,16323000000.0,16323000000.0,16323000000.0,,22746000000.0,74331000000.0,70000000.0,8672000000.0,0.0,21954000000.0,22746000000.0,51585000000.0,533000000.0,67000000.0,30626000000.0,20959000000.0,-396000000.0,20563000000.0,74331000000.0,2814300000.0,2815200000.0,2863900000.0
Johnson & Johnson,JNJ,549300G0CFPGEF6X2043,200406,2014.0,Q4,2014-09-29,2014-12-28,,0.91,0.91,0.7,0.89,182000000.0,2521000000.0,2521000000.0,2521000000.0,,5853000000.0,18254000000.0,-963000000.0,2791000000.0,,5822000000.0,5853000000.0,12401000000.0,139000000.0,17000000.0,8613000000.0,3788000000.0,-1085000000.0,2703000000.0,18254000000.0,2814300000.0,2815200000.0,2863900000.0
Johnson & Johnson,JNJ,549300G0CFPGEF6X2043,200406,2014.0,Q3,2014-06-30,2014-09-28,2015-10-30 16:03:39+00:00,1.69,1.69,0.7,1.66,2061000000.0,4749000000.0,4749000000.0,4749000000.0,,5399000000.0,18467000000.0,1345000000.0,2023000000.0,,5468000000.0,5399000000.0,13068000000.0,130000000.0,18000000.0,7491000000.0,5577000000.0,1233000000.0,6810000000.0,18467000000.0,2810100000.0,2814400000.0,2864300000.0
Johnson & Johnson,JNJ,549300G0CFPGEF6X2043,200406,2014.0,Q3YTD,2013-12-30,2014-09-28,,4.89,4.89,2.06,4.81,4058000000.0,13802000000.0,13802000000.0,13802000000.0,,16893000000.0,56077000000.0,1033000000.0,5881000000.0,,16132000000.0,16893000000.0,39184000000.0,394000000.0,50000000.0,22013000000.0,17171000000.0,689000000.0,17860000000.0,56077000000.0,2810100000.0,2814400000.0,2864300000.0
Johnson & Johnson,JNJ,549300G0CFPGEF6X2043,200406,2014.0,Q3TTM,2013-09-30,2014-09-28,,6.14,6.14,2.72,6.03,3289000000.0,17321000000.0,17321000000.0,17321000000.0,,22848000000.0,74432000000.0,165000000.0,8630000000.0,,22049000000.0,22848000000.0,51584000000.0,528000000.0,68000000.0,30679000000.0,20905000000.0,-295000000.0,20610000000.0,74432000000.0,2810100000.0,2814400000.0,2864300000.0
Johnson & Johnson,JNJ,549300G0CFPGEF6X2043,200406,2014.0,Q2,2014-03-31,2014-06-29,2015-07-31 16:28:56+00:00,1.53,1.53,0.7,1.51,1300000000.0,4326000000.0,4326000000.0,4326000000.0,,6039000000.0,19495000000.0,-226000000.0,2009000000.0,,5481000000.0,6039000000.0,13456000000.0,128000000.0,14000000.0,7490000000.0,5966000000.0,-340000000.0,5626000000.0,19495000000.0,2827500000.0,2826400000.0,2874200000.0
Johnson & Johnson,JNJ,549300G0CFPGEF6X2043,200406,2014.0,Q2YTD,2013-12-30,2014-06-29,,3.2,3.2,1.36,3.15,1997000000.0,9053000000.0,9053000000.0,9053000000.0,,11494000000.0,37610000000.0,-312000000.0,3858000000.0,,10664000000.0,11494000000.0,26116000000.0,264000000.0,32000000.0,14522000000.0,11594000000.0,-544000000.0,11050000000.0,37610000000.0,2827500000.0,2826400000.0,2874200000.0
Johnson & Johnson,JNJ,549300G0CFPGEF6X2043,200406,2014.0,Q2TTM,2013-07-01,2014-06-29,,5.51,5.51,2.68,5.41,1913000000.0,15554000000.0,15554000000.0,15554000000.0,,22793000000.0,73540000000.0,-2123000000.0,8827000000.0,,21895000000.0,22793000000.0,50747000000.0,503000000.0,68000000.0,30722000000.0,20025000000.0,-2558000000.0,17467000000.0,73540000000.0,2827500000.0,2826400000.0,2874200000.0
Johnson & Johnson,JNJ,549300G0CFPGEF6X2043,200406,2014.0,Q1,2013-12-30,2014-03-30,2015-05-01 16:13:55+00:00,1.67,1.67,0.66,1.64,697000000.0,4727000000.0,4727000000.0,4727000000.0,,5455000000.0,18115000000.0,-86000000.0,1849000000.0,,5183000000.0,5455000000.0,12660000000.0,136000000.0,18000000.0,7032000000.0,5628000000.0,-204000000.0,5424000000.0,18115000000.0,2830500000.0,2826800000.0,2874700000.0
Johnson & Johnson,JNJ,549300G0CFPGEF6X2043,200406,2014.0,Q1TTM,2013-04-01,2014-03-30,,5.34,5.34,2.64,5.23,1573000000.0,15061000000.0,15061000000.0,15061000000.0,,22243000000.0,71922000000.0,-2069000000.0,8764000000.0,,21790000000.0,22243000000.0,49679000000.0,493000000.0,71000000.0,30554000000.0,19125000000.0,-2491000000.0,16634000000.0,71922000000.0,2830500000.0,2826800000.0,2874700000.0
Johnson & Johnson,JNJ,549300G0CFPGEF6X2043,200406,2015.0,FY,2014-12-29,2016-01-03,2018-02-21 16:49:20+00:00,5.56,5.56,2.95,5.48,3787000000.0,15409000000.0,15409000000.0,15409000000.0,,21536000000.0,70074000000.0,2064000000.0,9270000000.0,509000000.0,21203000000.0,21536000000.0,48538000000.0,552000000.0,128000000.0,30982000000.0,17556000000.0,1640000000.0,19196000000.0,70074000000.0,2771400000.0,2771800000.0,2812900000.0
Johnson & Johnson,JNJ,549300G0CFPGEF6X2043,200406,2015.0,Q4,2015-09-28,2016-01-03,,1.17,1.17,0.75,1.14,543000000.0,3215000000.0,3215000000.0,3215000000.0,,5673000000.0,17811000000.0,1205000000.0,3078000000.0,509000000.0,5891000000.0,5673000000.0,12138000000.0,160000000.0,53000000.0,9478000000.0,2660000000.0,1098000000.0,3758000000.0,17811000000.0,2771400000.0,2771800000.0,2812900000.0
Johnson & Johnson,JNJ,549300G0CFPGEF6X2043,200406,2015.0,Q3,2015-06-29,2015-09-27,2016-11-04 16:03:27+00:00,1.21,1.21,0.75,1.2,764000000.0,3358000000.0,3358000000.0,3358000000.0,,5224000000.0,17102000000.0,-420000000.0,2164000000.0,0.0,5081000000.0,5224000000.0,11878000000.0,123000000.0,32000000.0,7245000000.0,4633000000.0,-511000000.0,4122000000.0,17102000000.0,2775200000.0,2768400000.0,2807200000.0
Johnson & Johnson,JNJ,549300G0CFPGEF6X2043,200406,2015.0,Q3YTD,2014-12-29,2015-09-27,,4.39,4.39,2.2,4.34,3244000000.0,12194000000.0,12194000000.0,12194000000.0,,15863000000.0,52263000000.0,859000000.0,6192000000.0,,15312000000.0,15863000000.0,36400000000.0,392000000.0,75000000.0,21504000000.0,14896000000.0,542000000.0,15438000000.0,52263000000.0,2775200000.0,2768400000.0,2807200000.0
Johnson & Johnson,JNJ,549300G0CFPGEF6X2043,200406,2015.0,Q3TTM,2014-09-29,2015-09-27,,5.3,5.3,2.9,5.23,3426000000.0,14715000000.0,14715000000.0,14715000000.0,,21716000000.0,70517000000.0,-104000000.0,8983000000.0,,21134000000.0,21716000000.0,48801000000.0,531000000.0,92000000.0,30117000000.0,18684000000.0,-543000000.0,18141000000.0,70517000000.0,2775200000.0,2768400000.0,2807200000.0
Johnson & Johnson,JNJ,549300G0CFPGEF6X2043,200406,2015.0,Q2,2015-03-30,2015-06-28,2016-08-04 16:08:40+00:00,1.63,1.63,0.75,1.61,1225000000.0,4516000000.0,4516000000.0,4516000000.0,,5357000000.0,17787000000.0,931000000.0,2129000000.0,0.0,5384000000.0,5357000000.0,12430000000.0,131000000.0,24000000.0,7513000000.0,4917000000.0,824000000.0,5741000000.0,17787000000.0,2770600000.0,2772300000.0,2812000000.0
Johnson & Johnson,JNJ,549300G0CFPGEF6X2043,200406,2015.0,Q2YTD,2014-12-29,2015-06-28,,3.18,3.18,1.45,3.14,2480000000.0,8836000000.0,8836000000.0,8836000000.0,,10639000000.0,35161000000.0,1279000000.0,4028000000.0,,10231000000.0,10639000000.0,24522000000.0,269000000.0,43000000.0,14259000000.0,10263000000.0,1053000000.0,11316000000.0,35161000000.0,2770600000.0,2772300000.0,2812000000.0
Johnson & Johnson,JNJ,549300G0CFPGEF6X2043,200406,2015.0,Q2TTM,2014-06-30,2015-06-28,,5.78,5.78,2.85,5.69,4723000000.0,16106000000.0,16106000000.0,16106000000.0,,21891000000.0,71882000000.0,1661000000.0,8842000000.0,,21521000000.0,21891000000.0,49991000000.0,538000000.0,78000000.0,30363000000.0,19628000000.0,1201000000.0,20829000000.0,71882000000.0,2770600000.0,2772300000.0,2812000000.0
Johnson & Johnson,JNJ,549300G0CFPGEF6X2043,200406,2015.0,Q1,2014-12-29,2015-03-29,2016-05-09 17:52:06+00:00,1.55,1.55,0.7,1.53,1255000000.0,4320000000.0,4320000000.0,4320000000.0,,5282000000.0,17374000000.0,348000000.0,1899000000.0,0.0,4847000000.0,5282000000.0,12092000000.0,138000000.0,19000000.0,6746000000.0,5346000000.0,229000000.0,5575000000.0,17374000000.0,2787100000.0,2782600000.0,2826000000.0
Johnson & Johnson,JNJ,549300G0CFPGEF6X2043,200406,2015.0,Q1TTM,2014-03-31,2015-03-29,,5.68,5.68,2.8,5.59,4798000000.0,15916000000.0,15916000000.0,15916000000.0,,22573000000.0,73590000000.0,504000000.0,8722000000.0,,21618000000.0,22573000000.0,51017000000.0,535000000.0,68000000.0,30340000000.0,20677000000.0,37000000.0,20714000000.0,73590000000.0,2787100000.0,2782600000.0,2826000000.0
Johnson & Johnson,JNJ,549300G0CFPGEF6X2043,200406,2016.0,FY,2016-01-04,2017-01-01,2019-02-20 16:40:34+00:00,6.04,6.04,3.15,5.93,3263000000.0,16540000000.0,16540000000.0,16540000000.0,,21789000000.0,71890000000.0,-210000000.0,9172000000.0,491000000.0,20067000000.0,21789000000.0,50101000000.0,726000000.0,368000000.0,29730000000.0,20371000000.0,-568000000.0,19803000000.0,71890000000.0,2738400000.0,2737300000.0,2788900000.0
Johnson & Johnson,JNJ,549300G0CFPGEF6X2043,200406,2016.0,Q4,2016-10-03,2017-01-01,,1.4,1.4,0.8,1.38,510000000.0,3814000000.0,3814000000.0,3814000000.0,,5638000000.0,18106000000.0,254000000.0,2688000000.0,195000000.0,5431000000.0,5638000000.0,12468000000.0,184000000.0,100000000.0,8314000000.0,4154000000.0,170000000.0,4324000000.0,18106000000.0,2738400000.0,2737300000.0,2788900000.0
Johnson & Johnson,JNJ,549300G0CFPGEF6X2043,200406,2016.0,Q3,2016-07-04,2016-10-02,2017-11-02 16:13:40+00:00,1.56,1.56,0.8,1.53,1009000000.0,4272000000.0,4272000000.0,4272000000.0,,5486000000.0,17820000000.0,54000000.0,2178000000.0,62000000.0,4772000000.0,5486000000.0,12334000000.0,192000000.0,97000000.0,7012000000.0,5322000000.0,-41000000.0,5281000000.0,17820000000.0,2738500000.0,2731600000.0,2785400000.0
Johnson & Johnson,JNJ,549300G0CFPGEF6X2043,200406,2016.0,Q3YTD,2016-01-04,2016-10-02,,4.64,4.64,2.35,4.55,2753000000.0,12726000000.0,12726000000.0,12726000000.0,,16151000000.0,53784000000.0,-464000000.0,6484000000.0,296000000.0,14636000000.0,16151000000.0,37633000000.0,542000000.0,268000000.0,21416000000.0,16217000000.0,-738000000.0,15479000000.0,53784000000.0,2738500000.0,2731600000.0,2785400000.0
Johnson & Johnson,JNJ,549300G0CFPGEF6X2043,200406,2016.0,Q3TTM,2015-09-28,2016-10-02,,5.81,5.81,3.1,5.69,3296000000.0,15941000000.0,15941000000.0,15941000000.0,,21824000000.0,71595000000.0,741000000.0,9562000000.0,805000000.0,20527000000.0,21824000000.0,49771000000.0,702000000.0,321000000.0,30894000000.0,18877000000.0,360000000.0,19237000000.0,71595000000.0,2738500000.0,2731600000.0,2785400000.0
Johnson & Johnson,JNJ,549300G0CFPGEF6X2043,200406,2016.0,Q2,2016-04-04,2016-07-03,2017-08-03 16:30:16+00:00,1.46,1.46,0.8,1.43,907000000.0,3997000000.0,3997000000.0,3997000000.0,,5336000000.0,18482000000.0,-557000000.0,2293000000.0,114000000.0,5176000000.0,5336000000.0,13146000000.0,190000000.0,88000000.0,7583000000.0,5563000000.0,-659000000.0,4904000000.0,18482000000.0,2737700000.0,2745400000.0,2794200000.0
Johnson & Johnson,JNJ,549300G0CFPGEF6X2043,200406,2016.0,Q2YTD,2016-01-04,2016-07-03,,3.08,3.08,1.55,3.02,1744000000.0,8454000000.0,8454000000.0,8454000000.0,,10665000000.0,35964000000.0,-518000000.0,4306000000.0,234000000.0,9864000000.0,10665000000.0,25299000000.0,350000000.0,171000000.0,14404000000.0,10895000000.0,-697000000.0,10198000000.0,35964000000.0,2737700000.0,2745400000.0,2794200000.0
Johnson & Johnson,JNJ,549300G0CFPGEF6X2043,200406,2016.0,Q2TTM,2015-06-29,2016-07-03,,5.46,5.46,3.05,5.36,3051000000.0,15027000000.0,15027000000.0,15027000000.0,,21562000000.0,70877000000.0,267000000.0,9548000000.0,743000000.0,20836000000.0,21562000000.0,49315000000.0,633000000.0,256000000.0,31127000000.0,18188000000.0,-110000000.0,18078000000.0,70877000000.0,2737700000.0,2745400000.0,2794200000.0
Johnson & Johnson,JNJ,549300G0CFPGEF6X2043,200406,2016.0,Q1,2016-01-04,2016-04-03,2017-05-08 16:19:31+00:00,1.62,1.62,0.75,1.59,837000000.0,4457000000.0,4457000000.0,4457000000.0,,5329000000.0,17482000000.0,39000000.0,2013000000.0,120000000.0,4688000000.0,5329000000.0,12153000000.0,160000000.0,83000000.0,6821000000.0,5332000000.0,-38000000.0,5294000000.0,17482000000.0,2751200000.0,2757200000.0,2803800000.0
Johnson & Johnson,JNJ,549300G0CFPGEF6X2043,200406,2016.0,Q1TTM,2015-03-30,2016-04-03,,5.63,5.63,3.0,5.54,3369000000.0,15546000000.0,15546000000.0,15546000000.0,,21583000000.0,70182000000.0,1755000000.0,9384000000.0,629000000.0,21044000000.0,21583000000.0,48599000000.0,574000000.0,192000000.0,31057000000.0,17542000000.0,1373000000.0,18915000000.0,70182000000.0,2751200000.0,2757200000.0,2803800000.0
Johnson & Johnson,JNJ,549300G0CFPGEF6X2043,200406,2017.0,FY,2017-01-02,2017-12-31,2020-02-18 16:34:21+00:00,0.48,0.48,3.32,0.47,16373000000.0,1300000000.0,1300000000.0,1300000000.0,,25439000000.0,76450000000.0,42000000.0,11002000000.0,309000000.0,21520000000.0,25439000000.0,51011000000.0,934000000.0,385000000.0,32831000000.0,18180000000.0,-507000000.0,17673000000.0,76450000000.0,2708300000.0,2692000000.0,2745300000.0
Johnson & Johnson,JNJ,549300G0CFPGEF6X2043,200406,2017.0,Q4,2017-10-02,2017-12-31,,-3.97,-3.97,0.84,-3.91,13273000000.0,-10713000000.0,-10713000000.0,-10713000000.0,,7259000000.0,20195000000.0,53000000.0,4051000000.0,144000000.0,6045000000.0,7259000000.0,12936000000.0,274000000.0,85000000.0,10240000000.0,2696000000.0,-136000000.0,2560000000.0,20195000000.0,2708300000.0,2692000000.0,2745300000.0
Johnson & Johnson,JNJ,549300G0CFPGEF6X2043,200406,2017.0,Q3,2017-07-03,2017-10-01,2018-10-31 16:12:26+00:00,1.4,1.4,0.84,1.37,1026000000.0,3764000000.0,3764000000.0,3764000000.0,,6925000000.0,19650000000.0,297000000.0,2585000000.0,69000000.0,5423000000.0,6925000000.0,12725000000.0,229000000.0,74000000.0,8077000000.0,4648000000.0,142000000.0,4790000000.0,19650000000.0,2688600000.0,2684600000.0,2737700000.0
Johnson & Johnson,JNJ,549300G0CFPGEF6X2043,200406,2017.0,Q3YTD,2017-01-02,2017-10-01,,4.45,4.45,2.48,4.38,3100000000.0,12013000000.0,12013000000.0,12013000000.0,,18180000000.0,56255000000.0,-11000000.0,6951000000.0,165000000.0,15475000000.0,18180000000.0,38075000000.0,660000000.0,300000000.0,22591000000.0,15484000000.0,-371000000.0,15113000000.0,56255000000.0,2688600000.0,2684600000.0,2737700000.0
Johnson & Johnson,JNJ,549300G0CFPGEF6X2043,200406,2017.0,Q3TTM,2016-10-03,2017-10-01,,5.85,5.85,3.28,5.76,3610000000.0,15827000000.0,15827000000.0,15827000000.0,,23818000000.0,74361000000.0,243000000.0,9639000000.0,360000000.0,20906000000.0,23818000000.0,50543000000.0,844000000.0,400000000.0,30905000000.0,19638000000.0,-201000000.0,19437000000.0,74361000000.0,2688600000.0,2684600000.0,2737700000.0
Johnson & Johnson,JNJ,549300G0CFPGEF6X2043,200406,2017.0,Q2,2017-04-03,2017-07-02,2018-08-01 20:08:32+00:00,1.42,1.42,0.84,1.4,921000000.0,3827000000.0,3827000000.0,3827000000.0,,5846000000.0,18839000000.0,-527000000.0,2296000000.0,11000000.0,5289000000.0,5846000000.0,12993000000.0,227000000.0,105000000.0,7596000000.0,5397000000.0,-649000000.0,4748000000.0,18839000000.0,2695100000.0,2691900000.0,2741500000.0
Johnson & Johnson,JNJ,549300G0CFPGEF6X2043,200406,2017.0,Q2YTD,2017-01-02,2017-07-02,,3.05,3.05,1.64,3.01,2074000000.0,8249000000.0,8249000000.0,8249000000.0,,11255000000.0,36605000000.0,-308000000.0,4366000000.0,96000000.0,10052000000.0,11255000000.0,25350000000.0,431000000.0,226000000.0,14514000000.0,10836000000.0,-513000000.0,10323000000.0,36605000000.0,2695100000.0,2691900000.0,2741500000.0
Johnson & Johnson,JNJ,549300G0CFPGEF6X2043,200406,2017.0,Q2TTM,2016-07-04,2017-07-02,,6.01,6.01,3.24,5.92,3593000000.0,16335000000.0,16335000000.0,16335000000.0,,22379000000.0,72531000000.0,,9232000000.0,353000000.0,20255000000.0,22379000000.0,50152000000.0,807000000.0,423000000.0,29840000000.0,20312000000.0,-384000000.0,19928000000.0,72531000000.0,2695100000.0,2691900000.0,2741500000.0
Johnson & Johnson,JNJ,549300G0CFPGEF6X2043,200406,2017.0,Q1,2017-01-02,2017-04-02,2018-05-01 16:35:56+00:00,1.63,1.63,0.8,1.61,1153000000.0,4422000000.0,4422000000.0,4422000000.0,,5409000000.0,17766000000.0,219000000.0,2070000000.0,85000000.0,4763000000.0,5409000000.0,12357000000.0,204000000.0,121000000.0,6918000000.0,5439000000.0,136000000.0,5575000000.0,17766000000.0,2712900000.0,2706600000.0,2754500000.0
Johnson & Johnson,JNJ,549300G0CFPGEF6X2043,200406,2017.0,Q1TTM,2016-04-04,2017-04-02,,6.05,6.05,3.2,5.95,3579000000.0,16505000000.0,16505000000.0,16505000000.0,,21869000000.0,72174000000.0,-30000000.0,9229000000.0,456000000.0,20142000000.0,21869000000.0,50305000000.0,770000000.0,406000000.0,29827000000.0,20478000000.0,-394000000.0,20084000000.0,72174000000.0,2712900000.0,2706600000.0,2754500000.0
Johnson & Johnson,JNJ,549300G0CFPGEF6X2043,200406,2018.0,FY,2018-01-01,2018-12-30,2020-02-18 16:34:21+00:00,5.7,5.7,3.54,5.61,2702000000.0,15297000000.0,15297000000.0,15297000000.0,,27091000000.0,81581000000.0,-1405000000.0,11901000000.0,251000000.0,22540000000.0,27091000000.0,54490000000.0,1005000000.0,611000000.0,34692000000.0,19798000000.0,-1799000000.0,17999000000.0,81581000000.0,2683700000.0,2681500000.0,2728700000.0
Johnson & Johnson,JNJ,549300G0CFPGEF6X2043,200406,2018.0,Q4,2018-10-01,2018-12-30,,1.13,1.13,0.9,1.12,80000000.0,3042000000.0,3042000000.0,3042000000.0,,6961000000.0,20394000000.0,-978000000.0,3224000000.0,64000000.0,5991000000.0,6961000000.0,13433000000.0,250000000.0,196000000.0,9279000000.0,4154000000.0,-1032000000.0,3122000000.0,20394000000.0,2683700000.0,2681500000.0,2728700000.0
Johnson & Johnson,JNJ,549300G0CFPGEF6X2043,200406,2018.0,Q3,2018-07-02,2018-09-30,2019-10-28 16:56:09+00:00,1.47,1.47,0.9,1.44,489000000.0,3934000000.0,3934000000.0,3934000000.0,,6589000000.0,20348000000.0,-3000000.0,3634000000.0,88000000.0,5543000000.0,6589000000.0,13759000000.0,243000000.0,175000000.0,9265000000.0,4494000000.0,-71000000.0,4423000000.0,20348000000.0,2676200000.0,2683200000.0,2727600000.0
Johnson & Johnson,JNJ,549300G0CFPGEF6X2043,200406,2018.0,Q3YTD,2018-01-01,2018-09-30,,4.57,4.57,2.64,4.49,2622000000.0,12255000000.0,12255000000.0,12255000000.0,,20130000000.0,61187000000.0,-427000000.0,8677000000.0,187000000.0,16549000000.0,20130000000.0,41057000000.0,755000000.0,415000000.0,25413000000.0,15644000000.0,-767000000.0,14877000000.0,61187000000.0,2676200000.0,2683200000.0,2727600000.0
Johnson & Johnson,JNJ,549300G0CFPGEF6X2043,200406,2018.0,Q3TTM,2017-10-02,2018-09-30,,0.6,0.6,3.48,0.58,15895000000.0,1542000000.0,1542000000.0,1542000000.0,,27389000000.0,81382000000.0,-374000000.0,12728000000.0,331000000.0,22594000000.0,27389000000.0,53993000000.0,1029000000.0,500000000.0,35653000000.0,18340000000.0,-903000000.0,17437000000.0,81382000000.0,2676200000.0,2683200000.0,2727600000.0
Johnson & Johnson,JNJ,549300G0CFPGEF6X2043,200406,2018.0,Q2,2018-04-02,2018-07-01,2019-07-29 16:15:43+00:00,1.47,1.47,0.9,1.45,1019000000.0,3954000000.0,3954000000.0,3954000000.0,,6927000000.0,20830000000.0,-364000000.0,2639000000.0,57000000.0,5743000000.0,6927000000.0,13903000000.0,253000000.0,126000000.0,8439000000.0,5464000000.0,-491000000.0,4973000000.0,20830000000.0,2689800000.0,2682300000.0,2721300000.0
Johnson & Johnson,JNJ,549300G0CFPGEF6X2043,200406,2018.0,Q2YTD,2018-01-01,2018-07-01,,3.1,3.1,1.74,3.05,2133000000.0,8321000000.0,8321000000.0,8321000000.0,,13541000000.0,40839000000.0,-424000000.0,5043000000.0,99000000.0,11006000000.0,13541000000.0,27298000000.0,512000000.0,240000000.0,16148000000.0,11150000000.0,-696000000.0,10454000000.0,40839000000.0,2689800000.0,2682300000.0,2721300000.0
Johnson & Johnson,JNJ,549300G0CFPGEF6X2043,200406,2018.0,Q2TTM,2017-07-03,2018-07-01,,0.53,0.53,3.42,0.51,16432000000.0,1372000000.0,1372000000.0,1372000000.0,,27725000000.0,80684000000.0,-74000000.0,11679000000.0,312000000.0,22474000000.0,27725000000.0,52959000000.0,1015000000.0,399000000.0,34465000000.0,18494000000.0,-690000000.0,17804000000.0,80684000000.0,2689800000.0,2682300000.0,2721300000.0
Johnson & Johnson,JNJ,549300G0CFPGEF6X2043,200406,2018.0,Q1,2018-01-01,2018-04-01,2019-05-01 16:33:42+00:00,1.63,1.63,0.84,1.6,1114000000.0,4367000000.0,4367000000.0,4367000000.0,,6614000000.0,20009000000.0,-60000000.0,2404000000.0,42000000.0,5263000000.0,6614000000.0,13395000000.0,259000000.0,114000000.0,7709000000.0,5686000000.0,-205000000.0,5481000000.0,20009000000.0,2679100000.0,2682200000.0,2731900000.0
Johnson & Johnson,JNJ,549300G0CFPGEF6X2043,200406,2018.0,Q1TTM,2017-04-03,2018-04-01,,0.48,0.48,3.36,0.46,16334000000.0,1245000000.0,1245000000.0,1245000000.0,,26644000000.0,78693000000.0,-237000000.0,11336000000.0,266000000.0,22020000000.0,26644000000.0,52049000000.0,989000000.0,378000000.0,33622000000.0,18427000000.0,-848000000.0,17579000000.0,78693000000.0,2679100000.0,2682200000.0,2731900000.0
Johnson & Johnson,JNJ,549300G0CFPGEF6X2043,200406,2019.0,Q4,2019-09-30,2019-12-29,,1.53,1.53,0.95,1.5,208000000.0,4010000000.0,4010000000.0,4010000000.0,,7134000000.0,20747000000.0,-16000000.0,3232000000.0,104000000.0,6039000000.0,7134000000.0,13613000000.0,85000000.0,81000000.0,9375000000.0,4238000000.0,-20000000.0,4218000000.0,20747000000.0,2643200000.0,2645100000.0,2684300000.0
Johnson & Johnson,JNJ,549300G0CFPGEF6X2043,200406,2019.0,FY,2018-12-31,2019-12-29,2020-02-18 16:34:21+00:00,5.72,5.72,3.75,5.63,2209000000.0,15119000000.0,15119000000.0,15119000000.0,,27556000000.0,82059000000.0,-2525000000.0,12245000000.0,266000000.0,22178000000.0,27556000000.0,54503000000.0,318000000.0,357000000.0,34689000000.0,19814000000.0,-2486000000.0,17328000000.0,82059000000.0,2643200000.0,2645100000.0,2684300000.0
Johnson & Johnson,JNJ,549300G0CFPGEF6X2043,200406,2019.0,Q3YTD,2018-12-31,2019-09-29,,4.19,4.19,2.8,4.13,2001000000.0,11109000000.0,11109000000.0,11109000000.0,,20422000000.0,61312000000.0,-2509000000.0,9013000000.0,162000000.0,16139000000.0,20422000000.0,40890000000.0,233000000.0,276000000.0,25314000000.0,15576000000.0,-2466000000.0,13110000000.0,61312000000.0,2616400000.0,2635200000.0,2669900000.0
Johnson & Johnson,JNJ,549300G0CFPGEF6X2043,200406,2019.0,Q3TTM,2018-10-01,2019-09-29,,5.32,5.32,3.7,5.25,2081000000.0,14151000000.0,14151000000.0,14151000000.0,,27383000000.0,81706000000.0,-3487000000.0,12237000000.0,226000000.0,22130000000.0,27383000000.0,54323000000.0,483000000.0,472000000.0,34593000000.0,19730000000.0,-3498000000.0,16232000000.0,81706000000.0,2616400000.0,2635200000.0,2669900000.0
Johnson & Johnson,JNJ,549300G0CFPGEF6X2043,200406,2019.0,Q3,2019-07-01,2019-09-29,2019-10-28 16:56:09+00:00,0.67,0.67,0.95,0.66,-106000000.0,1753000000.0,1753000000.0,1753000000.0,,6867000000.0,20729000000.0,-4214000000.0,2599000000.0,69000000.0,5374000000.0,6867000000.0,13862000000.0,48000000.0,89000000.0,8042000000.0,5820000000.0,-4173000000.0,1647000000.0,20729000000.0,2616400000.0,2635200000.0,2669900000.0
Johnson & Johnson,JNJ,549300G0CFPGEF6X2043,200406,2019.0,Q2YTD,2018-12-31,2019-06-30,,3.52,3.52,1.85,3.47,2107000000.0,9356000000.0,9356000000.0,9356000000.0,,13555000000.0,40583000000.0,1705000000.0,6414000000.0,93000000.0,10765000000.0,13555000000.0,27028000000.0,185000000.0,187000000.0,17272000000.0,9756000000.0,1707000000.0,11463000000.0,40583000000.0,2657300000.0,2652500000.0,2691700000.0
Johnson & Johnson,JNJ,549300G0CFPGEF6X2043,200406,2019.0,Q2TTM,2018-07-02,2019-06-30,,6.12,6.12,3.65,6.03,2676000000.0,16332000000.0,16332000000.0,16332000000.0,,27105000000.0,81325000000.0,724000000.0,13272000000.0,245000000.0,22299000000.0,27105000000.0,54220000000.0,678000000.0,558000000.0,35816000000.0,18404000000.0,604000000.0,19008000000.0,81325000000.0,2657300000.0,2652500000.0,2691700000.0
Johnson & Johnson,JNJ,549300G0CFPGEF6X2043,200406,2019.0,Q2,2019-04-01,2019-06-30,2019-07-29 16:15:43+00:00,2.11,2.11,0.95,2.08,1434000000.0,5607000000.0,5607000000.0,5607000000.0,,6940000000.0,20562000000.0,1683000000.0,2666000000.0,57000000.0,5546000000.0,6940000000.0,13622000000.0,83000000.0,88000000.0,8269000000.0,5353000000.0,1688000000.0,7041000000.0,20562000000.0,2657300000.0,2652500000.0,2691700000.0
Johnson & Johnson,JNJ,549300G0CFPGEF6X2043,200406,2019.0,Q1,2018-12-31,2019-03-31,2020-04-29 16:46:01+00:00,1.41,1.41,0.9,1.39,673000000.0,3749000000.0,3749000000.0,3749000000.0,,6615000000.0,20021000000.0,22000000.0,3748000000.0,36000000.0,5219000000.0,6615000000.0,13406000000.0,102000000.0,99000000.0,9003000000.0,4403000000.0,19000000.0,4422000000.0,20021000000.0,2658900000.0,2660800000.0,2698800000.0
Johnson & Johnson,JNJ,549300G0CFPGEF6X2043,200406,2019.0,Q1TTM,2018-04-02,2019-03-31,,5.48,5.48,3.6,5.4,2261000000.0,14679000000.0,14679000000.0,14679000000.0,,27092000000.0,81593000000.0,-1323000000.0,13245000000.0,245000000.0,22496000000.0,27092000000.0,54501000000.0,848000000.0,596000000.0,35986000000.0,18515000000.0,-1575000000.0,16940000000.0,81593000000.0,2658900000.0,2660800000.0,2698800000.0
Johnson & Johnson,JNJ,549300G0CFPGEF6X2043,200406,2020.0,Q1TTM,2019-04-01,2020-03-29,,6.51,6.51,3.8,6.41,2249000000.0,17166000000.0,17166000000.0,17166000000.0,,28003000000.0,82729000000.0,-1868000000.0,11077000000.0,288000000.0,22162000000.0,28003000000.0,54726000000.0,241000000.0,325000000.0,33527000000.0,21199000000.0,-1784000000.0,19415000000.0,82729000000.0,2634500000.0,2633700000.0,2671000000.0
Johnson & Johnson,JNJ,549300G0CFPGEF6X2043,200406,2020.0,Q1,2019-12-30,2020-03-29,2020-04-29 16:46:01+00:00,2.2,2.2,0.95,2.17,713000000.0,5796000000.0,5796000000.0,5796000000.0,,7062000000.0,20691000000.0,679000000.0,2580000000.0,58000000.0,5203000000.0,7062000000.0,13629000000.0,25000000.0,67000000.0,7841000000.0,5788000000.0,721000000.0,6509000000.0,20691000000.0,2634500000.0,2633700000.0,2671000000.0
