company_name,company_ticker,company_lei,company_cik,year,quarter,start_date,end_date,filing_date,basicdilutedeps,basiceps,cashdividendspershare,dilutedeps,incometaxexpense,marketingexpense,netincome,netincomecontinuing,netincometocommon,netincometononcontrollinginterest,operatingcostofrevenue,operatingrevenue,othercostofrevenue,otherincome,otheroperatingexpenses,otherrevenue,otherspecialcharges,rdexpense,sgaexpense,totalcostofrevenue,totalgrossprofit,totalinterestexpense,totalinterestincome,totaloperatingexpenses,totaloperatingincome,totalotherincome,totalpretaxincome,totalrevenue,weightedavebasicdilutedsharesos,weightedavebasicsharesos,weightedavedilutedsharesos
Salesforce.com Inc,CRM,RCGZFPDMRW58VJ54VR07,1108524,2008.0,Q2,2008-05-01,2008-07-31,2009-08-25 13:09:38+00:00,0.08,0.08,,0.08,10558000.0,130774000.0,11408000.0,11408000.0,9996000.0,1412000.0,54091000.0,263077000.0,,-840000.0,,,,24033000.0,38081000.0,54091000.0,208986000.0,-6708000.0,,192888000.0,16098000.0,5868000.0,21966000.0,263077000.0,125000000.0,120863000.0,125626000.0
Salesforce.com Inc,CRM,RCGZFPDMRW58VJ54VR07,1108524,2008.0,FY,2007-02-01,2008-01-31,2010-03-11 15:32:20+00:00,0.16,0.16,,0.15,23385000.0,376480000.0,22828000.0,22828000.0,18356000.0,4472000.0,171591000.0,748700000.0,,139000.0,,,,63812000.0,116508000.0,171591000.0,577109000.0,46000.0,25811000.0,556800000.0,20309000.0,25904000.0,46213000.0,748700000.0,114700000.0,116840000.0,122422000.0
Salesforce.com Inc,CRM,RCGZFPDMRW58VJ54VR07,1108524,2009.0,FY,2008-02-01,2009-01-31,2011-03-23 17:01:37+00:00,0.36,0.36,,0.35,37557000.0,534413000.0,48035000.0,48035000.0,43428000.0,4607000.0,220471000.0,1076769000.0,,-817000.0,,,,99530000.0,158613000.0,220471000.0,856298000.0,107000.0,22774000.0,792556000.0,63742000.0,21850000.0,85592000.0,1076769000.0,120600000.0,121183000.0,125228000.0
Salesforce.com Inc,CRM,RCGZFPDMRW58VJ54VR07,1108524,2009.0,Q3,2008-08-01,2008-10-31,2009-11-25 15:34:43+00:00,0.08,0.08,,0.08,8824000.0,136452000.0,11683000.0,11683000.0,10124000.0,1559000.0,56348000.0,276487000.0,,534000.0,,,,26270000.0,41284000.0,56348000.0,220139000.0,-3840000.0,,204006000.0,16133000.0,4374000.0,20507000.0,276487000.0,126600000.0,121635000.0,125133000.0
Salesforce.com Inc,CRM,RCGZFPDMRW58VJ54VR07,1108524,2010.0,FY,2009-02-01,2010-01-31,2012-03-09 17:17:10+00:00,0.65,0.65,,0.63,57689000.0,605199000.0,84692000.0,84692000.0,80719000.0,3973000.0,257925000.0,1305583000.0,,-1299000.0,,,,131897000.0,195290000.0,257925000.0,1047658000.0,2000000.0,30408000.0,932386000.0,115272000.0,27109000.0,142381000.0,1305583000.0,124200000.0,124462000.0,128114000.0
Salesforce.com Inc,CRM,RCGZFPDMRW58VJ54VR07,1108524,2010.0,Q3,2009-08-01,2009-10-31,2010-11-24 17:02:26+00:00,0.17,0.17,,0.16,15573000.0,152166000.0,21443000.0,21443000.0,20691000.0,752000.0,40745000.0,306870000.0,24825000.0,-336000.0,,23679000.0,,32763000.0,49909000.0,65570000.0,264979000.0,292000.0,7503000.0,234838000.0,30141000.0,6875000.0,37016000.0,330549000.0,121700000.0,124561000.0,128596000.0
Salesforce.com Inc,CRM,RCGZFPDMRW58VJ54VR07,1108524,2010.0,Q1,2009-02-01,2009-04-30,2010-05-28 15:43:29+00:00,0.15,0.15,,0.15,15823000.0,138267000.0,18993000.0,18993000.0,18436000.0,557000.0,61800000.0,304924000.0,,371000.0,,,,31584000.0,43150000.0,61800000.0,243124000.0,208000.0,4530000.0,213001000.0,30123000.0,4693000.0,34816000.0,304924000.0,122900000.0,123206000.0,125349000.0
Salesforce.com Inc,CRM,RCGZFPDMRW58VJ54VR07,1108524,2011.0,Q4,2010-11-01,2011-01-31,,0.08,0.08,0.15,0.08,-6491000.0,233217000.0,10870000.0,10870000.0,10913000.0,-43000.0,92311000.0,456867000.0,,-1366000.0,,,,57530000.0,74200000.0,92311000.0,364556000.0,3290000.0,9426000.0,364947000.0,-391000.0,4770000.0,4379000.0,456867000.0,128900000.0,130222000.0,136598000.0
Salesforce.com Inc,CRM,RCGZFPDMRW58VJ54VR07,1108524,2011.0,FY,2010-02-01,2011-01-31,2013-03-08 17:07:01+00:00,0.5,0.5,,0.47,34601000.0,792029000.0,69697000.0,69697000.0,64474000.0,5223000.0,323813000.0,1657139000.0,,-6025000.0,,,,187887000.0,255913000.0,323813000.0,1333326000.0,24909000.0,37735000.0,1235829000.0,97497000.0,6801000.0,104298000.0,1657139000.0,128900000.0,130222000.0,136598000.0
Salesforce.com Inc,CRM,RCGZFPDMRW58VJ54VR07,1108524,2011.0,Q3YTD,2010-02-01,2010-10-31,,0.41,0.41,1.16,0.41,41092000.0,558812000.0,58827000.0,58827000.0,53561000.0,5266000.0,231502000.0,1200272000.0,,-4659000.0,,,,130357000.0,181713000.0,231502000.0,968770000.0,21619000.0,28309000.0,870882000.0,97888000.0,2031000.0,99919000.0,1200272000.0,131700000.0,130888000.0,137044000.0
Salesforce.com Inc,CRM,RCGZFPDMRW58VJ54VR07,1108524,2011.0,Q3,2010-08-01,2010-10-31,2011-11-29 17:10:32+00:00,0.16,0.16,,0.15,16192000.0,200544000.0,22368000.0,22368000.0,21072000.0,1296000.0,82131000.0,429087000.0,,-921000.0,,,,47305000.0,63951000.0,82131000.0,346956000.0,7374000.0,11699000.0,311800000.0,35156000.0,3404000.0,38560000.0,429087000.0,131700000.0,130888000.0,137044000.0
Salesforce.com Inc,CRM,RCGZFPDMRW58VJ54VR07,1108524,2011.0,Q2YTD,2010-02-01,2010-07-31,,0.25,0.25,0.01,0.25,24900000.0,358268000.0,36459000.0,36459000.0,32489000.0,3970000.0,149371000.0,771185000.0,,-3738000.0,,,,83052000.0,117762000.0,149371000.0,621814000.0,14245000.0,16610000.0,559082000.0,62732000.0,-1373000.0,61359000.0,771185000.0,134000000.0,129462000.0,134176000.0
Salesforce.com Inc,CRM,RCGZFPDMRW58VJ54VR07,1108524,2011.0,Q2,2010-05-01,2010-07-31,2011-09-06 15:52:57+00:00,0.11,0.11,,0.11,12884000.0,182401000.0,16583000.0,16583000.0,14744000.0,1839000.0,77790000.0,394372000.0,,-1765000.0,,,,42930000.0,61569000.0,77790000.0,316582000.0,7185000.0,8735000.0,286900000.0,29682000.0,-215000.0,29467000.0,394372000.0,134000000.0,129462000.0,134176000.0
Salesforce.com Inc,CRM,RCGZFPDMRW58VJ54VR07,1108524,2011.0,Q1TTM,2009-05-01,2010-04-30,,0.63,0.63,0.01,0.63,53882000.0,642799000.0,85575000.0,85575000.0,80028000.0,5547000.0,267706000.0,1377472000.0,,-3643000.0,,,,140435000.0,208333000.0,267706000.0,1109766000.0,8852000.0,33753000.0,991567000.0,118199000.0,21258000.0,139457000.0,1377472000.0,126800000.0,128032000.0,132251000.0
Salesforce.com Inc,CRM,RCGZFPDMRW58VJ54VR07,1108524,2011.0,Q1,2010-02-01,2010-04-30,2011-05-26 16:45:57+00:00,0.14,0.14,,0.13,12016000.0,175867000.0,19876000.0,19876000.0,17745000.0,2131000.0,71581000.0,376813000.0,,-1973000.0,,,,40122000.0,56193000.0,71581000.0,305232000.0,7060000.0,7875000.0,272182000.0,33050000.0,-1158000.0,31892000.0,376813000.0,126800000.0,128032000.0,132251000.0
Salesforce.com Inc,CRM,RCGZFPDMRW58VJ54VR07,1108524,2012.0,Q4,2011-11-01,2012-01-31,,-0.01,-0.01,,-0.01,-3457000.0,327567000.0,-4078000.0,-4078000.0,-4078000.0,,136345000.0,631913000.0,,-454000.0,,,,80613000.0,93765000.0,136345000.0,495568000.0,5669000.0,4965000.0,501945000.0,-6377000.0,-1158000.0,-7535000.0,631913000.0,578600000.0,541208000.0,541208000.0
Salesforce.com Inc,CRM,RCGZFPDMRW58VJ54VR07,1108524,2012.0,FY,2011-02-01,2012-01-31,2014-03-05 17:19:50+00:00,-0.02,-0.02,,-0.02,-21745000.0,1169610000.0,-11572000.0,-11572000.0,-11572000.0,,488886000.0,2266539000.0,,-4455000.0,,,,295347000.0,347781000.0,488886000.0,1777653000.0,17045000.0,23268000.0,1812738000.0,-35085000.0,1768000.0,-33317000.0,2266539000.0,578600000.0,541208000.0,541208000.0
Salesforce.com Inc,CRM,RCGZFPDMRW58VJ54VR07,1108524,2012.0,Q3YTD,2011-02-01,2011-10-31,,-0.06,-0.06,,-0.06,-18288000.0,842043000.0,-7494000.0,-7494000.0,-7494000.0,,352541000.0,1634626000.0,,-4001000.0,,,,214734000.0,254016000.0,352541000.0,1282085000.0,11376000.0,18303000.0,1310793000.0,-28708000.0,2926000.0,-25782000.0,1634626000.0,125200000.0,135847000.0,135847000.0
Salesforce.com Inc,CRM,RCGZFPDMRW58VJ54VR07,1108524,2012.0,Q3TTM,2010-11-01,2011-10-31,,0.03,0.03,0.15,0.03,-24779000.0,1075260000.0,3376000.0,3376000.0,3419000.0,-43000.0,444852000.0,2091493000.0,,-5367000.0,,,,272264000.0,328216000.0,444852000.0,1646641000.0,14666000.0,27729000.0,1675740000.0,-29099000.0,7696000.0,-21403000.0,2091493000.0,125200000.0,135847000.0,135847000.0
Salesforce.com Inc,CRM,RCGZFPDMRW58VJ54VR07,1108524,2012.0,Q3,2011-08-01,2011-10-31,2012-11-28 16:55:47+00:00,-0.03,-0.03,,-0.03,-5094000.0,304571000.0,-3756000.0,-3756000.0,-3756000.0,,128565000.0,584260000.0,,30000.0,,,,76049000.0,85232000.0,128565000.0,455695000.0,3859000.0,5136000.0,465852000.0,-10157000.0,1307000.0,-8850000.0,584260000.0,125200000.0,135847000.0,135847000.0
Salesforce.com Inc,CRM,RCGZFPDMRW58VJ54VR07,1108524,2012.0,Q2YTD,2011-02-01,2011-07-31,,-0.03,-0.03,,-0.03,-13194000.0,537472000.0,-3738000.0,-3738000.0,-3738000.0,,223976000.0,1050366000.0,,-4031000.0,,,,138685000.0,168784000.0,223976000.0,826390000.0,7517000.0,13167000.0,844941000.0,-18551000.0,1619000.0,-16932000.0,1050366000.0,142300000.0,135093000.0,135093000.0
Salesforce.com Inc,CRM,RCGZFPDMRW58VJ54VR07,1108524,2012.0,Q2TTM,2010-08-01,2011-07-31,,0.21,0.21,1.26,0.21,-3493000.0,971233000.0,29500000.0,29500000.0,28247000.0,1253000.0,398418000.0,1936320000.0,,-6318000.0,,,,243520000.0,306935000.0,398418000.0,1537902000.0,18181000.0,34292000.0,1521688000.0,16214000.0,9793000.0,26007000.0,1936320000.0,142300000.0,135093000.0,135093000.0
Salesforce.com Inc,CRM,RCGZFPDMRW58VJ54VR07,1108524,2012.0,Q2,2011-05-01,2011-07-31,2012-08-31 17:01:27+00:00,-0.03,-0.03,,-0.03,-13445000.0,283001000.0,-4268000.0,-4268000.0,-4268000.0,,120910000.0,546002000.0,,-3231000.0,,,,73393000.0,84446000.0,120910000.0,425092000.0,3846000.0,5112000.0,440840000.0,-15748000.0,-1965000.0,-17713000.0,546002000.0,142300000.0,135093000.0,135093000.0
Salesforce.com Inc,CRM,RCGZFPDMRW58VJ54VR07,1108524,2012.0,Q1TTM,2010-05-01,2011-04-30,,0.35,0.35,1.28,0.35,22836000.0,870633000.0,50351000.0,50351000.0,47259000.0,3092000.0,355298000.0,1784690000.0,,-4852000.0,,,,213057000.0,284058000.0,355298000.0,1429392000.0,21520000.0,37915000.0,1367748000.0,61644000.0,11543000.0,73187000.0,1784690000.0,,133454000.0,141062000.0
Salesforce.com Inc,CRM,RCGZFPDMRW58VJ54VR07,1108524,2012.0,Q1,2011-02-01,2011-04-30,2012-05-25 15:39:38+00:00,0.0,0.0,,0.0,251000.0,254471000.0,530000.0,530000.0,530000.0,,103066000.0,504364000.0,,-800000.0,,,,65292000.0,84338000.0,103066000.0,401298000.0,3671000.0,8055000.0,404101000.0,-2803000.0,3584000.0,781000.0,504364000.0,,133454000.0,141062000.0
Salesforce.com Inc,CRM,RCGZFPDMRW58VJ54VR07,1108524,2013.0,Q4,2012-11-01,2013-01-31,,-0.04,-0.04,,-0.04,-5199000.0,435570000.0,-20844000.0,-20844000.0,-20844000.0,,183362000.0,882479000.0,,-922000.0,,-47798000.0,,121187000.0,115369000.0,183362000.0,651319000.0,8355000.0,4041000.0,672126000.0,-20807000.0,-5236000.0,-26043000.0,834681000.0,563400000.0,564896000.0,564896000.0
Salesforce.com Inc,CRM,RCGZFPDMRW58VJ54VR07,1108524,2013.0,FY,2012-02-01,2013-01-31,2015-03-05 18:19:38+00:00,-0.48,-0.48,,-0.48,142651000.0,1614026000.0,-270445000.0,-270445000.0,-270445000.0,,683579000.0,3050195000.0,,-5698000.0,,,,429479000.0,433821000.0,683579000.0,2366616000.0,30948000.0,19562000.0,2477326000.0,-110710000.0,-17084000.0,-127794000.0,3050195000.0,563400000.0,564896000.0,564896000.0
Salesforce.com Inc,CRM,RCGZFPDMRW58VJ54VR07,1108524,2013.0,Q3,2012-08-01,2012-10-31,2013-11-25 17:08:28+00:00,-0.39,-0.39,,-0.39,157446000.0,428507000.0,-220297000.0,-220297000.0,-220297000.0,,186248000.0,740600000.0,,-4360000.0,,47798000.0,,114074000.0,113757000.0,186248000.0,602150000.0,8190000.0,3887000.0,656338000.0,-54188000.0,-8663000.0,-62851000.0,788398000.0,564900000.0,568812000.0,568812000.0
Salesforce.com Inc,CRM,RCGZFPDMRW58VJ54VR07,1108524,2013.0,Q3YTD,2012-02-01,2012-10-31,,-0.44,-0.44,,-0.44,147850000.0,1178456000.0,-249601000.0,-249601000.0,-249601000.0,,500217000.0,2167716000.0,,-4776000.0,,47798000.0,,308292000.0,318452000.0,500217000.0,1715297000.0,22593000.0,15521000.0,1805200000.0,-89903000.0,-11848000.0,-101751000.0,2215514000.0,564900000.0,568812000.0,568812000.0
Salesforce.com Inc,CRM,RCGZFPDMRW58VJ54VR07,1108524,2013.0,Q3TTM,2011-11-01,2012-10-31,,-0.45,-0.45,,-0.45,144393000.0,1506023000.0,-253679000.0,-253679000.0,-253679000.0,,636562000.0,2799629000.0,,-5230000.0,,47798000.0,,388905000.0,412217000.0,636562000.0,2210865000.0,28262000.0,20486000.0,2307145000.0,-96280000.0,-13006000.0,-109286000.0,2847427000.0,564900000.0,568812000.0,568812000.0
Salesforce.com Inc,CRM,RCGZFPDMRW58VJ54VR07,1108524,2013.0,Q2YTD,2012-02-01,2012-07-31,,-0.05,-0.05,,-0.05,-9596000.0,749949000.0,-29304000.0,-29304000.0,-29304000.0,,313969000.0,1427116000.0,,-416000.0,,,,194218000.0,204695000.0,313969000.0,1113147000.0,14403000.0,11634000.0,1148862000.0,-35715000.0,-3185000.0,-38900000.0,1427116000.0,491500000.0,557700000.0,557700000.0
Salesforce.com Inc,CRM,RCGZFPDMRW58VJ54VR07,1108524,2013.0,Q2TTM,2011-08-01,2012-07-31,,-0.07,-0.07,,-0.07,-18147000.0,1382087000.0,-37138000.0,-37138000.0,-37138000.0,,578879000.0,2643289000.0,,-840000.0,,,,350880000.0,383692000.0,578879000.0,2064410000.0,23931000.0,21735000.0,2116659000.0,-52249000.0,-3036000.0,-55285000.0,2643289000.0,491500000.0,557700000.0,557700000.0
Salesforce.com Inc,CRM,RCGZFPDMRW58VJ54VR07,1108524,2013.0,Q2,2012-05-01,2012-07-31,2013-08-30 17:02:28+00:00,-0.02,-0.02,,-0.02,-4203000.0,380160000.0,-9829000.0,-9829000.0,-9829000.0,,162418000.0,731649000.0,,294000.0,,,,99442000.0,103095000.0,162418000.0,569231000.0,8033000.0,7173000.0,582697000.0,-13466000.0,-566000.0,-14032000.0,731649000.0,491500000.0,557700000.0,557700000.0
Salesforce.com Inc,CRM,RCGZFPDMRW58VJ54VR07,1108524,2013.0,Q1TTM,2011-05-01,2012-04-30,,-0.06,-0.06,,-0.06,-27389000.0,1284928000.0,-31577000.0,-31577000.0,-31577000.0,,537371000.0,2457642000.0,,-4365000.0,,,,324831000.0,365043000.0,537371000.0,1920271000.0,19744000.0,19674000.0,1974802000.0,-54531000.0,-4435000.0,-58966000.0,2457642000.0,486900000.0,552600000.0,552600000.0
Salesforce.com Inc,CRM,RCGZFPDMRW58VJ54VR07,1108524,2013.0,Q1,2012-02-01,2012-04-30,2013-05-24 16:05:38+00:00,-0.04,-0.04,,-0.04,-5393000.0,369789000.0,-19475000.0,-19475000.0,-19475000.0,,151551000.0,695467000.0,,-710000.0,,,,94776000.0,101600000.0,151551000.0,543916000.0,6370000.0,4461000.0,566165000.0,-22249000.0,-2619000.0,-24868000.0,695467000.0,486900000.0,552600000.0,552600000.0
Salesforce.com Inc,CRM,RCGZFPDMRW58VJ54VR07,1108524,2014.0,Q4,2013-11-01,2014-01-31,,-0.2,-0.2,,-0.2,-6524000.0,639792000.0,-116623000.0,-116623000.0,-116623000.0,,273530000.0,1216800000.0,,1975000.0,,-71558000.0,,173090000.0,162576000.0,273530000.0,871712000.0,22743000.0,1367000.0,975458000.0,-103746000.0,-19401000.0,-123147000.0,1145242000.0,595300000.0,597613000.0,597613000.0
Salesforce.com Inc,CRM,RCGZFPDMRW58VJ54VR07,1108524,2014.0,FY,2013-02-01,2014-01-31,2015-03-05 18:19:38+00:00,-0.39,-0.39,,-0.39,-125760000.0,2168132000.0,-232175000.0,-232175000.0,-232175000.0,,968428000.0,4071003000.0,,-4868000.0,,,,623798000.0,596719000.0,968428000.0,3102575000.0,77211000.0,10218000.0,3388649000.0,-286074000.0,-71861000.0,-357935000.0,4071003000.0,595300000.0,597613000.0,597613000.0
Salesforce.com Inc,CRM,RCGZFPDMRW58VJ54VR07,1108524,2014.0,Q3,2013-08-01,2013-10-31,2014-11-25 18:27:42+00:00,-0.21,-0.21,,-0.21,393000.0,581229000.0,-124434000.0,-124434000.0,-124434000.0,,268187000.0,1004476000.0,,-4291000.0,,71558000.0,,170690000.0,153859000.0,268187000.0,807847000.0,22929000.0,1110000.0,905778000.0,-97931000.0,-26110000.0,-124041000.0,1076034000.0,592500000.0,600467000.0,600467000.0
Salesforce.com Inc,CRM,RCGZFPDMRW58VJ54VR07,1108524,2014.0,Q3YTD,2013-02-01,2013-10-31,,-0.19,-0.19,,-0.19,-119236000.0,1528340000.0,-115552000.0,-115552000.0,-115552000.0,,694898000.0,2854203000.0,,-6843000.0,,71558000.0,,450708000.0,434143000.0,694898000.0,2230863000.0,54468000.0,8851000.0,2413191000.0,-182328000.0,-52460000.0,-234788000.0,2925761000.0,592500000.0,600467000.0,600467000.0
Salesforce.com Inc,CRM,RCGZFPDMRW58VJ54VR07,1108524,2014.0,Q3TTM,2012-11-01,2013-10-31,,-0.23,-0.23,,-0.23,-124435000.0,1963910000.0,-136396000.0,-136396000.0,-136396000.0,,878260000.0,3736682000.0,,-7765000.0,,23760000.0,,571895000.0,549512000.0,878260000.0,2882182000.0,62823000.0,12892000.0,3085317000.0,-203135000.0,-57696000.0,-260831000.0,3760442000.0,592500000.0,600467000.0,600467000.0
Salesforce.com Inc,CRM,RCGZFPDMRW58VJ54VR07,1108524,2014.0,Q2YTD,2013-02-01,2013-07-31,,0.01,0.01,,0.01,-119629000.0,947111000.0,8882000.0,8882000.0,8882000.0,,426711000.0,1849727000.0,,-2552000.0,,,,280018000.0,280284000.0,426711000.0,1423016000.0,31539000.0,7741000.0,1507413000.0,-84397000.0,-26350000.0,-110747000.0,1849727000.0,589300000.0,593955000.0,624656000.0
Salesforce.com Inc,CRM,RCGZFPDMRW58VJ54VR07,1108524,2014.0,Q2TTM,2012-08-01,2013-07-31,,-0.39,-0.39,,-0.39,32618000.0,1811188000.0,-232259000.0,-232259000.0,-232259000.0,,796321000.0,3472806000.0,,-7834000.0,,,,515279000.0,509410000.0,796321000.0,2676485000.0,48084000.0,15669000.0,2835877000.0,-159392000.0,-40249000.0,-199641000.0,3472806000.0,589300000.0,593955000.0,624656000.0
Salesforce.com Inc,CRM,RCGZFPDMRW58VJ54VR07,1108524,2014.0,Q2,2013-05-01,2013-07-31,2014-08-26 17:03:45+00:00,0.13,0.13,,0.12,-133407000.0,480621000.0,76603000.0,76603000.0,76603000.0,,217717000.0,957094000.0,,-1678000.0,,,,148079000.0,150534000.0,217717000.0,739377000.0,19656000.0,4387000.0,779234000.0,-39857000.0,-16947000.0,-56804000.0,957094000.0,589300000.0,593955000.0,624656000.0
Salesforce.com Inc,CRM,RCGZFPDMRW58VJ54VR07,1108524,2014.0,Q1TTM,2012-05-01,2013-04-30,,-0.54,-0.54,,-0.54,161822000.0,1710727000.0,-318691000.0,-318691000.0,-318691000.0,,741022000.0,3247361000.0,,-5862000.0,,,,466642000.0,461971000.0,741022000.0,2506339000.0,36461000.0,18455000.0,2639340000.0,-133001000.0,-23868000.0,-156869000.0,3247361000.0,564300000.0,588385000.0,588385000.0
Salesforce.com Inc,CRM,RCGZFPDMRW58VJ54VR07,1108524,2014.0,Q1,2013-02-01,2013-04-30,2014-05-29 21:40:13+00:00,-0.12,-0.12,,-0.12,13778000.0,466490000.0,-67721000.0,-67721000.0,-67721000.0,,208994000.0,892633000.0,,-874000.0,,,,131939000.0,129750000.0,208994000.0,683639000.0,11883000.0,3354000.0,728179000.0,-44540000.0,-9403000.0,-53943000.0,892633000.0,564300000.0,588385000.0,588385000.0
Salesforce.com Inc,CRM,RCGZFPDMRW58VJ54VR07,1108524,2015.0,FY,2014-02-01,2015-01-31,2017-03-06 16:38:50+00:00,-0.42,-0.42,,-0.42,49603000.0,2757096000.0,-262688000.0,-262688000.0,-262688000.0,,1289270000.0,5373586000.0,,-4253000.0,,,0.0,792917000.0,679936000.0,1289270000.0,4084316000.0,73237000.0,10038000.0,4229949000.0,-145633000.0,-67452000.0,-213085000.0,5373586000.0,625400000.0,624148000.0,624148000.0
Salesforce.com Inc,CRM,RCGZFPDMRW58VJ54VR07,1108524,2015.0,Q4,2014-11-01,2015-01-31,,-0.11,-0.11,,-0.11,12267000.0,736140000.0,-65765000.0,-65765000.0,-65765000.0,,355923000.0,1444608000.0,,-4783000.0,,,,205990000.0,181371000.0,355923000.0,1088685000.0,16882000.0,2983000.0,1123501000.0,-34816000.0,-18682000.0,-53498000.0,1444608000.0,625400000.0,624148000.0,624148000.0
Salesforce.com Inc,CRM,RCGZFPDMRW58VJ54VR07,1108524,2015.0,Q3,2014-08-01,2014-10-31,2015-11-20 17:06:41+00:00,-0.06,-0.06,,-0.06,17075000.0,709643000.0,-38924000.0,-38924000.0,-38924000.0,,333211000.0,1383655000.0,,15253000.0,,,0.0,195460000.0,167383000.0,333211000.0,1050444000.0,17682000.0,2622000.0,1072486000.0,-22042000.0,193000.0,-21849000.0,1383655000.0,648700000.0,629548000.0,629548000.0
Salesforce.com Inc,CRM,RCGZFPDMRW58VJ54VR07,1108524,2015.0,Q3YTD,2014-02-01,2014-10-31,,-0.31,-0.31,,-0.31,37336000.0,2020956000.0,-196923000.0,-196923000.0,-196923000.0,,933347000.0,3928978000.0,,530000.0,,,,586927000.0,498565000.0,933347000.0,2995631000.0,56355000.0,7055000.0,3106448000.0,-110817000.0,-48770000.0,-159587000.0,3928978000.0,648700000.0,629548000.0,629548000.0
Salesforce.com Inc,CRM,RCGZFPDMRW58VJ54VR07,1108524,2015.0,Q3TTM,2013-11-01,2014-10-31,,-0.5,-0.5,,-0.5,30812000.0,2660748000.0,-313546000.0,-313546000.0,-313546000.0,,1206877000.0,5145778000.0,,2505000.0,,-71558000.0,,760017000.0,661141000.0,1206877000.0,3867343000.0,79098000.0,8422000.0,4081906000.0,-214563000.0,-68171000.0,-282734000.0,5074220000.0,648700000.0,629548000.0,629548000.0
Salesforce.com Inc,CRM,RCGZFPDMRW58VJ54VR07,1108524,2015.0,Q2,2014-05-01,2014-07-31,2015-08-24 21:22:07+00:00,-0.1,-0.1,,-0.1,8119000.0,671958000.0,-61088000.0,-61088000.0,-61088000.0,,307831000.0,1318551000.0,,-3876000.0,,,0.0,203109000.0,169087000.0,307831000.0,1010720000.0,18314000.0,2655000.0,1044154000.0,-33434000.0,-19535000.0,-52969000.0,1318551000.0,610900000.0,617016000.0,617016000.0
Salesforce.com Inc,CRM,RCGZFPDMRW58VJ54VR07,1108524,2015.0,Q2YTD,2014-02-01,2014-07-31,,-0.26,-0.26,,-0.26,20261000.0,1311313000.0,-157999000.0,-157999000.0,-157999000.0,,600136000.0,2545323000.0,,-14723000.0,,,,391467000.0,331182000.0,600136000.0,1945187000.0,38673000.0,4433000.0,2033962000.0,-88775000.0,-48963000.0,-137738000.0,2545323000.0,610900000.0,617016000.0,617016000.0
Salesforce.com Inc,CRM,RCGZFPDMRW58VJ54VR07,1108524,2015.0,Q2TTM,2013-08-01,2014-07-31,,-0.65,-0.65,,-0.65,14130000.0,2532334000.0,-399056000.0,-399056000.0,-399056000.0,,1141853000.0,4766599000.0,,-17039000.0,,,,735247000.0,647617000.0,1141853000.0,3624746000.0,84345000.0,6910000.0,3915198000.0,-290452000.0,-94474000.0,-384926000.0,4766599000.0,610900000.0,617016000.0,617016000.0
Salesforce.com Inc,CRM,RCGZFPDMRW58VJ54VR07,1108524,2015.0,Q1TTM,2013-05-01,2014-04-30,,-0.43,-0.43,,-0.43,-127396000.0,2340997000.0,-261365000.0,-261365000.0,-261365000.0,,1051739000.0,4405142000.0,,-14841000.0,,,,680217000.0,629064000.0,1051739000.0,3353403000.0,85687000.0,8642000.0,3650278000.0,-296875000.0,-91886000.0,-388761000.0,4405142000.0,605700000.0,612512000.0,612512000.0
Salesforce.com Inc,CRM,RCGZFPDMRW58VJ54VR07,1108524,2015.0,Q1,2014-02-01,2014-04-30,2015-05-22 17:13:44+00:00,-0.16,-0.16,,-0.16,12142000.0,639355000.0,-96911000.0,-96911000.0,-96911000.0,,292305000.0,1226772000.0,,-10847000.0,,,0.0,188358000.0,162095000.0,292305000.0,934467000.0,20359000.0,1778000.0,989808000.0,-55341000.0,-29428000.0,-84769000.0,1226772000.0,605700000.0,612512000.0,612512000.0
Salesforce.com Inc,CRM,RCGZFPDMRW58VJ54VR07,1108524,2016.0,FY,2015-02-01,2016-01-31,2018-03-09 17:01:46+00:00,-0.07,-0.07,,-0.07,111705000.0,3239824000.0,-47426000.0,-47426000.0,-47426000.0,,1654548000.0,6667216000.0,,6500000.0,,,-36617000.0,946300000.0,748238000.0,1654548000.0,5012668000.0,72485000.0,15341000.0,4897745000.0,114923000.0,-50644000.0,64279000.0,6667216000.0,677500000.0,661647000.0,661647000.0
Salesforce.com Inc,CRM,RCGZFPDMRW58VJ54VR07,1108524,2016.0,Q4,2015-11-01,2016-01-31,,-0.04,-0.04,,-0.04,21366000.0,890375000.0,-25509000.0,-25509000.0,-25509000.0,,443679000.0,1809398000.0,,-9228000.0,,,,250860000.0,203924000.0,443679000.0,1365719000.0,19465000.0,3990000.0,1345159000.0,20560000.0,-24703000.0,-4143000.0,1809398000.0,677500000.0,661647000.0,661647000.0
Salesforce.com Inc,CRM,RCGZFPDMRW58VJ54VR07,1108524,2016.0,Q3,2015-08-01,2015-10-31,2016-11-21 17:18:34+00:00,-0.04,-0.04,,-0.04,68548000.0,818820000.0,-25157000.0,-25157000.0,-25157000.0,,423683000.0,1711967000.0,,14699000.0,,,0.0,239212000.0,186818000.0,423683000.0,1288284000.0,18249000.0,3507000.0,1244850000.0,43434000.0,-43000.0,43391000.0,1711967000.0,628900000.0,664131000.0,664131000.0
Salesforce.com Inc,CRM,RCGZFPDMRW58VJ54VR07,1108524,2016.0,Q3YTD,2015-02-01,2015-10-31,,-0.03,-0.03,,-0.03,90339000.0,2349449000.0,-21917000.0,-21917000.0,-21917000.0,,1210869000.0,4857818000.0,,15728000.0,,,-36617000.0,695440000.0,544314000.0,1210869000.0,3646949000.0,53020000.0,11351000.0,3552586000.0,94363000.0,-25941000.0,68422000.0,4857818000.0,628900000.0,664131000.0,664131000.0
Salesforce.com Inc,CRM,RCGZFPDMRW58VJ54VR07,1108524,2016.0,Q3TTM,2014-11-01,2015-10-31,,-0.13,-0.13,,-0.13,102606000.0,3085589000.0,-87682000.0,-87682000.0,-87682000.0,,1566792000.0,6302426000.0,,10945000.0,,,-36617000.0,901430000.0,725685000.0,1566792000.0,4735634000.0,69902000.0,14334000.0,4676087000.0,59547000.0,-44623000.0,14924000.0,6302426000.0,628900000.0,664131000.0,664131000.0
Salesforce.com Inc,CRM,RCGZFPDMRW58VJ54VR07,1108524,2016.0,Q2,2015-05-01,2015-07-31,2016-08-31 18:25:50+00:00,0.0,0.0,,0.0,7810000.0,793691000.0,-852000.0,-852000.0,-852000.0,,405384000.0,1634684000.0,,1947000.0,,,0.0,234100000.0,181685000.0,405384000.0,1229300000.0,18096000.0,3283000.0,1209476000.0,19824000.0,-12866000.0,6958000.0,1634684000.0,,659366000.0,659366000.0
Salesforce.com Inc,CRM,RCGZFPDMRW58VJ54VR07,1108524,2016.0,Q2YTD,2015-02-01,2015-07-31,,,,,,21791000.0,1530629000.0,3240000.0,3240000.0,3240000.0,,787186000.0,3145851000.0,,1029000.0,,,-36617000.0,456228000.0,357496000.0,787186000.0,2358665000.0,34771000.0,7844000.0,2307736000.0,50929000.0,-25898000.0,25031000.0,3145851000.0,,659366000.0,659366000.0
Salesforce.com Inc,CRM,RCGZFPDMRW58VJ54VR07,1108524,2016.0,Q2TTM,2014-08-01,2015-07-31,,-0.15,-0.15,,-0.15,51133000.0,2976412000.0,-101449000.0,-101449000.0,-101449000.0,,1476320000.0,5974114000.0,,11499000.0,,,-36617000.0,857678000.0,706250000.0,1476320000.0,4497794000.0,69335000.0,13449000.0,4503723000.0,-5929000.0,-44387000.0,-50316000.0,5974114000.0,,659366000.0,659366000.0
Salesforce.com Inc,CRM,RCGZFPDMRW58VJ54VR07,1108524,2016.0,Q1,2015-02-01,2015-04-30,2016-05-20 16:56:10+00:00,0.01,0.01,,0.01,13981000.0,736938000.0,4092000.0,4092000.0,4092000.0,,381802000.0,1511167000.0,,-918000.0,,,-36617000.0,222128000.0,175811000.0,381802000.0,1129365000.0,16675000.0,4561000.0,1098260000.0,31105000.0,-13032000.0,18073000.0,1511167000.0,409200000.0,653809000.0,664310000.0
Salesforce.com Inc,CRM,RCGZFPDMRW58VJ54VR07,1108524,2016.0,Q1TTM,2014-05-01,2015-04-30,,-0.25,-0.25,,-0.25,51442000.0,2854679000.0,-161685000.0,-161685000.0,-161685000.0,,1378767000.0,5657981000.0,,5676000.0,,,-36617000.0,826687000.0,693652000.0,1378767000.0,4279214000.0,69553000.0,12821000.0,4338401000.0,-59187000.0,-51056000.0,-110243000.0,5657981000.0,409200000.0,653809000.0,664310000.0
Salesforce.com Inc,CRM,RCGZFPDMRW58VJ54VR07,1108524,2017.0,FY,2016-02-01,2017-01-31,2019-03-08 08:04:49+00:00,0.47,0.47,,0.46,-144000000.0,3811000000.0,323000000.0,323000000.0,323000000.0,,2234000000.0,8437000000.0,,-8000000.0,,,,1208000000.0,966000000.0,2234000000.0,6203000000.0,89000000.0,58000000.0,5985000000.0,218000000.0,-39000000.0,179000000.0,8437000000.0,687200000.0,688000000.0,700000000.0
Salesforce.com Inc,CRM,RCGZFPDMRW58VJ54VR07,1108524,2017.0,Q4,2016-11-01,2017-01-31,,0.12,0.12,,0.12,38220000.0,982216000.0,91928000.0,91928000.0,91928000.0,,625918000.0,2339004000.0,,3500000.0,,,,344065000.0,256378000.0,625918000.0,1713086000.0,24335000.0,20556000.0,1582659000.0,130427000.0,-279000.0,130148000.0,2339004000.0,687200000.0,688000000.0,700000000.0
Salesforce.com Inc,CRM,RCGZFPDMRW58VJ54VR07,1108524,2017.0,Q3,2016-08-01,2016-10-31,2017-11-22 16:19:37+00:00,-0.05,-0.05,,-0.05,24723000.0,997993000.0,-37309000.0,-37309000.0,-37309000.0,,585522000.0,2144775000.0,,1782000.0,,,,311459000.0,246765000.0,585522000.0,1559253000.0,21946000.0,4542000.0,1556217000.0,3036000.0,-15622000.0,-12586000.0,2144775000.0,746200000.0,690468000.0,690468000.0
Salesforce.com Inc,CRM,RCGZFPDMRW58VJ54VR07,1108524,2017.0,Q3YTD,2016-02-01,2016-10-31,,0.35,0.35,,0.34,-182220000.0,2828784000.0,231072000.0,231072000.0,231072000.0,,1608082000.0,6097996000.0,,-11500000.0,,,,863935000.0,709622000.0,1608082000.0,4489914000.0,64665000.0,37444000.0,4402341000.0,87573000.0,-38721000.0,48852000.0,6097996000.0,746200000.0,690468000.0,690468000.0
Salesforce.com Inc,CRM,RCGZFPDMRW58VJ54VR07,1108524,2017.0,Q3TTM,2015-11-01,2016-10-31,,0.31,0.31,,0.3,-160854000.0,3719159000.0,205563000.0,205563000.0,205563000.0,,2051761000.0,7907394000.0,,-20728000.0,,,,1114795000.0,913546000.0,2051761000.0,5855633000.0,84130000.0,41434000.0,5747500000.0,108133000.0,-63424000.0,44709000.0,7907394000.0,746200000.0,690468000.0,690468000.0
Salesforce.com Inc,CRM,RCGZFPDMRW58VJ54VR07,1108524,2017.0,Q2,2016-05-01,2016-07-31,2017-08-25 16:19:47+00:00,0.34,0.34,,0.33,-205339000.0,934931000.0,229622000.0,229622000.0,229622000.0,,525579000.0,2036618000.0,,524000.0,,,,291506000.0,252051000.0,525579000.0,1511039000.0,20708000.0,11916000.0,1478488000.0,32551000.0,-8268000.0,24283000.0,2036618000.0,675400000.0,681126000.0,695968000.0
Salesforce.com Inc,CRM,RCGZFPDMRW58VJ54VR07,1108524,2017.0,Q2YTD,2016-02-01,2016-07-31,,0.4,0.4,,0.39,-206943000.0,1830791000.0,268381000.0,268381000.0,268381000.0,,1022560000.0,3953221000.0,,-13282000.0,,,,552476000.0,462857000.0,1022560000.0,2930661000.0,42719000.0,32902000.0,2846124000.0,84537000.0,-23099000.0,61438000.0,3953221000.0,675400000.0,681126000.0,695968000.0
Salesforce.com Inc,CRM,RCGZFPDMRW58VJ54VR07,1108524,2017.0,Q2TTM,2015-08-01,2016-07-31,,0.32,0.32,,0.31,-117029000.0,3539986000.0,217715000.0,217715000.0,217715000.0,,1889922000.0,7474586000.0,,-7811000.0,,,,1042548000.0,853599000.0,1889922000.0,5584664000.0,80433000.0,40399000.0,5436133000.0,148531000.0,-47845000.0,100686000.0,7474586000.0,675400000.0,681126000.0,695968000.0
Salesforce.com Inc,CRM,RCGZFPDMRW58VJ54VR07,1108524,2017.0,Q1,2016-02-01,2016-04-30,2017-05-22 16:06:44+00:00,0.06,0.06,,0.06,-1604000.0,895860000.0,38759000.0,38759000.0,38759000.0,,496981000.0,1916603000.0,,-13806000.0,,,,260970000.0,210806000.0,496981000.0,1419622000.0,22011000.0,20986000.0,1367636000.0,51986000.0,-14831000.0,37155000.0,1916603000.0,646000000.0,677514000.0,686799000.0
Salesforce.com Inc,CRM,RCGZFPDMRW58VJ54VR07,1108524,2017.0,Q1TTM,2015-05-01,2016-04-30,,-0.02,-0.02,,-0.02,96120000.0,3398746000.0,-12759000.0,-12759000.0,-12759000.0,,1769727000.0,7072652000.0,,-6388000.0,,,,985142000.0,783233000.0,1769727000.0,5302925000.0,77821000.0,31766000.0,5167121000.0,135804000.0,-52443000.0,83361000.0,7072652000.0,646000000.0,677514000.0,686799000.0
Salesforce.com Inc,CRM,RCGZFPDMRW58VJ54VR07,1108524,2018.0,FY,2017-02-01,2018-01-31,2020-03-05 16:29:57+00:00,0.5,0.5,,0.49,60000000.0,4671000000.0,360000000.0,360000000.0,360000000.0,,2773000000.0,10540000000.0,,-34000000.0,0.0,,,1553000000.0,1089000000.0,2773000000.0,7767000000.0,,,7313000000.0,454000000.0,-34000000.0,420000000.0,10540000000.0,720000000.0,715000000.0,735000000.0
Salesforce.com Inc,CRM,RCGZFPDMRW58VJ54VR07,1108524,2018.0,Q4,2017-11-01,2018-01-31,,0.29,0.29,,0.29,15000000.0,1245000000.0,206000000.0,206000000.0,206000000.0,,738000000.0,2865000000.0,,-35000000.0,,,,396000000.0,275000000.0,738000000.0,2127000000.0,-65000000.0,-20000000.0,1916000000.0,211000000.0,10000000.0,221000000.0,2865000000.0,720000000.0,715000000.0,735000000.0
Salesforce.com Inc,CRM,RCGZFPDMRW58VJ54VR07,1108524,2018.0,Q3,2017-08-01,2017-10-31,2018-11-28 16:36:12+00:00,0.15,0.15,,0.14,39000000.0,1167000000.0,107000000.0,107000000.0,107000000.0,,714000000.0,2701000000.0,,1000000.0,,,,394000000.0,271000000.0,714000000.0,1987000000.0,21000000.0,11000000.0,1832000000.0,155000000.0,-9000000.0,146000000.0,2701000000.0,713300000.0,717000000.0,738000000.0
Salesforce.com Inc,CRM,RCGZFPDMRW58VJ54VR07,1108524,2018.0,Q3YTD,2017-02-01,2017-10-31,,0.21,0.21,,0.2,45000000.0,3426000000.0,154000000.0,154000000.0,154000000.0,,2035000000.0,7675000000.0,,1000000.0,,,,1157000000.0,814000000.0,2035000000.0,5640000000.0,65000000.0,20000000.0,5397000000.0,243000000.0,-44000000.0,199000000.0,7675000000.0,713300000.0,717000000.0,738000000.0
Salesforce.com Inc,CRM,RCGZFPDMRW58VJ54VR07,1108524,2018.0,Q3TTM,2016-11-01,2017-10-31,,0.33,0.33,,0.32,83220000.0,4408216000.0,245928000.0,245928000.0,245928000.0,,2660918000.0,10014004000.0,,4500000.0,,,,1501065000.0,1070378000.0,2660918000.0,7353086000.0,89335000.0,40556000.0,6979659000.0,373427000.0,-44279000.0,329148000.0,10014004000.0,713300000.0,717000000.0,738000000.0
Salesforce.com Inc,CRM,RCGZFPDMRW58VJ54VR07,1108524,2018.0,Q2,2017-05-01,2017-07-31,2018-08-31 16:29:15+00:00,0.06,0.06,,0.06,17000000.0,1153000000.0,46000000.0,46000000.0,46000000.0,,670000000.0,2577000000.0,,0.0,,,,387000000.0,283000000.0,670000000.0,1907000000.0,22000000.0,1000000.0,1823000000.0,84000000.0,-21000000.0,63000000.0,2577000000.0,766700000.0,712000000.0,729000000.0
Salesforce.com Inc,CRM,RCGZFPDMRW58VJ54VR07,1108524,2018.0,Q2YTD,2017-02-01,2017-07-31,,0.06,0.06,,0.06,6000000.0,2259000000.0,47000000.0,47000000.0,47000000.0,,1321000000.0,4974000000.0,,,,,,763000000.0,543000000.0,1321000000.0,3653000000.0,44000000.0,9000000.0,3565000000.0,88000000.0,-35000000.0,53000000.0,4974000000.0,766700000.0,712000000.0,729000000.0
Salesforce.com Inc,CRM,RCGZFPDMRW58VJ54VR07,1108524,2018.0,Q2TTM,2016-08-01,2017-07-31,,0.13,0.13,,0.13,68943000.0,4239209000.0,101619000.0,101619000.0,101619000.0,,2532440000.0,9457779000.0,,5282000.0,,,,1418524000.0,1046143000.0,2532440000.0,6925339000.0,90281000.0,34098000.0,6703876000.0,221463000.0,-50901000.0,170562000.0,9457779000.0,766700000.0,712000000.0,729000000.0
Salesforce.com Inc,CRM,RCGZFPDMRW58VJ54VR07,1108524,2018.0,Q1,2017-02-01,2017-04-30,2018-05-31 16:19:40+00:00,0.0,0.0,,0.0,-11000000.0,1106000000.0,1000000.0,1000000.0,1000000.0,,651000000.0,2397000000.0,,0.0,,,,376000000.0,260000000.0,651000000.0,1746000000.0,22000000.0,8000000.0,1742000000.0,4000000.0,-14000000.0,-10000000.0,2397000000.0,,706000000.0,722000000.0
Salesforce.com Inc,CRM,RCGZFPDMRW58VJ54VR07,1108524,2018.0,Q1TTM,2016-05-01,2017-04-30,,0.41,0.41,,0.4,-153396000.0,4021140000.0,285241000.0,285241000.0,285241000.0,,2388019000.0,8917397000.0,,5806000.0,,,,1323030000.0,1015194000.0,2388019000.0,6529378000.0,88989000.0,45014000.0,6359364000.0,170014000.0,-38169000.0,131845000.0,8917397000.0,,706000000.0,722000000.0
Salesforce.com Inc,CRM,RCGZFPDMRW58VJ54VR07,1108524,2019.0,FY,2018-02-01,2019-01-31,2020-03-05 16:29:57+00:00,1.48,1.48,,1.43,-127000000.0,6064000000.0,1110000000.0,1110000000.0,1110000000.0,,3451000000.0,13282000000.0,,448000000.0,0.0,,,1886000000.0,1346000000.0,3451000000.0,9831000000.0,,,9296000000.0,535000000.0,448000000.0,983000000.0,13282000000.0,750000000.0,751000000.0,775000000.0
Salesforce.com Inc,CRM,RCGZFPDMRW58VJ54VR07,1108524,2019.0,Q4,2018-11-01,2019-01-31,,0.47,0.47,,0.45,-123000000.0,1643000000.0,362000000.0,362000000.0,362000000.0,,946000000.0,3603000000.0,,102000000.0,,,,518000000.0,359000000.0,946000000.0,2657000000.0,,,2520000000.0,137000000.0,102000000.0,239000000.0,3603000000.0,750000000.0,751000000.0,775000000.0
Salesforce.com Inc,CRM,RCGZFPDMRW58VJ54VR07,1108524,2019.0,Q3,2018-08-01,2018-10-31,2019-12-04 16:20:21+00:00,0.14,0.14,,0.13,23000000.0,1588000000.0,105000000.0,105000000.0,105000000.0,,889000000.0,3392000000.0,,36000000.0,0.0,,,481000000.0,342000000.0,889000000.0,2503000000.0,,,2411000000.0,92000000.0,36000000.0,128000000.0,3392000000.0,750000000.0,760000000.0,785000000.0
Salesforce.com Inc,CRM,RCGZFPDMRW58VJ54VR07,1108524,2019.0,Q3YTD,2018-02-01,2018-10-31,,1.01,1.01,,0.98,-4000000.0,4421000000.0,748000000.0,748000000.0,748000000.0,,2505000000.0,9679000000.0,,346000000.0,,,,1368000000.0,987000000.0,2505000000.0,7174000000.0,,,6776000000.0,398000000.0,346000000.0,744000000.0,9679000000.0,750000000.0,760000000.0,785000000.0
Salesforce.com Inc,CRM,RCGZFPDMRW58VJ54VR07,1108524,2019.0,Q3TTM,2017-11-01,2018-10-31,,1.3,1.3,,1.27,11000000.0,5666000000.0,954000000.0,954000000.0,954000000.0,,3243000000.0,12544000000.0,,311000000.0,,,,1764000000.0,1262000000.0,3243000000.0,9301000000.0,-65000000.0,-20000000.0,8692000000.0,609000000.0,356000000.0,965000000.0,12544000000.0,750000000.0,760000000.0,785000000.0
Salesforce.com Inc,CRM,RCGZFPDMRW58VJ54VR07,1108524,2019.0,Q2,2018-05-01,2018-07-31,2019-08-23 16:38:05+00:00,0.4,0.4,,0.39,-68000000.0,1504000000.0,299000000.0,299000000.0,299000000.0,,849000000.0,3281000000.0,,116000000.0,0.0,,,463000000.0,350000000.0,849000000.0,2432000000.0,,,2317000000.0,115000000.0,116000000.0,231000000.0,3281000000.0,747500000.0,747000000.0,774000000.0
Salesforce.com Inc,CRM,RCGZFPDMRW58VJ54VR07,1108524,2019.0,Q2YTD,2018-02-01,2018-07-31,,0.87,0.87,,0.85,-27000000.0,2833000000.0,643000000.0,643000000.0,643000000.0,,1616000000.0,6287000000.0,,310000000.0,,,,887000000.0,645000000.0,1616000000.0,4671000000.0,,,4365000000.0,306000000.0,310000000.0,616000000.0,6287000000.0,747500000.0,747000000.0,774000000.0
Salesforce.com Inc,CRM,RCGZFPDMRW58VJ54VR07,1108524,2019.0,Q2TTM,2017-08-01,2018-07-31,,1.31,1.31,,1.28,27000000.0,5245000000.0,956000000.0,956000000.0,956000000.0,,3068000000.0,11853000000.0,,276000000.0,,,,1677000000.0,1191000000.0,3068000000.0,8785000000.0,-44000000.0,-9000000.0,8113000000.0,672000000.0,311000000.0,983000000.0,11853000000.0,747500000.0,747000000.0,774000000.0
Salesforce.com Inc,CRM,RCGZFPDMRW58VJ54VR07,1108524,2019.0,Q1,2018-02-01,2018-04-30,2019-06-05 16:17:30+00:00,0.47,0.47,,0.46,41000000.0,1329000000.0,344000000.0,344000000.0,344000000.0,,767000000.0,3006000000.0,,194000000.0,,,,424000000.0,295000000.0,767000000.0,2239000000.0,,,2048000000.0,191000000.0,194000000.0,385000000.0,3006000000.0,731900000.0,729000000.0,754000000.0
Salesforce.com Inc,CRM,RCGZFPDMRW58VJ54VR07,1108524,2019.0,Q1TTM,2017-05-01,2018-04-30,,0.97,0.97,,0.95,112000000.0,4894000000.0,703000000.0,703000000.0,703000000.0,,2889000000.0,11149000000.0,,160000000.0,,,,1601000000.0,1124000000.0,2889000000.0,8260000000.0,-22000000.0,-8000000.0,7619000000.0,641000000.0,174000000.0,815000000.0,11149000000.0,731900000.0,729000000.0,754000000.0
Salesforce.com Inc,CRM,RCGZFPDMRW58VJ54VR07,1108524,2020.0,FY,2019-02-01,2020-01-31,2020-03-05 16:29:57+00:00,0.15,0.15,,0.15,580000000.0,7930000000.0,126000000.0,126000000.0,126000000.0,,4235000000.0,17098000000.0,,409000000.0,166000000.0,,,2766000000.0,1704000000.0,4235000000.0,12863000000.0,,,12566000000.0,297000000.0,409000000.0,706000000.0,17098000000.0,840000000.0,829000000.0,850000000.0
Salesforce.com Inc,CRM,RCGZFPDMRW58VJ54VR07,1108524,2020.0,Q4,2019-11-01,2020-01-31,,-0.36,-0.36,,-0.33,244000000.0,2346000000.0,-248000000.0,-248000000.0,-248000000.0,,1220000000.0,4851000000.0,,32000000.0,,,,831000000.0,490000000.0,1220000000.0,3631000000.0,,,3667000000.0,-36000000.0,32000000.0,-4000000.0,4851000000.0,840000000.0,829000000.0,850000000.0
Salesforce.com Inc,CRM,RCGZFPDMRW58VJ54VR07,1108524,2020.0,Q3YTD,2019-02-01,2019-10-31,,0.51,0.51,,0.48,336000000.0,5584000000.0,374000000.0,374000000.0,374000000.0,,3015000000.0,12247000000.0,,377000000.0,166000000.0,,,1935000000.0,1214000000.0,3015000000.0,9232000000.0,,,8899000000.0,333000000.0,377000000.0,710000000.0,12247000000.0,908300000.0,879000000.0,879000000.0
Salesforce.com Inc,CRM,RCGZFPDMRW58VJ54VR07,1108524,2020.0,Q3TTM,2018-11-01,2019-10-31,,0.98,0.98,,0.93,213000000.0,7227000000.0,736000000.0,736000000.0,736000000.0,,3961000000.0,15850000000.0,,479000000.0,166000000.0,,,2453000000.0,1573000000.0,3961000000.0,11889000000.0,,,11419000000.0,470000000.0,479000000.0,949000000.0,15850000000.0,908300000.0,879000000.0,879000000.0
Salesforce.com Inc,CRM,RCGZFPDMRW58VJ54VR07,1108524,2020.0,Q3,2019-08-01,2019-10-31,2019-12-04 16:20:21+00:00,-0.12,-0.12,,-0.12,173000000.0,2063000000.0,-109000000.0,-109000000.0,-109000000.0,,1134000000.0,4513000000.0,,-1000000.0,0.0,,,774000000.0,477000000.0,1134000000.0,3379000000.0,,,3314000000.0,65000000.0,-1000000.0,64000000.0,4513000000.0,908300000.0,879000000.0,879000000.0
Salesforce.com Inc,CRM,RCGZFPDMRW58VJ54VR07,1108524,2020.0,Q2YTD,2019-02-01,2019-07-31,,0.63,0.63,,0.6,163000000.0,3521000000.0,483000000.0,483000000.0,483000000.0,,1881000000.0,7734000000.0,,378000000.0,166000000.0,,,1161000000.0,737000000.0,1881000000.0,5853000000.0,,,5585000000.0,268000000.0,378000000.0,646000000.0,7734000000.0,758300000.0,776000000.0,795000000.0
Salesforce.com Inc,CRM,RCGZFPDMRW58VJ54VR07,1108524,2020.0,Q2TTM,2018-08-01,2019-07-31,,1.24,1.24,,1.18,63000000.0,6752000000.0,950000000.0,950000000.0,950000000.0,,3716000000.0,14729000000.0,,516000000.0,166000000.0,,,2160000000.0,1438000000.0,3716000000.0,11013000000.0,,,10516000000.0,497000000.0,516000000.0,1013000000.0,14729000000.0,758300000.0,776000000.0,795000000.0
Salesforce.com Inc,CRM,RCGZFPDMRW58VJ54VR07,1108524,2020.0,Q2,2019-05-01,2019-07-31,2019-08-23 16:38:05+00:00,0.12,0.12,,0.11,73000000.0,1824000000.0,91000000.0,91000000.0,91000000.0,,967000000.0,3997000000.0,,106000000.0,166000000.0,,,607000000.0,375000000.0,967000000.0,3030000000.0,,,2972000000.0,58000000.0,106000000.0,164000000.0,3997000000.0,758300000.0,776000000.0,795000000.0
Salesforce.com Inc,CRM,RCGZFPDMRW58VJ54VR07,1108524,2020.0,Q1,2019-02-01,2019-04-30,2020-06-01 16:17:39+00:00,0.51,0.51,,0.49,90000000.0,1697000000.0,392000000.0,392000000.0,392000000.0,,914000000.0,3737000000.0,,272000000.0,,,,554000000.0,362000000.0,914000000.0,2823000000.0,,,2613000000.0,210000000.0,272000000.0,482000000.0,3737000000.0,768600000.0,771000000.0,793000000.0
Salesforce.com Inc,CRM,RCGZFPDMRW58VJ54VR07,1108524,2020.0,Q1TTM,2018-05-01,2019-04-30,,1.52,1.52,,1.46,-78000000.0,6432000000.0,1158000000.0,1158000000.0,1158000000.0,,3598000000.0,14013000000.0,,526000000.0,,,,2016000000.0,1413000000.0,3598000000.0,10415000000.0,,,9861000000.0,554000000.0,526000000.0,1080000000.0,14013000000.0,768600000.0,771000000.0,793000000.0
