company_name,company_ticker,company_lei,company_cik,year,quarter,start_date,end_date,filing_date,basicdilutedeps,basiceps,cashdividendspershare,dilutedeps,incometaxexpense,netincome,netincomecontinuing,netincomediscontinued,netincometocommon,operatingcostofrevenue,operatingrevenue,otheradjustmentstoconsolidatednetincome,othergains,otherincome,otheroperatingexpenses,preferreddividends,rdexpense,restructuringcharge,sgaexpense,totalcostofrevenue,totalgrossprofit,totalinterestexpense,totalinterestincome,totaloperatingexpenses,totaloperatingincome,totalotherincome,totalpretaxincome,totalrevenue,weightedavebasicdilutedsharesos,weightedavebasicsharesos,weightedavedilutedsharesos
Becton Dickinson and Co,BDX,ICE2EP6D98PQUILVRZ91,10795,2007.0,FY,2006-10-01,2007-09-30,2010-01-21 17:05:45+00:00,3.63,3.63,,3.49,343890000.0,890033000.0,841519000.0,48514000.0,890033000.0,3032892000.0,6282835000.0,,,944000.0,,,481504000.0,,1583775000.0,3032892000.0,3249943000.0,46420000.0,46221000.0,2065279000.0,1184664000.0,745000.0,1185409000.0,6282835000.0,245200000.0,245200000.0,255000000.0
Becton Dickinson and Co,BDX,ICE2EP6D98PQUILVRZ91,10795,2008.0,FY,2007-10-01,2008-09-30,2010-11-24 16:38:04+00:00,4.61,4.61,1.14,4.46,411931000.0,1126996000.0,1077754000.0,49242000.0,1126996000.0,3357159000.0,6897619000.0,,,-1484000.0,,,382554000.0,,1669762000.0,3357159000.0,3540460000.0,36343000.0,39368000.0,2052316000.0,1488144000.0,1541000.0,1489685000.0,6897619000.0,244323000.0,244323000.0,244323000.0
Becton Dickinson and Co,BDX,ICE2EP6D98PQUILVRZ91,10795,2008.0,Q3,2008-04-01,2008-06-30,2009-08-10 12:23:18+00:00,1.22,1.22,0.285,1.18,112875000.0,297089000.0,295995000.0,1094000.0,297089000.0,905388000.0,1849339000.0,,,-1285000.0,,,99928000.0,,435807000.0,905388000.0,943951000.0,9017000.0,10956000.0,535735000.0,408216000.0,654000.0,408870000.0,1849339000.0,243500000.0,243500000.0,251800000.0
Becton Dickinson and Co,BDX,ICE2EP6D98PQUILVRZ91,10795,2009.0,Q4,2009-07-01,2009-09-30,,2.61,1.32,0.33,1.28,116212000.0,317219000.0,260048000.0,57171000.0,317219000.0,825989000.0,1723581000.0,,,-3313000.0,,,110176000.0,,408479000.0,825989000.0,897592000.0,13782000.0,14418000.0,518655000.0,378937000.0,-2677000.0,376260000.0,1723581000.0,240479000.0,240479000.0,240479000.0
Becton Dickinson and Co,BDX,ICE2EP6D98PQUILVRZ91,10795,2009.0,FY,2008-10-01,2009-09-30,2011-11-23 15:10:52+00:00,5.12,5.12,1.32,4.99,411246000.0,1231603000.0,1167345000.0,64258000.0,1231603000.0,3311676000.0,6986722000.0,,,-3850000.0,,,404567000.0,,1680797000.0,3311676000.0,3675046000.0,40389000.0,33148000.0,2085364000.0,1589682000.0,-11091000.0,1578591000.0,6986722000.0,240479000.0,240479000.0,240479000.0
Becton Dickinson and Co,BDX,ICE2EP6D98PQUILVRZ91,10795,2009.0,Q3,2009-04-01,2009-06-30,2010-08-04 14:27:03+00:00,1.42,1.42,0.33,1.39,90291000.0,341027000.0,338704000.0,2323000.0,341027000.0,860063000.0,1820255000.0,,,-4247000.0,,,98489000.0,,429940000.0,860063000.0,960192000.0,11288000.0,12767000.0,528429000.0,431763000.0,-2768000.0,428995000.0,1820255000.0,240200000.0,240200000.0,245300000.0
Becton Dickinson and Co,BDX,ICE2EP6D98PQUILVRZ91,10795,2009.0,Q3YTD,2008-10-01,2009-06-30,,2.51,3.8,0.99,3.71,295034000.0,914384000.0,907297000.0,7087000.0,914384000.0,2485687000.0,5263141000.0,,,-537000.0,,,294391000.0,,1272318000.0,2485687000.0,2777454000.0,26607000.0,18730000.0,1566709000.0,1210745000.0,-8414000.0,1202331000.0,5263141000.0,240109000.0,240109000.0,240109000.0
Becton Dickinson and Co,BDX,ICE2EP6D98PQUILVRZ91,10795,2009.0,Q2,2009-01-01,2009-03-31,2010-05-06 14:22:38+00:00,1.09,1.09,0.33,1.06,92612000.0,261289000.0,259174000.0,2115000.0,261289000.0,829350000.0,1724967000.0,,,-5701000.0,,,98588000.0,,436359000.0,829350000.0,895617000.0,7495000.0,4312000.0,534947000.0,360670000.0,-8884000.0,351786000.0,1724967000.0,239700000.0,239700000.0,246500000.0
Becton Dickinson and Co,BDX,ICE2EP6D98PQUILVRZ91,10795,2009.0,Q2YTD,2008-10-01,2009-03-31,,1.09,2.38,0.66,2.32,204743000.0,573357000.0,568593000.0,4764000.0,573357000.0,1625624000.0,3442886000.0,,,3710000.0,,,195902000.0,,842378000.0,1625624000.0,1817262000.0,15319000.0,5963000.0,1038280000.0,778982000.0,-5646000.0,773336000.0,3442886000.0,239700000.0,239700000.0,246500000.0
Becton Dickinson and Co,BDX,ICE2EP6D98PQUILVRZ91,10795,2010.0,Q4,2010-07-01,2010-09-30,,1.71,1.71,0.37,1.66,88142000.0,396695000.0,231557000.0,165138000.0,396695000.0,786058000.0,1625247000.0,,,1285000.0,,,115376000.0,,407715000.0,786058000.0,839189000.0,12278000.0,14594000.0,523091000.0,316098000.0,3601000.0,319699000.0,1625247000.0,234328000.0,234328000.0,234328000.0
Becton Dickinson and Co,BDX,ICE2EP6D98PQUILVRZ91,10795,2010.0,FY,2009-10-01,2010-09-30,2012-11-21 14:40:48+00:00,5.62,5.62,1.48,5.49,451897000.0,1317610000.0,1114844000.0,202766000.0,1317610000.0,3428308000.0,7124385000.0,,,497000.0,,,422767000.0,,1690932000.0,3428308000.0,3696077000.0,51263000.0,35129000.0,2113699000.0,1582378000.0,-15637000.0,1566741000.0,7124385000.0,234328000.0,234328000.0,234328000.0
Becton Dickinson and Co,BDX,ICE2EP6D98PQUILVRZ91,10795,2010.0,Q3,2010-04-01,2010-06-30,2011-08-02 16:16:14+00:00,1.32,1.32,0.37,1.29,119213000.0,306908000.0,294160000.0,12748000.0,306908000.0,883434000.0,1830911000.0,,,1402000.0,,,108047000.0,,416468000.0,883434000.0,947477000.0,13085000.0,2094000.0,524515000.0,422962000.0,-9589000.0,413373000.0,1830911000.0,232500000.0,232500000.0,237900000.0
Becton Dickinson and Co,BDX,ICE2EP6D98PQUILVRZ91,10795,2010.0,Q3YTD,2009-10-01,2010-06-30,,3.91,3.91,1.11,3.83,363755000.0,920915000.0,883287000.0,37628000.0,920915000.0,2642250000.0,5499138000.0,,,-788000.0,,,307391000.0,,1283217000.0,2642250000.0,2856888000.0,38985000.0,20535000.0,1590608000.0,1266280000.0,-19238000.0,1247042000.0,5499138000.0,232500000.0,232500000.0,237900000.0
Becton Dickinson and Co,BDX,ICE2EP6D98PQUILVRZ91,10795,2010.0,Q3TTM,2009-07-01,2010-06-30,,6.52,5.23,1.44,5.11,479967000.0,1238134000.0,1143335000.0,94799000.0,1238134000.0,3468239000.0,7222719000.0,,,-4101000.0,,,417567000.0,,1691696000.0,3468239000.0,3754480000.0,52767000.0,34953000.0,2109263000.0,1645217000.0,-21915000.0,1623302000.0,7222719000.0,233242000.0,233242000.0,233242000.0
Becton Dickinson and Co,BDX,ICE2EP6D98PQUILVRZ91,10795,2010.0,Q2,2010-01-01,2010-03-31,2011-05-04 09:49:08+00:00,1.26,1.26,0.37,1.24,125517000.0,297631000.0,285034000.0,12597000.0,297631000.0,864492000.0,1799409000.0,,,164000.0,,,100193000.0,,421076000.0,864492000.0,934917000.0,12913000.0,9652000.0,521269000.0,413648000.0,-3097000.0,410551000.0,1799409000.0,236200000.0,236200000.0,240000000.0
Becton Dickinson and Co,BDX,ICE2EP6D98PQUILVRZ91,10795,2010.0,Q2YTD,2009-10-01,2010-03-31,,2.59,2.59,0.74,2.54,244542000.0,614007000.0,589127000.0,24880000.0,614007000.0,1758816000.0,3668227000.0,,,-2190000.0,,,199344000.0,,866749000.0,1758816000.0,1909411000.0,25900000.0,18441000.0,1066093000.0,843318000.0,-9649000.0,833669000.0,3668227000.0,236200000.0,236200000.0,240000000.0
Becton Dickinson and Co,BDX,ICE2EP6D98PQUILVRZ91,10795,2010.0,Q2TTM,2009-04-01,2010-03-31,,6.62,5.33,1.4,5.21,451045000.0,1272253000.0,1187879000.0,84374000.0,1272253000.0,3444868000.0,7212063000.0,,,-9750000.0,,,408009000.0,,1705168000.0,3444868000.0,3767195000.0,50970000.0,45626000.0,2113177000.0,1654018000.0,-15094000.0,1638924000.0,7212063000.0,235325000.0,235325000.0,235325000.0
Becton Dickinson and Co,BDX,ICE2EP6D98PQUILVRZ91,10795,2010.0,Q1,2009-10-01,2009-12-31,2011-02-08 17:12:03+00:00,1.33,1.33,0.37,1.3,119025000.0,316376000.0,304093000.0,12283000.0,316376000.0,894324000.0,1868818000.0,,,-2354000.0,,,99151000.0,,445673000.0,894324000.0,974494000.0,12987000.0,8789000.0,544824000.0,429670000.0,-6552000.0,423118000.0,1868818000.0,237900000.0,237900000.0,243400000.0
Becton Dickinson and Co,BDX,ICE2EP6D98PQUILVRZ91,10795,2010.0,Q1TTM,2009-01-01,2009-12-31,,6.45,5.16,1.36,5.03,418140000.0,1235911000.0,1162019000.0,73892000.0,1235911000.0,3409726000.0,7137621000.0,,,-15615000.0,,,406404000.0,,1720451000.0,3409726000.0,3727895000.0,45552000.0,40286000.0,2126855000.0,1601040000.0,-20881000.0,1580159000.0,7137621000.0,237360000.0,237360000.0,237360000.0
Becton Dickinson and Co,BDX,ICE2EP6D98PQUILVRZ91,10795,2011.0,Q4,2011-07-01,2011-09-30,,1.38,1.38,0.41,1.35,92096000.0,299986000.0,254122000.0,45864000.0,299986000.0,916328000.0,1868083000.0,,,1436000.0,,,121228000.0,,466136000.0,916328000.0,951755000.0,22315000.0,1706000.0,587364000.0,365391000.0,-19173000.0,346218000.0,1868083000.0,221175000.0,221175000.0,221175000.0
Becton Dickinson and Co,BDX,ICE2EP6D98PQUILVRZ91,10795,2011.0,FY,2010-10-01,2011-09-30,2013-11-27 15:09:01+00:00,5.75,5.75,1.64,5.62,417000000.0,1271000000.0,1201000000.0,70000000.0,1271000000.0,3625000000.0,7584000000.0,,,-7000000.0,,,470000000.0,,1824000000.0,3625000000.0,3959000000.0,84000000.0,43000000.0,2294000000.0,1666000000.0,-48000000.0,1618000000.0,7584000000.0,221175000.0,221175000.0,221175000.0
Becton Dickinson and Co,BDX,ICE2EP6D98PQUILVRZ91,10795,2011.0,Q3,2011-04-01,2011-06-30,2012-08-06 14:09:38+00:00,1.57,1.57,0.41,1.53,113630000.0,343058000.0,321540000.0,21518000.0,343058000.0,922652000.0,1951889000.0,,,-1318000.0,,,114078000.0,,467968000.0,922652000.0,1029237000.0,22211000.0,11508000.0,582046000.0,447191000.0,-12021000.0,435170000.0,1951889000.0,218500000.0,218500000.0,224200000.0
Becton Dickinson and Co,BDX,ICE2EP6D98PQUILVRZ91,10795,2011.0,Q3YTD,2010-10-01,2011-06-30,,4.37,4.37,1.23,4.27,324904000.0,971014000.0,946878000.0,24136000.0,971014000.0,2708672000.0,5715917000.0,,,-8436000.0,,,348772000.0,,1357864000.0,2708672000.0,3007245000.0,61685000.0,41294000.0,1706636000.0,1300609000.0,-28827000.0,1271782000.0,5715917000.0,218500000.0,218500000.0,224200000.0
Becton Dickinson and Co,BDX,ICE2EP6D98PQUILVRZ91,10795,2011.0,Q3TTM,2010-07-01,2011-06-30,,6.08,6.08,1.6,5.93,413046000.0,1367709000.0,1178435000.0,189274000.0,1367709000.0,3494730000.0,7341164000.0,,,-7151000.0,,,464148000.0,,1765579000.0,3494730000.0,3846434000.0,73963000.0,55888000.0,2229727000.0,1616707000.0,-25226000.0,1591481000.0,7341164000.0,218500000.0,218500000.0,224200000.0
Becton Dickinson and Co,BDX,ICE2EP6D98PQUILVRZ91,10795,2011.0,Q2,2011-01-01,2011-03-31,2012-05-03 13:32:37+00:00,1.41,1.41,0.41,1.38,117399000.0,312019000.0,311062000.0,957000.0,312019000.0,920589000.0,1922023000.0,,,-2522000.0,,,119152000.0,,441942000.0,920589000.0,1001434000.0,23921000.0,14564000.0,561094000.0,440340000.0,-11879000.0,428461000.0,1922023000.0,221300000.0,221300000.0,226100000.0
Becton Dickinson and Co,BDX,ICE2EP6D98PQUILVRZ91,10795,2011.0,Q2YTD,2010-10-01,2011-03-31,,2.8,2.8,0.82,2.74,211274000.0,627956000.0,625338000.0,2618000.0,627956000.0,1786020000.0,3764028000.0,,,-7118000.0,,,234694000.0,,889896000.0,1786020000.0,1978008000.0,39474000.0,29786000.0,1124590000.0,853418000.0,-16806000.0,836612000.0,3764028000.0,221300000.0,221300000.0,226100000.0
Becton Dickinson and Co,BDX,ICE2EP6D98PQUILVRZ91,10795,2011.0,Q2TTM,2010-04-01,2011-03-31,,5.83,5.83,1.56,5.69,418629000.0,1331559000.0,1151055000.0,180504000.0,1331559000.0,3455512000.0,7220186000.0,,,-4431000.0,,,458117000.0,,1714079000.0,3455512000.0,3764674000.0,64837000.0,46474000.0,2172196000.0,1592478000.0,-22794000.0,1569684000.0,7220186000.0,221300000.0,221300000.0,226100000.0
Becton Dickinson and Co,BDX,ICE2EP6D98PQUILVRZ91,10795,2011.0,Q1,2010-10-01,2010-12-31,2012-02-07 12:24:08+00:00,1.39,1.39,0.41,1.36,93875000.0,315937000.0,314276000.0,1661000.0,315937000.0,865431000.0,1842005000.0,,,-4596000.0,,,115542000.0,,447954000.0,865431000.0,976574000.0,15553000.0,15222000.0,563496000.0,413078000.0,-4927000.0,408151000.0,1842005000.0,227300000.0,227300000.0,232300000.0
Becton Dickinson and Co,BDX,ICE2EP6D98PQUILVRZ91,10795,2011.0,Q1TTM,2010-01-01,2010-12-31,,5.68,5.68,1.52,5.55,426747000.0,1317171000.0,1125027000.0,192144000.0,1317171000.0,3399415000.0,7097572000.0,,,-1745000.0,,,439158000.0,,1693213000.0,3399415000.0,3698157000.0,53829000.0,41562000.0,2132371000.0,1565786000.0,-14012000.0,1551774000.0,7097572000.0,227300000.0,227300000.0,232300000.0
Becton Dickinson and Co,BDX,ICE2EP6D98PQUILVRZ91,10795,2012.0,Q4,2012-07-01,2012-09-30,,1.43,1.43,0.45,1.4,87741000.0,289116000.0,274751000.0,14365000.0,289116000.0,965956000.0,1966789000.0,,,-3391000.0,,,128033000.0,,483905000.0,965956000.0,1000833000.0,35633000.0,11621000.0,611938000.0,388895000.0,-27403000.0,361492000.0,1966789000.0,205460000.0,205460000.0,205460000.0
Becton Dickinson and Co,BDX,ICE2EP6D98PQUILVRZ91,10795,2012.0,FY,2011-10-01,2012-09-30,2014-11-26 12:46:40+00:00,5.69,5.69,1.8,5.59,363000000.0,1170000000.0,1110000000.0,60000000.0,1170000000.0,3755000000.0,7708000000.0,,,-1000000.0,,,472000000.0,,1923000000.0,3755000000.0,3953000000.0,135000000.0,50000000.0,2395000000.0,1558000000.0,-86000000.0,1472000000.0,7708000000.0,205460000.0,205460000.0,205460000.0
Becton Dickinson and Co,BDX,ICE2EP6D98PQUILVRZ91,10795,2012.0,Q3,2012-04-01,2012-06-30,2013-08-05 15:09:48+00:00,1.62,1.62,0.45,1.59,106960000.0,326866000.0,311581000.0,15285000.0,326866000.0,947395000.0,1980530000.0,,,-1881000.0,,,114987000.0,,469130000.0,947395000.0,1033135000.0,34849000.0,6253000.0,584117000.0,449018000.0,-30477000.0,418541000.0,1980530000.0,201800000.0,201800000.0,205600000.0
Becton Dickinson and Co,BDX,ICE2EP6D98PQUILVRZ91,10795,2012.0,Q3YTD,2011-10-01,2012-06-30,,4.26,4.26,1.35,4.19,275259000.0,880884000.0,835249000.0,45635000.0,880884000.0,2789044000.0,5741211000.0,,,2391000.0,,,343967000.0,,1439095000.0,2789044000.0,2952167000.0,99367000.0,38379000.0,1783062000.0,1169105000.0,-58597000.0,1110508000.0,5741211000.0,201800000.0,201800000.0,205600000.0
Becton Dickinson and Co,BDX,ICE2EP6D98PQUILVRZ91,10795,2012.0,Q3TTM,2011-07-01,2012-06-30,,5.64,5.64,1.76,5.54,367355000.0,1180870000.0,1089371000.0,91499000.0,1180870000.0,3705372000.0,7609294000.0,,,3827000.0,,,465195000.0,,1905231000.0,3705372000.0,3903922000.0,121682000.0,40085000.0,2370426000.0,1534496000.0,-77770000.0,1456726000.0,7609294000.0,201800000.0,201800000.0,205600000.0
Becton Dickinson and Co,BDX,ICE2EP6D98PQUILVRZ91,10795,2012.0,Q2,2012-01-01,2012-03-31,2013-05-09 13:22:48+00:00,1.41,1.41,0.45,1.39,94401000.0,291033000.0,275124000.0,15909000.0,291033000.0,941184000.0,1928961000.0,,,4657000.0,,,116753000.0,,487694000.0,941184000.0,987777000.0,35140000.0,16678000.0,604447000.0,383330000.0,-13805000.0,369525000.0,1928961000.0,206400000.0,206400000.0,209400000.0
Becton Dickinson and Co,BDX,ICE2EP6D98PQUILVRZ91,10795,2012.0,Q2YTD,2011-10-01,2012-03-31,,2.64,2.64,0.9,2.6,168299000.0,554018000.0,523668000.0,30350000.0,554018000.0,1841649000.0,3760681000.0,,,4272000.0,,,228980000.0,,969965000.0,1841649000.0,1919032000.0,64518000.0,32126000.0,1198945000.0,720087000.0,-28120000.0,691967000.0,3760681000.0,206400000.0,206400000.0,209400000.0
Becton Dickinson and Co,BDX,ICE2EP6D98PQUILVRZ91,10795,2012.0,Q2TTM,2011-04-01,2012-03-31,,5.59,5.59,1.72,5.48,374025000.0,1197062000.0,1099330000.0,97732000.0,1197062000.0,3680629000.0,7580653000.0,,,4390000.0,,,464286000.0,,1904069000.0,3680629000.0,3900024000.0,109044000.0,45340000.0,2368355000.0,1532669000.0,-59314000.0,1473355000.0,7580653000.0,206400000.0,206400000.0,209400000.0
Becton Dickinson and Co,BDX,ICE2EP6D98PQUILVRZ91,10795,2012.0,Q1,2011-10-01,2011-12-31,2013-02-07 14:44:44+00:00,1.23,1.23,0.45,1.21,73898000.0,262985000.0,248544000.0,14441000.0,262985000.0,900465000.0,1831720000.0,,,-385000.0,,,112227000.0,,482271000.0,900465000.0,931255000.0,29378000.0,15448000.0,594498000.0,336757000.0,-14315000.0,322442000.0,1831720000.0,213800000.0,213800000.0,217300000.0
Becton Dickinson and Co,BDX,ICE2EP6D98PQUILVRZ91,10795,2012.0,Q1TTM,2011-01-01,2011-12-31,,5.59,5.59,1.68,5.47,397023000.0,1218048000.0,1135268000.0,82780000.0,1218048000.0,3660034000.0,7573715000.0,,,-2789000.0,,,466685000.0,,1858317000.0,3660034000.0,3913681000.0,97825000.0,43226000.0,2325002000.0,1589679000.0,-57388000.0,1532291000.0,7573715000.0,213800000.0,213800000.0,217300000.0
Becton Dickinson and Co,BDX,ICE2EP6D98PQUILVRZ91,10795,2013.0,Q4,2013-07-01,2013-09-30,,0.48,0.48,0.49,0.45,-30000000.0,90000000.0,91000000.0,-1000000.0,90000000.0,1014000000.0,2101000000.0,,1000000.0,3000000.0,1000000.0,,133000000.0,,877000000.0,1014000000.0,1087000000.0,33000000.0,14000000.0,1010000000.0,76000000.0,-16000000.0,60000000.0,2101000000.0,195157000.0,195157000.0,195157000.0
Becton Dickinson and Co,BDX,ICE2EP6D98PQUILVRZ91,10795,2013.0,FY,2012-10-01,2013-09-30,2014-11-26 12:46:40+00:00,6.63,6.63,1.98,6.49,236000000.0,1293000000.0,929000000.0,364000000.0,1293000000.0,3883000000.0,8054000000.0,,,9000000.0,,,494000000.0,,2422000000.0,3883000000.0,4171000000.0,138000000.0,40000000.0,2916000000.0,1254000000.0,-89000000.0,1165000000.0,8054000000.0,195157000.0,195157000.0,195157000.0
Becton Dickinson and Co,BDX,ICE2EP6D98PQUILVRZ91,10795,2013.0,Q3YTD,2012-10-01,2013-06-30,,6.15,6.15,1.49,6.04,266000000.0,1203000000.0,838000000.0,365000000.0,1203000000.0,2869000000.0,5953000000.0,,,6000000.0,,,361000000.0,,1545000000.0,2869000000.0,3084000000.0,105000000.0,26000000.0,1906000000.0,1178000000.0,-73000000.0,1105000000.0,5953000000.0,194879000.0,194879000.0,194879000.0
Becton Dickinson and Co,BDX,ICE2EP6D98PQUILVRZ91,10795,2013.0,Q3TTM,2012-07-01,2013-06-30,,7.58,7.58,1.93,7.44,353741000.0,1492116000.0,1112751000.0,379365000.0,1492116000.0,3834956000.0,7919789000.0,,,2609000.0,,,489033000.0,,2028905000.0,3834956000.0,4084833000.0,140633000.0,37621000.0,2517938000.0,1566895000.0,-100403000.0,1466492000.0,7919789000.0,194879000.0,194879000.0,194879000.0
Becton Dickinson and Co,BDX,ICE2EP6D98PQUILVRZ91,10795,2013.0,Q3,2013-04-01,2013-06-30,2014-08-04 12:14:57+00:00,1.55,1.55,0.495,1.52,87000000.0,302000000.0,292000000.0,10000000.0,302000000.0,993000000.0,2053000000.0,,,3000000.0,,,121000000.0,,534000000.0,993000000.0,1060000000.0,35000000.0,6000000.0,655000000.0,405000000.0,-26000000.0,379000000.0,2053000000.0,194879000.0,194879000.0,194879000.0
Becton Dickinson and Co,BDX,ICE2EP6D98PQUILVRZ91,10795,2013.0,Q2,2013-01-01,2013-03-31,2014-05-05 15:07:54+00:00,1.42,1.42,0.495,1.39,84000000.0,276000000.0,276000000.0,0.0,276000000.0,982000000.0,2000000000.0,,,2000000.0,,,122000000.0,,515000000.0,982000000.0,1018000000.0,35000000.0,12000000.0,637000000.0,381000000.0,-21000000.0,360000000.0,2000000000.0,194400000.0,194400000.0,198600000.0
Becton Dickinson and Co,BDX,ICE2EP6D98PQUILVRZ91,10795,2013.0,Q2YTD,2012-10-01,2013-03-31,,4.6,4.6,0.99,4.52,179000000.0,901000000.0,546000000.0,355000000.0,901000000.0,1876000000.0,3900000000.0,,,3000000.0,,,240000000.0,,1011000000.0,1876000000.0,2024000000.0,70000000.0,20000000.0,1251000000.0,773000000.0,-47000000.0,726000000.0,3900000000.0,194400000.0,194400000.0,198600000.0
Becton Dickinson and Co,BDX,ICE2EP6D98PQUILVRZ91,10795,2013.0,Q2TTM,2012-04-01,2013-03-31,,7.65,7.65,1.89,7.51,373701000.0,1516982000.0,1132332000.0,384650000.0,1516982000.0,3789351000.0,7847319000.0,,,-2272000.0,,,483020000.0,,1964035000.0,3789351000.0,4057968000.0,140482000.0,37874000.0,2447055000.0,1610913000.0,-104880000.0,1506033000.0,7847319000.0,194400000.0,194400000.0,198600000.0
Becton Dickinson and Co,BDX,ICE2EP6D98PQUILVRZ91,10795,2013.0,Q1,2012-10-01,2012-12-31,2014-02-10 14:12:41+00:00,3.18,3.18,0.495,3.13,95000000.0,625000000.0,270000000.0,355000000.0,625000000.0,894000000.0,1900000000.0,,,1000000.0,,,118000000.0,,496000000.0,894000000.0,1006000000.0,35000000.0,8000000.0,614000000.0,392000000.0,-26000000.0,366000000.0,1900000000.0,196500000.0,196500000.0,199700000.0
Becton Dickinson and Co,BDX,ICE2EP6D98PQUILVRZ91,10795,2013.0,Q1TTM,2012-01-01,2012-12-31,,7.64,7.64,1.85,7.51,384102000.0,1532015000.0,1131456000.0,400559000.0,1532015000.0,3748535000.0,7776280000.0,,,385000.0,,,477773000.0,,1936729000.0,3748535000.0,4027745000.0,140622000.0,42552000.0,2414502000.0,1613243000.0,-97685000.0,1515558000.0,7776280000.0,196500000.0,196500000.0,199700000.0
Becton Dickinson and Co,BDX,ICE2EP6D98PQUILVRZ91,10795,2014.0,FY,2013-10-01,2014-09-30,2016-11-23 11:50:03+00:00,6.13,6.13,2.18,5.99,337000000.0,1185000000.0,1185000000.0,,1185000000.0,4145000000.0,8446000000.0,,,5000000.0,,,550000000.0,0.0,2145000000.0,4145000000.0,4301000000.0,135000000.0,46000000.0,2695000000.0,1606000000.0,-84000000.0,1522000000.0,8446000000.0,193299000.0,193299000.0,193299000.0
Becton Dickinson and Co,BDX,ICE2EP6D98PQUILVRZ91,10795,2014.0,Q4,2014-07-01,2014-09-30,,1.56,1.56,0.55,1.52,76000000.0,301000000.0,301000000.0,,301000000.0,1100000000.0,2202000000.0,,,1000000.0,,,140000000.0,,561000000.0,1100000000.0,1102000000.0,35000000.0,10000000.0,701000000.0,402000000.0,-24000000.0,377000000.0,2202000000.0,193299000.0,193299000.0,193299000.0
Becton Dickinson and Co,BDX,ICE2EP6D98PQUILVRZ91,10795,2014.0,Q3YTD,2013-10-01,2014-06-30,,4.57,4.57,1.64,4.47,261000000.0,884000000.0,884000000.0,,884000000.0,3045000000.0,6244000000.0,,,4000000.0,,,410000000.0,,1584000000.0,3045000000.0,3199000000.0,100000000.0,36000000.0,1994000000.0,1204000000.0,-60000000.0,1145000000.0,6244000000.0,193054000.0,193054000.0,193054000.0
Becton Dickinson and Co,BDX,ICE2EP6D98PQUILVRZ91,10795,2014.0,Q3TTM,2013-07-01,2014-06-30,,5.05,5.05,2.13,4.92,231000000.0,974000000.0,975000000.0,-1000000.0,974000000.0,4059000000.0,8345000000.0,,,7000000.0,,,543000000.0,,2461000000.0,4059000000.0,4286000000.0,133000000.0,50000000.0,3004000000.0,1280000000.0,-76000000.0,1205000000.0,8345000000.0,193054000.0,193054000.0,193054000.0
Becton Dickinson and Co,BDX,ICE2EP6D98PQUILVRZ91,10795,2014.0,Q3,2014-04-01,2014-06-30,2015-08-06 11:52:25+00:00,1.69,1.69,0.545,1.65,97000000.0,326000000.0,326000000.0,,326000000.0,1046000000.0,2157000000.0,,,-2000000.0,,,137000000.0,,528000000.0,1046000000.0,1111000000.0,33000000.0,12000000.0,665000000.0,445000000.0,-23000000.0,423000000.0,2157000000.0,193054000.0,193054000.0,193054000.0
Becton Dickinson and Co,BDX,ICE2EP6D98PQUILVRZ91,10795,2014.0,Q2,2014-01-01,2014-03-31,2015-05-08 11:26:03+00:00,1.48,1.48,0.545,1.45,76000000.0,287000000.0,287000000.0,,287000000.0,1019000000.0,2072000000.0,,,5000000.0,,,147000000.0,,525000000.0,1019000000.0,1053000000.0,33000000.0,10000000.0,672000000.0,381000000.0,-18000000.0,363000000.0,2072000000.0,193609000.0,193609000.0,193609000.0
Becton Dickinson and Co,BDX,ICE2EP6D98PQUILVRZ91,10795,2014.0,Q2YTD,2013-10-01,2014-03-31,,2.88,2.88,1.09,2.82,164000000.0,558000000.0,558000000.0,,558000000.0,1999000000.0,4087000000.0,,,6000000.0,,,273000000.0,,1056000000.0,1999000000.0,2088000000.0,67000000.0,24000000.0,1329000000.0,759000000.0,-37000000.0,722000000.0,4087000000.0,193609000.0,193609000.0,193609000.0
Becton Dickinson and Co,BDX,ICE2EP6D98PQUILVRZ91,10795,2014.0,Q2TTM,2013-04-01,2014-03-31,,4.91,4.91,2.08,4.79,221000000.0,950000000.0,941000000.0,9000000.0,950000000.0,4006000000.0,8241000000.0,,,12000000.0,,,527000000.0,,2467000000.0,4006000000.0,4235000000.0,135000000.0,44000000.0,2994000000.0,1240000000.0,-79000000.0,1161000000.0,8241000000.0,193609000.0,193609000.0,193609000.0
Becton Dickinson and Co,BDX,ICE2EP6D98PQUILVRZ91,10795,2014.0,Q1,2013-10-01,2013-12-31,2015-02-06 15:45:20+00:00,1.4,1.4,0.545,1.37,88000000.0,271000000.0,271000000.0,,271000000.0,980000000.0,2015000000.0,,,1000000.0,,,126000000.0,,531000000.0,980000000.0,1035000000.0,34000000.0,14000000.0,657000000.0,378000000.0,-19000000.0,359000000.0,2015000000.0,194203000.0,194203000.0,194203000.0
Becton Dickinson and Co,BDX,ICE2EP6D98PQUILVRZ91,10795,2014.0,Q1TTM,2013-01-01,2013-12-31,,4.85,4.85,2.03,4.73,229000000.0,939000000.0,930000000.0,9000000.0,939000000.0,3969000000.0,8169000000.0,,,9000000.0,,,502000000.0,,2457000000.0,3969000000.0,4200000000.0,137000000.0,46000000.0,2959000000.0,1240000000.0,-82000000.0,1158000000.0,8169000000.0,194203000.0,194203000.0,194203000.0
Becton Dickinson and Co,BDX,ICE2EP6D98PQUILVRZ91,10795,2015.0,FY,2014-10-01,2015-09-30,2017-11-22 11:31:54+00:00,3.43,3.43,2.4,3.35,44000000.0,695000000.0,695000000.0,,695000000.0,5587000000.0,10282000000.0,,,21000000.0,0.0,0.0,632000000.0,426000000.0,2563000000.0,5587000000.0,4695000000.0,371000000.0,15000000.0,3621000000.0,1074000000.0,-335000000.0,739000000.0,10282000000.0,202537000.0,202537000.0,202537000.0
Becton Dickinson and Co,BDX,ICE2EP6D98PQUILVRZ91,10795,2015.0,Q3,2015-04-01,2015-06-30,2016-08-04 12:06:07+00:00,0.3,0.3,0.6,0.29,-23000000.0,62000000.0,62000000.0,,62000000.0,1946000000.0,3120000000.0,,,5000000.0,,,178000000.0,108000000.0,751000000.0,1946000000.0,1174000000.0,105000000.0,2000000.0,1037000000.0,137000000.0,-98000000.0,39000000.0,3120000000.0,210175000.0,210175000.0,210175000.0
Becton Dickinson and Co,BDX,ICE2EP6D98PQUILVRZ91,10795,2015.0,Q3YTD,2014-10-01,2015-06-30,,2.62,2.62,1.8,2.57,36000000.0,514000000.0,513000000.0,,514000000.0,3957000000.0,7222000000.0,,,22000000.0,23000000.0,,436000000.0,221000000.0,1806000000.0,3957000000.0,3265000000.0,272000000.0,20000000.0,2486000000.0,779000000.0,-230000000.0,549000000.0,7222000000.0,210175000.0,210175000.0,210175000.0
Becton Dickinson and Co,BDX,ICE2EP6D98PQUILVRZ91,10795,2015.0,Q3TTM,2014-07-01,2015-06-30,,4.18,4.18,2.35,4.09,112000000.0,815000000.0,814000000.0,,815000000.0,5057000000.0,9424000000.0,,,23000000.0,23000000.0,,576000000.0,221000000.0,2367000000.0,5057000000.0,4367000000.0,307000000.0,30000000.0,3187000000.0,1181000000.0,-254000000.0,926000000.0,9424000000.0,210175000.0,210175000.0,210175000.0
Becton Dickinson and Co,BDX,ICE2EP6D98PQUILVRZ91,10795,2015.0,Q2,2015-01-01,2015-03-31,2016-05-06 14:08:20+00:00,1.1,1.1,0.6,1.08,9000000.0,216000000.0,216000000.0,,216000000.0,1005000000.0,2051000000.0,,,15000000.0,,,129000000.0,113000000.0,511000000.0,1005000000.0,1046000000.0,91000000.0,8000000.0,753000000.0,293000000.0,-68000000.0,225000000.0,2051000000.0,196085000.0,196085000.0,196085000.0
Becton Dickinson and Co,BDX,ICE2EP6D98PQUILVRZ91,10795,2015.0,Q2YTD,2014-10-01,2015-03-31,,2.32,2.32,1.2,2.28,59000000.0,452000000.0,451000000.0,,452000000.0,2011000000.0,4102000000.0,,,17000000.0,23000000.0,,258000000.0,113000000.0,1055000000.0,2011000000.0,2091000000.0,167000000.0,18000000.0,1449000000.0,642000000.0,-132000000.0,510000000.0,4102000000.0,196085000.0,196085000.0,196085000.0
Becton Dickinson and Co,BDX,ICE2EP6D98PQUILVRZ91,10795,2015.0,Q2TTM,2014-04-01,2015-03-31,,5.57,5.57,2.29,5.45,232000000.0,1079000000.0,1078000000.0,,1079000000.0,4157000000.0,8461000000.0,,,16000000.0,23000000.0,,535000000.0,113000000.0,2144000000.0,4157000000.0,4304000000.0,235000000.0,40000000.0,2815000000.0,1489000000.0,-179000000.0,1310000000.0,8461000000.0,196085000.0,196085000.0,196085000.0
Becton Dickinson and Co,BDX,ICE2EP6D98PQUILVRZ91,10795,2015.0,Q1,2014-10-01,2014-12-31,2016-02-05 12:36:55+00:00,1.22,1.22,0.6,1.2,50000000.0,236000000.0,235000000.0,,236000000.0,1006000000.0,2051000000.0,,,2000000.0,23000000.0,,129000000.0,,544000000.0,1006000000.0,1045000000.0,76000000.0,10000000.0,696000000.0,349000000.0,-64000000.0,285000000.0,2051000000.0,192844000.0,192844000.0,192844000.0
Becton Dickinson and Co,BDX,ICE2EP6D98PQUILVRZ91,10795,2015.0,Q1TTM,2014-01-01,2014-12-31,,5.95,5.95,2.24,5.82,299000000.0,1150000000.0,1149000000.0,,1150000000.0,4171000000.0,8482000000.0,,,6000000.0,23000000.0,,553000000.0,,2158000000.0,4171000000.0,4311000000.0,177000000.0,42000000.0,2734000000.0,1577000000.0,-129000000.0,1448000000.0,8482000000.0,192844000.0,192844000.0,192844000.0
Becton Dickinson and Co,BDX,ICE2EP6D98PQUILVRZ91,10795,2016.0,FY,2015-10-01,2016-09-30,2018-11-21 15:34:32+00:00,4.59,4.59,2.64,4.49,97000000.0,976000000.0,977000000.0,,976000000.0,6492000000.0,12483000000.0,,,11000000.0,0.0,0.0,828000000.0,728000000.0,3005000000.0,6492000000.0,5991000000.0,388000000.0,21000000.0,4561000000.0,1430000000.0,-356000000.0,1074000000.0,12483000000.0,212702000.0,212702000.0,212702000.0
Becton Dickinson and Co,BDX,ICE2EP6D98PQUILVRZ91,10795,2016.0,Q3,2016-04-01,2016-06-30,2017-08-03 13:34:42+00:00,1.83,1.83,0.66,1.8,32000000.0,390000000.0,390000000.0,,390000000.0,1651000000.0,3198000000.0,,,-1000000.0,0.0,0.0,207000000.0,96000000.0,728000000.0,1651000000.0,1547000000.0,97000000.0,5000000.0,1031000000.0,516000000.0,-93000000.0,422000000.0,3198000000.0,213083000.0,213083000.0,213083000.0
Becton Dickinson and Co,BDX,ICE2EP6D98PQUILVRZ91,10795,2016.0,Q3YTD,2015-10-01,2016-06-30,,4.5,4.5,1.98,4.42,107000000.0,957000000.0,957000000.0,,957000000.0,4813000000.0,9251000000.0,,,11000000.0,,,576000000.0,321000000.0,2208000000.0,4813000000.0,4438000000.0,293000000.0,14000000.0,3105000000.0,1334000000.0,-268000000.0,1064000000.0,9251000000.0,213083000.0,213083000.0,213083000.0
Becton Dickinson and Co,BDX,ICE2EP6D98PQUILVRZ91,10795,2016.0,Q3TTM,2015-07-01,2016-06-30,,5.31,5.31,2.58,5.2,115000000.0,1138000000.0,1139000000.0,,1138000000.0,6443000000.0,12311000000.0,,,10000000.0,-23000000.0,,772000000.0,526000000.0,2965000000.0,6443000000.0,5868000000.0,392000000.0,9000000.0,4240000000.0,1629000000.0,-373000000.0,1254000000.0,12311000000.0,213083000.0,213083000.0,213083000.0
Becton Dickinson and Co,BDX,ICE2EP6D98PQUILVRZ91,10795,2016.0,Q2,2016-01-01,2016-03-31,2017-05-02 15:07:02+00:00,1.59,1.59,0.66,1.56,38000000.0,338000000.0,338000000.0,,338000000.0,1584000000.0,3067000000.0,,,6000000.0,0.0,,182000000.0,104000000.0,732000000.0,1584000000.0,1483000000.0,99000000.0,3000000.0,1018000000.0,466000000.0,-90000000.0,376000000.0,3067000000.0,212469000.0,212469000.0,212469000.0
Becton Dickinson and Co,BDX,ICE2EP6D98PQUILVRZ91,10795,2016.0,Q2YTD,2015-10-01,2016-03-31,,2.67,2.67,1.32,2.62,75000000.0,567000000.0,567000000.0,,567000000.0,3162000000.0,6053000000.0,,,12000000.0,,,369000000.0,225000000.0,1480000000.0,3162000000.0,2891000000.0,196000000.0,9000000.0,2074000000.0,818000000.0,-175000000.0,642000000.0,6053000000.0,212469000.0,212469000.0,212469000.0
Becton Dickinson and Co,BDX,ICE2EP6D98PQUILVRZ91,10795,2016.0,Q2TTM,2015-04-01,2016-03-31,,3.78,3.78,2.52,3.69,60000000.0,810000000.0,811000000.0,,810000000.0,6738000000.0,12233000000.0,,,16000000.0,-23000000.0,,743000000.0,538000000.0,2988000000.0,6738000000.0,5495000000.0,400000000.0,6000000.0,4246000000.0,1250000000.0,-378000000.0,871000000.0,12233000000.0,212469000.0,212469000.0,212469000.0
Becton Dickinson and Co,BDX,ICE2EP6D98PQUILVRZ91,10795,2016.0,Q1,2015-10-01,2015-12-31,2017-02-02 13:04:33+00:00,1.08,1.08,0.66,1.06,37000000.0,229000000.0,229000000.0,,229000000.0,1578000000.0,2986000000.0,,,6000000.0,0.0,,187000000.0,121000000.0,748000000.0,1578000000.0,1408000000.0,97000000.0,6000000.0,1056000000.0,352000000.0,-85000000.0,266000000.0,2986000000.0,211689000.0,211689000.0,211689000.0
Becton Dickinson and Co,BDX,ICE2EP6D98PQUILVRZ91,10795,2016.0,Q1TTM,2015-01-01,2015-12-31,,3.29,3.29,2.46,3.21,31000000.0,688000000.0,689000000.0,,688000000.0,6159000000.0,11217000000.0,,,25000000.0,-23000000.0,,690000000.0,547000000.0,2767000000.0,6159000000.0,5058000000.0,392000000.0,11000000.0,3981000000.0,1077000000.0,-356000000.0,720000000.0,11217000000.0,211689000.0,211689000.0,211689000.0
Becton Dickinson and Co,BDX,ICE2EP6D98PQUILVRZ91,10795,2017.0,FY,2016-10-01,2017-09-30,2019-11-27 16:43:38+00:00,4.7,4.7,2.92,4.6,-124000000.0,1100000000.0,1100000000.0,,1030000000.0,6128000000.0,12093000000.0,,,-101000000.0,410000000.0,70000000.0,770000000.0,354000000.0,2909000000.0,6128000000.0,5965000000.0,521000000.0,76000000.0,4443000000.0,1522000000.0,-546000000.0,976000000.0,12093000000.0,219100000.0,219100000.0,223900000.0
Becton Dickinson and Co,BDX,ICE2EP6D98PQUILVRZ91,10795,2017.0,Q2,2017-01-01,2017-03-31,2018-05-03 15:44:15+00:00,1.61,1.61,0.73,1.58,18000000.0,344000000.0,344000000.0,,344000000.0,1537000000.0,2969000000.0,,,-5000000.0,0.0,0.0,187000000.0,76000000.0,724000000.0,1537000000.0,1432000000.0,86000000.0,7000000.0,987000000.0,446000000.0,-84000000.0,362000000.0,2969000000.0,213583000.0,213583000.0,213583000.0
Becton Dickinson and Co,BDX,ICE2EP6D98PQUILVRZ91,10795,2017.0,Q2YTD,2016-10-01,2017-03-31,,4.25,4.25,1.46,4.16,149000000.0,906000000.0,905000000.0,,906000000.0,3007000000.0,5891000000.0,,,-34000000.0,-336000000.0,,369000000.0,163000000.0,1433000000.0,3007000000.0,2884000000.0,181000000.0,12000000.0,1629000000.0,1257000000.0,-203000000.0,1054000000.0,5891000000.0,213583000.0,213583000.0,213583000.0
Becton Dickinson and Co,BDX,ICE2EP6D98PQUILVRZ91,10795,2017.0,Q2TTM,2016-04-01,2017-03-31,,6.17,6.17,2.78,6.03,171000000.0,1315000000.0,1315000000.0,,1315000000.0,6337000000.0,12321000000.0,,,-35000000.0,-336000000.0,,828000000.0,666000000.0,2958000000.0,6337000000.0,5984000000.0,373000000.0,24000000.0,4116000000.0,1869000000.0,-384000000.0,1486000000.0,12321000000.0,213583000.0,213583000.0,213583000.0
Becton Dickinson and Co,BDX,ICE2EP6D98PQUILVRZ91,10795,2017.0,Q1,2016-10-01,2016-12-31,2018-02-06 14:58:35+00:00,2.64,2.64,0.73,2.58,131000000.0,562000000.0,561000000.0,,562000000.0,1470000000.0,2922000000.0,,,-29000000.0,-336000000.0,0.0,182000000.0,87000000.0,709000000.0,1470000000.0,1452000000.0,95000000.0,5000000.0,642000000.0,811000000.0,-119000000.0,692000000.0,2922000000.0,213064000.0,213064000.0,213064000.0
Becton Dickinson and Co,BDX,ICE2EP6D98PQUILVRZ91,10795,2017.0,Q1TTM,2016-01-01,2016-12-31,,6.15,6.15,2.71,6.01,191000000.0,1309000000.0,1309000000.0,,1309000000.0,6384000000.0,12419000000.0,,,-24000000.0,-336000000.0,,823000000.0,694000000.0,2966000000.0,6384000000.0,6035000000.0,386000000.0,20000000.0,4147000000.0,1889000000.0,-390000000.0,1500000000.0,12419000000.0,213064000.0,213064000.0,213064000.0
Becton Dickinson and Co,BDX,ICE2EP6D98PQUILVRZ91,10795,2018.0,FY,2017-10-01,2018-09-30,2019-11-27 16:43:38+00:00,0.62,0.62,3.0,0.6,862000000.0,311000000.0,311000000.0,,159000000.0,8714000000.0,15983000000.0,,,305000000.0,0.0,152000000.0,1004000000.0,740000000.0,4016000000.0,8714000000.0,7269000000.0,706000000.0,65000000.0,5760000000.0,1509000000.0,-336000000.0,1173000000.0,15983000000.0,256500000.0,256500000.0,265000000.0
Becton Dickinson and Co,BDX,ICE2EP6D98PQUILVRZ91,10795,2018.0,Q3,2018-04-01,2018-06-30,2019-08-06 14:29:32+00:00,2.08,2.08,0.75,2.03,53000000.0,594000000.0,594000000.0,,556000000.0,2262000000.0,4278000000.0,,,310000000.0,0.0,38000000.0,277000000.0,142000000.0,1086000000.0,2262000000.0,2016000000.0,182000000.0,8000000.0,1505000000.0,512000000.0,136000000.0,647000000.0,4278000000.0,267300000.0,267300000.0,273900000.0
Becton Dickinson and Co,BDX,ICE2EP6D98PQUILVRZ91,10795,2018.0,Q3YTD,2017-10-01,2018-06-30,,1.13,1.13,2.25,1.08,312000000.0,446000000.0,446000000.0,,332000000.0,6405000000.0,11580000000.0,,,295000000.0,1000000.0,114000000.0,727000000.0,600000000.0,2915000000.0,6405000000.0,5175000000.0,525000000.0,56000000.0,4243000000.0,933000000.0,-174000000.0,758000000.0,11580000000.0,267300000.0,267300000.0,273900000.0
Becton Dickinson and Co,BDX,ICE2EP6D98PQUILVRZ91,10795,2018.0,Q2YTD,2017-10-01,2018-03-31,,-0.95,-0.95,1.5,-0.95,259000000.0,-148000000.0,-148000000.0,,-224000000.0,4143000000.0,7302000000.0,,,-15000000.0,1000000.0,76000000.0,450000000.0,458000000.0,1829000000.0,4143000000.0,3159000000.0,343000000.0,48000000.0,2738000000.0,421000000.0,-310000000.0,111000000.0,7302000000.0,263200000.0,263200000.0,263200000.0
Becton Dickinson and Co,BDX,ICE2EP6D98PQUILVRZ91,10795,2018.0,Q2TTM,2017-04-01,2018-03-31,,-0.5,-0.5,2.96,-0.51,-14000000.0,46000000.0,47000000.0,,-100000000.0,7264000000.0,13504000000.0,-1000000.0,,-82000000.0,747000000.0,146000000.0,851000000.0,649000000.0,3305000000.0,7264000000.0,6240000000.0,683000000.0,112000000.0,5552000000.0,686000000.0,-653000000.0,33000000.0,13504000000.0,263200000.0,263200000.0,263200000.0
Becton Dickinson and Co,BDX,ICE2EP6D98PQUILVRZ91,10795,2018.0,Q1,2017-10-01,2017-12-31,2019-02-05 13:42:40+00:00,-0.76,-0.76,0.75,-0.76,241000000.0,-136000000.0,-136000000.0,,-174000000.0,1527000000.0,3080000000.0,,,-16000000.0,0.0,38000000.0,191000000.0,354000000.0,773000000.0,1527000000.0,1553000000.0,158000000.0,44000000.0,1318000000.0,235000000.0,-130000000.0,105000000.0,3080000000.0,230038000.0,230038000.0,230038000.0
Becton Dickinson and Co,BDX,ICE2EP6D98PQUILVRZ91,10795,2018.0,Q1TTM,2017-01-01,2017-12-31,,1.3,1.3,2.94,1.26,-14000000.0,402000000.0,403000000.0,,294000000.0,6185000000.0,12251000000.0,,,-88000000.0,746000000.0,108000000.0,779000000.0,621000000.0,2973000000.0,6185000000.0,6066000000.0,584000000.0,115000000.0,5119000000.0,946000000.0,-557000000.0,389000000.0,12251000000.0,230038000.0,230038000.0,230038000.0
Becton Dickinson and Co,BDX,ICE2EP6D98PQUILVRZ91,10795,2019.0,FY,2018-10-01,2019-09-30,2019-11-27 16:43:38+00:00,4.01,4.01,3.08,3.94,-57000000.0,1233000000.0,1233000000.0,,1082000000.0,9002000000.0,17290000000.0,,,43000000.0,654000000.0,152000000.0,1062000000.0,480000000.0,4332000000.0,9002000000.0,8288000000.0,639000000.0,12000000.0,6528000000.0,1760000000.0,-584000000.0,1176000000.0,17290000000.0,269800000.0,269800000.0,274600000.0
Becton Dickinson and Co,BDX,ICE2EP6D98PQUILVRZ91,10795,2019.0,Q4,2019-07-01,2019-09-30,,0.46,0.46,0.77,0.45,-164000000.0,163000000.0,163000000.0,,125000000.0,2318000000.0,4585000000.0,,,26000000.0,595000000.0,38000000.0,270000000.0,198000000.0,1094000000.0,2318000000.0,2267000000.0,141000000.0,4000000.0,2155000000.0,110000000.0,-113000000.0,-1000000.0,4585000000.0,269800000.0,269800000.0,274600000.0
Becton Dickinson and Co,BDX,ICE2EP6D98PQUILVRZ91,10795,2019.0,Q3,2019-04-01,2019-06-30,2019-08-06 14:29:32+00:00,1.53,1.53,0.77,1.51,9000000.0,451000000.0,451000000.0,,413000000.0,2276000000.0,4350000000.0,,,-11000000.0,0.0,38000000.0,282000000.0,90000000.0,1076000000.0,2276000000.0,2074000000.0,156000000.0,2000000.0,1448000000.0,626000000.0,-165000000.0,460000000.0,4350000000.0,269900000.0,269900000.0,273500000.0
Becton Dickinson and Co,BDX,ICE2EP6D98PQUILVRZ91,10795,2019.0,Q3YTD,2018-10-01,2019-06-30,,3.55,3.55,2.31,3.49,107000000.0,1070000000.0,1070000000.0,,957000000.0,6684000000.0,12705000000.0,,,19000000.0,61000000.0,114000000.0,792000000.0,282000000.0,3238000000.0,6684000000.0,6021000000.0,498000000.0,8000000.0,4373000000.0,1650000000.0,-471000000.0,1177000000.0,12705000000.0,269900000.0,269900000.0,273500000.0
Becton Dickinson and Co,BDX,ICE2EP6D98PQUILVRZ91,10795,2019.0,Q2,2019-01-01,2019-03-31,2020-05-07 13:24:44+00:00,-0.07,-0.07,0.77,-0.07,-17000000.0,20000000.0,20000000.0,,-18000000.0,2221000000.0,4195000000.0,,,20000000.0,396000000.0,38000000.0,252000000.0,101000000.0,1089000000.0,2221000000.0,1974000000.0,171000000.0,18000000.0,1838000000.0,136000000.0,-133000000.0,3000000.0,4195000000.0,269882000.0,269882000.0,269882000.0
Becton Dickinson and Co,BDX,ICE2EP6D98PQUILVRZ91,10795,2019.0,Q2YTD,2018-10-01,2019-03-31,,2.02,2.02,1.54,1.98,98000000.0,619000000.0,619000000.0,,544000000.0,4408000000.0,8355000000.0,,,30000000.0,61000000.0,76000000.0,510000000.0,192000000.0,2162000000.0,4408000000.0,3947000000.0,342000000.0,6000000.0,2925000000.0,1024000000.0,-306000000.0,717000000.0,8355000000.0,269882000.0,269882000.0,269882000.0
Becton Dickinson and Co,BDX,ICE2EP6D98PQUILVRZ91,10795,2019.0,Q1,2018-10-01,2018-12-31,2020-02-06 16:00:19+00:00,2.09,2.09,0.77,2.05,115000000.0,599000000.0,599000000.0,,562000000.0,2187000000.0,4160000000.0,,,10000000.0,-335000000.0,38000000.0,258000000.0,91000000.0,1073000000.0,2187000000.0,1973000000.0,171000000.0,-12000000.0,1087000000.0,888000000.0,-173000000.0,714000000.0,4160000000.0,268900000.0,268900000.0,274100000.0
Becton Dickinson and Co,BDX,ICE2EP6D98PQUILVRZ91,10795,2019.0,Q1TTM,2018-01-01,2018-12-31,,3.47,3.47,3.02,3.41,736000000.0,1046000000.0,1046000000.0,,895000000.0,9374000000.0,17063000000.0,,,331000000.0,-335000000.0,152000000.0,1071000000.0,477000000.0,4316000000.0,9374000000.0,7689000000.0,719000000.0,9000000.0,5529000000.0,2162000000.0,-379000000.0,1782000000.0,17063000000.0,268900000.0,268900000.0,274100000.0
Becton Dickinson and Co,BDX,ICE2EP6D98PQUILVRZ91,10795,2020.0,Q2YTD,2019-10-01,2020-03-31,,1.41,1.41,1.58,1.4,134000000.0,461000000.0,460000000.0,,385000000.0,4767000000.0,8478000000.0,,,-11000000.0,,76000000.0,534000000.0,161000000.0,2146000000.0,4767000000.0,3711000000.0,270000000.0,3000000.0,2841000000.0,871000000.0,-278000000.0,594000000.0,8478000000.0,272014000.0,272014000.0,272014000.0
Becton Dickinson and Co,BDX,ICE2EP6D98PQUILVRZ91,10795,2020.0,Q2TTM,2019-04-01,2020-03-31,,3.4,3.4,0.04,3.36,-21000000.0,1075000000.0,1074000000.0,,923000000.0,9361000000.0,17413000000.0,,,2000000.0,593000000.0,152000000.0,1086000000.0,449000000.0,4316000000.0,9361000000.0,8052000000.0,567000000.0,9000000.0,6444000000.0,1607000000.0,-556000000.0,1053000000.0,17413000000.0,272014000.0,272014000.0,272014000.0
Becton Dickinson and Co,BDX,ICE2EP6D98PQUILVRZ91,10795,2020.0,Q2,2020-01-01,2020-03-31,2020-05-07 13:24:44+00:00,0.53,0.53,0.79,0.53,17000000.0,183000000.0,183000000.0,,145000000.0,2520000000.0,4253000000.0,,,-38000000.0,0.0,38000000.0,264000000.0,75000000.0,1025000000.0,2520000000.0,1733000000.0,134000000.0,2000000.0,1364000000.0,370000000.0,-170000000.0,200000000.0,4253000000.0,272014000.0,272014000.0,272014000.0
Becton Dickinson and Co,BDX,ICE2EP6D98PQUILVRZ91,10795,2020.0,Q1TTM,2019-01-01,2019-12-31,,2.8,2.8,0.02,2.76,-55000000.0,912000000.0,911000000.0,,760000000.0,9062000000.0,17355000000.0,,,60000000.0,989000000.0,152000000.0,1074000000.0,475000000.0,4380000000.0,9062000000.0,8293000000.0,604000000.0,25000000.0,6918000000.0,1373000000.0,-519000000.0,856000000.0,17355000000.0,272700000.0,272700000.0,275900000.0
Becton Dickinson and Co,BDX,ICE2EP6D98PQUILVRZ91,10795,2020.0,Q1,2019-10-01,2019-12-31,2020-02-06 16:00:19+00:00,0.88,0.88,0.79,0.87,117000000.0,278000000.0,277000000.0,,240000000.0,2247000000.0,4225000000.0,,,27000000.0,0.0,38000000.0,270000000.0,86000000.0,1121000000.0,2247000000.0,1978000000.0,136000000.0,1000000.0,1477000000.0,501000000.0,-108000000.0,394000000.0,4225000000.0,272700000.0,272700000.0,275900000.0
