company_name,company_ticker,company_lei,company_cik,year,quarter,start_date,end_date,filing_date,basicdilutedeps,basiceps,cashdividendspershare,dilutedeps,incometaxexpense,marketingexpense,netincome,netincomecontinuing,netincometocommon,netincometononcontrollinginterest,operatingcostofrevenue,operatingrevenue,otherincome,otherspecialcharges,sgaexpense,totalcostofrevenue,totalgrossprofit,totalinterestexpense,totalinterestincome,totaloperatingexpenses,totaloperatingincome,totalotherincome,totalpretaxincome,totalrevenue,weightedavebasicdilutedsharesos,weightedavebasicsharesos,weightedavedilutedsharesos
Church & Dwight Co Inc,CHD,POOXSI30AWAQGYJZC921,313927,2008.0,FY,2008-01-01,2008-12-31,2011-02-24 16:54:55+00:00,2.88,2.88,0.34,2.78,113078000.0,294130000.0,195182000.0,195182000.0,195174000.0,8000.0,1450680000.0,2422398000.0,-3208000.0,0.0,337256000.0,1450680000.0,971718000.0,46945000.0,18081000.0,631386000.0,340332000.0,-32072000.0,308260000.0,2422398000.0,67800000.0,67870000.0,71116000.0
Church & Dwight Co Inc,CHD,POOXSI30AWAQGYJZC921,313927,2009.0,FY,2009-01-01,2009-12-31,2012-02-24 13:07:49+00:00,1.73,1.73,0.23,1.7,148700000.0,353600000.0,243500000.0,243500000.0,243500000.0,0.0,1419900000.0,2520900000.0,1500000.0,-20000000.0,354500000.0,1419900000.0,1101000000.0,35600000.0,13400000.0,688100000.0,412900000.0,-20700000.0,392200000.0,2520900000.0,140800000.0,140800000.0,143000000.0
Church & Dwight Co Inc,CHD,POOXSI30AWAQGYJZC921,313927,2009.0,Q3,2009-06-27,2009-09-25,2010-11-09 12:54:55+00:00,0.99,0.99,0.14,0.98,42643000.0,100225000.0,70024000.0,70024000.0,70028000.0,-4000.0,361272000.0,646157000.0,382000.0,-20000000.0,86759000.0,361272000.0,284885000.0,8609000.0,2993000.0,166984000.0,117901000.0,-5234000.0,112667000.0,646157000.0,70700000.0,70419000.0,71624000.0
Church & Dwight Co Inc,CHD,POOXSI30AWAQGYJZC921,313927,2009.0,Q2,2009-03-28,2009-06-26,2010-08-09 12:40:32+00:00,0.83,0.83,0.09,0.81,36828000.0,93704000.0,58157000.0,58157000.0,58156000.0,1000.0,341568000.0,623119000.0,807000.0,,88845000.0,341568000.0,281551000.0,9231000.0,4407000.0,182549000.0,99002000.0,-4017000.0,94985000.0,623119000.0,70100000.0,70342000.0,71428000.0
Church & Dwight Co Inc,CHD,POOXSI30AWAQGYJZC921,313927,2010.0,FY,2010-01-01,2010-12-31,2013-02-22 14:07:00+00:00,1.91,1.91,0.31,1.87,147600000.0,338000000.0,270700000.0,270700000.0,270700000.0,,1431400000.0,2589200000.0,-4500000.0,,374800000.0,1431400000.0,1157800000.0,27800000.0,5600000.0,712800000.0,445000000.0,-26700000.0,418300000.0,2589200000.0,141700000.0,142000000.0,144400000.0
Church & Dwight Co Inc,CHD,POOXSI30AWAQGYJZC921,313927,2010.0,Q4,2010-10-02,2010-12-31,,0.33,0.33,0.09,0.33,23700000.0,96100000.0,46900000.0,46900000.0,46900000.0,,364400000.0,656800000.0,-4600000.0,,116300000.0,364400000.0,292400000.0,6300000.0,1500000.0,212400000.0,80000000.0,-9400000.0,70600000.0,656800000.0,141700000.0,142000000.0,144400000.0
Church & Dwight Co Inc,CHD,POOXSI30AWAQGYJZC921,313927,2010.0,Q3YTD,2010-01-01,2010-10-01,,1.57,1.57,0.22,1.57,123900000.0,241900000.0,223800000.0,223800000.0,223800000.0,,1067000000.0,1932400000.0,100000.0,,258500000.0,1067000000.0,865400000.0,21500000.0,4100000.0,500400000.0,365000000.0,-17300000.0,347700000.0,1932400000.0,141800000.0,142200000.0,144400000.0
Church & Dwight Co Inc,CHD,POOXSI30AWAQGYJZC921,313927,2010.0,Q3,2010-07-03,2010-10-01,2011-11-04 12:01:53+00:00,0.49,0.49,0.09,0.48,36400000.0,90200000.0,69500000.0,69500000.0,69500000.0,0.0,367900000.0,656900000.0,-100000.0,,85800000.0,367900000.0,289000000.0,8000000.0,1000000.0,176000000.0,113000000.0,-7100000.0,105900000.0,656900000.0,141800000.0,142200000.0,144400000.0
Church & Dwight Co Inc,CHD,POOXSI30AWAQGYJZC921,313927,2010.0,Q2YTD,2010-01-01,2010-07-02,,1.09,1.09,0.14,1.09,87500000.0,151700000.0,154300000.0,154300000.0,154300000.0,,699100000.0,1275500000.0,200000.0,,172700000.0,699100000.0,576400000.0,13500000.0,3100000.0,324400000.0,252000000.0,-10200000.0,241800000.0,1275500000.0,142900000.0,142000000.0,144400000.0
Church & Dwight Co Inc,CHD,POOXSI30AWAQGYJZC921,313927,2010.0,Q2,2010-04-03,2010-07-02,2011-08-05 10:17:36+00:00,0.52,0.52,0.07,0.51,42100000.0,82800000.0,74300000.0,74300000.0,74300000.0,0.0,350000000.0,640900000.0,0.0,,88100000.0,350000000.0,290900000.0,5300000.0,1700000.0,170900000.0,120000000.0,-3600000.0,116400000.0,640900000.0,142900000.0,142000000.0,144400000.0
Church & Dwight Co Inc,CHD,POOXSI30AWAQGYJZC921,313927,2010.0,Q1,2010-01-01,2010-04-02,2011-05-06 16:31:04+00:00,1.13,1.13,0.14,1.11,45400000.0,68900000.0,80000000.0,80000000.0,80000000.0,0.0,349100000.0,634600000.0,200000.0,,84600000.0,349100000.0,285500000.0,8200000.0,1400000.0,153500000.0,132000000.0,-6600000.0,125400000.0,634600000.0,70800000.0,70800000.0,72000000.0
Church & Dwight Co Inc,CHD,POOXSI30AWAQGYJZC921,313927,2011.0,FY,2011-01-01,2011-12-31,2014-02-21 12:42:51+00:00,2.16,2.16,0.68,2.12,185000000.0,354100000.0,309600000.0,309600000.0,309600000.0,,1534800000.0,2749300000.0,-1200000.0,,367800000.0,1534800000.0,1214500000.0,8700000.0,11900000.0,721900000.0,492600000.0,2000000.0,494600000.0,2749300000.0,143300000.0,143200000.0,145800000.0
Church & Dwight Co Inc,CHD,POOXSI30AWAQGYJZC921,313927,2011.0,Q4,2011-10-01,2011-12-31,,0.45,0.45,0.17,0.45,54200000.0,105600000.0,63800000.0,63800000.0,63800000.0,,414600000.0,731100000.0,-400000.0,,93500000.0,414600000.0,316500000.0,1200000.0,2200000.0,199100000.0,117400000.0,600000.0,118000000.0,731100000.0,143300000.0,143200000.0,145800000.0
Church & Dwight Co Inc,CHD,POOXSI30AWAQGYJZC921,313927,2011.0,Q3YTD,2011-01-01,2011-09-30,,1.71,1.71,0.51,1.71,130800000.0,248500000.0,245800000.0,245800000.0,245800000.0,,1120200000.0,2018200000.0,-800000.0,,274300000.0,1120200000.0,898000000.0,7500000.0,9700000.0,522800000.0,375200000.0,1400000.0,376600000.0,2018200000.0,144700000.0,143700000.0,146300000.0
Church & Dwight Co Inc,CHD,POOXSI30AWAQGYJZC921,313927,2011.0,Q3TTM,2010-10-02,2011-09-30,,2.04,2.04,0.59,2.04,154500000.0,344600000.0,292700000.0,292700000.0,292700000.0,,1484600000.0,2675000000.0,-5400000.0,,390600000.0,1484600000.0,1190400000.0,13800000.0,11200000.0,735200000.0,455200000.0,-8000000.0,447200000.0,2675000000.0,144700000.0,143700000.0,146300000.0
Church & Dwight Co Inc,CHD,POOXSI30AWAQGYJZC921,313927,2011.0,Q3,2011-07-02,2011-09-30,2012-11-05 14:47:15+00:00,0.55,0.55,0.17,0.54,46400000.0,91800000.0,79600000.0,79600000.0,79600000.0,0.0,391100000.0,701000000.0,-1600000.0,,91800000.0,391100000.0,309900000.0,2200000.0,3500000.0,183600000.0,126300000.0,-300000.0,126000000.0,701000000.0,144700000.0,143700000.0,146300000.0
Church & Dwight Co Inc,CHD,POOXSI30AWAQGYJZC921,313927,2011.0,Q2YTD,2011-01-01,2011-07-01,,1.16,1.16,0.34,1.16,84400000.0,156700000.0,166200000.0,166200000.0,166200000.0,,729100000.0,1317200000.0,800000.0,,182500000.0,729100000.0,588100000.0,5300000.0,6200000.0,339200000.0,248900000.0,1700000.0,250600000.0,1317200000.0,142400000.0,143300000.0,145900000.0
Church & Dwight Co Inc,CHD,POOXSI30AWAQGYJZC921,313927,2011.0,Q2TTM,2010-07-03,2011-07-01,,1.97,1.97,0.51,1.97,144500000.0,343000000.0,282600000.0,282600000.0,282600000.0,,1461400000.0,2630900000.0,-3900000.0,,384600000.0,1461400000.0,1169500000.0,19600000.0,8700000.0,727600000.0,441900000.0,-14800000.0,427100000.0,2630900000.0,142400000.0,143300000.0,145900000.0
Church & Dwight Co Inc,CHD,POOXSI30AWAQGYJZC921,313927,2011.0,Q2,2011-04-02,2011-07-01,2012-08-07 14:50:39+00:00,0.58,0.58,0.17,0.57,36400000.0,87500000.0,82600000.0,82600000.0,82600000.0,0.0,374900000.0,674900000.0,300000.0,,94700000.0,374900000.0,300000000.0,2600000.0,3500000.0,182200000.0,117800000.0,1200000.0,119000000.0,674900000.0,142400000.0,143300000.0,145900000.0
Church & Dwight Co Inc,CHD,POOXSI30AWAQGYJZC921,313927,2011.0,Q1TTM,2010-04-03,2011-04-01,,1.92,1.92,0.41,1.92,150200000.0,338300000.0,274300000.0,274300000.0,274300000.0,,1436500000.0,2596900000.0,-4200000.0,,378000000.0,1436500000.0,1160400000.0,22300000.0,6900000.0,716300000.0,444100000.0,-19600000.0,424500000.0,2596900000.0,141700000.0,142800000.0,145300000.0
Church & Dwight Co Inc,CHD,POOXSI30AWAQGYJZC921,313927,2011.0,Q1,2011-01-01,2011-04-01,2012-05-08 14:22:36+00:00,0.59,0.59,0.17,0.58,48000000.0,69200000.0,83600000.0,83600000.0,83600000.0,0.0,354200000.0,642300000.0,500000.0,,87800000.0,354200000.0,288100000.0,2700000.0,2700000.0,157000000.0,131100000.0,500000.0,131600000.0,642300000.0,141700000.0,142800000.0,145300000.0
Church & Dwight Co Inc,CHD,POOXSI30AWAQGYJZC921,313927,2012.0,Q4,2012-10-01,2012-12-31,,0.58,0.58,0.24,0.58,49400000.0,108700000.0,80800000.0,80800000.0,80800000.0,,451300000.0,809700000.0,-300000.0,,115100000.0,451300000.0,358400000.0,6300000.0,2200000.0,223800000.0,134600000.0,-4400000.0,130200000.0,809700000.0,139900000.0,140100000.0,142700000.0
Church & Dwight Co Inc,CHD,POOXSI30AWAQGYJZC921,313927,2012.0,FY,2012-01-01,2012-12-31,2015-02-20 11:29:47+00:00,2.5,2.5,0.96,2.45,192700000.0,357300000.0,349800000.0,349800000.0,349800000.0,,1630500000.0,2921900000.0,800000.0,,389000000.0,1630500000.0,1291400000.0,14000000.0,10600000.0,746300000.0,545100000.0,-2600000.0,542500000.0,2921900000.0,139900000.0,140100000.0,142700000.0
Church & Dwight Co Inc,CHD,POOXSI30AWAQGYJZC921,313927,2012.0,Q3YTD,2012-01-01,2012-09-30,,1.93,1.93,0.72,1.93,143300000.0,248600000.0,269000000.0,269000000.0,269000000.0,,1179200000.0,2112200000.0,1100000.0,,273900000.0,1179200000.0,933000000.0,7700000.0,8400000.0,522500000.0,410500000.0,1800000.0,412300000.0,2112200000.0,140100000.0,139500000.0,142200000.0
Church & Dwight Co Inc,CHD,POOXSI30AWAQGYJZC921,313927,2012.0,Q3TTM,2011-10-01,2012-09-30,,2.39,2.39,0.9,2.39,197500000.0,354200000.0,332800000.0,332800000.0,332800000.0,,1593800000.0,2843300000.0,700000.0,,367400000.0,1593800000.0,1249500000.0,8900000.0,10600000.0,721600000.0,527900000.0,2400000.0,530300000.0,2843300000.0,140100000.0,139500000.0,142200000.0
Church & Dwight Co Inc,CHD,POOXSI30AWAQGYJZC921,313927,2012.0,Q3,2012-07-01,2012-09-30,2013-11-01 12:32:01+00:00,0.67,0.67,0.24,0.66,52100000.0,92200000.0,93900000.0,93900000.0,93900000.0,,397700000.0,725200000.0,400000.0,,89900000.0,397700000.0,327500000.0,2600000.0,2800000.0,182100000.0,145400000.0,600000.0,146000000.0,725200000.0,140100000.0,139500000.0,142200000.0
Church & Dwight Co Inc,CHD,POOXSI30AWAQGYJZC921,313927,2012.0,Q2YTD,2012-01-01,2012-06-30,,1.26,1.26,0.48,1.26,91200000.0,156400000.0,175100000.0,175100000.0,175100000.0,,781500000.0,1387000000.0,700000.0,,184000000.0,781500000.0,605500000.0,5100000.0,5600000.0,340400000.0,265100000.0,1200000.0,266300000.0,1387000000.0,139100000.0,139500000.0,142200000.0
Church & Dwight Co Inc,CHD,POOXSI30AWAQGYJZC921,313927,2012.0,Q2TTM,2011-07-02,2012-06-30,,2.28,2.28,0.83,2.28,191800000.0,353800000.0,318500000.0,318500000.0,318500000.0,,1587200000.0,2819100000.0,-1300000.0,,369300000.0,1587200000.0,1231900000.0,8500000.0,11300000.0,723100000.0,508800000.0,1500000.0,510300000.0,2819100000.0,139100000.0,139500000.0,142200000.0
Church & Dwight Co Inc,CHD,POOXSI30AWAQGYJZC921,313927,2012.0,Q2,2012-04-01,2012-06-30,2013-08-02 12:33:59+00:00,0.57,0.57,0.24,0.56,43800000.0,88400000.0,79300000.0,79300000.0,79300000.0,,393400000.0,696400000.0,500000.0,,92200000.0,393400000.0,303000000.0,2400000.0,2600000.0,180600000.0,122400000.0,700000.0,123100000.0,696400000.0,139100000.0,139500000.0,142200000.0
Church & Dwight Co Inc,CHD,POOXSI30AWAQGYJZC921,313927,2012.0,Q1TTM,2011-04-02,2012-03-31,,2.26,2.26,0.75,2.26,184400000.0,352900000.0,321800000.0,321800000.0,321800000.0,,1568700000.0,2797600000.0,-1500000.0,,371800000.0,1568700000.0,1228900000.0,8700000.0,12200000.0,724700000.0,504200000.0,2000000.0,506200000.0,2797600000.0,143000000.0,142300000.0,144900000.0
Church & Dwight Co Inc,CHD,POOXSI30AWAQGYJZC921,313927,2012.0,Q1,2012-01-01,2012-03-31,2013-05-02 14:53:59+00:00,0.67,0.67,0.24,0.66,47400000.0,68000000.0,95800000.0,95800000.0,95800000.0,,388100000.0,690600000.0,200000.0,,91800000.0,388100000.0,302500000.0,2700000.0,3000000.0,159800000.0,142700000.0,500000.0,143200000.0,690600000.0,143000000.0,142300000.0,144900000.0
Church & Dwight Co Inc,CHD,POOXSI30AWAQGYJZC921,313927,2013.0,FY,2013-01-01,2013-12-31,2016-02-19 12:27:20+00:00,2.85,2.85,1.12,2.79,203400000.0,399800000.0,394400000.0,394400000.0,394400000.0,,1756300000.0,3194300000.0,-2100000.0,,416000000.0,1756300000.0,1438000000.0,27700000.0,5400000.0,815800000.0,622200000.0,-24400000.0,597800000.0,3194300000.0,138400000.0,138600000.0,141200000.0
Church & Dwight Co Inc,CHD,POOXSI30AWAQGYJZC921,313927,2013.0,Q4,2013-10-01,2013-12-31,,0.67,0.67,0.28,0.67,47000000.0,117500000.0,92200000.0,92200000.0,92200000.0,,450900000.0,822600000.0,-700000.0,,109600000.0,450900000.0,371700000.0,6700000.0,2000000.0,227100000.0,144600000.0,-5400000.0,139200000.0,822600000.0,138400000.0,138600000.0,141200000.0
Church & Dwight Co Inc,CHD,POOXSI30AWAQGYJZC921,313927,2013.0,Q3YTD,2013-01-01,2013-09-30,,2.18,2.18,0.84,2.18,156400000.0,282300000.0,302200000.0,302200000.0,302200000.0,,1305400000.0,2371700000.0,-1400000.0,,306400000.0,1305400000.0,1066300000.0,21000000.0,3400000.0,588700000.0,477600000.0,-19000000.0,458600000.0,2371700000.0,138300000.0,138800000.0,141300000.0
Church & Dwight Co Inc,CHD,POOXSI30AWAQGYJZC921,313927,2013.0,Q3TTM,2012-10-01,2013-09-30,,2.76,2.76,1.08,2.76,205800000.0,391000000.0,383000000.0,383000000.0,383000000.0,,1756700000.0,3181400000.0,-1700000.0,,421500000.0,1756700000.0,1424700000.0,27300000.0,5600000.0,812500000.0,612200000.0,-23400000.0,588800000.0,3181400000.0,138300000.0,138800000.0,141300000.0
Church & Dwight Co Inc,CHD,POOXSI30AWAQGYJZC921,313927,2013.0,Q3,2013-07-01,2013-09-30,2014-11-03 14:02:50+00:00,0.78,0.78,0.28,0.76,55300000.0,99700000.0,107900000.0,107900000.0,107900000.0,,439600000.0,804800000.0,-100000.0,,97700000.0,439600000.0,365200000.0,7000000.0,2500000.0,197400000.0,167800000.0,-4600000.0,163200000.0,804800000.0,138300000.0,138800000.0,141300000.0
Church & Dwight Co Inc,CHD,POOXSI30AWAQGYJZC921,313927,2013.0,Q2YTD,2013-01-01,2013-06-30,,1.4,1.4,0.56,1.4,101100000.0,182600000.0,194300000.0,194300000.0,194300000.0,,865800000.0,1566900000.0,-1300000.0,,208700000.0,865800000.0,701100000.0,14000000.0,900000.0,391300000.0,309800000.0,-14400000.0,295400000.0,1566900000.0,139700000.0,138500000.0,141100000.0
Church & Dwight Co Inc,CHD,POOXSI30AWAQGYJZC921,313927,2013.0,Q2TTM,2012-07-01,2013-06-30,,2.66,2.66,1.04,2.66,202600000.0,383500000.0,369000000.0,369000000.0,369000000.0,,1714800000.0,3101800000.0,-1200000.0,,413700000.0,1714800000.0,1387000000.0,22900000.0,5900000.0,797200000.0,589800000.0,-18200000.0,571600000.0,3101800000.0,139700000.0,138500000.0,141100000.0
Church & Dwight Co Inc,CHD,POOXSI30AWAQGYJZC921,313927,2013.0,Q2,2013-04-01,2013-06-30,2014-08-01 12:25:08+00:00,0.62,0.62,0.28,0.61,45600000.0,103700000.0,86600000.0,86600000.0,86600000.0,,436600000.0,787600000.0,-900000.0,,106800000.0,436600000.0,351000000.0,7000000.0,-400000.0,210500000.0,140500000.0,-8300000.0,132200000.0,787600000.0,139700000.0,138500000.0,141100000.0
Church & Dwight Co Inc,CHD,POOXSI30AWAQGYJZC921,313927,2013.0,Q1TTM,2012-04-01,2013-03-31,,2.62,2.62,1.0,2.62,200800000.0,368200000.0,361700000.0,361700000.0,361700000.0,,1671600000.0,3010600000.0,200000.0,,399100000.0,1671600000.0,1339000000.0,18300000.0,8900000.0,767300000.0,571700000.0,-9200000.0,562500000.0,3010600000.0,138100000.0,138300000.0,140900000.0
Church & Dwight Co Inc,CHD,POOXSI30AWAQGYJZC921,313927,2013.0,Q1,2013-01-01,2013-03-31,2014-05-01 13:56:48+00:00,0.78,0.78,0.28,0.76,55500000.0,78900000.0,107700000.0,107700000.0,107700000.0,,429200000.0,779300000.0,-400000.0,,101900000.0,429200000.0,350100000.0,7000000.0,1300000.0,180800000.0,169300000.0,-6100000.0,163200000.0,779300000.0,138100000.0,138300000.0,140900000.0
Church & Dwight Co Inc,CHD,POOXSI30AWAQGYJZC921,313927,2014.0,FY,2014-01-01,2014-12-31,2017-02-24 10:39:11+00:00,1.53,1.53,0.62,1.51,211000000.0,416900000.0,413900000.0,413900000.0,413900000.0,,1844700000.0,3297600000.0,-2800000.0,,394800000.0,1844700000.0,1452900000.0,27400000.0,13900000.0,811700000.0,641200000.0,-16300000.0,624900000.0,3297600000.0,270500000.0,270200000.0,275000000.0
Church & Dwight Co Inc,CHD,POOXSI30AWAQGYJZC921,313927,2014.0,Q4,2014-10-01,2014-12-31,,0.39,0.39,0.15,0.39,53400000.0,119100000.0,106600000.0,106600000.0,106600000.0,,475900000.0,865500000.0,-1200000.0,,106700000.0,475900000.0,389600000.0,6900000.0,4300000.0,225800000.0,163800000.0,-3800000.0,160000000.0,865500000.0,270500000.0,270200000.0,275000000.0
Church & Dwight Co Inc,CHD,POOXSI30AWAQGYJZC921,313927,2014.0,Q3,2014-07-01,2014-09-30,2015-11-02 11:58:53+00:00,0.87,0.87,0.31,0.85,57300000.0,96600000.0,115900000.0,115900000.0,115900000.0,,474300000.0,841800000.0,-1100000.0,,93700000.0,474300000.0,367500000.0,6900000.0,4000000.0,190300000.0,177200000.0,-4000000.0,173200000.0,841800000.0,133200000.0,133700000.0,136000000.0
Church & Dwight Co Inc,CHD,POOXSI30AWAQGYJZC921,313927,2014.0,Q3YTD,2014-01-01,2014-09-30,,2.3,2.3,0.94,2.3,157600000.0,297800000.0,307300000.0,307300000.0,307300000.0,,1368800000.0,2432100000.0,-1600000.0,,288100000.0,1368800000.0,1063300000.0,20500000.0,9600000.0,585900000.0,477400000.0,-12500000.0,464900000.0,2432100000.0,133200000.0,133700000.0,136000000.0
Church & Dwight Co Inc,CHD,POOXSI30AWAQGYJZC921,313927,2014.0,Q3TTM,2013-10-01,2014-09-30,,2.99,2.99,1.23,2.99,204600000.0,415300000.0,399500000.0,399500000.0,399500000.0,,1819700000.0,3254700000.0,-2300000.0,,397700000.0,1819700000.0,1435000000.0,27200000.0,11600000.0,813000000.0,622000000.0,-17900000.0,604100000.0,3254700000.0,133200000.0,133700000.0,136000000.0
Church & Dwight Co Inc,CHD,POOXSI30AWAQGYJZC921,313927,2014.0,Q2YTD,2014-01-01,2014-06-30,,1.42,1.42,0.63,1.42,100300000.0,201200000.0,191400000.0,191400000.0,191400000.0,,894500000.0,1590300000.0,-500000.0,,194400000.0,894500000.0,695800000.0,13600000.0,5600000.0,395600000.0,300200000.0,-8500000.0,291700000.0,1590300000.0,134500000.0,134800000.0,137300000.0
Church & Dwight Co Inc,CHD,POOXSI30AWAQGYJZC921,313927,2014.0,Q2TTM,2013-07-01,2014-06-30,,2.9,2.9,1.2,2.9,202600000.0,418400000.0,391500000.0,391500000.0,391500000.0,,1785000000.0,3217700000.0,-1300000.0,,401700000.0,1785000000.0,1432700000.0,27300000.0,10100000.0,820100000.0,612600000.0,-18500000.0,594100000.0,3217700000.0,134500000.0,134800000.0,137300000.0
Church & Dwight Co Inc,CHD,POOXSI30AWAQGYJZC921,313927,2014.0,Q2,2014-04-01,2014-06-30,2015-08-04 14:11:00+00:00,0.66,0.66,0.31,0.65,46200000.0,113400000.0,88800000.0,88800000.0,88800000.0,,451900000.0,808300000.0,200000.0,,104800000.0,451900000.0,356400000.0,6900000.0,3500000.0,218200000.0,138200000.0,-3200000.0,135000000.0,808300000.0,134500000.0,134800000.0,137300000.0
Church & Dwight Co Inc,CHD,POOXSI30AWAQGYJZC921,313927,2014.0,Q1TTM,2013-04-01,2014-03-31,,2.82,2.82,1.15,2.82,202000000.0,408700000.0,389300000.0,389300000.0,389300000.0,,1769700000.0,3197000000.0,-2400000.0,,403700000.0,1769700000.0,1427300000.0,27400000.0,6200000.0,812400000.0,614900000.0,-23600000.0,591300000.0,3197000000.0,138600000.0,138000000.0,140600000.0
Church & Dwight Co Inc,CHD,POOXSI30AWAQGYJZC921,313927,2014.0,Q1,2014-01-01,2014-03-31,2015-05-07 14:27:19+00:00,0.74,0.74,0.31,0.73,54100000.0,87800000.0,102600000.0,102600000.0,102600000.0,,442600000.0,782000000.0,-700000.0,,89600000.0,442600000.0,339400000.0,6700000.0,2100000.0,177400000.0,162000000.0,-5300000.0,156700000.0,782000000.0,138600000.0,138000000.0,140600000.0
Church & Dwight Co Inc,CHD,POOXSI30AWAQGYJZC921,313927,2015.0,FY,2015-01-01,2015-12-31,2018-02-23 11:47:48+00:00,1.57,1.57,0.67,1.54,225000000.0,417500000.0,410400000.0,410400000.0,410400000.0,,1883000000.0,3394800000.0,-4000000.0,,420100000.0,1883000000.0,1511800000.0,30500000.0,-4300000.0,837600000.0,674200000.0,-38800000.0,635400000.0,3394800000.0,261400000.0,262200000.0,267200000.0
Church & Dwight Co Inc,CHD,POOXSI30AWAQGYJZC921,313927,2015.0,Q4,2015-10-01,2015-12-31,,0.42,0.42,0.17,0.42,55800000.0,120100000.0,109100000.0,109100000.0,109100000.0,,476200000.0,873600000.0,400000.0,,108100000.0,476200000.0,397400000.0,7600000.0,2900000.0,228200000.0,169200000.0,-4300000.0,164900000.0,873600000.0,261400000.0,262200000.0,267200000.0
Church & Dwight Co Inc,CHD,POOXSI30AWAQGYJZC921,313927,2015.0,Q3,2015-07-01,2015-09-30,2016-11-03 12:25:56+00:00,0.46,0.46,0.16699999999999998,0.45,65300000.0,92800000.0,120400000.0,120400000.0,120400000.0,,476000000.0,861800000.0,-800000.0,,102400000.0,476000000.0,385800000.0,7400000.0,3300000.0,195200000.0,190600000.0,-4900000.0,185700000.0,861800000.0,261700000.0,262200000.0,267200000.0
Church & Dwight Co Inc,CHD,POOXSI30AWAQGYJZC921,313927,2015.0,Q3YTD,2015-01-01,2015-09-30,,1.15,1.15,0.5,1.15,169200000.0,297400000.0,301300000.0,301300000.0,301300000.0,,1406800000.0,2521200000.0,-4400000.0,,312000000.0,1406800000.0,1114400000.0,22900000.0,-7200000.0,609400000.0,505000000.0,-34500000.0,470500000.0,2521200000.0,261700000.0,262200000.0,267200000.0
Church & Dwight Co Inc,CHD,POOXSI30AWAQGYJZC921,313927,2015.0,Q3TTM,2014-10-01,2015-09-30,,1.56,1.56,0.66,1.56,222600000.0,416500000.0,407900000.0,407900000.0,407900000.0,,1882700000.0,3386700000.0,-5600000.0,,418700000.0,1882700000.0,1504000000.0,29800000.0,-2900000.0,835200000.0,668800000.0,-38300000.0,630500000.0,3386700000.0,261700000.0,262200000.0,267200000.0
Church & Dwight Co Inc,CHD,POOXSI30AWAQGYJZC921,313927,2015.0,Q2,2015-04-01,2015-06-30,2016-08-04 12:42:21+00:00,0.56,0.56,0.335,0.55,45800000.0,115800000.0,73700000.0,73700000.0,73700000.0,,474000000.0,847100000.0,-1600000.0,,115000000.0,474000000.0,373100000.0,7900000.0,-13300000.0,230800000.0,142300000.0,-22800000.0,119500000.0,847100000.0,131600000.0,130900000.0,133400000.0
Church & Dwight Co Inc,CHD,POOXSI30AWAQGYJZC921,313927,2015.0,Q2YTD,2015-01-01,2015-06-30,,1.38,1.38,0.67,1.38,103900000.0,204600000.0,180900000.0,180900000.0,180900000.0,,930800000.0,1659400000.0,-3600000.0,,209600000.0,930800000.0,728600000.0,15500000.0,-10500000.0,414200000.0,314400000.0,-29600000.0,284800000.0,1659400000.0,131600000.0,130900000.0,133400000.0
Church & Dwight Co Inc,CHD,POOXSI30AWAQGYJZC921,313927,2015.0,Q2TTM,2014-07-01,2015-06-30,,3.08,3.08,1.3,3.08,214600000.0,420300000.0,403400000.0,403400000.0,403400000.0,,1881000000.0,3366700000.0,-5900000.0,,410000000.0,1881000000.0,1485700000.0,29300000.0,-2200000.0,830300000.0,655400000.0,-37400000.0,618000000.0,3366700000.0,131600000.0,130900000.0,133400000.0
Church & Dwight Co Inc,CHD,POOXSI30AWAQGYJZC921,313927,2015.0,Q1,2015-01-01,2015-03-31,2016-05-05 11:45:44+00:00,0.81,0.81,0.335,0.8,58100000.0,88800000.0,107200000.0,107200000.0,107200000.0,,456800000.0,812300000.0,-2000000.0,,94600000.0,456800000.0,355500000.0,7600000.0,2800000.0,183400000.0,172100000.0,-6800000.0,165300000.0,812300000.0,132300000.0,132000000.0,134600000.0
Church & Dwight Co Inc,CHD,POOXSI30AWAQGYJZC921,313927,2015.0,Q1TTM,2014-04-01,2015-03-31,,3.17,3.17,1.28,3.17,215000000.0,417900000.0,418500000.0,418500000.0,418500000.0,,1858900000.0,3327900000.0,-4100000.0,,399800000.0,1858900000.0,1469000000.0,28300000.0,14600000.0,817700000.0,651300000.0,-17800000.0,633500000.0,3327900000.0,132300000.0,132000000.0,134600000.0
Church & Dwight Co Inc,CHD,POOXSI30AWAQGYJZC921,313927,2016.0,FY,2016-01-01,2016-12-31,2019-02-21 12:35:48+00:00,1.78,1.78,0.71,1.75,246900000.0,427200000.0,459000000.0,459000000.0,459000000.0,,1902500000.0,3493100000.0,-1500000.0,,439200000.0,1902500000.0,1590600000.0,27700000.0,10900000.0,866400000.0,724200000.0,-18300000.0,705900000.0,3493100000.0,257900000.0,257600000.0,262100000.0
Church & Dwight Co Inc,CHD,POOXSI30AWAQGYJZC921,313927,2016.0,Q4,2016-10-01,2016-12-31,,0.43,0.43,0.18,0.43,59100000.0,116300000.0,110400000.0,110400000.0,110400000.0,,488000000.0,896000000.0,,,118300000.0,488000000.0,408000000.0,7000000.0,3100000.0,234600000.0,173400000.0,-3900000.0,169500000.0,896000000.0,257900000.0,257600000.0,262100000.0
Church & Dwight Co Inc,CHD,POOXSI30AWAQGYJZC921,313927,2016.0,Q3,2016-07-01,2016-09-30,2017-11-02 12:53:03+00:00,0.48,0.48,0.177,0.47,68400000.0,98200000.0,124000000.0,124000000.0,124000000.0,,475100000.0,870700000.0,300000.0,,101400000.0,475100000.0,395600000.0,6800000.0,2900000.0,199600000.0,196000000.0,-3600000.0,192400000.0,870700000.0,258300000.0,258000000.0,262700000.0
Church & Dwight Co Inc,CHD,POOXSI30AWAQGYJZC921,313927,2016.0,Q3YTD,2016-01-01,2016-09-30,,1.35,1.35,0.53,1.35,187800000.0,310900000.0,348600000.0,348600000.0,348600000.0,,1414500000.0,2597100000.0,-1500000.0,,320900000.0,1414500000.0,1182600000.0,20700000.0,7800000.0,631800000.0,550800000.0,-14400000.0,536400000.0,2597100000.0,258300000.0,258000000.0,262700000.0
Church & Dwight Co Inc,CHD,POOXSI30AWAQGYJZC921,313927,2016.0,Q3TTM,2015-10-01,2016-09-30,,1.77,1.77,0.7,1.77,243600000.0,431000000.0,457700000.0,457700000.0,457700000.0,,1890700000.0,3470700000.0,-1100000.0,,429000000.0,1890700000.0,1580000000.0,28300000.0,10700000.0,860000000.0,720000000.0,-18700000.0,701300000.0,3470700000.0,258300000.0,258000000.0,262700000.0
Church & Dwight Co Inc,CHD,POOXSI30AWAQGYJZC921,313927,2016.0,Q2,2016-04-01,2016-06-30,2017-08-03 13:05:37+00:00,0.43,0.43,0.18,0.43,59400000.0,120200000.0,111600000.0,111600000.0,111600000.0,,469400000.0,877400000.0,-100000.0,,112500000.0,469400000.0,408000000.0,7100000.0,2900000.0,232700000.0,175300000.0,-4300000.0,171000000.0,877400000.0,259500000.0,257000000.0,261900000.0
Church & Dwight Co Inc,CHD,POOXSI30AWAQGYJZC921,313927,2016.0,Q2YTD,2016-01-01,2016-06-30,,0.87,0.87,0.36,0.87,119400000.0,212700000.0,224600000.0,224600000.0,224600000.0,,939400000.0,1726400000.0,-1800000.0,,219500000.0,939400000.0,787000000.0,13900000.0,4900000.0,432200000.0,354800000.0,-10800000.0,344000000.0,1726400000.0,259500000.0,257000000.0,261900000.0
Church & Dwight Co Inc,CHD,POOXSI30AWAQGYJZC921,313927,2016.0,Q2TTM,2015-07-01,2016-06-30,,1.77,1.77,0.7,1.77,240500000.0,425600000.0,454100000.0,454100000.0,454100000.0,,1891600000.0,3461800000.0,-2200000.0,,430000000.0,1891600000.0,1570200000.0,28900000.0,11100000.0,855600000.0,714600000.0,-20000000.0,694600000.0,3461800000.0,259500000.0,257000000.0,261900000.0
Church & Dwight Co Inc,CHD,POOXSI30AWAQGYJZC921,313927,2016.0,Q1,2016-01-01,2016-03-31,2017-05-04 11:13:03+00:00,0.44,0.44,0.17800000000000002,0.43,60000000.0,92500000.0,113000000.0,113000000.0,113000000.0,,470000000.0,849000000.0,-1700000.0,,107000000.0,470000000.0,379000000.0,6800000.0,2000000.0,199500000.0,179500000.0,-6500000.0,173000000.0,849000000.0,256800000.0,258800000.0,263600000.0
Church & Dwight Co Inc,CHD,POOXSI30AWAQGYJZC921,313927,2016.0,Q1TTM,2015-04-01,2016-03-31,,1.61,1.61,0.69,1.61,226900000.0,421200000.0,416200000.0,416200000.0,416200000.0,,1896200000.0,3431500000.0,-3700000.0,,432500000.0,1896200000.0,1535300000.0,29700000.0,-5100000.0,853700000.0,681600000.0,-38500000.0,643100000.0,3431500000.0,256800000.0,258800000.0,263600000.0
Church & Dwight Co Inc,CHD,POOXSI30AWAQGYJZC921,313927,2017.0,FY,2017-01-01,2017-12-31,2020-02-18 11:12:28+00:00,2.97,2.97,0.76,2.9,-50700000.0,454200000.0,743400000.0,743400000.0,743400000.0,,2046600000.0,3776200000.0,-300000.0,,542700000.0,2046600000.0,1729600000.0,52600000.0,12900000.0,996900000.0,732700000.0,-40000000.0,692700000.0,3776200000.0,250300000.0,250600000.0,256100000.0
Church & Dwight Co Inc,CHD,POOXSI30AWAQGYJZC921,313927,2017.0,Q4,2017-10-01,2017-12-31,,1.62,1.62,0.19,1.62,-206900000.0,120600000.0,405600000.0,405600000.0,405600000.0,,551700000.0,1033100000.0,-800000.0,,146100000.0,551700000.0,481400000.0,18700000.0,3500000.0,266700000.0,214700000.0,-16000000.0,198700000.0,1033100000.0,250300000.0,250600000.0,256100000.0
Church & Dwight Co Inc,CHD,POOXSI30AWAQGYJZC921,313927,2017.0,Q3,2017-07-01,2017-09-30,2018-11-01 12:13:20+00:00,0.53,0.53,0.19,0.52,53600000.0,111900000.0,133400000.0,133400000.0,133400000.0,,529400000.0,967900000.0,1200000.0,,127900000.0,529400000.0,438500000.0,16400000.0,3500000.0,239800000.0,198700000.0,-11700000.0,187000000.0,967900000.0,251700000.0,249700000.0,255300000.0
Church & Dwight Co Inc,CHD,POOXSI30AWAQGYJZC921,313927,2017.0,Q3TTM,2016-10-01,2017-09-30,,1.79,1.79,0.76,1.79,215300000.0,449900000.0,448200000.0,448200000.0,448200000.0,,1982900000.0,3639100000.0,500000.0,,514900000.0,1982900000.0,1656200000.0,40900000.0,12500000.0,964800000.0,691400000.0,-27900000.0,663500000.0,3639100000.0,251700000.0,249700000.0,255300000.0
Church & Dwight Co Inc,CHD,POOXSI30AWAQGYJZC921,313927,2017.0,Q2,2017-04-01,2017-06-30,2018-08-02 11:58:20+00:00,0.29,0.29,0.19,0.29,43900000.0,130900000.0,72900000.0,72900000.0,72900000.0,,487600000.0,898000000.0,-500000.0,,156300000.0,487600000.0,410400000.0,9300000.0,3400000.0,287200000.0,123200000.0,-6400000.0,116800000.0,898000000.0,251400000.0,249800000.0,255600000.0
Church & Dwight Co Inc,CHD,POOXSI30AWAQGYJZC921,313927,2017.0,Q2YTD,2017-01-01,2017-06-30,,0.82,0.82,0.38,0.82,102600000.0,221700000.0,204400000.0,204400000.0,204400000.0,,965500000.0,1775200000.0,-700000.0,,268700000.0,965500000.0,809700000.0,17500000.0,5900000.0,490400000.0,319300000.0,-12300000.0,307000000.0,1775200000.0,251400000.0,249800000.0,255600000.0
Church & Dwight Co Inc,CHD,POOXSI30AWAQGYJZC921,313927,2017.0,Q2TTM,2016-07-01,2017-06-30,,1.76,1.76,0.75,1.76,230100000.0,436200000.0,438800000.0,438800000.0,438800000.0,,1928600000.0,3541900000.0,-400000.0,,488400000.0,1928600000.0,1613300000.0,31300000.0,11900000.0,924600000.0,688700000.0,-19800000.0,668900000.0,3541900000.0,251400000.0,249800000.0,255600000.0
Church & Dwight Co Inc,CHD,POOXSI30AWAQGYJZC921,313927,2017.0,Q1,2017-01-01,2017-03-31,2018-05-03 13:39:14+00:00,0.52,0.52,0.19,0.51,58700000.0,90800000.0,131500000.0,131500000.0,131500000.0,,477900000.0,877200000.0,-200000.0,,112400000.0,477900000.0,399300000.0,8200000.0,2500000.0,203200000.0,196100000.0,-5900000.0,190200000.0,877200000.0,252900000.0,254100000.0,259700000.0
Church & Dwight Co Inc,CHD,POOXSI30AWAQGYJZC921,313927,2017.0,Q1TTM,2016-04-01,2017-03-31,,1.88,1.88,0.73,1.88,245600000.0,425500000.0,477500000.0,477500000.0,477500000.0,,1910400000.0,3521300000.0,,,444600000.0,1910400000.0,1610900000.0,29100000.0,11400000.0,870100000.0,740800000.0,-17700000.0,723100000.0,3521300000.0,252900000.0,254100000.0,259700000.0
Church & Dwight Co Inc,CHD,POOXSI30AWAQGYJZC921,313927,2018.0,FY,2018-01-01,2018-12-31,2020-02-18 11:12:28+00:00,2.32,2.32,0.87,2.27,150900000.0,483200000.0,568600000.0,568600000.0,568600000.0,,2305100000.0,4145900000.0,-3900000.0,,565900000.0,2305100000.0,1840800000.0,79400000.0,11100000.0,1049100000.0,791700000.0,-72200000.0,719500000.0,4145900000.0,245100000.0,245500000.0,250700000.0
Church & Dwight Co Inc,CHD,POOXSI30AWAQGYJZC921,313927,2018.0,Q4,2018-10-01,2018-12-31,,0.58,0.58,0.21,0.57,33300000.0,126400000.0,142800000.0,142800000.0,142800000.0,,600100000.0,1074400000.0,-800000.0,,154500000.0,600100000.0,474300000.0,19700000.0,3200000.0,280900000.0,193400000.0,-17300000.0,176100000.0,1074400000.0,245100000.0,245500000.0,250700000.0
Church & Dwight Co Inc,CHD,POOXSI30AWAQGYJZC921,313927,2018.0,Q3,2018-07-01,2018-09-30,2019-10-31 11:54:55+00:00,0.6,0.6,0.22,0.58,41000000.0,120500000.0,146300000.0,146300000.0,146300000.0,,577500000.0,1037600000.0,-300000.0,,135400000.0,577500000.0,460100000.0,19400000.0,2800000.0,255900000.0,204200000.0,-16900000.0,187300000.0,1037600000.0,243800000.0,245700000.0,251100000.0
Church & Dwight Co Inc,CHD,POOXSI30AWAQGYJZC921,313927,2018.0,Q3YTD,2018-01-01,2018-09-30,,1.73,1.73,0.65,1.73,117600000.0,356800000.0,425800000.0,425800000.0,425800000.0,,1705000000.0,3071500000.0,-3100000.0,,411400000.0,1705000000.0,1366500000.0,59700000.0,7900000.0,768200000.0,598300000.0,-54900000.0,543400000.0,3071500000.0,243800000.0,245700000.0,251100000.0
Church & Dwight Co Inc,CHD,POOXSI30AWAQGYJZC921,313927,2018.0,Q3TTM,2017-10-01,2018-09-30,,3.38,3.38,0.84,3.38,-89300000.0,477400000.0,831400000.0,831400000.0,831400000.0,,2256700000.0,4104600000.0,-3900000.0,,557500000.0,2256700000.0,1847900000.0,78400000.0,11400000.0,1034900000.0,813000000.0,-70900000.0,742100000.0,4104600000.0,243800000.0,245700000.0,251100000.0
Church & Dwight Co Inc,CHD,POOXSI30AWAQGYJZC921,313927,2018.0,Q2,2018-04-01,2018-06-30,2019-07-31 12:52:23+00:00,0.5,0.5,0.22,0.49,33700000.0,136400000.0,121700000.0,121700000.0,121700000.0,,573000000.0,1027900000.0,-700000.0,,144700000.0,573000000.0,454900000.0,20200000.0,2500000.0,281100000.0,173800000.0,-18400000.0,155400000.0,1027900000.0,243400000.0,244800000.0,249300000.0
Church & Dwight Co Inc,CHD,POOXSI30AWAQGYJZC921,313927,2018.0,Q2YTD,2018-01-01,2018-06-30,,1.14,1.14,0.43,1.14,76600000.0,236300000.0,279500000.0,279500000.0,279500000.0,,1127500000.0,2033900000.0,-2800000.0,,276000000.0,1127500000.0,906400000.0,40300000.0,5100000.0,512300000.0,394100000.0,-38000000.0,356100000.0,2033900000.0,243400000.0,244800000.0,249300000.0
Church & Dwight Co Inc,CHD,POOXSI30AWAQGYJZC921,313927,2018.0,Q2TTM,2017-07-01,2018-06-30,,3.34,3.34,0.82,3.34,-76700000.0,468800000.0,818500000.0,818500000.0,818500000.0,,2208600000.0,4034900000.0,-2400000.0,,550000000.0,2208600000.0,1826300000.0,75400000.0,12100000.0,1018800000.0,807500000.0,-65700000.0,741800000.0,4034900000.0,243400000.0,244800000.0,249300000.0
Church & Dwight Co Inc,CHD,POOXSI30AWAQGYJZC921,313927,2018.0,Q1,2018-01-01,2018-03-31,2019-05-02 13:57:15+00:00,0.64,0.64,0.22,0.63,42900000.0,99900000.0,157800000.0,157800000.0,157800000.0,,554500000.0,1006000000.0,-2100000.0,,131300000.0,554500000.0,451500000.0,20100000.0,2600000.0,231200000.0,220300000.0,-19600000.0,200700000.0,1006000000.0,246600000.0,244900000.0,250000000.0
Church & Dwight Co Inc,CHD,POOXSI30AWAQGYJZC921,313927,2018.0,Q1TTM,2017-04-01,2018-03-31,,3.14,3.14,0.8,3.14,-66500000.0,463300000.0,769700000.0,769700000.0,769700000.0,,2123200000.0,3905000000.0,-2200000.0,,561600000.0,2123200000.0,1781800000.0,64500000.0,13000000.0,1024900000.0,756900000.0,-53700000.0,703200000.0,3905000000.0,246600000.0,244900000.0,250000000.0
Church & Dwight Co Inc,CHD,POOXSI30AWAQGYJZC921,313927,2019.0,Q4,2019-10-01,2019-12-31,,0.59,0.59,0.22,0.57,33300000.0,162600000.0,144400000.0,144400000.0,144400000.0,,620200000.0,1144200000.0,-1200000.0,,166200000.0,620200000.0,524000000.0,18000000.0,1700000.0,328800000.0,195200000.0,-17500000.0,177700000.0,1144200000.0,246400000.0,246200000.0,252100000.0
Church & Dwight Co Inc,CHD,POOXSI30AWAQGYJZC921,313927,2019.0,FY,2019-01-01,2019-12-31,2020-02-18 11:12:28+00:00,2.5,2.5,0.91,2.44,157800000.0,515000000.0,615900000.0,615900000.0,615900000.0,,2373700000.0,4357700000.0,-1100000.0,,628800000.0,2373700000.0,1984000000.0,73600000.0,8200000.0,1143800000.0,840200000.0,-66500000.0,773700000.0,4357700000.0,246400000.0,246200000.0,252100000.0
Church & Dwight Co Inc,CHD,POOXSI30AWAQGYJZC921,313927,2019.0,Q3YTD,2019-01-01,2019-09-30,,1.91,1.91,0.69,1.87,124500000.0,352400000.0,471500000.0,471500000.0,471500000.0,,1753500000.0,3213500000.0,100000.0,,462600000.0,1753500000.0,1460000000.0,55600000.0,6500000.0,815000000.0,645000000.0,-49000000.0,596000000.0,3213500000.0,245800000.0,246800000.0,252900000.0
Church & Dwight Co Inc,CHD,POOXSI30AWAQGYJZC921,313927,2019.0,Q3TTM,2018-10-01,2019-09-30,,2.49,2.49,0.9,2.44,157800000.0,478800000.0,614300000.0,614300000.0,614300000.0,,2353600000.0,4287900000.0,-700000.0,,617100000.0,2353600000.0,1934300000.0,75300000.0,9700000.0,1095900000.0,838400000.0,-66300000.0,772100000.0,4287900000.0,245800000.0,246800000.0,252900000.0
Church & Dwight Co Inc,CHD,POOXSI30AWAQGYJZC921,313927,2019.0,Q3,2019-07-01,2019-09-30,2019-10-31 11:54:55+00:00,0.64,0.64,0.23,0.62,43300000.0,125200000.0,157300000.0,157300000.0,157300000.0,,581700000.0,1089400000.0,300000.0,,165700000.0,581700000.0,507700000.0,18900000.0,2400000.0,290900000.0,216800000.0,-16200000.0,200600000.0,1089400000.0,245800000.0,246800000.0,252900000.0
Church & Dwight Co Inc,CHD,POOXSI30AWAQGYJZC921,313927,2019.0,Q2YTD,2019-01-01,2019-06-30,,1.27,1.27,0.46,1.25,81200000.0,227200000.0,314200000.0,314200000.0,314200000.0,,1171800000.0,2124100000.0,-200000.0,,296900000.0,1171800000.0,952300000.0,36700000.0,4100000.0,524100000.0,428200000.0,-32800000.0,395400000.0,2124100000.0,247300000.0,246400000.0,252700000.0
Church & Dwight Co Inc,CHD,POOXSI30AWAQGYJZC921,313927,2019.0,Q2TTM,2018-07-01,2019-06-30,,2.45,2.45,0.89,2.45,155500000.0,474100000.0,603300000.0,603300000.0,603300000.0,,2349400000.0,4236100000.0,-1300000.0,,586800000.0,2349400000.0,1886700000.0,75800000.0,10100000.0,1060900000.0,825800000.0,-67000000.0,758800000.0,4236100000.0,247300000.0,246400000.0,252700000.0
Church & Dwight Co Inc,CHD,POOXSI30AWAQGYJZC921,313927,2019.0,Q2,2019-04-01,2019-06-30,2019-07-31 12:52:23+00:00,0.56,0.56,0.23,0.55,31800000.0,129100000.0,138500000.0,138500000.0,138500000.0,,597900000.0,1079400000.0,-100000.0,,165000000.0,597900000.0,481500000.0,18900000.0,1900000.0,294100000.0,187400000.0,-17100000.0,170300000.0,1079400000.0,247300000.0,246400000.0,252700000.0
Church & Dwight Co Inc,CHD,POOXSI30AWAQGYJZC921,313927,2019.0,Q1,2019-01-01,2019-03-31,2020-04-30 13:12:19+00:00,0.71,0.71,0.23,0.7,49400000.0,98100000.0,175700000.0,175700000.0,175700000.0,,573900000.0,1044700000.0,-100000.0,,131900000.0,573900000.0,470800000.0,17800000.0,2200000.0,230000000.0,240800000.0,-15700000.0,225100000.0,1044700000.0,247500000.0,246100000.0,251900000.0
Church & Dwight Co Inc,CHD,POOXSI30AWAQGYJZC921,313927,2019.0,Q1TTM,2018-04-01,2019-03-31,,2.38,2.38,0.88,2.38,157400000.0,481400000.0,586500000.0,586500000.0,586500000.0,,2324500000.0,4184600000.0,-1900000.0,,566500000.0,2324500000.0,1860100000.0,77100000.0,10700000.0,1047900000.0,812200000.0,-68300000.0,743900000.0,4184600000.0,247500000.0,246100000.0,251900000.0
Church & Dwight Co Inc,CHD,POOXSI30AWAQGYJZC921,313927,2020.0,Q1TTM,2019-04-01,2020-03-31,,2.73,2.73,0.92,2.66,178000000.0,513300000.0,670000000.0,670000000.0,670000000.0,,2433000000.0,4478200000.0,-1600000.0,,617900000.0,2433000000.0,2045200000.0,72100000.0,7700000.0,1131200000.0,914000000.0,-66000000.0,848000000.0,4478200000.0,244500000.0,245600000.0,251000000.0
Church & Dwight Co Inc,CHD,POOXSI30AWAQGYJZC921,313927,2020.0,Q1,2020-01-01,2020-03-31,2020-04-30 13:12:19+00:00,0.94,0.94,0.24,0.92,69600000.0,96400000.0,229800000.0,229800000.0,229800000.0,,633200000.0,1165200000.0,-600000.0,,121000000.0,633200000.0,532000000.0,16300000.0,1700000.0,217400000.0,314600000.0,-15200000.0,299400000.0,1165200000.0,244500000.0,245600000.0,251000000.0
