company_name,company_ticker,company_lei,company_cik,year,quarter,start_date,end_date,filing_date,amortizationexpense,basicdilutedeps,basiceps,cashdividendspershare,depreciationexpense,dilutedeps,impairmentexpense,incometaxexpense,netincome,netincomecontinuing,netincomediscontinued,netincometocommon,netincometononcontrollinginterest,operatingcostofrevenue,operatingrevenue,othergains,otherincome,otheroperatingexpenses,otherspecialcharges,restructuringcharge,sgaexpense,totalcostofrevenue,totalgrossprofit,totalinterestexpense,totalinterestincome,totaloperatingexpenses,totaloperatingincome,totalotherincome,totalpretaxincome,totalrevenue,weightedavebasicdilutedsharesos,weightedavebasicsharesos,weightedavedilutedsharesos
AmerisourceBergen Corp,ABC,AI8GXW8LG5WK7E9UD086,1140859,2007.0,FY,2006-10-01,2007-09-30,2009-11-25 11:53:09+00:00,16448000.0,1.27,1.27,0.1,68227000.0,1.25,3690000.0,278686000.0,469167000.0,474803000.0,-5636000.0,469167000.0,,63453013000.0,65672072000.0,,-3004000.0,,,2072000.0,1339885000.0,63453013000.0,2219059000.0,32244000.0,,1430322000.0,788737000.0,-35248000.0,753489000.0,65672072000.0,369400000.0,370362000.0,375772000.0
AmerisourceBergen Corp,ABC,AI8GXW8LG5WK7E9UD086,1140859,2008.0,Q3,2008-04-01,2008-06-30,2009-08-06 10:14:17+00:00,4117000.0,-0.34,-0.34,0.0375,17440000.0,-0.34,0.0,68026000.0,-108020000.0,112765000.0,-220785000.0,-108020000.0,,17498621000.0,17996666000.0,,-768000.0,,,7865000.0,271098000.0,17498621000.0,498045000.0,15966000.0,,300520000.0,197525000.0,-16734000.0,180791000.0,17996666000.0,317700000.0,319064000.0,322234000.0
AmerisourceBergen Corp,ABC,AI8GXW8LG5WK7E9UD086,1140859,2009.0,FY,2008-10-01,2009-09-30,2011-11-22 16:32:10+00:00,15420000.0,1.67,1.67,,63488000.0,1.66,11772000.0,312222000.0,503397000.0,511852000.0,-8455000.0,503397000.0,,69659915000.0,71759990000.0,0.0,-1368000.0,,,5406000.0,1120240000.0,69659915000.0,2100075000.0,58307000.0,,1216326000.0,883749000.0,-59675000.0,824074000.0,71759990000.0,301400000.0,300573000.0,302754000.0
AmerisourceBergen Corp,ABC,AI8GXW8LG5WK7E9UD086,1140859,2009.0,Q4,2009-07-01,2009-09-30,,3997000.0,0.43,0.43,0.06,16879000.0,0.43,1572000.0,79265000.0,130147000.0,130147000.0,,130147000.0,,18177530000.0,18716063000.0,,-249000.0,,,-98000.0,291571000.0,18177530000.0,538533000.0,14951000.0,,313921000.0,224612000.0,-15200000.0,209412000.0,18716063000.0,301400000.0,300573000.0,302754000.0
AmerisourceBergen Corp,ABC,AI8GXW8LG5WK7E9UD086,1140859,2009.0,Q3,2009-04-01,2009-06-30,2009-08-06 10:14:17+00:00,3740000.0,0.4,0.4,0.05,15949000.0,0.4,8900000.0,73015000.0,118807000.0,125134000.0,-6327000.0,118807000.0,,17874676000.0,18393899000.0,,-186000.0,,,213000.0,277434000.0,17874676000.0,519223000.0,14652000.0,,306236000.0,212987000.0,-14838000.0,198149000.0,18393899000.0,297000000.0,298477000.0,300592000.0
AmerisourceBergen Corp,ABC,AI8GXW8LG5WK7E9UD086,1140859,2009.0,Q3YTD,2008-10-01,2009-06-30,,11423000.0,1.25,1.25,0.15,46609000.0,1.25,10200000.0,232957000.0,373250000.0,381705000.0,-8455000.0,373250000.0,,51482385000.0,53043927000.0,,-1119000.0,,,5504000.0,828669000.0,51482385000.0,1561542000.0,43356000.0,,902405000.0,659137000.0,-44475000.0,614662000.0,53043927000.0,297000000.0,298477000.0,300592000.0
AmerisourceBergen Corp,ABC,AI8GXW8LG5WK7E9UD086,1140859,2009.0,Q2YTD,2008-10-01,2009-03-31,,7683000.0,0.84,0.84,0.1,30660000.0,0.84,1300000.0,159942000.0,254443000.0,256571000.0,-2128000.0,254443000.0,,33607709000.0,34650028000.0,,-933000.0,,,5291000.0,551235000.0,33607709000.0,1042319000.0,28704000.0,,596169000.0,446150000.0,-29637000.0,416513000.0,34650028000.0,305100000.0,302446000.0,304584000.0
AmerisourceBergen Corp,ABC,AI8GXW8LG5WK7E9UD086,1140859,2009.0,Q2,2009-01-01,2009-03-31,2010-05-07 14:53:43+00:00,3827000.0,0.47,0.47,0.05,15607000.0,0.47,1300000.0,89199000.0,143387000.0,144042000.0,-655000.0,143387000.0,,16759180000.0,17311651000.0,,-504000.0,,,4262000.0,279209000.0,16759180000.0,552471000.0,14521000.0,,304205000.0,248266000.0,-15025000.0,233241000.0,17311651000.0,305100000.0,302446000.0,304584000.0
AmerisourceBergen Corp,ABC,AI8GXW8LG5WK7E9UD086,1140859,2009.0,Q1,2008-10-01,2008-12-31,2010-02-05 14:55:07+00:00,3856000.0,0.36,0.36,0.05,15053000.0,0.36,,70743000.0,111056000.0,112529000.0,-1473000.0,111056000.0,,16848529000.0,17338377000.0,,-429000.0,,,1029000.0,272026000.0,16848529000.0,489848000.0,14183000.0,,291964000.0,197884000.0,-14612000.0,183272000.0,17338377000.0,308500000.0,308594000.0,310178000.0
AmerisourceBergen Corp,ABC,AI8GXW8LG5WK7E9UD086,1140859,2010.0,Q4,2010-07-01,2010-09-30,,2091000.0,0.5,0.5,0.08,18372000.0,0.5,2500000.0,81897000.0,141228000.0,134282000.0,6946000.0,141228000.0,,18976612000.0,19537854000.0,,-2339000.0,,,,301815000.0,18976612000.0,561242000.0,17946000.0,,324778000.0,236464000.0,-20285000.0,216179000.0,19537854000.0,281700000.0,282258000.0,287246000.0
AmerisourceBergen Corp,ABC,AI8GXW8LG5WK7E9UD086,1140859,2010.0,FY,2009-10-01,2010-09-30,2012-11-27 15:39:56+00:00,14385000.0,2.26,2.26,,69187000.0,2.22,3200000.0,386360000.0,636748000.0,629802000.0,6946000.0,636748000.0,,75451410000.0,77776460000.0,,-3372000.0,,,-4482000.0,1150833000.0,75451410000.0,2325050000.0,72393000.0,,1233123000.0,1091927000.0,-75765000.0,1016162000.0,77776460000.0,281700000.0,282258000.0,287246000.0
AmerisourceBergen Corp,ABC,AI8GXW8LG5WK7E9UD086,1140859,2010.0,Q3,2010-04-01,2010-06-30,2011-08-08 15:00:52+00:00,4069000.0,0.58,0.58,0.08,17556000.0,0.57,0.0,100260000.0,163205000.0,163205000.0,,163205000.0,,19013750000.0,19602120000.0,,-488000.0,,,-4397000.0,289288000.0,19013750000.0,588370000.0,17901000.0,,306516000.0,281854000.0,-18389000.0,263465000.0,19602120000.0,281400000.0,281195000.0,286693000.0
AmerisourceBergen Corp,ABC,AI8GXW8LG5WK7E9UD086,1140859,2010.0,Q3YTD,2009-10-01,2010-06-30,,12294000.0,1.76,1.76,0.24,50815000.0,1.76,700000.0,304463000.0,495520000.0,495520000.0,,495520000.0,,56474798000.0,58238606000.0,,-1033000.0,,,-4482000.0,849018000.0,56474798000.0,1763808000.0,54447000.0,,908345000.0,855463000.0,-55480000.0,799983000.0,58238606000.0,281400000.0,281195000.0,286693000.0
AmerisourceBergen Corp,ABC,AI8GXW8LG5WK7E9UD086,1140859,2010.0,Q3TTM,2009-07-01,2010-06-30,,16291000.0,2.23,2.23,0.3,67694000.0,2.23,2272000.0,383728000.0,625667000.0,625667000.0,,625667000.0,,74652328000.0,76954669000.0,,-1282000.0,,,-4580000.0,1140589000.0,74652328000.0,2302341000.0,69398000.0,,1222266000.0,1080075000.0,-70680000.0,1009395000.0,76954669000.0,281400000.0,281195000.0,286693000.0
AmerisourceBergen Corp,ABC,AI8GXW8LG5WK7E9UD086,1140859,2010.0,Q2,2010-01-01,2010-03-31,2011-05-06 12:50:11+00:00,4086000.0,0.64,0.64,0.08,16601000.0,0.63,700000.0,110672000.0,181008000.0,181008000.0,,181008000.0,,18688559000.0,19300627000.0,,-268000.0,,,-37000.0,279491000.0,18688559000.0,612068000.0,19279000.0,,300841000.0,311227000.0,-19547000.0,291680000.0,19300627000.0,282800000.0,281926000.0,287162000.0
AmerisourceBergen Corp,ABC,AI8GXW8LG5WK7E9UD086,1140859,2010.0,Q2YTD,2009-10-01,2010-03-31,,8225000.0,1.18,1.18,0.16,33259000.0,1.18,700000.0,204203000.0,332315000.0,332315000.0,,332315000.0,,37461048000.0,38636486000.0,,-545000.0,,,-85000.0,559730000.0,37461048000.0,1175438000.0,36546000.0,,601829000.0,573609000.0,-37091000.0,536518000.0,38636486000.0,282800000.0,281926000.0,287162000.0
AmerisourceBergen Corp,ABC,AI8GXW8LG5WK7E9UD086,1140859,2010.0,Q2TTM,2009-04-01,2010-03-31,,15962000.0,2.06,2.06,0.28,66087000.0,2.06,11172000.0,356483000.0,581269000.0,587596000.0,-6327000.0,581269000.0,,73513254000.0,75746448000.0,,-980000.0,,,30000.0,1128735000.0,73513254000.0,2233194000.0,66149000.0,,1221986000.0,1011208000.0,-67129000.0,944079000.0,75746448000.0,282800000.0,281926000.0,287162000.0
AmerisourceBergen Corp,ABC,AI8GXW8LG5WK7E9UD086,1140859,2010.0,Q1,2009-10-01,2009-12-31,2011-02-08 11:12:01+00:00,4139000.0,0.53,0.53,0.08,16658000.0,0.52,0.0,93531000.0,151307000.0,151307000.0,,151307000.0,,18772489000.0,19335859000.0,,-277000.0,,,-48000.0,280239000.0,18772489000.0,563370000.0,17267000.0,,300988000.0,262382000.0,-17544000.0,244838000.0,19335859000.0,285500000.0,286955000.0,291287000.0
AmerisourceBergen Corp,ABC,AI8GXW8LG5WK7E9UD086,1140859,2010.0,Q1TTM,2009-01-01,2009-12-31,,15703000.0,1.89,1.89,0.24,65093000.0,1.89,11772000.0,335010000.0,543648000.0,550630000.0,-6982000.0,543648000.0,,71583875000.0,73757472000.0,,-1216000.0,,,4329000.0,1128453000.0,71583875000.0,2173597000.0,61391000.0,,1225350000.0,948247000.0,-62607000.0,885640000.0,73757472000.0,285500000.0,286955000.0,291287000.0
AmerisourceBergen Corp,ABC,AI8GXW8LG5WK7E9UD086,1140859,2011.0,FY,2010-10-01,2011-09-30,2012-11-27 15:39:56+00:00,14576000.0,2.59,2.59,,90906000.0,2.54,6506000.0,418802000.0,706624000.0,695932000.0,10692000.0,706624000.0,,77502249000.0,80003844000.0,,4617000.0,,,23567000.0,1179234000.0,77502249000.0,2501595000.0,76689000.0,,1314789000.0,1186806000.0,-72072000.0,1114734000.0,80003844000.0,272800000.0,272471000.0,277717000.0
AmerisourceBergen Corp,ABC,AI8GXW8LG5WK7E9UD086,1140859,2011.0,Q4,2011-07-01,2011-09-30,,2330000.0,0.56,0.56,-0.32,24148000.0,0.54,6506000.0,73986000.0,147324000.0,136632000.0,10692000.0,147324000.0,,19613510000.0,20193956000.0,,2870000.0,,,23567000.0,296263000.0,19613510000.0,580446000.0,38489000.0,18605000.0,352814000.0,227632000.0,-17014000.0,210618000.0,20193956000.0,272800000.0,272471000.0,277717000.0
AmerisourceBergen Corp,ABC,AI8GXW8LG5WK7E9UD086,1140859,2011.0,Q3,2011-04-01,2011-06-30,2012-08-09 11:09:20+00:00,4038000.0,0.67,0.67,0.115,23578000.0,0.66,0.0,114073000.0,184419000.0,184419000.0,,184419000.0,,19507441000.0,20161022000.0,,-62000.0,,,0.0,308806000.0,19507441000.0,653581000.0,,-18605000.0,336422000.0,317159000.0,-18667000.0,298492000.0,20161022000.0,275300000.0,273492000.0,279015000.0
AmerisourceBergen Corp,ABC,AI8GXW8LG5WK7E9UD086,1140859,2011.0,Q3YTD,2010-10-01,2011-06-30,,12246000.0,2.05,2.05,0.32,66758000.0,2.05,,344816000.0,559300000.0,559300000.0,,559300000.0,,57888739000.0,59809888000.0,,1747000.0,,,,882971000.0,57888739000.0,1921149000.0,38200000.0,-18605000.0,961975000.0,959174000.0,-55058000.0,904116000.0,59809888000.0,275300000.0,273492000.0,279015000.0
AmerisourceBergen Corp,ABC,AI8GXW8LG5WK7E9UD086,1140859,2011.0,Q3TTM,2010-07-01,2011-06-30,,14337000.0,2.56,2.56,0.4,85130000.0,2.56,2500000.0,426713000.0,700528000.0,693582000.0,6946000.0,700528000.0,,76865351000.0,79347742000.0,,-592000.0,,,,1184786000.0,76865351000.0,2482391000.0,56146000.0,-18605000.0,1286753000.0,1195638000.0,-75343000.0,1120295000.0,79347742000.0,275300000.0,273492000.0,279015000.0
AmerisourceBergen Corp,ABC,AI8GXW8LG5WK7E9UD086,1140859,2011.0,Q2,2011-01-01,2011-03-31,2012-05-10 13:04:47+00:00,4079000.0,0.78,0.78,0.1,21876000.0,0.77,0.0,131954000.0,214381000.0,214381000.0,,214381000.0,,19072921000.0,19760257000.0,,142000.0,,,0.0,296132000.0,19072921000.0,687336000.0,19056000.0,,322087000.0,365249000.0,-18914000.0,346335000.0,19760257000.0,274800000.0,274319000.0,279766000.0
AmerisourceBergen Corp,ABC,AI8GXW8LG5WK7E9UD086,1140859,2011.0,Q2YTD,2010-10-01,2011-03-31,,8208000.0,1.37,1.37,0.2,43180000.0,1.37,,230743000.0,374881000.0,374881000.0,,374881000.0,,38381298000.0,39648866000.0,,1809000.0,,,,574165000.0,38381298000.0,1267568000.0,38200000.0,,625553000.0,642015000.0,-36391000.0,605624000.0,39648866000.0,274800000.0,274319000.0,279766000.0
AmerisourceBergen Corp,ABC,AI8GXW8LG5WK7E9UD086,1140859,2011.0,Q2TTM,2010-04-01,2011-03-31,,14368000.0,2.48,2.48,0.37,79108000.0,2.48,2500000.0,412900000.0,679314000.0,672368000.0,6946000.0,679314000.0,,76371660000.0,78788840000.0,,-1018000.0,,,-4397000.0,1165268000.0,76371660000.0,2417180000.0,74047000.0,,1256847000.0,1160333000.0,-75065000.0,1085268000.0,78788840000.0,274800000.0,274319000.0,279766000.0
AmerisourceBergen Corp,ABC,AI8GXW8LG5WK7E9UD086,1140859,2011.0,Q1,2010-10-01,2010-12-31,2012-02-07 10:05:17+00:00,4129000.0,0.58,0.58,0.1,21304000.0,0.57,0.0,98789000.0,160500000.0,160500000.0,,160500000.0,,19308377000.0,19888609000.0,,1667000.0,,,0.0,278033000.0,19308377000.0,580232000.0,19144000.0,,303466000.0,276766000.0,-17477000.0,259289000.0,19888609000.0,276700000.0,275605000.0,280693000.0
AmerisourceBergen Corp,ABC,AI8GXW8LG5WK7E9UD086,1140859,2011.0,Q1TTM,2010-01-01,2010-12-31,,14375000.0,2.34,2.34,0.35,73833000.0,2.34,3200000.0,391618000.0,645941000.0,638995000.0,6946000.0,645941000.0,,75987298000.0,78329210000.0,,-1428000.0,,,-4434000.0,1148627000.0,75987298000.0,2341912000.0,74270000.0,,1235601000.0,1106311000.0,-75698000.0,1030613000.0,78329210000.0,276700000.0,275605000.0,280693000.0
AmerisourceBergen Corp,ABC,AI8GXW8LG5WK7E9UD086,1140859,2012.0,Q4,2012-07-01,2012-09-30,,5520000.0,0.67,0.67,0.13,29272000.0,0.66,,109429000.0,163494000.0,200990000.0,-37496000.0,163494000.0,,17609251000.0,18291129000.0,,910000.0,,,26710000.0,288935000.0,17609251000.0,681878000.0,92569000.0,70637000.0,350437000.0,331441000.0,-21022000.0,310419000.0,18291129000.0,253200000.0,252906000.0,256903000.0
AmerisourceBergen Corp,ABC,AI8GXW8LG5WK7E9UD086,1140859,2012.0,FY,2011-10-01,2012-09-30,2014-11-25 15:09:38+00:00,21547000.0,2.84,2.84,0.52,112828000.0,2.8,,455512000.0,718986000.0,761361000.0,-42375000.0,718986000.0,,75446120000.0,78080806000.0,,5827000.0,,,44140000.0,1152556000.0,75446120000.0,2634686000.0,92569000.0,,1331071000.0,1303615000.0,-86742000.0,1216873000.0,78080806000.0,253200000.0,252906000.0,256903000.0
AmerisourceBergen Corp,ABC,AI8GXW8LG5WK7E9UD086,1140859,2012.0,Q3,2012-04-01,2012-06-30,2012-08-09 11:09:20+00:00,6934000.0,0.72,0.72,0.13,31370000.0,0.71,0.0,112523000.0,181271000.0,181271000.0,,181271000.0,,19080234000.0,19769384000.0,0.0,4785000.0,,,4844000.0,332307000.0,19080234000.0,689150000.0,,-24686000.0,375455000.0,313695000.0,-19901000.0,293794000.0,19769384000.0,251800000.0,252116000.0,255725000.0
AmerisourceBergen Corp,ABC,AI8GXW8LG5WK7E9UD086,1140859,2012.0,Q3YTD,2011-10-01,2012-06-30,,16027000.0,2.17,2.17,0.39,83556000.0,2.14,,346083000.0,555492000.0,560371000.0,-4879000.0,555492000.0,,57836869000.0,59789677000.0,,4917000.0,,,17430000.0,863621000.0,57836869000.0,1952808000.0,,-70637000.0,980634000.0,972174000.0,-65720000.0,906454000.0,59789677000.0,251800000.0,252116000.0,255725000.0
AmerisourceBergen Corp,ABC,AI8GXW8LG5WK7E9UD086,1140859,2012.0,Q3TTM,2011-07-01,2012-06-30,,18357000.0,2.73,2.73,0.08,107704000.0,2.68,6506000.0,420069000.0,702816000.0,697003000.0,5813000.0,702816000.0,,77450379000.0,79983633000.0,,7787000.0,,,40997000.0,1159884000.0,77450379000.0,2533254000.0,38489000.0,-52032000.0,1333448000.0,1199806000.0,-82734000.0,1117072000.0,79983633000.0,251800000.0,252116000.0,255725000.0
AmerisourceBergen Corp,ABC,AI8GXW8LG5WK7E9UD086,1140859,2012.0,Q2YTD,2011-10-01,2012-03-31,,9093000.0,1.45,1.45,0.26,52186000.0,1.43,,233560000.0,374221000.0,379100000.0,-4879000.0,374221000.0,,38756635000.0,40020293000.0,,132000.0,,,12586000.0,531314000.0,38756635000.0,1263658000.0,,-45951000.0,605179000.0,658479000.0,-45819000.0,612660000.0,40020293000.0,258700000.0,258162000.0,262363000.0
AmerisourceBergen Corp,ABC,AI8GXW8LG5WK7E9UD086,1140859,2012.0,Q2TTM,2011-04-01,2012-03-31,,15461000.0,2.73,2.73,0.5,99912000.0,2.73,6506000.0,421619000.0,705964000.0,700151000.0,5813000.0,705964000.0,,77877586000.0,80375271000.0,,2940000.0,,,36153000.0,1136383000.0,77877586000.0,2497685000.0,38489000.0,-45951000.0,1294415000.0,1203270000.0,-81500000.0,1121770000.0,80375271000.0,258700000.0,258162000.0,262363000.0
AmerisourceBergen Corp,ABC,AI8GXW8LG5WK7E9UD086,1140859,2012.0,Q2,2012-01-01,2012-03-31,2013-05-09 10:50:21+00:00,4630000.0,0.82,0.82,0.13,26603000.0,0.81,,134673000.0,212105000.0,219143000.0,-7038000.0,212105000.0,,19028630000.0,19708371000.0,,131000.0,,,9027000.0,262421000.0,19028630000.0,679741000.0,,-23375000.0,302681000.0,377060000.0,-23244000.0,353816000.0,19708371000.0,258700000.0,258162000.0,262363000.0
AmerisourceBergen Corp,ABC,AI8GXW8LG5WK7E9UD086,1140859,2012.0,Q1TTM,2011-01-01,2011-12-31,,14910000.0,2.74,2.74,0.48,95185000.0,2.74,6506000.0,418900000.0,708240000.0,695389000.0,12851000.0,708240000.0,,77921877000.0,80427157000.0,,2951000.0,,,27126000.0,1170094000.0,77921877000.0,2505280000.0,57545000.0,-22576000.0,1313821000.0,1191459000.0,-77170000.0,1114289000.0,80427157000.0,257300000.0,258461000.0,263084000.0
AmerisourceBergen Corp,ABC,AI8GXW8LG5WK7E9UD086,1140859,2012.0,Q1,2011-10-01,2011-12-31,2013-02-08 10:55:09+00:00,4463000.0,0.63,0.63,0.13,25583000.0,0.62,,98887000.0,162116000.0,159957000.0,2159000.0,162116000.0,,19728005000.0,20311922000.0,,1000.0,,,3559000.0,268893000.0,19728005000.0,583917000.0,,-22576000.0,302498000.0,281419000.0,-22575000.0,258844000.0,20311922000.0,257300000.0,258461000.0,263084000.0
AmerisourceBergen Corp,ABC,AI8GXW8LG5WK7E9UD086,1140859,2013.0,Q4,2013-07-01,2013-09-30,,6786000.0,0.22,0.22,0.21,33871000.0,0.23,,46122000.0,51023000.0,62957000.0,-11934000.0,51023000.0,,23506081000.0,24062537000.0,,1207000.0,,,2159000.0,387269000.0,23506081000.0,556456000.0,73897000.0,55398000.0,430085000.0,126371000.0,-17292000.0,109079000.0,24062537000.0,230695000.0,231067000.0,235345000.0
AmerisourceBergen Corp,ABC,AI8GXW8LG5WK7E9UD086,1140859,2013.0,FY,2012-10-01,2013-09-30,2014-11-25 15:09:38+00:00,27139000.0,1.88,1.88,0.84,135047000.0,1.84,,331023000.0,433707000.0,493435000.0,-59728000.0,433707000.0,,85451348000.0,87959167000.0,,-44000.0,,,23467000.0,1423767000.0,85451348000.0,2507819000.0,73897000.0,,1609420000.0,898399000.0,-73941000.0,824458000.0,87959167000.0,230695000.0,231067000.0,235345000.0
AmerisourceBergen Corp,ABC,AI8GXW8LG5WK7E9UD086,1140859,2013.0,Q3,2013-04-01,2013-06-30,2013-08-07 14:26:13+00:00,6743000.0,0.73,0.73,0.21,34395000.0,0.71,,51821000.0,168439000.0,64110000.0,104329000.0,168439000.0,,21344198000.0,21906648000.0,,-525000.0,,,19678000.0,366988000.0,21344198000.0,562450000.0,,-18190000.0,427804000.0,134646000.0,-18715000.0,115931000.0,21906648000.0,230700000.0,231002000.0,235669000.0
AmerisourceBergen Corp,ABC,AI8GXW8LG5WK7E9UD086,1140859,2013.0,Q3YTD,2012-10-01,2013-06-30,,20353000.0,1.66,1.66,0.63,101176000.0,1.61,,284901000.0,382684000.0,430478000.0,-47794000.0,382684000.0,,61945267000.0,63896630000.0,,-1251000.0,,,21308000.0,1036498000.0,61945267000.0,1951363000.0,,-55398000.0,1179335000.0,772028000.0,-56649000.0,715379000.0,63896630000.0,230700000.0,231002000.0,235669000.0
AmerisourceBergen Corp,ABC,AI8GXW8LG5WK7E9UD086,1140859,2013.0,Q3TTM,2012-07-01,2013-06-30,,25873000.0,2.33,2.33,0.76,130448000.0,2.27,,394330000.0,546178000.0,631468000.0,-85290000.0,546178000.0,,79554518000.0,82187759000.0,,-341000.0,,,48018000.0,1325433000.0,79554518000.0,2633241000.0,92569000.0,15239000.0,1529772000.0,1103469000.0,-77671000.0,1025798000.0,82187759000.0,230700000.0,231002000.0,235669000.0
AmerisourceBergen Corp,ABC,AI8GXW8LG5WK7E9UD086,1140859,2013.0,Q2,2013-01-01,2013-03-31,2013-05-09 10:50:21+00:00,6799000.0,0.2,0.2,0.21,33069000.0,0.19,,126721000.0,45634000.0,204143000.0,-158509000.0,45634000.0,,19806679000.0,20523668000.0,,-749000.0,,,-299000.0,327297000.0,19806679000.0,716989000.0,,-18510000.0,366866000.0,350123000.0,-19259000.0,330864000.0,20523668000.0,228200000.0,230422000.0,234587000.0
AmerisourceBergen Corp,ABC,AI8GXW8LG5WK7E9UD086,1140859,2013.0,Q2YTD,2012-10-01,2013-03-31,,13610000.0,0.93,0.93,0.42,66781000.0,0.9,,233080000.0,214245000.0,366368000.0,-152123000.0,214245000.0,,40601069000.0,41989982000.0,,-726000.0,,,1630000.0,669510000.0,40601069000.0,1388913000.0,,-37208000.0,751531000.0,637382000.0,-37934000.0,599448000.0,41989982000.0,228200000.0,230422000.0,234587000.0
AmerisourceBergen Corp,ABC,AI8GXW8LG5WK7E9UD086,1140859,2013.0,Q2TTM,2012-04-01,2013-03-31,,26064000.0,2.32,2.32,0.68,127423000.0,2.27,,455032000.0,559010000.0,748629000.0,-189619000.0,559010000.0,,77290554000.0,80050495000.0,,4969000.0,,,33184000.0,1290752000.0,77290554000.0,2759941000.0,92569000.0,8743000.0,1477423000.0,1282518000.0,-78857000.0,1203661000.0,80050495000.0,228200000.0,230422000.0,234587000.0
AmerisourceBergen Corp,ABC,AI8GXW8LG5WK7E9UD086,1140859,2013.0,Q1,2012-10-01,2012-12-31,2013-02-08 10:55:09+00:00,6811000.0,0.73,0.73,0.21,33712000.0,0.71,,106359000.0,168611000.0,162225000.0,6386000.0,168611000.0,,20794390000.0,21466314000.0,,23000.0,,,1929000.0,342213000.0,20794390000.0,671924000.0,,-18698000.0,384665000.0,287259000.0,-18675000.0,268584000.0,21466314000.0,231000000.0,232361000.0,235992000.0
AmerisourceBergen Corp,ABC,AI8GXW8LG5WK7E9UD086,1140859,2013.0,Q1TTM,2012-01-01,2012-12-31,,23895000.0,2.94,2.94,0.6,120957000.0,2.89,,462984000.0,725481000.0,763629000.0,-38148000.0,725481000.0,,76512505000.0,79235198000.0,,5849000.0,,,42510000.0,1225876000.0,76512505000.0,2722693000.0,92569000.0,3878000.0,1413238000.0,1309455000.0,-82842000.0,1226613000.0,79235198000.0,231000000.0,232361000.0,235992000.0
AmerisourceBergen Corp,ABC,AI8GXW8LG5WK7E9UD086,1140859,2014.0,FY,2013-10-01,2014-09-30,2016-11-22 15:31:09+00:00,25962000.0,1.22,1.21,0.94,162718000.0,1.16,,388087000.0,274230000.0,281776000.0,-7546000.0,274230000.0,,116586761000.0,119569127000.0,,4360000.0,422739000.0,0.0,8192000.0,1580664000.0,116586761000.0,2982366000.0,32954000.0,-83634000.0,2200275000.0,782091000.0,-112228000.0,669863000.0,119569127000.0,224800000.0,227367000.0,235405000.0
AmerisourceBergen Corp,ABC,AI8GXW8LG5WK7E9UD086,1140859,2014.0,Q4,2014-07-01,2014-09-30,,6351000.0,0.32,0.31,0.24,46551000.0,0.29,,119165000.0,65548000.0,65548000.0,,65548000.0,,30716164000.0,31588708000.0,,-1332000.0,277699000.0,,781000.0,330692000.0,30716164000.0,872544000.0,,-24425000.0,662074000.0,210470000.0,-25757000.0,184713000.0,31588708000.0,224800000.0,227367000.0,235405000.0
AmerisourceBergen Corp,ABC,AI8GXW8LG5WK7E9UD086,1140859,2014.0,Q3YTD,2013-10-01,2014-06-30,,19611000.0,0.9,0.9,0.71,116167000.0,0.87,,268922000.0,208682000.0,216228000.0,-7546000.0,208682000.0,,85870597000.0,87980419000.0,,5692000.0,145040000.0,,7411000.0,1249972000.0,85870597000.0,2109822000.0,32954000.0,-59209000.0,1538201000.0,571621000.0,-86471000.0,485150000.0,87980419000.0,213000000.0,225727000.0,225727000.0
AmerisourceBergen Corp,ABC,AI8GXW8LG5WK7E9UD086,1140859,2014.0,Q3TTM,2013-07-01,2014-06-30,,26397000.0,1.12,1.12,0.92,150038000.0,1.1,,315044000.0,259705000.0,279185000.0,-19480000.0,259705000.0,,109376678000.0,112042956000.0,,6899000.0,145040000.0,,9570000.0,1637241000.0,109376678000.0,2666278000.0,106851000.0,-3811000.0,1968286000.0,697992000.0,-103763000.0,594229000.0,112042956000.0,213000000.0,225727000.0,225727000.0
AmerisourceBergen Corp,ABC,AI8GXW8LG5WK7E9UD086,1140859,2014.0,Q3,2014-04-01,2014-06-30,2015-08-06 16:09:12+00:00,6454000.0,-0.06,-0.06,0.235,40880000.0,-0.06,,71112000.0,-12780000.0,-12780000.0,,-12780000.0,,29656150000.0,30348154000.0,,1312000.0,145040000.0,,1142000.0,387611000.0,29656150000.0,692004000.0,32954000.0,-20903000.0,581127000.0,110877000.0,-52545000.0,58332000.0,30348154000.0,213000000.0,225727000.0,225727000.0
AmerisourceBergen Corp,ABC,AI8GXW8LG5WK7E9UD086,1140859,2014.0,Q2,2014-01-01,2014-03-31,2015-05-08 16:14:20+00:00,6526000.0,0.78,0.78,0.235,37968000.0,0.76,,105360000.0,180077000.0,180077000.0,,180077000.0,,27726310000.0,28455903000.0,,3783000.0,,,1967000.0,382004000.0,27726310000.0,729593000.0,,-19474000.0,428465000.0,301128000.0,-15691000.0,285437000.0,28455903000.0,230900000.0,229409000.0,236268000.0
AmerisourceBergen Corp,ABC,AI8GXW8LG5WK7E9UD086,1140859,2014.0,Q2YTD,2013-10-01,2014-03-31,,13157000.0,0.96,0.96,0.47,75287000.0,0.93,,197810000.0,221462000.0,229008000.0,-7546000.0,221462000.0,,56214447000.0,57632265000.0,,4380000.0,,,6269000.0,862361000.0,56214447000.0,1417818000.0,,-38306000.0,957074000.0,460744000.0,-33926000.0,426818000.0,57632265000.0,230900000.0,229409000.0,236268000.0
AmerisourceBergen Corp,ABC,AI8GXW8LG5WK7E9UD086,1140859,2014.0,Q2TTM,2013-04-01,2014-03-31,,26686000.0,1.91,1.91,0.89,143553000.0,1.87,,295753000.0,440924000.0,356075000.0,84849000.0,440924000.0,,101064726000.0,103601450000.0,,5062000.0,,,28106000.0,1616618000.0,101064726000.0,2536724000.0,73897000.0,-1098000.0,1814963000.0,721761000.0,-69933000.0,651828000.0,103601450000.0,230900000.0,229409000.0,236268000.0
AmerisourceBergen Corp,ABC,AI8GXW8LG5WK7E9UD086,1140859,2014.0,Q1,2013-10-01,2013-12-31,2014-02-07 14:15:13+00:00,6631000.0,0.18,0.18,0.235,37319000.0,0.17,,92450000.0,41385000.0,48931000.0,-7546000.0,41385000.0,,28488137000.0,29176362000.0,,597000.0,,,4302000.0,480357000.0,28488137000.0,688225000.0,,-18832000.0,528609000.0,159616000.0,-18235000.0,141381000.0,29176362000.0,229900000.0,230277000.0,237012000.0
AmerisourceBergen Corp,ABC,AI8GXW8LG5WK7E9UD086,1140859,2014.0,Q1TTM,2013-01-01,2013-12-31,,26959000.0,1.33,1.33,0.87,138654000.0,1.3,,317114000.0,306481000.0,380141000.0,-73660000.0,306481000.0,,93145095000.0,95669215000.0,,530000.0,,,25840000.0,1561911000.0,93145095000.0,2524120000.0,73897000.0,-134000.0,1753364000.0,770756000.0,-73501000.0,697255000.0,95669215000.0,229900000.0,230277000.0,237012000.0
AmerisourceBergen Corp,ABC,AI8GXW8LG5WK7E9UD086,1140859,2015.0,FY,2014-10-01,2015-09-30,2017-11-21 17:03:20+00:00,56500000.0,-0.63,-0.63,1.16,192144000.0,-0.63,,407129000.0,-138165000.0,-138165000.0,,-138165000.0,,132432490000.0,135961803000.0,,-13598000.0,912724000.0,0.0,37894000.0,1907840000.0,132432490000.0,3529313000.0,,-139658000.0,3107102000.0,422220000.0,-153256000.0,268964000.0,135961803000.0,219300000.0,217786000.0,217786000.0
AmerisourceBergen Corp,ABC,AI8GXW8LG5WK7E9UD086,1140859,2015.0,Q4,2015-07-01,2015-09-30,,20323000.0,1.63,1.63,0.29,54389000.0,1.72,,109302000.0,361009000.0,361009000.0,,361009000.0,,34496804000.0,35470378000.0,,-2413000.0,-196487000.0,,6895000.0,546162000.0,34496804000.0,973574000.0,,-69577000.0,431282000.0,542301000.0,-71990000.0,470311000.0,35470378000.0,219300000.0,217786000.0,217786000.0
AmerisourceBergen Corp,ABC,AI8GXW8LG5WK7E9UD086,1140859,2015.0,Q3,2015-04-01,2015-06-30,2016-08-02 15:18:00+00:00,20147000.0,0.98,0.98,0.29,48283000.0,0.89,,90143000.0,214163000.0,214163000.0,,214163000.0,,33342092000.0,34233556000.0,,1534000.0,-14900000.0,0.0,2625000.0,502744000.0,33342092000.0,891464000.0,,-29793000.0,558899000.0,332565000.0,-28259000.0,304306000.0,34233556000.0,218500000.0,219359000.0,240236000.0
AmerisourceBergen Corp,ABC,AI8GXW8LG5WK7E9UD086,1140859,2015.0,Q3YTD,2014-10-01,2015-06-30,,36177000.0,-2.26,-2.26,0.87,137755000.0,-2.35,,297827000.0,-499174000.0,-499174000.0,,-499174000.0,,97935686000.0,100491425000.0,,-11185000.0,1109211000.0,,30999000.0,1361678000.0,97935686000.0,2555739000.0,,-70081000.0,2675820000.0,-120081000.0,-81266000.0,-201347000.0,100491425000.0,218500000.0,219359000.0,240236000.0
AmerisourceBergen Corp,ABC,AI8GXW8LG5WK7E9UD086,1140859,2015.0,Q3TTM,2014-07-01,2015-06-30,,42528000.0,-1.94,-1.95,1.11,184306000.0,-2.06,,416992000.0,-433626000.0,-433626000.0,,-433626000.0,,128651850000.0,132080133000.0,,-12517000.0,1386910000.0,,31780000.0,1692370000.0,128651850000.0,3428283000.0,,-94506000.0,3337894000.0,90389000.0,-107023000.0,-16634000.0,132080133000.0,218500000.0,219359000.0,240236000.0
AmerisourceBergen Corp,ABC,AI8GXW8LG5WK7E9UD086,1140859,2015.0,Q2,2015-01-01,2015-03-31,2016-05-05 14:32:44+00:00,10506000.0,-2.33,-2.33,0.29,45699000.0,-2.33,,114790000.0,-513390000.0,-513390000.0,,-513390000.0,,31757291000.0,32669267000.0,,-11405000.0,752706000.0,0.0,24871000.0,442443000.0,31757291000.0,911976000.0,,-22946000.0,1276225000.0,-364249000.0,-34351000.0,-398600000.0,32669267000.0,220300000.0,220243000.0,220243000.0
AmerisourceBergen Corp,ABC,AI8GXW8LG5WK7E9UD086,1140859,2015.0,Q2YTD,2014-10-01,2015-03-31,,16030000.0,-3.24,-3.24,0.58,89472000.0,-3.24,,207684000.0,-713337000.0,-713337000.0,,-713337000.0,,64593594000.0,66257869000.0,,-12719000.0,1124111000.0,,28374000.0,858934000.0,64593594000.0,1664275000.0,,-40288000.0,2116921000.0,-452646000.0,-53007000.0,-505653000.0,66257869000.0,220300000.0,220243000.0,220243000.0
AmerisourceBergen Corp,ABC,AI8GXW8LG5WK7E9UD086,1140859,2015.0,Q2TTM,2014-04-01,2015-03-31,,28835000.0,-2.98,-2.99,1.05,176903000.0,-3.01,,397961000.0,-660569000.0,-660569000.0,,-660569000.0,,124965908000.0,128194731000.0,,-12739000.0,1546850000.0,,30297000.0,1577237000.0,124965908000.0,3228823000.0,32954000.0,-85616000.0,3360122000.0,-131299000.0,-131309000.0,-262608000.0,128194731000.0,220300000.0,220243000.0,220243000.0
AmerisourceBergen Corp,ABC,AI8GXW8LG5WK7E9UD086,1140859,2015.0,Q1,2014-10-01,2014-12-31,2016-02-04 14:54:29+00:00,5524000.0,-0.91,-0.91,0.29,43773000.0,-0.91,,92894000.0,-199947000.0,-199947000.0,,-199947000.0,,32836303000.0,33588602000.0,,-1314000.0,371405000.0,0.0,3503000.0,416491000.0,32836303000.0,752299000.0,,-17342000.0,840696000.0,-88397000.0,-18656000.0,-107053000.0,33588602000.0,219700000.0,219456000.0,219456000.0
AmerisourceBergen Corp,ABC,AI8GXW8LG5WK7E9UD086,1140859,2015.0,Q1TTM,2014-01-01,2014-12-31,,24855000.0,0.13,0.12,1.0,169172000.0,0.08,,388531000.0,32898000.0,32898000.0,,32898000.0,,120934927000.0,123981367000.0,,2449000.0,794144000.0,,7393000.0,1516798000.0,120934927000.0,3046440000.0,32954000.0,-82144000.0,2512362000.0,534078000.0,-112649000.0,421429000.0,123981367000.0,219700000.0,219456000.0,219456000.0
AmerisourceBergen Corp,ABC,AI8GXW8LG5WK7E9UD086,1140859,2016.0,FY,2015-10-01,2016-09-30,2018-11-20 16:10:00+00:00,152500000.0,6.73,6.73,1.36,212242000.0,6.32,0.0,-37019000.0,1427929000.0,1427929000.0,,1427929000.0,0.0,142577080000.0,146849686000.0,,5048000.0,140342000.0,47607000.0,102911000.0,2091237000.0,142577080000.0,4272606000.0,0.0,-139912000.0,2746839000.0,1525774000.0,-134864000.0,1390910000.0,146849686000.0,212200000.0,212206000.0,225959000.0
AmerisourceBergen Corp,ABC,AI8GXW8LG5WK7E9UD086,1140859,2016.0,Q4,2016-07-01,2016-09-30,,40295000.0,0.6,0.61,0.34,54381000.0,0.64,,45888000.0,145685000.0,145685000.0,,145685000.0,,36436068000.0,37560603000.0,,1824000.0,260617000.0,,14192000.0,530256000.0,36436068000.0,1124535000.0,,-35052000.0,899741000.0,224801000.0,-33228000.0,191573000.0,37560603000.0,212200000.0,212206000.0,225959000.0
AmerisourceBergen Corp,ABC,AI8GXW8LG5WK7E9UD086,1140859,2016.0,Q3,2016-04-01,2016-06-30,2017-08-03 15:10:01+00:00,40268000.0,1.62,1.62,0.34,54000000.0,1.55,,146477000.0,349155000.0,349155000.0,,349155000.0,,35773817000.0,36881680000.0,,2158000.0,-83704000.0,0.0,52234000.0,516438000.0,35773817000.0,1107863000.0,,-35153000.0,579236000.0,528627000.0,-32995000.0,495632000.0,36881680000.0,215500000.0,215688000.0,224802000.0
AmerisourceBergen Corp,ABC,AI8GXW8LG5WK7E9UD086,1140859,2016.0,Q3YTD,2015-10-01,2016-06-30,,112205000.0,6.13,6.12,1.02,157861000.0,5.68,,-82907000.0,1282244000.0,1282244000.0,,1282244000.0,,106141012000.0,109289083000.0,,3224000.0,-120275000.0,47607000.0,88719000.0,1560981000.0,106141012000.0,3148071000.0,,-104860000.0,1847098000.0,1300973000.0,-101636000.0,1199337000.0,109289083000.0,215500000.0,215688000.0,224802000.0
AmerisourceBergen Corp,ABC,AI8GXW8LG5WK7E9UD086,1140859,2016.0,Q3TTM,2015-07-01,2016-06-30,,132528000.0,7.76,7.75,1.31,212250000.0,7.4,,26395000.0,1643253000.0,1643253000.0,,1643253000.0,,140637816000.0,144759461000.0,,811000.0,-316762000.0,47607000.0,95614000.0,2107143000.0,140637816000.0,4121645000.0,,-174437000.0,2278380000.0,1843274000.0,-173626000.0,1669648000.0,144759461000.0,215500000.0,215688000.0,224802000.0
AmerisourceBergen Corp,ABC,AI8GXW8LG5WK7E9UD086,1140859,2016.0,Q2,2016-01-01,2016-03-31,2017-05-04 14:34:44+00:00,39841000.0,2.91,2.9,0.34,52995000.0,2.68,,311822000.0,603450000.0,603450000.0,,603450000.0,,34623026000.0,35698357000.0,,756000.0,-503946000.0,-1124000.0,17617000.0,519466000.0,34623026000.0,1075331000.0,,-35966000.0,124849000.0,950482000.0,-35210000.0,915272000.0,35698357000.0,207400000.0,207858000.0,225450000.0
AmerisourceBergen Corp,ABC,AI8GXW8LG5WK7E9UD086,1140859,2016.0,Q2YTD,2015-10-01,2016-03-31,,71937000.0,4.51,4.5,0.68,103861000.0,4.13,,-229384000.0,933089000.0,933089000.0,,933089000.0,,70367195000.0,72407403000.0,,1066000.0,-36571000.0,47607000.0,36485000.0,1044543000.0,70367195000.0,2040208000.0,,-69707000.0,1267862000.0,772346000.0,-68641000.0,703705000.0,72407403000.0,207400000.0,207858000.0,225450000.0
AmerisourceBergen Corp,ABC,AI8GXW8LG5WK7E9UD086,1140859,2016.0,Q2TTM,2015-04-01,2016-03-31,,112407000.0,7.12,7.11,1.26,206533000.0,6.74,,-29939000.0,1508261000.0,1508261000.0,,1508261000.0,,138206091000.0,142111337000.0,,187000.0,-247958000.0,47607000.0,46005000.0,2093449000.0,138206091000.0,3905246000.0,,-169077000.0,2258043000.0,1647212000.0,-168890000.0,1478322000.0,142111337000.0,207400000.0,207858000.0,225450000.0
AmerisourceBergen Corp,ABC,AI8GXW8LG5WK7E9UD086,1140859,2016.0,Q1,2015-10-01,2015-12-31,2017-01-31 15:55:31+00:00,32096000.0,1.6,1.6,0.34,50866000.0,1.45,,-541206000.0,329639000.0,329639000.0,,329639000.0,,35744169000.0,36709046000.0,,310000.0,467375000.0,48731000.0,18868000.0,525077000.0,35744169000.0,964877000.0,,-33741000.0,1143013000.0,-178136000.0,-33431000.0,-211567000.0,36709046000.0,206000000.0,206180000.0,226718000.0
AmerisourceBergen Corp,ABC,AI8GXW8LG5WK7E9UD086,1140859,2016.0,Q1TTM,2015-01-01,2015-12-31,,83072000.0,1.88,1.88,1.21,199237000.0,1.73,,-226971000.0,391421000.0,391421000.0,,391421000.0,,135340356000.0,139082247000.0,,-11974000.0,1008694000.0,48731000.0,53259000.0,2016426000.0,135340356000.0,3741891000.0,,-156057000.0,3409419000.0,332481000.0,-168031000.0,164450000.0,139082247000.0,206000000.0,206180000.0,226718000.0
AmerisourceBergen Corp,ABC,AI8GXW8LG5WK7E9UD086,1140859,2017.0,FY,2016-10-01,2017-09-30,2019-11-19 17:11:19+00:00,160503000.0,1.67,1.67,1.46,237100000.0,1.64,0.0,553403000.0,364484000.0,364484000.0,,364484000.0,0.0,148597824000.0,153143826000.0,,2730000.0,,,959327000.0,2128730000.0,148597824000.0,4546002000.0,0.0,-145185000.0,3485660000.0,1060342000.0,-142455000.0,917887000.0,153143826000.0,218300000.0,218375000.0,221602000.0
AmerisourceBergen Corp,ABC,AI8GXW8LG5WK7E9UD086,1140859,2017.0,Q4,2017-07-01,2017-09-30,,40318000.0,-1.58,-1.58,0.37,64017000.0,-1.56,,173046000.0,-344587000.0,-344587000.0,,-344587000.0,,37947995000.0,39120015000.0,,-1228000.0,,,641810000.0,560877000.0,37947995000.0,1172020000.0,,-35311000.0,1307022000.0,-135002000.0,-36539000.0,-171541000.0,39120015000.0,218300000.0,218375000.0,221602000.0
AmerisourceBergen Corp,ABC,AI8GXW8LG5WK7E9UD086,1140859,2017.0,Q3,2017-04-01,2017-06-30,2018-08-02 14:19:26+00:00,40041000.0,0.23,0.23,0.365,59478000.0,0.23,,83023000.0,50352000.0,50352000.0,,50352000.0,0.0,37627269000.0,38707144000.0,,-1398000.0,,,284517000.0,525463000.0,37627269000.0,1079875000.0,0.0,-35603000.0,909499000.0,170376000.0,-37001000.0,133375000.0,38707144000.0,218900000.0,218676000.0,221873000.0
AmerisourceBergen Corp,ABC,AI8GXW8LG5WK7E9UD086,1140859,2017.0,Q3YTD,2016-10-01,2017-06-30,,120185000.0,3.25,3.25,1.1,173083000.0,3.2,,380357000.0,709071000.0,709071000.0,,709071000.0,,110649829000.0,114023811000.0,,3958000.0,,,317517000.0,1567853000.0,110649829000.0,3373982000.0,,-109874000.0,2178638000.0,1195344000.0,-105916000.0,1089428000.0,114023811000.0,218900000.0,218676000.0,221873000.0
AmerisourceBergen Corp,ABC,AI8GXW8LG5WK7E9UD086,1140859,2017.0,Q3TTM,2016-07-01,2017-06-30,,160480000.0,3.85,3.86,1.44,227464000.0,3.84,,426245000.0,854756000.0,854756000.0,,854756000.0,,147085897000.0,151584414000.0,,5782000.0,260617000.0,,331709000.0,2098109000.0,147085897000.0,4498517000.0,,-144926000.0,3078379000.0,1420145000.0,-139144000.0,1281001000.0,151584414000.0,218900000.0,218676000.0,221873000.0
AmerisourceBergen Corp,ABC,AI8GXW8LG5WK7E9UD086,1140859,2017.0,Q2,2017-01-01,2017-03-31,2018-05-02 15:40:32+00:00,39918000.0,1.89,1.89,0.365,57751000.0,1.86,,181442000.0,411473000.0,411473000.0,,411473000.0,0.0,35890975000.0,37147402000.0,,5233000.0,,,11934000.0,521843000.0,35890975000.0,1256427000.0,0.0,-37299000.0,631446000.0,624981000.0,-32066000.0,592915000.0,37147402000.0,217700000.0,217650000.0,221221000.0
AmerisourceBergen Corp,ABC,AI8GXW8LG5WK7E9UD086,1140859,2017.0,Q2YTD,2016-10-01,2017-03-31,,80144000.0,3.02,3.02,0.73,113605000.0,2.97,,297334000.0,658719000.0,658719000.0,,658719000.0,,73022560000.0,75316667000.0,,5356000.0,,,33000000.0,1042390000.0,73022560000.0,2294107000.0,,-74271000.0,1269139000.0,1024968000.0,-68915000.0,956053000.0,75316667000.0,217700000.0,217650000.0,221221000.0
AmerisourceBergen Corp,ABC,AI8GXW8LG5WK7E9UD086,1140859,2017.0,Q2TTM,2016-04-01,2017-03-31,,160707000.0,5.24,5.25,1.41,221986000.0,5.16,,489699000.0,1153559000.0,1153559000.0,,1153559000.0,,145232445000.0,149758950000.0,,9338000.0,176913000.0,,99426000.0,2089084000.0,145232445000.0,4526505000.0,,-144476000.0,2748116000.0,1778396000.0,-135138000.0,1643258000.0,149758950000.0,217700000.0,217650000.0,221221000.0
AmerisourceBergen Corp,ABC,AI8GXW8LG5WK7E9UD086,1140859,2017.0,Q1,2016-10-01,2016-12-31,2018-02-06 14:20:17+00:00,40226000.0,1.13,1.13,0.365,55854000.0,1.11,,115892000.0,247246000.0,247246000.0,,247246000.0,,37131585000.0,38169265000.0,,123000.0,,,21066000.0,520547000.0,37131585000.0,1037680000.0,0.0,-36972000.0,637693000.0,399987000.0,-36849000.0,363138000.0,38169265000.0,218800000.0,218661000.0,221979000.0
AmerisourceBergen Corp,ABC,AI8GXW8LG5WK7E9UD086,1140859,2017.0,Q1TTM,2016-01-01,2016-12-31,,160630000.0,6.26,6.26,1.39,217230000.0,5.98,,620079000.0,1345536000.0,1345536000.0,,1345536000.0,,143964496000.0,148309905000.0,,4861000.0,-327033000.0,-1124000.0,105109000.0,2086707000.0,143964496000.0,4345409000.0,,-143143000.0,2241519000.0,2103897000.0,-138282000.0,1965615000.0,148309905000.0,218800000.0,218661000.0,221979000.0
AmerisourceBergen Corp,ABC,AI8GXW8LG5WK7E9UD086,1140859,2018.0,FY,2017-10-01,2018-09-30,2019-11-19 17:11:19+00:00,181156000.0,7.61,7.61,1.52,283971000.0,7.53,59684000.0,-438469000.0,1615892000.0,1615892000.0,,1658405000.0,-42513000.0,163327318000.0,167939635000.0,,-25469000.0,,,183520000.0,2460301000.0,163327318000.0,4612317000.0,23766000.0,-217027000.0,3168632000.0,1443685000.0,-266262000.0,1177423000.0,167939635000.0,217900000.0,217872000.0,220336000.0
AmerisourceBergen Corp,ABC,AI8GXW8LG5WK7E9UD086,1140859,2018.0,Q4,2018-07-01,2018-09-30,,46659000.0,1.09,1.09,0.38,73899000.0,1.09,59684000.0,-82134000.0,194004000.0,194004000.0,,233288000.0,-39284000.0,42264495000.0,43297136000.0,,820000.0,,,40497000.0,657805000.0,42264495000.0,1032641000.0,,-43075000.0,878544000.0,154097000.0,-42255000.0,111870000.0,43297136000.0,217900000.0,217872000.0,220336000.0
AmerisourceBergen Corp,ABC,AI8GXW8LG5WK7E9UD086,1140859,2018.0,Q3,2018-04-01,2018-06-30,2019-08-01 14:24:51+00:00,47598000.0,1.26,1.26,0.38,72447000.0,1.25,0.0,67327000.0,277875000.0,277875000.0,,275809000.0,2066000.0,41930968000.0,43142309000.0,,3158000.0,,,75553000.0,626548000.0,41930968000.0,1211341000.0,0.0,-47151000.0,822146000.0,389195000.0,-43993000.0,345202000.0,43142309000.0,218900000.0,218569000.0,220760000.0
AmerisourceBergen Corp,ABC,AI8GXW8LG5WK7E9UD086,1140859,2018.0,Q3YTD,2017-10-01,2018-06-30,,134497000.0,6.52,6.52,1.14,210072000.0,6.44,,-356335000.0,1421888000.0,1421888000.0,,1425117000.0,-3229000.0,121062823000.0,124642499000.0,,-26289000.0,,,143023000.0,1802496000.0,121062823000.0,3579676000.0,23766000.0,-173952000.0,2290088000.0,1289588000.0,-224007000.0,1065553000.0,124642499000.0,218900000.0,218569000.0,220760000.0
AmerisourceBergen Corp,ABC,AI8GXW8LG5WK7E9UD086,1140859,2018.0,Q3TTM,2017-07-01,2018-06-30,,174815000.0,4.94,4.94,1.5,274089000.0,4.88,,-183289000.0,1077301000.0,1077301000.0,,1080530000.0,-3229000.0,159010818000.0,163762514000.0,,-27517000.0,,,784833000.0,2363373000.0,159010818000.0,4751696000.0,23766000.0,-209263000.0,3597110000.0,1154586000.0,-260546000.0,894012000.0,163762514000.0,218900000.0,218569000.0,220760000.0
AmerisourceBergen Corp,ABC,AI8GXW8LG5WK7E9UD086,1140859,2018.0,Q2,2018-01-01,2018-03-31,2019-05-02 14:18:36+00:00,46670000.0,1.31,1.31,0.38,72718000.0,1.29,0.0,79172000.0,282160000.0,282160000.0,,287455000.0,-5295000.0,39778175000.0,41033858000.0,,-29123000.0,,,37449000.0,617426000.0,39778175000.0,1255683000.0,0.0,-90937000.0,774263000.0,481420000.0,-120060000.0,361332000.0,41033858000.0,219400000.0,219200000.0,222303000.0
AmerisourceBergen Corp,ABC,AI8GXW8LG5WK7E9UD086,1140859,2018.0,Q2YTD,2017-10-01,2018-03-31,,86899000.0,5.26,5.26,0.76,137625000.0,5.19,,-423662000.0,1144013000.0,1144013000.0,,1149308000.0,-5295000.0,79131855000.0,81500190000.0,,-29447000.0,,,67470000.0,1175948000.0,79131855000.0,2368335000.0,23766000.0,-126801000.0,1467942000.0,900393000.0,-180014000.0,720351000.0,81500190000.0,219400000.0,219200000.0,222303000.0
AmerisourceBergen Corp,ABC,AI8GXW8LG5WK7E9UD086,1140859,2018.0,Q2TTM,2017-04-01,2018-03-31,,167258000.0,3.91,3.91,1.49,261120000.0,3.86,,-167593000.0,849778000.0,849778000.0,,855073000.0,-5295000.0,154707119000.0,159327349000.0,,-32073000.0,,,993797000.0,2262288000.0,154707119000.0,4620230000.0,23766000.0,-197715000.0,3684463000.0,935767000.0,-253554000.0,682185000.0,159327349000.0,219400000.0,219200000.0,222303000.0
AmerisourceBergen Corp,ABC,AI8GXW8LG5WK7E9UD086,1140859,2018.0,Q1,2017-10-01,2017-12-31,2019-01-31 16:17:49+00:00,40229000.0,3.95,3.95,0.38,64907000.0,3.9,,-502834000.0,861853000.0,861853000.0,,861853000.0,0.0,39353680000.0,40466332000.0,,-324000.0,,,30021000.0,558522000.0,39353680000.0,1112652000.0,23766000.0,-35864000.0,693679000.0,418973000.0,-59954000.0,359019000.0,40466332000.0,218200000.0,218323000.0,220822000.0
AmerisourceBergen Corp,ABC,AI8GXW8LG5WK7E9UD086,1140859,2018.0,Q1TTM,2017-01-01,2017-12-31,,160506000.0,4.49,4.49,1.48,246153000.0,4.43,,-65323000.0,979091000.0,979091000.0,,979091000.0,,150819919000.0,155440893000.0,,2283000.0,,,968282000.0,2166705000.0,150819919000.0,4620974000.0,23766000.0,-144077000.0,3541646000.0,1079328000.0,-165560000.0,913768000.0,155440893000.0,218200000.0,218323000.0,220822000.0
AmerisourceBergen Corp,ABC,AI8GXW8LG5WK7E9UD086,1140859,2019.0,Q4,2019-07-01,2019-09-30,,35877000.0,0.64,0.64,0.4,72668000.0,0.64,,12344000.0,132307000.0,132307000.0,,132619000.0,-312000.0,44453065000.0,45637802000.0,,1213000.0,,,174407000.0,721944000.0,44453065000.0,1184737000.0,,-36403000.0,1004896000.0,179841000.0,-35190000.0,144651000.0,45637802000.0,210200000.0,210165000.0,211840000.0
AmerisourceBergen Corp,ABC,AI8GXW8LG5WK7E9UD086,1140859,2019.0,FY,2018-10-01,2019-09-30,2019-11-19 17:11:19+00:00,167442000.0,4.07,4.07,1.6,294965000.0,4.04,570000000.0,112971000.0,854135000.0,854135000.0,,855365000.0,-1230000.0,174450809000.0,179589121000.0,,12952000.0,,,330474000.0,2663508000.0,174450809000.0,5138312000.0,0.0,-157769000.0,4026389000.0,1111923000.0,-144817000.0,967106000.0,179589121000.0,210200000.0,210165000.0,211840000.0
AmerisourceBergen Corp,ABC,AI8GXW8LG5WK7E9UD086,1140859,2019.0,Q3YTD,2018-10-01,2019-06-30,,131565000.0,3.43,3.43,1.2,222297000.0,3.4,570000000.0,100627000.0,721828000.0,721828000.0,,722746000.0,-918000.0,129997744000.0,133951319000.0,,11739000.0,,,156067000.0,1941564000.0,129997744000.0,3953575000.0,,-121366000.0,3021493000.0,932082000.0,-109627000.0,822455000.0,133951319000.0,209700000.0,209705000.0,211161000.0
AmerisourceBergen Corp,ABC,AI8GXW8LG5WK7E9UD086,1140859,2019.0,Q3TTM,2018-07-01,2019-06-30,,178224000.0,4.52,4.52,1.58,296196000.0,4.49,629684000.0,18493000.0,915832000.0,915832000.0,,956034000.0,-40202000.0,172262239000.0,177248455000.0,,12559000.0,,,196564000.0,2599369000.0,172262239000.0,4986216000.0,,-164441000.0,3900037000.0,1086179000.0,-151882000.0,934325000.0,177248455000.0,209700000.0,209705000.0,211161000.0
AmerisourceBergen Corp,ABC,AI8GXW8LG5WK7E9UD086,1140859,2019.0,Q3,2019-04-01,2019-06-30,2019-08-01 14:24:51+00:00,35880000.0,1.44,1.44,0.4,71716000.0,1.43,0.0,69113000.0,302002000.0,302002000.0,,301959000.0,43000.0,44008026000.0,45239265000.0,,342000.0,,,60006000.0,656943000.0,44008026000.0,1231239000.0,0.0,-35921000.0,824545000.0,406694000.0,-35579000.0,371115000.0,45239265000.0,209700000.0,209705000.0,211161000.0
AmerisourceBergen Corp,ABC,AI8GXW8LG5WK7E9UD086,1140859,2019.0,Q2,2019-01-01,2019-03-31,2020-05-07 15:03:53+00:00,48547000.0,0.13,0.13,0.4,75219000.0,0.13,570000000.0,-9289000.0,28073000.0,28073000.0,,27135000.0,938000.0,41894846000.0,43319602000.0,,14494000.0,,,55389000.0,628036000.0,41894846000.0,1424756000.0,,-43275000.0,1377191000.0,47565000.0,-28781000.0,18784000.0,43319602000.0,208700000.0,210934000.0,212563000.0
AmerisourceBergen Corp,ABC,AI8GXW8LG5WK7E9UD086,1140859,2019.0,Q2YTD,2018-10-01,2019-03-31,,95685000.0,1.99,1.99,0.8,150581000.0,1.97,570000000.0,31514000.0,419826000.0,419826000.0,,420787000.0,-961000.0,85989718000.0,88712054000.0,,11397000.0,,,96061000.0,1284621000.0,85989718000.0,2722336000.0,,-85445000.0,2196948000.0,525388000.0,-74048000.0,451340000.0,88712054000.0,208700000.0,210934000.0,212563000.0
AmerisourceBergen Corp,ABC,AI8GXW8LG5WK7E9UD086,1140859,2019.0,Q2TTM,2018-04-01,2019-03-31,,189942000.0,4.34,4.34,1.56,296927000.0,4.31,629684000.0,16707000.0,891705000.0,891705000.0,,929884000.0,-38179000.0,170185181000.0,175151499000.0,,15375000.0,,,212111000.0,2568974000.0,170185181000.0,4966318000.0,,-175671000.0,3897638000.0,1068680000.0,-160296000.0,908412000.0,175151499000.0,208700000.0,210934000.0,212563000.0
AmerisourceBergen Corp,ABC,AI8GXW8LG5WK7E9UD086,1140859,2019.0,Q1,2018-10-01,2018-12-31,2020-01-30 16:14:47+00:00,47138000.0,1.86,1.86,0.4,75362000.0,1.84,0.0,40803000.0,391753000.0,391753000.0,,393652000.0,-1899000.0,44094872000.0,45392452000.0,,-3097000.0,,,40672000.0,656585000.0,44094872000.0,1297580000.0,,-42170000.0,819757000.0,477823000.0,-45267000.0,432556000.0,45392452000.0,211600000.0,212054000.0,213969000.0
AmerisourceBergen Corp,ABC,AI8GXW8LG5WK7E9UD086,1140859,2019.0,Q1TTM,2018-01-01,2018-12-31,,188065000.0,5.52,5.52,1.54,294426000.0,5.47,59684000.0,105168000.0,1145792000.0,1145792000.0,,1190204000.0,-44412000.0,168068510000.0,172865755000.0,,-28242000.0,,,194171000.0,2558364000.0,168068510000.0,4797245000.0,,-223333000.0,3294710000.0,1502535000.0,-251575000.0,1250960000.0,172865755000.0,211600000.0,212054000.0,213969000.0
AmerisourceBergen Corp,ABC,AI8GXW8LG5WK7E9UD086,1140859,2020.0,Q2YTD,2019-10-01,2020-03-31,,59270000.0,5.59,5.59,0.82,139040000.0,5.54,361652000.0,-651888000.0,1157679000.0,1157679000.0,,1147917000.0,9762000.0,92663060000.0,95282381000.0,,-1733000.0,,,107041000.0,1379366000.0,92663060000.0,2619321000.0,,-65428000.0,2046369000.0,572952000.0,-67161000.0,505791000.0,95282381000.0,205200000.0,205370000.0,207062000.0
AmerisourceBergen Corp,ABC,AI8GXW8LG5WK7E9UD086,1140859,2020.0,Q2TTM,2019-04-01,2020-03-31,,131027000.0,7.67,7.67,1.62,283424000.0,7.61,361652000.0,-570431000.0,1591988000.0,1591988000.0,,1582495000.0,9493000.0,181124151000.0,186159448000.0,,-178000.0,,,341454000.0,2758253000.0,181124151000.0,5035297000.0,,-137752000.0,3875810000.0,1159487000.0,-137930000.0,1021557000.0,186159448000.0,205200000.0,205370000.0,207062000.0
AmerisourceBergen Corp,ABC,AI8GXW8LG5WK7E9UD086,1140859,2020.0,Q2,2020-01-01,2020-03-31,2020-05-07 15:03:53+00:00,23999000.0,4.68,4.68,0.42,69796000.0,4.64,223652000.0,-694908000.0,971111000.0,971111000.0,,960277000.0,10834000.0,46029532000.0,47417639000.0,,1109000.0,,,67732000.0,693413000.0,46029532000.0,1388107000.0,,-34421000.0,1078592000.0,309515000.0,-33312000.0,276203000.0,47417639000.0,205200000.0,205370000.0,207062000.0
AmerisourceBergen Corp,ABC,AI8GXW8LG5WK7E9UD086,1140859,2020.0,Q1TTM,2019-01-01,2019-12-31,,155575000.0,3.12,3.12,1.6,288847000.0,3.1,708000000.0,115188000.0,648950000.0,648950000.0,,649353000.0,-403000.0,176989465000.0,182061411000.0,,13207000.0,,,329111000.0,2692876000.0,176989465000.0,5071946000.0,,-146606000.0,4174409000.0,897537000.0,-133399000.0,764138000.0,182061411000.0,206200000.0,206008000.0,207517000.0
AmerisourceBergen Corp,ABC,AI8GXW8LG5WK7E9UD086,1140859,2020.0,Q1,2019-10-01,2019-12-31,2020-01-30 16:14:47+00:00,35271000.0,0.91,0.91,0.4,69244000.0,0.9,138000000.0,43020000.0,186568000.0,186568000.0,,187640000.0,-1072000.0,46633528000.0,47864742000.0,,-2842000.0,,,39309000.0,685953000.0,46633528000.0,1231214000.0,,-31007000.0,967777000.0,263437000.0,-33849000.0,229588000.0,47864742000.0,206200000.0,206008000.0,207517000.0
