company_name,company_ticker,company_lei,company_cik,year,quarter,start_date,end_date,filing_date,basicdilutedeps,basiceps,dilutedeps,incometaxexpense,marketingexpense,netincome,netincomecontinuing,netincomediscontinued,netincometocommon,operatingcostofrevenue,operatingrevenue,otheradjustmentstoconsolidatednetincome,otherincome,otheroperatingexpenses,otherspecialcharges,preferreddividends,rdexpense,sgaexpense,totalcostofrevenue,totalgrossprofit,totalinterestincome,totaloperatingexpenses,totaloperatingincome,totalotherincome,totalpretaxincome,totalrevenue,weightedavebasicdilutedsharesos,weightedavebasicsharesos,weightedavedilutedsharesos
Alphabet Inc,GOOGL,,1652044,2007.0,FY,2007-01-01,2007-12-31,2010-02-12 17:19:28+00:00,,13.53,13.29,1470260000.0,1461266000.0,4203720000.0,4203720000.0,,4203720000.0,6649085000.0,16593986000.0,,589580000.0,,,,2119985000.0,1279250000.0,6649085000.0,9944901000.0,0.0,4860501000.0,5084400000.0,589580000.0,5673980000.0,16593986000.0,,310700000.0,316300000.0
Alphabet Inc,GOOGL,,1652044,2008.0,FY,2008-01-01,2008-12-31,2011-02-11 17:13:29+00:00,,13.46,13.31,1626000000.0,1946000000.0,4227000000.0,4227000000.0,,4227000000.0,8622000000.0,21796000000.0,,316000000.0,,,,2793000000.0,1803000000.0,8622000000.0,13174000000.0,-1095000000.0,6542000000.0,6632000000.0,-779000000.0,5853000000.0,21796000000.0,,314000000.0,317600000.0
Alphabet Inc,GOOGL,,1652044,2008.0,Q2,2008-04-01,2008-06-30,2009-08-04 16:51:26+00:00,,3.97,3.92,388497000.0,484552000.0,1247391000.0,1247391000.0,,1247391000.0,2147575000.0,5367212000.0,,57923000.0,,,,682210000.0,474910000.0,2147575000.0,3219637000.0,,1641672000.0,1577965000.0,57923000.0,1635888000.0,5367212000.0,,314200000.0,318200000.0
Alphabet Inc,GOOGL,,1652044,2009.0,Q4,2009-10-01,2009-12-31,,6.23,6.23,6.13,595000000.0,583000000.0,1973000000.0,1973000000.0,,1973000000.0,2408000000.0,6674000000.0,,88000000.0,,,,735000000.0,468000000.0,2408000000.0,4266000000.0,,1786000000.0,2480000000.0,88000000.0,2568000000.0,6674000000.0,316200000.0,316200000.0,319500000.0
Alphabet Inc,GOOGL,,1652044,2009.0,FY,2009-01-01,2009-12-31,2012-01-26 17:12:25+00:00,,20.62,20.41,1861000000.0,1984000000.0,6520000000.0,6520000000.0,,6520000000.0,8844000000.0,23651000000.0,,69000000.0,,0.0,,2843000000.0,1668000000.0,8844000000.0,14807000000.0,,6495000000.0,8312000000.0,69000000.0,8381000000.0,23651000000.0,,316200000.0,319500000.0
Alphabet Inc,GOOGL,,1652044,2009.0,Q3YTD,2009-01-01,2009-09-30,,14.39,14.39,14.28,1266000000.0,1401000000.0,4547000000.0,4547000000.0,,4547000000.0,6436000000.0,16977000000.0,,-19000000.0,,,,2108000000.0,1200000000.0,6436000000.0,10541000000.0,,4709000000.0,5832000000.0,-19000000.0,5813000000.0,16977000000.0,316400000.0,316400000.0,319500000.0
Alphabet Inc,GOOGL,,1652044,2009.0,Q3,2009-07-01,2009-09-30,2010-10-29 16:54:19+00:00,,5.18,5.13,428000000.0,498000000.0,1639000000.0,1639000000.0,,1639000000.0,2226000000.0,5945000000.0,,-7000000.0,,,,758000000.0,389000000.0,2226000000.0,3719000000.0,,1645000000.0,2074000000.0,-7000000.0,2067000000.0,5945000000.0,,316400000.0,319500000.0
Alphabet Inc,GOOGL,,1652044,2009.0,Q2YTD,2009-01-01,2009-06-30,,9.21,9.21,9.15,838000000.0,903000000.0,2908000000.0,2908000000.0,,2908000000.0,4210000000.0,11032000000.0,,-12000000.0,,,,1350000000.0,811000000.0,4210000000.0,6822000000.0,,3064000000.0,3758000000.0,-12000000.0,3746000000.0,11032000000.0,316000000.0,316000000.0,318700000.0
Alphabet Inc,GOOGL,,1652044,2009.0,Q2,2009-04-01,2009-06-30,2010-07-30 17:23:11+00:00,,4.7,4.66,371000000.0,469000000.0,1485000000.0,1485000000.0,,1485000000.0,2108000000.0,5523000000.0,,-18000000.0,,,,708000000.0,364000000.0,2108000000.0,3415000000.0,,1541000000.0,1874000000.0,-18000000.0,1856000000.0,5523000000.0,,316000000.0,318700000.0
Alphabet Inc,GOOGL,,1652044,2009.0,Q1,2009-01-01,2009-03-31,2010-05-05 15:26:04+00:00,,4.51,4.49,467000000.0,434000000.0,1423000000.0,1423000000.0,,1423000000.0,2102000000.0,5509000000.0,,6000000.0,,,,642000000.0,447000000.0,2102000000.0,3407000000.0,,1523000000.0,1884000000.0,6000000.0,1890000000.0,5509000000.0,,315500000.0,316900000.0
Alphabet Inc,GOOGL,,1652044,2010.0,FY,2010-01-01,2010-12-31,2013-01-29 17:29:36+00:00,26.69,26.69,26.31,2291000000.0,2799000000.0,8505000000.0,8505000000.0,0.0,8505000000.0,10417000000.0,29321000000.0,,415000000.0,,0.0,,3762000000.0,1962000000.0,10417000000.0,18904000000.0,,8523000000.0,10381000000.0,415000000.0,10796000000.0,29321000000.0,318700000.0,318700000.0,323300000.0
Alphabet Inc,GOOGL,,1652044,2010.0,Q4,2010-10-01,2010-12-31,,,7.96,7.82,599000000.0,902000000.0,2543000000.0,2543000000.0,,2543000000.0,2946000000.0,8440000000.0,,161000000.0,,,,1052000000.0,559000000.0,2946000000.0,5494000000.0,,2513000000.0,2981000000.0,161000000.0,3142000000.0,8440000000.0,,318700000.0,323300000.0
Alphabet Inc,GOOGL,,1652044,2010.0,Q3YTD,2010-01-01,2010-09-30,,,18.73,18.49,1692000000.0,1897000000.0,5962000000.0,5962000000.0,,5962000000.0,7471000000.0,20881000000.0,,254000000.0,,,,2710000000.0,1403000000.0,7471000000.0,13410000000.0,,6010000000.0,7400000000.0,254000000.0,7654000000.0,20881000000.0,,318700000.0,322500000.0
Alphabet Inc,GOOGL,,1652044,2010.0,Q3TTM,2009-10-01,2010-09-30,,,24.96,24.62,2287000000.0,2480000000.0,7935000000.0,7935000000.0,,7935000000.0,9879000000.0,27555000000.0,,342000000.0,,,,3445000000.0,1871000000.0,9879000000.0,17676000000.0,,7796000000.0,9880000000.0,342000000.0,10222000000.0,27555000000.0,,318700000.0,322500000.0
Alphabet Inc,GOOGL,,1652044,2010.0,Q3,2010-07-01,2010-09-30,2011-10-26 17:22:16+00:00,,6.8,6.72,547000000.0,661000000.0,2167000000.0,2167000000.0,,2167000000.0,2552000000.0,7286000000.0,,167000000.0,,0.0,,994000000.0,532000000.0,2552000000.0,4734000000.0,,2187000000.0,2547000000.0,167000000.0,2714000000.0,7286000000.0,,318700000.0,322500000.0
Alphabet Inc,GOOGL,,1652044,2010.0,Q2YTD,2010-01-01,2010-06-30,,,11.93,11.77,1145000000.0,1236000000.0,3795000000.0,3795000000.0,,3795000000.0,4919000000.0,13595000000.0,,87000000.0,,,,1716000000.0,871000000.0,4919000000.0,8676000000.0,,3823000000.0,4853000000.0,87000000.0,4940000000.0,13595000000.0,,318300000.0,322200000.0
Alphabet Inc,GOOGL,,1652044,2010.0,Q2TTM,2009-07-01,2010-06-30,,,23.34,23.03,2168000000.0,2317000000.0,7407000000.0,7407000000.0,,7407000000.0,9553000000.0,26214000000.0,,168000000.0,,,,3209000000.0,1728000000.0,9553000000.0,16661000000.0,,7254000000.0,9407000000.0,168000000.0,9575000000.0,26214000000.0,,318300000.0,322200000.0
Alphabet Inc,GOOGL,,1652044,2010.0,Q2,2010-04-01,2010-06-30,2011-07-27 17:16:24+00:00,,5.78,5.71,594000000.0,629000000.0,1840000000.0,1840000000.0,,1840000000.0,2467000000.0,6820000000.0,,69000000.0,,0.0,,898000000.0,461000000.0,2467000000.0,4353000000.0,,1988000000.0,2365000000.0,69000000.0,2434000000.0,6820000000.0,,318300000.0,322200000.0
Alphabet Inc,GOOGL,,1652044,2010.0,Q1TTM,2009-04-01,2010-03-31,,,22.26,21.98,1945000000.0,2157000000.0,7052000000.0,7052000000.0,,7052000000.0,9194000000.0,24917000000.0,,81000000.0,,,,3019000000.0,1631000000.0,9194000000.0,15723000000.0,,6807000000.0,8916000000.0,81000000.0,8997000000.0,24917000000.0,,317900000.0,322600000.0
Alphabet Inc,GOOGL,,1652044,2010.0,Q1,2010-01-01,2010-03-31,2011-05-10 17:17:52+00:00,,6.15,6.06,551000000.0,607000000.0,1955000000.0,1955000000.0,,1955000000.0,2452000000.0,6775000000.0,,18000000.0,,0.0,,818000000.0,410000000.0,2452000000.0,4323000000.0,,1835000000.0,2488000000.0,18000000.0,2506000000.0,6775000000.0,,317900000.0,322600000.0
Alphabet Inc,GOOGL,,1652044,2011.0,Q4,2011-10-01,2011-12-31,,-16.21,8.37,8.24,784000000.0,1268000000.0,2705000000.0,2705000000.0,,2705000000.0,3702000000.0,10584000000.0,,-18000000.0,,,,1298000000.0,809000000.0,3702000000.0,6882000000.0,,3375000000.0,3507000000.0,-18000000.0,3489000000.0,10584000000.0,,322700000.0,327200000.0
Alphabet Inc,GOOGL,,1652044,2011.0,Q3,2011-07-01,2011-09-30,2012-10-29 20:08:20+00:00,8.44,8.44,8.33,631000000.0,1204000000.0,2729000000.0,2729000000.0,,2729000000.0,3378000000.0,9720000000.0,,302000000.0,,0.0,,1404000000.0,676000000.0,3378000000.0,6342000000.0,,3284000000.0,3058000000.0,302000000.0,3360000000.0,9720000000.0,323300000.0,323300000.0,327600000.0
Alphabet Inc,GOOGL,,1652044,2011.0,Q3YTD,2011-01-01,2011-09-30,,,21.8,21.52,1805000000.0,3321000000.0,7032000000.0,7032000000.0,,7032000000.0,9486000000.0,27321000000.0,,602000000.0,,500000000.0,,3864000000.0,1915000000.0,9486000000.0,17835000000.0,,9600000000.0,8235000000.0,602000000.0,8837000000.0,27321000000.0,,323300000.0,327600000.0
Alphabet Inc,GOOGL,,1652044,2011.0,Q3TTM,2010-10-01,2011-09-30,,,29.76,29.34,2404000000.0,4223000000.0,9575000000.0,9575000000.0,,9575000000.0,12432000000.0,35761000000.0,,763000000.0,,500000000.0,,4916000000.0,2474000000.0,12432000000.0,23329000000.0,,12113000000.0,11216000000.0,763000000.0,11979000000.0,35761000000.0,,323300000.0,327600000.0
Alphabet Inc,GOOGL,,1652044,2011.0,Q2,2011-04-01,2011-06-30,2012-07-24 17:29:19+00:00,7.77,7.77,7.68,580000000.0,1091000000.0,2505000000.0,2505000000.0,,2505000000.0,3172000000.0,9026000000.0,,204000000.0,,0.0,,1234000000.0,648000000.0,3172000000.0,5854000000.0,,2973000000.0,2881000000.0,204000000.0,3085000000.0,9026000000.0,322400000.0,322400000.0,326200000.0
Alphabet Inc,GOOGL,,1652044,2011.0,Q2YTD,2011-01-01,2011-06-30,,,13.36,13.19,1174000000.0,2117000000.0,4303000000.0,4303000000.0,,4303000000.0,6108000000.0,17601000000.0,,300000000.0,,500000000.0,,2460000000.0,1239000000.0,6108000000.0,11493000000.0,,6316000000.0,5177000000.0,300000000.0,5477000000.0,17601000000.0,,322400000.0,326200000.0
Alphabet Inc,GOOGL,,1652044,2011.0,Q2TTM,2010-07-01,2011-06-30,,,28.12,27.73,2320000000.0,3680000000.0,9013000000.0,9013000000.0,,9013000000.0,11606000000.0,33327000000.0,,628000000.0,,500000000.0,,4506000000.0,2330000000.0,11606000000.0,21721000000.0,,11016000000.0,10705000000.0,628000000.0,11333000000.0,33327000000.0,,322400000.0,326200000.0
Alphabet Inc,GOOGL,,1652044,2011.0,Q1TTM,2010-04-01,2011-03-31,,,26.13,25.76,2334000000.0,3218000000.0,8348000000.0,8348000000.0,,8348000000.0,10901000000.0,31121000000.0,,493000000.0,,500000000.0,,4170000000.0,2143000000.0,10901000000.0,20220000000.0,,10031000000.0,10189000000.0,493000000.0,10682000000.0,31121000000.0,,321600000.0,326300000.0
Alphabet Inc,GOOGL,,1652044,2011.0,Q1,2011-01-01,2011-03-31,2012-04-25 17:14:53+00:00,,5.59,5.51,594000000.0,1026000000.0,1798000000.0,1798000000.0,,1798000000.0,2936000000.0,8575000000.0,,96000000.0,,500000000.0,,1226000000.0,591000000.0,2936000000.0,5639000000.0,,3343000000.0,2296000000.0,96000000.0,2392000000.0,8575000000.0,,321600000.0,326300000.0
Alphabet Inc,GOOGL,,1652044,2012.0,Q4,2012-10-01,2012-12-31,,,-7.65,-7.54,957000000.0,1073000000.0,2886000000.0,3672000000.0,-786000000.0,2886000000.0,2755000000.0,10283000000.0,,161000000.0,,,,1225000000.0,762000000.0,2755000000.0,7528000000.0,,3060000000.0,4468000000.0,161000000.0,4629000000.0,10283000000.0,,654426000.0,664610000.0
Alphabet Inc,GOOGL,,1652044,2012.0,FY,2012-01-01,2012-12-31,2015-02-06 19:40:31+00:00,,16.41,16.16,2916000000.0,5465000000.0,10737000000.0,11553000000.0,-816000000.0,10737000000.0,17176000000.0,46039000000.0,,635000000.0,,,,6083000000.0,3481000000.0,17176000000.0,28863000000.0,,15029000000.0,13834000000.0,635000000.0,14469000000.0,46039000000.0,,654426000.0,664610000.0
Alphabet Inc,GOOGL,,1652044,2012.0,Q3,2012-06-22,2012-09-30,2012-10-29 20:08:20+00:00,6.64,6.64,6.53,623000000.0,1760000000.0,2176000000.0,2176000000.0,,2176000000.0,6554000000.0,14101000000.0,,63000000.0,,0.0,,2009000000.0,1042000000.0,6554000000.0,7547000000.0,,4811000000.0,2736000000.0,63000000.0,2799000000.0,14101000000.0,327700000.0,327700000.0,333200000.0
Alphabet Inc,GOOGL,,1652044,2012.0,Q3YTD,2012-01-01,2012-09-30,,,24.06,23.7,1959000000.0,4392000000.0,7851000000.0,7881000000.0,-30000000.0,7851000000.0,14421000000.0,35756000000.0,,474000000.0,,,,4858000000.0,2719000000.0,14421000000.0,21335000000.0,,11969000000.0,9366000000.0,474000000.0,9840000000.0,35756000000.0,,661099000.0,333200000.0
Alphabet Inc,GOOGL,,1652044,2012.0,Q3TTM,2011-10-01,2012-09-30,,,32.43,31.94,2743000000.0,5660000000.0,10556000000.0,10586000000.0,-30000000.0,10556000000.0,18123000000.0,46340000000.0,,456000000.0,,,,6156000000.0,3528000000.0,18123000000.0,28217000000.0,,15344000000.0,12873000000.0,456000000.0,13329000000.0,46340000000.0,,661099000.0,333200000.0
Alphabet Inc,GOOGL,,1652044,2012.0,Q2YTD,2012-01-01,2012-06-30,,,17.42,17.17,1312000000.0,2682000000.0,5675000000.0,5723000000.0,-48000000.0,5675000000.0,8466000000.0,22452000000.0,,409000000.0,,,,2979000000.0,1699000000.0,8466000000.0,13986000000.0,,7360000000.0,6626000000.0,409000000.0,7035000000.0,22452000000.0,,326272000.0,330793000.0
Alphabet Inc,GOOGL,,1652044,2012.0,Q2TTM,2011-07-01,2012-06-30,,34.23,34.23,33.74,2727000000.0,5154000000.0,11109000000.0,11157000000.0,-48000000.0,11109000000.0,-2936000000.0,42756000000.0,,693000000.0,18482000000.0,,,5681000000.0,3184000000.0,-2936000000.0,45692000000.0,,32501000000.0,13191000000.0,693000000.0,13884000000.0,42756000000.0,326100000.0,326272000.0,330793000.0
Alphabet Inc,GOOGL,,1652044,2012.0,Q2,2012-04-01,2012-06-30,2013-07-25 17:24:54+00:00,,8.54,8.42,657000000.0,1413000000.0,2785000000.0,2833000000.0,-48000000.0,2785000000.0,4677000000.0,11807000000.0,,253000000.0,,,,1538000000.0,942000000.0,4677000000.0,7130000000.0,,3893000000.0,3237000000.0,253000000.0,3490000000.0,11807000000.0,,326272000.0,330793000.0
Alphabet Inc,GOOGL,,1652044,2012.0,Q1TTM,2011-04-01,2012-03-31,,,33.46,33.0,2650000000.0,4832000000.0,10829000000.0,10829000000.0,,10829000000.0,14041000000.0,39975000000.0,,644000000.0,,,,5377000000.0,2890000000.0,14041000000.0,25934000000.0,,13099000000.0,12835000000.0,644000000.0,13479000000.0,39975000000.0,,325299000.0,330136000.0
Alphabet Inc,GOOGL,,1652044,2013.0,Q4,2013-10-01,2013-12-31,,19.41,81.29,79.83,3585000000.0,8462000000.0,15922000000.0,16855000000.0,-1360000000.0,15922000000.0,28246000000.0,71226000000.0,427000000.0,608000000.0,,,,9070000000.0,5616000000.0,28246000000.0,42980000000.0,,23148000000.0,19832000000.0,608000000.0,20440000000.0,71226000000.0,1312000000.0,266200000.0,271100000.0
Alphabet Inc,GOOGL,,1652044,2013.0,FY,2013-01-01,2013-12-31,2016-02-11 16:38:35+00:00,19.41,38.26,37.58,2739000000.0,6554000000.0,12733000000.0,13160000000.0,-427000000.0,12733000000.0,21993000000.0,55519000000.0,,496000000.0,,,0.0,7137000000.0,4432000000.0,21993000000.0,33526000000.0,,18123000000.0,15403000000.0,496000000.0,15899000000.0,55519000000.0,656000000.0,332800000.0,338800000.0
Alphabet Inc,GOOGL,,1652044,2013.0,Q3YTD,2013-01-01,2013-09-30,,,14.36,14.12,1893000000.0,4646000000.0,9544000000.0,9465000000.0,79000000.0,9544000000.0,15740000000.0,39812000000.0,,384000000.0,,,,5204000000.0,3248000000.0,15740000000.0,24072000000.0,,13098000000.0,10974000000.0,384000000.0,11358000000.0,39812000000.0,,667232000.0,678470000.0
Alphabet Inc,GOOGL,,1652044,2013.0,Q3TTM,2012-10-01,2013-09-30,,,6.71,6.58,2850000000.0,5719000000.0,12430000000.0,13137000000.0,-707000000.0,12430000000.0,18495000000.0,50095000000.0,,545000000.0,,,,6429000000.0,4010000000.0,18495000000.0,31600000000.0,,16158000000.0,15442000000.0,545000000.0,15987000000.0,50095000000.0,,667232000.0,678470000.0
Alphabet Inc,GOOGL,,1652044,2013.0,Q3,2013-07-01,2013-09-30,2014-10-23 16:58:40+00:00,,4.45,4.38,612000000.0,1628000000.0,2970000000.0,3163000000.0,-193000000.0,2970000000.0,5409000000.0,13754000000.0,,14000000.0,,,,1821000000.0,1135000000.0,5409000000.0,8345000000.0,,4584000000.0,3761000000.0,14000000.0,3775000000.0,13754000000.0,,667232000.0,678470000.0
Alphabet Inc,GOOGL,,1652044,2013.0,Q2YTD,2013-01-01,2013-06-30,,,9.91,9.74,1281000000.0,3018000000.0,6574000000.0,6302000000.0,272000000.0,6574000000.0,10331000000.0,26058000000.0,,370000000.0,,,,3383000000.0,2113000000.0,10331000000.0,15727000000.0,,8514000000.0,7213000000.0,370000000.0,7583000000.0,26058000000.0,,664960000.0,676674000.0
Alphabet Inc,GOOGL,,1652044,2013.0,Q2TTM,2012-07-01,2013-06-30,,,8.9,8.73,2885000000.0,5801000000.0,11636000000.0,12132000000.0,-496000000.0,11636000000.0,19041000000.0,49645000000.0,,596000000.0,,,,6487000000.0,3895000000.0,19041000000.0,30604000000.0,,16183000000.0,14421000000.0,596000000.0,15017000000.0,49645000000.0,,664960000.0,676674000.0
Alphabet Inc,GOOGL,,1652044,2013.0,Q2,2013-04-01,2013-06-30,2014-07-24 19:25:49+00:00,,4.85,4.77,927000000.0,1583000000.0,3228000000.0,2774000000.0,454000000.0,3228000000.0,5195000000.0,13107000000.0,,236000000.0,,,,1766000000.0,1098000000.0,5195000000.0,7912000000.0,,4447000000.0,3465000000.0,236000000.0,3701000000.0,13107000000.0,,664960000.0,676674000.0
Alphabet Inc,GOOGL,,1652044,2013.0,Q1TTM,2012-04-01,2013-03-31,,,12.59,12.38,2615000000.0,5631000000.0,11193000000.0,12191000000.0,-998000000.0,11193000000.0,18523000000.0,48345000000.0,,613000000.0,,,,6259000000.0,3739000000.0,18523000000.0,29822000000.0,,15629000000.0,14193000000.0,613000000.0,14806000000.0,48345000000.0,,660908000.0,673326000.0
Alphabet Inc,GOOGL,,1652044,2013.0,Q1,2013-01-01,2013-03-31,2014-04-24 16:53:32+00:00,,5.06,4.97,354000000.0,1435000000.0,3346000000.0,3528000000.0,-182000000.0,3346000000.0,5136000000.0,12951000000.0,,134000000.0,,,,1617000000.0,1015000000.0,5136000000.0,7815000000.0,,4067000000.0,3748000000.0,134000000.0,3882000000.0,12951000000.0,,660908000.0,673326000.0
Alphabet Inc,GOOGL,,1652044,2014.0,Q4,2014-10-01,2014-12-31,,20.91,2.72,2.69,900000000.0,2377000000.0,4594000000.0,3627000000.0,967000000.0,4594000000.0,6921000000.0,18103000000.0,,128000000.0,,,,2813000000.0,1593000000.0,6921000000.0,11182000000.0,,6783000000.0,4399000000.0,128000000.0,4527000000.0,18103000000.0,676000000.0,676000000.0,687200000.0
Alphabet Inc,GOOGL,,1652044,2014.0,FY,2014-01-01,2014-12-31,2017-02-02 18:13:47+00:00,20.91,20.91,20.57,3639000000.0,8131000000.0,14136000000.0,13620000000.0,516000000.0,14136000000.0,25691000000.0,66001000000.0,,763000000.0,,,0.0,9832000000.0,5851000000.0,25691000000.0,40310000000.0,,23814000000.0,16496000000.0,763000000.0,17259000000.0,66001000000.0,676000000.0,676000000.0,687200000.0
Alphabet Inc,GOOGL,,1652044,2014.0,Q3YTD,2014-01-01,2014-09-30,,,18.19,17.88,2739000000.0,5754000000.0,9542000000.0,9993000000.0,-451000000.0,9542000000.0,18770000000.0,47898000000.0,,635000000.0,,,,7019000000.0,4258000000.0,18770000000.0,29128000000.0,,17031000000.0,12097000000.0,635000000.0,12732000000.0,47898000000.0,,338100000.0,344100000.0
Alphabet Inc,GOOGL,,1652044,2014.0,Q3TTM,2013-10-01,2014-09-30,,19.41,99.48,97.71,6324000000.0,14216000000.0,25464000000.0,26848000000.0,-1811000000.0,25464000000.0,47016000000.0,119124000000.0,427000000.0,1243000000.0,,,,16089000000.0,9874000000.0,47016000000.0,72108000000.0,,40179000000.0,31929000000.0,1243000000.0,33172000000.0,119124000000.0,,338100000.0,344100000.0
Alphabet Inc,GOOGL,,1652044,2014.0,Q3,2014-07-01,2014-09-30,2015-10-29 16:05:33+00:00,,8.1,7.96,933000000.0,2084000000.0,2739000000.0,2924000000.0,-185000000.0,2739000000.0,6695000000.0,16523000000.0,,133000000.0,,,0.0,2655000000.0,1365000000.0,6695000000.0,9828000000.0,,6104000000.0,3724000000.0,133000000.0,3857000000.0,16523000000.0,,338100000.0,344100000.0
Alphabet Inc,GOOGL,,1652044,2014.0,Q2YTD,2014-01-01,2014-06-30,,,10.09,9.92,1806000000.0,3670000000.0,6803000000.0,7069000000.0,-266000000.0,6803000000.0,12075000000.0,31375000000.0,,502000000.0,,,,4364000000.0,2893000000.0,12075000000.0,19300000000.0,,10927000000.0,8373000000.0,502000000.0,8875000000.0,31375000000.0,,675600000.0,686700000.0
Alphabet Inc,GOOGL,,1652044,2014.0,Q2TTM,2013-07-01,2014-06-30,,19.41,95.83,94.13,6003000000.0,13760000000.0,25695000000.0,27087000000.0,-1819000000.0,25695000000.0,45730000000.0,116355000000.0,427000000.0,1124000000.0,,,,15255000000.0,9644000000.0,45730000000.0,70625000000.0,,38659000000.0,31966000000.0,1124000000.0,33090000000.0,116355000000.0,,675600000.0,686700000.0
Alphabet Inc,GOOGL,,1652044,2014.0,Q2,2014-04-01,2014-06-30,2015-07-23 16:25:08+00:00,,4.96,4.88,984000000.0,1941000000.0,3351000000.0,3419000000.0,-68000000.0,3351000000.0,6114000000.0,15955000000.0,,145000000.0,,,0.0,2238000000.0,1404000000.0,6114000000.0,9841000000.0,,5583000000.0,4258000000.0,145000000.0,4403000000.0,15955000000.0,,675600000.0,686700000.0
Alphabet Inc,GOOGL,,1652044,2014.0,Q1TTM,2013-04-01,2014-03-31,,19.41,95.72,94.02,5946000000.0,13402000000.0,25572000000.0,26442000000.0,-1297000000.0,25572000000.0,44811000000.0,113507000000.0,427000000.0,1215000000.0,,,,14783000000.0,9338000000.0,44811000000.0,68696000000.0,,37523000000.0,31173000000.0,1215000000.0,32388000000.0,113507000000.0,,672587000.0,685212000.0
Alphabet Inc,GOOGL,,1652044,2014.0,Q1,2014-01-01,2014-03-31,2015-04-29 17:19:57+00:00,,5.13,5.04,822000000.0,1729000000.0,3452000000.0,3650000000.0,-198000000.0,3452000000.0,5961000000.0,15420000000.0,,357000000.0,,,,2126000000.0,1489000000.0,5961000000.0,9459000000.0,,5344000000.0,4115000000.0,357000000.0,4472000000.0,15420000000.0,,672587000.0,685212000.0
Alphabet Inc,GOOGL,,1652044,2015.0,FY,2015-01-01,2015-12-31,2018-02-05 20:46:29+00:00,23.11,23.11,22.84,3303000000.0,9047000000.0,16348000000.0,16348000000.0,,15826000000.0,28164000000.0,74989000000.0,,291000000.0,,0.0,522000000.0,12282000000.0,6136000000.0,28164000000.0,46825000000.0,,27465000000.0,19360000000.0,291000000.0,19651000000.0,74989000000.0,684800000.0,684800000.0,692900000.0
Alphabet Inc,GOOGL,,1652044,2015.0,Q4,2015-10-01,2015-12-31,,7.16,7.16,7.08,277000000.0,2679000000.0,4923000000.0,4923000000.0,,4923000000.0,8188000000.0,21329000000.0,,-180000000.0,,,,3510000000.0,1572000000.0,8188000000.0,13141000000.0,,7761000000.0,5380000000.0,-180000000.0,5200000000.0,21329000000.0,684800000.0,684800000.0,692900000.0
Alphabet Inc,GOOGL,,1652044,2015.0,Q3YTD,2015-01-01,2015-09-30,,15.95,15.95,15.76,3026000000.0,6368000000.0,11425000000.0,11425000000.0,,10903000000.0,19976000000.0,53660000000.0,,471000000.0,,,522000000.0,8772000000.0,4564000000.0,19976000000.0,33684000000.0,,19704000000.0,13980000000.0,471000000.0,14451000000.0,53660000000.0,686000000.0,686000000.0,694400000.0
Alphabet Inc,GOOGL,,1652044,2015.0,Q3TTM,2014-10-01,2015-09-30,,36.86,18.67,18.45,3926000000.0,8745000000.0,16019000000.0,15052000000.0,967000000.0,15497000000.0,26897000000.0,71763000000.0,,599000000.0,,,522000000.0,11585000000.0,6157000000.0,26897000000.0,44866000000.0,,26487000000.0,18379000000.0,599000000.0,18978000000.0,71763000000.0,686000000.0,686000000.0,694400000.0
Alphabet Inc,GOOGL,,1652044,2015.0,Q3,2015-07-01,2015-09-30,2016-11-02 17:46:02+00:00,5.8,5.8,5.73,912000000.0,2223000000.0,3979000000.0,3979000000.0,,3979000000.0,7037000000.0,18675000000.0,,183000000.0,,,0.0,3230000000.0,1477000000.0,7037000000.0,11638000000.0,,6930000000.0,4708000000.0,183000000.0,4891000000.0,18675000000.0,686000000.0,686000000.0,694400000.0
Alphabet Inc,GOOGL,,1652044,2015.0,Q2YTD,2015-01-01,2015-06-30,,10.15,10.15,10.03,2114000000.0,4145000000.0,7446000000.0,7446000000.0,,6924000000.0,12939000000.0,34985000000.0,,288000000.0,,,522000000.0,5542000000.0,3087000000.0,12939000000.0,22046000000.0,,12774000000.0,9272000000.0,288000000.0,9560000000.0,34985000000.0,683200000.0,683200000.0,691500000.0
Alphabet Inc,GOOGL,,1652044,2015.0,Q2TTM,2014-07-01,2015-06-30,,31.06,20.97,20.68,3947000000.0,8606000000.0,14779000000.0,13997000000.0,782000000.0,14257000000.0,26555000000.0,69611000000.0,,549000000.0,,,522000000.0,11010000000.0,6045000000.0,26555000000.0,43056000000.0,,25661000000.0,17395000000.0,549000000.0,17944000000.0,69611000000.0,683200000.0,683200000.0,691500000.0
Alphabet Inc,GOOGL,,1652044,2015.0,Q2,2015-04-01,2015-06-30,2016-08-04 16:22:44+00:00,4.99,4.99,4.93,1025000000.0,2080000000.0,3931000000.0,3931000000.0,,3409000000.0,6583000000.0,17727000000.0,,131000000.0,,,522000000.0,2789000000.0,1450000000.0,6583000000.0,11144000000.0,,6319000000.0,4825000000.0,131000000.0,4956000000.0,17727000000.0,683200000.0,683200000.0,691500000.0
Alphabet Inc,GOOGL,,1652044,2015.0,Q1TTM,2014-04-01,2015-03-31,,26.07,20.94,20.63,3906000000.0,8467000000.0,14199000000.0,13485000000.0,714000000.0,14199000000.0,26086000000.0,67839000000.0,,563000000.0,,,,10459000000.0,5999000000.0,26086000000.0,41753000000.0,,24925000000.0,16828000000.0,563000000.0,17391000000.0,67839000000.0,681200000.0,681200000.0,689200000.0
Alphabet Inc,GOOGL,,1652044,2015.0,Q1,2015-01-01,2015-03-31,2016-05-02 20:56:36+00:00,5.16,5.16,5.1,1089000000.0,2065000000.0,3515000000.0,3515000000.0,,3515000000.0,6356000000.0,17258000000.0,,157000000.0,,,,2753000000.0,1637000000.0,6356000000.0,10902000000.0,,6455000000.0,4447000000.0,157000000.0,4604000000.0,17258000000.0,681200000.0,681200000.0,689200000.0
Alphabet Inc,GOOGL,,1652044,2016.0,FY,2016-01-01,2016-12-31,2019-02-04 21:06:38+00:00,28.32,28.32,27.85,4672000000.0,10485000000.0,19478000000.0,19478000000.0,,19478000000.0,35138000000.0,90272000000.0,,434000000.0,,0.0,,13948000000.0,6985000000.0,35138000000.0,55134000000.0,,31418000000.0,23716000000.0,434000000.0,24150000000.0,90272000000.0,687800000.0,687800000.0,699400000.0
Alphabet Inc,GOOGL,,1652044,2016.0,Q4,2016-10-01,2016-12-31,,7.73,7.73,7.58,1524000000.0,3118000000.0,5333000000.0,5333000000.0,,5333000000.0,10661000000.0,26064000000.0,,218000000.0,,,,3622000000.0,2024000000.0,10661000000.0,15403000000.0,,8764000000.0,6639000000.0,218000000.0,6857000000.0,26064000000.0,687800000.0,687800000.0,699400000.0
Alphabet Inc,GOOGL,,1652044,2016.0,Q3,2016-07-01,2016-09-30,2017-10-26 17:49:09+00:00,7.36,7.36,7.25,984000000.0,2565000000.0,5061000000.0,5061000000.0,,5061000000.0,8699000000.0,22451000000.0,,278000000.0,,0.0,,3596000000.0,1824000000.0,8699000000.0,13752000000.0,,7985000000.0,5767000000.0,278000000.0,6045000000.0,22451000000.0,687600000.0,687600000.0,698100000.0
Alphabet Inc,GOOGL,,1652044,2016.0,Q3YTD,2016-01-01,2016-09-30,,20.59,20.59,20.27,3148000000.0,7367000000.0,14145000000.0,14145000000.0,,14145000000.0,24477000000.0,64208000000.0,,216000000.0,,,,10326000000.0,4961000000.0,24477000000.0,39731000000.0,,22654000000.0,17077000000.0,216000000.0,17293000000.0,64208000000.0,687600000.0,687600000.0,698100000.0
Alphabet Inc,GOOGL,,1652044,2016.0,Q3TTM,2015-10-01,2016-09-30,,27.75,27.75,27.35,3425000000.0,10046000000.0,19068000000.0,19068000000.0,,19068000000.0,32665000000.0,85537000000.0,,36000000.0,,,,13836000000.0,6533000000.0,32665000000.0,52872000000.0,,30415000000.0,22457000000.0,36000000.0,22493000000.0,85537000000.0,687600000.0,687600000.0,698100000.0
Alphabet Inc,GOOGL,,1652044,2016.0,Q2,2016-04-01,2016-06-30,2017-07-24 18:23:27+00:00,7.11,7.11,7.0,1242000000.0,2415000000.0,4877000000.0,4877000000.0,,4877000000.0,8130000000.0,21500000000.0,,151000000.0,,0.0,,3363000000.0,1624000000.0,8130000000.0,13370000000.0,,7402000000.0,5968000000.0,151000000.0,6119000000.0,21500000000.0,685900000.0,685900000.0,696700000.0
Alphabet Inc,GOOGL,,1652044,2016.0,Q2YTD,2016-01-01,2016-06-30,,13.23,13.23,13.02,2164000000.0,4802000000.0,9084000000.0,9084000000.0,,9084000000.0,15778000000.0,41757000000.0,,-62000000.0,,,,6730000000.0,3137000000.0,15778000000.0,25979000000.0,,14669000000.0,11310000000.0,-62000000.0,11248000000.0,41757000000.0,685900000.0,685900000.0,696700000.0
Alphabet Inc,GOOGL,,1652044,2016.0,Q2TTM,2015-07-01,2016-06-30,,26.19,26.19,25.83,3353000000.0,9704000000.0,17986000000.0,17986000000.0,,17986000000.0,31003000000.0,81761000000.0,,-59000000.0,,,,13470000000.0,6186000000.0,31003000000.0,50758000000.0,,29360000000.0,21398000000.0,-59000000.0,21339000000.0,81761000000.0,685900000.0,685900000.0,696700000.0
Alphabet Inc,GOOGL,,1652044,2016.0,Q1,2016-01-01,2016-03-31,2017-05-02 16:25:09+00:00,6.12,6.12,6.02,922000000.0,2387000000.0,4207000000.0,4207000000.0,,4207000000.0,7648000000.0,20257000000.0,,-213000000.0,,,,3367000000.0,1513000000.0,7648000000.0,12609000000.0,,7267000000.0,5342000000.0,-213000000.0,5129000000.0,20257000000.0,687400000.0,687400000.0,698800000.0
Alphabet Inc,GOOGL,,1652044,2016.0,Q1TTM,2015-04-01,2016-03-31,,24.07,24.07,23.76,3136000000.0,9369000000.0,17040000000.0,17040000000.0,,16518000000.0,29456000000.0,77988000000.0,,-79000000.0,,,522000000.0,12896000000.0,6012000000.0,29456000000.0,48532000000.0,,28277000000.0,20255000000.0,-79000000.0,20176000000.0,77988000000.0,687400000.0,687400000.0,698800000.0
Alphabet Inc,GOOGL,,1652044,2017.0,FY,2017-01-01,2017-12-31,2020-02-03 21:03:59+00:00,18.27,18.27,18.0,14531000000.0,12893000000.0,12662000000.0,12662000000.0,,12662000000.0,45583000000.0,110855000000.0,,1015000000.0,,2736000000.0,,16625000000.0,6840000000.0,45583000000.0,65272000000.0,,39094000000.0,26178000000.0,1015000000.0,27193000000.0,110855000000.0,693000000.0,693000000.0,703400000.0
Alphabet Inc,GOOGL,,1652044,2017.0,Q4,2017-10-01,2017-12-31,,-4.38,-4.38,-4.31,11038000000.0,4310000000.0,-3020000000.0,-3020000000.0,,-3020000000.0,14267000000.0,32323000000.0,,322000000.0,,,,4306000000.0,1744000000.0,14267000000.0,18056000000.0,,10360000000.0,7696000000.0,322000000.0,8018000000.0,32323000000.0,693000000.0,693000000.0,703400000.0
Alphabet Inc,GOOGL,,1652044,2017.0,Q3,2017-07-01,2017-09-30,2018-10-25 17:41:36+00:00,9.71,9.71,9.57,1247000000.0,3042000000.0,6732000000.0,6732000000.0,,6732000000.0,11148000000.0,27772000000.0,,197000000.0,,0.0,,4205000000.0,1595000000.0,11148000000.0,16624000000.0,,8842000000.0,7782000000.0,197000000.0,7979000000.0,27772000000.0,693300000.0,693300000.0,703400000.0
Alphabet Inc,GOOGL,,1652044,2017.0,Q3YTD,2017-01-01,2017-09-30,,22.65,22.65,22.31,3493000000.0,8583000000.0,15682000000.0,15682000000.0,,15682000000.0,31316000000.0,78532000000.0,,693000000.0,,2736000000.0,,12319000000.0,5096000000.0,31316000000.0,47216000000.0,,28734000000.0,18482000000.0,693000000.0,19175000000.0,78532000000.0,693300000.0,693300000.0,703400000.0
Alphabet Inc,GOOGL,,1652044,2017.0,Q3TTM,2016-10-01,2017-09-30,,30.38,30.38,29.89,5017000000.0,11701000000.0,21015000000.0,21015000000.0,,21015000000.0,41977000000.0,104596000000.0,,911000000.0,,2736000000.0,,15941000000.0,7120000000.0,41977000000.0,62619000000.0,,37498000000.0,25121000000.0,911000000.0,26032000000.0,104596000000.0,693300000.0,693300000.0,703400000.0
Alphabet Inc,GOOGL,,1652044,2017.0,Q2,2017-04-01,2017-06-30,2018-07-23 21:02:56+00:00,5.09,5.09,5.01,853000000.0,2897000000.0,3524000000.0,3524000000.0,,3524000000.0,10373000000.0,26010000000.0,,245000000.0,,2736000000.0,,4172000000.0,1700000000.0,10373000000.0,15637000000.0,,11505000000.0,4132000000.0,245000000.0,4377000000.0,26010000000.0,692300000.0,692300000.0,703400000.0
Alphabet Inc,GOOGL,,1652044,2017.0,Q2YTD,2017-01-01,2017-06-30,,12.94,12.94,12.74,2246000000.0,5541000000.0,8950000000.0,8950000000.0,,8950000000.0,20168000000.0,50760000000.0,,496000000.0,,2736000000.0,,8114000000.0,3501000000.0,20168000000.0,30592000000.0,,19892000000.0,10700000000.0,496000000.0,11196000000.0,50760000000.0,692300000.0,692300000.0,703400000.0
Alphabet Inc,GOOGL,,1652044,2017.0,Q2TTM,2016-07-01,2017-06-30,,28.03,28.03,27.57,4754000000.0,11224000000.0,19344000000.0,19344000000.0,,19344000000.0,39528000000.0,99275000000.0,,992000000.0,,2736000000.0,,15332000000.0,7349000000.0,39528000000.0,59747000000.0,,36641000000.0,23106000000.0,992000000.0,24098000000.0,99275000000.0,692300000.0,692300000.0,703400000.0
Alphabet Inc,GOOGL,,1652044,2017.0,Q1,2017-01-01,2017-03-31,2018-04-23 18:54:51+00:00,7.85,7.85,7.73,1393000000.0,2644000000.0,5426000000.0,5426000000.0,,5426000000.0,9795000000.0,24750000000.0,,251000000.0,,,,3942000000.0,1801000000.0,9795000000.0,14955000000.0,,8387000000.0,6568000000.0,251000000.0,6819000000.0,24750000000.0,691200000.0,691200000.0,701900000.0
Alphabet Inc,GOOGL,,1652044,2017.0,Q1TTM,2016-04-01,2017-03-31,,30.05,30.05,29.56,5143000000.0,10742000000.0,20697000000.0,20697000000.0,,20697000000.0,37285000000.0,94765000000.0,,898000000.0,,,,14523000000.0,7273000000.0,37285000000.0,57480000000.0,,32538000000.0,24942000000.0,898000000.0,25840000000.0,94765000000.0,691200000.0,691200000.0,701900000.0
Alphabet Inc,GOOGL,,1652044,2018.0,FY,2018-01-01,2018-12-31,2020-02-03 21:03:59+00:00,44.22,44.22,43.7,4177000000.0,16333000000.0,30736000000.0,30736000000.0,,30736000000.0,59549000000.0,136819000000.0,,7389000000.0,,5071000000.0,,21419000000.0,6923000000.0,59549000000.0,77270000000.0,,49746000000.0,27524000000.0,7389000000.0,34913000000.0,136819000000.0,695100000.0,695100000.0,703300000.0
Alphabet Inc,GOOGL,,1652044,2018.0,Q4,2018-10-01,2018-12-31,,12.88,12.88,12.77,1124000000.0,5100000000.0,8948000000.0,8948000000.0,,8948000000.0,17918000000.0,39276000000.0,,1851000000.0,,,,6034000000.0,2003000000.0,17918000000.0,21358000000.0,,13137000000.0,8221000000.0,1851000000.0,10072000000.0,39276000000.0,695100000.0,695100000.0,703300000.0
Alphabet Inc,GOOGL,,1652044,2018.0,Q3,2018-07-01,2018-09-30,2019-10-28 19:02:44+00:00,13.21,13.21,13.06,891000000.0,3849000000.0,9192000000.0,9192000000.0,,9192000000.0,14281000000.0,33740000000.0,,1458000000.0,,0.0,,5232000000.0,1753000000.0,14281000000.0,19459000000.0,,10834000000.0,8625000000.0,1458000000.0,10083000000.0,33740000000.0,695800000.0,695800000.0,703800000.0
Alphabet Inc,GOOGL,,1652044,2018.0,Q3YTD,2018-01-01,2018-09-30,,31.34,31.34,30.93,3053000000.0,11233000000.0,21788000000.0,21788000000.0,,21788000000.0,41631000000.0,97543000000.0,,5538000000.0,,5071000000.0,,15385000000.0,4920000000.0,41631000000.0,55912000000.0,,36609000000.0,19303000000.0,5538000000.0,24841000000.0,97543000000.0,695800000.0,695800000.0,703800000.0
Alphabet Inc,GOOGL,,1652044,2018.0,Q3TTM,2017-10-01,2018-09-30,,26.96,26.96,26.62,14091000000.0,15543000000.0,18768000000.0,18768000000.0,,18768000000.0,55898000000.0,129866000000.0,,5860000000.0,,5071000000.0,,19691000000.0,6664000000.0,55898000000.0,73968000000.0,,46969000000.0,26999000000.0,5860000000.0,32859000000.0,129866000000.0,695800000.0,695800000.0,703800000.0
Alphabet Inc,GOOGL,,1652044,2018.0,Q2,2018-04-01,2018-06-30,2019-07-25 18:11:13+00:00,4.6,4.6,4.54,1020000000.0,3780000000.0,3195000000.0,3195000000.0,,3195000000.0,13883000000.0,32657000000.0,,1170000000.0,,5071000000.0,,5114000000.0,1764000000.0,13883000000.0,18774000000.0,,15729000000.0,3045000000.0,1170000000.0,4215000000.0,32657000000.0,694600000.0,694600000.0,703700000.0
Alphabet Inc,GOOGL,,1652044,2018.0,Q2YTD,2018-01-01,2018-06-30,,18.13,18.13,17.87,2162000000.0,7384000000.0,12596000000.0,12596000000.0,,12596000000.0,27350000000.0,63803000000.0,,4080000000.0,,5071000000.0,,10153000000.0,3167000000.0,27350000000.0,36453000000.0,,25775000000.0,10678000000.0,4080000000.0,14758000000.0,63803000000.0,694600000.0,694600000.0,703700000.0
Alphabet Inc,GOOGL,,1652044,2018.0,Q2TTM,2017-07-01,2018-06-30,,23.46,23.46,23.13,14447000000.0,14736000000.0,16308000000.0,16308000000.0,,16308000000.0,52765000000.0,123898000000.0,,4599000000.0,,5071000000.0,,18664000000.0,6506000000.0,52765000000.0,71133000000.0,,44977000000.0,26156000000.0,4599000000.0,30755000000.0,123898000000.0,694600000.0,694600000.0,703700000.0
Alphabet Inc,GOOGL,,1652044,2018.0,Q1,2018-01-01,2018-03-31,2019-04-29 19:32:43+00:00,13.53,13.53,13.33,1142000000.0,3604000000.0,9401000000.0,9401000000.0,,9401000000.0,13467000000.0,31146000000.0,,2910000000.0,,0.0,,5039000000.0,1403000000.0,13467000000.0,17679000000.0,,10046000000.0,7633000000.0,2910000000.0,10543000000.0,31146000000.0,694800000.0,694800000.0,705300000.0
Alphabet Inc,GOOGL,,1652044,2018.0,Q1TTM,2017-04-01,2018-03-31,,23.95,23.95,23.6,14280000000.0,13853000000.0,16637000000.0,16637000000.0,,16637000000.0,49255000000.0,117251000000.0,,3674000000.0,,2736000000.0,,17722000000.0,6442000000.0,49255000000.0,67996000000.0,,40753000000.0,27243000000.0,3674000000.0,30917000000.0,117251000000.0,694800000.0,694800000.0,705300000.0
Alphabet Inc,GOOGL,,1652044,2019.0,Q4,2019-10-01,2019-12-31,,15.48,15.48,15.33,33000000.0,5738000000.0,10671000000.0,10671000000.0,,10671000000.0,21020000000.0,46075000000.0,,1438000000.0,,,,7222000000.0,2829000000.0,21020000000.0,25055000000.0,,15789000000.0,9266000000.0,1438000000.0,10704000000.0,46075000000.0,692500000.0,692500000.0,698600000.0
Alphabet Inc,GOOGL,,1652044,2019.0,FY,2019-01-01,2019-12-31,2020-02-03 21:03:59+00:00,49.59,49.59,49.16,5282000000.0,18464000000.0,34343000000.0,34343000000.0,,34343000000.0,71896000000.0,161857000000.0,,5394000000.0,,1697000000.0,,26018000000.0,9551000000.0,71896000000.0,89961000000.0,,55730000000.0,34231000000.0,5394000000.0,39625000000.0,161857000000.0,692500000.0,692500000.0,698600000.0
Alphabet Inc,GOOGL,,1652044,2019.0,Q3YTD,2019-01-01,2019-09-30,,34.11,34.11,33.83,5249000000.0,12726000000.0,23672000000.0,23672000000.0,,23672000000.0,50876000000.0,115782000000.0,,3956000000.0,,1697000000.0,,18796000000.0,6722000000.0,50876000000.0,64906000000.0,,39941000000.0,24965000000.0,3956000000.0,28921000000.0,115782000000.0,692900000.0,692900000.0,698400000.0
Alphabet Inc,GOOGL,,1652044,2019.0,Q3TTM,2018-10-01,2019-09-30,,46.99,46.99,46.6,6373000000.0,17826000000.0,32620000000.0,32620000000.0,,32620000000.0,68794000000.0,155058000000.0,,5807000000.0,,1697000000.0,,24830000000.0,8725000000.0,68794000000.0,86264000000.0,,53078000000.0,33186000000.0,5807000000.0,38993000000.0,155058000000.0,692900000.0,692900000.0,698400000.0
Alphabet Inc,GOOGL,,1652044,2019.0,Q3,2019-07-01,2019-09-30,2019-10-28 19:02:44+00:00,10.2,10.2,10.12,1560000000.0,4609000000.0,7068000000.0,7068000000.0,,7068000000.0,17568000000.0,40499000000.0,,-549000000.0,,0.0,,6554000000.0,2591000000.0,17568000000.0,22931000000.0,,13754000000.0,9177000000.0,-549000000.0,8628000000.0,40499000000.0,692900000.0,692900000.0,698400000.0
Alphabet Inc,GOOGL,,1652044,2019.0,Q2YTD,2019-01-01,2019-06-30,,23.91,23.91,23.71,3689000000.0,8117000000.0,16604000000.0,16604000000.0,,16604000000.0,33308000000.0,75283000000.0,,4505000000.0,,1697000000.0,,12242000000.0,4131000000.0,33308000000.0,41975000000.0,,26187000000.0,15788000000.0,4505000000.0,20293000000.0,75283000000.0,694100000.0,694100000.0,700000000.0
Alphabet Inc,GOOGL,,1652044,2019.0,Q2TTM,2018-07-01,2019-06-30,,50.0,50.0,49.54,5704000000.0,17066000000.0,34744000000.0,34744000000.0,,34744000000.0,65507000000.0,148299000000.0,,7814000000.0,,1697000000.0,,23508000000.0,7887000000.0,65507000000.0,82792000000.0,,50158000000.0,32634000000.0,7814000000.0,40448000000.0,148299000000.0,694100000.0,694100000.0,700000000.0
Alphabet Inc,GOOGL,,1652044,2019.0,Q2,2019-04-01,2019-06-30,2019-07-25 18:11:13+00:00,14.33,14.33,14.21,2200000000.0,4212000000.0,9947000000.0,9947000000.0,,9947000000.0,17296000000.0,38944000000.0,,2967000000.0,,0.0,,6213000000.0,2043000000.0,17296000000.0,21648000000.0,,12468000000.0,9180000000.0,2967000000.0,12147000000.0,38944000000.0,694100000.0,694100000.0,700000000.0
Alphabet Inc,GOOGL,,1652044,2019.0,Q1,2019-01-01,2019-03-31,2020-04-28 18:52:33+00:00,9.58,9.58,9.5,1489000000.0,3905000000.0,6657000000.0,6657000000.0,,6657000000.0,16012000000.0,36339000000.0,,1538000000.0,,1697000000.0,,6029000000.0,2088000000.0,16012000000.0,20327000000.0,,13719000000.0,6608000000.0,1538000000.0,8146000000.0,36339000000.0,694900000.0,694900000.0,700700000.0
Alphabet Inc,GOOGL,,1652044,2019.0,Q1TTM,2018-04-01,2019-03-31,,40.27,40.27,39.87,4524000000.0,16634000000.0,27992000000.0,27992000000.0,,27992000000.0,62094000000.0,142012000000.0,,6017000000.0,,6768000000.0,,22409000000.0,7608000000.0,62094000000.0,79918000000.0,,53419000000.0,26499000000.0,6017000000.0,32516000000.0,142012000000.0,694900000.0,694900000.0,700700000.0
Alphabet Inc,GOOGL,,1652044,2020.0,Q1TTM,2019-04-01,2020-03-31,,49.97,49.97,49.53,4714000000.0,19059000000.0,34522000000.0,34522000000.0,,34522000000.0,74866000000.0,166677000000.0,,3636000000.0,,,,26809000000.0,10343000000.0,74866000000.0,91811000000.0,,56211000000.0,35600000000.0,3636000000.0,39236000000.0,166677000000.0,686300000.0,686300000.0,692600000.0
Alphabet Inc,GOOGL,,1652044,2020.0,Q1,2020-01-01,2020-03-31,2020-04-28 18:52:33+00:00,9.96,9.96,9.87,921000000.0,4500000000.0,6836000000.0,6836000000.0,,6836000000.0,18982000000.0,41159000000.0,,-220000000.0,,0.0,,6820000000.0,2880000000.0,18982000000.0,22177000000.0,,14200000000.0,7977000000.0,-220000000.0,7757000000.0,41159000000.0,686300000.0,686300000.0,692600000.0
