company_name,company_ticker,company_lei,company_cik,year,quarter,start_date,end_date,filing_date,basicdilutedeps,basiceps,cashdividendspershare,dilutedeps,impairmentexpense,incometaxexpense,marketingexpense,netincome,netincomecontinuing,netincometocommon,operatingcostofrevenue,operatingrevenue,otherincome,otherspecialcharges,sgaexpense,totalcostofrevenue,totalgrossprofit,totalinterestexpense,totaloperatingexpenses,totaloperatingincome,totalotherincome,totalpretaxincome,totalrevenue,weightedavebasicdilutedsharesos,weightedavebasicsharesos,weightedavedilutedsharesos
CDW Corp,CDW,,1402057,2009.0,FY,2009-01-01,2009-12-31,2012-03-09 14:23:58+00:00,,,,,241800000.0,-87800000.0,101900000.0,-373400000.0,-373400000.0,-373400000.0,6029700000.0,7162600000.0,2400000.0,,821100000.0,6029700000.0,1132900000.0,431700000.0,1164800000.0,-31900000.0,-429300000.0,-461200000.0,7162600000.0,,,
CDW Corp,CDW,,1402057,2010.0,FY,2010-01-01,2010-12-31,2013-11-08 16:37:16+00:00,-0.2,-0.2,,-0.2,,-7800000.0,106000000.0,-29200000.0,-29200000.0,-29200000.0,7410400000.0,8801200000.0,200000.0,,932100000.0,7410400000.0,1390800000.0,389900000.0,1038100000.0,352700000.0,-389700000.0,-37000000.0,8801200000.0,146000000.0,144400000.0,144400000.0
CDW Corp,CDW,,1402057,2010.0,Q3,2010-07-01,2010-09-30,2011-11-14 15:53:42+00:00,,,,,,,28000000.0,-300000.0,-300000.0,-300000.0,2006000000.0,2374400000.0,200000.0,,235800000.0,2006000000.0,368400000.0,105100000.0,263800000.0,104600000.0,-104900000.0,-300000.0,2374400000.0,,,
CDW Corp,CDW,,1402057,2010.0,Q2,2010-04-01,2010-06-30,2011-09-14 14:34:47+00:00,,,,,,-3900000.0,24700000.0,-7000000.0,-7000000.0,-7000000.0,1863400000.0,2223300000.0,-100000.0,,239600000.0,1863400000.0,359900000.0,106400000.0,264300000.0,95600000.0,-106500000.0,-10900000.0,2223300000.0,,,
CDW Corp,CDW,,1402057,2011.0,Q4,2011-10-01,2011-12-31,,0.12,0.12,,0.12,,10900000.0,35800000.0,19000000.0,19000000.0,19000000.0,2067000000.0,2479300000.0,-300000.0,,265400000.0,2067000000.0,412300000.0,80900000.0,301200000.0,111100000.0,-81200000.0,29900000.0,2479300000.0,142500000.0,144800000.0,144900000.0
CDW Corp,CDW,,1402057,2011.0,FY,2011-01-01,2011-12-31,2014-03-05 08:33:33+00:00,0.12,0.12,0.0,0.12,,11200000.0,122700000.0,17100000.0,17100000.0,17100000.0,8018900000.0,9602400000.0,700000.0,,990100000.0,8018900000.0,1583500000.0,443100000.0,1112800000.0,470700000.0,-442400000.0,28300000.0,9602400000.0,142500000.0,144800000.0,144900000.0
CDW Corp,CDW,,1402057,2011.0,Q3YTD,2011-01-01,2011-09-30,,,,,,,300000.0,86900000.0,-1900000.0,-1900000.0,-1900000.0,5951900000.0,7123100000.0,1000000.0,,724700000.0,5951900000.0,1171200000.0,362200000.0,811600000.0,359600000.0,-361200000.0,-1600000.0,7123100000.0,,,
CDW Corp,CDW,,1402057,2011.0,Q3,2011-07-01,2011-09-30,2012-11-09 10:07:36+00:00,,,,,,17600000.0,28300000.0,37100000.0,37100000.0,37100000.0,2161400000.0,2581400000.0,500000.0,,252000000.0,2161400000.0,420000000.0,85500000.0,280300000.0,139700000.0,-85000000.0,54700000.0,2581400000.0,,,
CDW Corp,CDW,,1402057,2011.0,Q2YTD,2011-01-01,2011-06-30,,,,,,,-17300000.0,58600000.0,-39000000.0,-39000000.0,-39000000.0,3790500000.0,4541700000.0,500000.0,,472700000.0,3790500000.0,751200000.0,276700000.0,531300000.0,219900000.0,-276200000.0,-56300000.0,4541700000.0,,,
CDW Corp,CDW,,1402057,2011.0,Q2,2011-04-01,2011-06-30,2012-08-10 11:20:41+00:00,,,,,,-18400000.0,29200000.0,-34800000.0,-34800000.0,-34800000.0,2011300000.0,2412100000.0,0.0,,243400000.0,2011300000.0,400800000.0,181400000.0,272600000.0,128200000.0,-181400000.0,-53200000.0,2412100000.0,,,
CDW Corp,CDW,,1402057,2011.0,Q1,2011-01-01,2011-03-31,2012-05-15 10:27:35+00:00,,,,,,1100000.0,29400000.0,-4200000.0,-4200000.0,-4200000.0,1779200000.0,2129600000.0,500000.0,,229300000.0,1779200000.0,350400000.0,95300000.0,258700000.0,91700000.0,-94800000.0,-3100000.0,2129600000.0,,,
CDW Corp,CDW,,1402057,2012.0,Q4,2012-10-01,2012-12-31,,0.31,0.31,,0.31,,14800000.0,33100000.0,33300000.0,33300000.0,33300000.0,2175600000.0,2601000000.0,-100000.0,,261400000.0,2175600000.0,425400000.0,82700000.0,294500000.0,130900000.0,-82800000.0,48100000.0,2601000000.0,145100000.0,145100000.0,145800000.0
CDW Corp,CDW,,1402057,2012.0,FY,2012-01-01,2012-12-31,2015-02-26 07:01:35+00:00,0.82,0.82,0.0,0.82,,67100000.0,129500000.0,119000000.0,119000000.0,119000000.0,8458600000.0,10128200000.0,100000.0,,1029500000.0,8458600000.0,1669600000.0,324600000.0,1159000000.0,510600000.0,-324500000.0,186100000.0,10128200000.0,145100000.0,145100000.0,145800000.0
CDW Corp,CDW,,1402057,2012.0,Q3YTD,2012-01-01,2012-09-30,,0.51,0.51,,0.51,,52300000.0,96400000.0,85700000.0,85700000.0,85700000.0,6283000000.0,7527200000.0,200000.0,,768100000.0,6283000000.0,1244200000.0,241900000.0,864500000.0,379700000.0,-241700000.0,138000000.0,7527200000.0,146200000.0,145100000.0,145900000.0
CDW Corp,CDW,,1402057,2012.0,Q3TTM,2011-10-01,2012-09-30,,0.63,0.63,,0.63,,63200000.0,132200000.0,104700000.0,104700000.0,104700000.0,8350000000.0,10006500000.0,-100000.0,,1033500000.0,8350000000.0,1656500000.0,322800000.0,1165700000.0,490800000.0,-322900000.0,167900000.0,10006500000.0,146200000.0,145100000.0,145900000.0
CDW Corp,CDW,,1402057,2012.0,Q3,2012-07-01,2012-09-30,2013-11-07 10:27:00+00:00,0.26,0.26,,0.26,,25200000.0,36000000.0,38000000.0,38000000.0,38000000.0,2190600000.0,2623300000.0,200000.0,,257000000.0,2190600000.0,432700000.0,76700000.0,293000000.0,139700000.0,-76500000.0,63200000.0,2623300000.0,146200000.0,145100000.0,145900000.0
CDW Corp,CDW,,1402057,2012.0,Q2YTD,2012-01-01,2012-06-30,,0.25,0.25,,0.25,,27100000.0,60400000.0,47700000.0,47700000.0,47700000.0,4092400000.0,4903900000.0,,,511100000.0,4092400000.0,811500000.0,165200000.0,571500000.0,240000000.0,-165200000.0,74800000.0,4903900000.0,147200000.0,145100000.0,145800000.0
CDW Corp,CDW,,1402057,2012.0,Q2TTM,2011-07-01,2012-06-30,,0.37,0.37,,0.37,,55600000.0,124500000.0,103800000.0,103800000.0,103800000.0,8320800000.0,9964600000.0,200000.0,,1028500000.0,8320800000.0,1643800000.0,331600000.0,1153000000.0,490800000.0,-331400000.0,159400000.0,9964600000.0,147200000.0,145100000.0,145800000.0
CDW Corp,CDW,,1402057,2012.0,Q2,2012-04-01,2012-06-30,2013-08-12 16:10:17+00:00,0.25,0.25,,0.25,,22900000.0,31000000.0,36800000.0,36800000.0,36800000.0,2157800000.0,2584700000.0,200000.0,,259500000.0,2157800000.0,426900000.0,76900000.0,290500000.0,136400000.0,-76700000.0,59700000.0,2584700000.0,147200000.0,145100000.0,145800000.0
CDW Corp,CDW,,1402057,2012.0,Q1TTM,2011-04-01,2012-03-31,,0.12,0.12,,0.12,,14300000.0,122700000.0,32200000.0,32200000.0,32200000.0,8174300000.0,9792000000.0,,,1012400000.0,8174300000.0,1617700000.0,436100000.0,1135100000.0,482600000.0,-436100000.0,46500000.0,9792000000.0,,,
CDW Corp,CDW,,1402057,2012.0,Q1,2012-01-01,2012-03-31,2013-05-09 12:30:49+00:00,,,,,,4200000.0,29400000.0,10900000.0,10900000.0,10900000.0,1934600000.0,2319200000.0,-200000.0,,251600000.0,1934600000.0,384600000.0,88300000.0,281000000.0,103600000.0,-88500000.0,15100000.0,2319200000.0,,,
CDW Corp,CDW,,1402057,2013.0,FY,2013-01-01,2013-12-31,2016-02-24 17:48:36+00:00,0.85,0.85,0.0425,0.84,,62700000.0,130800000.0,132800000.0,132800000.0,132800000.0,9008300000.0,10768600000.0,1000000.0,0.0,1120900000.0,9008300000.0,1760300000.0,314100000.0,1251700000.0,508600000.0,-313100000.0,195500000.0,10768600000.0,156200000.0,156600000.0,158700000.0
CDW Corp,CDW,,1402057,2013.0,Q4,2013-10-01,2013-12-31,,0.35,0.35,0.04,0.34,,22600000.0,35700000.0,60000000.0,60000000.0,60000000.0,2265000000.0,2713300000.0,600000.0,,270600000.0,2265000000.0,448300000.0,60000000.0,306300000.0,142000000.0,-59400000.0,82600000.0,2713300000.0,156200000.0,156600000.0,158700000.0
CDW Corp,CDW,,1402057,2013.0,Q3YTD,2013-01-01,2013-09-30,,0.5,0.5,,0.5,,40100000.0,95100000.0,72800000.0,72800000.0,72800000.0,6743300000.0,8055300000.0,400000.0,,850300000.0,6743300000.0,1312000000.0,254100000.0,945400000.0,366600000.0,-253700000.0,112900000.0,8055300000.0,220000000.0,166800000.0,166800000.0
CDW Corp,CDW,,1402057,2013.0,Q3TTM,2012-10-01,2013-09-30,,0.81,0.81,,0.81,,54900000.0,128200000.0,106100000.0,106100000.0,106100000.0,8918900000.0,10656300000.0,300000.0,,1111700000.0,8918900000.0,1737400000.0,336800000.0,1239900000.0,497500000.0,-336500000.0,161000000.0,10656300000.0,220000000.0,166800000.0,166800000.0
CDW Corp,CDW,,1402057,2013.0,Q3,2013-07-01,2013-09-30,2014-11-12 08:30:27+00:00,-0.01,-0.01,0.0,-0.01,,-2600000.0,33100000.0,-2200000.0,-2200000.0,-2200000.0,2405900000.0,2864300000.0,-200000.0,,332400000.0,2405900000.0,458400000.0,97500000.0,365500000.0,92900000.0,-97700000.0,-4800000.0,2864300000.0,220000000.0,166800000.0,166800000.0
CDW Corp,CDW,,1402057,2013.0,Q2YTD,2013-01-01,2013-06-30,,0.51,0.51,,0.51,,42700000.0,62000000.0,75000000.0,75000000.0,75000000.0,4337400000.0,5191000000.0,600000.0,,517900000.0,4337400000.0,853600000.0,156600000.0,579900000.0,273700000.0,-156000000.0,117700000.0,5191000000.0,145900000.0,145300000.0,146700000.0
CDW Corp,CDW,,1402057,2013.0,Q2TTM,2012-07-01,2013-06-30,,1.08,1.08,,1.08,,82700000.0,131100000.0,146300000.0,146300000.0,146300000.0,8703600000.0,10415300000.0,700000.0,,1036300000.0,8703600000.0,1711700000.0,316000000.0,1167400000.0,544300000.0,-315300000.0,229000000.0,10415300000.0,145900000.0,145300000.0,146700000.0
CDW Corp,CDW,,1402057,2013.0,Q2,2013-04-01,2013-06-30,2014-08-13 08:13:39+00:00,0.32,0.32,0.0,0.32,,26500000.0,31600000.0,46700000.0,46700000.0,46700000.0,2327700000.0,2779300000.0,200000.0,,266400000.0,2327700000.0,451600000.0,80600000.0,298000000.0,153600000.0,-80400000.0,73200000.0,2779300000.0,145900000.0,145300000.0,146700000.0
CDW Corp,CDW,,1402057,2013.0,Q1TTM,2012-04-01,2013-03-31,,1.01,1.01,,1.01,,79100000.0,130500000.0,136400000.0,136400000.0,136400000.0,8533700000.0,10220700000.0,700000.0,,1029400000.0,8533700000.0,1687000000.0,312300000.0,1159900000.0,527100000.0,-311600000.0,215500000.0,10220700000.0,148900000.0,145200000.0,146100000.0
CDW Corp,CDW,,1402057,2013.0,Q1,2013-01-01,2013-03-31,2014-05-12 08:34:17+00:00,0.19,0.19,0.0,0.19,,16200000.0,30400000.0,28300000.0,28300000.0,28300000.0,2009700000.0,2411700000.0,400000.0,,251500000.0,2009700000.0,402000000.0,76000000.0,281900000.0,120100000.0,-75600000.0,44500000.0,2411700000.0,148900000.0,145200000.0,146100000.0
CDW Corp,CDW,,1402057,2014.0,FY,2014-01-01,2014-12-31,2017-02-28 17:54:47+00:00,1.44,1.44,0.195,1.42,,142800000.0,138000000.0,244900000.0,244900000.0,244900000.0,10153200000.0,12074500000.0,2700000.0,,1110300000.0,10153200000.0,1921300000.0,288000000.0,1248300000.0,673000000.0,-285300000.0,387700000.0,12074500000.0,170100000.0,170600000.0,172800000.0
CDW Corp,CDW,,1402057,2014.0,Q4,2014-10-01,2014-12-31,,0.3,0.3,0.07,0.3,,28400000.0,37500000.0,51800000.0,51800000.0,51800000.0,2558200000.0,3050100000.0,1400000.0,,290100000.0,2558200000.0,491900000.0,85500000.0,327600000.0,164300000.0,-84100000.0,80200000.0,3050100000.0,170100000.0,170600000.0,172800000.0
CDW Corp,CDW,,1402057,2014.0,Q3YTD,2014-01-01,2014-09-30,,1.14,1.14,0.13,1.12,,114400000.0,100500000.0,193100000.0,193100000.0,193100000.0,7595000000.0,9024400000.0,1300000.0,,820200000.0,7595000000.0,1429400000.0,202500000.0,920700000.0,508700000.0,-201200000.0,307500000.0,9024400000.0,168500000.0,170900000.0,173000000.0
CDW Corp,CDW,,1402057,2014.0,Q3TTM,2013-10-01,2014-09-30,,1.49,1.49,0.17,1.46,,137000000.0,136200000.0,253100000.0,253100000.0,253100000.0,9860000000.0,11737700000.0,1900000.0,,1090800000.0,9860000000.0,1877700000.0,262500000.0,1227000000.0,650700000.0,-260600000.0,390100000.0,11737700000.0,168500000.0,170900000.0,173000000.0
CDW Corp,CDW,,1402057,2014.0,Q3,2014-07-01,2014-09-30,2015-11-06 08:46:42+00:00,0.33,0.33,0.0425,0.32,,33900000.0,37200000.0,55600000.0,55600000.0,55600000.0,2758800000.0,3266100000.0,700000.0,0.0,285400000.0,2758800000.0,507300000.0,95900000.0,322600000.0,184700000.0,-95200000.0,89500000.0,3266100000.0,168500000.0,170900000.0,173000000.0
CDW Corp,CDW,,1402057,2014.0,Q2YTD,2014-01-01,2014-06-30,,0.81,0.81,0.09,0.8,,80500000.0,63300000.0,137500000.0,137500000.0,137500000.0,4836200000.0,5758300000.0,600000.0,,534800000.0,4836200000.0,922100000.0,106600000.0,598100000.0,324000000.0,-106000000.0,218000000.0,5758300000.0,169800000.0,170200000.0,172700000.0
CDW Corp,CDW,,1402057,2014.0,Q2TTM,2013-07-01,2014-06-30,,1.15,1.15,0.13,1.13,,100500000.0,132100000.0,195300000.0,195300000.0,195300000.0,9507100000.0,11335900000.0,1000000.0,,1137800000.0,9507100000.0,1828800000.0,264100000.0,1269900000.0,558900000.0,-263100000.0,295800000.0,11335900000.0,169800000.0,170200000.0,172700000.0
CDW Corp,CDW,,1402057,2014.0,Q2,2014-04-01,2014-06-30,2015-08-07 08:52:24+00:00,0.51,0.51,0.0425,0.5,,50600000.0,34800000.0,86600000.0,86600000.0,86600000.0,2609100000.0,3106000000.0,100000.0,,273900000.0,2609100000.0,496900000.0,51100000.0,308700000.0,188200000.0,-51000000.0,137200000.0,3106000000.0,169800000.0,170200000.0,172700000.0
CDW Corp,CDW,,1402057,2014.0,Q1TTM,2013-04-01,2014-03-31,,0.96,0.96,0.09,0.95,,76400000.0,128900000.0,155400000.0,155400000.0,155400000.0,9225700000.0,11009200000.0,1100000.0,,1130300000.0,9225700000.0,1783500000.0,293600000.0,1259200000.0,524300000.0,-292500000.0,231800000.0,11009200000.0,169700000.0,169600000.0,172300000.0
CDW Corp,CDW,,1402057,2014.0,Q1,2014-01-01,2014-03-31,2015-05-08 08:38:32+00:00,0.3,0.3,0.0425,0.3,,29900000.0,28500000.0,50900000.0,50900000.0,50900000.0,2227100000.0,2652300000.0,500000.0,,260900000.0,2227100000.0,425200000.0,55500000.0,289400000.0,135800000.0,-55000000.0,80800000.0,2652300000.0,169700000.0,169600000.0,172300000.0
CDW Corp,CDW,,1402057,2015.0,FY,2015-01-01,2015-12-31,2018-02-28 17:42:02+00:00,2.37,2.37,0.31,2.35,,243900000.0,147800000.0,403100000.0,403100000.0,403100000.0,10872900000.0,12988700000.0,88800000.0,,1226000000.0,10872900000.0,2115800000.0,183800000.0,1373800000.0,742000000.0,-95000000.0,647000000.0,12988700000.0,170100000.0,170300000.0,171800000.0
CDW Corp,CDW,,1402057,2015.0,Q4,2015-10-01,2015-12-31,,0.53,0.53,0.11,0.52,,52400000.0,39200000.0,89300000.0,89300000.0,89300000.0,2860800000.0,3418400000.0,200000.0,,338500000.0,2860800000.0,557600000.0,38400000.0,377700000.0,179900000.0,-38200000.0,141700000.0,3418400000.0,170100000.0,170300000.0,171800000.0
CDW Corp,CDW,,1402057,2015.0,Q3,2015-07-01,2015-09-30,2016-11-02 17:57:47+00:00,0.89,0.89,0.0675,0.88,,95300000.0,41200000.0,150900000.0,150900000.0,150900000.0,2933900000.0,3501100000.0,80100000.0,,321400000.0,2933900000.0,567200000.0,38500000.0,362600000.0,204600000.0,41600000.0,246200000.0,3501100000.0,169600000.0,169600000.0,171000000.0
CDW Corp,CDW,,1402057,2015.0,Q3YTD,2015-01-01,2015-09-30,,1.84,1.84,0.2,1.83,,191500000.0,108600000.0,313800000.0,313800000.0,313800000.0,8012100000.0,9570300000.0,88600000.0,,887500000.0,8012100000.0,1558200000.0,145400000.0,996100000.0,562100000.0,-56800000.0,505300000.0,9570300000.0,169600000.0,169600000.0,171000000.0
CDW Corp,CDW,,1402057,2015.0,Q3TTM,2014-10-01,2015-09-30,,2.14,2.14,0.27,2.13,,219900000.0,146100000.0,365600000.0,365600000.0,365600000.0,10570300000.0,12620400000.0,90000000.0,,1177600000.0,10570300000.0,2050100000.0,230900000.0,1323700000.0,726400000.0,-140900000.0,585500000.0,12620400000.0,169600000.0,169600000.0,171000000.0
CDW Corp,CDW,,1402057,2015.0,Q2,2015-04-01,2015-06-30,2016-08-03 18:00:51+00:00,0.63,0.63,0.0675,0.63,,63900000.0,38000000.0,108200000.0,108200000.0,108200000.0,2779500000.0,3314000000.0,4000000.0,,290600000.0,2779500000.0,534500000.0,37800000.0,328600000.0,205900000.0,-33800000.0,172100000.0,3314000000.0,171700000.0,171000000.0,172500000.0
CDW Corp,CDW,,1402057,2015.0,Q2YTD,2015-01-01,2015-06-30,,0.95,0.95,0.14,0.95,,96200000.0,67400000.0,162900000.0,162900000.0,162900000.0,5078200000.0,6069200000.0,8500000.0,,566100000.0,5078200000.0,991000000.0,106900000.0,633500000.0,357500000.0,-98400000.0,259100000.0,6069200000.0,171700000.0,171000000.0,172500000.0
CDW Corp,CDW,,1402057,2015.0,Q2TTM,2014-07-01,2015-06-30,,1.58,1.58,0.25,1.57,,158500000.0,142100000.0,270300000.0,270300000.0,270300000.0,10395200000.0,12385400000.0,10600000.0,,1141600000.0,10395200000.0,1990200000.0,288300000.0,1283700000.0,706500000.0,-277700000.0,428800000.0,12385400000.0,171700000.0,171000000.0,172500000.0
CDW Corp,CDW,,1402057,2015.0,Q1,2015-01-01,2015-03-31,2016-05-04 17:38:13+00:00,0.32,0.32,0.0675,0.32,,32300000.0,29400000.0,54700000.0,54700000.0,54700000.0,2298700000.0,2755200000.0,4500000.0,,275500000.0,2298700000.0,456500000.0,69100000.0,304900000.0,151600000.0,-64600000.0,87000000.0,2755200000.0,170900000.0,172100000.0,173500000.0
CDW Corp,CDW,,1402057,2015.0,Q1TTM,2014-04-01,2015-03-31,,1.46,1.46,0.22,1.44,,145200000.0,138900000.0,248700000.0,248700000.0,248700000.0,10224800000.0,12177400000.0,6700000.0,,1124900000.0,10224800000.0,1952600000.0,301600000.0,1263800000.0,688800000.0,-294900000.0,393900000.0,12177400000.0,170900000.0,172100000.0,173500000.0
CDW Corp,CDW,,1402057,2016.0,FY,2016-01-01,2016-12-31,2019-02-27 16:44:54+00:00,2.6,2.6,0.4825,2.56,,248100000.0,162900000.0,425100000.0,425100000.0,425100000.0,11344400000.0,13672700000.0,1800000.0,,1345400000.0,11344400000.0,2328300000.0,148600000.0,1508300000.0,820000000.0,-146800000.0,673200000.0,13672700000.0,163500000.0,163600000.0,166000000.0
CDW Corp,CDW,,1402057,2016.0,Q4,2016-10-01,2016-12-31,,0.64,0.64,0.16,0.64,,59700000.0,44500000.0,103900000.0,103900000.0,103900000.0,2604200000.0,3183200000.0,-500000.0,,336500000.0,2604200000.0,579000000.0,33900000.0,381000000.0,198000000.0,-34400000.0,163600000.0,3183200000.0,163500000.0,163600000.0,166000000.0
CDW Corp,CDW,,1402057,2016.0,Q3,2016-07-01,2016-09-30,2017-11-01 17:44:07+00:00,0.78,0.78,0.1075,0.76,,72300000.0,41900000.0,125900000.0,125900000.0,125900000.0,3093900000.0,3708200000.0,400000.0,,334900000.0,3093900000.0,614300000.0,39700000.0,376800000.0,237500000.0,-39300000.0,198200000.0,3708200000.0,161400000.0,162100000.0,164900000.0
CDW Corp,CDW,,1402057,2016.0,Q3YTD,2016-01-01,2016-09-30,,1.96,1.96,0.32,1.92,,188400000.0,118400000.0,321200000.0,321200000.0,321200000.0,8740200000.0,10489500000.0,2300000.0,,1008900000.0,8740200000.0,1749300000.0,114700000.0,1127300000.0,622000000.0,-112400000.0,509600000.0,10489500000.0,161400000.0,162100000.0,164900000.0
CDW Corp,CDW,,1402057,2016.0,Q3TTM,2015-10-01,2016-09-30,,2.49,2.49,0.43,2.44,,240800000.0,157600000.0,410500000.0,410500000.0,410500000.0,11601000000.0,13907900000.0,2500000.0,,1347400000.0,11601000000.0,2306900000.0,153100000.0,1505000000.0,801900000.0,-150600000.0,651300000.0,13907900000.0,161400000.0,162100000.0,164900000.0
CDW Corp,CDW,,1402057,2016.0,Q2,2016-04-01,2016-06-30,2017-08-03 17:50:14+00:00,0.71,0.71,0.1075,0.7,,70000000.0,42300000.0,117500000.0,117500000.0,117500000.0,3054100000.0,3664600000.0,900000.0,,344700000.0,3054100000.0,610500000.0,36900000.0,387000000.0,223500000.0,-36000000.0,187500000.0,3664600000.0,165500000.0,164900000.0,166700000.0
CDW Corp,CDW,,1402057,2016.0,Q2YTD,2016-01-01,2016-06-30,,1.18,1.18,0.22,1.16,,116100000.0,76500000.0,195300000.0,195300000.0,195300000.0,5646300000.0,6781300000.0,1900000.0,,674000000.0,5646300000.0,1135000000.0,75000000.0,750500000.0,384500000.0,-73100000.0,311400000.0,6781300000.0,165500000.0,164900000.0,166700000.0
CDW Corp,CDW,,1402057,2016.0,Q2TTM,2015-07-01,2016-06-30,,2.6,2.6,0.39,2.56,,263800000.0,156900000.0,435500000.0,435500000.0,435500000.0,11441000000.0,13700800000.0,82200000.0,,1333900000.0,11441000000.0,2259800000.0,151900000.0,1490800000.0,769000000.0,-69700000.0,699300000.0,13700800000.0,165500000.0,164900000.0,166700000.0
CDW Corp,CDW,,1402057,2016.0,Q1,2016-01-01,2016-03-31,2017-05-03 17:42:33+00:00,0.47,0.47,0.1075,0.46,,46100000.0,34200000.0,77800000.0,77800000.0,77800000.0,2592200000.0,3116700000.0,1000000.0,,329300000.0,2592200000.0,524500000.0,38100000.0,363500000.0,161000000.0,-37100000.0,123900000.0,3116700000.0,165500000.0,167300000.0,168900000.0
CDW Corp,CDW,,1402057,2016.0,Q1TTM,2015-04-01,2016-03-31,,2.52,2.52,0.35,2.49,,257700000.0,152600000.0,426200000.0,426200000.0,426200000.0,11166400000.0,13350200000.0,85300000.0,,1279800000.0,11166400000.0,2183800000.0,152800000.0,1432400000.0,751400000.0,-67500000.0,683900000.0,13350200000.0,165500000.0,167300000.0,168900000.0
CDW Corp,CDW,,1402057,2017.0,FY,2017-01-01,2017-12-31,2020-02-28 16:33:20+00:00,3.37,3.37,0.69,3.31,,137600000.0,173700000.0,523100000.0,523100000.0,523100000.0,12382700000.0,14832900000.0,-55300000.0,,1410000000.0,12382700000.0,2450200000.0,150500000.0,1583700000.0,866500000.0,-205800000.0,660700000.0,14832900000.0,155200000.0,155400000.0,158200000.0
CDW Corp,CDW,,1402057,2017.0,Q3,2017-07-01,2017-09-30,2018-10-31 16:13:42+00:00,0.84,0.84,0.16,0.83,,77600000.0,46300000.0,129300000.0,129300000.0,129300000.0,3291000000.0,3933200000.0,700000.0,,351900000.0,3291000000.0,642200000.0,37800000.0,398200000.0,244000000.0,-37100000.0,206900000.0,3933200000.0,153900000.0,153800000.0,156200000.0
CDW Corp,CDW,,1402057,2017.0,Q2,2017-04-01,2017-06-30,2018-08-02 17:41:02+00:00,0.9,0.9,0.16,0.89,,54400000.0,46500000.0,140900000.0,140900000.0,140900000.0,3250900000.0,3891700000.0,400000.0,,363500000.0,3250900000.0,640800000.0,35900000.0,410000000.0,230800000.0,-35500000.0,195300000.0,3891700000.0,156600000.0,156000000.0,159000000.0
CDW Corp,CDW,,1402057,2018.0,FY,2018-01-01,2018-12-31,2020-02-28 16:33:20+00:00,4.26,4.26,0.925,4.19,,197500000.0,182500000.0,643000000.0,643000000.0,643000000.0,13533600000.0,16240500000.0,1800000.0,,1537100000.0,13533600000.0,2706900000.0,148600000.0,1719600000.0,987300000.0,-146800000.0,840500000.0,16240500000.0,150900000.0,150900000.0,153600000.0
CDW Corp,CDW,,1402057,2018.0,Q4,2018-10-01,2018-12-31,,1.07,1.07,,1.05,,47300000.0,48600000.0,159300000.0,159300000.0,159300000.0,3381000000.0,4074800000.0,800000.0,,402300000.0,3381000000.0,693800000.0,37100000.0,450900000.0,242900000.0,-36300000.0,206600000.0,4074800000.0,150900000.0,150900000.0,153600000.0
CDW Corp,CDW,,1402057,2018.0,Q3,2018-07-01,2018-09-30,2019-10-31 16:05:24+00:00,1.22,1.22,,1.2,,54700000.0,48100000.0,183700000.0,183700000.0,183700000.0,3659600000.0,4373200000.0,200000.0,,390700000.0,3659600000.0,713600000.0,36600000.0,438800000.0,274800000.0,-36400000.0,238400000.0,4373200000.0,150600000.0,150900000.0,153700000.0
CDW Corp,CDW,,1402057,2018.0,Q3YTD,2018-01-01,2018-09-30,,3.19,3.19,,3.14,,150200000.0,133900000.0,483700000.0,483700000.0,483700000.0,10152600000.0,12165700000.0,1000000.0,,1134800000.0,10152600000.0,2013100000.0,111500000.0,1268700000.0,744400000.0,-110500000.0,633900000.0,12165700000.0,150600000.0,150900000.0,153700000.0
CDW Corp,CDW,,1402057,2018.0,Q2,2018-04-01,2018-06-30,2019-07-31 16:08:52+00:00,1.14,1.14,,1.12,,56800000.0,48700000.0,173000000.0,173000000.0,173000000.0,3490500000.0,4186100000.0,1500000.0,,381400000.0,3490500000.0,695600000.0,37200000.0,430100000.0,265500000.0,-35700000.0,229800000.0,4186100000.0,151800000.0,151600000.0,153900000.0
CDW Corp,CDW,,1402057,2018.0,Q2YTD,2018-01-01,2018-06-30,,1.97,1.97,,1.94,,95500000.0,85800000.0,300000000.0,300000000.0,300000000.0,6493000000.0,7792500000.0,800000.0,,744100000.0,6493000000.0,1299500000.0,74900000.0,829900000.0,469600000.0,-74100000.0,395500000.0,7792500000.0,151800000.0,151600000.0,153900000.0
CDW Corp,CDW,,1402057,2018.0,Q1,2018-01-01,2018-03-31,2019-05-01 16:03:46+00:00,0.83,0.83,0.21,0.82,,38700000.0,37100000.0,127000000.0,127000000.0,127000000.0,3002500000.0,3606400000.0,-700000.0,,362700000.0,3002500000.0,603900000.0,37700000.0,399800000.0,204100000.0,-38400000.0,165700000.0,3606400000.0,153000000.0,152200000.0,154800000.0
CDW Corp,CDW,,1402057,2019.0,Q4,2019-10-01,2019-12-31,,1.3,1.3,,1.27,,50400000.0,89100000.0,185600000.0,185600000.0,185600000.0,3759400000.0,4536900000.0,-9500000.0,,404600000.0,3759400000.0,777500000.0,38300000.0,493700000.0,283800000.0,-47800000.0,236000000.0,4536900000.0,145000000.0,145100000.0,147800000.0
CDW Corp,CDW,,1402057,2019.0,FY,2019-01-01,2019-12-31,2020-02-28 16:33:20+00:00,5.08,5.08,1.265,4.99,,212900000.0,193200000.0,736800000.0,736800000.0,736800000.0,14992500000.0,18032400000.0,-24500000.0,,1713100000.0,14992500000.0,3039900000.0,159400000.0,1906300000.0,1133600000.0,-183900000.0,949700000.0,18032400000.0,145000000.0,145100000.0,147800000.0
CDW Corp,CDW,,1402057,2019.0,Q3YTD,2019-01-01,2019-09-30,,3.78,3.78,,3.72,,162500000.0,104100000.0,551200000.0,551200000.0,551200000.0,11233100000.0,13495500000.0,-15000000.0,,1308500000.0,11233100000.0,2262400000.0,121100000.0,1412600000.0,849800000.0,-136100000.0,713700000.0,13495500000.0,145100000.0,144500000.0,147200000.0
CDW Corp,CDW,,1402057,2019.0,Q3TTM,2018-10-01,2019-09-30,,4.85,4.85,,4.77,,209800000.0,152700000.0,710500000.0,710500000.0,710500000.0,14614100000.0,17570300000.0,-14200000.0,,1710800000.0,14614100000.0,2956200000.0,158200000.0,1863500000.0,1092700000.0,-172400000.0,920300000.0,17570300000.0,145100000.0,144500000.0,147200000.0
CDW Corp,CDW,,1402057,2019.0,Q3,2019-07-01,2019-09-30,2019-10-31 16:05:24+00:00,1.39,1.39,,1.37,,59200000.0,51000000.0,201700000.0,201700000.0,201700000.0,4091200000.0,4907700000.0,-17400000.0,,444900000.0,4091200000.0,816500000.0,42300000.0,495900000.0,320600000.0,-59700000.0,260900000.0,4907700000.0,145100000.0,144500000.0,147200000.0
CDW Corp,CDW,,1402057,2019.0,Q2YTD,2019-01-01,2019-06-30,,2.39,2.39,,2.35,,103300000.0,53100000.0,349500000.0,349500000.0,349500000.0,7141900000.0,8587800000.0,2400000.0,,863600000.0,7141900000.0,1445900000.0,78800000.0,916700000.0,529200000.0,-76400000.0,452800000.0,8587800000.0,145600000.0,145700000.0,148300000.0
CDW Corp,CDW,,1402057,2019.0,Q2TTM,2018-07-01,2019-06-30,,4.68,4.68,,4.6,,205300000.0,149800000.0,692500000.0,692500000.0,692500000.0,14182500000.0,17035800000.0,3400000.0,,1656600000.0,14182500000.0,2853300000.0,152500000.0,1806400000.0,1046900000.0,-149100000.0,897800000.0,17035800000.0,145600000.0,145700000.0,148300000.0
CDW Corp,CDW,,1402057,2019.0,Q2,2019-04-01,2019-06-30,2019-07-31 16:08:52+00:00,1.35,1.35,,1.33,,64600000.0,53100000.0,196600000.0,196600000.0,196600000.0,3856100000.0,4629900000.0,1400000.0,,420400000.0,3856100000.0,773800000.0,40500000.0,473500000.0,300300000.0,-39100000.0,261200000.0,4629900000.0,145600000.0,145700000.0,148300000.0
CDW Corp,CDW,,1402057,2019.0,Q1,2019-01-01,2019-03-31,2020-05-06 16:05:02+00:00,1.04,1.04,0.295,1.02,,38700000.0,,152900000.0,152900000.0,152900000.0,3285800000.0,3957900000.0,1000000.0,,443200000.0,3285800000.0,672100000.0,38300000.0,443200000.0,228900000.0,-37300000.0,191600000.0,3957900000.0,147000000.0,147000000.0,149200000.0
CDW Corp,CDW,,1402057,2019.0,Q1TTM,2018-04-01,2019-03-31,,4.47,4.47,,4.39,,197500000.0,145400000.0,668900000.0,668900000.0,668900000.0,13816900000.0,16592000000.0,3500000.0,,1617600000.0,13816900000.0,2775100000.0,149200000.0,1763000000.0,1012100000.0,-145700000.0,866400000.0,16592000000.0,147000000.0,147000000.0,149200000.0
CDW Corp,CDW,,1402057,2020.0,Q1TTM,2019-04-01,2020-03-31,,5.22,5.22,,5.13,,218100000.0,193200000.0,751800000.0,751800000.0,751800000.0,15339400000.0,18463700000.0,-21600000.0,,1780600000.0,15339400000.0,3124300000.0,159000000.0,1973800000.0,1150500000.0,-180600000.0,969900000.0,18463700000.0,142300000.0,142700000.0,144900000.0
CDW Corp,CDW,,1402057,2020.0,Q1,2020-01-01,2020-03-31,2020-05-06 16:05:02+00:00,1.18,1.18,0.38,1.16,,43900000.0,,167900000.0,167900000.0,167900000.0,3632700000.0,4389200000.0,3900000.0,,510700000.0,3632700000.0,756500000.0,37900000.0,510700000.0,245800000.0,-34000000.0,211800000.0,4389200000.0,142300000.0,142700000.0,144900000.0
