company_name,company_ticker,company_lei,company_cik,year,quarter,start_date,end_date,filing_date,basicdilutedeps,basiceps,cashdividendspershare,depreciationexpense,dilutedeps,explorationexpense,impairmentexpense,incometaxexpense,marketingexpense,netincome,netincomecontinuing,netincomediscontinued,netincometocommon,netincometononcontrollinginterest,operatingcostofrevenue,operatingrevenue,otheradjustmentstonetincometocommon,otherincome,otheroperatingexpenses,otherspecialcharges,sgaexpense,totalcostofrevenue,totalgrossprofit,totalinterestexpense,totalinterestincome,totaloperatingexpenses,totaloperatingincome,totalotherincome,totalpretaxincome,totalrevenue,weightedavebasicdilutedsharesos,weightedavebasicsharesos,weightedavedilutedsharesos
Murphy Oil Corp,MUR,QBKYQD0ODE7DC7PDIN91,717423,2007.0,FY,2007-01-01,2007-12-31,2010-02-26 15:43:04+00:00,4.08,4.08,,450624000.0,4.01,202808000.0,40708000.0,449924000.0,,766529000.0,739080000.0,27449000.0,766529000.0,,16160476000.0,18297637000.0,,,16244000.0,365000.0,228316000.0,16160476000.0,2137161000.0,24784000.0,15692000.0,939065000.0,1198096000.0,-9092000.0,1189004000.0,18297637000.0,187900000.0,188027557.0,191140737.0
Murphy Oil Corp,MUR,QBKYQD0ODE7DC7PDIN91,717423,2008.0,FY,2008-01-01,2008-12-31,2011-02-28 13:17:45+00:00,9.18,9.18,0.875,667265000.0,9.06,344406000.0,0.0,1073616000.0,,1739986000.0,1744749000.0,-4763000.0,1739986000.0,,23307169000.0,27360625000.0,,,24484000.0,-133717000.0,228490000.0,23307169000.0,4053456000.0,42152000.0,-62011000.0,1130928000.0,2922528000.0,-104163000.0,2818365000.0,27360625000.0,189500000.0,189608846.0,192133672.0
Murphy Oil Corp,MUR,QBKYQD0ODE7DC7PDIN91,717423,2008.0,Q3,2008-07-01,2008-09-30,2009-11-06 12:17:24+00:00,3.08,3.08,,164551000.0,3.04,83440000.0,,334417000.0,,584422000.0,585017000.0,-595000.0,584422000.0,,6929102000.0,8184752000.0,,,5346000.0,-336000.0,56289000.0,6929102000.0,1255650000.0,9330000.0,-17596000.0,309290000.0,946360000.0,-26926000.0,919434000.0,8184752000.0,189700000.0,189787636.0,192243448.0
Murphy Oil Corp,MUR,QBKYQD0ODE7DC7PDIN91,717423,2008.0,Q2,2008-04-01,2008-06-30,2009-08-07 13:46:21+00:00,3.27,3.27,,155320000.0,3.22,60400000.0,,349961000.0,,619204000.0,618516000.0,688000.0,619204000.0,,7083963000.0,8249207000.0,,,5128000.0,-91860000.0,55374000.0,7083963000.0,1165244000.0,15556000.0,3151000.0,184362000.0,980882000.0,-12405000.0,968477000.0,8249207000.0,189400000.0,189564247.0,192263483.0
Murphy Oil Corp,MUR,QBKYQD0ODE7DC7PDIN91,717423,2009.0,Q3,2009-07-01,2009-09-30,2010-11-05 09:58:52+00:00,0.99,0.99,,245539000.0,0.98,37899000.0,,123902000.0,,188877000.0,188877000.0,0.0,188877000.0,,4514334000.0,5202198000.0,,,8018000.0,-151000.0,56712000.0,4514334000.0,687864000.0,8476000.0,-18592000.0,348017000.0,339847000.0,-27068000.0,312779000.0,5202198000.0,190800000.0,190811162.0,192641808.0
Murphy Oil Corp,MUR,QBKYQD0ODE7DC7PDIN91,717423,2009.0,Q3YTD,2009-01-01,2009-09-30,,2.72,2.72,,637737000.0,2.7,183950000.0,,319478000.0,,518751000.0,420961000.0,97790000.0,518751000.0,,11381159000.0,13114619000.0,,,55526000.0,-3736000.0,175146000.0,11381159000.0,1733460000.0,11198000.0,66800000.0,1048623000.0,684837000.0,55602000.0,740439000.0,13114619000.0,190800000.0,190811162.0,192641808.0
Murphy Oil Corp,MUR,QBKYQD0ODE7DC7PDIN91,717423,2009.0,Q2,2009-04-01,2009-06-30,2010-08-06 12:32:55+00:00,0.83,0.83,,197429000.0,0.83,34946000.0,,110293000.0,,158770000.0,160844000.0,-2074000.0,158770000.0,,3948420000.0,4495994000.0,,,41255000.0,-3570000.0,61602000.0,3948420000.0,547574000.0,1057000.0,56282000.0,331662000.0,215912000.0,55225000.0,271137000.0,4495994000.0,191300000.0,190746583.0,192380595.0
Murphy Oil Corp,MUR,QBKYQD0ODE7DC7PDIN91,717423,2009.0,Q2YTD,2009-01-01,2009-06-30,,1.73,1.73,,392198000.0,1.72,146051000.0,,195576000.0,,329874000.0,232084000.0,97790000.0,329874000.0,,6866825000.0,7912421000.0,,,47508000.0,-3585000.0,118434000.0,6866825000.0,1045596000.0,2722000.0,85392000.0,700606000.0,344990000.0,82670000.0,427660000.0,7912421000.0,191300000.0,190746583.0,192380595.0
Murphy Oil Corp,MUR,QBKYQD0ODE7DC7PDIN91,717423,2009.0,Q1,2009-01-01,2009-03-31,2010-05-07 11:25:00+00:00,0.9,0.9,,194769000.0,0.89,111105000.0,,85283000.0,,171104000.0,71240000.0,99864000.0,171104000.0,,2918405000.0,3416427000.0,,,6253000.0,-15000.0,56832000.0,2918405000.0,498022000.0,1665000.0,29110000.0,368944000.0,129078000.0,27445000.0,156523000.0,3416427000.0,190100000.0,190545771.0,192281803.0
Murphy Oil Corp,MUR,QBKYQD0ODE7DC7PDIN91,717423,2010.0,Q4,2010-10-01,2010-12-31,,0.9,0.9,1.05,238594000.0,0.9,94586000.0,,111352000.0,,174069000.0,130463000.0,43606000.0,174069000.0,,3416541000.0,4061001000.0,,-57570000.0,9248000.0,113000.0,58597000.0,3416541000.0,644460000.0,4344000.0,60407000.0,401138000.0,243322000.0,-1507000.0,241815000.0,4061001000.0,191800000.0,191830357.0,193157814.0
Murphy Oil Corp,MUR,QBKYQD0ODE7DC7PDIN91,717423,2010.0,FY,2010-01-01,2010-12-31,2013-02-28 12:04:37+00:00,4.16,4.16,1.05,1092107000.0,4.13,276089000.0,0.0,576572000.0,,798081000.0,749080000.0,49001000.0,798081000.0,,17002941000.0,20092836000.0,,-57570000.0,48162000.0,-884000.0,256471000.0,17002941000.0,3089895000.0,34728000.0,,1671945000.0,1417950000.0,-92298000.0,1325652000.0,20092836000.0,191800000.0,191830357.0,193157814.0
Murphy Oil Corp,MUR,QBKYQD0ODE7DC7PDIN91,717423,2010.0,Q3,2010-07-01,2010-09-30,2011-11-04 11:31:49+00:00,1.06,1.06,,272621000.0,1.05,62046000.0,,155277000.0,,202832000.0,197437000.0,5395000.0,202832000.0,,4428423000.0,5210807000.0,,,12595000.0,-208000.0,63892000.0,4428423000.0,782384000.0,8043000.0,-10681000.0,410946000.0,371438000.0,-18724000.0,352714000.0,5210807000.0,191400000.0,191943813.0,193437992.0
Murphy Oil Corp,MUR,QBKYQD0ODE7DC7PDIN91,717423,2010.0,Q3YTD,2010-01-01,2010-09-30,,3.26,3.26,,853513000.0,3.23,181503000.0,,465220000.0,,624012000.0,618617000.0,5395000.0,624012000.0,,13586400000.0,16031835000.0,,,38914000.0,-997000.0,197874000.0,13586400000.0,2445435000.0,30384000.0,-60407000.0,1270807000.0,1174628000.0,-90791000.0,1083837000.0,16031835000.0,191400000.0,191943813.0,193437992.0
Murphy Oil Corp,MUR,QBKYQD0ODE7DC7PDIN91,717423,2010.0,Q2,2010-04-01,2010-06-30,2011-08-05 11:33:47+00:00,1.42,1.42,,288212000.0,1.41,53093000.0,,172688000.0,,272289000.0,272289000.0,,272289000.0,,4713411000.0,5592353000.0,,,13190000.0,-113000.0,68851000.0,4713411000.0,878942000.0,10197000.0,-535000.0,423233000.0,455709000.0,-10732000.0,444977000.0,5592353000.0,191800000.0,191585996.0,193169099.0
Murphy Oil Corp,MUR,QBKYQD0ODE7DC7PDIN91,717423,2010.0,Q2YTD,2010-01-01,2010-06-30,,2.2,2.2,,580892000.0,2.18,119457000.0,,309943000.0,,421180000.0,421180000.0,,421180000.0,,9157977000.0,10821028000.0,,,26319000.0,-789000.0,133982000.0,9157977000.0,1663051000.0,22341000.0,-49726000.0,859861000.0,803190000.0,-72067000.0,731123000.0,10821028000.0,191800000.0,191585996.0,193169099.0
Murphy Oil Corp,MUR,QBKYQD0ODE7DC7PDIN91,717423,2010.0,Q1,2010-01-01,2010-03-31,2011-05-06 10:25:02+00:00,0.78,0.78,,292680000.0,0.77,66364000.0,,137255000.0,,148891000.0,148891000.0,,148891000.0,,4444566000.0,5228675000.0,,,13129000.0,-676000.0,65131000.0,4444566000.0,784109000.0,12144000.0,-49191000.0,436628000.0,347481000.0,-61335000.0,286146000.0,5228675000.0,190900000.0,191219265.0,192929735.0
Murphy Oil Corp,MUR,QBKYQD0ODE7DC7PDIN91,717423,2011.0,Q4,2011-10-01,2011-12-31,,-0.59,-0.59,1.1,145299000.0,-0.58,185029000.0,368600000.0,16767000.0,,-113928000.0,-388628000.0,274700000.0,-113928000.0,,-19332887000.0,-19008016000.0,,7252000.0,6064000.0,49000.0,-25539000.0,-19332887000.0,324871000.0,10599000.0,-13883000.0,679502000.0,-354631000.0,-17230000.0,-371861000.0,-19008016000.0,193500000.0,193409621.0,194512402.0
Murphy Oil Corp,MUR,QBKYQD0ODE7DC7PDIN91,717423,2011.0,FY,2011-01-01,2011-12-31,2014-02-28 16:40:37+00:00,4.51,4.51,1.1,964725000.0,4.49,489346000.0,368600000.0,628677000.0,,872702000.0,539198000.0,333504000.0,872702000.0,,1010121000.0,4222520000.0,,33019000.0,28496000.0,-23143000.0,208819000.0,1010121000.0,3212399000.0,40700000.0,,2036843000.0,1175556000.0,-7681000.0,1167875000.0,4222520000.0,193500000.0,193409621.0,194512402.0
Murphy Oil Corp,MUR,QBKYQD0ODE7DC7PDIN91,717423,2011.0,Q3,2011-07-01,2011-09-30,2012-11-06 12:03:52+00:00,2.1,2.1,,271270000.0,2.09,85505000.0,,179401000.0,,406114000.0,347310000.0,58804000.0,406114000.0,,6240384000.0,7194393000.0,,25767000.0,8638000.0,-60000.0,72858000.0,6240384000.0,954009000.0,14854000.0,,438211000.0,515798000.0,10913000.0,526711000.0,7194393000.0,193400000.0,193517785.0,194411116.0
Murphy Oil Corp,MUR,QBKYQD0ODE7DC7PDIN91,717423,2011.0,Q3YTD,2011-01-01,2011-09-30,,5.1,5.1,,819426000.0,5.07,304317000.0,,611910000.0,,986630000.0,927826000.0,58804000.0,986630000.0,,20343008000.0,23230536000.0,,25767000.0,22432000.0,-23192000.0,234358000.0,20343008000.0,2887528000.0,30101000.0,13883000.0,1357341000.0,1530187000.0,9549000.0,1539736000.0,23230536000.0,193400000.0,193517785.0,194411116.0
Murphy Oil Corp,MUR,QBKYQD0ODE7DC7PDIN91,717423,2011.0,Q3TTM,2010-10-01,2011-09-30,,6.0,6.0,1.05,1058020000.0,5.97,398903000.0,,723262000.0,,1160699000.0,1058289000.0,102410000.0,1160699000.0,,23759549000.0,27291537000.0,,-31803000.0,31680000.0,-23079000.0,292955000.0,23759549000.0,3531988000.0,34445000.0,74290000.0,1758479000.0,1773509000.0,8042000.0,1781551000.0,27291537000.0,193400000.0,193517785.0,194411116.0
Murphy Oil Corp,MUR,QBKYQD0ODE7DC7PDIN91,717423,2011.0,Q2,2011-04-01,2011-06-30,2012-08-06 16:05:47+00:00,1.61,1.61,,256785000.0,1.6,122538000.0,,225189000.0,,311613000.0,280016000.0,31597000.0,311613000.0,,6434247000.0,7384574000.0,,8272000.0,9657000.0,-23079000.0,77532000.0,6434247000.0,950327000.0,9961000.0,,443433000.0,506894000.0,-1689000.0,505205000.0,7384574000.0,193500000.0,193481601.0,194916194.0
Murphy Oil Corp,MUR,QBKYQD0ODE7DC7PDIN91,717423,2011.0,Q2YTD,2011-01-01,2011-06-30,,3.0,3.0,,520532000.0,2.98,218812000.0,,398180000.0,,580516000.0,518458000.0,62058000.0,580516000.0,,11855383000.0,13650583000.0,,13883000.0,13793000.0,-23132000.0,147193000.0,11855383000.0,1795200000.0,15247000.0,,877198000.0,918002000.0,-1364000.0,916638000.0,13650583000.0,193500000.0,193481601.0,194916194.0
Murphy Oil Corp,MUR,QBKYQD0ODE7DC7PDIN91,717423,2011.0,Q2TTM,2010-07-01,2011-06-30,,4.96,4.96,1.05,1031747000.0,4.93,375444000.0,,664809000.0,,957417000.0,846358000.0,111059000.0,957417000.0,,19700347000.0,22922391000.0,,-43687000.0,35636000.0,-23227000.0,269682000.0,19700347000.0,3222044000.0,27634000.0,49726000.0,1689282000.0,1532762000.0,-21595000.0,1511167000.0,22922391000.0,193500000.0,193481601.0,194916194.0
Murphy Oil Corp,MUR,QBKYQD0ODE7DC7PDIN91,717423,2011.0,Q1,2011-01-01,2011-03-31,2012-05-07 16:17:04+00:00,1.39,1.39,,263747000.0,1.38,96274000.0,,172991000.0,,268903000.0,238442000.0,30461000.0,268903000.0,,5421136000.0,6266009000.0,,5611000.0,4136000.0,-53000.0,69661000.0,5421136000.0,844873000.0,5286000.0,,433765000.0,411108000.0,325000.0,411433000.0,6266009000.0,193500000.0,193092509.0,194597368.0
Murphy Oil Corp,MUR,QBKYQD0ODE7DC7PDIN91,717423,2011.0,Q1TTM,2010-04-01,2011-03-31,,4.77,4.77,1.05,1063174000.0,4.74,305999000.0,,612308000.0,,918093000.0,838631000.0,79462000.0,918093000.0,,17979511000.0,21130170000.0,,-51959000.0,39169000.0,-261000.0,261001000.0,17979511000.0,3150659000.0,27870000.0,49191000.0,1669082000.0,1481577000.0,-30638000.0,1450939000.0,21130170000.0,193500000.0,193092509.0,194597368.0
Murphy Oil Corp,MUR,QBKYQD0ODE7DC7PDIN91,717423,2012.0,FY,2012-01-01,2012-12-31,2015-02-27 12:01:18+00:00,5.01,5.01,,1253095000.0,4.99,380924000.0,200000000.0,561516000.0,,970876000.0,806494000.0,164382000.0,970876000.0,,1079136000.0,4608563000.0,,10973000.0,38361000.0,-66000.0,285144000.0,1079136000.0,3529427000.0,14932000.0,,2157458000.0,1371969000.0,-3959000.0,1368010000.0,4608563000.0,193800000.0,193902335.0,194668737.0
Murphy Oil Corp,MUR,QBKYQD0ODE7DC7PDIN91,717423,2012.0,Q4,2012-10-01,2012-12-31,,0.82,0.82,,267530000.0,0.82,137386000.0,200000000.0,-4736000.0,,158687000.0,708000.0,157979000.0,158687000.0,,-17288014000.0,-16655389000.0,,5467000.0,9133000.0,28000.0,22029000.0,-17288014000.0,632625000.0,6014000.0,,636106000.0,-3481000.0,-547000.0,-4028000.0,-16655389000.0,193800000.0,193902335.0,194668737.0
Murphy Oil Corp,MUR,QBKYQD0ODE7DC7PDIN91,717423,2012.0,Q3,2012-07-01,2012-09-30,2013-11-06 17:04:57+00:00,1.17,1.17,,311255000.0,1.16,94063000.0,0.0,165551000.0,,226681000.0,211680000.0,15001000.0,226681000.0,,1786796000.0,2655356000.0,,-8508000.0,9760000.0,120000.0,66143000.0,1786796000.0,868560000.0,1480000.0,,481341000.0,387219000.0,-9988000.0,377231000.0,2655356000.0,193700000.0,194290277.0,195057952.0
Murphy Oil Corp,MUR,QBKYQD0ODE7DC7PDIN91,717423,2012.0,Q3YTD,2012-01-01,2012-09-30,,4.19,4.19,,985565000.0,4.17,243538000.0,,566252000.0,,812189000.0,805786000.0,6403000.0,812189000.0,,18367150000.0,21263952000.0,,5506000.0,29228000.0,-94000.0,263115000.0,18367150000.0,2896802000.0,8918000.0,,1521352000.0,1375450000.0,-3412000.0,1372038000.0,21263952000.0,193700000.0,194290277.0,195057952.0
Murphy Oil Corp,MUR,QBKYQD0ODE7DC7PDIN91,717423,2012.0,Q3TTM,2011-10-01,2012-09-30,,3.6,3.6,1.1,1126588000.0,3.59,428743000.0,368600000.0,597576000.0,,698261000.0,457854000.0,240407000.0,698261000.0,,-3132306000.0,133489000.0,,-1312000.0,34872000.0,44000.0,230689000.0,-3132306000.0,3265795000.0,19517000.0,,2189536000.0,1076259000.0,-20829000.0,1055430000.0,133489000.0,193700000.0,194290277.0,195057952.0
Murphy Oil Corp,MUR,QBKYQD0ODE7DC7PDIN91,717423,2012.0,Q2,2012-04-01,2012-06-30,2013-08-06 10:49:24+00:00,1.52,1.52,,309822000.0,1.52,96724000.0,0.0,196731000.0,,295437000.0,291306000.0,4131000.0,295437000.0,,6163680000.0,7146728000.0,,10842000.0,9601000.0,-35000.0,87619000.0,6163680000.0,983048000.0,2122000.0,,503731000.0,479317000.0,8720000.0,488037000.0,7146728000.0,194400000.0,194208795.0,194846202.0
Murphy Oil Corp,MUR,QBKYQD0ODE7DC7PDIN91,717423,2012.0,Q2YTD,2012-01-01,2012-06-30,,3.02,3.02,,642410000.0,3.01,149651000.0,,380929000.0,,585508000.0,572744000.0,12764000.0,585508000.0,,12166544000.0,14100589000.0,,13827000.0,19047000.0,-125000.0,175778000.0,12166544000.0,1934045000.0,7438000.0,,986761000.0,947284000.0,6389000.0,953673000.0,14100589000.0,194400000.0,194208795.0,194846202.0
Murphy Oil Corp,MUR,QBKYQD0ODE7DC7PDIN91,717423,2012.0,Q2TTM,2011-07-01,2012-06-30,,4.53,4.53,1.1,1086603000.0,4.52,420185000.0,368600000.0,611426000.0,,877694000.0,593484000.0,284210000.0,877694000.0,,1321282000.0,4672526000.0,,32963000.0,33750000.0,-136000.0,237404000.0,1321282000.0,3351244000.0,32891000.0,,2146406000.0,1204838000.0,72000.0,1204910000.0,4672526000.0,194400000.0,194208795.0,194846202.0
Murphy Oil Corp,MUR,QBKYQD0ODE7DC7PDIN91,717423,2012.0,Q1,2012-01-01,2012-03-31,2013-05-07 10:00:51+00:00,1.5,1.5,,332588000.0,1.49,52927000.0,,184198000.0,,290071000.0,281438000.0,8633000.0,290071000.0,,6002864000.0,6953861000.0,,2985000.0,9446000.0,-90000.0,88159000.0,6002864000.0,950997000.0,5316000.0,,483030000.0,467967000.0,-2331000.0,465636000.0,6953861000.0,193400000.0,193922260.0,194884733.0
Murphy Oil Corp,MUR,QBKYQD0ODE7DC7PDIN91,717423,2012.0,Q1TTM,2011-04-01,2012-03-31,,4.62,4.62,1.1,1019973000.0,4.6,445999000.0,368600000.0,621414000.0,,893870000.0,551733000.0,342137000.0,893870000.0,,580185000.0,3830378000.0,,36004000.0,33806000.0,-23180000.0,221511000.0,580185000.0,3250193000.0,40730000.0,-5611000.0,2066709000.0,1183484000.0,-10337000.0,1173147000.0,3830378000.0,193400000.0,193922260.0,194884733.0
Murphy Oil Corp,MUR,QBKYQD0ODE7DC7PDIN91,717423,2013.0,FY,2013-01-01,2013-12-31,2015-02-27 12:01:18+00:00,5.98,5.98,,1553394000.0,5.94,502215000.0,21587000.0,584550000.0,,1123473000.0,888137000.0,235336000.0,1123473000.0,,1252812000.0,5312599000.0,,77490000.0,48996000.0,,466498000.0,1252812000.0,4059787000.0,71900000.0,,2592690000.0,1467097000.0,5590000.0,1472687000.0,5312599000.0,187900000.0,187921062.0,189271398.0
Murphy Oil Corp,MUR,QBKYQD0ODE7DC7PDIN91,717423,2013.0,Q4,2013-10-01,2013-12-31,,0.44,0.44,,383589000.0,0.43,157105000.0,,-3751000.0,,75421000.0,155200000.0,-79779000.0,75421000.0,,-4856234000.0,-4017379000.0,,16034000.0,12331000.0,2000.0,127792000.0,-4856234000.0,838855000.0,22621000.0,,680819000.0,158036000.0,-6587000.0,151449000.0,-4017379000.0,187900000.0,187921062.0,189271398.0
Murphy Oil Corp,MUR,QBKYQD0ODE7DC7PDIN91,717423,2013.0,Q3YTD,2013-01-01,2013-09-30,,5.54,5.54,,1169805000.0,5.51,345110000.0,21587000.0,588301000.0,,1048052000.0,732937000.0,315115000.0,1048052000.0,,6109046000.0,9329978000.0,,61456000.0,36665000.0,-2000.0,338706000.0,6109046000.0,3220932000.0,49279000.0,,1911871000.0,1309061000.0,12177000.0,1321238000.0,9329978000.0,187400000.0,186938328.0,188337511.0
Murphy Oil Corp,MUR,QBKYQD0ODE7DC7PDIN91,717423,2013.0,Q3TTM,2012-10-01,2013-09-30,,6.36,6.36,,1437335000.0,6.33,482496000.0,221587000.0,583565000.0,,1206739000.0,733645000.0,473094000.0,1206739000.0,,-11178968000.0,-7325411000.0,,66923000.0,45798000.0,26000.0,360735000.0,-11178968000.0,3853557000.0,55293000.0,,2547977000.0,1305580000.0,11630000.0,1317210000.0,-7325411000.0,187400000.0,186938328.0,188337511.0
Murphy Oil Corp,MUR,QBKYQD0ODE7DC7PDIN91,717423,2013.0,Q3,2013-07-01,2013-09-30,2014-11-05 13:28:16+00:00,1.52,1.52,,394667000.0,1.51,147845000.0,,198593000.0,,284809000.0,265078000.0,19731000.0,284809000.0,,258524000.0,1366434000.0,,53100000.0,12539000.0,38000.0,121726000.0,258524000.0,1107910000.0,20524000.0,,676815000.0,431095000.0,32576000.0,463671000.0,1366434000.0,187400000.0,186938328.0,188337511.0
Murphy Oil Corp,MUR,QBKYQD0ODE7DC7PDIN91,717423,2013.0,Q2YTD,2013-01-01,2013-06-30,,4.02,4.02,,775138000.0,4.0,197265000.0,21587000.0,389708000.0,,763243000.0,467859000.0,295384000.0,763243000.0,,5850522000.0,7963544000.0,,8356000.0,24126000.0,-40000.0,216980000.0,5850522000.0,2113022000.0,28755000.0,,1235056000.0,877966000.0,-20399000.0,857567000.0,7963544000.0,189000000.0,189002146.0,189944793.0
Murphy Oil Corp,MUR,QBKYQD0ODE7DC7PDIN91,717423,2013.0,Q2TTM,2012-07-01,2013-06-30,,6.01,6.01,,1372921000.0,5.98,428714000.0,221587000.0,562700000.0,,1148611000.0,697478000.0,451133000.0,1148611000.0,,-5243164000.0,-1561216000.0,,5502000.0,43264000.0,19000.0,324518000.0,-5243164000.0,3681948000.0,36249000.0,,2391023000.0,1290925000.0,-30747000.0,1260178000.0,-1561216000.0,189000000.0,189002146.0,189944793.0
Murphy Oil Corp,MUR,QBKYQD0ODE7DC7PDIN91,717423,2013.0,Q2,2013-04-01,2013-06-30,2014-08-05 11:16:18+00:00,2.13,2.13,,381384000.0,2.12,88772000.0,21587000.0,194265000.0,,402644000.0,259889000.0,142755000.0,402644000.0,,251775000.0,1315600000.0,,16386000.0,11961000.0,,107238000.0,251775000.0,1063825000.0,15115000.0,,610942000.0,452883000.0,1271000.0,454154000.0,1315600000.0,189000000.0,189002146.0,189944793.0
Murphy Oil Corp,MUR,QBKYQD0ODE7DC7PDIN91,717423,2013.0,Q1,2013-01-01,2013-03-31,2014-05-07 12:31:15+00:00,1.89,1.89,,363142000.0,1.88,108493000.0,,177331000.0,,360599000.0,182683000.0,177916000.0,360599000.0,,337223000.0,1298928000.0,,-7990000.0,11896000.0,,96530000.0,337223000.0,961705000.0,13640000.0,,580061000.0,381644000.0,-21630000.0,360014000.0,1298928000.0,190800000.0,190810201.0,191765395.0
Murphy Oil Corp,MUR,QBKYQD0ODE7DC7PDIN91,717423,2013.0,Q1TTM,2012-04-01,2013-03-31,,5.4,5.4,,1283649000.0,5.38,436490000.0,200000000.0,554649000.0,,1041404000.0,707739000.0,333665000.0,1041404000.0,,-4586505000.0,-1046370000.0,,-2000.0,40811000.0,24000.0,293515000.0,-4586505000.0,3540135000.0,23256000.0,,2254489000.0,1285646000.0,-23258000.0,1262388000.0,-1046370000.0,190800000.0,190810201.0,191765395.0
Murphy Oil Corp,MUR,QBKYQD0ODE7DC7PDIN91,717423,2014.0,FY,2014-01-01,2014-12-31,2017-02-24 16:13:41+00:00,5.06,5.06,1.325,1906247000.0,5.03,513600000.0,51314000.0,227297000.0,,905611000.0,1024973000.0,-119362000.0,905611000.0,,1089888000.0,5476084000.0,,,75727000.0,,471219000.0,1089888000.0,4386196000.0,115819000.0,,3018107000.0,1368089000.0,-115819000.0,1252270000.0,5476084000.0,179000000.0,178852942.0,180070984.0
Murphy Oil Corp,MUR,QBKYQD0ODE7DC7PDIN91,717423,2014.0,Q4,2014-10-01,2014-12-31,,2.1,2.1,1.33,551854000.0,2.09,122889000.0,51314000.0,-224958000.0,,375239000.0,441962000.0,-66723000.0,375239000.0,,276250000.0,1407626000.0,,,38251000.0,,116626000.0,276250000.0,1131376000.0,33438000.0,,880934000.0,250442000.0,-33438000.0,217004000.0,1407626000.0,179000000.0,178852942.0,180070984.0
Murphy Oil Corp,MUR,QBKYQD0ODE7DC7PDIN91,717423,2014.0,Q3,2014-07-01,2014-09-30,2015-11-05 16:31:06+00:00,1.38,1.38,,499151000.0,1.37,117433000.0,,125435000.0,,245707000.0,271057000.0,-25350000.0,245707000.0,,265518000.0,1433037000.0,,,13262000.0,,111534000.0,265518000.0,1167519000.0,29647000.0,,741380000.0,426139000.0,-29647000.0,396492000.0,1433037000.0,178000000.0,177535503.0,178856078.0
Murphy Oil Corp,MUR,QBKYQD0ODE7DC7PDIN91,717423,2014.0,Q3YTD,2014-01-01,2014-09-30,,2.96,2.96,,1354393000.0,2.94,390711000.0,,452255000.0,,530372000.0,583011000.0,-52639000.0,530372000.0,,813638000.0,4068458000.0,,,37476000.0,,354593000.0,813638000.0,3254820000.0,82381000.0,,2137173000.0,1117647000.0,-82381000.0,1035266000.0,4068458000.0,178000000.0,177535503.0,178856078.0
Murphy Oil Corp,MUR,QBKYQD0ODE7DC7PDIN91,717423,2014.0,Q3TTM,2013-10-01,2014-09-30,,3.4,3.4,,1737982000.0,3.37,547816000.0,,448504000.0,,605793000.0,738211000.0,-132418000.0,605793000.0,,-4042596000.0,51079000.0,,16034000.0,49807000.0,2000.0,482385000.0,-4042596000.0,4093675000.0,105002000.0,,2817992000.0,1275683000.0,-88968000.0,1186715000.0,51079000.0,178000000.0,177535503.0,178856078.0
Murphy Oil Corp,MUR,QBKYQD0ODE7DC7PDIN91,717423,2014.0,Q2YTD,2014-01-01,2014-06-30,,1.58,1.58,,855242000.0,1.57,273278000.0,,326820000.0,,284665000.0,311954000.0,-27289000.0,284665000.0,,548120000.0,2635421000.0,,,24214000.0,,243059000.0,548120000.0,2087301000.0,52734000.0,,1395793000.0,691508000.0,-52734000.0,638774000.0,2635421000.0,179700000.0,178500440.0,180045020.0
Murphy Oil Corp,MUR,QBKYQD0ODE7DC7PDIN91,717423,2014.0,Q2TTM,2013-07-01,2014-06-30,,3.54,3.54,,1633498000.0,3.51,578228000.0,,521662000.0,,644895000.0,732232000.0,-87337000.0,644895000.0,,-4049590000.0,-15524000.0,,69134000.0,49084000.0,40000.0,492577000.0,-4049590000.0,4034066000.0,95879000.0,,2753427000.0,1280639000.0,-26745000.0,1253894000.0,-15524000.0,179700000.0,178500440.0,180045020.0
Murphy Oil Corp,MUR,QBKYQD0ODE7DC7PDIN91,717423,2014.0,Q2,2014-04-01,2014-06-30,2015-08-05 11:09:35+00:00,0.72,0.72,,458993000.0,0.72,134812000.0,,161925000.0,,129412000.0,142668000.0,-13256000.0,129412000.0,,285865000.0,1349021000.0,,,12149000.0,,123893000.0,285865000.0,1063156000.0,28716000.0,,729847000.0,333309000.0,-28716000.0,304593000.0,1349021000.0,179700000.0,178500440.0,180045020.0
Murphy Oil Corp,MUR,QBKYQD0ODE7DC7PDIN91,717423,2014.0,Q1TTM,2013-04-01,2014-03-31,,4.95,4.95,,1555889000.0,4.91,532188000.0,21587000.0,554002000.0,,918127000.0,849453000.0,68674000.0,918127000.0,,-4083680000.0,-48945000.0,,85520000.0,48896000.0,40000.0,475922000.0,-4083680000.0,4034735000.0,82278000.0,,2634522000.0,1400213000.0,3242000.0,1403455000.0,-48945000.0,180500000.0,181367565.0,182576570.0
Murphy Oil Corp,MUR,QBKYQD0ODE7DC7PDIN91,717423,2014.0,Q1,2014-01-01,2014-03-31,2015-05-07 12:50:20+00:00,0.86,0.86,,396249000.0,0.85,138466000.0,,164895000.0,,155253000.0,169286000.0,-14033000.0,155253000.0,,262255000.0,1286400000.0,,,12065000.0,,119166000.0,262255000.0,1024145000.0,24018000.0,,665946000.0,358199000.0,-24018000.0,334181000.0,1286400000.0,180500000.0,181367565.0,182576570.0
Murphy Oil Corp,MUR,QBKYQD0ODE7DC7PDIN91,717423,2015.0,FY,2015-01-01,2015-12-31,2018-02-23 19:38:48+00:00,-13.03,-13.03,1.4,1619824000.0,-13.03,470924000.0,2493156000.0,-1026490000.0,65794000.0,-2270833000.0,-2255772000.0,-15061000.0,-2270833000.0,,832306000.0,2941271000.0,,91809000.0,48665000.0,,667298000.0,832306000.0,2108965000.0,117375000.0,,5365661000.0,-3256696000.0,-25566000.0,-3282262000.0,2941271000.0,174300000.0,174351227.0,174351227.0
Murphy Oil Corp,MUR,QBKYQD0ODE7DC7PDIN91,717423,2015.0,Q4,2015-10-01,2015-12-31,,-3.27,-3.27,1.4,301701000.0,-3.27,219082000.0,192182000.0,-63192000.0,65794000.0,-587132000.0,-583234000.0,-3898000.0,-587132000.0,,188570000.0,566285000.0,,91809000.0,-68576000.0,,375265000.0,188570000.0,377715000.0,30502000.0,,1085448000.0,-707733000.0,61307000.0,-646426000.0,566285000.0,174300000.0,174351227.0,174351227.0
Murphy Oil Corp,MUR,QBKYQD0ODE7DC7PDIN91,717423,2015.0,Q3,2015-07-01,2015-09-30,2016-11-02 16:43:42+00:00,-9.26,-9.26,,433706000.0,-9.26,58149000.0,2300974000.0,-820935000.0,,-1595426000.0,-1587082000.0,-8344000.0,-1595426000.0,,183826000.0,714949000.0,,,30110000.0,,86056000.0,183826000.0,531123000.0,30145000.0,,2908995000.0,-2377872000.0,-30145000.0,-2408017000.0,714949000.0,172300000.0,172205433.0,172205433.0
Murphy Oil Corp,MUR,QBKYQD0ODE7DC7PDIN91,717423,2015.0,Q3YTD,2015-01-01,2015-09-30,,-9.76,-9.76,,1318123000.0,-9.76,251842000.0,2300974000.0,-963298000.0,,-1683701000.0,-1672538000.0,-11163000.0,-1683701000.0,,643736000.0,2374986000.0,,,117241000.0,,292033000.0,643736000.0,1731250000.0,86873000.0,,4280213000.0,-2548963000.0,-86873000.0,-2635836000.0,2374986000.0,172300000.0,172205433.0,172205433.0
Murphy Oil Corp,MUR,QBKYQD0ODE7DC7PDIN91,717423,2015.0,Q3TTM,2014-10-01,2015-09-30,,-7.66,-7.66,,1869977000.0,-7.67,374731000.0,2352288000.0,-1188256000.0,,-1308462000.0,-1230576000.0,-77886000.0,-1308462000.0,,919986000.0,3595461000.0,,48248000.0,130543000.0,-138903000.0,433608000.0,919986000.0,2675475000.0,120311000.0,,5022244000.0,-2346769000.0,-72063000.0,-2418832000.0,3595461000.0,172300000.0,172205433.0,172205433.0
Murphy Oil Corp,MUR,QBKYQD0ODE7DC7PDIN91,717423,2015.0,Q2,2015-04-01,2015-06-30,2016-08-04 17:03:49+00:00,-0.42,-0.42,,403390000.0,-0.42,64959000.0,,-21105000.0,,-73834000.0,-88986000.0,15152000.0,-73834000.0,,227489000.0,738290000.0,,,25681000.0,,98219000.0,227489000.0,510801000.0,28643000.0,,592249000.0,-81448000.0,-28643000.0,-110091000.0,738290000.0,175800000.0,174488842.0,174488842.0
Murphy Oil Corp,MUR,QBKYQD0ODE7DC7PDIN91,717423,2015.0,Q2YTD,2015-01-01,2015-06-30,,-0.5,-0.5,,884417000.0,-0.5,193693000.0,,-142363000.0,,-88275000.0,-85456000.0,-2819000.0,-88275000.0,,459910000.0,1660037000.0,,,87131000.0,,205977000.0,459910000.0,1200127000.0,56728000.0,,1371218000.0,-171091000.0,-56728000.0,-227819000.0,1660037000.0,175800000.0,174488842.0,174488842.0
Murphy Oil Corp,MUR,QBKYQD0ODE7DC7PDIN91,717423,2015.0,Q2TTM,2014-07-01,2015-06-30,,2.98,2.98,,1935422000.0,2.96,434015000.0,51314000.0,-241886000.0,,532671000.0,627563000.0,-94892000.0,532671000.0,,1001678000.0,4313549000.0,,48248000.0,113695000.0,-138903000.0,459086000.0,1001678000.0,3311871000.0,119813000.0,,2854629000.0,457242000.0,-71565000.0,385677000.0,4313549000.0,175800000.0,174488842.0,174488842.0
Murphy Oil Corp,MUR,QBKYQD0ODE7DC7PDIN91,717423,2015.0,Q1,2015-01-01,2015-03-31,2016-05-05 17:58:27+00:00,-0.08,-0.08,,481027000.0,-0.08,128734000.0,,-121258000.0,,-14441000.0,3530000.0,-17971000.0,-14441000.0,,232421000.0,921747000.0,,,61450000.0,,107758000.0,232421000.0,689326000.0,28085000.0,,778969000.0,-89643000.0,-28085000.0,-117728000.0,921747000.0,180500000.0,177734159.0,178241616.0
Murphy Oil Corp,MUR,QBKYQD0ODE7DC7PDIN91,717423,2015.0,Q1TTM,2014-04-01,2015-03-31,,4.12,4.12,,1991025000.0,4.1,503868000.0,51314000.0,-58856000.0,,735917000.0,859217000.0,-123300000.0,735917000.0,,1060054000.0,4924280000.0,,48248000.0,100163000.0,-138903000.0,484760000.0,1060054000.0,3864226000.0,119886000.0,,2992227000.0,871999000.0,-71638000.0,800361000.0,4924280000.0,180500000.0,177734159.0,178241616.0
Murphy Oil Corp,MUR,QBKYQD0ODE7DC7PDIN91,717423,2016.0,FY,2016-01-01,2016-12-31,2019-02-27 19:02:03+00:00,-1.6,-1.6,1.2,1054081000.0,-1.6,101861000.0,95088000.0,-219172000.0,43826000.0,-275970000.0,-273943000.0,-2027000.0,-275970000.0,0.0,559360000.0,1811238000.0,,43958000.0,85842000.0,,260083000.0,559360000.0,1251878000.0,148170000.0,,1640781000.0,-388903000.0,-104212000.0,-493115000.0,1811238000.0,172500000.0,172173012.0,172173012.0
Murphy Oil Corp,MUR,QBKYQD0ODE7DC7PDIN91,717423,2016.0,Q4,2016-10-01,2016-12-31,,-0.37,-0.37,0.6,256793000.0,-0.37,17951000.0,,-17275000.0,43826000.0,-63922000.0,-62780000.0,-1142000.0,-63922000.0,,124064000.0,457935000.0,,28971000.0,51774000.0,,28272000.0,124064000.0,333871000.0,44281000.0,,398616000.0,-64745000.0,-15310000.0,-80055000.0,457935000.0,172500000.0,172173012.0,172173012.0
Murphy Oil Corp,MUR,QBKYQD0ODE7DC7PDIN91,717423,2016.0,Q3,2016-07-01,2016-09-30,2017-11-01 17:52:20+00:00,-0.09,-0.09,0.25,255900000.0,-0.09,19866000.0,,-2176000.0,,-16176000.0,-14583000.0,-1593000.0,-16176000.0,,119663000.0,485546000.0,,14987000.0,17529000.0,,65115000.0,119663000.0,365883000.0,39219000.0,,358410000.0,7473000.0,-24232000.0,-16759000.0,485546000.0,179700000.0,172199350.0,172199350.0
Murphy Oil Corp,MUR,QBKYQD0ODE7DC7PDIN91,717423,2016.0,Q3YTD,2016-01-01,2016-09-30,,-1.23,-1.23,0.6,797288000.0,-1.23,83910000.0,95088000.0,-201897000.0,,-212048000.0,-211163000.0,-885000.0,-212048000.0,,435296000.0,1353303000.0,,14987000.0,34068000.0,,231811000.0,435296000.0,918007000.0,103889000.0,,1242165000.0,-324158000.0,-88902000.0,-413060000.0,1353303000.0,179700000.0,172199350.0,172199350.0
Murphy Oil Corp,MUR,QBKYQD0ODE7DC7PDIN91,717423,2016.0,Q3TTM,2015-10-01,2016-09-30,,-4.5,-4.5,2.0,1098989000.0,-4.5,302992000.0,287270000.0,-265089000.0,65794000.0,-799180000.0,-794397000.0,-4783000.0,-799180000.0,,623866000.0,1919588000.0,,106796000.0,-34508000.0,,607076000.0,623866000.0,1295722000.0,134391000.0,,2327613000.0,-1031891000.0,-27595000.0,-1059486000.0,1919588000.0,179700000.0,172199350.0,172199350.0
Murphy Oil Corp,MUR,QBKYQD0ODE7DC7PDIN91,717423,2016.0,Q2,2016-04-01,2016-06-30,2017-08-02 17:05:25+00:00,0.02,0.02,0.35,255239000.0,0.02,37128000.0,,-134172000.0,,2930000.0,2905000.0,25000.0,2930000.0,,156530000.0,437462000.0,,,4830000.0,,80552000.0,156530000.0,280932000.0,34450000.0,,377749000.0,-96817000.0,-34450000.0,-131267000.0,437462000.0,146500000.0,172196914.0,172799827.0
Murphy Oil Corp,MUR,QBKYQD0ODE7DC7PDIN91,717423,2016.0,Q2YTD,2016-01-01,2016-06-30,,-1.14,-1.14,0.35,541388000.0,-1.14,64044000.0,95088000.0,-199721000.0,,-195872000.0,-196580000.0,708000.0,-195872000.0,,315633000.0,867757000.0,,,16539000.0,,166696000.0,315633000.0,552124000.0,64670000.0,,883755000.0,-331631000.0,-64670000.0,-396301000.0,867757000.0,146500000.0,172196914.0,172799827.0
Murphy Oil Corp,MUR,QBKYQD0ODE7DC7PDIN91,717423,2016.0,Q2TTM,2015-07-01,2016-06-30,,-13.67,-13.67,1.75,1276795000.0,-13.67,341275000.0,2588244000.0,-1083848000.0,65794000.0,-2378430000.0,-2366896000.0,-11534000.0,-2378430000.0,,688029000.0,2148991000.0,,91809000.0,-21927000.0,,628017000.0,688029000.0,1460962000.0,125317000.0,,4878198000.0,-3417236000.0,-33508000.0,-3450744000.0,2148991000.0,146500000.0,172196914.0,172799827.0
Murphy Oil Corp,MUR,QBKYQD0ODE7DC7PDIN91,717423,2016.0,Q1,2016-01-01,2016-03-31,2017-05-04 16:17:32+00:00,-1.16,-1.16,,286149000.0,-1.16,26916000.0,95088000.0,-65549000.0,,-198802000.0,-199485000.0,683000.0,-198802000.0,,159103000.0,430295000.0,,,11709000.0,,86144000.0,159103000.0,271192000.0,30220000.0,,506006000.0,-234814000.0,-30220000.0,-265034000.0,430295000.0,171400000.0,172114012.0,172114012.0
Murphy Oil Corp,MUR,QBKYQD0ODE7DC7PDIN91,717423,2016.0,Q1TTM,2015-04-01,2016-03-31,,-14.11,-14.11,1.4,1424946000.0,-14.11,369106000.0,2588244000.0,-970781000.0,65794000.0,-2455194000.0,-2458787000.0,3593000.0,-2455194000.0,,758988000.0,2449819000.0,,91809000.0,-1076000.0,,645684000.0,758988000.0,1690831000.0,119510000.0,,5092698000.0,-3401867000.0,-27701000.0,-3429568000.0,2449819000.0,171400000.0,172114012.0,172114012.0
Murphy Oil Corp,MUR,QBKYQD0ODE7DC7PDIN91,717423,2018.0,Q4,2018-10-01,2018-12-31,,0.6,0.6,0.25,204617000.0,0.61,32462000.0,20000000.0,-34920000.0,11973000.0,111771000.0,47611000.0,64160000.0,148904000.0,8392000.0,123240000.0,568895000.0,-45519000.0,-18416000.0,85033000.0,,40118000.0,123240000.0,445655000.0,47284000.0,26903000.0,394203000.0,51452000.0,-38797000.0,12655000.0,568895000.0,172700000.0,172974000.0,174209000.0
Murphy Oil Corp,MUR,QBKYQD0ODE7DC7PDIN91,717423,2018.0,Q3,2018-07-01,2018-09-30,2019-10-31 06:46:06+00:00,0.54,0.54,0.25,197503000.0,0.54,21723000.0,,17837000.0,15066000.0,93943000.0,56131000.0,37812000.0,93943000.0,0.0,100696000.0,473235000.0,,-4583000.0,-45196000.0,,60683000.0,100696000.0,372539000.0,44209000.0,,249779000.0,122760000.0,-48792000.0,73968000.0,473235000.0,174000000.0,173047246.0,174175267.0
Murphy Oil Corp,MUR,QBKYQD0ODE7DC7PDIN91,717423,2018.0,Q3YTD,2018-01-01,2018-09-30,,1.78,1.78,0.75,570997000.0,1.75,69350000.0,,-91180000.0,40099000.0,307715000.0,121527000.0,186188000.0,262196000.0,,270765000.0,1237605000.0,45519000.0,-713000.0,-42815000.0,,165074000.0,270765000.0,966840000.0,133075000.0,,802705000.0,164135000.0,-133788000.0,30347000.0,1237605000.0,174000000.0,173047246.0,174175267.0
Murphy Oil Corp,MUR,QBKYQD0ODE7DC7PDIN91,717423,2018.0,Q2,2018-04-01,2018-06-30,2019-08-08 07:30:49+00:00,0.27,0.27,0.25,190751000.0,0.25,18889000.0,,2622000.0,12876000.0,45519000.0,-25185000.0,70704000.0,0.0,0.0,81236000.0,389580000.0,45519000.0,-717000.0,7054000.0,,56295000.0,81236000.0,308344000.0,44325000.0,,285865000.0,22479000.0,-45042000.0,-22563000.0,389580000.0,0.0,173042626.0,173982620.0
Murphy Oil Corp,MUR,QBKYQD0ODE7DC7PDIN91,717423,2018.0,Q2YTD,2018-01-01,2018-06-30,,1.24,1.24,0.5,373494000.0,1.21,47627000.0,,-109017000.0,25033000.0,213772000.0,65396000.0,148376000.0,168253000.0,,170069000.0,764370000.0,45519000.0,3870000.0,2381000.0,,104391000.0,170069000.0,594301000.0,88866000.0,,552926000.0,41375000.0,-84996000.0,-43621000.0,764370000.0,0.0,173042626.0,173982620.0
Murphy Oil Corp,MUR,QBKYQD0ODE7DC7PDIN91,717423,2018.0,Q1,2018-01-01,2018-03-31,2019-05-02 08:04:21+00:00,0.97,0.97,0.25,182743000.0,0.96,28738000.0,,-111639000.0,12157000.0,168253000.0,90581000.0,77672000.0,168253000.0,0.0,88833000.0,374790000.0,,4587000.0,-4673000.0,,48096000.0,88833000.0,285957000.0,44541000.0,,267061000.0,18896000.0,-39954000.0,-21058000.0,374790000.0,173500000.0,172805065.0,174619524.0
Murphy Oil Corp,MUR,QBKYQD0ODE7DC7PDIN91,717423,2019.0,Q3,2019-07-01,2019-09-30,2019-10-31 06:46:06+00:00,6.79,6.79,0.25,325562000.0,6.76,12358000.0,,18782000.0,13803000.0,1111702000.0,158334000.0,953368000.0,1089002000.0,22700000.0,201937000.0,813584000.0,,-4418000.0,-21906000.0,,55366000.0,201937000.0,611647000.0,44930000.0,,385183000.0,226464000.0,-49348000.0,177116000.0,813584000.0,160400000.0,160365705.0,160980038.0
Murphy Oil Corp,MUR,QBKYQD0ODE7DC7PDIN91,717423,2019.0,Q3YTD,2019-01-01,2019-09-30,,7.57,7.57,0.75,819270000.0,7.53,75570000.0,,38719000.0,36972000.0,1307713000.0,280081000.0,1027632000.0,1160154000.0,24317000.0,401875000.0,2151987000.0,123242000.0,-18134000.0,160013000.0,,176258000.0,401875000.0,1750112000.0,145095000.0,,1268083000.0,482029000.0,-163229000.0,318800000.0,2151987000.0,160400000.0,160365705.0,160980038.0
Murphy Oil Corp,MUR,QBKYQD0ODE7DC7PDIN91,717423,2019.0,Q2YTD,2019-01-01,2019-06-30,,0.78,0.78,0.5,493708000.0,0.77,63212000.0,,19937000.0,23169000.0,196011000.0,121747000.0,74264000.0,71152000.0,1617000.0,199938000.0,1338403000.0,123242000.0,-13716000.0,181919000.0,,120892000.0,199938000.0,1138465000.0,100165000.0,,882900000.0,255565000.0,-113881000.0,141684000.0,1338403000.0,56300000.0,168537896.0,169272463.0
Murphy Oil Corp,MUR,QBKYQD0ODE7DC7PDIN91,717423,2019.0,Q1,2019-01-01,2019-03-31,2020-05-07 10:00:52+00:00,0.23,0.23,0.25,229406000.0,0.23,32538000.0,0.0,10822000.0,10097000.0,72769000.0,22923000.0,49846000.0,40182000.0,32587000.0,171238000.0,629354000.0,,-4748000.0,38153000.0,,63360000.0,171238000.0,458116000.0,46069000.0,,373554000.0,84562000.0,-50817000.0,33745000.0,629354000.0,174700000.0,173341000.0,174491000.0
Murphy Oil Corp,MUR,QBKYQD0ODE7DC7PDIN91,717423,2019.0,Q1TTM,2018-04-01,2019-03-31,,1.64,1.64,1.0,822277000.0,1.63,105612000.0,20000000.0,-3639000.0,50012000.0,324002000.0,101480000.0,222522000.0,283029000.0,40979000.0,476410000.0,2061064000.0,,-28464000.0,85044000.0,,220456000.0,476410000.0,1584654000.0,181887000.0,26903000.0,1303401000.0,281253000.0,-183448000.0,97805000.0,2061064000.0,174700000.0,173341000.0,174491000.0
Murphy Oil Corp,MUR,QBKYQD0ODE7DC7PDIN91,717423,2020.0,Q1,2020-01-01,2020-03-31,2020-05-07 10:00:52+00:00,-2.71,-2.71,0.25,306102000.0,-2.71,20126000.0,967530000.0,-91533000.0,9422000.0,-508702000.0,-503840000.0,-4862000.0,-416104000.0,-92598000.0,253515000.0,1001230000.0,,241000.0,-37720000.0,,36772000.0,253515000.0,747715000.0,41097000.0,,1302232000.0,-554517000.0,-40856000.0,-595373000.0,1001230000.0,153500000.0,153313000.0,153313000.0
