company_name,company_ticker,company_lei,company_cik,year,quarter,start_date,end_date,filing_date,basicdilutedeps,basiceps,cashdividendspershare,dilutedeps,impairmentexpense,incometaxexpense,netincome,netincomecontinuing,netincometocommon,operatingcostofrevenue,operatingrevenue,otherincome,otheroperatingexpenses,preferreddividends,restructuringcharge,sgaexpense,totalcostofrevenue,totalgrossprofit,totalinterestexpense,totalinterestincome,totaloperatingexpenses,totaloperatingincome,totalotherincome,totalpretaxincome,totalrevenue,weightedavebasicdilutedsharesos,weightedavebasicsharesos,weightedavedilutedsharesos
Signet Jewelers Ltd,SIG,,832988,2009.0,FY,2008-02-03,2009-01-31,2011-03-30 08:23:13+00:00,-4.72,-4.72,,-4.72,516900000.0,61800000.0,-402600000.0,-402600000.0,-402600000.0,2262200000.0,3328000000.0,,-108700000.0,,,969200000.0,2262200000.0,1065800000.0,32800000.0,3600000.0,1377400000.0,-311600000.0,-29200000.0,-340800000.0,3328000000.0,85300000.0,85300000.0,85300000.0
Signet Jewelers Ltd,SIG,,832988,2010.0,FY,2009-02-01,2010-01-30,2012-03-22 08:38:10+00:00,1.84,1.84,,1.83,,73400000.0,157100000.0,157100000.0,157100000.0,2208000000.0,3273600000.0,,-115400000.0,,,916500000.0,2208000000.0,1065600000.0,34000000.0,,801100000.0,264500000.0,-34000000.0,230500000.0,3273600000.0,85300000.0,85300000.0,85300000.0
Signet Jewelers Ltd,SIG,,832988,2010.0,Q3,2009-08-02,2009-10-31,2010-11-30 07:20:53+00:00,-0.1,-0.1,,-0.1,,-4600000.0,-8700000.0,-8700000.0,-8700000.0,448400000.0,611400000.0,,-28400000.0,,,197300000.0,448400000.0,163000000.0,7400000.0,,168900000.0,-5900000.0,-7400000.0,-13300000.0,611400000.0,87000000.0,87000000.0,87000000.0
Signet Jewelers Ltd,SIG,,832988,2010.0,Q2,2009-05-03,2009-08-01,2010-08-27 07:08:15+00:00,0.32,0.32,,0.32,,10900000.0,27600000.0,27600000.0,27600000.0,489300000.0,710800000.0,,-28900000.0,,,203800000.0,489300000.0,221500000.0,8200000.0,100000.0,174900000.0,46600000.0,-8100000.0,38500000.0,710800000.0,86300000.0,86300000.0,86300000.0
Signet Jewelers Ltd,SIG,,832988,2011.0,Q4,2010-10-31,2011-01-29,,1.21,1.23,,1.22,,54200000.0,105400000.0,105400000.0,105400000.0,752000000.0,1270500000.0,,-28700000.0,,,336700000.0,752000000.0,518500000.0,50900000.0,,308000000.0,210500000.0,-50900000.0,159600000.0,1270500000.0,85600000.0,85700000.0,86400000.0
Signet Jewelers Ltd,SIG,,832988,2011.0,FY,2010-01-31,2011-01-29,2013-03-28 07:45:19+00:00,2.34,2.34,,2.32,,100000000.0,200400000.0,200400000.0,200400000.0,2194500000.0,3437400000.0,,-110000000.0,,,980400000.0,2194500000.0,1242900000.0,72100000.0,,870400000.0,372500000.0,-72100000.0,300400000.0,3437400000.0,85600000.0,85700000.0,86400000.0
Signet Jewelers Ltd,SIG,,832988,2011.0,Q3YTD,2010-01-31,2010-10-30,,1.11,1.11,,1.11,,45800000.0,95000000.0,95000000.0,95000000.0,1442500000.0,2166900000.0,,-81300000.0,,,643700000.0,1442500000.0,724400000.0,21200000.0,,562400000.0,162000000.0,-21200000.0,140800000.0,2166900000.0,85700000.0,85700000.0,85700000.0
Signet Jewelers Ltd,SIG,,832988,2011.0,Q3,2010-08-01,2010-10-30,2011-11-22 08:16:50+00:00,0.07,0.07,,0.07,,6000000.0,6000000.0,6000000.0,6000000.0,448200000.0,641800000.0,,-26400000.0,,,201500000.0,448200000.0,193600000.0,6500000.0,,175100000.0,18500000.0,-6500000.0,12000000.0,641800000.0,85700000.0,85700000.0,85700000.0
Signet Jewelers Ltd,SIG,,832988,2011.0,Q2YTD,2010-01-31,2010-07-31,,1.04,1.04,,1.04,,39800000.0,89000000.0,89000000.0,89000000.0,994300000.0,1525100000.0,,-54900000.0,,,442200000.0,994300000.0,530800000.0,14700000.0,,387300000.0,143500000.0,-14700000.0,128800000.0,1525100000.0,85600000.0,85600000.0,85600000.0
Signet Jewelers Ltd,SIG,,832988,2011.0,Q2,2010-05-02,2010-07-31,2011-08-25 08:31:59+00:00,0.47,0.45,,0.45,,16000000.0,38700000.0,38700000.0,38700000.0,482500000.0,719700000.0,,-27200000.0,,,203700000.0,482500000.0,237200000.0,6000000.0,,176500000.0,60700000.0,-6000000.0,54700000.0,719700000.0,85600000.0,85600000.0,85600000.0
Signet Jewelers Ltd,SIG,,832988,2011.0,Q1,2010-01-31,2010-05-01,2011-05-26 08:30:48+00:00,0.59,0.59,,0.58,,23800000.0,50300000.0,50300000.0,50300000.0,511800000.0,805400000.0,,-27700000.0,,,238500000.0,511800000.0,293600000.0,8700000.0,,210800000.0,82800000.0,-8700000.0,74100000.0,805400000.0,85300000.0,85300000.0,86700000.0
Signet Jewelers Ltd,SIG,,832988,2012.0,Q4,2011-10-30,2012-01-28,,1.82,1.82,0.1,1.8,,85800000.0,156600000.0,156600000.0,156600000.0,790600000.0,1353800000.0,,-29500000.0,,,348800000.0,790600000.0,563200000.0,1500000.0,,319300000.0,243900000.0,-1500000.0,242400000.0,1353800000.0,86300000.0,86200000.0,87000000.0
Signet Jewelers Ltd,SIG,,832988,2012.0,FY,2011-01-30,2012-01-28,2013-03-28 07:45:19+00:00,3.76,3.76,0.2,3.73,,177700000.0,324400000.0,324400000.0,324400000.0,2311600000.0,3749200000.0,,-126500000.0,,,1056700000.0,2311600000.0,1437600000.0,5300000.0,,930200000.0,507400000.0,-5300000.0,502100000.0,3749200000.0,86300000.0,86200000.0,87000000.0
Signet Jewelers Ltd,SIG,,832988,2012.0,Q3YTD,2011-01-30,2011-10-29,,1.94,1.94,0.1,1.93,,91900000.0,167800000.0,167800000.0,167800000.0,1521000000.0,2395400000.0,,-97000000.0,,,707900000.0,1521000000.0,874400000.0,3800000.0,,610900000.0,263500000.0,-3800000.0,259700000.0,2395400000.0,87000000.0,86300000.0,87100000.0
Signet Jewelers Ltd,SIG,,832988,2012.0,Q3TTM,2010-10-31,2011-10-29,,3.15,3.17,0.1,3.15,,146100000.0,273200000.0,273200000.0,273200000.0,2273000000.0,3665900000.0,,-125700000.0,,,1044600000.0,2273000000.0,1392900000.0,54700000.0,,918900000.0,474000000.0,-54700000.0,419300000.0,3665900000.0,87000000.0,86300000.0,87100000.0
Signet Jewelers Ltd,SIG,,832988,2012.0,Q3,2011-07-31,2011-10-29,2012-11-20 07:42:59+00:00,0.3,0.3,0.1,0.3,,16000000.0,26100000.0,26100000.0,26100000.0,480600000.0,710500000.0,,-32200000.0,,,219600000.0,480600000.0,229900000.0,400000.0,,187400000.0,42500000.0,-400000.0,42100000.0,710500000.0,87000000.0,86300000.0,87100000.0
Signet Jewelers Ltd,SIG,,832988,2012.0,Q2YTD,2011-01-30,2011-07-30,,1.64,1.64,,1.63,,75900000.0,141700000.0,141700000.0,141700000.0,1040400000.0,1684900000.0,,-64800000.0,,,488300000.0,1040400000.0,644500000.0,3400000.0,,423500000.0,221000000.0,-3400000.0,217600000.0,1684900000.0,86100000.0,86300000.0,87100000.0
Signet Jewelers Ltd,SIG,,832988,2012.0,Q2TTM,2010-08-01,2011-07-30,,2.93,2.93,,2.93,,136100000.0,253100000.0,253100000.0,253100000.0,2240600000.0,3597200000.0,,-119900000.0,,,1026500000.0,2240600000.0,1356600000.0,60800000.0,,906600000.0,450000000.0,-60800000.0,389200000.0,3597200000.0,86100000.0,86300000.0,87100000.0
Signet Jewelers Ltd,SIG,,832988,2012.0,Q2,2011-05-01,2011-07-30,2012-08-23 07:48:55+00:00,0.77,0.77,,0.76,,33500000.0,66300000.0,66300000.0,66300000.0,502800000.0,797600000.0,,-32000000.0,,,224500000.0,502800000.0,294800000.0,2500000.0,,192500000.0,102300000.0,-2500000.0,99800000.0,797600000.0,86100000.0,86300000.0,87100000.0
Signet Jewelers Ltd,SIG,,832988,2012.0,Q1TTM,2010-05-02,2011-04-30,,2.62,2.62,,2.62,,118600000.0,225500000.0,225500000.0,225500000.0,2220300000.0,3519300000.0,,-115100000.0,,,1005700000.0,2220300000.0,1299000000.0,64300000.0,,890600000.0,408400000.0,-64300000.0,344100000.0,3519300000.0,86700000.0,86100000.0,86900000.0
Signet Jewelers Ltd,SIG,,832988,2012.0,Q1,2011-01-30,2011-04-30,2012-05-24 07:33:52+00:00,0.87,0.87,,0.87,,42400000.0,75400000.0,75400000.0,75400000.0,537600000.0,887300000.0,,-32800000.0,,,263800000.0,537600000.0,349700000.0,900000.0,,231000000.0,118700000.0,-900000.0,117800000.0,887300000.0,86700000.0,86100000.0,86900000.0
Signet Jewelers Ltd,SIG,,832988,2013.0,Q4,2012-10-28,2013-02-02,,2.12,2.12,0.12,2.11,,94800000.0,171800000.0,171800000.0,171800000.0,876200000.0,1513300000.0,,-41500000.0,,,410900000.0,876200000.0,637100000.0,1100000.0,,369400000.0,267700000.0,-1100000.0,266600000.0,1513300000.0,82400000.0,82300000.0,82800000.0
Signet Jewelers Ltd,SIG,,832988,2013.0,FY,2012-01-29,2013-02-02,2013-03-28 07:45:19+00:00,4.37,4.37,0.48,4.35,,197000000.0,359900000.0,359900000.0,359900000.0,2446000000.0,3983400000.0,,-161400000.0,,,1138300000.0,2446000000.0,1537400000.0,3600000.0,,976900000.0,560500000.0,-3600000.0,556900000.0,3983400000.0,82400000.0,82300000.0,82800000.0
Signet Jewelers Ltd,SIG,,832988,2013.0,Q3YTD,2012-01-29,2012-10-27,,2.25,2.25,0.36,2.24,,102200000.0,188100000.0,188100000.0,188100000.0,1569800000.0,2470100000.0,,-119900000.0,,,727400000.0,1569800000.0,900300000.0,2500000.0,,607500000.0,292800000.0,-2500000.0,290300000.0,2470100000.0,81200000.0,80500000.0,80900000.0
Signet Jewelers Ltd,SIG,,832988,2013.0,Q3TTM,2011-10-30,2012-10-27,,4.07,4.07,0.46,4.04,,188000000.0,344700000.0,344700000.0,344700000.0,2360400000.0,3823900000.0,,-149400000.0,,,1076200000.0,2360400000.0,1463500000.0,4000000.0,,926800000.0,536700000.0,-4000000.0,532700000.0,3823900000.0,81200000.0,80500000.0,80900000.0
Signet Jewelers Ltd,SIG,,832988,2013.0,Q3,2012-07-29,2012-10-27,2013-11-26 08:03:36+00:00,0.43,0.43,0.12,0.43,,16700000.0,34900000.0,34900000.0,34900000.0,480800000.0,716200000.0,,-39700000.0,,,222600000.0,480800000.0,235400000.0,900000.0,,182900000.0,52500000.0,-900000.0,51600000.0,716200000.0,81200000.0,80500000.0,80900000.0
Signet Jewelers Ltd,SIG,,832988,2013.0,Q2YTD,2012-01-29,2012-07-28,,1.82,1.82,0.24,1.81,,85500000.0,153200000.0,153200000.0,153200000.0,1089000000.0,1753900000.0,,-80200000.0,,,504800000.0,1089000000.0,664900000.0,1600000.0,,424600000.0,240300000.0,-1600000.0,238700000.0,1753900000.0,82200000.0,82600000.0,83000000.0
Signet Jewelers Ltd,SIG,,832988,2013.0,Q2TTM,2011-07-31,2012-07-28,,3.94,3.94,0.44,3.91,,187300000.0,335900000.0,335900000.0,335900000.0,2360200000.0,3818200000.0,,-141900000.0,,,1073200000.0,2360200000.0,1458000000.0,3500000.0,,931300000.0,526700000.0,-3500000.0,523200000.0,3818200000.0,82200000.0,82600000.0,83000000.0
Signet Jewelers Ltd,SIG,,832988,2013.0,Q2,2012-04-29,2012-07-28,2013-08-29 07:44:29+00:00,0.86,0.86,0.12,0.85,,39500000.0,70700000.0,70700000.0,70700000.0,542700000.0,853900000.0,,-40000000.0,,,240300000.0,542700000.0,311200000.0,700000.0,,200300000.0,110900000.0,-700000.0,110200000.0,853900000.0,82200000.0,82600000.0,83000000.0
Signet Jewelers Ltd,SIG,,832988,2013.0,Q1TTM,2011-05-01,2012-04-28,,3.85,3.85,0.32,3.82,,181300000.0,331500000.0,331500000.0,331500000.0,2320300000.0,3761900000.0,,-133900000.0,,,1057400000.0,2320300000.0,1441600000.0,5300000.0,,923500000.0,518100000.0,-5300000.0,512800000.0,3761900000.0,85900000.0,85500000.0,86300000.0
Signet Jewelers Ltd,SIG,,832988,2013.0,Q1,2012-01-29,2012-04-28,2013-05-23 07:43:37+00:00,0.96,0.96,0.12,0.96,,46000000.0,82500000.0,82500000.0,82500000.0,546300000.0,900000000.0,,-40200000.0,,,264500000.0,546300000.0,353700000.0,900000.0,,224300000.0,129400000.0,-900000.0,128500000.0,900000000.0,85900000.0,85500000.0,86300000.0
Signet Jewelers Ltd,SIG,,832988,2014.0,FY,2013-02-03,2014-02-01,2016-03-24 13:49:35+00:00,4.59,4.59,0.6,4.56,,198500000.0,368000000.0,368000000.0,368000000.0,2628700000.0,4209200000.0,,-186700000.0,,,1196700000.0,2628700000.0,1580500000.0,4000000.0,,1010000000.0,570500000.0,-4000000.0,566500000.0,4209200000.0,80200000.0,80200000.0,80700000.0
Signet Jewelers Ltd,SIG,,832988,2014.0,Q4,2013-11-03,2014-02-01,,2.19,2.19,0.15,2.17,,181400000.0,334400000.0,334400000.0,334400000.0,2096500000.0,3437800000.0,,-140900000.0,,,963300000.0,2096500000.0,1341300000.0,3100000.0,,822400000.0,518900000.0,-3100000.0,515800000.0,3437800000.0,80200000.0,80200000.0,80700000.0
Signet Jewelers Ltd,SIG,,832988,2014.0,Q3YTD,2013-02-03,2013-11-02,,2.4,2.4,0.45,2.39,,17100000.0,33600000.0,33600000.0,33600000.0,532200000.0,771400000.0,,-45800000.0,,,233400000.0,532200000.0,239200000.0,900000.0,,187600000.0,51600000.0,-900000.0,50700000.0,771400000.0,80000000.0,79900000.0,80300000.0
Signet Jewelers Ltd,SIG,,832988,2014.0,Q3TTM,2012-10-28,2013-11-02,,4.52,4.52,0.57,4.5,,111900000.0,205400000.0,205400000.0,205400000.0,1408400000.0,2284700000.0,,-87300000.0,,,644300000.0,1408400000.0,876300000.0,2000000.0,,557000000.0,319300000.0,-2000000.0,317300000.0,2284700000.0,80000000.0,79900000.0,80300000.0
Signet Jewelers Ltd,SIG,,832988,2014.0,Q3,2013-08-04,2013-11-02,2014-12-08 08:18:55+00:00,0.42,0.42,0.15,0.42,,17100000.0,33600000.0,33600000.0,33600000.0,532200000.0,771400000.0,,-45800000.0,,,233400000.0,532200000.0,239200000.0,900000.0,,187600000.0,51600000.0,-900000.0,50700000.0,771400000.0,80000000.0,79900000.0,80300000.0
Signet Jewelers Ltd,SIG,,832988,2014.0,Q2,2013-05-05,2013-08-03,2014-09-10 17:00:26+00:00,0.84,0.84,0.15,0.84,,,,,,,,,,,,,,,,,,,,,,80300000.0,80300000.0,80300000.0
Signet Jewelers Ltd,SIG,,832988,2014.0,Q2YTD,2013-02-03,2013-08-03,,1.98,1.98,0.3,1.97,,,,,,,,,,,,,,,,,,,,,,80300000.0,80300000.0,80300000.0
Signet Jewelers Ltd,SIG,,832988,2014.0,Q2TTM,2012-07-29,2013-08-03,,4.53,4.53,0.54,4.51,,111500000.0,206700000.0,206700000.0,206700000.0,1357000000.0,2229500000.0,,-81200000.0,,,633500000.0,1357000000.0,872500000.0,2000000.0,,552300000.0,320200000.0,-2000000.0,318200000.0,2229500000.0,80300000.0,80300000.0,80300000.0
Signet Jewelers Ltd,SIG,,832988,2014.0,Q1,2013-02-03,2013-05-04,2014-06-03 12:38:28+00:00,1.14,1.14,0.15,1.13,,,,,,,,,,,,,,,,,,,,,,80800000.0,80800000.0,80800000.0
Signet Jewelers Ltd,SIG,,832988,2014.0,Q1TTM,2012-04-29,2013-05-04,,4.55,4.55,0.51,4.52,,151000000.0,277400000.0,277400000.0,277400000.0,1899700000.0,3083400000.0,,-121200000.0,,,873800000.0,1899700000.0,1183700000.0,2700000.0,,752600000.0,431100000.0,-2700000.0,428400000.0,3083400000.0,80800000.0,80800000.0,80800000.0
Signet Jewelers Ltd,SIG,,832988,2015.0,FY,2014-02-02,2015-01-31,2017-03-16 17:15:52+00:00,4.77,4.77,0.72,4.75,,159300000.0,381300000.0,381300000.0,381300000.0,3662100000.0,5736300000.0,,-215300000.0,0.0,,1712900000.0,3662100000.0,2074200000.0,36000000.0,,1497600000.0,576600000.0,-36000000.0,540600000.0,5736300000.0,79900000.0,79900000.0,80200000.0
Signet Jewelers Ltd,SIG,,832988,2015.0,Q4,2014-11-02,2015-01-31,,2.85,2.85,0.18,2.85,,95800000.0,228000000.0,228000000.0,228000000.0,1364300000.0,2276400000.0,,-54100000.0,,,634500000.0,1364300000.0,912100000.0,7900000.0,,580400000.0,331700000.0,-7900000.0,323800000.0,2276400000.0,79900000.0,79900000.0,80200000.0
Signet Jewelers Ltd,SIG,,832988,2015.0,Q3YTD,2014-02-02,2014-11-01,,1.92,1.92,0.54,1.9,,63500000.0,153300000.0,153300000.0,153300000.0,2297800000.0,3459900000.0,,-161200000.0,,,1078400000.0,2297800000.0,1162100000.0,28100000.0,,917200000.0,244900000.0,-28100000.0,216800000.0,3459900000.0,65000000.0,79900000.0,79900000.0
Signet Jewelers Ltd,SIG,,832988,2015.0,Q3TTM,2013-11-03,2014-11-01,,4.11,4.11,0.69,4.07,,244900000.0,487700000.0,487700000.0,487700000.0,4394300000.0,6897700000.0,,-302100000.0,,,2041700000.0,4394300000.0,2503400000.0,31200000.0,,1739600000.0,763800000.0,-31200000.0,732600000.0,6897700000.0,65000000.0,79900000.0,79900000.0
Signet Jewelers Ltd,SIG,,832988,2015.0,Q3,2014-08-03,2014-11-01,2014-12-08 08:18:55+00:00,-0.02,-0.02,0.18,-0.02,,-600000.0,-1300000.0,-1300000.0,-1300000.0,832000000.0,1177900000.0,,-53500000.0,,,388700000.0,832000000.0,345900000.0,12600000.0,,335200000.0,10700000.0,-12600000.0,-1900000.0,1177900000.0,65000000.0,79900000.0,79900000.0
Signet Jewelers Ltd,SIG,,832988,2015.0,Q2YTD,2014-02-02,2014-08-02,,1.94,1.94,0.36,1.92,,64100000.0,154600000.0,154600000.0,154600000.0,1465800000.0,2282000000.0,,-107700000.0,,,689700000.0,1465800000.0,816200000.0,15500000.0,,582000000.0,234200000.0,-15500000.0,218700000.0,2282000000.0,79500000.0,79900000.0,80200000.0
Signet Jewelers Ltd,SIG,,832988,2015.0,Q2TTM,2013-08-04,2014-08-02,,4.55,4.55,0.66,4.51,,262600000.0,522600000.0,522600000.0,522600000.0,4094500000.0,6491200000.0,,-294400000.0,,,1886400000.0,4094500000.0,2396700000.0,19500000.0,,1592000000.0,804700000.0,-19500000.0,785200000.0,6491200000.0,79500000.0,79900000.0,80200000.0
Signet Jewelers Ltd,SIG,,832988,2015.0,Q2,2014-05-04,2014-08-02,2014-09-10 17:00:26+00:00,0.73,0.73,0.18,0.72,,11800000.0,58000000.0,58000000.0,58000000.0,816900000.0,1225900000.0,,-53700000.0,,,379200000.0,816900000.0,409000000.0,13700000.0,,325500000.0,83500000.0,-13700000.0,69800000.0,1225900000.0,79500000.0,79900000.0,80200000.0
Signet Jewelers Ltd,SIG,,832988,2015.0,Q1TTM,2013-05-05,2014-05-03,,4.66,4.66,0.63,4.63,,250800000.0,464600000.0,464600000.0,464600000.0,3277600000.0,5265300000.0,,-240700000.0,,,1507200000.0,3277600000.0,1987700000.0,5800000.0,,1266500000.0,721200000.0,-5800000.0,715400000.0,5265300000.0,79800000.0,79900000.0,80300000.0
Signet Jewelers Ltd,SIG,,832988,2015.0,Q1,2014-02-02,2014-05-03,2014-06-03 12:38:28+00:00,1.21,1.21,0.18,1.2,,52300000.0,96600000.0,96600000.0,96600000.0,648900000.0,1056100000.0,,-54000000.0,,,310500000.0,648900000.0,407200000.0,1800000.0,,256500000.0,150700000.0,-1800000.0,148900000.0,1056100000.0,79800000.0,79900000.0,80300000.0
Signet Jewelers Ltd,SIG,,832988,2016.0,FY,2015-02-01,2016-01-30,2018-04-02 17:25:08+00:00,5.89,5.89,0.88,5.87,,189900000.0,467900000.0,467900000.0,467900000.0,4109800000.0,6550200000.0,,-250900000.0,0.0,,1987600000.0,4109800000.0,2440400000.0,45900000.0,,1736700000.0,703700000.0,-45900000.0,657800000.0,6550200000.0,79400000.0,79500000.0,79700000.0
Signet Jewelers Ltd,SIG,,832988,2016.0,Q4,2015-11-01,2016-01-30,,3.43,3.43,0.22,3.42,,136600000.0,334100000.0,334100000.0,334100000.0,2296400000.0,3803200000.0,,-126500000.0,,,1139400000.0,2296400000.0,1506800000.0,23200000.0,,1012900000.0,493900000.0,-23200000.0,470700000.0,3803200000.0,79400000.0,79500000.0,79700000.0
Signet Jewelers Ltd,SIG,,832988,2016.0,Q3YTD,2015-02-01,2015-10-31,,2.46,2.46,0.66,2.45,,53300000.0,133800000.0,133800000.0,133800000.0,1813400000.0,2747000000.0,,-124400000.0,,,848200000.0,1813400000.0,933600000.0,22700000.0,,723800000.0,209800000.0,-22700000.0,187100000.0,2747000000.0,78900000.0,79300000.0,79500000.0
Signet Jewelers Ltd,SIG,,832988,2016.0,Q3TTM,2014-11-02,2015-10-31,,5.31,5.31,0.84,5.3,,149100000.0,361800000.0,361800000.0,361800000.0,3177700000.0,5023400000.0,,-178500000.0,,,1482700000.0,3177700000.0,1845700000.0,30600000.0,,1304200000.0,541500000.0,-30600000.0,510900000.0,5023400000.0,78900000.0,79300000.0,79500000.0
Signet Jewelers Ltd,SIG,,832988,2016.0,Q3,2015-08-02,2015-10-31,2015-12-04 16:30:10+00:00,0.19,0.19,0.22,0.19,,6900000.0,15000000.0,15000000.0,15000000.0,848700000.0,1216400000.0,,-60900000.0,,,395000000.0,848700000.0,367700000.0,11700000.0,,334100000.0,33600000.0,-11700000.0,21900000.0,1216400000.0,78900000.0,79300000.0,79500000.0
Signet Jewelers Ltd,SIG,,832988,2016.0,Q2,2015-05-03,2015-08-01,2016-08-31 16:51:03+00:00,0.78,0.78,0.22,0.78,,,,,,,,,,,,,,,,,,,,,,79700000.0,79700000.0,79700000.0
Signet Jewelers Ltd,SIG,,832988,2016.0,Q2YTD,2015-02-01,2015-08-01,,2.27,2.27,0.44,2.26,,46400000.0,118800000.0,118800000.0,118800000.0,964700000.0,1530600000.0,,-63500000.0,,,453200000.0,964700000.0,565900000.0,11000000.0,,389700000.0,176200000.0,-11000000.0,165200000.0,1530600000.0,79700000.0,79700000.0,79700000.0
Signet Jewelers Ltd,SIG,,832988,2016.0,Q2TTM,2014-08-03,2015-08-01,,5.1,5.1,0.8,5.09,,141600000.0,345500000.0,345500000.0,345500000.0,3161000000.0,4984900000.0,,-171100000.0,,,1476400000.0,3161000000.0,1823900000.0,31500000.0,,1305300000.0,518600000.0,-31500000.0,487100000.0,4984900000.0,79700000.0,79700000.0,79700000.0
Signet Jewelers Ltd,SIG,,832988,2016.0,Q1TTM,2014-05-04,2015-05-02,,5.05,5.05,0.76,5.03,,153400000.0,403500000.0,403500000.0,403500000.0,3977900000.0,6210800000.0,,-224800000.0,,,1855600000.0,3977900000.0,2232900000.0,45200000.0,,1630800000.0,602100000.0,-45200000.0,556900000.0,6210800000.0,79700000.0,80000000.0,80200000.0
Signet Jewelers Ltd,SIG,,832988,2016.0,Q1,2015-02-01,2015-05-02,2015-06-03 17:21:32+00:00,1.49,1.49,0.22,1.48,,46400000.0,118800000.0,118800000.0,118800000.0,964700000.0,1530600000.0,,-63500000.0,,,453200000.0,964700000.0,565900000.0,11000000.0,,389700000.0,176200000.0,-11000000.0,165200000.0,1530600000.0,79700000.0,80000000.0,80200000.0
Signet Jewelers Ltd,SIG,,832988,2017.0,FY,2016-01-31,2017-01-28,2017-03-16 17:15:52+00:00,7.13,7.13,1.04,7.08,,170600000.0,543200000.0,543200000.0,531300000.0,4047600000.0,6408400000.0,,-282600000.0,11900000.0,,1880200000.0,4047600000.0,2360800000.0,49400000.0,,1597600000.0,763200000.0,-49400000.0,713800000.0,6408400000.0,74500000.0,74500000.0,76700000.0
Signet Jewelers Ltd,SIG,,832988,2017.0,Q4,2016-10-30,2017-01-28,,4.0,4.0,0.26,3.95,,88700000.0,297500000.0,297500000.0,287800000.0,1324400000.0,2269900000.0,,-69000000.0,9700000.0,,615300000.0,1324400000.0,945500000.0,13000000.0,,546300000.0,399200000.0,-13000000.0,386200000.0,2269900000.0,74500000.0,74500000.0,76700000.0
Signet Jewelers Ltd,SIG,,832988,2017.0,Q3YTD,2016-01-31,2016-10-29,,3.13,3.13,0.78,3.13,,81900000.0,245700000.0,245700000.0,243500000.0,2723200000.0,4138500000.0,,-213600000.0,2200000.0,,1264900000.0,2723200000.0,1415300000.0,36400000.0,,1051300000.0,364000000.0,-36400000.0,327600000.0,4138500000.0,74000000.0,73500000.0,73600000.0
Signet Jewelers Ltd,SIG,,832988,2017.0,Q3TTM,2015-11-01,2016-10-29,,6.56,6.56,1.0,6.55,,218500000.0,579800000.0,579800000.0,577600000.0,5019600000.0,7941700000.0,,-340100000.0,2200000.0,,2404300000.0,5019600000.0,2922100000.0,59600000.0,,2064200000.0,857900000.0,-59600000.0,798300000.0,7941700000.0,74000000.0,73500000.0,73600000.0
Signet Jewelers Ltd,SIG,,832988,2017.0,Q3,2016-07-31,2016-10-29,2016-11-29 17:18:23+00:00,0.2,0.2,0.26,0.2,,2400000.0,17000000.0,17000000.0,14800000.0,836200000.0,1186200000.0,,-68600000.0,2200000.0,,386500000.0,836200000.0,350000000.0,12700000.0,,317900000.0,32100000.0,-12700000.0,19400000.0,1186200000.0,74000000.0,73500000.0,73600000.0
Signet Jewelers Ltd,SIG,,832988,2017.0,Q2YTD,2016-01-31,2016-07-30,,2.93,2.93,0.52,2.93,,79500000.0,228700000.0,228700000.0,228700000.0,1887000000.0,2952300000.0,,-145000000.0,,,878400000.0,1887000000.0,1065300000.0,23700000.0,,733400000.0,331900000.0,-23700000.0,308200000.0,2952300000.0,77300000.0,77100000.0,77200000.0
Signet Jewelers Ltd,SIG,,832988,2017.0,Q2TTM,2015-08-02,2016-07-30,,6.55,6.55,0.96,6.54,,223000000.0,577800000.0,577800000.0,577800000.0,5032100000.0,7971900000.0,,-332400000.0,,,2412800000.0,5032100000.0,2939800000.0,58600000.0,,2080400000.0,859400000.0,-58600000.0,800800000.0,7971900000.0,77300000.0,77100000.0,77200000.0
Signet Jewelers Ltd,SIG,,832988,2017.0,Q2,2016-05-01,2016-07-30,2016-08-31 16:51:03+00:00,1.06,1.06,0.26,1.06,,26100000.0,81900000.0,81900000.0,81900000.0,908500000.0,1373400000.0,,-70700000.0,,,415700000.0,908500000.0,464900000.0,11900000.0,,345000000.0,119900000.0,-11900000.0,108000000.0,1373400000.0,77300000.0,77100000.0,77200000.0
Signet Jewelers Ltd,SIG,,832988,2017.0,Q1TTM,2015-05-03,2016-04-30,,6.27,6.27,0.92,6.26,,196900000.0,495900000.0,495900000.0,495900000.0,4123600000.0,6598500000.0,,-261700000.0,,,1997100000.0,4123600000.0,2474900000.0,46700000.0,,1735400000.0,739500000.0,-46700000.0,692800000.0,6598500000.0,78500000.0,78600000.0,78700000.0
Signet Jewelers Ltd,SIG,,832988,2017.0,Q1,2016-01-31,2016-04-30,2016-06-03 17:02:29+00:00,1.87,1.87,0.26,1.87,,53400000.0,146800000.0,146800000.0,146800000.0,978500000.0,1578900000.0,,-74300000.0,,,462700000.0,978500000.0,600400000.0,11800000.0,,388400000.0,212000000.0,-11800000.0,200200000.0,1578900000.0,78500000.0,78600000.0,78700000.0
Signet Jewelers Ltd,SIG,,832988,2018.0,FY,2017-01-29,2018-02-03,2020-03-26 10:16:29+00:00,7.72,7.72,1.24,7.44,0.0,7900000.0,519300000.0,519300000.0,486400000.0,4063000000.0,6253000000.0,0.0,-262100000.0,32900000.0,0.0,1872200000.0,4063000000.0,2190000000.0,52700000.0,,1610100000.0,579900000.0,-52700000.0,527200000.0,6253000000.0,63000000.0,63000000.0,69800000.0
Signet Jewelers Ltd,SIG,,832988,2018.0,Q4,2017-10-29,2018-02-03,,5.55,5.55,0.31,5.28,,-37800000.0,351300000.0,351300000.0,343000000.0,1373300000.0,2293100000.0,,-38200000.0,8300000.0,,634500000.0,1373300000.0,919800000.0,10000000.0,,596300000.0,323500000.0,-10000000.0,313500000.0,2293100000.0,63000000.0,63000000.0,69800000.0
Signet Jewelers Ltd,SIG,,832988,2018.0,Q3,2017-07-30,2017-10-28,2018-12-07 16:31:35+00:00,-0.2,-0.2,0.31,-0.2,0.0,-7200000.0,-3900000.0,-3900000.0,-12100000.0,835800000.0,1156900000.0,0.0,-60300000.0,8200000.0,0.0,375900000.0,835800000.0,321100000.0,16600000.0,,315600000.0,5500000.0,-16600000.0,-11100000.0,1156900000.0,60500000.0,60100000.0,60100000.0
Signet Jewelers Ltd,SIG,,832988,2018.0,Q3YTD,2017-01-29,2017-10-28,,2.17,2.17,0.93,2.16,,45700000.0,168000000.0,168000000.0,143400000.0,2689700000.0,3959900000.0,,-223900000.0,24600000.0,,1237700000.0,2689700000.0,1270200000.0,42700000.0,,1013800000.0,256400000.0,-42700000.0,213700000.0,3959900000.0,60500000.0,60100000.0,60100000.0
Signet Jewelers Ltd,SIG,,832988,2018.0,Q3TTM,2016-10-30,2017-10-28,,6.17,6.17,1.19,6.11,,134400000.0,465500000.0,465500000.0,431200000.0,4014100000.0,6229800000.0,,-292900000.0,34300000.0,,1853000000.0,4014100000.0,2215700000.0,55700000.0,,1560100000.0,655600000.0,-55700000.0,599900000.0,6229800000.0,60500000.0,60100000.0,60100000.0
Signet Jewelers Ltd,SIG,,832988,2018.0,Q2,2017-04-30,2017-07-29,2018-09-06 17:15:39+00:00,1.34,1.34,0.31,1.33,0.0,28700000.0,93400000.0,93400000.0,85200000.0,941700000.0,1399600000.0,0.0,-86700000.0,8200000.0,0.0,409000000.0,941700000.0,457900000.0,13500000.0,,322300000.0,135600000.0,-13500000.0,122100000.0,1399600000.0,63600000.0,63800000.0,70500000.0
Signet Jewelers Ltd,SIG,,832988,2018.0,Q2YTD,2017-01-29,2017-07-29,,2.37,2.37,0.62,2.36,,52900000.0,171900000.0,171900000.0,155500000.0,1853900000.0,2803000000.0,,-163600000.0,16400000.0,,861800000.0,1853900000.0,949100000.0,26100000.0,,698200000.0,250900000.0,-26100000.0,224800000.0,2803000000.0,63600000.0,63800000.0,70500000.0
Signet Jewelers Ltd,SIG,,832988,2018.0,Q2TTM,2016-07-31,2017-07-29,,6.57,6.57,1.14,6.51,,144000000.0,486400000.0,486400000.0,458100000.0,4014500000.0,6259100000.0,,-301200000.0,28300000.0,,1863600000.0,4014500000.0,2244600000.0,51800000.0,,1562400000.0,682200000.0,-51800000.0,630400000.0,6259100000.0,63600000.0,63800000.0,70500000.0
Signet Jewelers Ltd,SIG,,832988,2018.0,Q1,2017-01-29,2017-04-29,2018-06-12 17:22:20+00:00,1.03,1.03,0.31,1.03,0.0,24200000.0,78500000.0,78500000.0,70300000.0,912200000.0,1403400000.0,0.0,-76900000.0,8200000.0,0.0,452800000.0,912200000.0,491200000.0,12600000.0,,375900000.0,115300000.0,-12600000.0,102700000.0,1403400000.0,68300000.0,68100000.0,68200000.0
Signet Jewelers Ltd,SIG,,832988,2018.0,Q1TTM,2016-05-01,2017-04-29,,6.29,6.29,1.09,6.24,,141400000.0,474900000.0,474900000.0,454800000.0,3981300000.0,6232900000.0,,-285200000.0,20100000.0,,1870300000.0,3981300000.0,2251600000.0,50200000.0,,1585100000.0,666500000.0,-50200000.0,616300000.0,6232900000.0,68300000.0,68100000.0,68200000.0
Signet Jewelers Ltd,SIG,,832988,2019.0,FY,2018-02-04,2019-02-02,2020-03-26 10:16:29+00:00,-12.62,-12.62,1.48,-12.62,735400000.0,-145200000.0,-657400000.0,-657400000.0,-690300000.0,4086300000.0,6247100000.0,1700000.0,141200000.0,32900000.0,63700000.0,1985100000.0,4086300000.0,2160800000.0,39700000.0,,2925400000.0,-764600000.0,-38000000.0,-802600000.0,6247100000.0,54700000.0,54700000.0,54700000.0
Signet Jewelers Ltd,SIG,,832988,2019.0,Q4,2018-11-04,2019-02-02,,-2.84,-2.84,1.48,-2.84,286700000.0,13900000.0,-107900000.0,-107900000.0,-116200000.0,1276900000.0,2154700000.0,300000.0,-700000.0,8300000.0,28100000.0,647200000.0,1276900000.0,877800000.0,10800000.0,,961300000.0,-83500000.0,-10500000.0,-94000000.0,2154700000.0,54700000.0,54700000.0,54700000.0
Signet Jewelers Ltd,SIG,,832988,2019.0,Q3,2018-08-05,2018-11-03,2019-12-05 07:52:50+00:00,-0.74,-0.74,,-0.74,0.0,-29200000.0,-29900000.0,-29900000.0,-38100000.0,820500000.0,1191700000.0,300000.0,200000.0,8200000.0,9500000.0,410300000.0,820500000.0,371200000.0,10600000.0,,420000000.0,-48800000.0,-10300000.0,-59100000.0,1191700000.0,51500000.0,51500000.0,51500000.0
Signet Jewelers Ltd,SIG,,832988,2019.0,Q3YTD,2018-02-04,2018-11-03,,-9.78,-9.78,,-9.78,448700000.0,-159100000.0,-549500000.0,-549500000.0,-574100000.0,2809400000.0,4092400000.0,1400000.0,141900000.0,24600000.0,35600000.0,1337900000.0,2809400000.0,1283000000.0,28900000.0,,1964100000.0,-681100000.0,-27500000.0,-708600000.0,4092400000.0,51500000.0,51500000.0,51500000.0
Signet Jewelers Ltd,SIG,,832988,2019.0,Q3TTM,2017-10-29,2018-11-03,,-4.23,-4.23,0.31,-4.5,448700000.0,-196900000.0,-198200000.0,-198200000.0,-231100000.0,4182700000.0,6385500000.0,1400000.0,103700000.0,32900000.0,35600000.0,1972400000.0,4182700000.0,2202800000.0,38900000.0,,2560400000.0,-357600000.0,-37500000.0,-395100000.0,6385500000.0,51500000.0,51500000.0,51500000.0
Signet Jewelers Ltd,SIG,,832988,2019.0,Q2,2018-05-06,2018-08-04,2019-09-05 08:42:28+00:00,-0.56,-0.56,,-0.56,0.0,-44000000.0,-23000000.0,-23000000.0,-31200000.0,993100000.0,1420100000.0,500000.0,20700000.0,8200000.0,19600000.0,444800000.0,993100000.0,427000000.0,9400000.0,,485100000.0,-58100000.0,-8900000.0,-67000000.0,1420100000.0,55700000.0,56100000.0,56100000.0
Signet Jewelers Ltd,SIG,,832988,2019.0,Q2YTD,2018-02-04,2018-08-04,,-9.04,-9.04,,-9.04,448700000.0,-129900000.0,-519600000.0,-519600000.0,-536000000.0,1988900000.0,2900700000.0,1100000.0,141700000.0,16400000.0,26100000.0,927600000.0,1988900000.0,911800000.0,18300000.0,,1544100000.0,-632300000.0,-17200000.0,-649500000.0,2900700000.0,55700000.0,56100000.0,56100000.0
Signet Jewelers Ltd,SIG,,832988,2019.0,Q2TTM,2017-07-30,2018-08-04,,-3.69,-3.69,0.62,-3.96,448700000.0,-174900000.0,-172200000.0,-172200000.0,-205100000.0,4198000000.0,6350700000.0,1100000.0,43200000.0,32900000.0,26100000.0,1938000000.0,4198000000.0,2152700000.0,44900000.0,,2456000000.0,-303300000.0,-43800000.0,-347100000.0,6350700000.0,55700000.0,56100000.0,56100000.0
Signet Jewelers Ltd,SIG,,832988,2019.0,Q1,2018-02-04,2018-05-05,2019-06-06 09:19:30+00:00,-8.48,-8.48,0.37,-8.48,448700000.0,-85900000.0,-496600000.0,-496600000.0,-504800000.0,995800000.0,1480600000.0,600000.0,121000000.0,8200000.0,6500000.0,482800000.0,995800000.0,484800000.0,8900000.0,,1059000000.0,-574200000.0,-8300000.0,-582500000.0,1480600000.0,59500000.0,59500000.0,59500000.0
Signet Jewelers Ltd,SIG,,832988,2019.0,Q1TTM,2017-04-30,2018-05-05,,-1.79,-1.79,0.93,-2.07,448700000.0,-102200000.0,-55800000.0,-55800000.0,-88700000.0,4146600000.0,6330200000.0,600000.0,-64200000.0,32900000.0,6500000.0,1902200000.0,4146600000.0,2183600000.0,49000000.0,,2293200000.0,-109600000.0,-48400000.0,-158000000.0,6330200000.0,59500000.0,59500000.0,59500000.0
Signet Jewelers Ltd,SIG,,832988,2020.0,Q4,2019-11-03,2020-02-01,,3.45,3.45,1.48,3.45,,27900000.0,187100000.0,187100000.0,178800000.0,1255400000.0,2153300000.0,-500000.0,31000000.0,8300000.0,10500000.0,633200000.0,1255400000.0,897900000.0,7700000.0,,674700000.0,223200000.0,-8200000.0,215000000.0,2153300000.0,51900000.0,51700000.0,51800000.0
Signet Jewelers Ltd,SIG,,832988,2020.0,FY,2019-02-03,2020-02-01,2020-03-26 10:16:29+00:00,1.4,1.4,1.48,1.4,47700000.0,24200000.0,105500000.0,105500000.0,72600000.0,3913400000.0,6137100000.0,7000000.0,29600000.0,32900000.0,69900000.0,1918200000.0,3913400000.0,2223700000.0,35600000.0,,2065400000.0,158300000.0,-28600000.0,129700000.0,6137100000.0,51900000.0,51700000.0,51800000.0
Signet Jewelers Ltd,SIG,,832988,2020.0,Q3,2019-08-04,2019-11-02,2019-12-05 07:52:50+00:00,-0.84,-0.84,,-0.84,0.0,-6000000.0,-35500000.0,-35500000.0,-43700000.0,820000000.0,1187700000.0,7000000.0,0.0,8200000.0,9200000.0,398400000.0,820000000.0,367700000.0,8600000.0,,407600000.0,-39900000.0,-1600000.0,-41500000.0,1187700000.0,52000000.0,51800000.0,51800000.0
Signet Jewelers Ltd,SIG,,832988,2020.0,Q3YTD,2019-02-03,2019-11-02,,-2.05,-2.05,,-2.05,47700000.0,-3700000.0,-81600000.0,-81600000.0,-106200000.0,2658000000.0,3983800000.0,7500000.0,-1400000.0,24600000.0,59400000.0,1285000000.0,2658000000.0,1325800000.0,27900000.0,,1390700000.0,-64900000.0,-20400000.0,-85300000.0,3983800000.0,52000000.0,51800000.0,51800000.0
Signet Jewelers Ltd,SIG,,832988,2020.0,Q3TTM,2018-11-04,2019-11-02,,-4.89,-4.89,1.11,-4.89,334400000.0,10200000.0,-189500000.0,-189500000.0,-222400000.0,3934900000.0,6138500000.0,7800000.0,-2100000.0,32900000.0,87500000.0,1932200000.0,3934900000.0,2203600000.0,38700000.0,,2352000000.0,-148400000.0,-30900000.0,-179300000.0,6138500000.0,52000000.0,51800000.0,51800000.0
Signet Jewelers Ltd,SIG,,832988,2020.0,Q2,2019-05-05,2019-08-03,2019-09-05 08:42:28+00:00,-0.86,-0.86,,-0.86,47700000.0,3800000.0,-36100000.0,-36100000.0,-44300000.0,905700000.0,1364400000.0,200000.0,-1400000.0,8200000.0,23400000.0,411400000.0,905700000.0,458700000.0,10100000.0,,481100000.0,-22400000.0,-9900000.0,-32300000.0,1364400000.0,51500000.0,51700000.0,51700000.0
Signet Jewelers Ltd,SIG,,832988,2020.0,Q2YTD,2019-02-03,2019-08-03,,-1.21,-1.21,,-1.21,47700000.0,2300000.0,-46100000.0,-46100000.0,-62500000.0,1838000000.0,2796100000.0,500000.0,-1400000.0,16400000.0,50200000.0,886600000.0,1838000000.0,958100000.0,19300000.0,,983100000.0,-25000000.0,-18800000.0,-43800000.0,2796100000.0,51500000.0,51700000.0,51700000.0
Signet Jewelers Ltd,SIG,,832988,2020.0,Q2TTM,2018-08-05,2019-08-03,,-4.79,-4.79,1.11,-4.79,334400000.0,-13000000.0,-183900000.0,-183900000.0,-216800000.0,3935400000.0,6142500000.0,1100000.0,-1900000.0,32900000.0,87800000.0,1944100000.0,3935400000.0,2207100000.0,40700000.0,,2364400000.0,-157300000.0,-39600000.0,-196900000.0,6142500000.0,51500000.0,51700000.0,51700000.0
Signet Jewelers Ltd,SIG,,832988,2020.0,Q1,2019-02-03,2019-05-04,2020-06-30 17:32:22+00:00,-0.35,-0.35,0.37,-0.35,0.0,-1500000.0,-10000000.0,-10000000.0,-18200000.0,932300000.0,1431700000.0,300000.0,0.0,8200000.0,26800000.0,475200000.0,932300000.0,499400000.0,9200000.0,,502000000.0,-2600000.0,-8900000.0,-11500000.0,1431700000.0,52000000.0,51600000.0,51600000.0
Signet Jewelers Ltd,SIG,,832988,2020.0,Q1TTM,2018-05-06,2019-05-04,,-4.49,-4.49,1.11,-4.49,286700000.0,-60800000.0,-170800000.0,-170800000.0,-203700000.0,4022800000.0,6198200000.0,1400000.0,20200000.0,32900000.0,84000000.0,1977500000.0,4022800000.0,2175400000.0,40000000.0,,2368400000.0,-193000000.0,-38600000.0,-231600000.0,6198200000.0,52000000.0,51600000.0,51600000.0
