company_name,company_ticker,company_lei,company_cik,year,quarter,start_date,end_date,filing_date,basicdilutedeps,basiceps,cashdividendspershare,dilutedeps,incometaxexpense,netincome,netincomecontinuing,netincomediscontinued,netincometocommon,netincometononcontrollinginterest,operatingcostofrevenue,operatingrevenue,otheradjustmentstoconsolidatednetincome,otherincome,otheroperatingexpenses,rdexpense,sgaexpense,totalcostofrevenue,totalgrossprofit,totalinterestexpense,totalinterestincome,totaloperatingexpenses,totaloperatingincome,totalotherincome,totalpretaxincome,totalrevenue,weightedavebasicdilutedsharesos,weightedavebasicsharesos,weightedavedilutedsharesos
Motorola Solutions Inc,MSI,6S552MUG6KGJVEBSEC55,68505,2007.0,FY,2007-01-01,2007-12-31,2010-02-16 16:45:44+00:00,-0.02,-0.02,0.2,-0.02,-285000000.0,-35000000.0,-91000000.0,56000000.0,-49000000.0,14000000.0,26670000000.0,36622000000.0,,36000000.0,,4429000000.0,6076000000.0,26670000000.0,9952000000.0,-91000000.0,50000000.0,10505000000.0,-553000000.0,177000000.0,-376000000.0,36622000000.0,2450000000.0,2312700000.0,2312700000.0
Motorola Solutions Inc,MSI,6S552MUG6KGJVEBSEC55,68505,2008.0,FY,2008-01-01,2008-12-31,2011-02-18 09:27:06+00:00,-13.11,-13.11,1.4,-13.11,1584000000.0,-4240000000.0,-4437000000.0,197000000.0,-4244000000.0,4000000.0,18171000000.0,25109000000.0,,-425000000.0,,3399000000.0,6081000000.0,18171000000.0,6938000000.0,-38000000.0,76000000.0,9480000000.0,-2542000000.0,-311000000.0,-2853000000.0,25109000000.0,323700000.0,323600000.0,323600000.0
Motorola Solutions Inc,MSI,6S552MUG6KGJVEBSEC55,68505,2008.0,Q3,2008-06-29,2008-09-27,2009-11-03 18:02:43+00:00,-0.18,-0.18,0.05,-0.18,-203000000.0,-391000000.0,-391000000.0,0.0,-397000000.0,6000000.0,5677000000.0,7480000000.0,,-167000000.0,,999000000.0,1256000000.0,5677000000.0,1803000000.0,-18000000.0,7000000.0,2255000000.0,-452000000.0,-142000000.0,-594000000.0,7480000000.0,2205600000.0,2265900000.0,2265900000.0
Motorola Solutions Inc,MSI,6S552MUG6KGJVEBSEC55,68505,2008.0,Q2,2008-03-30,2008-06-28,2009-08-26 15:59:44+00:00,0.0,0.0,0.05,0.0,-55000000.0,-3000000.0,-3000000.0,0.0,4000000.0,-7000000.0,5757000000.0,8082000000.0,,-92000000.0,,1048000000.0,1272000000.0,5757000000.0,2325000000.0,10000000.0,39000000.0,2320000000.0,5000000.0,-63000000.0,-58000000.0,8082000000.0,,2262600000.0,2269500000.0
Motorola Solutions Inc,MSI,6S552MUG6KGJVEBSEC55,68505,2009.0,Q4,2009-10-04,2009-12-31,,0.43,0.43,1.86,0.43,361000000.0,143000000.0,778000000.0,-635000000.0,142000000.0,1000000.0,-3302000000.0,-8257000000.0,,64000000.0,-3787000000.0,-1250000000.0,-935000000.0,-3302000000.0,-4955000000.0,-114000000.0,-56000000.0,-5972000000.0,1017000000.0,122000000.0,1139000000.0,-8257000000.0,318800000.0,327900000.0,329900000.0
Motorola Solutions Inc,MSI,6S552MUG6KGJVEBSEC55,68505,2009.0,FY,2009-01-01,2009-12-31,2012-02-15 17:07:24+00:00,-0.16,-0.16,0.35,-0.15,188000000.0,-28000000.0,445000000.0,-473000000.0,-51000000.0,23000000.0,3470000000.0,6947000000.0,,91000000.0,,993000000.0,1917000000.0,3470000000.0,3477000000.0,,-25000000.0,2910000000.0,567000000.0,66000000.0,633000000.0,6947000000.0,318800000.0,327900000.0,329900000.0
Motorola Solutions Inc,MSI,6S552MUG6KGJVEBSEC55,68505,2009.0,Q3YTD,2009-01-01,2009-10-03,,-0.08,-0.08,-0.19,-0.08,-173000000.0,-171000000.0,-333000000.0,162000000.0,-193000000.0,22000000.0,6772000000.0,15204000000.0,,27000000.0,3787000000.0,2243000000.0,2852000000.0,6772000000.0,8432000000.0,114000000.0,31000000.0,8882000000.0,-450000000.0,-56000000.0,-506000000.0,15204000000.0,1200000000.0,2299600000.0,2299600000.0
Motorola Solutions Inc,MSI,6S552MUG6KGJVEBSEC55,68505,2009.0,Q3,2009-07-05,2009-10-03,2010-11-02 17:30:52+00:00,0.01,0.01,,0.01,-25000000.0,22000000.0,-80000000.0,102000000.0,12000000.0,10000000.0,2897000000.0,4336000000.0,,-66000000.0,,621000000.0,829000000.0,2897000000.0,1439000000.0,49000000.0,21000000.0,1450000000.0,-11000000.0,-94000000.0,-105000000.0,4336000000.0,1200000000.0,2299600000.0,2299600000.0
Motorola Solutions Inc,MSI,6S552MUG6KGJVEBSEC55,68505,2009.0,Q2YTD,2009-01-01,2009-07-04,,-0.09,-0.09,0.05,-0.09,-148000000.0,-193000000.0,-253000000.0,60000000.0,-205000000.0,12000000.0,3875000000.0,10868000000.0,,93000000.0,3787000000.0,1622000000.0,2023000000.0,3875000000.0,6993000000.0,65000000.0,10000000.0,7432000000.0,-439000000.0,38000000.0,-401000000.0,10868000000.0,2600000000.0,2293900000.0,2306400000.0
Motorola Solutions Inc,MSI,6S552MUG6KGJVEBSEC55,68505,2009.0,Q1,2009-01-01,2009-04-04,2010-05-04 17:29:41+00:00,-0.1,-0.1,0.05,-0.1,-146000000.0,-228000000.0,-288000000.0,60000000.0,-231000000.0,3000000.0,3875000000.0,5371000000.0,,70000000.0,,847000000.0,1098000000.0,3875000000.0,1496000000.0,35000000.0,-20000000.0,1945000000.0,-449000000.0,15000000.0,-434000000.0,5371000000.0,2310000000.0,2280500000.0,2280500000.0
Motorola Solutions Inc,MSI,6S552MUG6KGJVEBSEC55,68505,2010.0,Q4,2010-10-03,2010-12-31,,0.88,0.88,-0.46,0.88,65000000.0,304000000.0,169000000.0,135000000.0,292000000.0,12000000.0,1003000000.0,2033000000.0,,2000000.0,,248000000.0,523000000.0,1003000000.0,1030000000.0,,-27000000.0,771000000.0,259000000.0,-25000000.0,234000000.0,2033000000.0,333200000.0,333300000.0,338100000.0
Motorola Solutions Inc,MSI,6S552MUG6KGJVEBSEC55,68505,2010.0,FY,2010-01-01,2010-12-31,2013-02-12 10:45:50+00:00,1.9,1.9,0.0,1.87,403000000.0,650000000.0,261000000.0,389000000.0,633000000.0,17000000.0,3805000000.0,7617000000.0,,-7000000.0,,1037000000.0,2024000000.0,3805000000.0,3812000000.0,,-80000000.0,3061000000.0,751000000.0,-87000000.0,664000000.0,7617000000.0,333200000.0,333300000.0,338100000.0
Motorola Solutions Inc,MSI,6S552MUG6KGJVEBSEC55,68505,2010.0,Q3YTD,2010-01-01,2010-10-02,,1.02,1.02,-1.93,1.02,338000000.0,346000000.0,92000000.0,254000000.0,341000000.0,5000000.0,2802000000.0,5584000000.0,,-9000000.0,,789000000.0,1501000000.0,2802000000.0,2782000000.0,,-53000000.0,2290000000.0,492000000.0,-62000000.0,430000000.0,5584000000.0,333300000.0,334100000.0,334100000.0
Motorola Solutions Inc,MSI,6S552MUG6KGJVEBSEC55,68505,2010.0,Q3TTM,2009-10-04,2010-10-02,,1.45,1.45,-0.1,1.45,699000000.0,489000000.0,870000000.0,-381000000.0,483000000.0,6000000.0,-500000000.0,-2673000000.0,,55000000.0,-3787000000.0,-461000000.0,566000000.0,-500000000.0,-2173000000.0,-114000000.0,-109000000.0,-3682000000.0,1509000000.0,60000000.0,1569000000.0,-2673000000.0,333300000.0,334100000.0,334100000.0
Motorola Solutions Inc,MSI,6S552MUG6KGJVEBSEC55,68505,2010.0,Q3,2010-07-04,2010-10-02,2011-10-27 17:27:50+00:00,0.33,0.33,,0.33,203000000.0,112000000.0,-11000000.0,123000000.0,110000000.0,2000000.0,944000000.0,1908000000.0,,6000000.0,,262000000.0,491000000.0,944000000.0,964000000.0,,-25000000.0,753000000.0,211000000.0,-19000000.0,192000000.0,1908000000.0,333300000.0,334100000.0,334100000.0
Motorola Solutions Inc,MSI,6S552MUG6KGJVEBSEC55,68505,2010.0,Q2YTD,2010-01-01,2010-07-03,,0.69,0.69,-1.6,0.69,135000000.0,234000000.0,103000000.0,131000000.0,231000000.0,3000000.0,1858000000.0,3676000000.0,,-15000000.0,,527000000.0,1010000000.0,1858000000.0,1818000000.0,,-28000000.0,1537000000.0,281000000.0,-43000000.0,238000000.0,3676000000.0,330600000.0,332700000.0,337900000.0
Motorola Solutions Inc,MSI,6S552MUG6KGJVEBSEC55,68505,2010.0,Q2TTM,2009-07-05,2010-07-03,,1.16,1.16,-1.39,1.16,471000000.0,399000000.0,801000000.0,-402000000.0,385000000.0,14000000.0,1453000000.0,-245000000.0,,-17000000.0,-3787000000.0,-102000000.0,904000000.0,1453000000.0,-1698000000.0,-65000000.0,-63000000.0,-2985000000.0,1287000000.0,-15000000.0,1272000000.0,-245000000.0,330600000.0,332700000.0,337900000.0
Motorola Solutions Inc,MSI,6S552MUG6KGJVEBSEC55,68505,2010.0,Q2,2010-04-04,2010-07-03,2011-07-28 16:11:26+00:00,0.49,0.49,,0.48,122000000.0,166000000.0,7000000.0,159000000.0,162000000.0,4000000.0,971000000.0,1936000000.0,,-30000000.0,,269000000.0,535000000.0,971000000.0,965000000.0,,-2000000.0,804000000.0,161000000.0,-32000000.0,129000000.0,1936000000.0,330600000.0,332700000.0,337900000.0
Motorola Solutions Inc,MSI,6S552MUG6KGJVEBSEC55,68505,2010.0,Q1TTM,2009-04-05,2010-04-03,,0.75,0.75,-1.0,0.75,347000000.0,268000000.0,829000000.0,-561000000.0,249000000.0,19000000.0,482000000.0,3316000000.0,,36000000.0,,404000000.0,1294000000.0,482000000.0,2834000000.0,-35000000.0,-31000000.0,1698000000.0,1136000000.0,40000000.0,1176000000.0,3316000000.0,328600000.0,330800000.0,334500000.0
Motorola Solutions Inc,MSI,6S552MUG6KGJVEBSEC55,68505,2010.0,Q1,2010-01-01,2010-04-03,2011-05-02 12:51:20+00:00,0.21,0.21,,0.21,13000000.0,68000000.0,96000000.0,-28000000.0,69000000.0,-1000000.0,887000000.0,1740000000.0,,15000000.0,,258000000.0,475000000.0,887000000.0,853000000.0,,-26000000.0,733000000.0,120000000.0,-11000000.0,109000000.0,1740000000.0,328600000.0,330800000.0,334500000.0
Motorola Solutions Inc,MSI,6S552MUG6KGJVEBSEC55,68505,2011.0,Q4,2011-10-02,2011-12-31,,0.55,0.55,0.33,0.55,90000000.0,184000000.0,177000000.0,7000000.0,184000000.0,,1140000000.0,2300000000.0,,4000000.0,,266000000.0,618000000.0,1140000000.0,1160000000.0,,-13000000.0,884000000.0,276000000.0,-9000000.0,267000000.0,2300000000.0,333700000.0,333800000.0,339700000.0
Motorola Solutions Inc,MSI,6S552MUG6KGJVEBSEC55,68505,2011.0,FY,2011-01-01,2011-12-31,2014-02-13 15:22:11+00:00,3.47,3.47,0.22,3.41,-3000000.0,1152000000.0,741000000.0,411000000.0,1158000000.0,-6000000.0,4057000000.0,8203000000.0,,-69000000.0,,1035000000.0,2253000000.0,4057000000.0,4146000000.0,,-51000000.0,3288000000.0,858000000.0,-120000000.0,738000000.0,8203000000.0,333700000.0,333800000.0,339700000.0
Motorola Solutions Inc,MSI,6S552MUG6KGJVEBSEC55,68505,2011.0,Q3YTD,2011-01-01,2011-10-01,,2.9,2.9,-0.3,2.9,-93000000.0,968000000.0,564000000.0,404000000.0,974000000.0,-6000000.0,2917000000.0,5903000000.0,,-73000000.0,,769000000.0,1635000000.0,2917000000.0,2986000000.0,,-38000000.0,2404000000.0,582000000.0,-111000000.0,471000000.0,5903000000.0,336800000.0,335400000.0,339500000.0
Motorola Solutions Inc,MSI,6S552MUG6KGJVEBSEC55,68505,2011.0,Q3TTM,2010-10-03,2011-10-01,,3.77,3.77,-0.76,3.77,-28000000.0,1272000000.0,733000000.0,539000000.0,1266000000.0,6000000.0,3920000000.0,7936000000.0,,-71000000.0,,1017000000.0,2158000000.0,3920000000.0,4016000000.0,,-65000000.0,3175000000.0,841000000.0,-136000000.0,705000000.0,7936000000.0,336800000.0,335400000.0,339500000.0
Motorola Solutions Inc,MSI,6S552MUG6KGJVEBSEC55,68505,2011.0,Q3,2011-07-03,2011-10-01,2012-10-24 10:13:18+00:00,0.38,0.38,0.0,0.38,83000000.0,130000000.0,155000000.0,-25000000.0,128000000.0,2000000.0,1030000000.0,2085000000.0,,0.0,,270000000.0,531000000.0,1030000000.0,1055000000.0,,-16000000.0,801000000.0,254000000.0,-16000000.0,238000000.0,2085000000.0,336800000.0,335400000.0,339500000.0
Motorola Solutions Inc,MSI,6S552MUG6KGJVEBSEC55,68505,2011.0,Q2YTD,2011-01-01,2011-07-02,,2.48,2.48,-0.24,2.48,-176000000.0,838000000.0,409000000.0,429000000.0,846000000.0,-8000000.0,1887000000.0,3818000000.0,,-73000000.0,,499000000.0,1104000000.0,1887000000.0,1931000000.0,,-22000000.0,1603000000.0,328000000.0,-95000000.0,233000000.0,3818000000.0,342200000.0,341200000.0,348500000.0
Motorola Solutions Inc,MSI,6S552MUG6KGJVEBSEC55,68505,2011.0,Q2TTM,2010-07-04,2011-07-02,,3.66,3.66,-1.02,3.66,92000000.0,1254000000.0,567000000.0,687000000.0,1248000000.0,6000000.0,3834000000.0,7759000000.0,,-65000000.0,,1009000000.0,2118000000.0,3834000000.0,3925000000.0,,-74000000.0,3127000000.0,798000000.0,-139000000.0,659000000.0,7759000000.0,342200000.0,341200000.0,348500000.0
Motorola Solutions Inc,MSI,6S552MUG6KGJVEBSEC55,68505,2011.0,Q2,2011-04-03,2011-07-02,2012-07-25 10:46:42+00:00,1.02,1.02,0.0,1.0,13000000.0,347000000.0,48000000.0,299000000.0,349000000.0,-2000000.0,977000000.0,1984000000.0,,-78000000.0,,260000000.0,588000000.0,977000000.0,1007000000.0,,-20000000.0,848000000.0,159000000.0,-98000000.0,61000000.0,1984000000.0,342200000.0,341200000.0,348500000.0
Motorola Solutions Inc,MSI,6S552MUG6KGJVEBSEC55,68505,2011.0,Q1TTM,2010-04-04,2011-04-02,,3.14,3.14,-1.8,3.14,201000000.0,1073000000.0,526000000.0,547000000.0,1061000000.0,12000000.0,3828000000.0,7711000000.0,,-17000000.0,,1018000000.0,2065000000.0,3828000000.0,3883000000.0,,-56000000.0,3083000000.0,800000000.0,-73000000.0,727000000.0,7711000000.0,338100000.0,337400000.0,344200000.0
Motorola Solutions Inc,MSI,6S552MUG6KGJVEBSEC55,68505,2011.0,Q1,2011-01-01,2011-04-02,2012-05-14 16:19:02+00:00,1.47,1.47,0.0,1.44,-189000000.0,491000000.0,361000000.0,130000000.0,497000000.0,-6000000.0,910000000.0,1834000000.0,,5000000.0,,239000000.0,516000000.0,910000000.0,924000000.0,,-2000000.0,755000000.0,169000000.0,3000000.0,172000000.0,1834000000.0,338100000.0,337400000.0,344200000.0
Motorola Solutions Inc,MSI,6S552MUG6KGJVEBSEC55,68505,2012.0,Q4,2012-09-30,2012-12-31,,1.15,1.15,-0.78,1.15,-55000000.0,336000000.0,128000000.0,-3000000.0,336000000.0,,-62000000.0,12000000.0,211000000.0,20000000.0,,5000000.0,-17000000.0,-62000000.0,74000000.0,,-33000000.0,-12000000.0,86000000.0,-13000000.0,73000000.0,12000000.0,291700000.0,292100000.0,297400000.0
Motorola Solutions Inc,MSI,6S552MUG6KGJVEBSEC55,68505,2012.0,FY,2012-01-01,2012-12-31,2015-02-13 14:12:13+00:00,3.02,3.02,0.96,2.96,211000000.0,881000000.0,670000000.0,,881000000.0,0.0,3075000000.0,6269000000.0,211000000.0,1000000.0,,790000000.0,1484000000.0,3075000000.0,3194000000.0,,-40000000.0,2274000000.0,920000000.0,-39000000.0,881000000.0,6269000000.0,291700000.0,292100000.0,297400000.0
Motorola Solutions Inc,MSI,6S552MUG6KGJVEBSEC55,68505,2012.0,Q3YTD,2012-01-01,2012-09-29,,1.93,1.93,0.99,1.93,266000000.0,545000000.0,542000000.0,3000000.0,545000000.0,,3137000000.0,6257000000.0,,-19000000.0,,785000000.0,1501000000.0,3137000000.0,3120000000.0,,-7000000.0,2286000000.0,834000000.0,-26000000.0,808000000.0,6257000000.0,282200000.0,283100000.0,287400000.0
Motorola Solutions Inc,MSI,6S552MUG6KGJVEBSEC55,68505,2012.0,Q3TTM,2011-10-02,2012-09-29,,2.58,2.58,1.38,2.58,356000000.0,729000000.0,719000000.0,10000000.0,729000000.0,,4277000000.0,8557000000.0,,-15000000.0,,1051000000.0,2119000000.0,4277000000.0,4280000000.0,,-20000000.0,3170000000.0,1110000000.0,-35000000.0,1075000000.0,8557000000.0,282200000.0,283100000.0,287400000.0
Motorola Solutions Inc,MSI,6S552MUG6KGJVEBSEC55,68505,2012.0,Q3,2012-07-01,2012-09-29,2013-10-23 10:59:26+00:00,0.73,0.73,0.26,0.72,118000000.0,206000000.0,206000000.0,0.0,206000000.0,0.0,1066000000.0,2153000000.0,,-3000000.0,,262000000.0,501000000.0,1066000000.0,1087000000.0,,3000000.0,763000000.0,324000000.0,,324000000.0,2153000000.0,282200000.0,283100000.0,287400000.0
Motorola Solutions Inc,MSI,6S552MUG6KGJVEBSEC55,68505,2012.0,Q2YTD,2012-01-01,2012-06-30,,1.17,1.17,0.5,1.17,148000000.0,339000000.0,336000000.0,3000000.0,339000000.0,,2071000000.0,4104000000.0,,-16000000.0,,523000000.0,1000000000.0,2071000000.0,2033000000.0,,-10000000.0,1523000000.0,510000000.0,-26000000.0,484000000.0,4104000000.0,288900000.0,290600000.0,296100000.0
Motorola Solutions Inc,MSI,6S552MUG6KGJVEBSEC55,68505,2012.0,Q2TTM,2011-07-03,2012-06-30,,2.24,2.24,0.81,2.24,321000000.0,653000000.0,668000000.0,-15000000.0,651000000.0,2000000.0,4241000000.0,8489000000.0,,-12000000.0,,1059000000.0,2149000000.0,4241000000.0,4248000000.0,,-39000000.0,3208000000.0,1040000000.0,-51000000.0,989000000.0,8489000000.0,288900000.0,290600000.0,296100000.0
Motorola Solutions Inc,MSI,6S552MUG6KGJVEBSEC55,68505,2012.0,Q2,2012-04-01,2012-06-30,2013-07-24 10:51:48+00:00,0.63,0.63,0.22,0.61,63000000.0,182000000.0,177000000.0,5000000.0,182000000.0,0.0,1088000000.0,2148000000.0,,-25000000.0,,269000000.0,513000000.0,1088000000.0,1060000000.0,,-13000000.0,782000000.0,278000000.0,-38000000.0,240000000.0,2148000000.0,288900000.0,290600000.0,296100000.0
Motorola Solutions Inc,MSI,6S552MUG6KGJVEBSEC55,68505,2012.0,Q1TTM,2011-04-03,2012-03-31,,2.63,2.63,0.96,2.63,271000000.0,818000000.0,539000000.0,279000000.0,818000000.0,,4130000000.0,8325000000.0,,-65000000.0,,1050000000.0,2224000000.0,4130000000.0,4195000000.0,,-46000000.0,3274000000.0,921000000.0,-111000000.0,810000000.0,8325000000.0,314000000.0,311300000.0,317700000.0
Motorola Solutions Inc,MSI,6S552MUG6KGJVEBSEC55,68505,2012.0,Q1,2012-01-01,2012-03-31,2013-05-28 14:10:23+00:00,0.5,0.5,0.22,0.49,85000000.0,157000000.0,159000000.0,-2000000.0,157000000.0,,983000000.0,1956000000.0,,9000000.0,,254000000.0,487000000.0,983000000.0,973000000.0,,3000000.0,741000000.0,232000000.0,12000000.0,244000000.0,1956000000.0,314000000.0,311300000.0,317700000.0
Motorola Solutions Inc,MSI,6S552MUG6KGJVEBSEC55,68505,2013.0,Q4,2013-09-29,2013-12-31,,1.3,1.3,0.31,1.28,-2000000.0,343000000.0,258000000.0,-81000000.0,342000000.0,1000000.0,601000000.0,1240000000.0,166000000.0,-3000000.0,,121000000.0,236000000.0,601000000.0,639000000.0,,-23000000.0,357000000.0,282000000.0,-26000000.0,256000000.0,1240000000.0,266100000.0,266000000.0,270500000.0
Motorola Solutions Inc,MSI,6S552MUG6KGJVEBSEC55,68505,2013.0,FY,2013-01-01,2013-12-31,2015-02-13 14:12:13+00:00,4.13,4.13,1.14,4.06,-59000000.0,1105000000.0,939000000.0,,1099000000.0,6000000.0,3118000000.0,6227000000.0,166000000.0,9000000.0,,761000000.0,1401000000.0,3118000000.0,3109000000.0,,-76000000.0,2162000000.0,947000000.0,-67000000.0,880000000.0,6227000000.0,266100000.0,266000000.0,270500000.0
Motorola Solutions Inc,MSI,6S552MUG6KGJVEBSEC55,68505,2013.0,Q3YTD,2013-01-01,2013-09-28,,2.89,2.89,-0.01,2.89,-57000000.0,762000000.0,681000000.0,81000000.0,757000000.0,5000000.0,2517000000.0,4987000000.0,,12000000.0,,640000000.0,1165000000.0,2517000000.0,2470000000.0,,-53000000.0,1805000000.0,665000000.0,-41000000.0,624000000.0,4987000000.0,262400000.0,262200000.0,265300000.0
Motorola Solutions Inc,MSI,6S552MUG6KGJVEBSEC55,68505,2013.0,Q3TTM,2012-09-30,2013-09-28,,4.17,4.17,-0.88,4.17,-112000000.0,1098000000.0,809000000.0,78000000.0,1093000000.0,5000000.0,2455000000.0,4999000000.0,211000000.0,32000000.0,,645000000.0,1148000000.0,2455000000.0,2544000000.0,,-86000000.0,1793000000.0,751000000.0,-54000000.0,697000000.0,4999000000.0,262400000.0,262200000.0,265300000.0
Motorola Solutions Inc,MSI,6S552MUG6KGJVEBSEC55,68505,2013.0,Q3,2013-06-30,2013-09-28,2014-11-04 12:13:31+00:00,1.17,1.17,0.31,1.16,-11000000.0,308000000.0,262000000.0,46000000.0,307000000.0,1000000.0,752000000.0,1517000000.0,,8000000.0,,183000000.0,336000000.0,752000000.0,765000000.0,,-3000000.0,519000000.0,246000000.0,5000000.0,251000000.0,1517000000.0,262400000.0,262200000.0,265300000.0
Motorola Solutions Inc,MSI,6S552MUG6KGJVEBSEC55,68505,2013.0,Q2YTD,2013-01-01,2013-06-29,,1.67,1.67,0.02,1.67,-46000000.0,454000000.0,419000000.0,35000000.0,450000000.0,4000000.0,1765000000.0,3470000000.0,,4000000.0,,457000000.0,829000000.0,1765000000.0,1705000000.0,,-50000000.0,1286000000.0,419000000.0,-46000000.0,373000000.0,3470000000.0,268800000.0,269500000.0,274700000.0
Motorola Solutions Inc,MSI,6S552MUG6KGJVEBSEC55,68505,2013.0,Q2TTM,2012-07-01,2013-06-29,,3.68,3.68,-0.32,3.68,17000000.0,996000000.0,753000000.0,32000000.0,992000000.0,4000000.0,2769000000.0,5635000000.0,211000000.0,21000000.0,,724000000.0,1313000000.0,2769000000.0,2866000000.0,,-80000000.0,2037000000.0,829000000.0,-59000000.0,770000000.0,5635000000.0,268800000.0,269500000.0,274700000.0
Motorola Solutions Inc,MSI,6S552MUG6KGJVEBSEC55,68505,2013.0,Q2,2013-03-31,2013-06-29,2014-08-05 10:44:10+00:00,0.96,0.96,0.26,0.94,-59000000.0,262000000.0,227000000.0,35000000.0,258000000.0,4000000.0,747000000.0,1497000000.0,,-3000000.0,,195000000.0,352000000.0,747000000.0,750000000.0,,-32000000.0,547000000.0,203000000.0,-35000000.0,168000000.0,1497000000.0,268800000.0,269500000.0,274700000.0
Motorola Solutions Inc,MSI,6S552MUG6KGJVEBSEC55,68505,2013.0,Q1TTM,2012-04-01,2013-03-30,,3.34,3.34,0.16,3.34,139000000.0,916000000.0,703000000.0,2000000.0,916000000.0,,3110000000.0,6286000000.0,211000000.0,-1000000.0,,798000000.0,1474000000.0,3110000000.0,3176000000.0,,-61000000.0,2272000000.0,904000000.0,-62000000.0,842000000.0,6286000000.0,274300000.0,274500000.0,280700000.0
Motorola Solutions Inc,MSI,6S552MUG6KGJVEBSEC55,68505,2013.0,Q1,2013-01-01,2013-03-30,2013-05-28 14:10:23+00:00,0.7,0.7,0.26,0.68,13000000.0,192000000.0,192000000.0,0.0,192000000.0,,1018000000.0,1973000000.0,,7000000.0,,262000000.0,477000000.0,1018000000.0,955000000.0,,-18000000.0,739000000.0,216000000.0,-11000000.0,205000000.0,1973000000.0,274300000.0,274500000.0,280700000.0
Motorola Solutions Inc,MSI,6S552MUG6KGJVEBSEC55,68505,2014.0,FY,2014-01-01,2014-12-31,2017-02-21 06:11:48+00:00,5.29,5.29,1.3,5.29,-465000000.0,1300000000.0,-696000000.0,,1299000000.0,1000000.0,3050000000.0,5881000000.0,1996000000.0,-34000000.0,,681000000.0,3156000000.0,3050000000.0,2831000000.0,,-121000000.0,3837000000.0,-1006000000.0,-155000000.0,-1161000000.0,5881000000.0,245600000.0,245600000.0,245600000.0
Motorola Solutions Inc,MSI,6S552MUG6KGJVEBSEC55,68505,2014.0,Q4,2014-09-28,2014-12-31,,0.94,0.94,0.34,0.99,-573000000.0,201000000.0,-926000000.0,-869000000.0,201000000.0,,911000000.0,1824000000.0,1996000000.0,-1000000.0,,165000000.0,2206000000.0,911000000.0,913000000.0,,-40000000.0,2371000000.0,-1458000000.0,-41000000.0,-1499000000.0,1824000000.0,245600000.0,245600000.0,245600000.0
Motorola Solutions Inc,MSI,6S552MUG6KGJVEBSEC55,68505,2014.0,Q3,2014-06-29,2014-09-27,2015-11-04 10:21:52+00:00,0.6,0.6,0.34,0.59,84000000.0,148000000.0,67000000.0,81000000.0,147000000.0,1000000.0,751000000.0,1436000000.0,,-26000000.0,,166000000.0,312000000.0,751000000.0,685000000.0,,-30000000.0,478000000.0,207000000.0,-56000000.0,151000000.0,1436000000.0,245000000.0,246300000.0,248200000.0
Motorola Solutions Inc,MSI,6S552MUG6KGJVEBSEC55,68505,2014.0,Q3YTD,2014-01-01,2014-09-27,,4.35,4.35,0.96,4.3,108000000.0,1099000000.0,230000000.0,869000000.0,1098000000.0,1000000.0,2139000000.0,4057000000.0,,-33000000.0,,516000000.0,950000000.0,2139000000.0,1918000000.0,,-81000000.0,1466000000.0,452000000.0,-114000000.0,338000000.0,4057000000.0,245000000.0,246300000.0,248200000.0
Motorola Solutions Inc,MSI,6S552MUG6KGJVEBSEC55,68505,2014.0,Q3TTM,2013-09-29,2014-09-27,,5.65,5.65,1.27,5.58,106000000.0,1442000000.0,488000000.0,788000000.0,1440000000.0,2000000.0,2740000000.0,5297000000.0,166000000.0,-36000000.0,,637000000.0,1186000000.0,2740000000.0,2557000000.0,,-104000000.0,1823000000.0,734000000.0,-140000000.0,594000000.0,5297000000.0,245000000.0,246300000.0,248200000.0
Motorola Solutions Inc,MSI,6S552MUG6KGJVEBSEC55,68505,2014.0,Q2,2014-03-30,2014-06-28,2015-08-05 09:15:53+00:00,3.25,3.25,0.31,3.22,20000000.0,824000000.0,78000000.0,746000000.0,824000000.0,0.0,737000000.0,1393000000.0,,-7000000.0,,176000000.0,342000000.0,737000000.0,656000000.0,,-33000000.0,518000000.0,138000000.0,-40000000.0,98000000.0,1393000000.0,253500000.0,253700000.0,256200000.0
Motorola Solutions Inc,MSI,6S552MUG6KGJVEBSEC55,68505,2014.0,Q2YTD,2014-01-01,2014-06-28,,3.75,3.75,0.62,3.71,24000000.0,951000000.0,163000000.0,788000000.0,951000000.0,,1388000000.0,2621000000.0,,-7000000.0,,350000000.0,638000000.0,1388000000.0,1233000000.0,,-51000000.0,988000000.0,245000000.0,-58000000.0,187000000.0,2621000000.0,253500000.0,253700000.0,256200000.0
Motorola Solutions Inc,MSI,6S552MUG6KGJVEBSEC55,68505,2014.0,Q2TTM,2013-06-30,2014-06-28,,6.22,6.22,1.24,6.15,11000000.0,1602000000.0,683000000.0,753000000.0,1600000000.0,2000000.0,2741000000.0,5378000000.0,166000000.0,-2000000.0,,654000000.0,1210000000.0,2741000000.0,2637000000.0,,-77000000.0,1864000000.0,773000000.0,-79000000.0,694000000.0,5378000000.0,253500000.0,253700000.0,256200000.0
Motorola Solutions Inc,MSI,6S552MUG6KGJVEBSEC55,68505,2014.0,Q1,2014-01-01,2014-03-29,2015-05-06 10:18:56+00:00,0.5,0.5,0.31,0.49,4000000.0,127000000.0,85000000.0,42000000.0,127000000.0,0.0,651000000.0,1228000000.0,,0.0,,174000000.0,296000000.0,651000000.0,577000000.0,,-18000000.0,470000000.0,107000000.0,-18000000.0,89000000.0,1228000000.0,254000000.0,254100000.0,258300000.0
Motorola Solutions Inc,MSI,6S552MUG6KGJVEBSEC55,68505,2014.0,Q1TTM,2013-03-31,2014-03-29,,3.93,3.93,1.19,3.87,-68000000.0,1040000000.0,832000000.0,42000000.0,1034000000.0,6000000.0,2751000000.0,5482000000.0,166000000.0,2000000.0,,673000000.0,1220000000.0,2751000000.0,2731000000.0,,-76000000.0,1893000000.0,838000000.0,-74000000.0,764000000.0,5482000000.0,254000000.0,254100000.0,258300000.0
Motorola Solutions Inc,MSI,6S552MUG6KGJVEBSEC55,68505,2015.0,FY,2015-01-01,2015-12-31,2018-02-16 15:14:22+00:00,3.06,3.06,1.43,3.02,274000000.0,613000000.0,643000000.0,,610000000.0,3000000.0,2976000000.0,5695000000.0,-30000000.0,-11000000.0,,620000000.0,1105000000.0,2976000000.0,2719000000.0,,-66000000.0,1725000000.0,994000000.0,-77000000.0,917000000.0,5695000000.0,199300000.0,199600000.0,201800000.0
Motorola Solutions Inc,MSI,6S552MUG6KGJVEBSEC55,68505,2015.0,Q4,2015-10-04,2015-12-31,,1.46,1.46,0.41,1.43,99000000.0,280000000.0,278000000.0,32000000.0,279000000.0,1000000.0,844000000.0,1682000000.0,-30000000.0,-9000000.0,-26000000.0,152000000.0,322000000.0,844000000.0,838000000.0,,-4000000.0,448000000.0,390000000.0,-13000000.0,377000000.0,1682000000.0,199300000.0,199600000.0,201800000.0
Motorola Solutions Inc,MSI,6S552MUG6KGJVEBSEC55,68505,2015.0,Q3,2015-07-05,2015-10-03,2016-11-03 17:49:30+00:00,0.58,0.58,0.34,0.57,71000000.0,115000000.0,126000000.0,-11000000.0,115000000.0,0.0,737000000.0,1422000000.0,,-1000000.0,42000000.0,153000000.0,259000000.0,737000000.0,685000000.0,,-33000000.0,454000000.0,231000000.0,-34000000.0,197000000.0,1422000000.0,198300000.0,199200000.0,201300000.0
Motorola Solutions Inc,MSI,6S552MUG6KGJVEBSEC55,68505,2015.0,Q3YTD,2015-01-01,2015-10-03,,1.6,1.6,1.02,1.59,175000000.0,333000000.0,365000000.0,-32000000.0,331000000.0,2000000.0,2132000000.0,4013000000.0,,-2000000.0,26000000.0,468000000.0,783000000.0,2132000000.0,1881000000.0,,-62000000.0,1277000000.0,604000000.0,-64000000.0,540000000.0,4013000000.0,198300000.0,199200000.0,201300000.0
Motorola Solutions Inc,MSI,6S552MUG6KGJVEBSEC55,68505,2015.0,Q3TTM,2014-09-28,2015-10-03,,2.54,2.54,1.36,2.58,-398000000.0,534000000.0,-561000000.0,-901000000.0,532000000.0,2000000.0,3043000000.0,5837000000.0,1996000000.0,-3000000.0,26000000.0,633000000.0,2989000000.0,3043000000.0,2794000000.0,,-102000000.0,3648000000.0,-854000000.0,-105000000.0,-959000000.0,5837000000.0,198300000.0,199200000.0,201300000.0
Motorola Solutions Inc,MSI,6S552MUG6KGJVEBSEC55,68505,2015.0,Q2,2015-04-05,2015-07-04,2016-08-04 17:42:30+00:00,0.68,0.68,0.34,0.68,64000000.0,143000000.0,151000000.0,-8000000.0,142000000.0,1000000.0,720000000.0,1368000000.0,,-4000000.0,-16000000.0,156000000.0,254000000.0,720000000.0,648000000.0,,-35000000.0,394000000.0,254000000.0,-39000000.0,215000000.0,1368000000.0,208800000.0,208000000.0,209500000.0
Motorola Solutions Inc,MSI,6S552MUG6KGJVEBSEC55,68505,2015.0,Q2YTD,2015-01-01,2015-07-04,,1.02,1.02,0.68,1.02,104000000.0,218000000.0,239000000.0,-21000000.0,216000000.0,2000000.0,1395000000.0,2591000000.0,,-1000000.0,-16000000.0,315000000.0,524000000.0,1395000000.0,1196000000.0,,-29000000.0,823000000.0,373000000.0,-30000000.0,343000000.0,2591000000.0,208800000.0,208000000.0,209500000.0
Motorola Solutions Inc,MSI,6S552MUG6KGJVEBSEC55,68505,2015.0,Q2TTM,2014-06-29,2015-07-04,,2.56,2.56,1.36,2.6,-385000000.0,567000000.0,-620000000.0,-809000000.0,564000000.0,3000000.0,3057000000.0,5851000000.0,1996000000.0,-28000000.0,-16000000.0,646000000.0,3042000000.0,3057000000.0,2794000000.0,,-99000000.0,3672000000.0,-878000000.0,-127000000.0,-1005000000.0,5851000000.0,208800000.0,208000000.0,209500000.0
Motorola Solutions Inc,MSI,6S552MUG6KGJVEBSEC55,68505,2015.0,Q1,2015-01-01,2015-04-04,2016-05-05 17:44:30+00:00,0.34,0.34,0.34,0.34,40000000.0,75000000.0,88000000.0,-13000000.0,74000000.0,1000000.0,675000000.0,1223000000.0,,3000000.0,,159000000.0,270000000.0,675000000.0,548000000.0,,6000000.0,429000000.0,119000000.0,9000000.0,128000000.0,1223000000.0,217600000.0,215300000.0,217800000.0
Motorola Solutions Inc,MSI,6S552MUG6KGJVEBSEC55,68505,2015.0,Q1TTM,2014-03-30,2015-04-04,,5.13,5.13,1.33,5.14,-429000000.0,1248000000.0,-693000000.0,-55000000.0,1246000000.0,2000000.0,3074000000.0,5876000000.0,1996000000.0,-31000000.0,,666000000.0,3130000000.0,3074000000.0,2802000000.0,,-97000000.0,3796000000.0,-994000000.0,-128000000.0,-1122000000.0,5876000000.0,217600000.0,215300000.0,217800000.0
Motorola Solutions Inc,MSI,6S552MUG6KGJVEBSEC55,68505,2016.0,FY,2016-01-01,2016-12-31,2019-02-15 14:38:15+00:00,,,1.7,,282000000.0,562000000.0,562000000.0,,560000000.0,2000000.0,3169000000.0,6038000000.0,,7000000.0,224000000.0,553000000.0,1044000000.0,3169000000.0,2869000000.0,,-211000000.0,1821000000.0,1048000000.0,-204000000.0,844000000.0,6038000000.0,,169600000.0,173100000.0
Motorola Solutions Inc,MSI,6S552MUG6KGJVEBSEC55,68505,2016.0,Q4,2016-10-02,2016-12-31,,-1.87,-1.87,0.47,-1.84,118000000.0,244000000.0,244000000.0,,244000000.0,,954000000.0,1883000000.0,,20000000.0,80000000.0,143000000.0,323000000.0,954000000.0,929000000.0,,-41000000.0,546000000.0,383000000.0,-21000000.0,362000000.0,1883000000.0,,169600000.0,173100000.0
Motorola Solutions Inc,MSI,6S552MUG6KGJVEBSEC55,68505,2016.0,Q3,2016-07-03,2016-10-01,2017-11-02 18:21:33+00:00,1.15,1.15,0.41,1.13,100000000.0,193000000.0,193000000.0,,192000000.0,1000000.0,770000000.0,1532000000.0,,-1000000.0,37000000.0,137000000.0,247000000.0,770000000.0,762000000.0,,-47000000.0,421000000.0,341000000.0,-48000000.0,293000000.0,1532000000.0,167000000.0,166300000.0,169600000.0
Motorola Solutions Inc,MSI,6S552MUG6KGJVEBSEC55,68505,2016.0,Q3YTD,2016-01-01,2016-10-01,,1.87,1.87,1.23,1.84,164000000.0,318000000.0,318000000.0,,316000000.0,2000000.0,2215000000.0,4155000000.0,,-13000000.0,144000000.0,410000000.0,721000000.0,2215000000.0,1940000000.0,,-170000000.0,1275000000.0,665000000.0,-183000000.0,482000000.0,4155000000.0,167000000.0,166300000.0,169600000.0
Motorola Solutions Inc,MSI,6S552MUG6KGJVEBSEC55,68505,2016.0,Q3TTM,2015-10-04,2016-10-01,,3.33,3.33,1.64,3.27,263000000.0,598000000.0,596000000.0,32000000.0,595000000.0,3000000.0,3059000000.0,5837000000.0,-30000000.0,-22000000.0,118000000.0,562000000.0,1043000000.0,3059000000.0,2778000000.0,,-174000000.0,1723000000.0,1055000000.0,-196000000.0,859000000.0,5837000000.0,167000000.0,166300000.0,169600000.0
Motorola Solutions Inc,MSI,6S552MUG6KGJVEBSEC55,68505,2016.0,Q2,2016-04-03,2016-07-02,2017-08-03 18:11:05+00:00,0.62,0.62,0.41,0.61,59000000.0,108000000.0,108000000.0,,107000000.0,1000000.0,754000000.0,1430000000.0,,-4000000.0,74000000.0,138000000.0,240000000.0,754000000.0,676000000.0,,-53000000.0,452000000.0,224000000.0,-57000000.0,167000000.0,1430000000.0,172600000.0,171900000.0,174800000.0
Motorola Solutions Inc,MSI,6S552MUG6KGJVEBSEC55,68505,2016.0,Q2YTD,2016-01-01,2016-07-02,,0.72,0.72,0.82,0.71,64000000.0,125000000.0,125000000.0,,124000000.0,1000000.0,1445000000.0,2623000000.0,,-12000000.0,107000000.0,273000000.0,474000000.0,1445000000.0,1178000000.0,,-123000000.0,854000000.0,324000000.0,-135000000.0,189000000.0,2623000000.0,172600000.0,171900000.0,174800000.0
Motorola Solutions Inc,MSI,6S552MUG6KGJVEBSEC55,68505,2016.0,Q2TTM,2015-07-05,2016-07-02,,2.76,2.76,1.57,2.71,234000000.0,520000000.0,529000000.0,21000000.0,518000000.0,2000000.0,3026000000.0,5727000000.0,-30000000.0,-22000000.0,123000000.0,578000000.0,1055000000.0,3026000000.0,2701000000.0,,-160000000.0,1756000000.0,945000000.0,-182000000.0,763000000.0,5727000000.0,172600000.0,171900000.0,174800000.0
Motorola Solutions Inc,MSI,6S552MUG6KGJVEBSEC55,68505,2016.0,Q1,2016-01-01,2016-04-02,2017-05-04 17:57:35+00:00,0.1,0.1,0.41,0.1,5000000.0,17000000.0,17000000.0,,17000000.0,0.0,691000000.0,1193000000.0,,-8000000.0,33000000.0,135000000.0,234000000.0,691000000.0,502000000.0,,-70000000.0,402000000.0,100000000.0,-78000000.0,22000000.0,1193000000.0,170000000.0,174500000.0,177000000.0
Motorola Solutions Inc,MSI,6S552MUG6KGJVEBSEC55,68505,2017.0,FY,2017-01-01,2017-12-31,2020-02-13 19:41:57+00:00,-0.95,-0.95,1.93,-0.95,1227000000.0,-151000000.0,-151000000.0,,-155000000.0,4000000.0,6712000000.0,12760000000.0,,-10000000.0,3171000000.0,568000000.0,1025000000.0,6712000000.0,6048000000.0,,-198000000.0,4764000000.0,1284000000.0,-208000000.0,1076000000.0,12760000000.0,163200000.0,162900000.0,162900000.0
Motorola Solutions Inc,MSI,6S552MUG6KGJVEBSEC55,68505,2017.0,Q4,2017-10-01,2017-12-31,,-3.52,-3.52,0.52,-3.43,1039000000.0,-574000000.0,-574000000.0,,-575000000.0,1000000.0,4343000000.0,8337000000.0,,8000000.0,3069000000.0,154000000.0,268000000.0,4343000000.0,3994000000.0,,-46000000.0,3491000000.0,503000000.0,-38000000.0,465000000.0,8337000000.0,163200000.0,162900000.0,162900000.0
Motorola Solutions Inc,MSI,6S552MUG6KGJVEBSEC55,68505,2017.0,Q3,2017-07-02,2017-09-30,2018-11-01 17:42:04+00:00,1.3,1.3,0.47,1.25,73000000.0,213000000.0,213000000.0,,212000000.0,1000000.0,851000000.0,1645000000.0,,-9000000.0,47000000.0,141000000.0,259000000.0,851000000.0,794000000.0,,-52000000.0,447000000.0,347000000.0,-61000000.0,286000000.0,1645000000.0,163100000.0,162300000.0,169000000.0
Motorola Solutions Inc,MSI,6S552MUG6KGJVEBSEC55,68505,2017.0,Q3YTD,2017-01-01,2017-09-30,,2.57,2.57,1.41,2.48,188000000.0,423000000.0,423000000.0,,420000000.0,3000000.0,2369000000.0,4423000000.0,,-18000000.0,102000000.0,414000000.0,757000000.0,2369000000.0,2054000000.0,,-152000000.0,1273000000.0,781000000.0,-170000000.0,611000000.0,4423000000.0,163100000.0,162300000.0,169000000.0
Motorola Solutions Inc,MSI,6S552MUG6KGJVEBSEC55,68505,2017.0,Q3TTM,2016-10-02,2017-09-30,,0.7,0.7,1.88,0.64,306000000.0,667000000.0,667000000.0,,664000000.0,3000000.0,3323000000.0,6306000000.0,,2000000.0,182000000.0,557000000.0,1080000000.0,3323000000.0,2983000000.0,,-193000000.0,1819000000.0,1164000000.0,-191000000.0,973000000.0,6306000000.0,163100000.0,162300000.0,169000000.0
Motorola Solutions Inc,MSI,6S552MUG6KGJVEBSEC55,68505,2017.0,Q2,2017-04-02,2017-07-01,2018-08-02 17:44:14+00:00,0.8,0.8,0.47,0.78,73000000.0,132000000.0,132000000.0,,131000000.0,1000000.0,807000000.0,1497000000.0,,-4000000.0,37000000.0,138000000.0,254000000.0,807000000.0,690000000.0,,-52000000.0,429000000.0,261000000.0,-56000000.0,205000000.0,1497000000.0,163800000.0,163100000.0,169000000.0
Motorola Solutions Inc,MSI,6S552MUG6KGJVEBSEC55,68505,2017.0,Q2YTD,2017-01-01,2017-07-01,,1.27,1.27,0.94,1.23,115000000.0,210000000.0,210000000.0,,208000000.0,2000000.0,1518000000.0,2778000000.0,,-9000000.0,55000000.0,273000000.0,498000000.0,1518000000.0,1260000000.0,,-100000000.0,826000000.0,434000000.0,-109000000.0,325000000.0,2778000000.0,163800000.0,163100000.0,169000000.0
Motorola Solutions Inc,MSI,6S552MUG6KGJVEBSEC55,68505,2017.0,Q2TTM,2016-07-03,2017-07-01,,0.55,0.55,1.82,0.52,333000000.0,647000000.0,647000000.0,,644000000.0,3000000.0,3242000000.0,6193000000.0,,10000000.0,172000000.0,553000000.0,1068000000.0,3242000000.0,2951000000.0,,-188000000.0,1793000000.0,1158000000.0,-178000000.0,980000000.0,6193000000.0,163800000.0,163100000.0,169000000.0
Motorola Solutions Inc,MSI,6S552MUG6KGJVEBSEC55,68505,2017.0,Q1,2017-01-01,2017-04-01,2018-05-03 17:52:26+00:00,0.47,0.47,0.47,0.45,42000000.0,78000000.0,78000000.0,,77000000.0,1000000.0,711000000.0,1281000000.0,,-5000000.0,18000000.0,135000000.0,244000000.0,711000000.0,570000000.0,,-48000000.0,397000000.0,173000000.0,-53000000.0,120000000.0,1281000000.0,163800000.0,164200000.0,169900000.0
Motorola Solutions Inc,MSI,6S552MUG6KGJVEBSEC55,68505,2017.0,Q1TTM,2016-04-03,2017-04-01,,0.37,0.37,1.76,0.35,319000000.0,623000000.0,623000000.0,,620000000.0,3000000.0,3189000000.0,6126000000.0,,10000000.0,209000000.0,553000000.0,1054000000.0,3189000000.0,2937000000.0,,-189000000.0,1816000000.0,1121000000.0,-179000000.0,942000000.0,6126000000.0,163800000.0,164200000.0,169900000.0
Motorola Solutions Inc,MSI,6S552MUG6KGJVEBSEC55,68505,2018.0,FY,2018-01-01,2018-12-31,2020-02-13 19:41:57+00:00,5.95,5.95,2.13,5.62,133000000.0,969000000.0,969000000.0,,966000000.0,3000000.0,7726000000.0,14686000000.0,,53000000.0,3814000000.0,637000000.0,1254000000.0,7726000000.0,6960000000.0,,-206000000.0,5705000000.0,1255000000.0,-153000000.0,1102000000.0,14686000000.0,162400000.0,162400000.0,172000000.0
Motorola Solutions Inc,MSI,6S552MUG6KGJVEBSEC55,68505,2018.0,Q4,2018-09-30,2018-12-31,,2.59,2.59,0.57,2.45,42000000.0,423000000.0,423000000.0,,422000000.0,1000000.0,5028000000.0,9596000000.0,,7000000.0,3550000000.0,165000000.0,336000000.0,5028000000.0,4568000000.0,,-59000000.0,4051000000.0,517000000.0,-52000000.0,465000000.0,9596000000.0,162400000.0,162400000.0,172000000.0
Motorola Solutions Inc,MSI,6S552MUG6KGJVEBSEC55,68505,2018.0,Q3,2018-07-01,2018-09-29,2019-10-30 17:53:07+00:00,1.52,1.52,0.52,1.43,22000000.0,248000000.0,248000000.0,,247000000.0,1000000.0,961000000.0,1862000000.0,,29000000.0,126000000.0,158000000.0,323000000.0,961000000.0,901000000.0,,-53000000.0,607000000.0,294000000.0,-24000000.0,270000000.0,1862000000.0,162500000.0,162600000.0,172600000.0
Motorola Solutions Inc,MSI,6S552MUG6KGJVEBSEC55,68505,2018.0,Q3YTD,2018-01-01,2018-09-29,,3.36,3.36,1.56,3.17,91000000.0,546000000.0,546000000.0,,544000000.0,2000000.0,2698000000.0,5090000000.0,,46000000.0,264000000.0,472000000.0,918000000.0,2698000000.0,2392000000.0,,-147000000.0,1654000000.0,738000000.0,-101000000.0,637000000.0,5090000000.0,162500000.0,162600000.0,172600000.0
Motorola Solutions Inc,MSI,6S552MUG6KGJVEBSEC55,68505,2018.0,Q3TTM,2017-10-01,2018-09-29,,-0.16,-0.16,2.08,-0.26,1130000000.0,-28000000.0,-28000000.0,,-31000000.0,3000000.0,7041000000.0,13427000000.0,,54000000.0,3333000000.0,626000000.0,1186000000.0,7041000000.0,6386000000.0,,-193000000.0,5145000000.0,1241000000.0,-139000000.0,1102000000.0,13427000000.0,162500000.0,162600000.0,172600000.0
Motorola Solutions Inc,MSI,6S552MUG6KGJVEBSEC55,68505,2018.0,Q2,2018-04-01,2018-06-30,2019-08-01 17:48:02+00:00,1.11,1.11,0.52,1.05,46000000.0,181000000.0,181000000.0,,180000000.0,1000000.0,938000000.0,1760000000.0,,13000000.0,71000000.0,162000000.0,316000000.0,938000000.0,822000000.0,,-59000000.0,549000000.0,273000000.0,-46000000.0,227000000.0,1760000000.0,162200000.0,162200000.0,171700000.0
Motorola Solutions Inc,MSI,6S552MUG6KGJVEBSEC55,68505,2018.0,Q2YTD,2018-01-01,2018-06-30,,1.84,1.84,1.04,1.74,69000000.0,298000000.0,298000000.0,,297000000.0,1000000.0,1737000000.0,3228000000.0,,17000000.0,138000000.0,314000000.0,595000000.0,1737000000.0,1491000000.0,,-94000000.0,1047000000.0,444000000.0,-77000000.0,367000000.0,3228000000.0,162200000.0,162200000.0,171700000.0
Motorola Solutions Inc,MSI,6S552MUG6KGJVEBSEC55,68505,2018.0,Q2TTM,2017-07-02,2018-06-30,,-0.38,-0.38,2.03,-0.44,1181000000.0,-63000000.0,-63000000.0,,-66000000.0,3000000.0,6931000000.0,13210000000.0,,16000000.0,3254000000.0,609000000.0,1122000000.0,6931000000.0,6279000000.0,,-192000000.0,4985000000.0,1294000000.0,-176000000.0,1118000000.0,13210000000.0,162200000.0,162200000.0,171700000.0
Motorola Solutions Inc,MSI,6S552MUG6KGJVEBSEC55,68505,2018.0,Q1,2018-01-01,2018-03-31,2019-05-02 17:47:19+00:00,0.73,0.73,0.52,0.69,23000000.0,117000000.0,117000000.0,,117000000.0,0.0,799000000.0,1468000000.0,,4000000.0,67000000.0,152000000.0,279000000.0,799000000.0,669000000.0,,-35000000.0,498000000.0,171000000.0,-31000000.0,140000000.0,1468000000.0,160300000.0,161400000.0,170600000.0
Motorola Solutions Inc,MSI,6S552MUG6KGJVEBSEC55,68505,2018.0,Q1TTM,2017-04-02,2018-03-31,,-0.69,-0.69,1.98,-0.71,1208000000.0,-112000000.0,-112000000.0,,-115000000.0,3000000.0,6800000000.0,12947000000.0,,-1000000.0,3220000000.0,585000000.0,1060000000.0,6800000000.0,6147000000.0,,-185000000.0,4865000000.0,1282000000.0,-186000000.0,1096000000.0,12947000000.0,160300000.0,161400000.0,170600000.0
Motorola Solutions Inc,MSI,6S552MUG6KGJVEBSEC55,68505,2019.0,Q4,2019-09-29,2019-12-31,,1.44,1.44,0.64,1.4,-50000000.0,243000000.0,243000000.0,,243000000.0,,5112000000.0,10263000000.0,,-343000000.0,4012000000.0,183000000.0,366000000.0,5112000000.0,5151000000.0,,-54000000.0,4561000000.0,590000000.0,-397000000.0,193000000.0,10263000000.0,166600000.0,166600000.0,175600000.0
Motorola Solutions Inc,MSI,6S552MUG6KGJVEBSEC55,68505,2019.0,FY,2019-01-01,2019-12-31,2020-02-13 19:41:57+00:00,5.21,5.21,2.35,4.95,130000000.0,871000000.0,871000000.0,,868000000.0,3000000.0,7912000000.0,15774000000.0,,-365000000.0,4191000000.0,687000000.0,1403000000.0,7912000000.0,7862000000.0,,-215000000.0,6281000000.0,1581000000.0,-580000000.0,1001000000.0,15774000000.0,166600000.0,166600000.0,175600000.0
Motorola Solutions Inc,MSI,6S552MUG6KGJVEBSEC55,68505,2019.0,Q3YTD,2019-01-01,2019-09-28,,3.77,3.77,1.71,3.55,180000000.0,628000000.0,628000000.0,,625000000.0,3000000.0,2800000000.0,5511000000.0,,-22000000.0,179000000.0,504000000.0,1037000000.0,2800000000.0,2711000000.0,,-161000000.0,1720000000.0,991000000.0,-183000000.0,808000000.0,5511000000.0,166900000.0,166700000.0,176400000.0
Motorola Solutions Inc,MSI,6S552MUG6KGJVEBSEC55,68505,2019.0,Q3TTM,2018-09-30,2019-09-28,,6.36,6.36,2.28,6.0,222000000.0,1051000000.0,1051000000.0,,1047000000.0,4000000.0,7828000000.0,15107000000.0,,-15000000.0,3729000000.0,669000000.0,1373000000.0,7828000000.0,7279000000.0,,-220000000.0,5771000000.0,1508000000.0,-235000000.0,1273000000.0,15107000000.0,166900000.0,166700000.0,176400000.0
Motorola Solutions Inc,MSI,6S552MUG6KGJVEBSEC55,68505,2019.0,Q3,2019-06-30,2019-09-28,2019-10-30 17:53:07+00:00,1.6,1.6,0.57,1.51,80000000.0,268000000.0,268000000.0,,267000000.0,1000000.0,987000000.0,1994000000.0,,-11000000.0,63000000.0,172000000.0,359000000.0,987000000.0,1007000000.0,,-54000000.0,594000000.0,413000000.0,-65000000.0,348000000.0,1994000000.0,166900000.0,166700000.0,176400000.0
Motorola Solutions Inc,MSI,6S552MUG6KGJVEBSEC55,68505,2019.0,Q2YTD,2019-01-01,2019-06-29,,2.17,2.17,1.14,2.04,100000000.0,360000000.0,360000000.0,,358000000.0,2000000.0,1813000000.0,3517000000.0,,-11000000.0,116000000.0,332000000.0,678000000.0,1813000000.0,1704000000.0,,-107000000.0,1126000000.0,578000000.0,-118000000.0,460000000.0,3517000000.0,165600000.0,164900000.0,176100000.0
Motorola Solutions Inc,MSI,6S552MUG6KGJVEBSEC55,68505,2019.0,Q2TTM,2018-07-01,2019-06-29,,6.28,6.28,2.23,5.92,164000000.0,1031000000.0,1031000000.0,,1027000000.0,4000000.0,7802000000.0,14975000000.0,,25000000.0,3792000000.0,655000000.0,1337000000.0,7802000000.0,7173000000.0,,-219000000.0,5784000000.0,1389000000.0,-194000000.0,1195000000.0,14975000000.0,165600000.0,164900000.0,176100000.0
Motorola Solutions Inc,MSI,6S552MUG6KGJVEBSEC55,68505,2019.0,Q2,2019-03-31,2019-06-29,2019-08-01 17:48:02+00:00,1.25,1.25,0.57,1.18,67000000.0,208000000.0,208000000.0,,207000000.0,1000000.0,929000000.0,1860000000.0,,-21000000.0,61000000.0,170000000.0,351000000.0,929000000.0,931000000.0,,-53000000.0,582000000.0,349000000.0,-74000000.0,275000000.0,1860000000.0,165600000.0,164900000.0,176100000.0
Motorola Solutions Inc,MSI,6S552MUG6KGJVEBSEC55,68505,2019.0,Q1,2019-01-01,2019-03-30,2020-05-07 17:56:29+00:00,0.92,0.92,0.57,0.86,33000000.0,152000000.0,152000000.0,,151000000.0,1000000.0,884000000.0,1657000000.0,,10000000.0,55000000.0,162000000.0,327000000.0,884000000.0,773000000.0,,-54000000.0,544000000.0,229000000.0,-44000000.0,185000000.0,1657000000.0,164100000.0,164000000.0,174600000.0
Motorola Solutions Inc,MSI,6S552MUG6KGJVEBSEC55,68505,2019.0,Q1TTM,2018-04-01,2019-03-30,,6.14,6.14,2.18,5.79,143000000.0,1004000000.0,1004000000.0,,1000000000.0,4000000.0,7811000000.0,14875000000.0,,59000000.0,3802000000.0,647000000.0,1302000000.0,7811000000.0,7064000000.0,,-225000000.0,5751000000.0,1313000000.0,-166000000.0,1147000000.0,14875000000.0,164100000.0,164000000.0,174600000.0
Motorola Solutions Inc,MSI,6S552MUG6KGJVEBSEC55,68505,2020.0,Q1TTM,2019-03-31,2020-03-28,,5.44,5.44,2.42,5.21,123000000.0,917000000.0,917000000.0,,914000000.0,3000000.0,7896000000.0,15772000000.0,,-358000000.0,4155000000.0,693000000.0,1417000000.0,7896000000.0,7876000000.0,,-213000000.0,6265000000.0,1611000000.0,-571000000.0,1040000000.0,15772000000.0,171300000.0,170600000.0,175900000.0
Motorola Solutions Inc,MSI,6S552MUG6KGJVEBSEC55,68505,2020.0,Q1,2020-01-01,2020-03-28,2020-05-07 17:56:29+00:00,1.15,1.15,0.64,1.12,26000000.0,198000000.0,198000000.0,,197000000.0,1000000.0,868000000.0,1655000000.0,,17000000.0,19000000.0,168000000.0,341000000.0,868000000.0,787000000.0,,-52000000.0,528000000.0,259000000.0,-35000000.0,224000000.0,1655000000.0,171300000.0,170600000.0,175900000.0
