company_name,company_ticker,company_lei,company_cik,year,quarter,start_date,end_date,filing_date,basicdilutedeps,basiceps,cashdividendspershare,dilutedeps,incometaxexpense,netincome,netincomecontinuing,netincomediscontinued,netincometocommon,netincometononcontrollinginterest,operatingcostofrevenue,operatingrevenue,otheradjustmentstonetincometocommon,otherincome,rdexpense,sgaexpense,totalcostofrevenue,totalgrossprofit,totalinterestexpense,totalinterestincome,totaloperatingexpenses,totaloperatingincome,totalotherincome,totalpretaxincome,totalrevenue,weightedavebasicdilutedsharesos,weightedavebasicsharesos,weightedavedilutedsharesos
Raytheon Co,RTN,YR6K3WJN0KKLUPZSNL57,1047122,2007.0,FY,2007-01-01,2007-12-31,2010-02-24 10:09:09+00:00,5.88,5.88,,5.75,532000000.0,2604000000.0,1719000000.0,885000000.0,2578000000.0,26000000.0,17011000000.0,21301000000.0,,-70000000.0,502000000.0,1434000000.0,17011000000.0,4290000000.0,196000000.0,163000000.0,1936000000.0,2354000000.0,-103000000.0,2251000000.0,21301000000.0,438400000.0,438400000.0,448300000.0
Raytheon Co,RTN,YR6K3WJN0KKLUPZSNL57,1047122,2008.0,FY,2008-01-01,2008-12-31,2011-02-23 09:09:43+00:00,4.01,4.01,1.12,3.92,824000000.0,1696000000.0,1698000000.0,-2000000.0,1672000000.0,24000000.0,18489000000.0,23174000000.0,,-33000000.0,517000000.0,1548000000.0,18489000000.0,4685000000.0,129000000.0,64000000.0,2065000000.0,2620000000.0,-98000000.0,2522000000.0,23174000000.0,417200000.0,417200000.0,417200000.0
Raytheon Co,RTN,YR6K3WJN0KKLUPZSNL57,1047122,2008.0,Q3,2008-06-30,2008-09-28,2009-10-22 17:23:10+00:00,,1.03,,1.0,222000000.0,437000000.0,437000000.0,0.0,427000000.0,10000000.0,4664000000.0,5864000000.0,,-18000000.0,130000000.0,380000000.0,4664000000.0,1200000000.0,29000000.0,16000000.0,510000000.0,690000000.0,-31000000.0,659000000.0,5864000000.0,,414600000.0,427000000.0
Raytheon Co,RTN,YR6K3WJN0KKLUPZSNL57,1047122,2008.0,Q2,2008-03-31,2008-06-29,2009-07-23 11:48:03+00:00,1.02,1.02,,0.99,221000000.0,432000000.0,432000000.0,0.0,426000000.0,6000000.0,4664000000.0,5870000000.0,,2000000.0,142000000.0,396000000.0,4664000000.0,1206000000.0,34000000.0,17000000.0,538000000.0,668000000.0,-15000000.0,653000000.0,5870000000.0,417600000.0,417600000.0,430300000.0
Raytheon Co,RTN,YR6K3WJN0KKLUPZSNL57,1047122,2009.0,Q4,2009-09-28,2009-12-31,,1.33,1.33,1.24,1.29,237000000.0,517000000.0,517000000.0,,504000000.0,13000000.0,5317000000.0,6667000000.0,,-21000000.0,158000000.0,392000000.0,5317000000.0,1350000000.0,28000000.0,3000000.0,550000000.0,800000000.0,-46000000.0,754000000.0,6667000000.0,390400000.0,390400000.0,390400000.0
Raytheon Co,RTN,YR6K3WJN0KKLUPZSNL57,1047122,2009.0,FY,2009-01-01,2009-12-31,2012-02-22 16:37:34+00:00,4.96,4.96,1.24,4.89,953000000.0,1976000000.0,1977000000.0,-1000000.0,1935000000.0,41000000.0,19747000000.0,24881000000.0,,-3000000.0,565000000.0,1527000000.0,19747000000.0,5134000000.0,123000000.0,14000000.0,2092000000.0,3042000000.0,-112000000.0,2930000000.0,24881000000.0,390400000.0,390400000.0,390400000.0
Raytheon Co,RTN,YR6K3WJN0KKLUPZSNL57,1047122,2009.0,Q3YTD,2009-01-01,2009-09-27,,3.63,3.63,,3.6,716000000.0,1459000000.0,1460000000.0,-1000000.0,1431000000.0,28000000.0,14430000000.0,18214000000.0,,18000000.0,407000000.0,1135000000.0,14430000000.0,3784000000.0,95000000.0,11000000.0,1542000000.0,2242000000.0,-66000000.0,2176000000.0,18214000000.0,388100000.0,388100000.0,388100000.0
Raytheon Co,RTN,YR6K3WJN0KKLUPZSNL57,1047122,2009.0,Q3,2009-06-29,2009-09-27,2010-10-28 10:37:41+00:00,1.26,1.26,,1.25,248000000.0,498000000.0,499000000.0,-1000000.0,490000000.0,8000000.0,4894000000.0,6205000000.0,,10000000.0,145000000.0,401000000.0,4894000000.0,1311000000.0,32000000.0,4000000.0,546000000.0,765000000.0,-18000000.0,747000000.0,6205000000.0,388100000.0,388100000.0,388100000.0
Raytheon Co,RTN,YR6K3WJN0KKLUPZSNL57,1047122,2009.0,Q2YTD,2009-01-01,2009-06-28,,2.37,2.37,,2.35,468000000.0,961000000.0,961000000.0,,941000000.0,20000000.0,9536000000.0,12009000000.0,,8000000.0,262000000.0,734000000.0,9536000000.0,2473000000.0,63000000.0,7000000.0,996000000.0,1477000000.0,-48000000.0,1429000000.0,12009000000.0,392500000.0,392500000.0,392500000.0
Raytheon Co,RTN,YR6K3WJN0KKLUPZSNL57,1047122,2009.0,Q2,2009-03-30,2009-06-28,2010-08-19 15:10:07+00:00,1.24,1.24,,1.23,246000000.0,501000000.0,504000000.0,-3000000.0,489000000.0,12000000.0,4839000000.0,6125000000.0,,13000000.0,151000000.0,370000000.0,4839000000.0,1286000000.0,31000000.0,3000000.0,521000000.0,765000000.0,-15000000.0,750000000.0,6125000000.0,392500000.0,392500000.0,392500000.0
Raytheon Co,RTN,YR6K3WJN0KKLUPZSNL57,1047122,2009.0,Q1,2009-01-01,2009-03-29,2010-04-22 10:38:03+00:00,1.13,1.13,,1.12,222000000.0,460000000.0,457000000.0,3000000.0,452000000.0,8000000.0,4697000000.0,5884000000.0,,-5000000.0,111000000.0,364000000.0,4697000000.0,1187000000.0,32000000.0,4000000.0,475000000.0,712000000.0,-33000000.0,679000000.0,5884000000.0,400000000.0,400000000.0,403600000.0
Raytheon Co,RTN,YR6K3WJN0KKLUPZSNL57,1047122,2010.0,Q4,2010-09-27,2010-12-31,,1.25,1.25,1.13,1.23,202000000.0,474000000.0,515000000.0,-41000000.0,459000000.0,15000000.0,5476000000.0,6852000000.0,,-67000000.0,143000000.0,423000000.0,5476000000.0,1376000000.0,28000000.0,2000000.0,566000000.0,810000000.0,-93000000.0,717000000.0,6852000000.0,372700000.0,372700000.0,372700000.0
Raytheon Co,RTN,YR6K3WJN0KKLUPZSNL57,1047122,2010.0,FY,2010-01-01,2010-12-31,2013-02-13 08:05:12+00:00,4.94,4.94,1.5,4.88,590000000.0,1879000000.0,1844000000.0,35000000.0,1840000000.0,39000000.0,20273000000.0,25150000000.0,,-65000000.0,625000000.0,1639000000.0,20273000000.0,4877000000.0,126000000.0,12000000.0,2264000000.0,2613000000.0,-179000000.0,2434000000.0,25150000000.0,372700000.0,372700000.0,372700000.0
Raytheon Co,RTN,YR6K3WJN0KKLUPZSNL57,1047122,2010.0,Q3YTD,2010-01-01,2010-09-26,,3.69,3.69,0.38,3.65,388000000.0,1405000000.0,1329000000.0,76000000.0,1381000000.0,24000000.0,14797000000.0,18298000000.0,,2000000.0,482000000.0,1216000000.0,14797000000.0,3501000000.0,98000000.0,10000000.0,1698000000.0,1803000000.0,-86000000.0,1717000000.0,18298000000.0,371700000.0,371700000.0,371700000.0
Raytheon Co,RTN,YR6K3WJN0KKLUPZSNL57,1047122,2010.0,Q3TTM,2009-09-28,2010-09-26,,5.02,5.02,1.62,4.94,625000000.0,1922000000.0,1846000000.0,76000000.0,1885000000.0,37000000.0,20114000000.0,24965000000.0,,-19000000.0,640000000.0,1608000000.0,20114000000.0,4851000000.0,126000000.0,13000000.0,2248000000.0,2603000000.0,-132000000.0,2471000000.0,24965000000.0,371700000.0,371700000.0,371700000.0
Raytheon Co,RTN,YR6K3WJN0KKLUPZSNL57,1047122,2010.0,Q3,2010-06-28,2010-09-26,2011-10-27 11:04:52+00:00,1.96,1.96,,1.94,77000000.0,737000000.0,649000000.0,88000000.0,728000000.0,9000000.0,4975000000.0,6272000000.0,,7000000.0,154000000.0,394000000.0,4975000000.0,1297000000.0,33000000.0,3000000.0,548000000.0,749000000.0,-23000000.0,726000000.0,6272000000.0,371700000.0,371700000.0,371700000.0
Raytheon Co,RTN,YR6K3WJN0KKLUPZSNL57,1047122,2010.0,Q2YTD,2010-01-01,2010-06-27,,1.73,1.73,0.38,1.71,311000000.0,668000000.0,680000000.0,-12000000.0,653000000.0,15000000.0,9822000000.0,12026000000.0,,-5000000.0,328000000.0,822000000.0,9822000000.0,2204000000.0,65000000.0,7000000.0,1150000000.0,1054000000.0,-63000000.0,991000000.0,12026000000.0,378500000.0,378500000.0,378500000.0
Raytheon Co,RTN,YR6K3WJN0KKLUPZSNL57,1047122,2010.0,Q2TTM,2009-06-29,2010-06-27,,4.32,4.32,1.62,4.25,796000000.0,1683000000.0,1696000000.0,-13000000.0,1647000000.0,36000000.0,20033000000.0,24898000000.0,,-16000000.0,631000000.0,1615000000.0,20033000000.0,4865000000.0,125000000.0,14000000.0,2246000000.0,2619000000.0,-127000000.0,2492000000.0,24898000000.0,378500000.0,378500000.0,378500000.0
Raytheon Co,RTN,YR6K3WJN0KKLUPZSNL57,1047122,2010.0,Q2,2010-03-29,2010-06-27,2011-07-28 11:35:18+00:00,0.55,0.55,,0.55,91000000.0,215000000.0,219000000.0,-4000000.0,208000000.0,7000000.0,5038000000.0,5973000000.0,,-6000000.0,176000000.0,414000000.0,5038000000.0,935000000.0,33000000.0,4000000.0,590000000.0,345000000.0,-35000000.0,310000000.0,5973000000.0,378500000.0,378500000.0,378500000.0
Raytheon Co,RTN,YR6K3WJN0KKLUPZSNL57,1047122,2010.0,Q1TTM,2009-03-30,2010-03-28,,5.01,5.01,1.62,4.93,951000000.0,1969000000.0,1981000000.0,-12000000.0,1928000000.0,41000000.0,19834000000.0,25050000000.0,,3000000.0,606000000.0,1571000000.0,19834000000.0,5216000000.0,123000000.0,13000000.0,2177000000.0,3039000000.0,-107000000.0,2932000000.0,25050000000.0,377600000.0,377600000.0,377600000.0
Raytheon Co,RTN,YR6K3WJN0KKLUPZSNL57,1047122,2010.0,Q1,2010-01-01,2010-03-28,2011-04-28 12:20:45+00:00,1.18,1.18,0.375,1.16,220000000.0,453000000.0,461000000.0,-8000000.0,445000000.0,8000000.0,4784000000.0,6053000000.0,,1000000.0,152000000.0,408000000.0,4784000000.0,1269000000.0,32000000.0,3000000.0,560000000.0,709000000.0,-28000000.0,681000000.0,6053000000.0,377600000.0,377600000.0,377600000.0
Raytheon Co,RTN,YR6K3WJN0KKLUPZSNL57,1047122,2011.0,Q4,2011-10-03,2011-12-31,,1.57,1.57,1.29,1.56,261000000.0,552000000.0,548000000.0,4000000.0,543000000.0,9000000.0,5018000000.0,6422000000.0,,3000000.0,-454000000.0,1009000000.0,5018000000.0,1404000000.0,45000000.0,2000000.0,555000000.0,849000000.0,-40000000.0,809000000.0,6422000000.0,351700000.0,351700000.0,351700000.0
Raytheon Co,RTN,YR6K3WJN0KKLUPZSNL57,1047122,2011.0,FY,2011-01-01,2011-12-31,2014-02-11 16:14:06+00:00,5.3,5.3,1.72,5.28,782000000.0,1896000000.0,1878000000.0,18000000.0,1866000000.0,30000000.0,19664000000.0,24791000000.0,,-12000000.0,,2297000000.0,19664000000.0,5127000000.0,172000000.0,14000000.0,2297000000.0,2830000000.0,-170000000.0,2660000000.0,24791000000.0,351700000.0,351700000.0,351700000.0
Raytheon Co,RTN,YR6K3WJN0KKLUPZSNL57,1047122,2011.0,Q3YTD,2011-01-01,2011-10-02,,3.73,3.73,0.43,3.72,521000000.0,1344000000.0,1330000000.0,14000000.0,1323000000.0,21000000.0,14646000000.0,18369000000.0,,-15000000.0,454000000.0,1288000000.0,14646000000.0,3723000000.0,127000000.0,12000000.0,1742000000.0,1981000000.0,-130000000.0,1851000000.0,18369000000.0,350500000.0,350500000.0,350500000.0
Raytheon Co,RTN,YR6K3WJN0KKLUPZSNL57,1047122,2011.0,Q3TTM,2010-09-27,2011-10-02,,4.98,4.98,1.56,4.95,723000000.0,1818000000.0,1845000000.0,-27000000.0,1782000000.0,36000000.0,20122000000.0,25221000000.0,,-82000000.0,597000000.0,1711000000.0,20122000000.0,5099000000.0,155000000.0,14000000.0,2308000000.0,2791000000.0,-223000000.0,2568000000.0,25221000000.0,350500000.0,350500000.0,350500000.0
Raytheon Co,RTN,YR6K3WJN0KKLUPZSNL57,1047122,2011.0,Q3,2011-07-04,2011-10-02,2012-10-25 15:22:38+00:00,1.43,1.43,,1.43,165000000.0,510000000.0,507000000.0,3000000.0,501000000.0,9000000.0,4815000000.0,6116000000.0,,-14000000.0,153000000.0,426000000.0,4815000000.0,1301000000.0,41000000.0,5000000.0,579000000.0,722000000.0,-50000000.0,672000000.0,6116000000.0,350500000.0,350500000.0,350500000.0
Raytheon Co,RTN,YR6K3WJN0KKLUPZSNL57,1047122,2011.0,Q2YTD,2011-01-01,2011-07-03,,2.3,2.3,0.43,2.29,356000000.0,834000000.0,823000000.0,11000000.0,822000000.0,12000000.0,9831000000.0,12253000000.0,,-1000000.0,301000000.0,862000000.0,9831000000.0,2422000000.0,86000000.0,7000000.0,1163000000.0,1259000000.0,-80000000.0,1179000000.0,12253000000.0,355000000.0,355000000.0,355000000.0
Raytheon Co,RTN,YR6K3WJN0KKLUPZSNL57,1047122,2011.0,Q2TTM,2010-06-28,2011-07-03,,5.51,5.51,1.56,5.46,635000000.0,2045000000.0,1987000000.0,58000000.0,2009000000.0,36000000.0,20282000000.0,25377000000.0,,-61000000.0,598000000.0,1679000000.0,20282000000.0,5095000000.0,147000000.0,12000000.0,2277000000.0,2818000000.0,-196000000.0,2622000000.0,25377000000.0,355000000.0,355000000.0,355000000.0
Raytheon Co,RTN,YR6K3WJN0KKLUPZSNL57,1047122,2011.0,Q2,2011-04-04,2011-07-03,2012-07-26 10:07:26+00:00,1.23,1.23,,1.23,192000000.0,445000000.0,437000000.0,8000000.0,438000000.0,7000000.0,4933000000.0,6201000000.0,,-1000000.0,162000000.0,436000000.0,4933000000.0,1268000000.0,43000000.0,3000000.0,598000000.0,670000000.0,-41000000.0,629000000.0,6201000000.0,355000000.0,355000000.0,355000000.0
Raytheon Co,RTN,YR6K3WJN0KKLUPZSNL57,1047122,2011.0,Q1TTM,2010-03-29,2011-04-03,,4.83,4.83,1.56,4.78,534000000.0,1815000000.0,1769000000.0,46000000.0,1779000000.0,36000000.0,20387000000.0,25149000000.0,,-66000000.0,612000000.0,1657000000.0,20387000000.0,4762000000.0,137000000.0,13000000.0,2269000000.0,2493000000.0,-190000000.0,2303000000.0,25149000000.0,357400000.0,357400000.0,357400000.0
Raytheon Co,RTN,YR6K3WJN0KKLUPZSNL57,1047122,2011.0,Q1,2011-01-01,2011-04-03,2012-04-26 10:44:34+00:00,1.07,1.07,0.43,1.06,164000000.0,389000000.0,386000000.0,3000000.0,384000000.0,5000000.0,4898000000.0,6052000000.0,,0.0,139000000.0,426000000.0,4898000000.0,1154000000.0,43000000.0,4000000.0,565000000.0,589000000.0,-39000000.0,550000000.0,6052000000.0,357400000.0,357400000.0,357400000.0
Raytheon Co,RTN,YR6K3WJN0KKLUPZSNL57,1047122,2012.0,Q4,2012-10-01,2012-12-31,,1.42,1.42,1.5,1.42,210000000.0,471000000.0,468000000.0,3000000.0,469000000.0,,5092000000.0,6439000000.0,,-28000000.0,-543000000.0,1135000000.0,5092000000.0,1347000000.0,52000000.0,3000000.0,592000000.0,755000000.0,-77000000.0,678000000.0,6439000000.0,333200000.0,333200000.0,333200000.0
Raytheon Co,RTN,YR6K3WJN0KKLUPZSNL57,1047122,2012.0,FY,2012-01-01,2012-12-31,2015-02-11 08:33:29+00:00,5.67,5.67,2.0,5.65,878000000.0,1900000000.0,1901000000.0,-1000000.0,1888000000.0,12000000.0,19092000000.0,24414000000.0,,-18000000.0,,2333000000.0,19092000000.0,5322000000.0,201000000.0,9000000.0,2333000000.0,2989000000.0,-210000000.0,2779000000.0,24414000000.0,333200000.0,333200000.0,333200000.0
Raytheon Co,RTN,YR6K3WJN0KKLUPZSNL57,1047122,2012.0,Q3YTD,2012-01-01,2012-09-30,,4.25,4.25,0.5,4.23,668000000.0,1429000000.0,1433000000.0,-4000000.0,1419000000.0,12000000.0,14000000000.0,17975000000.0,,10000000.0,543000000.0,1198000000.0,14000000000.0,3975000000.0,149000000.0,6000000.0,1741000000.0,2234000000.0,-133000000.0,2101000000.0,17975000000.0,332000000.0,332000000.0,332000000.0
Raytheon Co,RTN,YR6K3WJN0KKLUPZSNL57,1047122,2012.0,Q3TTM,2011-10-03,2012-09-30,,5.82,5.82,1.79,5.79,929000000.0,1981000000.0,1981000000.0,,1962000000.0,21000000.0,19018000000.0,24397000000.0,,13000000.0,89000000.0,2207000000.0,19018000000.0,5379000000.0,194000000.0,8000000.0,2296000000.0,3083000000.0,-173000000.0,2910000000.0,24397000000.0,332000000.0,332000000.0,332000000.0
Raytheon Co,RTN,YR6K3WJN0KKLUPZSNL57,1047122,2012.0,Q3,2012-07-02,2012-09-30,2013-10-24 10:36:26+00:00,1.51,1.51,,1.5,237000000.0,507000000.0,508000000.0,-1000000.0,500000000.0,7000000.0,4689000000.0,6045000000.0,,5000000.0,181000000.0,389000000.0,4689000000.0,1356000000.0,49000000.0,3000000.0,570000000.0,786000000.0,-41000000.0,745000000.0,6045000000.0,332000000.0,332000000.0,332000000.0
Raytheon Co,RTN,YR6K3WJN0KKLUPZSNL57,1047122,2012.0,Q2YTD,2012-01-01,2012-07-01,,2.74,2.74,0.5,2.73,431000000.0,922000000.0,925000000.0,-3000000.0,919000000.0,5000000.0,9311000000.0,11930000000.0,,5000000.0,362000000.0,809000000.0,9311000000.0,2619000000.0,100000000.0,3000000.0,1171000000.0,1448000000.0,-92000000.0,1356000000.0,11930000000.0,333400000.0,333400000.0,333400000.0
Raytheon Co,RTN,YR6K3WJN0KKLUPZSNL57,1047122,2012.0,Q2TTM,2011-07-04,2012-07-01,,5.74,5.74,1.79,5.72,857000000.0,1984000000.0,1980000000.0,4000000.0,1963000000.0,23000000.0,19144000000.0,24468000000.0,,-6000000.0,61000000.0,2244000000.0,19144000000.0,5324000000.0,186000000.0,10000000.0,2305000000.0,3019000000.0,-182000000.0,2837000000.0,24468000000.0,333400000.0,333400000.0,333400000.0
Raytheon Co,RTN,YR6K3WJN0KKLUPZSNL57,1047122,2012.0,Q2,2012-04-02,2012-07-01,2013-07-25 10:08:08+00:00,1.41,1.41,,1.41,219000000.0,470000000.0,471000000.0,-1000000.0,471000000.0,1000000.0,4652000000.0,5992000000.0,,-3000000.0,194000000.0,404000000.0,4652000000.0,1340000000.0,50000000.0,1000000.0,598000000.0,742000000.0,-52000000.0,690000000.0,5992000000.0,333400000.0,333400000.0,333400000.0
Raytheon Co,RTN,YR6K3WJN0KKLUPZSNL57,1047122,2012.0,Q1TTM,2011-04-04,2012-04-01,,5.56,5.56,1.79,5.54,830000000.0,1959000000.0,1946000000.0,13000000.0,1930000000.0,29000000.0,19425000000.0,24677000000.0,,-4000000.0,29000000.0,2276000000.0,19425000000.0,5252000000.0,179000000.0,12000000.0,2305000000.0,2947000000.0,-171000000.0,2776000000.0,24677000000.0,337500000.0,337500000.0,337500000.0
Raytheon Co,RTN,YR6K3WJN0KKLUPZSNL57,1047122,2012.0,Q1,2012-01-01,2012-04-01,2013-04-25 10:11:30+00:00,1.33,1.33,0.5,1.32,212000000.0,452000000.0,454000000.0,-2000000.0,448000000.0,4000000.0,4659000000.0,5938000000.0,,8000000.0,168000000.0,405000000.0,4659000000.0,1279000000.0,50000000.0,2000000.0,573000000.0,706000000.0,-40000000.0,666000000.0,5938000000.0,337500000.0,337500000.0,337500000.0
Raytheon Co,RTN,YR6K3WJN0KKLUPZSNL57,1047122,2013.0,FY,2013-01-01,2013-12-31,2016-02-10 08:47:56+00:00,6.17,6.17,2.2,6.16,808000000.0,2013000000.0,1949000000.0,64000000.0,1996000000.0,17000000.0,18532000000.0,23706000000.0,,17000000.0,,2236000000.0,18532000000.0,5174000000.0,210000000.0,12000000.0,2236000000.0,2938000000.0,-181000000.0,2757000000.0,23706000000.0,323400000.0,323400000.0,323400000.0
Raytheon Co,RTN,YR6K3WJN0KKLUPZSNL57,1047122,2013.0,Q4,2013-09-30,2013-12-31,,1.66,1.66,1.65,1.66,200000000.0,533000000.0,469000000.0,64000000.0,531000000.0,2000000.0,4640000000.0,5870000000.0,,8000000.0,,521000000.0,4640000000.0,1230000000.0,51000000.0,3000000.0,521000000.0,709000000.0,-40000000.0,669000000.0,5870000000.0,323400000.0,323400000.0,323400000.0
Raytheon Co,RTN,YR6K3WJN0KKLUPZSNL57,1047122,2013.0,Q3YTD,2013-01-01,2013-09-29,,4.51,4.51,0.55,4.5,608000000.0,1480000000.0,1480000000.0,,1465000000.0,15000000.0,13892000000.0,17836000000.0,,9000000.0,,1715000000.0,13892000000.0,3944000000.0,159000000.0,9000000.0,1715000000.0,2229000000.0,-141000000.0,2088000000.0,17836000000.0,322500000.0,322500000.0,322500000.0
Raytheon Co,RTN,YR6K3WJN0KKLUPZSNL57,1047122,2013.0,Q3TTM,2012-10-01,2013-09-29,,5.93,5.93,2.05,5.92,818000000.0,1951000000.0,1948000000.0,3000000.0,1934000000.0,15000000.0,18984000000.0,24275000000.0,,-19000000.0,-543000000.0,2850000000.0,18984000000.0,5291000000.0,211000000.0,12000000.0,2307000000.0,2984000000.0,-218000000.0,2766000000.0,24275000000.0,322500000.0,322500000.0,322500000.0
Raytheon Co,RTN,YR6K3WJN0KKLUPZSNL57,1047122,2013.0,Q3,2013-07-01,2013-09-29,2014-10-23 10:08:29+00:00,1.52,1.52,,1.51,221000000.0,493000000.0,491000000.0,2000000.0,489000000.0,4000000.0,4534000000.0,5842000000.0,,5000000.0,,551000000.0,4534000000.0,1308000000.0,53000000.0,3000000.0,551000000.0,757000000.0,-45000000.0,712000000.0,5842000000.0,322500000.0,322500000.0,322500000.0
Raytheon Co,RTN,YR6K3WJN0KKLUPZSNL57,1047122,2013.0,Q2YTD,2013-01-01,2013-06-30,,2.99,2.99,0.55,2.99,387000000.0,987000000.0,989000000.0,-2000000.0,976000000.0,11000000.0,9358000000.0,11994000000.0,,4000000.0,,1164000000.0,9358000000.0,2636000000.0,106000000.0,6000000.0,1164000000.0,1472000000.0,-96000000.0,1376000000.0,11994000000.0,324900000.0,324900000.0,324900000.0
Raytheon Co,RTN,YR6K3WJN0KKLUPZSNL57,1047122,2013.0,Q2TTM,2012-07-02,2013-06-30,,5.92,5.92,2.05,5.91,834000000.0,1965000000.0,1965000000.0,,1945000000.0,18000000.0,19139000000.0,24478000000.0,,-19000000.0,-362000000.0,2688000000.0,19139000000.0,5339000000.0,207000000.0,12000000.0,2326000000.0,3013000000.0,-214000000.0,2799000000.0,24478000000.0,324900000.0,324900000.0,324900000.0
Raytheon Co,RTN,YR6K3WJN0KKLUPZSNL57,1047122,2013.0,Q2,2013-04-01,2013-06-30,2014-07-24 10:24:24+00:00,1.5,1.5,,1.5,220000000.0,493000000.0,493000000.0,0.0,488000000.0,5000000.0,4753000000.0,6115000000.0,,-3000000.0,,596000000.0,4753000000.0,1362000000.0,53000000.0,3000000.0,596000000.0,766000000.0,-53000000.0,713000000.0,6115000000.0,324900000.0,324900000.0,324900000.0
Raytheon Co,RTN,YR6K3WJN0KKLUPZSNL57,1047122,2013.0,Q1TTM,2012-04-02,2013-03-31,,5.83,5.83,2.05,5.82,833000000.0,1942000000.0,1943000000.0,-1000000.0,1928000000.0,14000000.0,19038000000.0,24355000000.0,,-19000000.0,-168000000.0,2496000000.0,19038000000.0,5317000000.0,204000000.0,10000000.0,2328000000.0,2989000000.0,-213000000.0,2776000000.0,24355000000.0,327400000.0,327400000.0,327400000.0
Raytheon Co,RTN,YR6K3WJN0KKLUPZSNL57,1047122,2013.0,Q1,2013-01-01,2013-03-31,2014-04-24 10:14:59+00:00,1.49,1.49,0.55,1.49,167000000.0,494000000.0,496000000.0,-2000000.0,488000000.0,6000000.0,4605000000.0,5879000000.0,,7000000.0,,568000000.0,4605000000.0,1274000000.0,53000000.0,3000000.0,568000000.0,706000000.0,-43000000.0,663000000.0,5879000000.0,327400000.0,327400000.0,327400000.0
Raytheon Co,RTN,YR6K3WJN0KKLUPZSNL57,1047122,2014.0,FY,2014-01-01,2014-12-31,2017-02-15 09:05:54+00:00,7.19,7.19,2.42,7.18,790000000.0,2258000000.0,2193000000.0,65000000.0,2244000000.0,14000000.0,17295000000.0,22826000000.0,,7000000.0,,2352000000.0,17295000000.0,5531000000.0,213000000.0,10000000.0,2352000000.0,3179000000.0,-196000000.0,2983000000.0,22826000000.0,312000000.0,312000000.0,312000000.0
Raytheon Co,RTN,YR6K3WJN0KKLUPZSNL57,1047122,2014.0,Q4,2014-09-29,2014-12-31,,1.88,1.88,1.82,1.88,238000000.0,586000000.0,580000000.0,6000000.0,582000000.0,8000000.0,4662000000.0,6143000000.0,-4000000.0,2000000.0,,612000000.0,4662000000.0,1481000000.0,55000000.0,2000000.0,612000000.0,869000000.0,-51000000.0,818000000.0,6143000000.0,312000000.0,312000000.0,312000000.0
Raytheon Co,RTN,YR6K3WJN0KKLUPZSNL57,1047122,2014.0,Q3,2014-06-30,2014-09-28,2015-10-22 10:05:13+00:00,1.66,1.66,,1.65,193000000.0,519000000.0,519000000.0,0.0,515000000.0,,4171000000.0,5474000000.0,4000000.0,-1000000.0,,540000000.0,4171000000.0,1303000000.0,53000000.0,3000000.0,540000000.0,763000000.0,-51000000.0,712000000.0,5474000000.0,310900000.0,310900000.0,310900000.0
Raytheon Co,RTN,YR6K3WJN0KKLUPZSNL57,1047122,2014.0,Q3YTD,2014-01-01,2014-09-28,,5.31,5.31,0.61,5.3,552000000.0,1672000000.0,1613000000.0,59000000.0,1662000000.0,6000000.0,12633000000.0,16683000000.0,4000000.0,5000000.0,,1740000000.0,12633000000.0,4050000000.0,158000000.0,8000000.0,1740000000.0,2310000000.0,-145000000.0,2165000000.0,16683000000.0,310900000.0,310900000.0,310900000.0
Raytheon Co,RTN,YR6K3WJN0KKLUPZSNL57,1047122,2014.0,Q3TTM,2013-09-30,2014-09-28,,6.97,6.97,2.26,6.96,752000000.0,2205000000.0,2082000000.0,123000000.0,2193000000.0,8000000.0,17273000000.0,22553000000.0,4000000.0,13000000.0,,2261000000.0,17273000000.0,5280000000.0,209000000.0,11000000.0,2261000000.0,3019000000.0,-185000000.0,2834000000.0,22553000000.0,310900000.0,310900000.0,310900000.0
Raytheon Co,RTN,YR6K3WJN0KKLUPZSNL57,1047122,2014.0,Q2YTD,2014-01-01,2014-06-29,,3.65,3.65,0.61,3.65,359000000.0,1153000000.0,1094000000.0,59000000.0,1147000000.0,6000000.0,8462000000.0,11209000000.0,,6000000.0,,1200000000.0,8462000000.0,2747000000.0,105000000.0,5000000.0,1200000000.0,1547000000.0,-94000000.0,1453000000.0,11209000000.0,312900000.0,312900000.0,312900000.0
Raytheon Co,RTN,YR6K3WJN0KKLUPZSNL57,1047122,2014.0,Q2TTM,2013-07-01,2014-06-29,,6.83,6.83,2.26,6.82,780000000.0,2179000000.0,2054000000.0,125000000.0,2167000000.0,12000000.0,17636000000.0,22921000000.0,,19000000.0,,2272000000.0,17636000000.0,5285000000.0,209000000.0,11000000.0,2272000000.0,3013000000.0,-179000000.0,2834000000.0,22921000000.0,312900000.0,312900000.0,312900000.0
Raytheon Co,RTN,YR6K3WJN0KKLUPZSNL57,1047122,2014.0,Q2,2014-03-31,2014-06-29,2015-07-23 10:05:51+00:00,1.76,1.76,,1.76,212000000.0,553000000.0,501000000.0,52000000.0,551000000.0,2000000.0,4301000000.0,5701000000.0,,6000000.0,,641000000.0,4301000000.0,1400000000.0,54000000.0,2000000.0,641000000.0,759000000.0,-46000000.0,713000000.0,5701000000.0,312900000.0,312900000.0,312900000.0
Raytheon Co,RTN,YR6K3WJN0KKLUPZSNL57,1047122,2014.0,Q1TTM,2013-04-01,2014-03-30,,6.57,6.57,2.26,6.56,788000000.0,2119000000.0,2046000000.0,73000000.0,2104000000.0,15000000.0,18088000000.0,23335000000.0,,10000000.0,,2227000000.0,18088000000.0,5247000000.0,208000000.0,12000000.0,2227000000.0,3020000000.0,-186000000.0,2834000000.0,23335000000.0,315000000.0,315000000.0,315000000.0
Raytheon Co,RTN,YR6K3WJN0KKLUPZSNL57,1047122,2014.0,Q1,2014-01-01,2014-03-30,2015-04-23 10:16:17+00:00,1.89,1.89,0.605,1.89,147000000.0,600000000.0,593000000.0,7000000.0,596000000.0,4000000.0,4161000000.0,5508000000.0,,0.0,,559000000.0,4161000000.0,1347000000.0,51000000.0,3000000.0,559000000.0,788000000.0,-48000000.0,740000000.0,5508000000.0,315000000.0,315000000.0,315000000.0
Raytheon Co,RTN,YR6K3WJN0KKLUPZSNL57,1047122,2015.0,FY,2015-01-01,2015-12-31,2018-02-14 10:22:29+00:00,6.92,6.92,2.68,6.91,747000000.0,2107000000.0,2094000000.0,13000000.0,2110000000.0,-3000000.0,17608000000.0,23321000000.0,,-4000000.0,,2646000000.0,17608000000.0,5713000000.0,233000000.0,11000000.0,2646000000.0,3067000000.0,-226000000.0,2841000000.0,23321000000.0,304800000.0,304800000.0,304800000.0
Raytheon Co,RTN,YR6K3WJN0KKLUPZSNL57,1047122,2015.0,Q4,2015-09-28,2015-12-31,,2.01,2.01,2.01,2.0,234000000.0,607000000.0,594000000.0,13000000.0,607000000.0,,4842000000.0,6402000000.0,,2000000.0,,678000000.0,4842000000.0,1560000000.0,58000000.0,2000000.0,678000000.0,882000000.0,-54000000.0,828000000.0,6402000000.0,304800000.0,304800000.0,304800000.0
Raytheon Co,RTN,YR6K3WJN0KKLUPZSNL57,1047122,2015.0,Q3,2015-06-29,2015-09-27,2016-10-27 10:24:42+00:00,1.47,1.47,,1.47,189000000.0,443000000.0,444000000.0,-1000000.0,447000000.0,-4000000.0,4408000000.0,5783000000.0,,-9000000.0,,678000000.0,4408000000.0,1375000000.0,58000000.0,3000000.0,678000000.0,697000000.0,-64000000.0,633000000.0,5783000000.0,303900000.0,303900000.0,303900000.0
Raytheon Co,RTN,YR6K3WJN0KKLUPZSNL57,1047122,2015.0,Q3YTD,2015-01-01,2015-09-27,,4.91,4.91,0.67,4.91,513000000.0,1500000000.0,1500000000.0,,1503000000.0,-3000000.0,12766000000.0,16919000000.0,,-6000000.0,,1968000000.0,12766000000.0,4153000000.0,175000000.0,9000000.0,1968000000.0,2185000000.0,-172000000.0,2013000000.0,16919000000.0,303900000.0,303900000.0,303900000.0
Raytheon Co,RTN,YR6K3WJN0KKLUPZSNL57,1047122,2015.0,Q3TTM,2014-09-29,2015-09-27,,6.79,6.79,2.49,6.79,751000000.0,2086000000.0,2080000000.0,6000000.0,2085000000.0,5000000.0,17428000000.0,23062000000.0,-4000000.0,-4000000.0,,2580000000.0,17428000000.0,5634000000.0,230000000.0,11000000.0,2580000000.0,3054000000.0,-223000000.0,2831000000.0,23062000000.0,303900000.0,303900000.0,303900000.0
Raytheon Co,RTN,YR6K3WJN0KKLUPZSNL57,1047122,2015.0,Q2,2015-03-30,2015-06-28,2016-07-28 10:09:11+00:00,1.65,1.65,,1.65,90000000.0,503000000.0,502000000.0,1000000.0,505000000.0,-2000000.0,4525000000.0,5848000000.0,,1000000.0,,675000000.0,4525000000.0,1323000000.0,59000000.0,2000000.0,675000000.0,648000000.0,-56000000.0,592000000.0,5848000000.0,305400000.0,305400000.0,305400000.0
Raytheon Co,RTN,YR6K3WJN0KKLUPZSNL57,1047122,2015.0,Q2YTD,2015-01-01,2015-06-28,,3.44,3.44,0.67,3.44,324000000.0,1057000000.0,1056000000.0,1000000.0,1056000000.0,1000000.0,8358000000.0,11136000000.0,,3000000.0,,1290000000.0,8358000000.0,2778000000.0,117000000.0,6000000.0,1290000000.0,1488000000.0,-108000000.0,1380000000.0,11136000000.0,305400000.0,305400000.0,305400000.0
Raytheon Co,RTN,YR6K3WJN0KKLUPZSNL57,1047122,2015.0,Q2TTM,2014-06-30,2015-06-28,,6.98,6.98,2.49,6.97,755000000.0,2162000000.0,2155000000.0,7000000.0,2153000000.0,9000000.0,17191000000.0,22753000000.0,,4000000.0,,2442000000.0,17191000000.0,5562000000.0,225000000.0,11000000.0,2442000000.0,3120000000.0,-210000000.0,2910000000.0,22753000000.0,305400000.0,305400000.0,305400000.0
Raytheon Co,RTN,YR6K3WJN0KKLUPZSNL57,1047122,2015.0,Q1,2015-01-01,2015-03-29,2016-04-28 10:11:40+00:00,1.79,1.79,0.67,1.79,234000000.0,554000000.0,554000000.0,0.0,551000000.0,3000000.0,3833000000.0,5288000000.0,,2000000.0,,615000000.0,3833000000.0,1455000000.0,58000000.0,4000000.0,615000000.0,840000000.0,-52000000.0,788000000.0,5288000000.0,308200000.0,308200000.0,308200000.0
Raytheon Co,RTN,YR6K3WJN0KKLUPZSNL57,1047122,2015.0,Q1TTM,2014-03-31,2015-03-29,,7.09,7.09,2.49,7.08,877000000.0,2212000000.0,2154000000.0,58000000.0,2199000000.0,13000000.0,16967000000.0,22606000000.0,,9000000.0,,2408000000.0,16967000000.0,5639000000.0,220000000.0,11000000.0,2408000000.0,3231000000.0,-200000000.0,3031000000.0,22606000000.0,308200000.0,308200000.0,308200000.0
Raytheon Co,RTN,YR6K3WJN0KKLUPZSNL57,1047122,2016.0,FY,2016-01-01,2016-12-31,2019-02-13 10:49:55+00:00,7.56,7.56,2.93,7.55,873000000.0,2213000000.0,2212000000.0,1000000.0,2244000000.0,-31000000.0,17507000000.0,24124000000.0,,-595000000.0,,2721000000.0,17507000000.0,6617000000.0,232000000.0,16000000.0,2721000000.0,3896000000.0,-811000000.0,3085000000.0,24124000000.0,296500000.0,296500000.0,296500000.0
Raytheon Co,RTN,YR6K3WJN0KKLUPZSNL57,1047122,2016.0,Q4,2016-10-03,2016-12-31,,1.88,1.88,0.73,1.87,272000000.0,553000000.0,553000000.0,,555000000.0,-2000000.0,4230000000.0,6279000000.0,,-602000000.0,,568000000.0,4230000000.0,2049000000.0,58000000.0,4000000.0,568000000.0,1481000000.0,-656000000.0,825000000.0,6279000000.0,296500000.0,296500000.0,296500000.0
Raytheon Co,RTN,YR6K3WJN0KKLUPZSNL57,1047122,2016.0,Q3,2016-07-04,2016-10-02,2017-10-26 10:14:26+00:00,1.84,1.84,0.7325,1.84,239000000.0,542000000.0,541000000.0,1000000.0,544000000.0,-2000000.0,4474000000.0,6014000000.0,,4000000.0,,710000000.0,4474000000.0,1540000000.0,58000000.0,4000000.0,710000000.0,830000000.0,-50000000.0,780000000.0,6014000000.0,295200000.0,295200000.0,295200000.0
Raytheon Co,RTN,YR6K3WJN0KKLUPZSNL57,1047122,2016.0,Q3YTD,2016-01-01,2016-10-02,,5.68,5.68,2.2,5.68,601000000.0,1660000000.0,1659000000.0,1000000.0,1689000000.0,-29000000.0,13277000000.0,17845000000.0,,7000000.0,,2153000000.0,13277000000.0,4568000000.0,174000000.0,12000000.0,2153000000.0,2415000000.0,-155000000.0,2260000000.0,17845000000.0,295200000.0,295200000.0,295200000.0
Raytheon Co,RTN,YR6K3WJN0KKLUPZSNL57,1047122,2016.0,Q3TTM,2015-09-28,2016-10-02,,7.69,7.69,4.21,7.68,835000000.0,2267000000.0,2253000000.0,14000000.0,2296000000.0,-29000000.0,18119000000.0,24247000000.0,,9000000.0,,2831000000.0,18119000000.0,6128000000.0,232000000.0,14000000.0,2831000000.0,3297000000.0,-209000000.0,3088000000.0,24247000000.0,295200000.0,295200000.0,295200000.0
Raytheon Co,RTN,YR6K3WJN0KKLUPZSNL57,1047122,2016.0,Q2,2016-04-04,2016-07-03,2017-07-27 10:08:21+00:00,2.41,2.41,0.7325,2.41,205000000.0,713000000.0,714000000.0,-1000000.0,717000000.0,-4000000.0,4362000000.0,6029000000.0,,1000000.0,,695000000.0,4362000000.0,1667000000.0,58000000.0,4000000.0,695000000.0,972000000.0,-53000000.0,919000000.0,6029000000.0,297300000.0,297300000.0,297300000.0
Raytheon Co,RTN,YR6K3WJN0KKLUPZSNL57,1047122,2016.0,Q2YTD,2016-01-01,2016-07-03,,3.84,3.84,1.47,3.84,362000000.0,1118000000.0,1118000000.0,,1145000000.0,-27000000.0,8803000000.0,11831000000.0,,3000000.0,,1443000000.0,8803000000.0,3028000000.0,116000000.0,8000000.0,1443000000.0,1585000000.0,-105000000.0,1480000000.0,11831000000.0,297300000.0,297300000.0,297300000.0
Raytheon Co,RTN,YR6K3WJN0KKLUPZSNL57,1047122,2016.0,Q2TTM,2015-06-29,2016-07-03,,7.32,7.32,3.48,7.31,785000000.0,2168000000.0,2156000000.0,12000000.0,2199000000.0,-31000000.0,18053000000.0,24016000000.0,,-4000000.0,,2799000000.0,18053000000.0,5963000000.0,232000000.0,13000000.0,2799000000.0,3164000000.0,-223000000.0,2941000000.0,24016000000.0,297300000.0,297300000.0,297300000.0
Raytheon Co,RTN,YR6K3WJN0KKLUPZSNL57,1047122,2016.0,Q1,2016-01-01,2016-04-03,2017-04-27 12:18:01+00:00,1.43,1.43,0.7325,1.43,157000000.0,405000000.0,404000000.0,1000000.0,428000000.0,-23000000.0,4441000000.0,5802000000.0,,2000000.0,,748000000.0,4441000000.0,1361000000.0,58000000.0,4000000.0,748000000.0,613000000.0,-52000000.0,561000000.0,5802000000.0,299200000.0,299200000.0,299200000.0
Raytheon Co,RTN,YR6K3WJN0KKLUPZSNL57,1047122,2016.0,Q1TTM,2015-03-30,2016-04-03,,6.56,6.56,2.74,6.55,670000000.0,1958000000.0,1944000000.0,14000000.0,1987000000.0,-29000000.0,18216000000.0,23835000000.0,,-4000000.0,,2779000000.0,18216000000.0,5619000000.0,233000000.0,11000000.0,2779000000.0,2840000000.0,-226000000.0,2614000000.0,23835000000.0,299200000.0,299200000.0,299200000.0
Raytheon Co,RTN,YR6K3WJN0KKLUPZSNL57,1047122,2017.0,FY,2017-01-01,2017-12-31,2020-02-12 16:04:56+00:00,6.96,6.96,3.19,6.95,1114000000.0,2001000000.0,1999000000.0,2000000.0,2024000000.0,-23000000.0,18340000000.0,25348000000.0,,-934000000.0,,2777000000.0,18340000000.0,7008000000.0,205000000.0,21000000.0,2777000000.0,4231000000.0,-1118000000.0,3113000000.0,25348000000.0,291100000.0,291100000.0,291100000.0
Raytheon Co,RTN,YR6K3WJN0KKLUPZSNL57,1047122,2017.0,Q4,2017-10-02,2017-12-31,,3.08,1.35,0.8,1.35,447000000.0,387000000.0,387000000.0,,393000000.0,-6000000.0,4985000000.0,6783000000.0,,-225000000.0,,698000000.0,4985000000.0,1798000000.0,48000000.0,7000000.0,698000000.0,1100000000.0,-266000000.0,834000000.0,6783000000.0,291100000.0,291100000.0,291100000.0
Raytheon Co,RTN,YR6K3WJN0KKLUPZSNL57,1047122,2017.0,Q3,2017-07-03,2017-10-01,2018-10-25 11:49:16+00:00,1.97,1.97,0.7975,1.97,248000000.0,567000000.0,568000000.0,-1000000.0,572000000.0,-5000000.0,4468000000.0,6284000000.0,,-268000000.0,,688000000.0,4468000000.0,1816000000.0,48000000.0,4000000.0,688000000.0,1128000000.0,-312000000.0,816000000.0,6284000000.0,290700000.0,290700000.0,290700000.0
Raytheon Co,RTN,YR6K3WJN0KKLUPZSNL57,1047122,2017.0,Q3YTD,2017-01-01,2017-10-01,,3.88,5.61,2.39,5.6,667000000.0,1614000000.0,1612000000.0,2000000.0,1631000000.0,-17000000.0,13355000000.0,18565000000.0,,-709000000.0,,2079000000.0,13355000000.0,5210000000.0,157000000.0,14000000.0,2079000000.0,3131000000.0,-852000000.0,2279000000.0,18565000000.0,290700000.0,290700000.0,290700000.0
Raytheon Co,RTN,YR6K3WJN0KKLUPZSNL57,1047122,2017.0,Q3TTM,2016-10-03,2017-10-01,,5.76,7.49,3.13,7.47,939000000.0,2167000000.0,2165000000.0,2000000.0,2186000000.0,-19000000.0,17585000000.0,24844000000.0,,-1311000000.0,,2647000000.0,17585000000.0,7259000000.0,215000000.0,18000000.0,2647000000.0,4612000000.0,-1508000000.0,3104000000.0,24844000000.0,290700000.0,290700000.0,290700000.0
Raytheon Co,RTN,YR6K3WJN0KKLUPZSNL57,1047122,2017.0,Q2,2017-04-03,2017-07-02,2018-07-26 10:15:20+00:00,1.9,1.9,0.7975,1.89,221000000.0,547000000.0,547000000.0,0.0,553000000.0,-6000000.0,4521000000.0,6281000000.0,,-241000000.0,,705000000.0,4521000000.0,1760000000.0,51000000.0,5000000.0,705000000.0,1055000000.0,-287000000.0,768000000.0,6281000000.0,291700000.0,291700000.0,291700000.0
Raytheon Co,RTN,YR6K3WJN0KKLUPZSNL57,1047122,2017.0,Q2YTD,2017-01-01,2017-07-02,,1.91,3.64,1.6,3.63,419000000.0,1047000000.0,1044000000.0,3000000.0,1059000000.0,-12000000.0,8887000000.0,12281000000.0,,-441000000.0,,1391000000.0,8887000000.0,3394000000.0,109000000.0,10000000.0,1391000000.0,2003000000.0,-540000000.0,1463000000.0,12281000000.0,291700000.0,291700000.0,291700000.0
Raytheon Co,RTN,YR6K3WJN0KKLUPZSNL57,1047122,2017.0,Q2TTM,2016-07-04,2017-07-02,,5.63,7.36,3.06,7.34,930000000.0,2142000000.0,2138000000.0,4000000.0,2158000000.0,-16000000.0,17591000000.0,24574000000.0,,-1039000000.0,,2669000000.0,17591000000.0,6983000000.0,225000000.0,18000000.0,2669000000.0,4314000000.0,-1246000000.0,3068000000.0,24574000000.0,291700000.0,291700000.0,291700000.0
Raytheon Co,RTN,YR6K3WJN0KKLUPZSNL57,1047122,2017.0,Q1,2017-01-01,2017-04-02,2018-04-26 10:11:46+00:00,0.01,1.74,0.7975,1.74,198000000.0,500000000.0,497000000.0,3000000.0,506000000.0,-6000000.0,4366000000.0,6000000000.0,,-200000000.0,,686000000.0,4366000000.0,1634000000.0,58000000.0,5000000.0,686000000.0,948000000.0,-253000000.0,695000000.0,6000000000.0,50600000000.0,292500000.0,292500000.0
Raytheon Co,RTN,YR6K3WJN0KKLUPZSNL57,1047122,2017.0,Q1TTM,2016-04-04,2017-04-02,,6.14,7.87,3.0,7.86,914000000.0,2308000000.0,2305000000.0,3000000.0,2322000000.0,-14000000.0,17432000000.0,24322000000.0,,-797000000.0,,2659000000.0,17432000000.0,6890000000.0,232000000.0,17000000.0,2659000000.0,4231000000.0,-1012000000.0,3219000000.0,24322000000.0,50600000000.0,292500000.0,292500000.0
Raytheon Co,RTN,YR6K3WJN0KKLUPZSNL57,1047122,2018.0,FY,2018-01-01,2018-12-31,2020-02-12 16:04:56+00:00,10.16,10.16,3.47,10.15,264000000.0,2882000000.0,2883000000.0,-1000000.0,2909000000.0,-27000000.0,19573000000.0,27058000000.0,,-1238000000.0,,2947000000.0,19573000000.0,7485000000.0,184000000.0,31000000.0,2947000000.0,4538000000.0,-1391000000.0,3147000000.0,27058000000.0,286500000.0,286500000.0,286500000.0
Raytheon Co,RTN,YR6K3WJN0KKLUPZSNL57,1047122,2018.0,Q4,2018-10-01,2018-12-31,,2.93,2.93,0.87,2.93,99000000.0,827000000.0,828000000.0,-1000000.0,832000000.0,-5000000.0,5393000000.0,7360000000.0,,-251000000.0,,753000000.0,5393000000.0,1967000000.0,46000000.0,10000000.0,753000000.0,1214000000.0,-287000000.0,927000000.0,7360000000.0,286500000.0,286500000.0,286500000.0
Raytheon Co,RTN,YR6K3WJN0KKLUPZSNL57,1047122,2018.0,Q3,2018-07-02,2018-09-30,2019-10-24 10:05:57+00:00,2.25,2.25,0.8675,2.25,-5000000.0,641000000.0,641000000.0,0.0,644000000.0,-3000000.0,4871000000.0,6806000000.0,,-508000000.0,,752000000.0,4871000000.0,1935000000.0,45000000.0,6000000.0,752000000.0,1183000000.0,-547000000.0,636000000.0,6806000000.0,285700000.0,285700000.0,285700000.0
Raytheon Co,RTN,YR6K3WJN0KKLUPZSNL57,1047122,2018.0,Q3YTD,2018-01-01,2018-09-30,,7.23,7.23,2.6,7.22,165000000.0,2055000000.0,2055000000.0,,2077000000.0,-22000000.0,14180000000.0,19698000000.0,,-987000000.0,,2194000000.0,14180000000.0,5518000000.0,138000000.0,21000000.0,2194000000.0,3324000000.0,-1104000000.0,2220000000.0,19698000000.0,285700000.0,285700000.0,285700000.0
Raytheon Co,RTN,YR6K3WJN0KKLUPZSNL57,1047122,2018.0,Q3TTM,2017-10-02,2018-09-30,,10.31,8.58,3.4,8.57,612000000.0,2442000000.0,2442000000.0,,2470000000.0,-28000000.0,19165000000.0,26481000000.0,,-1212000000.0,,2892000000.0,19165000000.0,7316000000.0,186000000.0,28000000.0,2892000000.0,4424000000.0,-1370000000.0,3054000000.0,26481000000.0,285700000.0,285700000.0,285700000.0
Raytheon Co,RTN,YR6K3WJN0KKLUPZSNL57,1047122,2018.0,Q2,2018-04-02,2018-07-01,2019-07-25 10:21:24+00:00,2.78,2.78,0.8675,2.78,37000000.0,791000000.0,790000000.0,1000000.0,800000000.0,-9000000.0,4777000000.0,6625000000.0,,-235000000.0,,748000000.0,4777000000.0,1848000000.0,46000000.0,8000000.0,748000000.0,1100000000.0,-273000000.0,827000000.0,6625000000.0,287300000.0,287300000.0,287300000.0
Raytheon Co,RTN,YR6K3WJN0KKLUPZSNL57,1047122,2018.0,Q2YTD,2018-01-01,2018-07-01,,4.98,4.98,1.74,4.97,170000000.0,1414000000.0,1414000000.0,,1433000000.0,-19000000.0,9309000000.0,12892000000.0,,-479000000.0,,1442000000.0,9309000000.0,3583000000.0,93000000.0,15000000.0,1442000000.0,2141000000.0,-557000000.0,1584000000.0,12892000000.0,287300000.0,287300000.0,287300000.0
Raytheon Co,RTN,YR6K3WJN0KKLUPZSNL57,1047122,2018.0,Q2TTM,2017-07-03,2018-07-01,,10.03,8.3,3.33,8.29,865000000.0,2368000000.0,2369000000.0,-1000000.0,2398000000.0,-30000000.0,18762000000.0,25959000000.0,,-972000000.0,,2828000000.0,18762000000.0,7197000000.0,189000000.0,26000000.0,2828000000.0,4369000000.0,-1135000000.0,3234000000.0,25959000000.0,287300000.0,287300000.0,287300000.0
Raytheon Co,RTN,YR6K3WJN0KKLUPZSNL57,1047122,2018.0,Q1,2018-01-01,2018-04-01,2019-04-25 10:30:02+00:00,2.2,2.2,0.8675,2.19,133000000.0,623000000.0,624000000.0,-1000000.0,633000000.0,-10000000.0,4532000000.0,6267000000.0,,-244000000.0,,694000000.0,4532000000.0,1735000000.0,47000000.0,7000000.0,694000000.0,1041000000.0,-284000000.0,757000000.0,6267000000.0,288500000.0,288500000.0,288500000.0
Raytheon Co,RTN,YR6K3WJN0KKLUPZSNL57,1047122,2018.0,Q1TTM,2017-04-03,2018-04-01,,9.15,7.42,3.26,7.4,1049000000.0,2124000000.0,2126000000.0,-2000000.0,2151000000.0,-27000000.0,18506000000.0,25615000000.0,,-978000000.0,,2785000000.0,18506000000.0,7109000000.0,194000000.0,23000000.0,2785000000.0,4324000000.0,-1149000000.0,3175000000.0,25615000000.0,288500000.0,288500000.0,288500000.0
Raytheon Co,RTN,YR6K3WJN0KKLUPZSNL57,1047122,2019.0,Q4,2019-09-30,2019-12-31,,3.17,3.17,0.94,3.16,185000000.0,881000000.0,879000000.0,2000000.0,885000000.0,-4000000.0,5832000000.0,7842000000.0,,-181000000.0,,731000000.0,5832000000.0,2010000000.0,46000000.0,12000000.0,731000000.0,1279000000.0,-215000000.0,1064000000.0,7842000000.0,280000000.0,280000000.0,280000000.0
Raytheon Co,RTN,YR6K3WJN0KKLUPZSNL57,1047122,2019.0,FY,2019-01-01,2019-12-31,2020-02-12 16:04:56+00:00,11.94,11.94,3.77,11.93,658000000.0,3329000000.0,3328000000.0,1000000.0,3343000000.0,-14000000.0,21413000000.0,29176000000.0,,-650000000.0,,2989000000.0,21413000000.0,7763000000.0,180000000.0,42000000.0,2989000000.0,4774000000.0,-788000000.0,3986000000.0,29176000000.0,280000000.0,280000000.0,280000000.0
Raytheon Co,RTN,YR6K3WJN0KKLUPZSNL57,1047122,2019.0,Q3YTD,2019-01-01,2019-09-29,,8.77,8.77,2.83,8.77,473000000.0,2448000000.0,2449000000.0,-1000000.0,2458000000.0,-10000000.0,15581000000.0,21334000000.0,,-469000000.0,,2258000000.0,15581000000.0,5753000000.0,134000000.0,30000000.0,2258000000.0,3495000000.0,-573000000.0,2922000000.0,21334000000.0,279100000.0,279100000.0,279100000.0
Raytheon Co,RTN,YR6K3WJN0KKLUPZSNL57,1047122,2019.0,Q3TTM,2018-10-01,2019-09-29,,11.7,11.7,3.7,11.7,572000000.0,3275000000.0,3277000000.0,-2000000.0,3290000000.0,-15000000.0,20974000000.0,28694000000.0,,-720000000.0,,3011000000.0,20974000000.0,7720000000.0,180000000.0,40000000.0,3011000000.0,4709000000.0,-860000000.0,3849000000.0,28694000000.0,279100000.0,279100000.0,279100000.0
Raytheon Co,RTN,YR6K3WJN0KKLUPZSNL57,1047122,2019.0,Q3,2019-07-01,2019-09-29,2019-10-24 10:05:57+00:00,3.08,3.08,0.9425,3.08,175000000.0,860000000.0,861000000.0,-1000000.0,860000000.0,0.0,5499000000.0,7446000000.0,,-135000000.0,,741000000.0,5499000000.0,1947000000.0,45000000.0,10000000.0,741000000.0,1206000000.0,-170000000.0,1036000000.0,7446000000.0,279100000.0,279100000.0,279100000.0
Raytheon Co,RTN,YR6K3WJN0KKLUPZSNL57,1047122,2019.0,Q2YTD,2019-01-01,2019-06-30,,5.69,5.69,1.89,5.69,298000000.0,1588000000.0,1588000000.0,,1598000000.0,-10000000.0,10082000000.0,13888000000.0,,-334000000.0,,1517000000.0,10082000000.0,3806000000.0,89000000.0,20000000.0,1517000000.0,2289000000.0,-403000000.0,1886000000.0,13888000000.0,279700000.0,279700000.0,279700000.0
Raytheon Co,RTN,YR6K3WJN0KKLUPZSNL57,1047122,2019.0,Q2TTM,2018-07-02,2019-06-30,,10.87,10.87,3.62,10.87,392000000.0,3056000000.0,3057000000.0,-1000000.0,3074000000.0,-18000000.0,20346000000.0,28054000000.0,,-1093000000.0,,3022000000.0,20346000000.0,7708000000.0,180000000.0,36000000.0,3022000000.0,4686000000.0,-1237000000.0,3449000000.0,28054000000.0,279700000.0,279700000.0,279700000.0
Raytheon Co,RTN,YR6K3WJN0KKLUPZSNL57,1047122,2019.0,Q2,2019-04-01,2019-06-30,2019-07-25 10:21:24+00:00,2.92,2.92,0.9425,2.92,152000000.0,813000000.0,813000000.0,0.0,817000000.0,-4000000.0,5205000000.0,7159000000.0,,-173000000.0,,778000000.0,5205000000.0,1954000000.0,45000000.0,7000000.0,778000000.0,1176000000.0,-211000000.0,965000000.0,7159000000.0,279700000.0,279700000.0,279700000.0
Raytheon Co,RTN,YR6K3WJN0KKLUPZSNL57,1047122,2019.0,Q1TTM,2018-04-02,2019-03-31,,10.73,10.73,3.55,10.73,277000000.0,3034000000.0,3034000000.0,,3057000000.0,-23000000.0,19918000000.0,27520000000.0,,-1155000000.0,,2992000000.0,19918000000.0,7602000000.0,181000000.0,37000000.0,2992000000.0,4610000000.0,-1299000000.0,3311000000.0,27520000000.0,281900000.0,281900000.0,281900000.0
Raytheon Co,RTN,YR6K3WJN0KKLUPZSNL57,1047122,2019.0,Q1,2019-01-01,2019-03-31,2019-04-25 10:30:02+00:00,2.77,2.77,0.9425,2.77,146000000.0,775000000.0,775000000.0,0.0,781000000.0,-6000000.0,4877000000.0,6729000000.0,,-161000000.0,,739000000.0,4877000000.0,1852000000.0,44000000.0,13000000.0,739000000.0,1113000000.0,-192000000.0,921000000.0,6729000000.0,281900000.0,281900000.0,281900000.0
