company_name,company_ticker,company_lei,company_cik,year,quarter,start_date,end_date,filing_date,basicdilutedeps,basiceps,cashdividendspershare,depreciationexpense,dilutedeps,incometaxexpense,netincome,netincomecontinuing,netincometocommon,netincometononcontrollinginterest,operatingcostofrevenue,operatingrevenue,othergains,otherincome,sgaexpense,totalcostofrevenue,totalgrossprofit,totalinterestexpense,totalinterestincome,totaloperatingexpenses,totaloperatingincome,totalotherincome,totalpretaxincome,totalrevenue,weightedavebasicdilutedsharesos,weightedavebasicsharesos,weightedavedilutedsharesos
Omnicom Group Inc,OMC,HKUPACFHSSASQK8HLS17,29989,2007.0,FY,2007-01-01,2007-12-31,2010-02-19 17:23:05+00:00,2.95,2.95,,,2.93,536900000.0,1086600000.0,1086600000.0,975700000.0,110900000.0,11034900000.0,12694000000.0,38400000.0,,,11034900000.0,1659100000.0,106900000.0,32900000.0,,1659100000.0,-74000000.0,1585100000.0,12694000000.0,330700000.0,330700000.0,333000000.0
Omnicom Group Inc,OMC,HKUPACFHSSASQK8HLS17,29989,2008.0,FY,2008-01-01,2008-12-31,2011-02-24 16:35:28+00:00,3.17,3.17,0.6,,3.14,542700000.0,1114400000.0,1114400000.0,1000300000.0,114100000.0,11670500000.0,13359900000.0,42000000.0,,,11670500000.0,1689400000.0,124600000.0,50300000.0,,1689400000.0,-74300000.0,1615100000.0,13359900000.0,313000000.0,313000000.0,313000000.0
Omnicom Group Inc,OMC,HKUPACFHSSASQK8HLS17,29989,2008.0,Q3,2008-07-01,2008-09-30,2009-10-26 17:17:26+00:00,0.68,0.68,0.15,,0.68,118200000.0,241300000.0,241300000.0,213600000.0,27700000.0,2942800000.0,3316200000.0,6800000.0,,,2942800000.0,373400000.0,35100000.0,14400000.0,,373400000.0,-20700000.0,352700000.0,3316200000.0,314100000.0,314100000.0,314100000.0
Omnicom Group Inc,OMC,HKUPACFHSSASQK8HLS17,29989,2008.0,Q2,2008-04-01,2008-06-30,2009-08-06 16:06:39+00:00,0.96,0.96,0.15,,0.95,167200000.0,341900000.0,341900000.0,307000000.0,34900000.0,2960100000.0,3476900000.0,11000000.0,,,2960100000.0,516800000.0,31400000.0,12700000.0,,516800000.0,-18700000.0,498100000.0,3476900000.0,319800000.0,319800000.0,323200000.0
Omnicom Group Inc,OMC,HKUPACFHSSASQK8HLS17,29989,2009.0,Q4,2009-10-01,2009-12-31,,0.73,0.73,0.15,,0.72,124700000.0,256700000.0,256700000.0,229500000.0,27200000.0,2866200000.0,3265800000.0,10300000.0,,,2866200000.0,399600000.0,34200000.0,5700000.0,,399600000.0,-28500000.0,371100000.0,3265800000.0,308200000.0,308200000.0,308200000.0
Omnicom Group Inc,OMC,HKUPACFHSSASQK8HLS17,29989,2009.0,FY,2009-01-01,2009-12-31,2012-02-17 16:05:11+00:00,2.54,2.54,0.6,,2.53,433600000.0,871400000.0,871400000.0,793000000.0,78400000.0,10345800000.0,11720700000.0,30800000.0,,,10345800000.0,1374900000.0,122200000.0,21500000.0,,1374900000.0,-100700000.0,1274200000.0,11720700000.0,308200000.0,308200000.0,308200000.0
Omnicom Group Inc,OMC,HKUPACFHSSASQK8HLS17,29989,2009.0,Q3YTD,2009-01-01,2009-09-30,,1.83,1.83,0.49,,1.83,308900000.0,614700000.0,614700000.0,563500000.0,51200000.0,7479600000.0,8454900000.0,20500000.0,,,7479600000.0,975300000.0,88000000.0,15800000.0,,975300000.0,-72200000.0,903100000.0,8454900000.0,308600000.0,308600000.0,308600000.0
Omnicom Group Inc,OMC,HKUPACFHSSASQK8HLS17,29989,2009.0,Q3,2009-07-01,2009-09-30,2010-10-22 12:33:51+00:00,0.53,0.53,0.15,,0.53,90500000.0,182700000.0,182700000.0,165600000.0,17100000.0,2542800000.0,2837600000.0,7300000.0,,,2542800000.0,294800000.0,33800000.0,4900000.0,,294800000.0,-28900000.0,265900000.0,2837600000.0,308600000.0,308600000.0,308600000.0
Omnicom Group Inc,OMC,HKUPACFHSSASQK8HLS17,29989,2009.0,Q2YTD,2009-01-01,2009-06-30,,1.29,1.29,0.32,,1.29,218400000.0,432000000.0,432000000.0,397900000.0,34100000.0,4936800000.0,5617300000.0,13200000.0,,,4936800000.0,680500000.0,54200000.0,10900000.0,,680500000.0,-43300000.0,637200000.0,5617300000.0,308100000.0,308100000.0,308100000.0
Omnicom Group Inc,OMC,HKUPACFHSSASQK8HLS17,29989,2009.0,Q2,2009-04-01,2009-06-30,2010-07-26 17:26:54+00:00,0.75,0.75,0.15,,0.75,129700000.0,253800000.0,253800000.0,233400000.0,20400000.0,2472600000.0,2870700000.0,7300000.0,,,2472600000.0,398100000.0,27400000.0,5500000.0,,398100000.0,-21900000.0,376200000.0,2870700000.0,308100000.0,308100000.0,308100000.0
Omnicom Group Inc,OMC,HKUPACFHSSASQK8HLS17,29989,2009.0,Q1,2009-01-01,2009-03-31,2010-04-22 19:03:03+00:00,0.53,0.53,0.15,,0.53,88700000.0,178200000.0,178200000.0,164500000.0,13700000.0,2464200000.0,2746600000.0,5900000.0,,,2464200000.0,282400000.0,26800000.0,5400000.0,,282400000.0,-21400000.0,261000000.0,2746600000.0,310400000.0,310400000.0,310400000.0
Omnicom Group Inc,OMC,HKUPACFHSSASQK8HLS17,29989,2010.0,Q4,2010-10-01,2010-12-31,,0.83,0.83,0.2,,0.82,139400000.0,278400000.0,278400000.0,246400000.0,32000000.0,3147000000.0,3586700000.0,10300000.0,,,3147000000.0,439700000.0,38900000.0,6700000.0,,439700000.0,-32200000.0,407500000.0,3586700000.0,299600000.0,299600000.0,299600000.0
Omnicom Group Inc,OMC,HKUPACFHSSASQK8HLS17,29989,2010.0,FY,2010-01-01,2010-12-31,2013-02-19 16:45:58+00:00,2.74,2.74,0.8,,2.7,460200000.0,923700000.0,923700000.0,827700000.0,96000000.0,11082300000.0,12542500000.0,33500000.0,,,11082300000.0,1460200000.0,134700000.0,24900000.0,,1460200000.0,-109800000.0,1350400000.0,12542500000.0,299600000.0,299600000.0,299600000.0
Omnicom Group Inc,OMC,HKUPACFHSSASQK8HLS17,29989,2010.0,Q3YTD,2010-01-01,2010-09-30,,1.91,1.91,0.6,,1.88,320800000.0,645300000.0,645300000.0,581300000.0,64000000.0,7935300000.0,8955800000.0,23200000.0,,,7935300000.0,1020500000.0,95800000.0,18200000.0,,1020500000.0,-77600000.0,942900000.0,8955800000.0,299300000.0,299300000.0,299300000.0
Omnicom Group Inc,OMC,HKUPACFHSSASQK8HLS17,29989,2010.0,Q3TTM,2009-10-01,2010-09-30,,2.64,2.64,0.75,,2.6,445500000.0,902000000.0,902000000.0,810800000.0,91200000.0,10801500000.0,12221600000.0,33500000.0,,,10801500000.0,1420100000.0,130000000.0,23900000.0,,1420100000.0,-106100000.0,1314000000.0,12221600000.0,299300000.0,299300000.0,299300000.0
Omnicom Group Inc,OMC,HKUPACFHSSASQK8HLS17,29989,2010.0,Q3,2010-07-01,2010-09-30,2011-10-20 16:52:30+00:00,0.58,0.58,0.2,,0.57,96900000.0,195600000.0,195600000.0,174600000.0,21000000.0,2680500000.0,2994600000.0,8200000.0,,,2680500000.0,314100000.0,36100000.0,6300000.0,,314100000.0,-29800000.0,284300000.0,2994600000.0,299300000.0,299300000.0,299300000.0
Omnicom Group Inc,OMC,HKUPACFHSSASQK8HLS17,29989,2010.0,Q2,2010-04-01,2010-06-30,2011-07-21 17:26:24+00:00,0.8,0.8,0.2,,0.79,133200000.0,268800000.0,268800000.0,243300000.0,25500000.0,2625800000.0,3041200000.0,10300000.0,,,2625800000.0,415400000.0,29900000.0,6200000.0,,415400000.0,-23700000.0,391700000.0,3041200000.0,302300000.0,302300000.0,302300000.0
Omnicom Group Inc,OMC,HKUPACFHSSASQK8HLS17,29989,2010.0,Q2YTD,2010-01-01,2010-06-30,,1.33,1.33,0.4,,1.31,223900000.0,449700000.0,449700000.0,406700000.0,43000000.0,5254800000.0,5961200000.0,15000000.0,,,5254800000.0,706400000.0,59700000.0,11900000.0,,706400000.0,-47800000.0,658600000.0,5961200000.0,302300000.0,302300000.0,302300000.0
Omnicom Group Inc,OMC,HKUPACFHSSASQK8HLS17,29989,2010.0,Q2TTM,2009-07-01,2010-06-30,,2.59,2.59,0.7,,2.56,439100000.0,889100000.0,889100000.0,801800000.0,87300000.0,10663800000.0,12064600000.0,32600000.0,,,10663800000.0,1400800000.0,127700000.0,22500000.0,,1400800000.0,-105200000.0,1295600000.0,12064600000.0,302300000.0,302300000.0,302300000.0
Omnicom Group Inc,OMC,HKUPACFHSSASQK8HLS17,29989,2010.0,Q1TTM,2009-04-01,2010-03-31,,2.58,2.58,1.07,,2.58,435600000.0,874100000.0,874100000.0,791900000.0,82200000.0,10510600000.0,11894100000.0,29600000.0,,,10510600000.0,1383500000.0,125200000.0,21800000.0,,1383500000.0,-103400000.0,1280100000.0,11894100000.0,306400000.0,306400000.0,306400000.0
Omnicom Group Inc,OMC,HKUPACFHSSASQK8HLS17,29989,2010.0,Q1,2010-01-01,2010-03-31,2011-04-29 15:25:43+00:00,0.53,0.53,0.2,,0.52,90700000.0,180900000.0,180900000.0,163400000.0,17500000.0,2629000000.0,2920000000.0,4700000.0,,,2629000000.0,291000000.0,29800000.0,5700000.0,,291000000.0,-24100000.0,266900000.0,2920000000.0,306400000.0,306400000.0,306400000.0
Omnicom Group Inc,OMC,HKUPACFHSSASQK8HLS17,29989,2011.0,Q4,2011-10-01,2011-12-31,,0.97,0.97,0.25,,0.96,156700000.0,307200000.0,307200000.0,271900000.0,35300000.0,3365400000.0,3852900000.0,6900000.0,,,3365400000.0,487500000.0,39500000.0,9000000.0,,487500000.0,-30500000.0,457000000.0,3852900000.0,279000000.0,279000000.0,279000000.0
Omnicom Group Inc,OMC,HKUPACFHSSASQK8HLS17,29989,2011.0,FY,2011-01-01,2011-12-31,2014-02-12 17:16:34+00:00,3.38,3.38,1.0,,3.33,505800000.0,1060400000.0,1060400000.0,952600000.0,107800000.0,12201400000.0,13872500000.0,17200000.0,,,12201400000.0,1671100000.0,158100000.0,36000000.0,,1671100000.0,-122100000.0,1549000000.0,13872500000.0,279000000.0,279000000.0,279000000.0
Omnicom Group Inc,OMC,HKUPACFHSSASQK8HLS17,29989,2011.0,Q3YTD,2011-01-01,2011-09-30,,2.41,2.41,0.75,,2.37,349100000.0,753200000.0,753200000.0,680700000.0,72500000.0,8836000000.0,10019600000.0,10300000.0,,,8836000000.0,1183600000.0,118600000.0,27000000.0,,1183600000.0,-91600000.0,1092000000.0,10019600000.0,277100000.0,277100000.0,277100000.0
Omnicom Group Inc,OMC,HKUPACFHSSASQK8HLS17,29989,2011.0,Q3TTM,2010-10-01,2011-09-30,,3.24,3.24,0.95,,3.19,488500000.0,1031600000.0,1031600000.0,927100000.0,104500000.0,11983000000.0,13606300000.0,20600000.0,,,11983000000.0,1623300000.0,157500000.0,33700000.0,,1623300000.0,-123800000.0,1499500000.0,13606300000.0,277100000.0,277100000.0,277100000.0
Omnicom Group Inc,OMC,HKUPACFHSSASQK8HLS17,29989,2011.0,Q3,2011-07-01,2011-09-30,2012-10-18 16:18:46+00:00,0.73,0.73,0.25,,0.72,117100000.0,228900000.0,228900000.0,203700000.0,25200000.0,3007500000.0,3380900000.0,4500000.0,,,3007500000.0,373400000.0,39800000.0,7900000.0,,373400000.0,-31900000.0,341500000.0,3380900000.0,277100000.0,277100000.0,277100000.0
Omnicom Group Inc,OMC,HKUPACFHSSASQK8HLS17,29989,2011.0,Q2YTD,2011-01-01,2011-06-30,,1.68,1.68,0.5,,1.65,232000000.0,524300000.0,524300000.0,477000000.0,47300000.0,5828500000.0,6638700000.0,5800000.0,,,5828500000.0,810200000.0,78800000.0,19100000.0,,810200000.0,-59700000.0,750500000.0,6638700000.0,278700000.0,278700000.0,278700000.0
Omnicom Group Inc,OMC,HKUPACFHSSASQK8HLS17,29989,2011.0,Q2TTM,2010-07-01,2011-06-30,,3.09,3.09,0.9,,3.04,468300000.0,998300000.0,998300000.0,898000000.0,100300000.0,11656000000.0,13220000000.0,24300000.0,,,11656000000.0,1564000000.0,153800000.0,32100000.0,,1564000000.0,-121700000.0,1442300000.0,13220000000.0,278700000.0,278700000.0,278700000.0
Omnicom Group Inc,OMC,HKUPACFHSSASQK8HLS17,29989,2011.0,Q2,2011-04-01,2011-06-30,2012-07-20 17:29:38+00:00,0.98,0.98,0.25,,0.96,158100000.0,307200000.0,307200000.0,275100000.0,32100000.0,2999300000.0,3487400000.0,4800000.0,,,2999300000.0,488100000.0,36900000.0,9300000.0,,488100000.0,-27600000.0,460500000.0,3487400000.0,278700000.0,278700000.0,278700000.0
Omnicom Group Inc,OMC,HKUPACFHSSASQK8HLS17,29989,2011.0,Q1TTM,2010-04-01,2011-03-31,,2.91,2.91,0.85,,2.87,443400000.0,959900000.0,959900000.0,866200000.0,93700000.0,11282500000.0,12773800000.0,29800000.0,,,11282500000.0,1491300000.0,146800000.0,29000000.0,,1491300000.0,-117800000.0,1373500000.0,12773800000.0,283600000.0,283600000.0,283600000.0
Omnicom Group Inc,OMC,HKUPACFHSSASQK8HLS17,29989,2011.0,Q1,2011-01-01,2011-03-31,2012-04-17 17:07:00+00:00,0.7,0.7,0.25,,0.69,73900000.0,217100000.0,217100000.0,201900000.0,15200000.0,2829200000.0,3151300000.0,1000000.0,,,2829200000.0,322100000.0,41900000.0,9800000.0,,322100000.0,-32100000.0,290000000.0,3151300000.0,283600000.0,283600000.0,283600000.0
Omnicom Group Inc,OMC,HKUPACFHSSASQK8HLS17,29989,2012.0,Q4,2012-10-01,2012-12-31,,1.13,1.13,0.3,,1.13,137200000.0,343700000.0,343700000.0,307100000.0,36600000.0,3396500000.0,3944500000.0,-26900000.0,,,3396500000.0,548000000.0,49400000.0,9200000.0,,548000000.0,-40200000.0,507800000.0,3944500000.0,268300000.0,268300000.0,268300000.0
Omnicom Group Inc,OMC,HKUPACFHSSASQK8HLS17,29989,2012.0,FY,2012-01-01,2012-12-31,2015-02-10 16:33:17+00:00,3.64,3.64,1.2,,3.61,527100000.0,1117500000.0,1117500000.0,998300000.0,119200000.0,12415200000.0,14219400000.0,-15000000.0,,,12415200000.0,1804200000.0,179700000.0,35100000.0,,1804200000.0,-144600000.0,1659600000.0,14219400000.0,268300000.0,268300000.0,268300000.0
Omnicom Group Inc,OMC,HKUPACFHSSASQK8HLS17,29989,2012.0,Q3YTD,2012-01-01,2012-09-30,,2.51,2.51,0.9,,2.48,389900000.0,773800000.0,773800000.0,691200000.0,82600000.0,9018700000.0,10274900000.0,11900000.0,,,9018700000.0,1256200000.0,130300000.0,25900000.0,,1256200000.0,-104400000.0,1151800000.0,10274900000.0,266600000.0,266600000.0,266600000.0
Omnicom Group Inc,OMC,HKUPACFHSSASQK8HLS17,29989,2012.0,Q3TTM,2011-10-01,2012-09-30,,3.48,3.48,1.15,,3.44,546600000.0,1081000000.0,1081000000.0,963100000.0,117900000.0,12384100000.0,14127800000.0,18800000.0,,,12384100000.0,1743700000.0,169800000.0,34900000.0,,1743700000.0,-134900000.0,1608800000.0,14127800000.0,266600000.0,266600000.0,266600000.0
Omnicom Group Inc,OMC,HKUPACFHSSASQK8HLS17,29989,2012.0,Q3,2012-07-01,2012-09-30,2013-10-17 17:09:25+00:00,0.75,0.75,0.3,,0.74,118700000.0,233600000.0,233600000.0,203900000.0,29700000.0,3019300000.0,3406600000.0,5300000.0,,,3019300000.0,387300000.0,47800000.0,7500000.0,,387300000.0,-40300000.0,347000000.0,3406600000.0,266600000.0,266600000.0,266600000.0
Omnicom Group Inc,OMC,HKUPACFHSSASQK8HLS17,29989,2012.0,Q2YTD,2012-01-01,2012-06-30,,1.76,1.76,0.6,,1.74,271200000.0,540200000.0,540200000.0,487300000.0,52900000.0,5999400000.0,6868300000.0,6600000.0,,,5999400000.0,868900000.0,82500000.0,18400000.0,,868900000.0,-64100000.0,804800000.0,6868300000.0,269000000.0,269000000.0,269000000.0
Omnicom Group Inc,OMC,HKUPACFHSSASQK8HLS17,29989,2012.0,Q2TTM,2011-07-01,2012-06-30,,3.46,3.46,1.1,,3.42,545000000.0,1076300000.0,1076300000.0,962900000.0,113400000.0,12372300000.0,14102100000.0,18000000.0,,,12372300000.0,1729800000.0,161800000.0,35300000.0,,1729800000.0,-126500000.0,1603300000.0,14102100000.0,269000000.0,269000000.0,269000000.0
Omnicom Group Inc,OMC,HKUPACFHSSASQK8HLS17,29989,2012.0,Q2,2012-04-01,2012-06-30,2013-07-18 06:18:10+00:00,1.03,1.03,0.3,,1.02,161900000.0,314200000.0,314200000.0,282700000.0,31500000.0,3054600000.0,3561000000.0,4600000.0,,,3054600000.0,506400000.0,44000000.0,9100000.0,,506400000.0,-34900000.0,471500000.0,3561000000.0,269000000.0,269000000.0,269000000.0
Omnicom Group Inc,OMC,HKUPACFHSSASQK8HLS17,29989,2012.0,Q1TTM,2011-04-01,2012-03-31,,3.41,3.41,1.05,,3.36,541200000.0,1069300000.0,1069300000.0,955300000.0,114000000.0,12317000000.0,14028500000.0,18200000.0,,,12317000000.0,1711500000.0,154700000.0,35500000.0,,1711500000.0,-119200000.0,1592300000.0,14028500000.0,273300000.0,273300000.0,273300000.0
Omnicom Group Inc,OMC,HKUPACFHSSASQK8HLS17,29989,2012.0,Q1,2012-01-01,2012-03-31,2013-04-22 16:12:54+00:00,0.73,0.73,0.3,,0.72,109300000.0,226000000.0,226000000.0,204600000.0,21400000.0,2944800000.0,3307300000.0,2000000.0,,,2944800000.0,362500000.0,38500000.0,9300000.0,,362500000.0,-29200000.0,333300000.0,3307300000.0,273300000.0,273300000.0,273300000.0
Omnicom Group Inc,OMC,HKUPACFHSSASQK8HLS17,29989,2013.0,FY,2013-01-01,2013-12-31,2016-02-09 16:38:22+00:00,3.73,3.73,1.6,,3.71,565200000.0,1111600000.0,1111600000.0,991100000.0,120500000.0,12759200000.0,14584500000.0,15900000.0,,,12759200000.0,1825300000.0,197200000.0,32800000.0,,1825300000.0,-164400000.0,1660900000.0,14584500000.0,258900000.0,258900000.0,258900000.0
Omnicom Group Inc,OMC,HKUPACFHSSASQK8HLS17,29989,2013.0,Q4,2013-10-01,2013-12-31,,1.14,1.14,0.4,,1.12,176200000.0,340500000.0,340500000.0,300500000.0,40000000.0,3506900000.0,4058100000.0,5500000.0,,,3506900000.0,551200000.0,48500000.0,8500000.0,,551200000.0,-40000000.0,511200000.0,4058100000.0,258900000.0,258900000.0,258900000.0
Omnicom Group Inc,OMC,HKUPACFHSSASQK8HLS17,29989,2013.0,Q3YTD,2013-01-01,2013-09-30,,2.59,2.59,1.2,,2.59,389000000.0,771100000.0,771100000.0,690600000.0,80500000.0,9252300000.0,10526400000.0,10400000.0,,,9252300000.0,1274100000.0,148700000.0,24300000.0,,1274100000.0,-124400000.0,1149700000.0,10526400000.0,258200000.0,258200000.0,258200000.0
Omnicom Group Inc,OMC,HKUPACFHSSASQK8HLS17,29989,2013.0,Q3TTM,2012-10-01,2013-09-30,,3.72,3.72,1.5,,3.72,526200000.0,1114800000.0,1114800000.0,997700000.0,117100000.0,12648800000.0,14470900000.0,-16500000.0,,,12648800000.0,1822100000.0,198100000.0,33500000.0,,1822100000.0,-164600000.0,1657500000.0,14470900000.0,258200000.0,258200000.0,258200000.0
Omnicom Group Inc,OMC,HKUPACFHSSASQK8HLS17,29989,2013.0,Q3,2013-07-01,2013-09-30,2014-10-21 16:42:43+00:00,0.74,0.74,0.4,,0.74,116200000.0,224700000.0,224700000.0,196000000.0,28700000.0,3111100000.0,3490500000.0,4300000.0,,,3111100000.0,379400000.0,50500000.0,7700000.0,,379400000.0,-42800000.0,336600000.0,3490500000.0,258200000.0,258200000.0,258200000.0
Omnicom Group Inc,OMC,HKUPACFHSSASQK8HLS17,29989,2013.0,Q2YTD,2013-01-01,2013-06-30,,1.85,1.85,0.8,,1.85,272800000.0,546400000.0,546400000.0,494600000.0,51800000.0,6141200000.0,7035900000.0,6100000.0,,,6141200000.0,894700000.0,98200000.0,16600000.0,,894700000.0,-81600000.0,813100000.0,7035900000.0,257700000.0,257700000.0,257700000.0
Omnicom Group Inc,OMC,HKUPACFHSSASQK8HLS17,29989,2013.0,Q2TTM,2012-07-01,2013-06-30,,3.73,3.73,1.4,,3.72,528700000.0,1123700000.0,1123700000.0,1005600000.0,118100000.0,12557000000.0,14387000000.0,-15500000.0,,,12557000000.0,1830000000.0,195400000.0,33300000.0,,1830000000.0,-162100000.0,1667900000.0,14387000000.0,257700000.0,257700000.0,257700000.0
Omnicom Group Inc,OMC,HKUPACFHSSASQK8HLS17,29989,2013.0,Q2,2013-04-01,2013-06-30,2014-07-22 16:09:14+00:00,1.09,1.09,0.4,,1.09,163600000.0,321600000.0,321600000.0,289500000.0,32100000.0,3114000000.0,3637000000.0,2900000.0,,,3114000000.0,523000000.0,49200000.0,8500000.0,,523000000.0,-40700000.0,482300000.0,3637000000.0,257700000.0,257700000.0,257700000.0
Omnicom Group Inc,OMC,HKUPACFHSSASQK8HLS17,29989,2013.0,Q1TTM,2012-04-01,2013-03-31,,3.67,3.67,1.3,,3.65,527000000.0,1116300000.0,1116300000.0,998800000.0,117500000.0,12497600000.0,14311000000.0,-13800000.0,,,12497600000.0,1813400000.0,190200000.0,33900000.0,,1813400000.0,-156300000.0,1657100000.0,14311000000.0,261000000.0,261000000.0,261000000.0
Omnicom Group Inc,OMC,HKUPACFHSSASQK8HLS17,29989,2013.0,Q1,2013-01-01,2013-03-31,2014-04-22 16:58:07+00:00,0.76,0.76,0.4,,0.76,109200000.0,224800000.0,224800000.0,205100000.0,19700000.0,3027200000.0,3398900000.0,3200000.0,,,3027200000.0,371700000.0,49000000.0,8100000.0,,371700000.0,-40900000.0,330800000.0,3398900000.0,261000000.0,261000000.0,261000000.0
Omnicom Group Inc,OMC,HKUPACFHSSASQK8HLS17,29989,2014.0,FY,2014-01-01,2014-12-31,2017-02-09 15:17:15+00:00,4.27,4.27,1.9,294400000.0,4.24,593100000.0,1233100000.0,1233100000.0,1104000000.0,129100000.0,12602100000.0,15317800000.0,16200000.0,,477200000.0,12602100000.0,2715700000.0,177200000.0,43100000.0,771600000.0,1944100000.0,-134100000.0,1810000000.0,15317800000.0,253900000.0,253900000.0,253900000.0
Omnicom Group Inc,OMC,HKUPACFHSSASQK8HLS17,29989,2014.0,Q4,2014-10-01,2014-12-31,,1.3,1.3,0.5,294400000.0,1.29,182100000.0,373100000.0,373100000.0,329500000.0,43600000.0,2844100000.0,4195100000.0,5800000.0,,477200000.0,2844100000.0,1351000000.0,41800000.0,11800000.0,771600000.0,579400000.0,-30000000.0,549400000.0,4195100000.0,253900000.0,253900000.0,253900000.0
Omnicom Group Inc,OMC,HKUPACFHSSASQK8HLS17,29989,2014.0,Q3,2014-07-01,2014-09-30,2015-10-20 16:03:53+00:00,0.95,0.95,0.5,,0.95,134400000.0,273600000.0,273600000.0,243800000.0,29800000.0,3316000000.0,3749600000.0,5800000.0,,,3316000000.0,433600000.0,42200000.0,10800000.0,,433600000.0,-31400000.0,402200000.0,3749600000.0,251400000.0,251400000.0,251400000.0
Omnicom Group Inc,OMC,HKUPACFHSSASQK8HLS17,29989,2014.0,Q3YTD,2014-01-01,2014-09-30,,2.97,2.97,1.4,,2.95,411000000.0,860000000.0,860000000.0,774500000.0,85500000.0,9758000000.0,11122700000.0,10400000.0,,,9758000000.0,1364700000.0,135400000.0,31300000.0,,1364700000.0,-104100000.0,1260600000.0,11122700000.0,251400000.0,251400000.0,251400000.0
Omnicom Group Inc,OMC,HKUPACFHSSASQK8HLS17,29989,2014.0,Q3TTM,2013-10-01,2014-09-30,,4.11,4.11,1.8,,4.07,587200000.0,1200500000.0,1200500000.0,1075000000.0,125500000.0,13264900000.0,15180800000.0,15900000.0,,,13264900000.0,1915900000.0,183900000.0,39800000.0,,1915900000.0,-144100000.0,1771800000.0,15180800000.0,251400000.0,251400000.0,251400000.0
Omnicom Group Inc,OMC,HKUPACFHSSASQK8HLS17,29989,2014.0,Q2YTD,2014-01-01,2014-06-30,,2.02,2.02,0.9,,2.0,276600000.0,586400000.0,586400000.0,530700000.0,55700000.0,6442000000.0,7373100000.0,4600000.0,,,6442000000.0,931100000.0,93200000.0,20500000.0,,931100000.0,-72700000.0,858400000.0,7373100000.0,256200000.0,256200000.0,256200000.0
Omnicom Group Inc,OMC,HKUPACFHSSASQK8HLS17,29989,2014.0,Q2TTM,2013-07-01,2014-06-30,,3.9,3.9,1.7,,3.86,569000000.0,1151600000.0,1151600000.0,1027200000.0,124400000.0,13060000000.0,14921700000.0,14400000.0,,,13060000000.0,1861700000.0,192200000.0,36700000.0,,1861700000.0,-155500000.0,1706200000.0,14921700000.0,256200000.0,256200000.0,256200000.0
Omnicom Group Inc,OMC,HKUPACFHSSASQK8HLS17,29989,2014.0,Q2,2014-04-01,2014-06-30,2015-07-21 16:39:19+00:00,1.24,1.24,0.5,,1.23,160300000.0,358400000.0,358400000.0,325200000.0,33200000.0,3322500000.0,3870900000.0,4000000.0,,,3322500000.0,548400000.0,45500000.0,11800000.0,,548400000.0,-33700000.0,514700000.0,3870900000.0,256200000.0,256200000.0,256200000.0
Omnicom Group Inc,OMC,HKUPACFHSSASQK8HLS17,29989,2014.0,Q1TTM,2013-04-01,2014-03-31,,3.75,3.75,1.6,,3.72,572300000.0,1114800000.0,1114800000.0,991500000.0,123300000.0,12851500000.0,14687800000.0,13300000.0,,,12851500000.0,1836300000.0,195900000.0,33400000.0,,1836300000.0,-162500000.0,1673800000.0,14687800000.0,259100000.0,259100000.0,259100000.0
Omnicom Group Inc,OMC,HKUPACFHSSASQK8HLS17,29989,2014.0,Q1,2014-01-01,2014-03-31,2015-04-21 16:08:30+00:00,0.78,0.78,0.4,,0.77,116300000.0,228000000.0,228000000.0,205500000.0,22500000.0,3119500000.0,3502200000.0,600000.0,,,3119500000.0,382700000.0,47700000.0,8700000.0,,382700000.0,-39000000.0,343700000.0,3502200000.0,259100000.0,259100000.0,259100000.0
Omnicom Group Inc,OMC,HKUPACFHSSASQK8HLS17,29989,2015.0,FY,2015-01-01,2015-12-31,2018-02-15 16:15:53+00:00,4.43,4.43,2.0,291100000.0,4.41,583600000.0,1203400000.0,1203400000.0,1093900000.0,109500000.0,12491400000.0,15134400000.0,8400000.0,,431800000.0,12491400000.0,2643000000.0,181100000.0,39600000.0,722900000.0,1920100000.0,-141500000.0,1778600000.0,15134400000.0,244200000.0,244200000.0,244200000.0
Omnicom Group Inc,OMC,HKUPACFHSSASQK8HLS17,29989,2015.0,Q4,2015-10-01,2015-12-31,,1.35,1.35,0.5,72400000.0,1.35,176700000.0,364200000.0,364200000.0,331600000.0,32600000.0,3389500000.0,4153300000.0,2200000.0,,115900000.0,3389500000.0,763800000.0,47200000.0,10400000.0,188300000.0,575500000.0,-36800000.0,538700000.0,4153300000.0,244200000.0,244200000.0,244200000.0
Omnicom Group Inc,OMC,HKUPACFHSSASQK8HLS17,29989,2015.0,Q3,2015-07-01,2015-09-30,2016-10-19 09:22:44+00:00,0.97,0.97,0.5,71800000.0,0.97,128900000.0,266700000.0,266700000.0,239300000.0,27400000.0,3102800000.0,3706600000.0,3200000.0,,103700000.0,3102800000.0,603800000.0,45600000.0,9700000.0,175500000.0,428300000.0,-35900000.0,392400000.0,3706600000.0,243200000.0,243200000.0,243200000.0
Omnicom Group Inc,OMC,HKUPACFHSSASQK8HLS17,29989,2015.0,Q3YTD,2015-01-01,2015-09-30,,3.08,3.08,1.5,218700000.0,3.06,406900000.0,839200000.0,839200000.0,762300000.0,76900000.0,9101900000.0,10981100000.0,6200000.0,,315900000.0,9101900000.0,1879200000.0,133900000.0,29200000.0,534600000.0,1344600000.0,-104700000.0,1239900000.0,10981100000.0,243200000.0,243200000.0,243200000.0
Omnicom Group Inc,OMC,HKUPACFHSSASQK8HLS17,29989,2015.0,Q3TTM,2014-10-01,2015-09-30,,4.38,4.38,2.0,513100000.0,4.35,589000000.0,1212300000.0,1212300000.0,1091800000.0,120500000.0,11946000000.0,15176200000.0,12000000.0,,793100000.0,11946000000.0,3230200000.0,175700000.0,41000000.0,1306200000.0,1924000000.0,-134700000.0,1789300000.0,15176200000.0,243200000.0,243200000.0,243200000.0
Omnicom Group Inc,OMC,HKUPACFHSSASQK8HLS17,29989,2015.0,Q2,2015-04-01,2015-06-30,2016-07-19 06:14:28+00:00,1.27,1.27,0.5,72700000.0,1.26,165300000.0,342700000.0,342700000.0,313900000.0,28800000.0,3083900000.0,3805300000.0,4000000.0,,110100000.0,3083900000.0,721400000.0,44700000.0,10100000.0,182800000.0,538600000.0,-34600000.0,504000000.0,3805300000.0,244500000.0,244500000.0,244500000.0
Omnicom Group Inc,OMC,HKUPACFHSSASQK8HLS17,29989,2015.0,Q2YTD,2015-01-01,2015-06-30,,2.11,2.11,1.0,146900000.0,2.09,278000000.0,572500000.0,572500000.0,523000000.0,49500000.0,5999100000.0,7274500000.0,3000000.0,,212200000.0,5999100000.0,1275400000.0,88300000.0,19500000.0,359100000.0,916300000.0,-68800000.0,847500000.0,7274500000.0,244500000.0,244500000.0,244500000.0
Omnicom Group Inc,OMC,HKUPACFHSSASQK8HLS17,29989,2015.0,Q2TTM,2014-07-01,2015-06-30,,4.36,4.36,2.0,441300000.0,4.33,594500000.0,1219200000.0,1219200000.0,1096300000.0,122900000.0,12159200000.0,15219200000.0,14600000.0,,689400000.0,12159200000.0,3060000000.0,172300000.0,42100000.0,1130700000.0,1929300000.0,-130200000.0,1799100000.0,15219200000.0,244500000.0,244500000.0,244500000.0
Omnicom Group Inc,OMC,HKUPACFHSSASQK8HLS17,29989,2015.0,Q1,2015-01-01,2015-03-31,2016-05-10 12:44:50+00:00,0.84,0.84,0.5,74200000.0,0.83,112700000.0,229800000.0,229800000.0,209100000.0,20700000.0,2915200000.0,3469200000.0,-1000000.0,,102100000.0,2915200000.0,554000000.0,43600000.0,9400000.0,176300000.0,377700000.0,-34200000.0,343500000.0,3469200000.0,246400000.0,246400000.0,246400000.0
Omnicom Group Inc,OMC,HKUPACFHSSASQK8HLS17,29989,2015.0,Q1TTM,2014-04-01,2015-03-31,,4.33,4.33,2.0,368600000.0,4.3,589500000.0,1234900000.0,1234900000.0,1107600000.0,127300000.0,12397800000.0,15284800000.0,14600000.0,,579300000.0,12397800000.0,2887000000.0,173100000.0,43800000.0,947900000.0,1939100000.0,-129300000.0,1809800000.0,15284800000.0,246400000.0,246400000.0,246400000.0
Omnicom Group Inc,OMC,HKUPACFHSSASQK8HLS17,29989,2016.0,FY,2016-01-01,2016-12-31,2019-02-12 16:51:43+00:00,4.8,4.8,2.15,292900000.0,4.78,600500000.0,1246700000.0,1246700000.0,1148600000.0,98100000.0,12649600000.0,15416900000.0,5400000.0,0.0,443900000.0,12649600000.0,2767300000.0,231300000.0,42600000.0,736800000.0,2030500000.0,-188700000.0,1841800000.0,15416900000.0,237900000.0,237900000.0,237900000.0
Omnicom Group Inc,OMC,HKUPACFHSSASQK8HLS17,29989,2016.0,Q4,2016-10-01,2016-12-31,,1.48,1.48,0.55,72600000.0,1.46,182800000.0,380300000.0,380300000.0,350300000.0,30000000.0,3424900000.0,4241800000.0,1400000.0,,120800000.0,3424900000.0,816900000.0,73800000.0,12000000.0,193400000.0,623500000.0,-61800000.0,561700000.0,4241800000.0,237900000.0,237900000.0,237900000.0
Omnicom Group Inc,OMC,HKUPACFHSSASQK8HLS17,29989,2016.0,Q3,2016-07-01,2016-09-30,2017-10-17 16:20:03+00:00,1.06,1.06,0.55,73100000.0,1.06,134300000.0,278200000.0,278200000.0,253800000.0,24400000.0,3160800000.0,3791100000.0,1400000.0,,104100000.0,3160800000.0,630300000.0,52900000.0,10900000.0,177200000.0,453100000.0,-42000000.0,411100000.0,3791100000.0,237400000.0,237400000.0,237400000.0
Omnicom Group Inc,OMC,HKUPACFHSSASQK8HLS17,29989,2016.0,Q3YTD,2016-01-01,2016-09-30,,3.32,3.32,1.6,220300000.0,3.32,417700000.0,866400000.0,866400000.0,798300000.0,68100000.0,9224700000.0,11175100000.0,4000000.0,,323100000.0,9224700000.0,1950400000.0,157500000.0,30600000.0,543400000.0,1407000000.0,-126900000.0,1280100000.0,11175100000.0,237400000.0,237400000.0,237400000.0
Omnicom Group Inc,OMC,HKUPACFHSSASQK8HLS17,29989,2016.0,Q3TTM,2015-10-01,2016-09-30,,4.67,4.67,2.1,292700000.0,4.67,594400000.0,1230600000.0,1230600000.0,1129900000.0,100700000.0,12614200000.0,15328400000.0,6200000.0,,439000000.0,12614200000.0,2714200000.0,204700000.0,41000000.0,731700000.0,1982500000.0,-163700000.0,1818800000.0,15328400000.0,237400000.0,237400000.0,237400000.0
Omnicom Group Inc,OMC,HKUPACFHSSASQK8HLS17,29989,2016.0,Q2,2016-04-01,2016-06-30,2017-07-20 16:47:33+00:00,1.36,1.36,0.55,73000000.0,1.36,167900000.0,351900000.0,351900000.0,326100000.0,25800000.0,3139200000.0,3884900000.0,2800000.0,,110900000.0,3139200000.0,745700000.0,54300000.0,9500000.0,183900000.0,561800000.0,-44800000.0,517000000.0,3884900000.0,237700000.0,237700000.0,237700000.0
Omnicom Group Inc,OMC,HKUPACFHSSASQK8HLS17,29989,2016.0,Q2YTD,2016-01-01,2016-06-30,,2.26,2.26,1.05,147200000.0,2.26,283400000.0,588200000.0,588200000.0,544500000.0,43700000.0,6063900000.0,7384000000.0,2600000.0,,219000000.0,6063900000.0,1320100000.0,104600000.0,19700000.0,366200000.0,953900000.0,-84900000.0,869000000.0,7384000000.0,237700000.0,237700000.0,237700000.0
Omnicom Group Inc,OMC,HKUPACFHSSASQK8HLS17,29989,2016.0,Q2TTM,2015-07-01,2016-06-30,,4.58,4.58,2.05,291400000.0,4.58,589000000.0,1219100000.0,1219100000.0,1115400000.0,103700000.0,12556200000.0,15243900000.0,8000000.0,,438600000.0,12556200000.0,2687700000.0,197400000.0,39800000.0,730000000.0,1957700000.0,-157600000.0,1800100000.0,15243900000.0,237700000.0,237700000.0,237700000.0
Omnicom Group Inc,OMC,HKUPACFHSSASQK8HLS17,29989,2016.0,Q1,2016-01-01,2016-03-31,2017-05-10 06:30:48+00:00,0.9,0.9,0.5,74200000.0,0.9,115500000.0,236300000.0,236300000.0,218400000.0,17900000.0,2924700000.0,3499100000.0,-200000.0,,108100000.0,2924700000.0,574400000.0,50300000.0,10200000.0,182300000.0,392100000.0,-40100000.0,352000000.0,3499100000.0,240000000.0,240000000.0,240000000.0
Omnicom Group Inc,OMC,HKUPACFHSSASQK8HLS17,29989,2016.0,Q1TTM,2015-04-01,2016-03-31,,4.49,4.49,2.0,291100000.0,4.48,586400000.0,1209900000.0,1209900000.0,1103200000.0,106700000.0,12500900000.0,15164300000.0,9200000.0,,437800000.0,12500900000.0,2663400000.0,187800000.0,40400000.0,728900000.0,1934500000.0,-147400000.0,1787100000.0,15164300000.0,240000000.0,240000000.0,240000000.0
Omnicom Group Inc,OMC,HKUPACFHSSASQK8HLS17,29989,2017.0,FY,2017-01-01,2017-12-31,2020-02-11 16:48:07+00:00,4.68,4.68,2.25,282100000.0,4.65,696200000.0,1192200000.0,1192200000.0,1088400000.0,103800000.0,12468000000.0,15273600000.0,3500000.0,0.0,439700000.0,12468000000.0,2805600000.0,248600000.0,49700000.0,721800000.0,2083800000.0,-198900000.0,1884900000.0,15273600000.0,232300000.0,232300000.0,232300000.0
Omnicom Group Inc,OMC,HKUPACFHSSASQK8HLS17,29989,2017.0,Q4,2017-10-01,2017-12-31,,1.1,1.1,0.6,69700000.0,1.1,289500000.0,287800000.0,287800000.0,254400000.0,33400000.0,3359000000.0,4176600000.0,700000.0,,121500000.0,3359000000.0,817600000.0,61500000.0,11700000.0,191200000.0,626400000.0,-49800000.0,576600000.0,4176600000.0,232300000.0,232300000.0,232300000.0
Omnicom Group Inc,OMC,HKUPACFHSSASQK8HLS17,29989,2017.0,Q3,2017-07-01,2017-09-30,2018-10-16 17:21:43+00:00,1.14,1.14,0.55,68600000.0,1.13,132000000.0,286900000.0,286900000.0,263600000.0,23300000.0,3081200000.0,3719500000.0,1100000.0,0.0,99500000.0,3081200000.0,638300000.0,65000000.0,12600000.0,168100000.0,470200000.0,-52400000.0,417800000.0,3719500000.0,231200000.0,231200000.0,231200000.0
Omnicom Group Inc,OMC,HKUPACFHSSASQK8HLS17,29989,2017.0,Q3YTD,2017-01-01,2017-09-30,,3.58,3.58,1.65,212400000.0,3.55,406700000.0,904400000.0,904400000.0,834000000.0,70400000.0,9109000000.0,11097000000.0,2800000.0,,318200000.0,9109000000.0,1988000000.0,187100000.0,38000000.0,530600000.0,1457400000.0,-149100000.0,1308300000.0,11097000000.0,231200000.0,231200000.0,231200000.0
Omnicom Group Inc,OMC,HKUPACFHSSASQK8HLS17,29989,2017.0,Q3TTM,2016-10-01,2017-09-30,,5.06,5.06,2.2,285000000.0,5.01,589500000.0,1284700000.0,1284700000.0,1184300000.0,100400000.0,12533900000.0,15338800000.0,4200000.0,,439000000.0,12533900000.0,2804900000.0,260900000.0,50000000.0,724000000.0,2080900000.0,-210900000.0,1870000000.0,15338800000.0,231200000.0,231200000.0,231200000.0
Omnicom Group Inc,OMC,HKUPACFHSSASQK8HLS17,29989,2017.0,Q2,2017-04-01,2017-06-30,2018-07-17 16:02:32+00:00,1.41,1.41,0.55,71100000.0,1.4,166700000.0,355100000.0,355100000.0,328600000.0,26500000.0,3037400000.0,3790100000.0,1600000.0,,110100000.0,3037400000.0,752700000.0,62800000.0,11500000.0,181200000.0,571500000.0,-51300000.0,520200000.0,3790100000.0,232100000.0,232100000.0,232100000.0
Omnicom Group Inc,OMC,HKUPACFHSSASQK8HLS17,29989,2017.0,Q2YTD,2017-01-01,2017-06-30,,2.44,2.44,1.1,143800000.0,2.42,274700000.0,617500000.0,617500000.0,570400000.0,47100000.0,6027800000.0,7377500000.0,1700000.0,,218700000.0,6027800000.0,1349700000.0,122100000.0,25400000.0,362500000.0,987200000.0,-96700000.0,890500000.0,7377500000.0,232100000.0,232100000.0,232100000.0
Omnicom Group Inc,OMC,HKUPACFHSSASQK8HLS17,29989,2017.0,Q2TTM,2016-07-01,2017-06-30,,4.98,4.98,2.2,289500000.0,4.94,591800000.0,1276000000.0,1276000000.0,1174500000.0,101500000.0,12613500000.0,15410400000.0,4500000.0,,443600000.0,12613500000.0,2796900000.0,248800000.0,48300000.0,733100000.0,2063800000.0,-200500000.0,1863300000.0,15410400000.0,232100000.0,232100000.0,232100000.0
Omnicom Group Inc,OMC,HKUPACFHSSASQK8HLS17,29989,2017.0,Q1,2017-01-01,2017-03-31,2018-04-17 16:04:54+00:00,1.03,1.03,0.55,72700000.0,1.02,108000000.0,262400000.0,262400000.0,241800000.0,20600000.0,2990400000.0,3587400000.0,100000.0,,108600000.0,2990400000.0,597000000.0,59300000.0,13900000.0,181300000.0,415700000.0,-45400000.0,370300000.0,3587400000.0,234600000.0,234600000.0,234600000.0
Omnicom Group Inc,OMC,HKUPACFHSSASQK8HLS17,29989,2017.0,Q1TTM,2016-04-01,2017-03-31,,4.93,4.93,2.2,291400000.0,4.9,593000000.0,1272800000.0,1272800000.0,1172000000.0,100800000.0,12715300000.0,15505200000.0,5700000.0,,444400000.0,12715300000.0,2789900000.0,240300000.0,46300000.0,735800000.0,2054100000.0,-194000000.0,1860100000.0,15505200000.0,234600000.0,234600000.0,234600000.0
Omnicom Group Inc,OMC,HKUPACFHSSASQK8HLS17,29989,2018.0,FY,2018-01-01,2018-12-31,2020-02-11 16:48:07+00:00,5.85,5.85,2.4,264000000.0,5.83,492700000.0,1440500000.0,1440500000.0,1326400000.0,114100000.0,12437300000.0,15290200000.0,8900000.0,,455400000.0,12437300000.0,2852900000.0,266400000.0,57200000.0,719400000.0,2133500000.0,-209200000.0,1924300000.0,15290200000.0,226600000.0,226600000.0,226600000.0
Omnicom Group Inc,OMC,HKUPACFHSSASQK8HLS17,29989,2018.0,Q4,2018-10-01,2018-12-31,,1.76,1.76,0.6,61300000.0,1.77,149800000.0,429700000.0,429700000.0,399200000.0,30500000.0,3279100000.0,4086700000.0,5400000.0,,119100000.0,3279100000.0,807600000.0,68300000.0,15200000.0,180400000.0,627200000.0,-53100000.0,574100000.0,4086700000.0,226600000.0,226600000.0,226600000.0
Omnicom Group Inc,OMC,HKUPACFHSSASQK8HLS17,29989,2018.0,Q3,2018-07-01,2018-09-30,2019-10-15 17:27:26+00:00,1.33,1.33,0.6,65900000.0,1.32,115300000.0,331300000.0,331300000.0,298900000.0,32400000.0,3032600000.0,3714300000.0,1000000.0,,113500000.0,3032600000.0,681700000.0,69400000.0,12700000.0,179400000.0,502300000.0,-56700000.0,445600000.0,3714300000.0,224800000.0,224800000.0,224800000.0
Omnicom Group Inc,OMC,HKUPACFHSSASQK8HLS17,29989,2018.0,Q3YTD,2018-01-01,2018-09-30,,4.09,4.09,1.8,202700000.0,4.06,342900000.0,1010800000.0,1010800000.0,927200000.0,83600000.0,9158200000.0,11203500000.0,3500000.0,,336300000.0,9158200000.0,2045300000.0,198100000.0,42000000.0,539000000.0,1506300000.0,-156100000.0,1350200000.0,11203500000.0,224800000.0,224800000.0,224800000.0
Omnicom Group Inc,OMC,HKUPACFHSSASQK8HLS17,29989,2018.0,Q3TTM,2017-10-01,2018-09-30,,5.19,5.19,2.4,272400000.0,5.16,632400000.0,1298600000.0,1298600000.0,1181600000.0,117000000.0,12517200000.0,15380100000.0,4200000.0,,457800000.0,12517200000.0,2862900000.0,259600000.0,53700000.0,730200000.0,2132700000.0,-205900000.0,1926800000.0,15380100000.0,224800000.0,224800000.0,224800000.0
Omnicom Group Inc,OMC,HKUPACFHSSASQK8HLS17,29989,2018.0,Q2,2018-04-01,2018-06-30,2019-07-17 16:38:31+00:00,1.61,1.61,0.6,67400000.0,1.6,136700000.0,394800000.0,394800000.0,364200000.0,30600000.0,3092500000.0,3859600000.0,1700000.0,,117400000.0,3092500000.0,767100000.0,66400000.0,13900000.0,184800000.0,582300000.0,-52500000.0,529800000.0,3859600000.0,226800000.0,226800000.0,226800000.0
Omnicom Group Inc,OMC,HKUPACFHSSASQK8HLS17,29989,2018.0,Q2YTD,2018-01-01,2018-06-30,,2.76,2.76,1.2,136800000.0,2.74,227600000.0,679500000.0,679500000.0,628300000.0,51200000.0,6125600000.0,7489200000.0,2500000.0,,222800000.0,6125600000.0,1363600000.0,128700000.0,29300000.0,359600000.0,1004000000.0,-99400000.0,904600000.0,7489200000.0,226800000.0,226800000.0,226800000.0
Omnicom Group Inc,OMC,HKUPACFHSSASQK8HLS17,29989,2018.0,Q2TTM,2017-07-01,2018-06-30,,5.0,5.0,2.35,275100000.0,4.97,649100000.0,1254200000.0,1254200000.0,1146300000.0,107900000.0,12565800000.0,15385300000.0,4300000.0,,443800000.0,12565800000.0,2819500000.0,255200000.0,53600000.0,718900000.0,2100600000.0,-201600000.0,1899000000.0,15385300000.0,226800000.0,226800000.0,226800000.0
Omnicom Group Inc,OMC,HKUPACFHSSASQK8HLS17,29989,2018.0,Q1,2018-01-01,2018-03-31,2019-04-16 17:14:51+00:00,1.15,1.15,0.6,69400000.0,1.14,90900000.0,284700000.0,284700000.0,264100000.0,20600000.0,3033100000.0,3629600000.0,800000.0,,105400000.0,3033100000.0,596500000.0,62300000.0,15400000.0,174800000.0,421700000.0,-46900000.0,374800000.0,3629600000.0,230200000.0,230200000.0,230200000.0
Omnicom Group Inc,OMC,HKUPACFHSSASQK8HLS17,29989,2018.0,Q1TTM,2017-04-01,2018-03-31,,4.8,4.8,2.3,278800000.0,4.77,679100000.0,1214500000.0,1214500000.0,1110700000.0,103800000.0,12510700000.0,15315800000.0,4200000.0,,436500000.0,12510700000.0,2805100000.0,251600000.0,51200000.0,715300000.0,2089800000.0,-200400000.0,1889400000.0,15315800000.0,230200000.0,230200000.0,230200000.0
Omnicom Group Inc,OMC,HKUPACFHSSASQK8HLS17,29989,2019.0,Q4,2019-10-01,2019-12-31,,1.89,1.89,0.65,56200000.0,1.89,158800000.0,449900000.0,449900000.0,415000000.0,34900000.0,3341200000.0,4141200000.0,800000.0,,97400000.0,3341200000.0,800000000.0,51900000.0,13400000.0,153600000.0,646400000.0,-38500000.0,607900000.0,4141200000.0,219800000.0,219800000.0,219800000.0
Omnicom Group Inc,OMC,HKUPACFHSSASQK8HLS17,29989,2019.0,FY,2019-01-01,2019-12-31,2020-02-11 16:48:07+00:00,6.09,6.09,2.6,231500000.0,6.06,504400000.0,1435900000.0,1435900000.0,1339100000.0,96800000.0,12194000000.0,14953700000.0,2000000.0,0.0,405900000.0,12194000000.0,2759700000.0,244300000.0,60300000.0,637400000.0,2122300000.0,-184000000.0,1938300000.0,14953700000.0,219800000.0,219800000.0,219800000.0
Omnicom Group Inc,OMC,HKUPACFHSSASQK8HLS17,29989,2019.0,Q3YTD,2019-01-01,2019-09-30,,4.2,4.2,1.95,175300000.0,4.17,345600000.0,986000000.0,986000000.0,924100000.0,61900000.0,8852800000.0,10812500000.0,1200000.0,,308500000.0,8852800000.0,1959700000.0,192400000.0,46900000.0,483800000.0,1475900000.0,-145500000.0,1330400000.0,10812500000.0,218200000.0,218200000.0,218200000.0
Omnicom Group Inc,OMC,HKUPACFHSSASQK8HLS17,29989,2019.0,Q3TTM,2018-10-01,2019-09-30,,5.96,5.96,2.55,236600000.0,5.94,495400000.0,1415700000.0,1415700000.0,1323300000.0,92400000.0,12131900000.0,14899200000.0,6600000.0,,427600000.0,12131900000.0,2767300000.0,260700000.0,62100000.0,664200000.0,2103100000.0,-198600000.0,1904500000.0,14899200000.0,218200000.0,218200000.0,218200000.0
Omnicom Group Inc,OMC,HKUPACFHSSASQK8HLS17,29989,2019.0,Q3,2019-07-01,2019-09-30,2019-10-15 17:27:26+00:00,1.33,1.33,0.65,57900000.0,1.32,112300000.0,312200000.0,312200000.0,290200000.0,22000000.0,2995400000.0,3623800000.0,500000.0,0.0,97200000.0,2995400000.0,628400000.0,62800000.0,13500000.0,155100000.0,473300000.0,-49300000.0,424000000.0,3623800000.0,218200000.0,218200000.0,218200000.0
Omnicom Group Inc,OMC,HKUPACFHSSASQK8HLS17,29989,2019.0,Q2YTD,2019-01-01,2019-06-30,,2.87,2.87,1.3,117400000.0,2.85,233300000.0,673800000.0,673800000.0,633900000.0,39900000.0,5857400000.0,7188700000.0,700000.0,,211300000.0,5857400000.0,1331300000.0,129600000.0,33400000.0,328700000.0,1002600000.0,-96200000.0,906400000.0,7188700000.0,219600000.0,219600000.0,219600000.0
Omnicom Group Inc,OMC,HKUPACFHSSASQK8HLS17,29989,2019.0,Q2TTM,2018-07-01,2019-06-30,,5.96,5.96,2.5,244600000.0,5.94,498400000.0,1434800000.0,1434800000.0,1332000000.0,102800000.0,12169100000.0,14989700000.0,7100000.0,,443900000.0,12169100000.0,2820600000.0,267300000.0,61300000.0,688500000.0,2132100000.0,-206000000.0,1926100000.0,14989700000.0,219600000.0,219600000.0,219600000.0
Omnicom Group Inc,OMC,HKUPACFHSSASQK8HLS17,29989,2019.0,Q2,2019-04-01,2019-06-30,2019-07-17 16:38:31+00:00,1.69,1.69,0.65,57800000.0,1.68,130600000.0,394100000.0,394100000.0,370700000.0,23400000.0,2980600000.0,3719800000.0,1200000.0,,107700000.0,2980600000.0,739200000.0,66600000.0,16400000.0,165500000.0,573700000.0,-50200000.0,523500000.0,3719800000.0,219600000.0,219600000.0,219600000.0
Omnicom Group Inc,OMC,HKUPACFHSSASQK8HLS17,29989,2019.0,Q1,2019-01-01,2019-03-31,2020-04-28 17:01:15+00:00,1.18,1.18,0.65,59600000.0,1.17,102700000.0,279700000.0,279700000.0,263200000.0,16500000.0,2876800000.0,3468900000.0,-500000.0,,103600000.0,2876800000.0,592100000.0,63000000.0,17000000.0,163200000.0,428900000.0,-46000000.0,382900000.0,3468900000.0,223200000.0,223200000.0,223200000.0
Omnicom Group Inc,OMC,HKUPACFHSSASQK8HLS17,29989,2019.0,Q1TTM,2018-04-01,2019-03-31,,5.88,5.88,2.45,254200000.0,5.86,504500000.0,1435500000.0,1435500000.0,1325500000.0,110000000.0,12281000000.0,15129500000.0,7600000.0,,453600000.0,12281000000.0,2848500000.0,267100000.0,58800000.0,707800000.0,2140700000.0,-208300000.0,1932400000.0,15129500000.0,223200000.0,223200000.0,223200000.0
Omnicom Group Inc,OMC,HKUPACFHSSASQK8HLS17,29989,2020.0,Q1TTM,2019-04-01,2020-03-31,,6.1,6.1,2.6,228900000.0,6.08,499100000.0,1427900000.0,1427900000.0,1334000000.0,93900000.0,12160100000.0,14891700000.0,-2800000.0,,389100000.0,12160100000.0,2731600000.0,239800000.0,56000000.0,618000000.0,2113600000.0,-183800000.0,1929800000.0,14891700000.0,216600000.0,216600000.0,216600000.0
Omnicom Group Inc,OMC,HKUPACFHSSASQK8HLS17,29989,2020.0,Q1,2020-01-01,2020-03-31,2020-04-28 17:01:15+00:00,1.19,1.19,0.65,57000000.0,1.19,97400000.0,271700000.0,271700000.0,258100000.0,13600000.0,2842900000.0,3406900000.0,-5300000.0,,86800000.0,2842900000.0,564000000.0,58500000.0,12700000.0,143800000.0,420200000.0,-45800000.0,374400000.0,3406900000.0,216600000.0,216600000.0,216600000.0
