company_name,company_ticker,company_lei,company_cik,year,quarter,start_date,end_date,filing_date,amortizationexpense,basicdilutedeps,basiceps,cashdividendspershare,dilutedeps,incometaxexpense,netincome,netincomecontinuing,netincometocommon,operatingcostofrevenue,operatingrevenue,otherincome,rdexpense,sgaexpense,totalcostofrevenue,totalgrossprofit,totalinterestincome,totaloperatingexpenses,totaloperatingincome,totalotherincome,totalpretaxincome,totalrevenue,weightedavebasicdilutedsharesos,weightedavebasicsharesos,weightedavedilutedsharesos
Cerner Corp,CERN,549300L4UJ40IEVVI304,804753,2008.0,FY,2007-12-31,2009-01-03,2011-02-16 17:16:58+00:00,,2.34,2.34,,2.26,92773000.0,188658000.0,188658000.0,188658000.0,296063000.0,1676028000.0,-510000.0,272519000.0,828561000.0,296063000.0,1379965000.0,3056000.0,1101080000.0,278885000.0,2546000.0,281431000.0,1676028000.0,80600000.0,80549000.0,83435000.0
Cerner Corp,CERN,549300L4UJ40IEVVI304,804753,2009.0,FY,2009-01-04,2010-01-02,2012-02-15 17:10:03+00:00,,1.19,1.19,,1.15,99216000.0,193465000.0,193465000.0,193465000.0,281198000.0,1671864000.0,367000.0,271051000.0,827609000.0,281198000.0,1390666000.0,308000.0,1098660000.0,292006000.0,675000.0,292681000.0,1671864000.0,162600000.0,161963000.0,167764000.0
Cerner Corp,CERN,549300L4UJ40IEVVI304,804753,2009.0,Q3,2009-07-05,2009-10-03,2010-10-29 16:01:46+00:00,,0.6,0.6,,0.57,22493000.0,48394000.0,48394000.0,48394000.0,69479000.0,409415000.0,-3000.0,66752000.0,202474000.0,69479000.0,339936000.0,180000.0,269226000.0,70710000.0,177000.0,70887000.0,409415000.0,80700000.0,81225000.0,84172000.0
Cerner Corp,CERN,549300L4UJ40IEVVI304,804753,2009.0,Q2,2009-04-05,2009-07-04,2010-07-30 16:39:52+00:00,,0.54,0.54,,0.52,22478000.0,43745000.0,43745000.0,43745000.0,66889000.0,403806000.0,213000.0,65090000.0,205671000.0,66889000.0,336917000.0,-146000.0,270761000.0,66156000.0,67000.0,66223000.0,403806000.0,81000000.0,80691000.0,83590000.0
Cerner Corp,CERN,549300L4UJ40IEVVI304,804753,2010.0,Q4,2010-10-03,2011-01-01,,,0.43,0.43,,0.43,33850000.0,70637000.0,70637000.0,70637000.0,94913000.0,500201000.0,3445000.0,70827000.0,231128000.0,94913000.0,405288000.0,-2291000.0,301955000.0,103333000.0,1154000.0,104487000.0,500201000.0,164800000.0,164916000.0,170847000.0
Cerner Corp,CERN,549300L4UJ40IEVVI304,804753,2010.0,FY,2010-01-03,2011-01-01,2013-02-08 16:05:05+00:00,,1.44,1.44,,1.39,124940000.0,237272000.0,237272000.0,237272000.0,320356000.0,1850222000.0,2879000.0,272851000.0,897682000.0,320356000.0,1529866000.0,,1170533000.0,359333000.0,2879000.0,362212000.0,1850222000.0,164800000.0,164916000.0,170847000.0
Cerner Corp,CERN,549300L4UJ40IEVVI304,804753,2010.0,Q3YTD,2010-01-03,2010-10-02,,,1.01,1.01,,1.01,91090000.0,166635000.0,166635000.0,166635000.0,225443000.0,1350021000.0,-566000.0,202024000.0,666554000.0,225443000.0,1124578000.0,2291000.0,868578000.0,256000000.0,1725000.0,257725000.0,1350021000.0,164500000.0,165095000.0,170721000.0
Cerner Corp,CERN,549300L4UJ40IEVVI304,804753,2010.0,Q3,2010-07-04,2010-10-02,2011-10-28 16:03:54+00:00,,0.37,0.37,,0.36,33212000.0,60872000.0,60872000.0,60872000.0,79148000.0,462683000.0,5000.0,67257000.0,222286000.0,79148000.0,383535000.0,87000.0,289543000.0,93992000.0,92000.0,94084000.0,462683000.0,164500000.0,165095000.0,170721000.0
Cerner Corp,CERN,549300L4UJ40IEVVI304,804753,2010.0,Q2YTD,2010-01-03,2010-07-03,,,0.64,0.64,,0.64,57878000.0,105763000.0,105763000.0,105763000.0,146295000.0,887338000.0,-571000.0,134767000.0,444268000.0,146295000.0,741043000.0,2204000.0,579035000.0,162008000.0,1633000.0,163641000.0,887338000.0,163200000.0,164669000.0,170673000.0
Cerner Corp,CERN,549300L4UJ40IEVVI304,804753,2010.0,Q2,2010-04-04,2010-07-03,2011-08-01 16:24:30+00:00,,0.34,0.34,,0.33,30801000.0,55477000.0,55477000.0,55477000.0,78211000.0,456001000.0,-495000.0,67988000.0,223450000.0,78211000.0,377790000.0,421000.0,291438000.0,86352000.0,-74000.0,86278000.0,456001000.0,163200000.0,164669000.0,170673000.0
Cerner Corp,CERN,549300L4UJ40IEVVI304,804753,2010.0,Q1,2010-01-03,2010-04-03,2011-04-29 16:18:56+00:00,,0.61,0.61,,0.59,27077000.0,50286000.0,50286000.0,50286000.0,68084000.0,431337000.0,-76000.0,66779000.0,220818000.0,68084000.0,363253000.0,1783000.0,287597000.0,75656000.0,1707000.0,77363000.0,431337000.0,82400000.0,81957000.0,85105000.0
Cerner Corp,CERN,549300L4UJ40IEVVI304,804753,2011.0,Q4,2011-10-02,2011-12-31,,,0.27,0.27,,0.27,48772000.0,91192000.0,91192000.0,91192000.0,132046000.0,615626000.0,4206000.0,73323000.0,272523000.0,132046000.0,483580000.0,-1976000.0,345846000.0,137734000.0,2230000.0,139964000.0,615626000.0,337000000.0,337267000.0,347734000.0
Cerner Corp,CERN,549300L4UJ40IEVVI304,804753,2011.0,FY,2011-01-02,2011-12-31,2014-02-05 16:05:13+00:00,,0.91,0.91,,0.88,163067000.0,306627000.0,306627000.0,306627000.0,441672000.0,2203153000.0,9896000.0,286801000.0,1014882000.0,441672000.0,1761481000.0,,1301683000.0,459798000.0,9896000.0,469694000.0,2203153000.0,337000000.0,337267000.0,347734000.0
Cerner Corp,CERN,549300L4UJ40IEVVI304,804753,2011.0,Q3YTD,2011-01-02,2011-10-01,,,1.27,1.27,,1.27,114295000.0,215435000.0,215435000.0,215435000.0,309626000.0,1587527000.0,5690000.0,213478000.0,742359000.0,309626000.0,1277901000.0,1976000.0,955837000.0,322064000.0,7666000.0,329730000.0,1587527000.0,167700000.0,169140000.0,174283000.0
Cerner Corp,CERN,549300L4UJ40IEVVI304,804753,2011.0,Q3TTM,2010-10-03,2011-10-01,,,1.69,1.69,,1.69,148145000.0,286072000.0,286072000.0,286072000.0,404539000.0,2087728000.0,9135000.0,284305000.0,973487000.0,404539000.0,1683189000.0,-315000.0,1257792000.0,425397000.0,8820000.0,434217000.0,2087728000.0,167700000.0,169140000.0,174283000.0
Cerner Corp,CERN,549300L4UJ40IEVVI304,804753,2011.0,Q3,2011-07-03,2011-10-01,2012-10-26 16:04:38+00:00,,0.47,0.47,,0.45,44332000.0,78835000.0,78835000.0,78835000.0,120464000.0,571640000.0,2775000.0,72544000.0,258240000.0,120464000.0,451176000.0,,330784000.0,120392000.0,2775000.0,123167000.0,571640000.0,167700000.0,169140000.0,174283000.0
Cerner Corp,CERN,549300L4UJ40IEVVI304,804753,2011.0,Q2YTD,2011-01-02,2011-07-02,,,0.81,0.81,,0.81,69963000.0,136600000.0,136600000.0,136600000.0,189162000.0,1015887000.0,2915000.0,140934000.0,484119000.0,189162000.0,826725000.0,1976000.0,625053000.0,201672000.0,4891000.0,206563000.0,1015887000.0,167500000.0,168299000.0,173591000.0
Cerner Corp,CERN,549300L4UJ40IEVVI304,804753,2011.0,Q2TTM,2010-07-04,2011-07-02,,,1.59,1.59,,1.59,137025000.0,268109000.0,268109000.0,268109000.0,363223000.0,1978771000.0,6365000.0,279018000.0,937533000.0,363223000.0,1615548000.0,-228000.0,1216551000.0,398997000.0,6137000.0,405134000.0,1978771000.0,167500000.0,168299000.0,173591000.0
Cerner Corp,CERN,549300L4UJ40IEVVI304,804753,2011.0,Q2,2011-04-03,2011-07-02,2012-07-27 16:09:22+00:00,,0.43,0.43,,0.42,38809000.0,72044000.0,72044000.0,72044000.0,98482000.0,524223000.0,2880000.0,69790000.0,247978000.0,98482000.0,425741000.0,,317768000.0,107973000.0,2880000.0,110853000.0,524223000.0,167500000.0,168299000.0,173591000.0
Cerner Corp,CERN,549300L4UJ40IEVVI304,804753,2011.0,Q1TTM,2010-04-04,2011-04-02,,,1.51,1.51,,1.51,129017000.0,251542000.0,251542000.0,251542000.0,342952000.0,1910549000.0,2990000.0,277216000.0,913005000.0,342952000.0,1567597000.0,193000.0,1190221000.0,377376000.0,3183000.0,380559000.0,1910549000.0,169900000.0,167110000.0,172653000.0
Cerner Corp,CERN,549300L4UJ40IEVVI304,804753,2011.0,Q1,2011-01-02,2011-04-02,2012-04-27 16:01:36+00:00,,0.38,0.38,,0.37,31154000.0,64556000.0,64556000.0,64556000.0,90680000.0,491664000.0,35000.0,71144000.0,236141000.0,90680000.0,400984000.0,1976000.0,307285000.0,93699000.0,2011000.0,95710000.0,491664000.0,169900000.0,167110000.0,172653000.0
Cerner Corp,CERN,549300L4UJ40IEVVI304,804753,2012.0,Q4,2012-09-30,2012-12-29,,,0.33,0.33,-0.01,0.33,55893000.0,111808000.0,111808000.0,111808000.0,153111000.0,710384000.0,7257000.0,78624000.0,318205000.0,153111000.0,557273000.0,,396829000.0,160444000.0,7257000.0,167701000.0,710384000.0,342400000.0,341861000.0,351394000.0
Cerner Corp,CERN,549300L4UJ40IEVVI304,804753,2012.0,FY,2012-01-01,2012-12-29,2015-02-11 16:02:16+00:00,,1.16,1.16,,1.13,190476000.0,397232000.0,397232000.0,397232000.0,608197000.0,2665436000.0,16046000.0,301370000.0,1184207000.0,608197000.0,2057239000.0,,1485577000.0,571662000.0,16046000.0,587708000.0,2665436000.0,342400000.0,341861000.0,351394000.0
Cerner Corp,CERN,549300L4UJ40IEVVI304,804753,2012.0,Q3YTD,2012-01-01,2012-09-29,,,0.83,0.83,0.01,0.83,134583000.0,285424000.0,285424000.0,285424000.0,455086000.0,1955052000.0,8789000.0,222746000.0,866002000.0,455086000.0,1499966000.0,,1088748000.0,411218000.0,8789000.0,420007000.0,1955052000.0,341000000.0,342502000.0,351739000.0
Cerner Corp,CERN,549300L4UJ40IEVVI304,804753,2012.0,Q3TTM,2011-10-02,2012-09-29,,,1.1,1.1,0.01,1.1,183355000.0,376616000.0,376616000.0,376616000.0,587132000.0,2570678000.0,12995000.0,296069000.0,1138525000.0,587132000.0,1983546000.0,-1976000.0,1434594000.0,548952000.0,11019000.0,559971000.0,2570678000.0,341000000.0,342502000.0,351739000.0
Cerner Corp,CERN,549300L4UJ40IEVVI304,804753,2012.0,Q3,2012-07-01,2012-09-29,2013-10-25 16:07:36+00:00,,0.29,0.29,,0.28,52160000.0,98887000.0,98887000.0,98887000.0,149578000.0,676482000.0,3351000.0,78094000.0,301114000.0,149578000.0,526904000.0,,379208000.0,147696000.0,3351000.0,151047000.0,676482000.0,341000000.0,342502000.0,351739000.0
Cerner Corp,CERN,549300L4UJ40IEVVI304,804753,2012.0,Q2YTD,2012-01-01,2012-06-30,,,0.55,0.55,,0.55,82423000.0,186537000.0,186537000.0,186537000.0,305508000.0,1278570000.0,5438000.0,144652000.0,564888000.0,305508000.0,973062000.0,,709540000.0,263522000.0,5438000.0,268960000.0,1278570000.0,337300000.0,341426000.0,351268000.0
Cerner Corp,CERN,549300L4UJ40IEVVI304,804753,2012.0,Q2TTM,2011-07-03,2012-06-30,,,1.04,1.04,,1.04,175527000.0,356564000.0,356564000.0,356564000.0,558018000.0,2465836000.0,12419000.0,290519000.0,1095651000.0,558018000.0,1907818000.0,-1976000.0,1386170000.0,521648000.0,10443000.0,532091000.0,2465836000.0,337300000.0,341426000.0,351268000.0
Cerner Corp,CERN,549300L4UJ40IEVVI304,804753,2012.0,Q2,2012-04-01,2012-06-30,2013-07-26 16:04:42+00:00,,0.29,0.29,,0.28,41068000.0,97829000.0,97829000.0,97829000.0,147500000.0,637358000.0,2814000.0,73507000.0,280268000.0,147500000.0,489858000.0,,353775000.0,136083000.0,2814000.0,138897000.0,637358000.0,337300000.0,341426000.0,351268000.0
Cerner Corp,CERN,549300L4UJ40IEVVI304,804753,2012.0,Q1TTM,2011-04-03,2012-03-31,,,1.95,1.95,,1.95,173268000.0,330779000.0,330779000.0,330779000.0,509000000.0,2352701000.0,12485000.0,286802000.0,1063361000.0,509000000.0,1843701000.0,-1976000.0,1350163000.0,493538000.0,10509000.0,504047000.0,2352701000.0,170600000.0,169968000.0,175027000.0
Cerner Corp,CERN,549300L4UJ40IEVVI304,804753,2012.0,Q1,2012-01-01,2012-03-31,2013-04-26 16:04:21+00:00,,0.52,0.52,,0.51,41355000.0,88708000.0,88708000.0,88708000.0,158008000.0,641212000.0,2624000.0,71145000.0,284620000.0,158008000.0,483204000.0,,355765000.0,127439000.0,2624000.0,130063000.0,641212000.0,170600000.0,169968000.0,175027000.0
Cerner Corp,CERN,549300L4UJ40IEVVI304,804753,2013.0,FY,2012-12-30,2013-12-28,2016-02-17 16:03:22+00:00,12794000.0,1.16,1.16,,1.13,189700000.0,398354000.0,398354000.0,398354000.0,514722000.0,2910748000.0,12042000.0,338786000.0,1468434000.0,514722000.0,2396026000.0,,1820014000.0,576012000.0,12042000.0,588054000.0,2910748000.0,343400000.0,343636000.0,352281000.0
Cerner Corp,CERN,549300L4UJ40IEVVI304,804753,2013.0,Q4,2013-09-29,2013-12-28,,12794000.0,0.17,0.17,,0.17,26442000.0,60063000.0,60063000.0,60063000.0,142116000.0,795328000.0,2756000.0,92443000.0,464226000.0,142116000.0,653212000.0,,569463000.0,83749000.0,2756000.0,86505000.0,795328000.0,343400000.0,343636000.0,352281000.0
Cerner Corp,CERN,549300L4UJ40IEVVI304,804753,2013.0,Q3YTD,2012-12-30,2013-09-28,,,0.99,0.99,,0.99,163258000.0,338291000.0,338291000.0,338291000.0,372606000.0,2115420000.0,9286000.0,246343000.0,1004208000.0,372606000.0,1742814000.0,,1250551000.0,492263000.0,9286000.0,501549000.0,2115420000.0,339200000.0,342992000.0,351449000.0
Cerner Corp,CERN,549300L4UJ40IEVVI304,804753,2013.0,Q3TTM,2012-09-30,2013-09-28,,,1.31,1.31,-0.01,1.31,219151000.0,450099000.0,450099000.0,450099000.0,525717000.0,2825804000.0,16543000.0,324967000.0,1322413000.0,525717000.0,2300087000.0,,1647380000.0,652707000.0,16543000.0,669250000.0,2825804000.0,339200000.0,342992000.0,351449000.0
Cerner Corp,CERN,549300L4UJ40IEVVI304,804753,2013.0,Q3,2013-06-30,2013-09-28,2014-10-24 16:03:06+00:00,,0.34,0.34,,0.33,57403000.0,115344000.0,115344000.0,115344000.0,119577000.0,727830000.0,3509000.0,82998000.0,356017000.0,119577000.0,608253000.0,,439015000.0,169238000.0,3509000.0,172747000.0,727830000.0,339200000.0,342992000.0,351449000.0
Cerner Corp,CERN,549300L4UJ40IEVVI304,804753,2013.0,Q2YTD,2012-12-30,2013-06-29,,,0.65,0.65,,0.65,105855000.0,222947000.0,222947000.0,222947000.0,253029000.0,1387590000.0,5777000.0,163345000.0,648191000.0,253029000.0,1134561000.0,,811536000.0,323025000.0,5777000.0,328802000.0,1387590000.0,342100000.0,343800000.0,352485000.0
Cerner Corp,CERN,549300L4UJ40IEVVI304,804753,2013.0,Q2TTM,2012-07-01,2013-06-29,,,1.26,1.26,,1.26,213908000.0,433642000.0,433642000.0,433642000.0,555718000.0,2774456000.0,16385000.0,320063000.0,1267510000.0,555718000.0,2218738000.0,,1587573000.0,631165000.0,16385000.0,647550000.0,2774456000.0,342100000.0,343800000.0,352485000.0
Cerner Corp,CERN,549300L4UJ40IEVVI304,804753,2013.0,Q2,2013-03-31,2013-06-29,2014-07-25 16:27:11+00:00,,0.33,0.33,,0.32,56282000.0,112907000.0,112907000.0,112907000.0,125800000.0,707561000.0,2733000.0,82282000.0,333023000.0,125800000.0,581761000.0,,415305000.0,166456000.0,2733000.0,169189000.0,707561000.0,342100000.0,343800000.0,352485000.0
Cerner Corp,CERN,549300L4UJ40IEVVI304,804753,2013.0,Q1TTM,2012-04-01,2013-03-30,,,1.22,1.22,,1.22,198694000.0,418564000.0,418564000.0,418564000.0,577418000.0,2704253000.0,16466000.0,311288000.0,1214755000.0,577418000.0,2126835000.0,,1526043000.0,600792000.0,16466000.0,617258000.0,2704253000.0,343900000.0,344063000.0,352825000.0
Cerner Corp,CERN,549300L4UJ40IEVVI304,804753,2013.0,Q1,2012-12-30,2013-03-30,2014-04-25 16:04:49+00:00,,0.32,0.32,,0.31,49573000.0,110040000.0,110040000.0,110040000.0,127229000.0,680029000.0,3044000.0,81063000.0,315168000.0,127229000.0,552800000.0,,396231000.0,156569000.0,3044000.0,159613000.0,680029000.0,343900000.0,344063000.0,352825000.0
Cerner Corp,CERN,549300L4UJ40IEVVI304,804753,2014.0,FY,2013-12-29,2015-01-03,2017-02-10 16:47:44+00:00,13476000.0,1.54,1.54,,1.5,248741000.0,525433000.0,525433000.0,525433000.0,604377000.0,3402703000.0,11090000.0,392805000.0,1628961000.0,604377000.0,2798326000.0,,2035242000.0,763084000.0,11090000.0,774174000.0,3402703000.0,341200000.0,342150000.0,350386000.0
Cerner Corp,CERN,549300L4UJ40IEVVI304,804753,2014.0,Q4,2014-09-28,2015-01-03,,6637000.0,0.43,0.43,,0.43,60604000.0,147872000.0,147872000.0,147872000.0,172844000.0,926031000.0,3182000.0,106908000.0,434348000.0,172844000.0,753187000.0,,547893000.0,205294000.0,3182000.0,208476000.0,926031000.0,341200000.0,342150000.0,350386000.0
Cerner Corp,CERN,549300L4UJ40IEVVI304,804753,2014.0,Q3,2014-06-29,2014-09-27,2015-11-04 17:03:45+00:00,3610000.0,0.38,0.38,,0.37,61333000.0,129002000.0,129002000.0,129002000.0,140065000.0,840149000.0,2181000.0,97026000.0,411294000.0,140065000.0,700084000.0,,511930000.0,188154000.0,2181000.0,190335000.0,840149000.0,339500000.0,341188000.0,349326000.0
Cerner Corp,CERN,549300L4UJ40IEVVI304,804753,2014.0,Q3YTD,2013-12-29,2014-09-27,,6839000.0,1.11,1.11,0.03,1.11,188137000.0,377561000.0,377561000.0,377561000.0,431533000.0,2476672000.0,7908000.0,285897000.0,1194613000.0,431533000.0,2045139000.0,,1487349000.0,557790000.0,7908000.0,565698000.0,2476672000.0,339500000.0,341188000.0,349326000.0
Cerner Corp,CERN,549300L4UJ40IEVVI304,804753,2014.0,Q3TTM,2013-09-29,2014-09-27,,19633000.0,1.28,1.28,0.03,1.28,214579000.0,437624000.0,437624000.0,437624000.0,573649000.0,3272000000.0,10664000.0,378340000.0,1658839000.0,573649000.0,2698351000.0,,2056812000.0,641539000.0,10664000.0,652203000.0,3272000000.0,339500000.0,341188000.0,349326000.0
Cerner Corp,CERN,549300L4UJ40IEVVI304,804753,2014.0,Q2YTD,2013-12-29,2014-06-28,,3229000.0,0.73,0.73,,0.73,126804000.0,248559000.0,248559000.0,248559000.0,291468000.0,1636523000.0,5727000.0,188871000.0,783319000.0,291468000.0,1345055000.0,,975419000.0,369636000.0,5727000.0,375363000.0,1636523000.0,339600000.0,341788000.0,349794000.0
Cerner Corp,CERN,549300L4UJ40IEVVI304,804753,2014.0,Q2TTM,2013-06-30,2014-06-28,,16023000.0,1.24,1.24,,1.24,210649000.0,423966000.0,423966000.0,423966000.0,553161000.0,3159681000.0,11992000.0,364312000.0,1603562000.0,553161000.0,2606520000.0,,1983897000.0,622623000.0,11992000.0,634615000.0,3159681000.0,339600000.0,341788000.0,349794000.0
Cerner Corp,CERN,549300L4UJ40IEVVI304,804753,2014.0,Q2,2014-03-30,2014-06-28,2015-08-05 16:01:39+00:00,3229000.0,0.38,0.38,,0.37,65337000.0,129033000.0,129033000.0,129033000.0,162369000.0,851762000.0,2737000.0,97326000.0,397205000.0,162369000.0,689393000.0,,497760000.0,191633000.0,2737000.0,194370000.0,851762000.0,339600000.0,341788000.0,349794000.0
Cerner Corp,CERN,549300L4UJ40IEVVI304,804753,2014.0,Q1TTM,2013-03-31,2014-03-29,,12794000.0,1.19,1.19,,1.19,201594000.0,407840000.0,407840000.0,407840000.0,516592000.0,3015480000.0,11988000.0,349268000.0,1539380000.0,516592000.0,2498888000.0,,1901442000.0,597446000.0,11988000.0,609434000.0,3015480000.0,341500000.0,343701000.0,352230000.0
Cerner Corp,CERN,549300L4UJ40IEVVI304,804753,2014.0,Q1,2013-12-29,2014-03-29,2015-05-08 16:01:42+00:00,,0.35,0.35,,0.34,61467000.0,119526000.0,119526000.0,119526000.0,129099000.0,784761000.0,2990000.0,91545000.0,386114000.0,129099000.0,655662000.0,,477659000.0,178003000.0,2990000.0,180993000.0,784761000.0,341500000.0,343701000.0,352230000.0
Cerner Corp,CERN,549300L4UJ40IEVVI304,804753,2015.0,FY,2015-01-04,2016-01-02,2018-02-12 17:17:03+00:00,91527000.0,1.57,1.57,,1.54,242018000.0,539362000.0,539362000.0,539362000.0,750781000.0,4425267000.0,244000.0,539799000.0,2262024000.0,750781000.0,3674486000.0,,2893350000.0,781136000.0,244000.0,781380000.0,4425267000.0,343500000.0,343178000.0,350908000.0
Cerner Corp,CERN,549300L4UJ40IEVVI304,804753,2015.0,Q4,2015-10-04,2016-01-02,,24216000.0,0.49,0.49,,0.47,61824000.0,166108000.0,166108000.0,166108000.0,199216000.0,1175294000.0,798000.0,141263000.0,583465000.0,199216000.0,976078000.0,,748944000.0,227134000.0,798000.0,227932000.0,1175294000.0,343500000.0,343178000.0,350908000.0
Cerner Corp,CERN,549300L4UJ40IEVVI304,804753,2015.0,Q3,2015-07-05,2015-10-03,2016-11-02 16:02:33+00:00,24550000.0,0.43,0.43,,0.42,68389000.0,147282000.0,147282000.0,147282000.0,190583000.0,1127887000.0,317000.0,132814000.0,564586000.0,190583000.0,937304000.0,,721950000.0,215354000.0,317000.0,215671000.0,1127887000.0,342500000.0,344040000.0,351364000.0
Cerner Corp,CERN,549300L4UJ40IEVVI304,804753,2015.0,Q3YTD,2015-01-04,2015-10-03,,67311000.0,1.08,1.08,0.03,1.08,180194000.0,373254000.0,373254000.0,373254000.0,551565000.0,3249973000.0,-554000.0,398536000.0,1678559000.0,551565000.0,2698408000.0,,2144406000.0,554002000.0,-554000.0,553448000.0,3249973000.0,342500000.0,344040000.0,351364000.0
Cerner Corp,CERN,549300L4UJ40IEVVI304,804753,2015.0,Q3TTM,2014-09-28,2015-10-03,,73948000.0,1.51,1.51,0.03,1.51,240798000.0,521126000.0,521126000.0,521126000.0,724409000.0,4176004000.0,2628000.0,505444000.0,2112907000.0,724409000.0,3451595000.0,,2692299000.0,759296000.0,2628000.0,761924000.0,4176004000.0,342500000.0,344040000.0,351364000.0
Cerner Corp,CERN,549300L4UJ40IEVVI304,804753,2015.0,Q2,2015-04-05,2015-07-04,2016-08-03 16:02:50+00:00,24508000.0,0.33,0.33,,0.33,55619000.0,115038000.0,115038000.0,115038000.0,192322000.0,1125997000.0,-1079000.0,138451000.0,598980000.0,192322000.0,933675000.0,,761939000.0,171736000.0,-1079000.0,170657000.0,1125997000.0,348600000.0,344431000.0,352450000.0
Cerner Corp,CERN,549300L4UJ40IEVVI304,804753,2015.0,Q2YTD,2015-01-04,2015-07-04,,42761000.0,0.66,0.66,0.03,0.66,111805000.0,225972000.0,225972000.0,225972000.0,360982000.0,2122086000.0,-871000.0,265722000.0,1113973000.0,360982000.0,1761104000.0,,1422456000.0,338648000.0,-871000.0,337777000.0,2122086000.0,348600000.0,344431000.0,352450000.0
Cerner Corp,CERN,549300L4UJ40IEVVI304,804753,2015.0,Q2TTM,2014-06-29,2015-07-04,,53008000.0,1.46,1.46,0.06,1.46,233742000.0,502846000.0,502846000.0,502846000.0,673891000.0,3888266000.0,4492000.0,469656000.0,1959615000.0,673891000.0,3214375000.0,,2482279000.0,732096000.0,4492000.0,736588000.0,3888266000.0,348600000.0,344431000.0,352450000.0
Cerner Corp,CERN,549300L4UJ40IEVVI304,804753,2015.0,Q1,2015-01-04,2015-04-04,2016-05-06 16:02:36+00:00,18253000.0,0.32,0.32,,0.32,56186000.0,110934000.0,110934000.0,110934000.0,168660000.0,996089000.0,208000.0,127271000.0,514993000.0,168660000.0,827429000.0,,660517000.0,166912000.0,208000.0,167120000.0,996089000.0,346700000.0,343216000.0,351659000.0
Cerner Corp,CERN,549300L4UJ40IEVVI304,804753,2015.0,Q1TTM,2014-03-30,2015-04-04,,31729000.0,1.51,1.51,0.03,1.51,243460000.0,516841000.0,516841000.0,516841000.0,643938000.0,3614031000.0,8308000.0,428531000.0,1757840000.0,643938000.0,2970093000.0,,2218100000.0,751993000.0,8308000.0,760301000.0,3614031000.0,346700000.0,343216000.0,351659000.0
Cerner Corp,CERN,549300L4UJ40IEVVI304,804753,2016.0,FY,2016-01-03,2016-12-31,2019-02-08 16:51:02+00:00,90546000.0,1.88,1.88,,1.85,281950000.0,636484000.0,636484000.0,636484000.0,779116000.0,4796473000.0,7421000.0,551418000.0,2464380000.0,779116000.0,4017357000.0,,3106344000.0,911013000.0,7421000.0,918434000.0,4796473000.0,338600000.0,337740000.0,343653000.0
Cerner Corp,CERN,549300L4UJ40IEVVI304,804753,2016.0,Q4,2016-10-02,2016-12-31,,22442000.0,0.45,0.45,,0.45,66024000.0,149691000.0,149691000.0,149691000.0,214997000.0,1257819000.0,3687000.0,145967000.0,662385000.0,214997000.0,1042822000.0,,830794000.0,212028000.0,3687000.0,215715000.0,1257819000.0,338600000.0,337740000.0,343653000.0
Cerner Corp,CERN,549300L4UJ40IEVVI304,804753,2016.0,Q3,2016-07-03,2016-10-01,2017-10-27 16:02:31+00:00,22865000.0,0.5,0.5,,0.49,71829000.0,169979000.0,169979000.0,169979000.0,182970000.0,1184557000.0,-417000.0,136755000.0,599742000.0,182970000.0,1001587000.0,,759362000.0,242225000.0,-417000.0,241808000.0,1184557000.0,340000000.0,338684000.0,344817000.0
Cerner Corp,CERN,549300L4UJ40IEVVI304,804753,2016.0,Q3YTD,2016-01-03,2016-10-01,,68104000.0,1.43,1.43,,1.4,215926000.0,486793000.0,486793000.0,486793000.0,564119000.0,3538654000.0,3734000.0,405451000.0,1801995000.0,564119000.0,2974535000.0,,2275550000.0,698985000.0,3734000.0,702719000.0,3538654000.0,340000000.0,338684000.0,344817000.0
Cerner Corp,CERN,549300L4UJ40IEVVI304,804753,2016.0,Q3TTM,2015-10-04,2016-10-01,,92320000.0,1.92,1.92,,1.87,277750000.0,652901000.0,652901000.0,652901000.0,763335000.0,4713948000.0,4532000.0,546714000.0,2385460000.0,763335000.0,3950613000.0,,3024494000.0,926119000.0,4532000.0,930651000.0,4713948000.0,340000000.0,338684000.0,344817000.0
Cerner Corp,CERN,549300L4UJ40IEVVI304,804753,2016.0,Q2,2016-04-03,2016-07-02,2017-07-28 16:02:18+00:00,23638000.0,0.49,0.49,,0.48,77328000.0,166454000.0,166454000.0,166454000.0,205556000.0,1215962000.0,2470000.0,135164000.0,610292000.0,205556000.0,1010406000.0,,769094000.0,241312000.0,2470000.0,243782000.0,1215962000.0,339700000.0,337759000.0,344026000.0
Cerner Corp,CERN,549300L4UJ40IEVVI304,804753,2016.0,Q2YTD,2016-01-03,2016-07-02,,45239000.0,0.93,0.93,,0.91,144097000.0,316814000.0,316814000.0,316814000.0,381149000.0,2354097000.0,4151000.0,268696000.0,1202253000.0,381149000.0,1972948000.0,,1516188000.0,456760000.0,4151000.0,460911000.0,2354097000.0,339700000.0,337759000.0,344026000.0
Cerner Corp,CERN,549300L4UJ40IEVVI304,804753,2016.0,Q2TTM,2015-07-05,2016-07-02,,94005000.0,1.85,1.85,,1.8,274310000.0,630204000.0,630204000.0,630204000.0,770948000.0,4657278000.0,5266000.0,542773000.0,2350304000.0,770948000.0,3886330000.0,,2987082000.0,899248000.0,5266000.0,904514000.0,4657278000.0,339700000.0,337759000.0,344026000.0
Cerner Corp,CERN,549300L4UJ40IEVVI304,804753,2016.0,Q1,2016-01-03,2016-04-02,2017-04-28 16:02:26+00:00,21601000.0,0.44,0.44,,0.43,66769000.0,150360000.0,150360000.0,150360000.0,175593000.0,1138135000.0,1681000.0,133532000.0,591961000.0,175593000.0,962542000.0,,747094000.0,215448000.0,1681000.0,217129000.0,1138135000.0,341700000.0,339518000.0,345900000.0
Cerner Corp,CERN,549300L4UJ40IEVVI304,804753,2016.0,Q1TTM,2015-04-05,2016-04-02,,94875000.0,1.7,1.7,0.03,1.7,252601000.0,578788000.0,578788000.0,578788000.0,757714000.0,4567313000.0,1717000.0,546060000.0,2338992000.0,757714000.0,3809599000.0,,2979927000.0,829672000.0,1717000.0,831389000.0,4567313000.0,341700000.0,339518000.0,345900000.0
Cerner Corp,CERN,549300L4UJ40IEVVI304,804753,2017.0,FY,2017-01-01,2017-12-30,2020-02-10 16:03:23+00:00,90576000.0,2.62,2.62,,2.57,100151000.0,866978000.0,866978000.0,866978000.0,854091000.0,5142272000.0,6658000.0,605046000.0,2632088000.0,854091000.0,4288181000.0,,3327710000.0,960471000.0,6658000.0,967129000.0,5142272000.0,330900000.0,331373000.0,337999000.0
Cerner Corp,CERN,549300L4UJ40IEVVI304,804753,2017.0,Q4,2017-10-01,2017-12-30,,22450000.0,1.03,1.03,,1.0,-115003000.0,336658000.0,336658000.0,336658000.0,229131000.0,1313785000.0,2604000.0,162476000.0,680677000.0,229131000.0,1084654000.0,,865603000.0,219051000.0,2604000.0,221655000.0,1313785000.0,330900000.0,331373000.0,337999000.0
Cerner Corp,CERN,549300L4UJ40IEVVI304,804753,2017.0,Q3,2017-07-02,2017-09-30,2018-10-26 16:03:28+00:00,22564000.0,0.53,0.53,,0.52,72991000.0,177424000.0,177424000.0,177424000.0,202904000.0,1276007000.0,2509000.0,153834000.0,648799000.0,202904000.0,1073103000.0,,825197000.0,247906000.0,2509000.0,250415000.0,1276007000.0,334800000.0,331993000.0,338780000.0
Cerner Corp,CERN,549300L4UJ40IEVVI304,804753,2017.0,Q3YTD,2017-01-01,2017-09-30,,68126000.0,1.59,1.59,,1.57,215154000.0,530320000.0,530320000.0,530320000.0,624960000.0,3828487000.0,4054000.0,442570000.0,1951411000.0,624960000.0,3203527000.0,,2462107000.0,741420000.0,4054000.0,745474000.0,3828487000.0,334800000.0,331993000.0,338780000.0
Cerner Corp,CERN,549300L4UJ40IEVVI304,804753,2017.0,Q3TTM,2016-10-02,2017-09-30,,90568000.0,2.04,2.04,,2.02,281178000.0,680011000.0,680011000.0,680011000.0,839957000.0,5086306000.0,7741000.0,588537000.0,2613796000.0,839957000.0,4246349000.0,,3292901000.0,953448000.0,7741000.0,961189000.0,5086306000.0,334800000.0,331993000.0,338780000.0
Cerner Corp,CERN,549300L4UJ40IEVVI304,804753,2017.0,Q2,2017-04-02,2017-07-01,2018-08-03 16:06:19+00:00,22688000.0,0.54,0.54,,0.53,72366000.0,179683000.0,179683000.0,179683000.0,223063000.0,1291994000.0,2661000.0,142835000.0,654020000.0,223063000.0,1068931000.0,,819543000.0,249388000.0,2661000.0,252049000.0,1291994000.0,332700000.0,331056000.0,337898000.0
Cerner Corp,CERN,549300L4UJ40IEVVI304,804753,2017.0,Q2YTD,2017-01-01,2017-07-01,,45562000.0,1.06,1.06,,1.05,142163000.0,352896000.0,352896000.0,352896000.0,422056000.0,2552480000.0,1545000.0,288736000.0,1302612000.0,422056000.0,2130424000.0,,1636910000.0,493514000.0,1545000.0,495059000.0,2552480000.0,332700000.0,331056000.0,337898000.0
Cerner Corp,CERN,549300L4UJ40IEVVI304,804753,2017.0,Q2TTM,2016-07-03,2017-07-01,,90869000.0,2.01,2.01,,1.99,280016000.0,672566000.0,672566000.0,672566000.0,820023000.0,4994856000.0,4815000.0,571458000.0,2564739000.0,820023000.0,4174833000.0,,3227066000.0,947767000.0,4815000.0,952582000.0,4994856000.0,332700000.0,331056000.0,337898000.0
Cerner Corp,CERN,549300L4UJ40IEVVI304,804753,2017.0,Q1,2017-01-01,2017-04-01,2018-05-03 07:19:23+00:00,22874000.0,0.52,0.52,,0.52,69797000.0,173213000.0,173213000.0,173213000.0,198993000.0,1260486000.0,-1116000.0,145901000.0,648592000.0,198993000.0,1061493000.0,,817367000.0,244126000.0,-1116000.0,243010000.0,1260486000.0,333100000.0,329973000.0,336190000.0
Cerner Corp,CERN,549300L4UJ40IEVVI304,804753,2017.0,Q1TTM,2016-04-03,2017-04-01,,91819000.0,1.96,1.96,,1.94,284978000.0,659337000.0,659337000.0,659337000.0,802516000.0,4918824000.0,4624000.0,563787000.0,2521011000.0,802516000.0,4116308000.0,,3176617000.0,939691000.0,4624000.0,944315000.0,4918824000.0,333100000.0,329973000.0,336190000.0
Cerner Corp,CERN,549300L4UJ40IEVVI304,804753,2018.0,FY,2017-12-31,2018-12-29,2020-02-10 16:03:23+00:00,87364000.0,1.91,1.91,,1.89,170792000.0,630059000.0,630059000.0,630059000.0,937348000.0,5366325000.0,26066000.0,683663000.0,2883165000.0,937348000.0,4428977000.0,,3654192000.0,774785000.0,26066000.0,800851000.0,5366325000.0,329900000.0,330084000.0,333572000.0
Cerner Corp,CERN,549300L4UJ40IEVVI304,804753,2018.0,Q4,2018-09-30,2018-12-29,,21492000.0,0.41,0.41,,0.39,40469000.0,131320000.0,131320000.0,131320000.0,236955000.0,1365664000.0,7662000.0,181471000.0,761619000.0,236955000.0,1128709000.0,,964582000.0,164127000.0,7662000.0,171789000.0,1365664000.0,329900000.0,330084000.0,333572000.0
Cerner Corp,CERN,549300L4UJ40IEVVI304,804753,2018.0,Q3,2018-07-01,2018-09-29,2019-10-25 08:13:26+00:00,21553000.0,0.51,0.51,,0.51,44718000.0,169381000.0,169381000.0,169381000.0,230332000.0,1340073000.0,6943000.0,172297000.0,708735000.0,230332000.0,1109741000.0,,902585000.0,207156000.0,6943000.0,214099000.0,1340073000.0,332100000.0,329342000.0,332937000.0
Cerner Corp,CERN,549300L4UJ40IEVVI304,804753,2018.0,Q3YTD,2017-12-31,2018-09-29,,65872000.0,1.5,1.5,,1.5,130323000.0,498739000.0,498739000.0,498739000.0,700393000.0,4000661000.0,18404000.0,502192000.0,2121546000.0,700393000.0,3300268000.0,,2689610000.0,610658000.0,18404000.0,629062000.0,4000661000.0,332100000.0,329342000.0,332937000.0
Cerner Corp,CERN,549300L4UJ40IEVVI304,804753,2018.0,Q3TTM,2017-10-01,2018-09-29,,88322000.0,2.53,2.53,,2.5,15320000.0,835397000.0,835397000.0,835397000.0,929524000.0,5314446000.0,21008000.0,664668000.0,2802223000.0,929524000.0,4384922000.0,,3555213000.0,829709000.0,21008000.0,850717000.0,5314446000.0,332100000.0,329342000.0,332937000.0
Cerner Corp,CERN,549300L4UJ40IEVVI304,804753,2018.0,Q2,2018-04-01,2018-06-30,2019-07-25 16:03:06+00:00,21810000.0,0.51,0.51,,0.51,45527000.0,169357000.0,169357000.0,169357000.0,238783000.0,1367727000.0,6597000.0,168278000.0,730569000.0,238783000.0,1128944000.0,,920657000.0,208287000.0,6597000.0,214884000.0,1367727000.0,332100000.0,330206000.0,333562000.0
Cerner Corp,CERN,549300L4UJ40IEVVI304,804753,2018.0,Q2YTD,2017-12-31,2018-06-30,,44319000.0,0.99,0.99,,0.99,85605000.0,329358000.0,329358000.0,329358000.0,470061000.0,2660588000.0,11461000.0,329895000.0,1412811000.0,470061000.0,2190527000.0,,1787025000.0,403502000.0,11461000.0,414963000.0,2660588000.0,332100000.0,330206000.0,333562000.0
Cerner Corp,CERN,549300L4UJ40IEVVI304,804753,2018.0,Q2TTM,2017-07-02,2018-06-30,,89333000.0,2.55,2.55,,2.51,43593000.0,843440000.0,843440000.0,843440000.0,902096000.0,5250380000.0,16574000.0,646205000.0,2742287000.0,902096000.0,4348284000.0,,3477825000.0,870459000.0,16574000.0,887033000.0,5250380000.0,332100000.0,330206000.0,333562000.0
Cerner Corp,CERN,549300L4UJ40IEVVI304,804753,2018.0,Q1,2017-12-31,2018-03-31,2019-04-26 16:03:24+00:00,22509000.0,0.48,0.48,,0.48,40078000.0,160001000.0,160001000.0,160001000.0,231278000.0,1292861000.0,4864000.0,161617000.0,682242000.0,231278000.0,1061583000.0,,866368000.0,195215000.0,4864000.0,200079000.0,1292861000.0,333300000.0,332395000.0,336534000.0
Cerner Corp,CERN,549300L4UJ40IEVVI304,804753,2018.0,Q1TTM,2017-04-02,2018-03-31,,90211000.0,2.58,2.58,,2.53,70432000.0,853766000.0,853766000.0,853766000.0,886376000.0,5174647000.0,12638000.0,620762000.0,2665738000.0,886376000.0,4288271000.0,,3376711000.0,911560000.0,12638000.0,924198000.0,5174647000.0,333300000.0,332395000.0,336534000.0
Cerner Corp,CERN,549300L4UJ40IEVVI304,804753,2019.0,Q4,2019-09-29,2019-12-28,,23008000.0,0.49,0.49,,0.49,37370000.0,154331000.0,154331000.0,154331000.0,277386000.0,1442232000.0,8870000.0,188202000.0,770805000.0,277386000.0,1164846000.0,,982015000.0,182831000.0,8870000.0,191701000.0,1442232000.0,318900000.0,318229000.0,321235000.0
Cerner Corp,CERN,549300L4UJ40IEVVI304,804753,2019.0,FY,2018-12-30,2019-12-28,2020-02-10 16:03:23+00:00,87817000.0,1.66,1.66,,1.65,125058000.0,529454000.0,529454000.0,529454000.0,1071041000.0,5692598000.0,53843000.0,737136000.0,3195935000.0,1071041000.0,4621557000.0,,4020888000.0,600669000.0,53843000.0,654512000.0,5692598000.0,318900000.0,318229000.0,321235000.0
Cerner Corp,CERN,549300L4UJ40IEVVI304,804753,2019.0,Q3YTD,2018-12-30,2019-09-28,,64809000.0,1.17,1.17,,1.16,87688000.0,375123000.0,375123000.0,375123000.0,793655000.0,4250366000.0,44973000.0,548934000.0,2425130000.0,793655000.0,3456711000.0,,3038873000.0,417838000.0,44973000.0,462811000.0,4250366000.0,315100000.0,315876000.0,319113000.0
Cerner Corp,CERN,549300L4UJ40IEVVI304,804753,2019.0,Q3TTM,2018-09-30,2019-09-28,,86301000.0,1.58,1.58,,1.55,128157000.0,506443000.0,506443000.0,506443000.0,1030610000.0,5616030000.0,52635000.0,730405000.0,3186749000.0,1030610000.0,4585420000.0,,4003455000.0,581965000.0,52635000.0,634600000.0,5616030000.0,315100000.0,315876000.0,319113000.0
Cerner Corp,CERN,549300L4UJ40IEVVI304,804753,2019.0,Q3,2019-06-30,2019-09-28,2019-10-25 08:13:26+00:00,21283000.0,0.26,0.26,,0.26,20377000.0,81935000.0,81935000.0,81935000.0,271778000.0,1429428000.0,13535000.0,187526000.0,860064000.0,271778000.0,1157650000.0,,1068873000.0,88777000.0,13535000.0,102312000.0,1429428000.0,315100000.0,315876000.0,319113000.0
Cerner Corp,CERN,549300L4UJ40IEVVI304,804753,2019.0,Q2YTD,2018-12-30,2019-06-29,,43526000.0,0.91,0.91,,0.9,67311000.0,293188000.0,293188000.0,293188000.0,521877000.0,2820938000.0,31438000.0,361408000.0,1565066000.0,521877000.0,2299061000.0,,1970000000.0,329061000.0,31438000.0,360499000.0,2820938000.0,317400000.0,321280000.0,324662000.0
Cerner Corp,CERN,549300L4UJ40IEVVI304,804753,2019.0,Q2TTM,2018-07-01,2019-06-29,,86571000.0,1.83,1.83,,1.8,152498000.0,593889000.0,593889000.0,593889000.0,989164000.0,5526675000.0,46043000.0,715176000.0,3035420000.0,989164000.0,4537511000.0,,3837167000.0,700344000.0,46043000.0,746387000.0,5526675000.0,317400000.0,321280000.0,324662000.0
Cerner Corp,CERN,549300L4UJ40IEVVI304,804753,2019.0,Q2,2019-03-31,2019-06-29,2019-07-25 16:03:06+00:00,21541000.0,0.4,0.4,,0.39,27154000.0,126969000.0,126969000.0,126969000.0,268673000.0,1431061000.0,23006000.0,181047000.0,828683000.0,268673000.0,1162388000.0,,1031271000.0,131117000.0,23006000.0,154123000.0,1431061000.0,317400000.0,321280000.0,324662000.0
Cerner Corp,CERN,549300L4UJ40IEVVI304,804753,2019.0,Q1,2018-12-30,2019-03-30,2020-04-29 16:02:47+00:00,21985000.0,0.51,0.51,,0.51,40157000.0,166219000.0,166219000.0,166219000.0,253204000.0,1389877000.0,8432000.0,180361000.0,736383000.0,253204000.0,1136673000.0,,938729000.0,197944000.0,8432000.0,206376000.0,1389877000.0,325900000.0,324573000.0,327003000.0
Cerner Corp,CERN,549300L4UJ40IEVVI304,804753,2019.0,Q1TTM,2018-04-01,2019-03-30,,86840000.0,1.94,1.94,,1.92,170871000.0,636277000.0,636277000.0,636277000.0,959274000.0,5463341000.0,29634000.0,702407000.0,2937306000.0,959274000.0,4504067000.0,,3726553000.0,777514000.0,29634000.0,807148000.0,5463341000.0,325900000.0,324573000.0,327003000.0
Cerner Corp,CERN,549300L4UJ40IEVVI304,804753,2020.0,Q1TTM,2019-03-31,2020-03-31,,82960000.0,1.63,1.63,,1.61,121713000.0,510394000.0,510394000.0,510394000.0,1072253000.0,5714462000.0,51006000.0,742095000.0,3236053000.0,1072253000.0,4642209000.0,,4061108000.0,581101000.0,51006000.0,632107000.0,5714462000.0,306600000.0,309657000.0,312240000.0
Cerner Corp,CERN,549300L4UJ40IEVVI304,804753,2020.0,Q1,2019-12-29,2020-03-31,2020-04-29 16:02:47+00:00,17128000.0,0.48,0.48,,0.47,36812000.0,147159000.0,147159000.0,147159000.0,254416000.0,1411741000.0,5595000.0,185320000.0,776501000.0,254416000.0,1157325000.0,,978949000.0,178376000.0,5595000.0,183971000.0,1411741000.0,306600000.0,309657000.0,312240000.0
