company_name,company_ticker,company_lei,company_cik,year,quarter,start_date,end_date,filing_date,basicdilutedeps,basiceps,cashdividendspershare,depreciationexpense,dilutedeps,incometaxexpense,netincome,netincomecontinuing,netincomediscontinued,netincometocommon,operatingcostofrevenue,operatingrevenue,otherincome,otheroperatingexpenses,otherspecialcharges,restructuringcharge,sgaexpense,totalcostofrevenue,totalgrossprofit,totalinterestexpense,totaloperatingexpenses,totaloperatingincome,totalotherincome,totalpretaxincome,totalrevenue,weightedavebasicdilutedsharesos,weightedavebasicsharesos,weightedavedilutedsharesos
J C Penney Company Inc,JCP,,1166126,2007.0,FY,2007-02-04,2008-02-02,2010-03-30 16:21:58+00:00,4.99,4.99,0.8,426000000.0,4.93,618000000.0,1111000000.0,1105000000.0,6000000.0,1111000000.0,12189000000.0,19860000000.0,,-91000000.0,46000000.0,,5402000000.0,12189000000.0,7671000000.0,165000000.0,5783000000.0,1888000000.0,-165000000.0,1723000000.0,19860000000.0,222600000.0,222600000.0,225400000.0
J C Penney Company Inc,JCP,,1166126,2008.0,FY,2008-02-03,2009-01-31,2010-03-30 16:21:58+00:00,2.58,2.58,0.8,469000000.0,2.57,343000000.0,572000000.0,567000000.0,5000000.0,572000000.0,11571000000.0,18486000000.0,,-115000000.0,31000000.0,,5395000000.0,11571000000.0,6915000000.0,225000000.0,5780000000.0,1135000000.0,-225000000.0,910000000.0,18486000000.0,221700000.0,221700000.0,222600000.0
J C Penney Company Inc,JCP,,1166126,2008.0,Q3,2008-08-03,2008-11-01,2009-12-09 17:11:21+00:00,0.56,0.56,,118000000.0,0.56,76000000.0,124000000.0,123000000.0,1000000.0,124000000.0,2654000000.0,4318000000.0,,-40000000.0,11000000.0,,1320000000.0,2654000000.0,1664000000.0,56000000.0,1409000000.0,255000000.0,-56000000.0,199000000.0,4318000000.0,221400000.0,221400000.0,221400000.0
J C Penney Company Inc,JCP,,1166126,2008.0,Q2,2008-05-04,2008-08-02,2009-09-09 16:40:08+00:00,0.52,0.52,,115000000.0,0.52,72000000.0,117000000.0,116000000.0,1000000.0,117000000.0,2676000000.0,4282000000.0,,-31000000.0,9000000.0,,1270000000.0,2676000000.0,1606000000.0,55000000.0,1363000000.0,243000000.0,-55000000.0,188000000.0,4282000000.0,225000000.0,225000000.0,225000000.0
J C Penney Company Inc,JCP,,1166126,2009.0,Q4,2009-11-01,2010-01-30,,0.86,0.86,0.8,131000000.0,0.86,120000000.0,200000000.0,198000000.0,2000000.0,200000000.0,3430000000.0,5550000000.0,,96000000.0,-27000000.0,,1537000000.0,3430000000.0,2120000000.0,65000000.0,1737000000.0,383000000.0,-65000000.0,318000000.0,5550000000.0,232400000.0,232000000.0,233100000.0
J C Penney Company Inc,JCP,,1166126,2009.0,FY,2009-02-01,2010-01-30,2012-03-27 19:58:29+00:00,1.08,1.08,0.8,495000000.0,1.08,154000000.0,251000000.0,249000000.0,2000000.0,251000000.0,10646000000.0,17556000000.0,,342000000.0,,,5410000000.0,10646000000.0,6910000000.0,260000000.0,6247000000.0,663000000.0,-260000000.0,403000000.0,17556000000.0,232400000.0,232000000.0,233100000.0
J C Penney Company Inc,JCP,,1166126,2009.0,Q3,2009-08-02,2009-10-31,2010-12-08 16:44:48+00:00,0.11,0.11,,123000000.0,0.11,16000000.0,27000000.0,27000000.0,,27000000.0,2483000000.0,4179000000.0,,86000000.0,4000000.0,,1376000000.0,2483000000.0,1696000000.0,64000000.0,1589000000.0,107000000.0,-64000000.0,43000000.0,4179000000.0,236000000.0,236000000.0,236000000.0
J C Penney Company Inc,JCP,,1166126,2009.0,Q3YTD,2009-02-01,2009-10-31,,0.22,0.22,,364000000.0,0.22,34000000.0,51000000.0,51000000.0,,51000000.0,7216000000.0,12006000000.0,,246000000.0,27000000.0,,3873000000.0,7216000000.0,4790000000.0,195000000.0,4510000000.0,280000000.0,-195000000.0,85000000.0,12006000000.0,236000000.0,236000000.0,236000000.0
J C Penney Company Inc,JCP,,1166126,2009.0,Q2,2009-05-03,2009-08-01,2009-09-09 16:40:08+00:00,0.0,0.0,,121000000.0,0.0,0.0,-1000000.0,-1000000.0,0.0,-1000000.0,2423000000.0,3943000000.0,,76000000.0,14000000.0,,1242000000.0,2423000000.0,1520000000.0,68000000.0,1453000000.0,67000000.0,-68000000.0,-1000000.0,3943000000.0,,,
J C Penney Company Inc,JCP,,1166126,2009.0,Q2YTD,2009-02-01,2009-08-01,,0.11,0.11,,241000000.0,0.11,18000000.0,24000000.0,24000000.0,,24000000.0,4733000000.0,7827000000.0,,160000000.0,23000000.0,,2497000000.0,4733000000.0,3094000000.0,131000000.0,2921000000.0,173000000.0,-131000000.0,42000000.0,7827000000.0,,,
J C Penney Company Inc,JCP,,1166126,2009.0,Q1,2009-02-01,2009-05-02,2010-06-09 16:22:09+00:00,0.11,0.11,,120000000.0,0.11,18000000.0,25000000.0,25000000.0,,25000000.0,2310000000.0,3884000000.0,,84000000.0,9000000.0,,1255000000.0,2310000000.0,1574000000.0,63000000.0,1468000000.0,106000000.0,-63000000.0,43000000.0,3884000000.0,227300000.0,227300000.0,227300000.0
J C Penney Company Inc,JCP,,1166126,2010.0,Q4,2010-10-31,2011-01-29,,1.14,1.14,0.8,132000000.0,1.13,140000000.0,271000000.0,260000000.0,11000000.0,271000000.0,3560000000.0,5703000000.0,,56000000.0,-3000000.0,32000000.0,1468000000.0,3560000000.0,2143000000.0,58000000.0,1685000000.0,458000000.0,-58000000.0,400000000.0,5703000000.0,237200000.0,236400000.0,238000000.0
J C Penney Company Inc,JCP,,1166126,2010.0,FY,2010-01-31,2011-01-29,2013-03-20 17:11:32+00:00,1.64,1.64,0.8,511000000.0,1.63,203000000.0,389000000.0,378000000.0,11000000.0,389000000.0,10799000000.0,17759000000.0,,227000000.0,,32000000.0,5358000000.0,10799000000.0,6960000000.0,251000000.0,6128000000.0,832000000.0,-251000000.0,581000000.0,17759000000.0,237200000.0,236400000.0,238000000.0
J C Penney Company Inc,JCP,,1166126,2010.0,Q3,2010-08-01,2010-10-30,2011-12-07 16:11:46+00:00,0.19,0.19,,128000000.0,0.19,23000000.0,44000000.0,44000000.0,,44000000.0,2554000000.0,4189000000.0,,57000000.0,,,1326000000.0,2554000000.0,1635000000.0,57000000.0,1511000000.0,124000000.0,-57000000.0,67000000.0,4189000000.0,236000000.0,236000000.0,236000000.0
J C Penney Company Inc,JCP,,1166126,2010.0,Q3YTD,2010-01-31,2010-10-30,,0.5,0.5,,379000000.0,0.5,63000000.0,118000000.0,118000000.0,,118000000.0,7239000000.0,12056000000.0,,171000000.0,3000000.0,,3890000000.0,7239000000.0,4817000000.0,193000000.0,4443000000.0,374000000.0,-193000000.0,181000000.0,12056000000.0,236000000.0,236000000.0,236000000.0
J C Penney Company Inc,JCP,,1166126,2010.0,Q3TTM,2009-11-01,2010-10-30,,1.36,1.36,0.8,510000000.0,1.36,183000000.0,318000000.0,316000000.0,2000000.0,318000000.0,10669000000.0,17606000000.0,,267000000.0,-24000000.0,,5427000000.0,10669000000.0,6937000000.0,258000000.0,6180000000.0,757000000.0,-258000000.0,499000000.0,17606000000.0,236000000.0,236000000.0,236000000.0
J C Penney Company Inc,JCP,,1166126,2010.0,Q2,2010-05-02,2010-07-31,2011-09-07 16:38:44+00:00,0.06,0.06,,126000000.0,0.06,4000000.0,14000000.0,14000000.0,,14000000.0,2386000000.0,3938000000.0,,56000000.0,,,1275000000.0,2386000000.0,1552000000.0,77000000.0,1457000000.0,95000000.0,-77000000.0,18000000.0,3938000000.0,236000000.0,236000000.0,236000000.0
J C Penney Company Inc,JCP,,1166126,2010.0,Q2YTD,2010-01-31,2010-07-31,,0.31,0.31,,251000000.0,0.31,40000000.0,74000000.0,74000000.0,,74000000.0,4685000000.0,7867000000.0,,114000000.0,3000000.0,,2564000000.0,4685000000.0,3182000000.0,136000000.0,2932000000.0,250000000.0,-136000000.0,114000000.0,7867000000.0,236000000.0,236000000.0,236000000.0
J C Penney Company Inc,JCP,,1166126,2010.0,Q2TTM,2009-08-02,2010-07-31,,1.28,1.28,0.8,505000000.0,1.28,176000000.0,301000000.0,299000000.0,2000000.0,301000000.0,10598000000.0,17596000000.0,,296000000.0,-20000000.0,,5477000000.0,10598000000.0,6998000000.0,265000000.0,6258000000.0,740000000.0,-265000000.0,475000000.0,17596000000.0,236000000.0,236000000.0,236000000.0
J C Penney Company Inc,JCP,,1166126,2010.0,Q1,2010-01-31,2010-05-01,2010-06-09 16:22:09+00:00,0.25,0.25,,125000000.0,0.25,36000000.0,60000000.0,60000000.0,,60000000.0,2299000000.0,3929000000.0,,58000000.0,3000000.0,,1289000000.0,2299000000.0,1630000000.0,59000000.0,1475000000.0,155000000.0,-59000000.0,96000000.0,3929000000.0,240000000.0,240000000.0,240000000.0
J C Penney Company Inc,JCP,,1166126,2010.0,Q1TTM,2009-05-03,2010-05-01,,1.22,1.22,0.8,500000000.0,1.22,172000000.0,286000000.0,284000000.0,2000000.0,286000000.0,10635000000.0,17601000000.0,,316000000.0,-6000000.0,,5444000000.0,10635000000.0,6966000000.0,256000000.0,6254000000.0,712000000.0,-256000000.0,456000000.0,17601000000.0,240000000.0,240000000.0,240000000.0
J C Penney Company Inc,JCP,,1166126,2011.0,Q4,2011-10-30,2012-01-28,,-0.38,-0.38,0.8,135000000.0,-0.38,-43000000.0,-87000000.0,-87000000.0,,-87000000.0,3788000000.0,5425000000.0,,46000000.0,,186000000.0,1343000000.0,3788000000.0,1637000000.0,57000000.0,1710000000.0,-73000000.0,-57000000.0,-130000000.0,5425000000.0,217100000.0,217400000.0,217400000.0
J C Penney Company Inc,JCP,,1166126,2011.0,FY,2011-01-30,2012-01-28,2014-03-21 16:03:55+00:00,-0.7,-0.7,0.8,518000000.0,-0.7,-77000000.0,-152000000.0,-152000000.0,,-152000000.0,11042000000.0,17260000000.0,,142000000.0,,451000000.0,5109000000.0,11042000000.0,6218000000.0,227000000.0,6220000000.0,-2000000.0,-227000000.0,-229000000.0,17260000000.0,217100000.0,217400000.0,217400000.0
J C Penney Company Inc,JCP,,1166126,2011.0,Q3,2011-07-31,2011-10-29,2011-12-07 16:11:46+00:00,-0.67,-0.67,,127000000.0,-0.67,-83000000.0,-143000000.0,-143000000.0,,-143000000.0,2497000000.0,3986000000.0,,26000000.0,,265000000.0,1242000000.0,2497000000.0,1489000000.0,55000000.0,1660000000.0,-171000000.0,-55000000.0,-226000000.0,3986000000.0,213000000.0,213000000.0,213000000.0
J C Penney Company Inc,JCP,,1166126,2011.0,Q3YTD,2011-01-30,2011-10-29,,-0.32,-0.32,,383000000.0,-0.32,-34000000.0,-65000000.0,-65000000.0,,-65000000.0,7254000000.0,11835000000.0,,96000000.0,,265000000.0,3766000000.0,7254000000.0,4581000000.0,170000000.0,4510000000.0,71000000.0,-170000000.0,-99000000.0,11835000000.0,213000000.0,213000000.0,213000000.0
J C Penney Company Inc,JCP,,1166126,2011.0,Q3TTM,2010-10-31,2011-10-29,,0.82,0.82,0.8,515000000.0,0.81,106000000.0,206000000.0,195000000.0,11000000.0,206000000.0,10814000000.0,17538000000.0,,152000000.0,-3000000.0,297000000.0,5234000000.0,10814000000.0,6724000000.0,228000000.0,6195000000.0,529000000.0,-228000000.0,301000000.0,17538000000.0,213000000.0,213000000.0,213000000.0
J C Penney Company Inc,JCP,,1166126,2011.0,Q2,2011-05-01,2011-07-30,2011-09-07 16:38:44+00:00,0.07,0.07,,128000000.0,0.07,10000000.0,14000000.0,14000000.0,,14000000.0,2409000000.0,3906000000.0,,45000000.0,,,1243000000.0,2409000000.0,1497000000.0,57000000.0,1416000000.0,81000000.0,-57000000.0,24000000.0,3906000000.0,200000000.0,200000000.0,200000000.0
J C Penney Company Inc,JCP,,1166126,2011.0,Q2YTD,2011-01-30,2011-07-30,,0.35,0.35,,256000000.0,0.35,49000000.0,78000000.0,78000000.0,,78000000.0,4757000000.0,7849000000.0,,70000000.0,,,2524000000.0,4757000000.0,3092000000.0,115000000.0,2850000000.0,242000000.0,-115000000.0,127000000.0,7849000000.0,200000000.0,200000000.0,200000000.0
J C Penney Company Inc,JCP,,1166126,2011.0,Q2TTM,2010-08-01,2011-07-30,,1.68,1.68,0.8,516000000.0,1.67,212000000.0,393000000.0,382000000.0,11000000.0,393000000.0,10871000000.0,17741000000.0,,183000000.0,-3000000.0,32000000.0,5318000000.0,10871000000.0,6870000000.0,230000000.0,6046000000.0,824000000.0,-230000000.0,594000000.0,17741000000.0,200000000.0,200000000.0,200000000.0
J C Penney Company Inc,JCP,,1166126,2011.0,Q1,2011-01-30,2011-04-30,2011-06-08 11:48:21+00:00,0.28,0.28,,128000000.0,0.28,39000000.0,64000000.0,64000000.0,,64000000.0,2348000000.0,3943000000.0,,25000000.0,,,1281000000.0,2348000000.0,1595000000.0,58000000.0,1434000000.0,161000000.0,-58000000.0,103000000.0,3943000000.0,229000000.0,229000000.0,229000000.0
J C Penney Company Inc,JCP,,1166126,2011.0,Q1TTM,2010-05-02,2011-04-30,,1.67,1.67,0.8,514000000.0,1.66,206000000.0,393000000.0,382000000.0,11000000.0,393000000.0,10848000000.0,17773000000.0,,194000000.0,-3000000.0,32000000.0,5350000000.0,10848000000.0,6925000000.0,250000000.0,6087000000.0,838000000.0,-250000000.0,588000000.0,17773000000.0,229000000.0,229000000.0,229000000.0
J C Penney Company Inc,JCP,,1166126,2012.0,Q4,2012-10-28,2013-02-02,,-3.18,-2.51,0.2,157000000.0,-2.51,-250000000.0,-552000000.0,-552000000.0,,-552000000.0,2960000000.0,3884000000.0,,274000000.0,,29000000.0,1209000000.0,2960000000.0,924000000.0,57000000.0,1669000000.0,-745000000.0,-57000000.0,-802000000.0,3884000000.0,219400000.0,219200000.0,219200000.0
J C Penney Company Inc,JCP,,1166126,2012.0,FY,2012-01-29,2013-02-02,2015-03-23 16:16:27+00:00,-4.49,-4.49,0.2,543000000.0,-4.49,-551000000.0,-985000000.0,-985000000.0,,-985000000.0,8919000000.0,12985000000.0,,29000000.0,,298000000.0,4506000000.0,8919000000.0,4066000000.0,226000000.0,5376000000.0,-1310000000.0,-226000000.0,-1536000000.0,12985000000.0,219400000.0,219200000.0,219200000.0
J C Penney Company Inc,JCP,,1166126,2012.0,Q3,2012-07-29,2012-10-27,2012-12-04 16:51:18+00:00,-0.56,-0.56,,133000000.0,-0.56,-88000000.0,-123000000.0,-123000000.0,,-123000000.0,1975000000.0,2927000000.0,,-146000000.0,,34000000.0,1087000000.0,1975000000.0,952000000.0,55000000.0,1108000000.0,-156000000.0,-55000000.0,-211000000.0,2927000000.0,219600000.0,219400000.0,219400000.0
J C Penney Company Inc,JCP,,1166126,2012.0,Q3YTD,2012-01-29,2012-10-27,,-1.31,-1.98,,386000000.0,-1.98,-301000000.0,-433000000.0,-433000000.0,,-433000000.0,5959000000.0,9101000000.0,,-245000000.0,,269000000.0,3297000000.0,5959000000.0,3142000000.0,169000000.0,3707000000.0,-565000000.0,-169000000.0,-734000000.0,9101000000.0,219600000.0,219400000.0,219400000.0
J C Penney Company Inc,JCP,,1166126,2012.0,Q3TTM,2011-10-30,2012-10-27,,-1.69,-2.36,0.8,521000000.0,-2.36,-344000000.0,-520000000.0,-520000000.0,,-520000000.0,9747000000.0,14526000000.0,,-199000000.0,,455000000.0,4640000000.0,9747000000.0,4779000000.0,226000000.0,5417000000.0,-638000000.0,-226000000.0,-864000000.0,14526000000.0,219600000.0,219400000.0,219400000.0
J C Penney Company Inc,JCP,,1166126,2012.0,Q2,2012-04-29,2012-07-28,2012-09-04 17:27:34+00:00,,-0.67,,128000000.0,-0.67,-94000000.0,-147000000.0,-147000000.0,,-147000000.0,2018000000.0,3022000000.0,,-150000000.0,,159000000.0,1050000000.0,2018000000.0,1004000000.0,58000000.0,1187000000.0,-183000000.0,-58000000.0,-241000000.0,3022000000.0,,219300000.0,219300000.0
J C Penney Company Inc,JCP,,1166126,2012.0,Q2YTD,2012-01-29,2012-07-28,,-0.75,-1.42,,253000000.0,-1.42,-213000000.0,-310000000.0,-310000000.0,,-310000000.0,3984000000.0,6174000000.0,,-99000000.0,,235000000.0,2210000000.0,3984000000.0,2190000000.0,114000000.0,2599000000.0,-409000000.0,-114000000.0,-523000000.0,6174000000.0,,219300000.0,219300000.0
J C Penney Company Inc,JCP,,1166126,2012.0,Q2TTM,2011-07-31,2012-07-28,,-1.8,-2.47,0.8,515000000.0,-2.47,-339000000.0,-540000000.0,-540000000.0,,-540000000.0,10269000000.0,15585000000.0,,-27000000.0,,686000000.0,4795000000.0,10269000000.0,5316000000.0,226000000.0,5969000000.0,-653000000.0,-226000000.0,-879000000.0,15585000000.0,,219300000.0,219300000.0
J C Penney Company Inc,JCP,,1166126,2012.0,Q1,2012-01-29,2012-04-28,2012-06-05 17:40:15+00:00,-0.75,-0.75,,125000000.0,-0.75,-119000000.0,-163000000.0,-163000000.0,,-163000000.0,1966000000.0,3152000000.0,,51000000.0,,76000000.0,1160000000.0,1966000000.0,1186000000.0,56000000.0,1412000000.0,-226000000.0,-56000000.0,-282000000.0,3152000000.0,217300000.0,218300000.0,218300000.0
J C Penney Company Inc,JCP,,1166126,2012.0,Q1TTM,2011-05-01,2012-04-28,,-1.73,-1.73,0.8,515000000.0,-1.73,-235000000.0,-379000000.0,-379000000.0,,-379000000.0,10660000000.0,16469000000.0,,168000000.0,,527000000.0,4988000000.0,10660000000.0,5809000000.0,225000000.0,6198000000.0,-389000000.0,-225000000.0,-614000000.0,16469000000.0,217300000.0,218300000.0,218300000.0
J C Penney Company Inc,JCP,,1166126,2013.0,Q4,2013-11-03,2014-02-01,,0.61,0.61,,161000000.0,0.61,-270000000.0,35000000.0,35000000.0,,35000000.0,2708000000.0,3782000000.0,114000000.0,-3000000.0,,50000000.0,1004000000.0,2708000000.0,1074000000.0,211000000.0,1212000000.0,-138000000.0,-97000000.0,-235000000.0,3782000000.0,249200000.0,249300000.0,249300000.0
J C Penney Company Inc,JCP,,1166126,2013.0,FY,2013-02-03,2014-02-01,2015-03-23 16:16:27+00:00,-5.57,-5.57,0.0,601000000.0,-5.57,-498000000.0,-1388000000.0,-1388000000.0,,-1388000000.0,8367000000.0,11859000000.0,,-18000000.0,,215000000.0,4114000000.0,8367000000.0,3492000000.0,466000000.0,4912000000.0,-1420000000.0,-466000000.0,-1886000000.0,11859000000.0,249200000.0,249300000.0,249300000.0
J C Penney Company Inc,JCP,,1166126,2013.0,Q3,2013-08-04,2013-11-02,2013-12-05 17:25:04+00:00,-1.94,-1.94,,161000000.0,-1.94,-11000000.0,-489000000.0,-489000000.0,,-489000000.0,1960000000.0,2779000000.0,,7000000.0,,46000000.0,1006000000.0,1960000000.0,819000000.0,99000000.0,1220000000.0,-401000000.0,-99000000.0,-500000000.0,2779000000.0,252100000.0,251800000.0,251800000.0
J C Penney Company Inc,JCP,,1166126,2013.0,Q3YTD,2013-02-03,2013-11-02,,-6.18,-6.18,,440000000.0,-6.18,-228000000.0,-1423000000.0,-1423000000.0,,-1423000000.0,5659000000.0,8077000000.0,-114000000.0,-15000000.0,,165000000.0,3110000000.0,5659000000.0,2418000000.0,255000000.0,3700000000.0,-1282000000.0,-369000000.0,-1651000000.0,8077000000.0,252100000.0,251800000.0,251800000.0
J C Penney Company Inc,JCP,,1166126,2013.0,Q3TTM,2012-10-28,2013-11-02,,-9.36,-8.69,0.2,597000000.0,-8.69,-478000000.0,-1975000000.0,-1975000000.0,,-1975000000.0,8619000000.0,11961000000.0,-114000000.0,259000000.0,,194000000.0,4319000000.0,8619000000.0,3342000000.0,312000000.0,5369000000.0,-2027000000.0,-426000000.0,-2453000000.0,11961000000.0,252100000.0,251800000.0,251800000.0
J C Penney Company Inc,JCP,,1166126,2013.0,Q2,2013-05-05,2013-08-03,2013-09-10 16:56:08+00:00,-2.66,-2.66,,143000000.0,-2.66,-18000000.0,-586000000.0,-586000000.0,,-586000000.0,1876000000.0,2663000000.0,-114000000.0,-34000000.0,,47000000.0,1026000000.0,1876000000.0,787000000.0,95000000.0,1182000000.0,-395000000.0,-209000000.0,-604000000.0,2663000000.0,220300000.0,220600000.0,220600000.0
J C Penney Company Inc,JCP,,1166126,2013.0,Q2YTD,2013-02-03,2013-08-03,,-4.24,-4.24,,279000000.0,-4.24,-217000000.0,-934000000.0,-934000000.0,,-934000000.0,3699000000.0,5298000000.0,-114000000.0,-22000000.0,,119000000.0,2104000000.0,3699000000.0,1599000000.0,156000000.0,2480000000.0,-881000000.0,-270000000.0,-1151000000.0,5298000000.0,220300000.0,220600000.0,220600000.0
J C Penney Company Inc,JCP,,1166126,2013.0,Q2TTM,2012-07-29,2013-08-03,,-7.98,-7.31,0.2,569000000.0,-7.31,-555000000.0,-1609000000.0,-1609000000.0,,-1609000000.0,8634000000.0,12109000000.0,-114000000.0,106000000.0,,182000000.0,4400000000.0,8634000000.0,3475000000.0,268000000.0,5257000000.0,-1782000000.0,-382000000.0,-2164000000.0,12109000000.0,220300000.0,220600000.0,220600000.0
J C Penney Company Inc,JCP,,1166126,2013.0,Q1,2013-02-03,2013-05-04,2013-06-11 16:33:20+00:00,-1.58,-1.58,,136000000.0,-1.58,-199000000.0,-348000000.0,-348000000.0,,-348000000.0,1823000000.0,2635000000.0,,12000000.0,,72000000.0,1078000000.0,1823000000.0,812000000.0,61000000.0,1298000000.0,-486000000.0,-61000000.0,-547000000.0,2635000000.0,220300000.0,219900000.0,219900000.0
J C Penney Company Inc,JCP,,1166126,2013.0,Q1TTM,2012-04-29,2013-05-04,,-5.32,-5.32,0.2,554000000.0,-5.32,-631000000.0,-1170000000.0,-1170000000.0,,-1170000000.0,8776000000.0,12468000000.0,,-10000000.0,,294000000.0,4424000000.0,8776000000.0,3692000000.0,231000000.0,5262000000.0,-1570000000.0,-231000000.0,-1801000000.0,12468000000.0,220300000.0,219900000.0,219900000.0
J C Penney Company Inc,JCP,,1166126,2014.0,FY,2014-02-02,2015-01-31,2017-03-24 16:36:52+00:00,-2.35,-2.35,,631000000.0,-2.35,23000000.0,-717000000.0,-717000000.0,,-717000000.0,7996000000.0,12257000000.0,,-196000000.0,,87000000.0,3993000000.0,7996000000.0,4261000000.0,440000000.0,4515000000.0,-254000000.0,-440000000.0,-694000000.0,12257000000.0,305100000.0,305200000.0,305200000.0
J C Penney Company Inc,JCP,,1166126,2014.0,Q4,2014-11-02,2015-01-31,,-0.02,-0.02,,157000000.0,-0.02,22000000.0,-5000000.0,-5000000.0,,-5000000.0,2579000000.0,3893000000.0,,-40000000.0,,48000000.0,1032000000.0,2579000000.0,1314000000.0,100000000.0,1197000000.0,117000000.0,-100000000.0,17000000.0,3893000000.0,305100000.0,305200000.0,305200000.0
J C Penney Company Inc,JCP,,1166126,2014.0,Q3,2014-08-03,2014-11-01,2015-12-09 16:19:53+00:00,-0.62,-0.62,,156000000.0,-0.62,-3000000.0,-188000000.0,-188000000.0,,-188000000.0,1751000000.0,2764000000.0,,-89000000.0,,12000000.0,988000000.0,1751000000.0,1013000000.0,137000000.0,1067000000.0,-54000000.0,-137000000.0,-191000000.0,2764000000.0,303200000.0,305300000.0,305300000.0
J C Penney Company Inc,JCP,,1166126,2014.0,Q3YTD,2014-02-02,2014-11-01,,-2.33,-2.33,,474000000.0,-2.33,1000000.0,-712000000.0,-712000000.0,,-712000000.0,5417000000.0,8364000000.0,,-156000000.0,,39000000.0,2961000000.0,5417000000.0,2947000000.0,340000000.0,3318000000.0,-371000000.0,-340000000.0,-711000000.0,8364000000.0,303200000.0,305300000.0,305300000.0
J C Penney Company Inc,JCP,,1166126,2014.0,Q3TTM,2013-11-03,2014-11-01,,-1.72,-1.72,,635000000.0,-1.72,-269000000.0,-677000000.0,-677000000.0,,-677000000.0,8125000000.0,12146000000.0,114000000.0,-159000000.0,,89000000.0,3965000000.0,8125000000.0,4021000000.0,551000000.0,4530000000.0,-509000000.0,-437000000.0,-946000000.0,12146000000.0,303200000.0,305300000.0,305300000.0
J C Penney Company Inc,JCP,,1166126,2014.0,Q2,2014-05-04,2014-08-02,2015-09-08 16:22:02+00:00,-0.56,-0.56,,160000000.0,-0.56,-4000000.0,-172000000.0,-172000000.0,,-172000000.0,1791000000.0,2799000000.0,,-51000000.0,,5000000.0,964000000.0,1791000000.0,1008000000.0,106000000.0,1078000000.0,-70000000.0,-106000000.0,-176000000.0,2799000000.0,307100000.0,305200000.0,305200000.0
J C Penney Company Inc,JCP,,1166126,2014.0,Q2YTD,2014-02-02,2014-08-02,,-1.71,-1.71,,318000000.0,-1.71,4000000.0,-524000000.0,-524000000.0,,-524000000.0,3666000000.0,5600000000.0,,-67000000.0,,27000000.0,1973000000.0,3666000000.0,1934000000.0,203000000.0,2251000000.0,-317000000.0,-203000000.0,-520000000.0,5600000000.0,307100000.0,305200000.0,305200000.0
J C Penney Company Inc,JCP,,1166126,2014.0,Q2TTM,2013-08-04,2014-08-02,,-3.04,-3.04,,640000000.0,-3.04,-277000000.0,-978000000.0,-978000000.0,,-978000000.0,8334000000.0,12161000000.0,114000000.0,-63000000.0,,123000000.0,3983000000.0,8334000000.0,3827000000.0,513000000.0,4683000000.0,-856000000.0,-399000000.0,-1255000000.0,12161000000.0,307100000.0,305200000.0,305200000.0
J C Penney Company Inc,JCP,,1166126,2014.0,Q1TTM,2013-05-05,2014-05-03,,-5.14,-5.14,,623000000.0,-5.14,-291000000.0,-1392000000.0,-1392000000.0,,-1392000000.0,8419000000.0,12025000000.0,,-46000000.0,,165000000.0,4045000000.0,8419000000.0,3606000000.0,502000000.0,4787000000.0,-1181000000.0,-502000000.0,-1683000000.0,12025000000.0,306100000.0,305000000.0,305000000.0
J C Penney Company Inc,JCP,,1166126,2014.0,Q1,2014-02-02,2014-05-03,2015-06-04 16:13:35+00:00,-1.15,-1.15,,158000000.0,-1.15,8000000.0,-352000000.0,-352000000.0,,-352000000.0,1875000000.0,2801000000.0,,-16000000.0,,22000000.0,1009000000.0,1875000000.0,926000000.0,97000000.0,1173000000.0,-247000000.0,-97000000.0,-344000000.0,2801000000.0,306100000.0,305000000.0,305000000.0
J C Penney Company Inc,JCP,,1166126,2015.0,FY,2015-02-01,2016-01-30,2017-03-24 16:36:52+00:00,-1.68,-1.68,,616000000.0,-1.68,9000000.0,-513000000.0,-513000000.0,,-513000000.0,8074000000.0,12625000000.0,,165000000.0,,84000000.0,3775000000.0,8074000000.0,4551000000.0,415000000.0,4640000000.0,-89000000.0,-415000000.0,-504000000.0,12625000000.0,305400000.0,305900000.0,305900000.0
J C Penney Company Inc,JCP,,1166126,2015.0,Q4,2015-11-01,2016-01-30,,-0.78,-0.43,,157000000.0,-0.43,1000000.0,-131000000.0,-131000000.0,,-131000000.0,2633000000.0,3996000000.0,,231000000.0,,31000000.0,962000000.0,2633000000.0,1363000000.0,112000000.0,1381000000.0,-18000000.0,-112000000.0,-130000000.0,3996000000.0,305400000.0,305900000.0,305900000.0
J C Penney Company Inc,JCP,,1166126,2015.0,Q3,2015-08-02,2015-10-31,2016-11-30 17:15:27+00:00,-0.45,-0.38,,152000000.0,-0.38,-3000000.0,-115000000.0,-115000000.0,,-115000000.0,1815000000.0,2897000000.0,,-15000000.0,,14000000.0,947000000.0,1815000000.0,1082000000.0,102000000.0,1098000000.0,-16000000.0,-102000000.0,-118000000.0,2897000000.0,255600000.0,306000000.0,306000000.0
J C Penney Company Inc,JCP,,1166126,2015.0,Q3YTD,2015-02-01,2015-10-31,,-0.9,-1.25,,459000000.0,-1.25,8000000.0,-382000000.0,-382000000.0,,-382000000.0,5441000000.0,8629000000.0,,-66000000.0,,53000000.0,2813000000.0,5441000000.0,3188000000.0,303000000.0,3259000000.0,-71000000.0,-303000000.0,-374000000.0,8629000000.0,255600000.0,306000000.0,306000000.0
J C Penney Company Inc,JCP,,1166126,2015.0,Q3TTM,2014-11-02,2015-10-31,,-0.92,-1.27,,616000000.0,-1.27,30000000.0,-387000000.0,-387000000.0,,-387000000.0,8020000000.0,12522000000.0,,-106000000.0,,101000000.0,3845000000.0,8020000000.0,4502000000.0,403000000.0,4456000000.0,46000000.0,-403000000.0,-357000000.0,12522000000.0,255600000.0,306000000.0,306000000.0
J C Penney Company Inc,JCP,,1166126,2015.0,Q2,2015-05-03,2015-08-01,2016-08-30 16:06:42+00:00,-0.45,-0.38,,153000000.0,-0.38,5000000.0,-117000000.0,-117000000.0,,-117000000.0,1810000000.0,2875000000.0,,3000000.0,,17000000.0,901000000.0,1810000000.0,1065000000.0,103000000.0,1074000000.0,-9000000.0,-103000000.0,-112000000.0,2875000000.0,260000000.0,305900000.0,305900000.0
J C Penney Company Inc,JCP,,1166126,2015.0,Q2YTD,2015-02-01,2015-08-01,,-0.45,-0.87,,307000000.0,-0.87,11000000.0,-267000000.0,-267000000.0,,-267000000.0,3626000000.0,5732000000.0,,-51000000.0,,39000000.0,1866000000.0,3626000000.0,2106000000.0,201000000.0,2161000000.0,-55000000.0,-201000000.0,-256000000.0,5732000000.0,260000000.0,305900000.0,305900000.0
J C Penney Company Inc,JCP,,1166126,2015.0,Q2TTM,2014-08-03,2015-08-01,,-1.09,-1.51,,620000000.0,-1.51,30000000.0,-460000000.0,-460000000.0,,-460000000.0,7956000000.0,12389000000.0,,-180000000.0,,99000000.0,3886000000.0,7956000000.0,4433000000.0,438000000.0,4425000000.0,8000000.0,-438000000.0,-430000000.0,12389000000.0,260000000.0,305900000.0,305900000.0
J C Penney Company Inc,JCP,,1166126,2015.0,Q1,2015-02-01,2015-05-02,2016-05-31 16:18:01+00:00,,-0.49,,154000000.0,-0.49,6000000.0,-150000000.0,-150000000.0,,-150000000.0,1816000000.0,2857000000.0,,-54000000.0,,22000000.0,965000000.0,1816000000.0,1041000000.0,98000000.0,1087000000.0,-46000000.0,-98000000.0,-144000000.0,2857000000.0,,305500000.0,305500000.0
J C Penney Company Inc,JCP,,1166126,2015.0,Q1TTM,2014-05-04,2015-05-02,,-1.2,-1.69,,627000000.0,-1.69,21000000.0,-515000000.0,-515000000.0,,-515000000.0,7937000000.0,12313000000.0,,-234000000.0,,87000000.0,3949000000.0,7937000000.0,4376000000.0,441000000.0,4429000000.0,-53000000.0,-441000000.0,-494000000.0,12313000000.0,,305500000.0,305500000.0
J C Penney Company Inc,JCP,,1166126,2016.0,FY,2016-01-31,2017-01-28,2019-03-19 16:59:02+00:00,-0.06,-0.06,,609000000.0,-0.06,1000000.0,-17000000.0,-17000000.0,,-17000000.0,8097000000.0,12918000000.0,53000000.0,-111000000.0,,26000000.0,3973000000.0,8097000000.0,4821000000.0,393000000.0,4497000000.0,324000000.0,-340000000.0,-16000000.0,12918000000.0,283300000.0,308100000.0,308100000.0
J C Penney Company Inc,JCP,,1166126,2016.0,Q4,2016-10-30,2017-01-28,,0.34,0.56,,153000000.0,0.56,-6000000.0,174000000.0,174000000.0,,174000000.0,2675000000.0,4332000000.0,53000000.0,-68000000.0,,9000000.0,1360000000.0,2675000000.0,1657000000.0,88000000.0,1454000000.0,203000000.0,-35000000.0,168000000.0,4332000000.0,283300000.0,308100000.0,308100000.0
J C Penney Company Inc,JCP,,1166126,2016.0,Q3,2016-07-31,2016-10-29,2017-11-29 16:36:18+00:00,,-0.22,,149000000.0,-0.22,3000000.0,-67000000.0,-67000000.0,,-67000000.0,1795000000.0,2857000000.0,,0.0,,2000000.0,888000000.0,1795000000.0,1062000000.0,87000000.0,1039000000.0,23000000.0,-87000000.0,-64000000.0,2857000000.0,,308300000.0,308300000.0
J C Penney Company Inc,JCP,,1166126,2016.0,Q3YTD,2016-01-31,2016-10-29,,-0.4,-0.62,,456000000.0,-0.62,7000000.0,-191000000.0,-191000000.0,,-191000000.0,5422000000.0,8586000000.0,,-43000000.0,,17000000.0,2613000000.0,5422000000.0,3164000000.0,305000000.0,3043000000.0,121000000.0,-305000000.0,-184000000.0,8586000000.0,,308300000.0,308300000.0
J C Penney Company Inc,JCP,,1166126,2016.0,Q3TTM,2015-11-01,2016-10-29,,-1.18,-1.05,,613000000.0,-1.05,8000000.0,-322000000.0,-322000000.0,,-322000000.0,8055000000.0,12582000000.0,,188000000.0,,48000000.0,3575000000.0,8055000000.0,4527000000.0,417000000.0,4424000000.0,103000000.0,-417000000.0,-314000000.0,12582000000.0,,308300000.0,308300000.0
J C Penney Company Inc,JCP,,1166126,2016.0,Q2,2016-05-01,2016-07-30,2017-08-30 16:14:54+00:00,-0.18,-0.18,,153000000.0,-0.18,5000000.0,-56000000.0,-56000000.0,,-56000000.0,1834000000.0,2918000000.0,,-7000000.0,,9000000.0,853000000.0,1834000000.0,1084000000.0,127000000.0,1008000000.0,76000000.0,-127000000.0,-51000000.0,2918000000.0,311100000.0,308000000.0,308000000.0
J C Penney Company Inc,JCP,,1166126,2016.0,Q2YTD,2016-01-31,2016-07-30,,-0.4,-0.4,,307000000.0,-0.4,4000000.0,-124000000.0,-124000000.0,,-124000000.0,3627000000.0,5729000000.0,,-43000000.0,,15000000.0,1725000000.0,3627000000.0,2102000000.0,218000000.0,2004000000.0,98000000.0,-218000000.0,-120000000.0,5729000000.0,311100000.0,308000000.0,308000000.0
J C Penney Company Inc,JCP,,1166126,2016.0,Q2TTM,2015-08-02,2016-07-30,,-1.63,-1.21,,616000000.0,-1.21,2000000.0,-370000000.0,-370000000.0,,-370000000.0,8075000000.0,12622000000.0,,173000000.0,,60000000.0,3634000000.0,8075000000.0,4547000000.0,432000000.0,4483000000.0,64000000.0,-432000000.0,-368000000.0,12622000000.0,311100000.0,308000000.0,308000000.0
J C Penney Company Inc,JCP,,1166126,2016.0,Q1,2016-01-31,2016-04-30,2017-06-07 16:42:08+00:00,-0.22,-0.22,,154000000.0,-0.22,-1000000.0,-68000000.0,-68000000.0,,-68000000.0,1793000000.0,2811000000.0,,-36000000.0,,6000000.0,872000000.0,1793000000.0,1018000000.0,91000000.0,996000000.0,22000000.0,-91000000.0,-69000000.0,2811000000.0,309100000.0,307200000.0,307200000.0
J C Penney Company Inc,JCP,,1166126,2016.0,Q1TTM,2015-05-03,2016-04-30,,-1.9,-1.41,,616000000.0,-1.41,2000000.0,-431000000.0,-431000000.0,,-431000000.0,8051000000.0,12579000000.0,,183000000.0,,68000000.0,3682000000.0,8051000000.0,4528000000.0,408000000.0,4549000000.0,-21000000.0,-408000000.0,-429000000.0,12579000000.0,309100000.0,307200000.0,307200000.0
J C Penney Company Inc,JCP,,1166126,2017.0,FY,2017-01-29,2018-02-03,2020-03-20 08:08:49+00:00,-0.38,-0.38,,570000000.0,-0.38,-126000000.0,-118000000.0,-118000000.0,,-118000000.0,8208000000.0,12873000000.0,-98000000.0,-146000000.0,,184000000.0,3845000000.0,8208000000.0,4665000000.0,358000000.0,4453000000.0,212000000.0,-456000000.0,-244000000.0,12873000000.0,310500000.0,311100000.0,311100000.0
J C Penney Company Inc,JCP,,1166126,2017.0,Q4,2017-10-29,2018-02-03,,0.81,0.77,,150000000.0,0.77,-86000000.0,242000000.0,242000000.0,,242000000.0,2692000000.0,4135000000.0,-8000000.0,-11000000.0,,9000000.0,1052000000.0,2692000000.0,1443000000.0,79000000.0,1200000000.0,243000000.0,-87000000.0,156000000.0,4135000000.0,310500000.0,311100000.0,311100000.0
J C Penney Company Inc,JCP,,1166126,2017.0,Q3,2017-07-30,2017-10-28,2018-11-28 16:29:16+00:00,-0.41,-0.4,,131000000.0,-0.4,-29000000.0,-125000000.0,-125000000.0,,-125000000.0,1859000000.0,2886000000.0,2000000.0,2000000.0,,52000000.0,920000000.0,1859000000.0,1027000000.0,78000000.0,1105000000.0,-78000000.0,-76000000.0,-154000000.0,2886000000.0,304900000.0,311600000.0,311600000.0
J C Penney Company Inc,JCP,,1166126,2017.0,Q3YTD,2017-01-29,2017-10-28,,-1.19,-1.15,,420000000.0,-1.15,-40000000.0,-360000000.0,-360000000.0,,-360000000.0,5516000000.0,8738000000.0,-90000000.0,-135000000.0,,175000000.0,2793000000.0,5516000000.0,3222000000.0,279000000.0,3253000000.0,-31000000.0,-369000000.0,-400000000.0,8738000000.0,304900000.0,311600000.0,311600000.0
J C Penney Company Inc,JCP,,1166126,2017.0,Q3TTM,2016-10-30,2017-10-28,,-0.85,-0.59,,573000000.0,-0.59,-46000000.0,-186000000.0,-186000000.0,,-186000000.0,8191000000.0,13070000000.0,-37000000.0,-203000000.0,,184000000.0,4153000000.0,8191000000.0,4879000000.0,367000000.0,4707000000.0,172000000.0,-404000000.0,-232000000.0,13070000000.0,304900000.0,311600000.0,311600000.0
J C Penney Company Inc,JCP,,1166126,2017.0,Q2,2017-04-30,2017-07-29,2018-09-05 16:29:30+00:00,-0.2,-0.15,,144000000.0,-0.15,1000000.0,-48000000.0,-48000000.0,,-48000000.0,1932000000.0,3068000000.0,14000000.0,-19000000.0,,23000000.0,935000000.0,1932000000.0,1136000000.0,114000000.0,1083000000.0,53000000.0,-100000000.0,-47000000.0,3068000000.0,240000000.0,310800000.0,310800000.0
J C Penney Company Inc,JCP,,1166126,2017.0,Q2YTD,2017-01-29,2017-07-29,,-0.78,-0.75,,289000000.0,-0.75,-11000000.0,-235000000.0,-235000000.0,,-235000000.0,3657000000.0,5852000000.0,-92000000.0,-137000000.0,,123000000.0,1873000000.0,3657000000.0,2195000000.0,201000000.0,2148000000.0,47000000.0,-293000000.0,-246000000.0,5852000000.0,240000000.0,310800000.0,310800000.0
J C Penney Company Inc,JCP,,1166126,2017.0,Q2TTM,2016-07-31,2017-07-29,,-0.44,-0.41,,591000000.0,-0.41,-14000000.0,-128000000.0,-128000000.0,,-128000000.0,8127000000.0,13041000000.0,-39000000.0,-205000000.0,,134000000.0,4121000000.0,8127000000.0,4914000000.0,376000000.0,4641000000.0,273000000.0,-415000000.0,-142000000.0,13041000000.0,240000000.0,310800000.0,310800000.0
J C Penney Company Inc,JCP,,1166126,2017.0,Q1,2017-01-29,2017-04-29,2018-05-30 16:46:13+00:00,-0.58,-0.6,,145000000.0,-0.6,-12000000.0,-187000000.0,-187000000.0,,-187000000.0,1725000000.0,2784000000.0,-106000000.0,-118000000.0,,100000000.0,938000000.0,1725000000.0,1059000000.0,87000000.0,1065000000.0,-6000000.0,-193000000.0,-199000000.0,2784000000.0,322400000.0,309600000.0,309600000.0
J C Penney Company Inc,JCP,,1166126,2017.0,Q1TTM,2016-05-01,2017-04-29,,-0.42,-0.44,,600000000.0,-0.44,-10000000.0,-136000000.0,-136000000.0,,-136000000.0,8029000000.0,12891000000.0,-53000000.0,-193000000.0,,120000000.0,4039000000.0,8029000000.0,4862000000.0,389000000.0,4566000000.0,296000000.0,-442000000.0,-146000000.0,12891000000.0,322400000.0,309600000.0,309600000.0
J C Penney Company Inc,JCP,,1166126,2018.0,FY,2018-02-04,2019-02-02,2020-03-20 08:08:49+00:00,-0.81,-0.81,,556000000.0,-0.81,-16000000.0,-255000000.0,-255000000.0,,-255000000.0,7870000000.0,12019000000.0,71000000.0,-19000000.0,,22000000.0,3596000000.0,7870000000.0,4149000000.0,336000000.0,4155000000.0,-6000000.0,-265000000.0,-271000000.0,12019000000.0,314800000.0,315700000.0,315700000.0
J C Penney Company Inc,JCP,,1166126,2018.0,Q4,2018-11-04,2019-02-02,,0.24,0.24,,137000000.0,0.24,-12000000.0,75000000.0,75000000.0,,75000000.0,2519000000.0,3786000000.0,14000000.0,-6000000.0,,2000000.0,1007000000.0,2519000000.0,1267000000.0,78000000.0,1140000000.0,127000000.0,-64000000.0,63000000.0,3786000000.0,314800000.0,315700000.0,315700000.0
J C Penney Company Inc,JCP,,1166126,2018.0,Q3,2018-08-05,2018-11-03,2019-12-04 16:30:46+00:00,-0.48,-0.48,,138000000.0,-0.48,-8000000.0,-151000000.0,-151000000.0,,-151000000.0,1808000000.0,2733000000.0,19000000.0,-7000000.0,,11000000.0,883000000.0,1808000000.0,925000000.0,78000000.0,1025000000.0,-100000000.0,-59000000.0,-159000000.0,2733000000.0,314600000.0,316300000.0,316300000.0
J C Penney Company Inc,JCP,,1166126,2018.0,Q3YTD,2018-02-04,2018-11-03,,-1.05,-1.05,,419000000.0,-1.05,-4000000.0,-330000000.0,-330000000.0,,-330000000.0,5351000000.0,8233000000.0,57000000.0,-13000000.0,,20000000.0,2589000000.0,5351000000.0,2882000000.0,258000000.0,3015000000.0,-133000000.0,-201000000.0,-334000000.0,8233000000.0,314600000.0,316300000.0,316300000.0
J C Penney Company Inc,JCP,,1166126,2018.0,Q3TTM,2017-10-29,2018-11-03,,-0.24,-0.28,,569000000.0,-0.28,-90000000.0,-88000000.0,-88000000.0,,-88000000.0,8043000000.0,12368000000.0,49000000.0,-24000000.0,,29000000.0,3641000000.0,8043000000.0,4325000000.0,337000000.0,4215000000.0,110000000.0,-288000000.0,-178000000.0,12368000000.0,314600000.0,316300000.0,316300000.0
J C Penney Company Inc,JCP,,1166126,2018.0,Q2,2018-05-06,2018-08-04,2019-08-28 16:57:27+00:00,-0.32,-0.32,,140000000.0,-0.32,5000000.0,-101000000.0,-101000000.0,,-101000000.0,1831000000.0,2829000000.0,19000000.0,12000000.0,,2000000.0,880000000.0,1831000000.0,998000000.0,79000000.0,1034000000.0,-36000000.0,-60000000.0,-96000000.0,2829000000.0,315600000.0,315700000.0,315700000.0
J C Penney Company Inc,JCP,,1166126,2018.0,Q2YTD,2018-02-04,2018-08-04,,-0.57,-0.57,,281000000.0,-0.57,4000000.0,-179000000.0,-179000000.0,,-179000000.0,3543000000.0,5500000000.0,38000000.0,-6000000.0,,9000000.0,1706000000.0,3543000000.0,1957000000.0,180000000.0,1990000000.0,-33000000.0,-142000000.0,-175000000.0,5500000000.0,315600000.0,315700000.0,315700000.0
J C Penney Company Inc,JCP,,1166126,2018.0,Q2TTM,2017-07-30,2018-08-04,,-0.17,-0.2,,562000000.0,-0.2,-111000000.0,-62000000.0,-62000000.0,,-62000000.0,8094000000.0,12521000000.0,32000000.0,-15000000.0,,70000000.0,3678000000.0,8094000000.0,4427000000.0,337000000.0,4295000000.0,132000000.0,-305000000.0,-173000000.0,12521000000.0,315600000.0,315700000.0,315700000.0
J C Penney Company Inc,JCP,,1166126,2018.0,Q1,2018-02-04,2018-05-05,2019-05-29 16:31:20+00:00,-0.25,-0.25,,141000000.0,-0.25,-1000000.0,-78000000.0,-78000000.0,,-78000000.0,1712000000.0,2671000000.0,19000000.0,-18000000.0,,7000000.0,826000000.0,1712000000.0,959000000.0,101000000.0,956000000.0,3000000.0,-82000000.0,-79000000.0,2671000000.0,312000000.0,313900000.0,313900000.0
J C Penney Company Inc,JCP,,1166126,2018.0,Q1TTM,2017-04-30,2018-05-05,,-0.05,-0.03,,566000000.0,-0.03,-115000000.0,-9000000.0,-9000000.0,,-9000000.0,8195000000.0,12760000000.0,27000000.0,-46000000.0,,91000000.0,3733000000.0,8195000000.0,4565000000.0,372000000.0,4344000000.0,221000000.0,-345000000.0,-124000000.0,12760000000.0,312000000.0,313900000.0,313900000.0
J C Penney Company Inc,JCP,,1166126,2019.0,Q4,2019-11-03,2020-02-01,,-0.4,0.08,,129000000.0,0.08,-2000000.0,27000000.0,27000000.0,,27000000.0,2257000000.0,3493000000.0,-4000000.0,-12000000.0,,12000000.0,1005000000.0,2257000000.0,1236000000.0,73000000.0,1134000000.0,102000000.0,-77000000.0,25000000.0,3493000000.0,319000000.0,320200000.0,320200000.0
J C Penney Company Inc,JCP,,1166126,2019.0,FY,2019-02-03,2020-02-01,2020-03-20 08:08:49+00:00,-0.84,-0.84,,544000000.0,-0.84,3000000.0,-268000000.0,-268000000.0,,-268000000.0,7013000000.0,11167000000.0,35000000.0,-15000000.0,,48000000.0,3585000000.0,7013000000.0,4154000000.0,292000000.0,4162000000.0,-8000000.0,-257000000.0,-265000000.0,11167000000.0,319000000.0,320200000.0,320200000.0
J C Penney Company Inc,JCP,,1166126,2019.0,Q3YTD,2019-02-03,2019-11-02,,-0.44,-0.92,,415000000.0,-0.92,5000000.0,-295000000.0,-295000000.0,,-295000000.0,4756000000.0,7674000000.0,39000000.0,-3000000.0,,36000000.0,2580000000.0,4756000000.0,2918000000.0,219000000.0,3028000000.0,-110000000.0,-180000000.0,-290000000.0,7674000000.0,320700000.0,320900000.0,320900000.0
J C Penney Company Inc,JCP,,1166126,2019.0,Q3TTM,2018-11-04,2019-11-02,,-0.2,-0.68,,552000000.0,-0.68,-7000000.0,-220000000.0,-220000000.0,,-220000000.0,7275000000.0,11460000000.0,53000000.0,-9000000.0,,38000000.0,3587000000.0,7275000000.0,4185000000.0,297000000.0,4168000000.0,17000000.0,-244000000.0,-227000000.0,11460000000.0,320700000.0,320900000.0,320900000.0
J C Penney Company Inc,JCP,,1166126,2019.0,Q3,2019-08-04,2019-11-02,2019-12-04 16:30:46+00:00,-0.29,-0.29,,131000000.0,-0.29,-1000000.0,-93000000.0,-93000000.0,,-93000000.0,1541000000.0,2500000000.0,13000000.0,-1000000.0,,9000000.0,854000000.0,1541000000.0,959000000.0,73000000.0,993000000.0,-34000000.0,-60000000.0,-94000000.0,2500000000.0,320700000.0,320900000.0,320900000.0
J C Penney Company Inc,JCP,,1166126,2019.0,Q2YTD,2019-02-03,2019-08-03,,-0.15,-0.63,,284000000.0,-0.63,6000000.0,-202000000.0,-202000000.0,,-202000000.0,3215000000.0,5174000000.0,26000000.0,-2000000.0,,27000000.0,1726000000.0,3215000000.0,1959000000.0,146000000.0,2035000000.0,-76000000.0,-120000000.0,-196000000.0,5174000000.0,320000000.0,319400000.0,319400000.0
J C Penney Company Inc,JCP,,1166126,2019.0,Q2TTM,2018-08-05,2019-08-03,,-0.39,-0.87,,559000000.0,-0.87,-14000000.0,-278000000.0,-278000000.0,,-278000000.0,7542000000.0,11693000000.0,59000000.0,-15000000.0,,40000000.0,3616000000.0,7542000000.0,4151000000.0,302000000.0,4200000000.0,-49000000.0,-243000000.0,-292000000.0,11693000000.0,320000000.0,319400000.0,319400000.0
J C Penney Company Inc,JCP,,1166126,2019.0,Q2,2019-05-05,2019-08-03,2019-08-28 16:57:27+00:00,-0.15,-0.15,,137000000.0,-0.15,5000000.0,-48000000.0,-48000000.0,,-48000000.0,1585000000.0,2619000000.0,13000000.0,3000000.0,,7000000.0,870000000.0,1585000000.0,1034000000.0,73000000.0,1017000000.0,17000000.0,-60000000.0,-43000000.0,2619000000.0,320000000.0,319400000.0,319400000.0
J C Penney Company Inc,JCP,,1166126,2019.0,Q1,2019-02-03,2019-05-04,2020-07-21 16:24:31+00:00,,-0.48,,147000000.0,-0.48,1000000.0,-154000000.0,-154000000.0,,-154000000.0,1630000000.0,2555000000.0,13000000.0,-5000000.0,,20000000.0,856000000.0,1630000000.0,925000000.0,73000000.0,1018000000.0,-93000000.0,-60000000.0,-153000000.0,2555000000.0,,317700000.0,317700000.0
J C Penney Company Inc,JCP,,1166126,2019.0,Q1TTM,2018-05-06,2019-05-04,,-0.56,-1.04,,562000000.0,-1.04,-14000000.0,-331000000.0,-331000000.0,,-331000000.0,7788000000.0,11903000000.0,65000000.0,-6000000.0,,35000000.0,3626000000.0,7788000000.0,4115000000.0,308000000.0,4217000000.0,-102000000.0,-243000000.0,-345000000.0,11903000000.0,,317700000.0,317700000.0
J C Penney Company Inc,JCP,,1166126,2020.0,Q1TTM,2019-05-05,2020-05-02,,-0.84,-2.05,,532000000.0,-2.05,-58000000.0,-660000000.0,-660000000.0,,-660000000.0,6196000000.0,9808000000.0,-32000000.0,-12000000.0,,183000000.0,3301000000.0,6196000000.0,3612000000.0,294000000.0,4004000000.0,-392000000.0,-326000000.0,-718000000.0,9808000000.0,,323700000.0,323700000.0
J C Penney Company Inc,JCP,,1166126,2020.0,Q1,2020-02-02,2020-05-02,2020-07-21 16:24:31+00:00,,-1.69,,135000000.0,-1.69,-60000000.0,-546000000.0,-546000000.0,,-546000000.0,813000000.0,1196000000.0,-54000000.0,-2000000.0,,155000000.0,572000000.0,813000000.0,383000000.0,75000000.0,860000000.0,-477000000.0,-129000000.0,-606000000.0,1196000000.0,,323700000.0,323700000.0
