company_name,company_ticker,company_lei,company_cik,year,quarter,start_date,end_date,filing_date,basicdilutedeps,basiceps,cashdividendspershare,depreciationexpense,dilutedeps,incometaxexpense,netincome,netincomecontinuing,netincometocommon,operatingcostofrevenue,operatingrevenue,othercostofrevenue,otherincome,otherspecialcharges,rdexpense,sgaexpense,totalcostofrevenue,totalgrossprofit,totalinterestexpense,totalinterestincome,totaloperatingexpenses,totaloperatingincome,totalotherincome,totalpretaxincome,totalrevenue,weightedavebasicdilutedsharesos,weightedavebasicsharesos,weightedavedilutedsharesos
PACCAR Inc,PCAR,KDTEY8BWE486IKZ3CC07,75362,2007.0,FY,2007-01-01,2007-12-31,2010-02-26 14:58:49+00:00,3.31,3.31,1.65,364100000.0,3.29,537000000.0,1227300000.0,1227300000.0,1227300000.0,11917300000.0,15221700000.0,41000000.0,18600000.0,0.0,255500000.0,602300000.0,11958300000.0,3263400000.0,391200000.0,95400000.0,1221900000.0,2041500000.0,-277200000.0,1764300000.0,15221700000.0,370800000.0,371100000.0,373300000.0
PACCAR Inc,PCAR,KDTEY8BWE486IKZ3CC07,75362,2008.0,FY,2008-01-01,2008-12-31,2011-03-01 13:49:29+00:00,2.79,2.79,,441500000.0,2.78,446100000.0,1017900000.0,1017900000.0,1017900000.0,11736900000.0,14972500000.0,99200000.0,1800000.0,0.0,341800000.0,581400000.0,11836100000.0,3136400000.0,394100000.0,84600000.0,1364700000.0,1771700000.0,-307700000.0,1464000000.0,14972500000.0,364800000.0,364200000.0,365900000.0
PACCAR Inc,PCAR,KDTEY8BWE486IKZ3CC07,75362,2008.0,Q3,2008-07-01,2008-09-30,2009-11-05 14:05:32+00:00,0.82,0.82,0.18,113100000.0,0.82,129600000.0,299000000.0,299000000.0,299000000.0,3113500000.0,4004900000.0,34200000.0,-300000.0,,88100000.0,147200000.0,3147700000.0,857200000.0,102100000.0,22200000.0,348400000.0,508800000.0,-80200000.0,428600000.0,4004900000.0,364600000.0,363000000.0,364800000.0
PACCAR Inc,PCAR,KDTEY8BWE486IKZ3CC07,75362,2008.0,Q2,2008-04-01,2008-06-30,2009-08-28 11:47:25+00:00,0.86,0.86,0.18,112500000.0,0.86,132500000.0,313500000.0,313500000.0,313500000.0,3202200000.0,4112500000.0,24400000.0,3100000.0,,90700000.0,157500000.0,3226600000.0,885900000.0,104900000.0,22600000.0,360700000.0,525200000.0,-79200000.0,446000000.0,4112500000.0,364500000.0,364500000.0,366500000.0
PACCAR Inc,PCAR,KDTEY8BWE486IKZ3CC07,75362,2009.0,FY,2009-01-01,2009-12-31,2012-02-29 06:12:25+00:00,0.31,0.31,,456100000.0,0.31,63100000.0,111900000.0,111900000.0,111900000.0,6483400000.0,8086500000.0,90800000.0,-43600000.0,-66000000.0,199200000.0,434900000.0,6574200000.0,1512300000.0,291800000.0,22300000.0,1024200000.0,488100000.0,-313100000.0,175000000.0,8086500000.0,361000000.0,363800000.0,364900000.0
PACCAR Inc,PCAR,KDTEY8BWE486IKZ3CC07,75362,2009.0,Q4,2009-10-01,2009-12-31,,0.13,0.13,0.09,125600000.0,0.13,47600000.0,46100000.0,46100000.0,46100000.0,1783000000.0,2240400000.0,10100000.0,-4800000.0,,50700000.0,116200000.0,1793100000.0,447300000.0,60800000.0,4500000.0,292500000.0,154800000.0,-61100000.0,93700000.0,2240400000.0,361000000.0,363800000.0,364900000.0
PACCAR Inc,PCAR,KDTEY8BWE486IKZ3CC07,75362,2009.0,Q3YTD,2009-01-01,2009-09-30,,0.18,0.18,0.55,330500000.0,0.18,15500000.0,65800000.0,65800000.0,65800000.0,4700400000.0,5846100000.0,80700000.0,-38800000.0,-66000000.0,148500000.0,318700000.0,4781100000.0,1065000000.0,231000000.0,17800000.0,731700000.0,333300000.0,-252000000.0,81300000.0,5846100000.0,325000000.0,363800000.0,365000000.0
PACCAR Inc,PCAR,KDTEY8BWE486IKZ3CC07,75362,2009.0,Q3,2009-07-01,2009-09-30,2010-11-08 13:50:45+00:00,0.04,0.04,0.09,120000000.0,0.04,3800000.0,13000000.0,13000000.0,13000000.0,1646500000.0,2011000000.0,26600000.0,-5700000.0,-18300000.0,43400000.0,108500000.0,1673100000.0,337900000.0,66700000.0,4900000.0,253600000.0,84300000.0,-67500000.0,16800000.0,2011000000.0,325000000.0,363800000.0,365000000.0
PACCAR Inc,PCAR,KDTEY8BWE486IKZ3CC07,75362,2009.0,Q2YTD,2009-01-01,2009-06-30,,0.15,0.15,0.46,210500000.0,0.15,11700000.0,52800000.0,52800000.0,52800000.0,3053900000.0,3835100000.0,54100000.0,-33100000.0,-47700000.0,105100000.0,210200000.0,3108000000.0,727100000.0,164300000.0,12900000.0,478100000.0,249000000.0,-184500000.0,64500000.0,3835100000.0,378600000.0,363400000.0,364400000.0
PACCAR Inc,PCAR,KDTEY8BWE486IKZ3CC07,75362,2009.0,Q2,2009-04-01,2009-06-30,2010-08-06 16:12:30+00:00,0.07,0.07,0.18,107600000.0,0.07,1400000.0,26500000.0,26500000.0,26500000.0,1492800000.0,1848900000.0,29100000.0,-17800000.0,-47700000.0,52800000.0,100500000.0,1521900000.0,327000000.0,73000000.0,4900000.0,213200000.0,113800000.0,-85900000.0,27900000.0,1848900000.0,378600000.0,363400000.0,364400000.0
PACCAR Inc,PCAR,KDTEY8BWE486IKZ3CC07,75362,2009.0,Q1,2009-01-01,2009-03-31,2010-05-05 12:25:44+00:00,0.07,0.07,0.18,102900000.0,0.07,10300000.0,26300000.0,26300000.0,26300000.0,1561100000.0,1986200000.0,25000000.0,-15300000.0,,52300000.0,109700000.0,1586100000.0,400100000.0,91300000.0,8000000.0,264900000.0,135200000.0,-98600000.0,36600000.0,1986200000.0,375700000.0,363100000.0,364000000.0
PACCAR Inc,PCAR,KDTEY8BWE486IKZ3CC07,75362,2010.0,FY,2010-01-01,2010-12-31,2012-02-29 06:12:25+00:00,1.25,1.25,,451600000.0,1.25,202700000.0,457600000.0,457600000.0,457600000.0,8198800000.0,967800000.0,61000000.0,9315800000.0,0.0,238500000.0,481500000.0,8259800000.0,-7292000000.0,213000000.0,21100000.0,1171600000.0,-8463600000.0,9123900000.0,660300000.0,967800000.0,366100000.0,365000000.0,366200000.0
PACCAR Inc,PCAR,KDTEY8BWE486IKZ3CC07,75362,2010.0,Q4,2010-10-01,2010-12-31,,0.46,0.46,-0.27,109200000.0,0.46,69100000.0,169800000.0,169800000.0,169800000.0,2456900000.0,-6269500000.0,12300000.0,9324900000.0,,65400000.0,129900000.0,2469200000.0,-8738700000.0,49600000.0,6800000.0,304500000.0,-9043200000.0,9282100000.0,238900000.0,-6269500000.0,366100000.0,365000000.0,366200000.0
PACCAR Inc,PCAR,KDTEY8BWE486IKZ3CC07,75362,2010.0,Q3YTD,2010-01-01,2010-09-30,,0.79,0.79,0.27,342400000.0,0.79,133600000.0,287800000.0,287800000.0,287800000.0,5741900000.0,7237300000.0,48700000.0,-9100000.0,,173100000.0,351600000.0,5790600000.0,1446700000.0,163400000.0,14300000.0,867100000.0,579600000.0,-158200000.0,421400000.0,7237300000.0,363300000.0,364900000.0,366100000.0
PACCAR Inc,PCAR,KDTEY8BWE486IKZ3CC07,75362,2010.0,Q3TTM,2009-10-01,2010-09-30,,0.92,0.92,0.36,468000000.0,0.92,181200000.0,333900000.0,333900000.0,333900000.0,7524900000.0,9477700000.0,58800000.0,-13900000.0,,223800000.0,467800000.0,7583700000.0,1894000000.0,224200000.0,18800000.0,1159600000.0,734400000.0,-219300000.0,515100000.0,9477700000.0,363300000.0,364900000.0,366100000.0
PACCAR Inc,PCAR,KDTEY8BWE486IKZ3CC07,75362,2010.0,Q3,2010-07-01,2010-09-30,2011-11-07 16:27:23+00:00,0.33,0.33,0.09,110200000.0,0.33,56900000.0,119900000.0,119900000.0,119900000.0,2019200000.0,2542500000.0,12900000.0,-1000000.0,,59900000.0,116200000.0,2032100000.0,510400000.0,51800000.0,5500000.0,286300000.0,224100000.0,-47300000.0,176800000.0,2542500000.0,363300000.0,364900000.0,366100000.0
PACCAR Inc,PCAR,KDTEY8BWE486IKZ3CC07,75362,2010.0,Q2YTD,2010-01-01,2010-06-30,,0.46,0.46,0.18,232200000.0,0.46,76700000.0,167900000.0,167900000.0,167900000.0,3722700000.0,4694800000.0,35800000.0,-8100000.0,,113200000.0,235400000.0,3758500000.0,936300000.0,111600000.0,8800000.0,580800000.0,355500000.0,-110900000.0,244600000.0,4694800000.0,368900000.0,364900000.0,366000000.0
PACCAR Inc,PCAR,KDTEY8BWE486IKZ3CC07,75362,2010.0,Q2TTM,2009-07-01,2010-06-30,,0.62,0.62,0.36,477800000.0,0.62,128100000.0,227000000.0,227000000.0,227000000.0,7152200000.0,8946200000.0,72500000.0,-18600000.0,-18300000.0,207300000.0,460100000.0,7224700000.0,1721500000.0,239100000.0,18200000.0,1126900000.0,594600000.0,-239500000.0,355100000.0,8946200000.0,368900000.0,364900000.0,366000000.0
PACCAR Inc,PCAR,KDTEY8BWE486IKZ3CC07,75362,2010.0,Q2,2010-04-01,2010-06-30,2011-08-08 16:34:37+00:00,0.27,0.27,0.09,110900000.0,0.27,49000000.0,99600000.0,99600000.0,99600000.0,1954900000.0,2464100000.0,17400000.0,-3900000.0,,58400000.0,119800000.0,1972300000.0,491800000.0,54500000.0,4300000.0,289100000.0,202700000.0,-54100000.0,148600000.0,2464100000.0,368900000.0,364900000.0,366000000.0
PACCAR Inc,PCAR,KDTEY8BWE486IKZ3CC07,75362,2010.0,Q1TTM,2009-04-01,2010-03-31,,0.42,0.42,0.45,474500000.0,0.42,80500000.0,153900000.0,153900000.0,153900000.0,6690100000.0,8331000000.0,84200000.0,-32500000.0,-66000000.0,201700000.0,440800000.0,6774300000.0,1556700000.0,257600000.0,18800000.0,1051000000.0,505700000.0,-271300000.0,234400000.0,8331000000.0,359500000.0,364600000.0,365700000.0
PACCAR Inc,PCAR,KDTEY8BWE486IKZ3CC07,75362,2010.0,Q1,2010-01-01,2010-03-31,2011-05-06 12:03:04+00:00,0.19,0.19,0.09,121300000.0,0.19,27700000.0,68300000.0,68300000.0,68300000.0,1767800000.0,2230700000.0,18400000.0,-4200000.0,,54800000.0,115600000.0,1786200000.0,444500000.0,57100000.0,4500000.0,291700000.0,152800000.0,-56800000.0,96000000.0,2230700000.0,359500000.0,364600000.0,365700000.0
PACCAR Inc,PCAR,KDTEY8BWE486IKZ3CC07,75362,2011.0,FY,2011-01-01,2011-12-31,2014-02-27 16:27:31+00:00,2.87,2.87,,476200000.0,2.86,464600000.0,1042300000.0,1042300000.0,1042300000.0,13341800000.0,16355200000.0,41400000.0,-10700000.0,,288200000.0,546900000.0,13383200000.0,2972000000.0,181300000.0,38200000.0,1311300000.0,1660700000.0,-153800000.0,1506900000.0,16355200000.0,363200000.0,363300000.0,364400000.0
PACCAR Inc,PCAR,KDTEY8BWE486IKZ3CC07,75362,2011.0,Q4,2011-10-01,2011-12-31,,0.9,0.9,-0.42,123300000.0,0.91,145000000.0,327700000.0,327700000.0,327700000.0,3994400000.0,4853800000.0,9200000.0,-3600000.0,,72300000.0,143500000.0,4003600000.0,850200000.0,44100000.0,9300000.0,339100000.0,511100000.0,-38400000.0,472700000.0,4853800000.0,363200000.0,363300000.0,364400000.0
PACCAR Inc,PCAR,KDTEY8BWE486IKZ3CC07,75362,2011.0,Q3YTD,2011-01-01,2011-09-30,,1.97,1.97,0.42,352900000.0,1.95,319600000.0,714600000.0,714600000.0,714600000.0,9347400000.0,11501400000.0,32200000.0,-7100000.0,,215900000.0,403400000.0,9379600000.0,2121800000.0,137200000.0,28900000.0,972200000.0,1149600000.0,-115400000.0,1034200000.0,11501400000.0,361000000.0,363300000.0,364200000.0
PACCAR Inc,PCAR,KDTEY8BWE486IKZ3CC07,75362,2011.0,Q3TTM,2010-10-01,2011-09-30,,2.43,2.43,0.15,462100000.0,2.41,388700000.0,884400000.0,884400000.0,884400000.0,11804300000.0,5231900000.0,44500000.0,9317800000.0,,281300000.0,533300000.0,11848800000.0,-6616900000.0,186800000.0,35700000.0,1276700000.0,-7893600000.0,9166700000.0,1273100000.0,5231900000.0,361000000.0,363300000.0,364200000.0
PACCAR Inc,PCAR,KDTEY8BWE486IKZ3CC07,75362,2011.0,Q3,2011-07-01,2011-09-30,2012-11-07 16:21:28+00:00,0.78,0.78,0.18,123000000.0,0.77,113100000.0,281600000.0,281600000.0,281600000.0,3484000000.0,4257100000.0,10700000.0,-4000000.0,,70000000.0,137100000.0,3494700000.0,762400000.0,44600000.0,11000000.0,330100000.0,432300000.0,-37600000.0,394700000.0,4257100000.0,361000000.0,363300000.0,364200000.0
PACCAR Inc,PCAR,KDTEY8BWE486IKZ3CC07,75362,2011.0,Q2YTD,2011-01-01,2011-06-30,,1.19,1.19,0.24,229900000.0,1.18,206500000.0,433000000.0,433000000.0,433000000.0,5863400000.0,7244300000.0,21500000.0,-3100000.0,,145900000.0,266300000.0,5884900000.0,1359400000.0,92600000.0,17900000.0,642100000.0,717300000.0,-77800000.0,639500000.0,7244300000.0,363200000.0,365900000.0,367200000.0
PACCAR Inc,PCAR,KDTEY8BWE486IKZ3CC07,75362,2011.0,Q2TTM,2010-07-01,2011-06-30,,1.98,1.98,0.06,449300000.0,1.97,332500000.0,722700000.0,722700000.0,722700000.0,10339500000.0,3517300000.0,46700000.0,9320800000.0,,271200000.0,512400000.0,10386200000.0,-6868900000.0,194000000.0,30200000.0,1232900000.0,-8101800000.0,9157000000.0,1055200000.0,3517300000.0,363200000.0,365900000.0,367200000.0
PACCAR Inc,PCAR,KDTEY8BWE486IKZ3CC07,75362,2011.0,Q2,2011-04-01,2011-06-30,2012-08-08 16:56:17+00:00,0.66,0.66,0.12,119400000.0,0.65,113500000.0,239700000.0,239700000.0,239700000.0,3231100000.0,3960700000.0,11000000.0,900000.0,,77500000.0,133200000.0,3242100000.0,718600000.0,46100000.0,9900000.0,330100000.0,388500000.0,-35300000.0,353200000.0,3960700000.0,363200000.0,365900000.0,367200000.0
PACCAR Inc,PCAR,KDTEY8BWE486IKZ3CC07,75362,2011.0,Q1TTM,2010-04-01,2011-03-31,,1.59,1.59,0.03,440800000.0,1.59,268000000.0,582600000.0,582600000.0,582600000.0,9063300000.0,2020700000.0,53100000.0,9316000000.0,,252100000.0,499000000.0,9116400000.0,-7095700000.0,202400000.0,24600000.0,1191900000.0,-8287600000.0,9138200000.0,850600000.0,2020700000.0,364700000.0,365800000.0,367200000.0
PACCAR Inc,PCAR,KDTEY8BWE486IKZ3CC07,75362,2011.0,Q1,2011-01-01,2011-03-31,2012-05-10 14:23:52+00:00,0.53,0.53,0.12,110500000.0,0.53,93000000.0,193300000.0,193300000.0,193300000.0,2632300000.0,3283600000.0,10500000.0,-4000000.0,,68400000.0,133100000.0,2642800000.0,640800000.0,46500000.0,8000000.0,312000000.0,328800000.0,-42500000.0,286300000.0,3283600000.0,364700000.0,365800000.0,367200000.0
PACCAR Inc,PCAR,KDTEY8BWE486IKZ3CC07,75362,2012.0,FY,2012-01-01,2012-12-31,2015-02-26 16:20:55+00:00,3.13,3.13,,517400000.0,3.12,517300000.0,1111600000.0,1111600000.0,1111600000.0,13908300000.0,17050500000.0,20000000.0,300000.0,,279300000.0,571600000.0,13928300000.0,3122200000.0,158400000.0,33100000.0,1368300000.0,1753900000.0,-125000000.0,1628900000.0,17050500000.0,355100000.0,355100000.0,355800000.0
PACCAR Inc,PCAR,KDTEY8BWE486IKZ3CC07,75362,2012.0,Q4,2012-10-01,2012-12-31,,0.72,0.72,-0.58,149900000.0,0.72,104700000.0,253500000.0,253500000.0,253500000.0,3247400000.0,3997000000.0,4800000.0,100000.0,,66400000.0,138600000.0,3252200000.0,744800000.0,40000000.0,8200000.0,354900000.0,389900000.0,-31700000.0,358200000.0,3997000000.0,355100000.0,355100000.0,355800000.0
PACCAR Inc,PCAR,KDTEY8BWE486IKZ3CC07,75362,2012.0,Q3YTD,2012-01-01,2012-09-30,,2.41,2.41,0.58,367500000.0,2.4,412600000.0,858100000.0,858100000.0,858100000.0,10660900000.0,13053500000.0,15200000.0,200000.0,,212900000.0,433000000.0,10676100000.0,2377400000.0,118400000.0,24900000.0,1013400000.0,1364000000.0,-93300000.0,1270700000.0,13053500000.0,353900000.0,353700000.0,354300000.0
PACCAR Inc,PCAR,KDTEY8BWE486IKZ3CC07,75362,2012.0,Q3TTM,2011-10-01,2012-09-30,,3.31,3.31,0.16,490800000.0,3.31,557600000.0,1185800000.0,1185800000.0,1185800000.0,14655300000.0,17907300000.0,24400000.0,-3400000.0,,285200000.0,576500000.0,14679700000.0,3227600000.0,162500000.0,34200000.0,1352500000.0,1875100000.0,-131700000.0,1743400000.0,17907300000.0,353900000.0,353700000.0,354300000.0
PACCAR Inc,PCAR,KDTEY8BWE486IKZ3CC07,75362,2012.0,Q3,2012-07-01,2012-09-30,2013-11-07 16:38:39+00:00,0.66,0.66,0.2,127200000.0,0.66,111800000.0,233600000.0,233600000.0,233600000.0,3108500000.0,3820200000.0,2700000.0,-300000.0,,66800000.0,136500000.0,3111200000.0,709000000.0,40600000.0,7800000.0,330500000.0,378500000.0,-33100000.0,345400000.0,3820200000.0,353900000.0,353700000.0,354300000.0
PACCAR Inc,PCAR,KDTEY8BWE486IKZ3CC07,75362,2012.0,Q2YTD,2012-01-01,2012-06-30,,1.75,1.75,0.38,240300000.0,1.74,300800000.0,624500000.0,624500000.0,624500000.0,7552400000.0,9233300000.0,12500000.0,500000.0,,146100000.0,296500000.0,7564900000.0,1668400000.0,77800000.0,17100000.0,682900000.0,985500000.0,-60200000.0,925300000.0,9233300000.0,358100000.0,356000000.0,356800000.0
PACCAR Inc,PCAR,KDTEY8BWE486IKZ3CC07,75362,2012.0,Q2TTM,2011-07-01,2012-06-30,,3.43,3.43,0.14,486600000.0,3.42,558900000.0,1233800000.0,1233800000.0,1233800000.0,15030800000.0,18344200000.0,32400000.0,-7100000.0,,288400000.0,577100000.0,15063200000.0,3281000000.0,166500000.0,37400000.0,1352100000.0,1928900000.0,-136200000.0,1792700000.0,18344200000.0,358100000.0,356000000.0,356800000.0
PACCAR Inc,PCAR,KDTEY8BWE486IKZ3CC07,75362,2012.0,Q2,2012-04-01,2012-06-30,2013-08-07 16:12:33+00:00,0.83,0.83,0.2,121500000.0,0.83,149100000.0,297200000.0,297200000.0,297200000.0,3632500000.0,4457200000.0,5000000.0,-1600000.0,,73800000.0,146600000.0,3637500000.0,819700000.0,38100000.0,8200000.0,341900000.0,477800000.0,-31500000.0,446300000.0,4457200000.0,358100000.0,356000000.0,356800000.0
PACCAR Inc,PCAR,KDTEY8BWE486IKZ3CC07,75362,2012.0,Q1TTM,2011-04-01,2012-03-31,,3.26,3.26,0.06,484500000.0,3.24,523300000.0,1176300000.0,1176300000.0,1176300000.0,14629400000.0,17847700000.0,38400000.0,-4600000.0,,292100000.0,563700000.0,14667800000.0,3179900000.0,174500000.0,39100000.0,1340300000.0,1839600000.0,-140000000.0,1699600000.0,17847700000.0,355800000.0,357000000.0,357800000.0
PACCAR Inc,PCAR,KDTEY8BWE486IKZ3CC07,75362,2012.0,Q1,2012-01-01,2012-03-31,2013-05-08 16:16:31+00:00,0.92,0.92,0.18,118800000.0,0.91,151700000.0,327300000.0,327300000.0,327300000.0,3919900000.0,4776100000.0,7500000.0,2100000.0,,72300000.0,149900000.0,3927400000.0,848700000.0,39700000.0,8900000.0,341000000.0,507700000.0,-28700000.0,479000000.0,4776100000.0,355800000.0,357000000.0,357800000.0
PACCAR Inc,PCAR,KDTEY8BWE486IKZ3CC07,75362,2013.0,FY,2013-01-01,2013-12-31,2015-02-26 16:20:55+00:00,3.31,3.31,,571700000.0,3.3,523700000.0,1171300000.0,1171300000.0,1171300000.0,13900700000.0,17123800000.0,12900000.0,-5300000.0,,251400000.0,559500000.0,13913600000.0,3210200000.0,155900000.0,28600000.0,1382600000.0,1827600000.0,-132600000.0,1695000000.0,17123800000.0,353900000.0,354200000.0,355200000.0
PACCAR Inc,PCAR,KDTEY8BWE486IKZ3CC07,75362,2013.0,Q4,2013-10-01,2013-12-31,,0.95,0.95,-0.6,148500000.0,0.94,150700000.0,334200000.0,334200000.0,334200000.0,3725700000.0,4598900000.0,-2500000.0,-900000.0,,60900000.0,147600000.0,3723200000.0,875700000.0,39700000.0,6800000.0,357000000.0,518700000.0,-33800000.0,484900000.0,4598900000.0,353900000.0,354200000.0,355200000.0
PACCAR Inc,PCAR,KDTEY8BWE486IKZ3CC07,75362,2013.0,Q3,2013-07-01,2013-09-30,2014-11-06 16:16:32+00:00,0.87,0.87,0.2,140200000.0,0.87,130600000.0,309400000.0,309400000.0,309400000.0,3491100000.0,4300100000.0,3600000.0,-3300000.0,,56600000.0,134700000.0,3494700000.0,805400000.0,37900000.0,7300000.0,331500000.0,473900000.0,-33900000.0,440000000.0,4300100000.0,355600000.0,354400000.0,355400000.0
PACCAR Inc,PCAR,KDTEY8BWE486IKZ3CC07,75362,2013.0,Q3YTD,2013-01-01,2013-09-30,,2.36,2.36,0.6,423200000.0,2.36,373000000.0,837100000.0,837100000.0,837100000.0,10175000000.0,12524900000.0,15400000.0,-4400000.0,,190500000.0,411900000.0,10190400000.0,2334500000.0,116200000.0,21800000.0,1025600000.0,1308900000.0,-98800000.0,1210100000.0,12524900000.0,355600000.0,354400000.0,355400000.0
PACCAR Inc,PCAR,KDTEY8BWE486IKZ3CC07,75362,2013.0,Q3TTM,2012-10-01,2013-09-30,,3.08,3.08,0.02,573100000.0,3.08,477700000.0,1090600000.0,1090600000.0,1090600000.0,13422400000.0,16521900000.0,20200000.0,-4300000.0,,256900000.0,550500000.0,13442600000.0,3079300000.0,156200000.0,30000000.0,1380500000.0,1698800000.0,-130500000.0,1568300000.0,16521900000.0,355600000.0,354400000.0,355400000.0
PACCAR Inc,PCAR,KDTEY8BWE486IKZ3CC07,75362,2013.0,Q2YTD,2013-01-01,2013-06-30,,1.49,1.49,0.4,283000000.0,1.49,242400000.0,527700000.0,527700000.0,527700000.0,6683900000.0,8224800000.0,11800000.0,-1100000.0,,133900000.0,277200000.0,6695700000.0,1529100000.0,78300000.0,14500000.0,694100000.0,835000000.0,-64900000.0,770100000.0,8224800000.0,355600000.0,354100000.0,355000000.0
PACCAR Inc,PCAR,KDTEY8BWE486IKZ3CC07,75362,2013.0,Q2TTM,2012-07-01,2013-06-30,,2.87,2.87,0.02,560100000.0,2.87,458900000.0,1014800000.0,1014800000.0,1014800000.0,13039800000.0,16042000000.0,19300000.0,-1300000.0,,267100000.0,552300000.0,13059100000.0,2982900000.0,158900000.0,30500000.0,1379500000.0,1603400000.0,-129700000.0,1473700000.0,16042000000.0,355600000.0,354100000.0,355000000.0
PACCAR Inc,PCAR,KDTEY8BWE486IKZ3CC07,75362,2013.0,Q2,2013-04-01,2013-06-30,2014-08-07 16:51:32+00:00,0.82,0.82,0.2,138900000.0,0.82,141300000.0,291600000.0,291600000.0,291600000.0,3494600000.0,4300500000.0,5300000.0,400000.0,,61800000.0,136000000.0,3499900000.0,800600000.0,39400000.0,8000000.0,336700000.0,463900000.0,-31000000.0,432900000.0,4300500000.0,355600000.0,354100000.0,355000000.0
PACCAR Inc,PCAR,KDTEY8BWE486IKZ3CC07,75362,2013.0,Q1TTM,2012-04-01,2013-03-31,,2.88,2.88,0.02,542700000.0,2.88,466700000.0,1020400000.0,1020400000.0,1020400000.0,13177700000.0,16198700000.0,19000000.0,-3300000.0,,279100000.0,562900000.0,13196700000.0,3002000000.0,157600000.0,30700000.0,1384700000.0,1617300000.0,-130200000.0,1487100000.0,16198700000.0,352400000.0,354000000.0,354800000.0
PACCAR Inc,PCAR,KDTEY8BWE486IKZ3CC07,75362,2013.0,Q1,2013-01-01,2013-03-31,2014-05-07 16:19:40+00:00,0.67,0.67,0.2,144100000.0,0.67,101100000.0,236100000.0,236100000.0,236100000.0,3189300000.0,3924300000.0,6500000.0,-1500000.0,,72100000.0,141200000.0,3195800000.0,728500000.0,38900000.0,6500000.0,357400000.0,371100000.0,-33900000.0,337200000.0,3924300000.0,352400000.0,354000000.0,354800000.0
PACCAR Inc,PCAR,KDTEY8BWE486IKZ3CC07,75362,2014.0,FY,2014-01-01,2014-12-31,2015-02-26 16:20:55+00:00,3.83,3.83,,588500000.0,3.82,658800000.0,1358800000.0,1358800000.0,1358800000.0,15481600000.0,18997000000.0,15400000.0,-5500000.0,,215600000.0,561400000.0,15497000000.0,3500000000.0,133700000.0,22300000.0,1365500000.0,2134500000.0,-116900000.0,2017600000.0,18997000000.0,354800000.0,355000000.0,356100000.0
PACCAR Inc,PCAR,KDTEY8BWE486IKZ3CC07,75362,2014.0,Q4,2014-10-01,2014-12-31,,1.11,1.11,-0.64,148500000.0,1.11,183400000.0,394300000.0,394300000.0,394300000.0,4160400000.0,5119100000.0,2900000.0,-1500000.0,,62500000.0,140100000.0,4163300000.0,955800000.0,30800000.0,5300000.0,351100000.0,604700000.0,-27000000.0,577700000.0,5119100000.0,354800000.0,355000000.0,356100000.0
PACCAR Inc,PCAR,KDTEY8BWE486IKZ3CC07,75362,2014.0,Q3,2014-07-01,2014-09-30,2015-11-05 16:14:19+00:00,1.05,1.05,0.22,147300000.0,1.04,181000000.0,371400000.0,371400000.0,371400000.0,4006300000.0,4928400000.0,4800000.0,-3500000.0,,50500000.0,136700000.0,4011100000.0,917300000.0,32600000.0,5700000.0,334500000.0,582800000.0,-30400000.0,552400000.0,4928400000.0,353700000.0,355200000.0,356300000.0
PACCAR Inc,PCAR,KDTEY8BWE486IKZ3CC07,75362,2014.0,Q3YTD,2014-01-01,2014-09-30,,2.72,2.72,0.64,440000000.0,2.71,475400000.0,964500000.0,964500000.0,964500000.0,11321200000.0,13877900000.0,12500000.0,-4000000.0,,153100000.0,421300000.0,11333700000.0,2544200000.0,102900000.0,17000000.0,1014400000.0,1529800000.0,-89900000.0,1439900000.0,13877900000.0,353700000.0,355200000.0,356300000.0
PACCAR Inc,PCAR,KDTEY8BWE486IKZ3CC07,75362,2014.0,Q3TTM,2013-10-01,2014-09-30,,3.67,3.67,0.04,588500000.0,3.65,626100000.0,1298700000.0,1298700000.0,1298700000.0,15046900000.0,18476800000.0,10000000.0,-4900000.0,,214000000.0,568900000.0,15056900000.0,3419900000.0,142600000.0,23800000.0,1371400000.0,2048500000.0,-123700000.0,1924800000.0,18476800000.0,353700000.0,355200000.0,356300000.0
PACCAR Inc,PCAR,KDTEY8BWE486IKZ3CC07,75362,2014.0,Q2YTD,2014-01-01,2014-06-30,,1.67,1.67,0.42,292700000.0,1.67,294400000.0,593100000.0,593100000.0,593100000.0,7314900000.0,8949500000.0,7700000.0,-500000.0,,102600000.0,284600000.0,7322600000.0,1626900000.0,70300000.0,11300000.0,679900000.0,947000000.0,-59500000.0,887500000.0,8949500000.0,354700000.0,355100000.0,356300000.0
PACCAR Inc,PCAR,KDTEY8BWE486IKZ3CC07,75362,2014.0,Q2TTM,2013-07-01,2014-06-30,,3.49,3.49,0.02,581400000.0,3.48,575700000.0,1236700000.0,1236700000.0,1236700000.0,14531700000.0,17848500000.0,8800000.0,-4700000.0,,220100000.0,566900000.0,14540500000.0,3308000000.0,147900000.0,25400000.0,1368400000.0,1939600000.0,-127200000.0,1812400000.0,17848500000.0,354700000.0,355100000.0,356300000.0
PACCAR Inc,PCAR,KDTEY8BWE486IKZ3CC07,75362,2014.0,Q2,2014-04-01,2014-06-30,2015-08-06 16:13:42+00:00,0.9,0.9,0.22,148400000.0,0.9,161800000.0,319200000.0,319200000.0,319200000.0,3719400000.0,4569600000.0,4000000.0,900000.0,,49900000.0,139600000.0,3723400000.0,846200000.0,33700000.0,5500000.0,337900000.0,508300000.0,-27300000.0,481000000.0,4569600000.0,354700000.0,355100000.0,356300000.0
PACCAR Inc,PCAR,KDTEY8BWE486IKZ3CC07,75362,2014.0,Q1TTM,2013-04-01,2014-03-31,,3.41,3.41,,571900000.0,3.4,555200000.0,1209100000.0,1209100000.0,1209100000.0,14306900000.0,17579400000.0,10100000.0,-5200000.0,,232000000.0,563300000.0,14317000000.0,3262400000.0,153600000.0,27900000.0,1367200000.0,1895200000.0,-130900000.0,1764300000.0,17579400000.0,355700000.0,354900000.0,356000000.0
PACCAR Inc,PCAR,KDTEY8BWE486IKZ3CC07,75362,2014.0,Q1,2014-01-01,2014-03-31,2015-05-06 16:11:39+00:00,0.77,0.77,0.2,144300000.0,0.77,132600000.0,273900000.0,273900000.0,273900000.0,3595500000.0,4379900000.0,3700000.0,-1400000.0,,52700000.0,145000000.0,3599200000.0,780700000.0,36600000.0,5800000.0,342000000.0,438700000.0,-32200000.0,406500000.0,4379900000.0,355700000.0,354900000.0,356000000.0
PACCAR Inc,PCAR,KDTEY8BWE486IKZ3CC07,75362,2015.0,FY,2015-01-01,2015-12-31,2018-02-21 16:12:28+00:00,4.52,4.52,2.32,583700000.0,4.51,733100000.0,1604000000.0,1604000000.0,1604000000.0,15292100000.0,19115100000.0,12400000.0,-12300000.0,,239800000.0,541500000.0,15304500000.0,3810600000.0,118000000.0,21800000.0,1365000000.0,2445600000.0,-108500000.0,2337100000.0,19115100000.0,354900000.0,354600000.0,355600000.0
PACCAR Inc,PCAR,KDTEY8BWE486IKZ3CC07,75362,2015.0,Q4,2015-10-01,2015-12-31,,0.98,0.98,1.64,144900000.0,0.98,151500000.0,347200000.0,347200000.0,347200000.0,3469400000.0,4355300000.0,3700000.0,-1600000.0,,66700000.0,145400000.0,3473100000.0,882200000.0,30100000.0,5200000.0,357000000.0,525200000.0,-26500000.0,498700000.0,4355300000.0,354900000.0,354600000.0,355600000.0
PACCAR Inc,PCAR,KDTEY8BWE486IKZ3CC07,75362,2015.0,Q3,2015-07-01,2015-09-30,2016-11-04 16:12:19+00:00,1.21,1.21,0.24,152500000.0,1.21,193300000.0,431200000.0,431200000.0,431200000.0,3851300000.0,4847200000.0,2400000.0,-4900000.0,,57600000.0,131000000.0,3853700000.0,993500000.0,29200000.0,6200000.0,341100000.0,652400000.0,-27900000.0,624500000.0,4847200000.0,356400000.0,355000000.0,355900000.0
PACCAR Inc,PCAR,KDTEY8BWE486IKZ3CC07,75362,2015.0,Q3YTD,2015-01-01,2015-09-30,,3.54,3.54,0.68,438800000.0,3.53,581600000.0,1256800000.0,1256800000.0,1256800000.0,11822700000.0,14759800000.0,8700000.0,-10700000.0,,173100000.0,396100000.0,11831400000.0,2928400000.0,87900000.0,16600000.0,1008000000.0,1920400000.0,-82000000.0,1838400000.0,14759800000.0,356400000.0,355000000.0,355900000.0
PACCAR Inc,PCAR,KDTEY8BWE486IKZ3CC07,75362,2015.0,Q3TTM,2014-10-01,2015-09-30,,4.65,4.65,0.04,587300000.0,4.64,765000000.0,1651100000.0,1651100000.0,1651100000.0,15983100000.0,19878900000.0,11600000.0,-12200000.0,,235600000.0,536200000.0,15994700000.0,3884200000.0,118700000.0,21900000.0,1359100000.0,2525100000.0,-109000000.0,2416100000.0,19878900000.0,356400000.0,355000000.0,355900000.0
PACCAR Inc,PCAR,KDTEY8BWE486IKZ3CC07,75362,2015.0,Q2,2015-04-01,2015-06-30,2016-08-03 16:09:19+00:00,1.26,1.26,0.22,145900000.0,1.26,205000000.0,447200000.0,447200000.0,447200000.0,4061200000.0,5079900000.0,3600000.0,-1300000.0,,59300000.0,132100000.0,4064800000.0,1015100000.0,29600000.0,5300000.0,337300000.0,677800000.0,-25600000.0,652200000.0,5079900000.0,354900000.0,355300000.0,356300000.0
PACCAR Inc,PCAR,KDTEY8BWE486IKZ3CC07,75362,2015.0,Q2YTD,2015-01-01,2015-06-30,,2.33,2.33,0.44,286300000.0,2.32,388300000.0,825600000.0,825600000.0,825600000.0,7971400000.0,9912600000.0,6300000.0,-5800000.0,,115500000.0,265100000.0,7977700000.0,1934900000.0,58700000.0,10400000.0,666900000.0,1268000000.0,-54100000.0,1213900000.0,9912600000.0,354900000.0,355300000.0,356300000.0
PACCAR Inc,PCAR,KDTEY8BWE486IKZ3CC07,75362,2015.0,Q2TTM,2014-07-01,2015-06-30,,4.49,4.49,0.02,582100000.0,4.47,752700000.0,1591300000.0,1591300000.0,1591300000.0,16138100000.0,19960100000.0,14000000.0,-10800000.0,,228500000.0,541900000.0,16152100000.0,3808000000.0,122100000.0,21400000.0,1352500000.0,2455500000.0,-111500000.0,2344000000.0,19960100000.0,354900000.0,355300000.0,356300000.0
PACCAR Inc,PCAR,KDTEY8BWE486IKZ3CC07,75362,2015.0,Q1,2015-01-01,2015-03-31,2016-05-04 16:15:23+00:00,1.07,1.07,0.22,140400000.0,1.06,183300000.0,378400000.0,378400000.0,378400000.0,3910200000.0,4832700000.0,2700000.0,-4500000.0,,56200000.0,133000000.0,3912900000.0,919800000.0,29100000.0,5100000.0,329600000.0,590200000.0,-28500000.0,561700000.0,4832700000.0,353600000.0,355100000.0,356100000.0
PACCAR Inc,PCAR,KDTEY8BWE486IKZ3CC07,75362,2015.0,Q1TTM,2014-04-01,2015-03-31,,4.13,4.13,0.02,584600000.0,4.11,709500000.0,1463300000.0,1463300000.0,1463300000.0,15796300000.0,19449800000.0,14400000.0,-8600000.0,,219100000.0,549400000.0,15810700000.0,3639100000.0,126200000.0,21600000.0,1353100000.0,2286000000.0,-113200000.0,2172800000.0,19449800000.0,353600000.0,355100000.0,356100000.0
PACCAR Inc,PCAR,KDTEY8BWE486IKZ3CC07,75362,2016.0,FY,2016-01-01,2016-12-31,2019-02-21 16:07:58+00:00,1.49,1.49,,635200000.0,1.48,608700000.0,1336300000.0,1336300000.0,1336300000.0,13533600000.0,17033300000.0,36800000.0,6900000.0,,247200000.0,542800000.0,13570400000.0,3462900000.0,127200000.0,27600000.0,1425200000.0,2037700000.0,-92700000.0,1945000000.0,17033300000.0,896800000.0,351100000.0,351800000.0
PACCAR Inc,PCAR,KDTEY8BWE486IKZ3CC07,75362,2016.0,Q4,2016-10-01,2016-12-31,,0.82,0.82,-0.72,165300000.0,0.82,130100000.0,1103400000.0,1103400000.0,1103400000.0,3259100000.0,4070700000.0,22300000.0,844100000.0,,67600000.0,141900000.0,3281400000.0,789300000.0,32100000.0,7000000.0,374800000.0,414500000.0,819000000.0,1233500000.0,4070700000.0,896800000.0,351100000.0,351800000.0
PACCAR Inc,PCAR,KDTEY8BWE486IKZ3CC07,75362,2016.0,Q3,2016-07-01,2016-09-30,2017-11-03 16:06:59+00:00,0.99,0.99,0.24,162600000.0,0.98,148700000.0,346200000.0,346200000.0,346200000.0,3371500000.0,4249400000.0,5100000.0,-1600000.0,,59200000.0,130800000.0,3376600000.0,872800000.0,32200000.0,8500000.0,352600000.0,520200000.0,-25300000.0,494900000.0,4249400000.0,349700000.0,351000000.0,351800000.0
PACCAR Inc,PCAR,KDTEY8BWE486IKZ3CC07,75362,2016.0,Q3YTD,2016-01-01,2016-09-30,,0.67,0.67,0.72,469900000.0,0.66,478600000.0,232900000.0,232900000.0,232900000.0,10274500000.0,12962600000.0,14500000.0,-837200000.0,,179600000.0,400900000.0,10289000000.0,2673600000.0,95100000.0,20600000.0,1050400000.0,1623200000.0,-911700000.0,711500000.0,12962600000.0,349700000.0,351000000.0,351800000.0
PACCAR Inc,PCAR,KDTEY8BWE486IKZ3CC07,75362,2016.0,Q3TTM,2015-10-01,2016-09-30,,1.65,1.65,2.36,614800000.0,1.64,630100000.0,580100000.0,580100000.0,580100000.0,13743900000.0,17317900000.0,18200000.0,-838800000.0,,246300000.0,546300000.0,13762100000.0,3555800000.0,125200000.0,25800000.0,1407400000.0,2148400000.0,-938200000.0,1210200000.0,17317900000.0,349700000.0,351000000.0,351800000.0
PACCAR Inc,PCAR,KDTEY8BWE486IKZ3CC07,75362,2016.0,Q2,2016-04-01,2016-06-30,2017-08-04 16:26:48+00:00,1.37,1.37,0.24,156400000.0,1.37,164900000.0,481300000.0,481300000.0,481300000.0,3489400000.0,4413200000.0,6000000.0,107100000.0,,60800000.0,135300000.0,3495400000.0,917800000.0,32600000.0,6400000.0,352500000.0,565300000.0,80900000.0,646200000.0,4413200000.0,351300000.0,350900000.0,351600000.0
PACCAR Inc,PCAR,KDTEY8BWE486IKZ3CC07,75362,2016.0,Q2YTD,2016-01-01,2016-06-30,,-0.32,-0.32,0.48,307300000.0,-0.32,329900000.0,-113300000.0,-113300000.0,-113300000.0,6903000000.0,8713200000.0,9400000.0,-835600000.0,,120400000.0,270100000.0,6912400000.0,1800800000.0,62900000.0,12100000.0,697800000.0,1103000000.0,-886400000.0,216600000.0,8713200000.0,351300000.0,350900000.0,351600000.0
PACCAR Inc,PCAR,KDTEY8BWE486IKZ3CC07,75362,2016.0,Q2TTM,2015-07-01,2016-06-30,,1.87,1.87,2.36,604700000.0,1.87,674700000.0,665100000.0,665100000.0,665100000.0,14223700000.0,17915700000.0,15500000.0,-842100000.0,,244700000.0,546500000.0,14239200000.0,3676500000.0,122200000.0,23500000.0,1395900000.0,2280600000.0,-940800000.0,1339800000.0,17915700000.0,351300000.0,350900000.0,351600000.0
PACCAR Inc,PCAR,KDTEY8BWE486IKZ3CC07,75362,2016.0,Q1,2016-01-01,2016-03-31,2017-05-04 16:22:27+00:00,-1.69,-1.69,0.24,150900000.0,-1.69,165000000.0,-594600000.0,-594600000.0,-594600000.0,3413600000.0,4300000000.0,3400000.0,-942700000.0,,59600000.0,134800000.0,3417000000.0,883000000.0,30300000.0,5700000.0,345300000.0,537700000.0,-967300000.0,-429600000.0,4300000000.0,351800000.0,351300000.0,351300000.0
PACCAR Inc,PCAR,KDTEY8BWE486IKZ3CC07,75362,2016.0,Q1TTM,2015-04-01,2016-03-31,,1.76,1.76,2.34,594200000.0,1.76,714800000.0,631000000.0,631000000.0,631000000.0,14795500000.0,18582400000.0,13100000.0,-950500000.0,,243200000.0,543300000.0,14808600000.0,3773800000.0,119200000.0,22400000.0,1380700000.0,2393100000.0,-1047300000.0,1345800000.0,18582400000.0,351800000.0,351300000.0,351300000.0
PACCAR Inc,PCAR,KDTEY8BWE486IKZ3CC07,75362,2017.0,FY,2017-01-01,2017-12-31,2020-02-19 16:08:44+00:00,4.76,4.76,,727500000.0,4.75,498100000.0,1675200000.0,1675200000.0,1675200000.0,15628900000.0,19456400000.0,22300000.0,46400000.0,,264700000.0,571800000.0,15651200000.0,3805200000.0,149600000.0,35300000.0,1564000000.0,2241200000.0,-67900000.0,2173300000.0,19456400000.0,351900000.0,351900000.0,352900000.0
PACCAR Inc,PCAR,KDTEY8BWE486IKZ3CC07,75362,2017.0,Q4,2017-10-01,2017-12-31,,1.68,1.68,-0.74,188800000.0,1.67,15100000.0,589200000.0,589200000.0,589200000.0,4418400000.0,5148300000.0,4900000.0,317000000.0,,70600000.0,148000000.0,4423300000.0,725000000.0,39800000.0,9500000.0,407400000.0,317600000.0,286700000.0,604300000.0,5148300000.0,351900000.0,351900000.0,352900000.0
PACCAR Inc,PCAR,KDTEY8BWE486IKZ3CC07,75362,2017.0,Q3,2017-07-01,2017-09-30,2018-11-02 16:07:34+00:00,1.14,1.14,0.25,186200000.0,1.14,179100000.0,402700000.0,402700000.0,402700000.0,4055600000.0,5059700000.0,4700000.0,9800000.0,,67000000.0,144900000.0,4060300000.0,999400000.0,38300000.0,9000000.0,398100000.0,601300000.0,-19500000.0,581800000.0,5059700000.0,353200000.0,351900000.0,352900000.0
PACCAR Inc,PCAR,KDTEY8BWE486IKZ3CC07,75362,2017.0,Q3YTD,2017-01-01,2017-09-30,,3.08,3.08,0.74,538700000.0,3.08,483000000.0,1086000000.0,1086000000.0,1086000000.0,11210500000.0,14308100000.0,17400000.0,-270600000.0,,194100000.0,423800000.0,11227900000.0,3080200000.0,109800000.0,25800000.0,1156600000.0,1923600000.0,-354600000.0,1569000000.0,14308100000.0,353200000.0,351900000.0,352900000.0
PACCAR Inc,PCAR,KDTEY8BWE486IKZ3CC07,75362,2017.0,Q3TTM,2016-10-01,2017-09-30,,3.9,3.9,0.02,704000000.0,3.9,613100000.0,2189400000.0,2189400000.0,2189400000.0,14469600000.0,18378800000.0,39700000.0,573500000.0,,261700000.0,565700000.0,14509300000.0,3869500000.0,141900000.0,32800000.0,1531400000.0,2338100000.0,464400000.0,2802500000.0,18378800000.0,353200000.0,351900000.0,352900000.0
PACCAR Inc,PCAR,KDTEY8BWE486IKZ3CC07,75362,2017.0,Q2,2017-04-01,2017-06-30,2018-08-03 16:07:27+00:00,1.06,1.06,0.25,172800000.0,1.06,166000000.0,373000000.0,373000000.0,373000000.0,3764000000.0,5010500000.0,6800000.0,-294400000.0,,66100000.0,138700000.0,3770800000.0,1239700000.0,37400000.0,8700000.0,377600000.0,862100000.0,-323100000.0,539000000.0,5010500000.0,351900000.0,351800000.0,352700000.0
PACCAR Inc,PCAR,KDTEY8BWE486IKZ3CC07,75362,2017.0,Q2YTD,2017-01-01,2017-06-30,,1.94,1.94,0.49,352500000.0,1.94,303900000.0,683300000.0,683300000.0,683300000.0,7154900000.0,9248400000.0,12700000.0,-280400000.0,,127100000.0,278900000.0,7167600000.0,2080800000.0,71500000.0,16800000.0,758500000.0,1322300000.0,-335100000.0,987200000.0,9248400000.0,351900000.0,351800000.0,352700000.0
PACCAR Inc,PCAR,KDTEY8BWE486IKZ3CC07,75362,2017.0,Q2TTM,2016-07-01,2017-06-30,,3.75,3.75,0.01,680400000.0,3.74,582700000.0,2132900000.0,2132900000.0,2132900000.0,13785500000.0,17568500000.0,40100000.0,562100000.0,,253900000.0,551600000.0,13825600000.0,3742900000.0,135800000.0,32300000.0,1485900000.0,2257000000.0,458600000.0,2715600000.0,17568500000.0,351900000.0,351800000.0,352700000.0
PACCAR Inc,PCAR,KDTEY8BWE486IKZ3CC07,75362,2017.0,Q1,2017-01-01,2017-03-31,2018-05-04 08:01:41+00:00,0.88,0.88,0.24,179700000.0,0.88,137900000.0,310300000.0,310300000.0,310300000.0,3390900000.0,4237900000.0,5900000.0,14000000.0,,61000000.0,140200000.0,3396800000.0,841100000.0,34100000.0,8100000.0,380900000.0,460200000.0,-12000000.0,448200000.0,4237900000.0,352600000.0,351600000.0,352700000.0
PACCAR Inc,PCAR,KDTEY8BWE486IKZ3CC07,75362,2017.0,Q1TTM,2016-04-01,2017-03-31,,4.06,4.06,,664000000.0,4.05,581600000.0,2241200000.0,2241200000.0,2241200000.0,13510900000.0,16971200000.0,39300000.0,963600000.0,,248600000.0,548200000.0,13550200000.0,3421000000.0,131000000.0,30000000.0,1460800000.0,1960200000.0,862600000.0,2822800000.0,16971200000.0,352600000.0,351600000.0,352700000.0
PACCAR Inc,PCAR,KDTEY8BWE486IKZ3CC07,75362,2018.0,FY,2018-01-01,2018-12-31,2020-02-19 16:08:44+00:00,6.25,6.25,,728000000.0,6.24,615100000.0,2195100000.0,2195100000.0,2195100000.0,18925000000.0,23495700000.0,16500000.0,60800000.0,,306100000.0,644700000.0,18941500000.0,4554200000.0,186900000.0,60900000.0,1678800000.0,2875400000.0,-65200000.0,2810200000.0,23495700000.0,351200000.0,351000000.0,351800000.0
PACCAR Inc,PCAR,KDTEY8BWE486IKZ3CC07,75362,2018.0,Q4,2018-10-01,2018-12-31,,1.66,1.66,,177600000.0,1.65,174300000.0,578100000.0,578100000.0,578100000.0,5088600000.0,6279700000.0,1700000.0,18300000.0,,80500000.0,166200000.0,5090300000.0,1189400000.0,50900000.0,19900000.0,424300000.0,765100000.0,-12700000.0,752400000.0,6279700000.0,351200000.0,351000000.0,351800000.0
PACCAR Inc,PCAR,KDTEY8BWE486IKZ3CC07,75362,2018.0,Q3,2018-07-01,2018-09-30,2019-10-30 16:38:50+00:00,1.55,1.55,,178500000.0,1.55,123500000.0,545300000.0,545300000.0,545300000.0,4653600000.0,5756800000.0,4300000.0,7400000.0,,72900000.0,153500000.0,4657900000.0,1098900000.0,49000000.0,16400000.0,404900000.0,694000000.0,-25200000.0,668800000.0,5756800000.0,351800000.0,350700000.0,351500000.0
PACCAR Inc,PCAR,KDTEY8BWE486IKZ3CC07,75362,2018.0,Q3YTD,2018-01-01,2018-09-30,,4.59,4.59,,550400000.0,4.59,440800000.0,1617000000.0,1617000000.0,1617000000.0,13836400000.0,17216000000.0,14800000.0,42500000.0,,225600000.0,478500000.0,13851200000.0,3364800000.0,136000000.0,41000000.0,1254500000.0,2110300000.0,-52500000.0,2057800000.0,17216000000.0,351800000.0,350700000.0,351500000.0
PACCAR Inc,PCAR,KDTEY8BWE486IKZ3CC07,75362,2018.0,Q3TTM,2017-10-01,2018-09-30,,6.27,6.27,-0.74,739200000.0,6.26,455900000.0,2206200000.0,2206200000.0,2206200000.0,18254800000.0,22364300000.0,19700000.0,359500000.0,,296200000.0,626500000.0,18274500000.0,4089800000.0,175800000.0,50500000.0,1661900000.0,2427900000.0,234200000.0,2662100000.0,22364300000.0,351800000.0,350700000.0,351500000.0
PACCAR Inc,PCAR,KDTEY8BWE486IKZ3CC07,75362,2018.0,Q2,2018-04-01,2018-06-30,2019-08-02 16:08:18+00:00,1.59,1.59,,185500000.0,1.59,160000000.0,559600000.0,559600000.0,559600000.0,4647300000.0,5805200000.0,4600000.0,16400000.0,,76700000.0,156800000.0,4651900000.0,1153300000.0,45700000.0,14600000.0,419000000.0,734300000.0,-14700000.0,719600000.0,5805200000.0,351900000.0,351700000.0,352500000.0
PACCAR Inc,PCAR,KDTEY8BWE486IKZ3CC07,75362,2018.0,Q2YTD,2018-01-01,2018-06-30,,3.04,3.04,,371900000.0,3.04,317300000.0,1071700000.0,1071700000.0,1071700000.0,9182800000.0,11459200000.0,10500000.0,35100000.0,,152700000.0,325000000.0,9193300000.0,2265900000.0,87000000.0,24600000.0,849600000.0,1416300000.0,-27300000.0,1389000000.0,11459200000.0,351900000.0,351700000.0,352500000.0
PACCAR Inc,PCAR,KDTEY8BWE486IKZ3CC07,75362,2018.0,Q2TTM,2017-07-01,2018-06-30,,5.86,5.86,-0.49,746900000.0,5.85,511500000.0,2063600000.0,2063600000.0,2063600000.0,17656800000.0,21667200000.0,20100000.0,361900000.0,,290300000.0,617900000.0,17676900000.0,3990300000.0,165100000.0,43100000.0,1655100000.0,2335200000.0,239900000.0,2575100000.0,21667200000.0,351900000.0,351700000.0,352500000.0
PACCAR Inc,PCAR,KDTEY8BWE486IKZ3CC07,75362,2018.0,Q1,2018-01-01,2018-03-31,2019-05-02 16:07:43+00:00,1.45,1.45,,186400000.0,1.45,157300000.0,512100000.0,512100000.0,512100000.0,4535500000.0,5654000000.0,5900000.0,18700000.0,,76000000.0,168200000.0,4541400000.0,1112600000.0,41300000.0,10000000.0,430600000.0,682000000.0,-12600000.0,669400000.0,5654000000.0,353200000.0,352500000.0,353500000.0
PACCAR Inc,PCAR,KDTEY8BWE486IKZ3CC07,75362,2018.0,Q1TTM,2017-04-01,2018-03-31,,5.33,5.33,-0.24,734200000.0,5.32,517500000.0,1877000000.0,1877000000.0,1877000000.0,16773500000.0,20872500000.0,22300000.0,51100000.0,,279700000.0,599800000.0,16795800000.0,4076700000.0,156800000.0,37200000.0,1613700000.0,2463000000.0,-68500000.0,2394500000.0,20872500000.0,353200000.0,352500000.0,353500000.0
PACCAR Inc,PCAR,KDTEY8BWE486IKZ3CC07,75362,2019.0,FY,2019-01-01,2019-12-31,2020-02-19 16:08:44+00:00,6.88,6.88,,798200000.0,6.87,711300000.0,2387900000.0,2387900000.0,2387900000.0,20555600000.0,25599700000.0,15400000.0,42000000.0,,326600000.0,698500000.0,20571000000.0,5028700000.0,230500000.0,82300000.0,1823300000.0,3205400000.0,-106200000.0,3099200000.0,25599700000.0,347100000.0,346900000.0,347500000.0
PACCAR Inc,PCAR,KDTEY8BWE486IKZ3CC07,75362,2019.0,Q4,2019-10-01,2019-12-31,,1.53,1.53,,241900000.0,1.53,156500000.0,531300000.0,531300000.0,531300000.0,4890000000.0,6117200000.0,3600000.0,10300000.0,,83600000.0,183200000.0,4893600000.0,1223600000.0,57500000.0,20100000.0,508700000.0,714900000.0,-27100000.0,687800000.0,6117200000.0,347100000.0,346900000.0,347500000.0
PACCAR Inc,PCAR,KDTEY8BWE486IKZ3CC07,75362,2019.0,Q3,2019-07-01,2019-09-30,2019-10-30 16:38:50+00:00,1.75,1.75,,195300000.0,1.75,169700000.0,607900000.0,607900000.0,607900000.0,5106800000.0,6367000000.0,5600000.0,11600000.0,,82200000.0,172600000.0,5112400000.0,1254600000.0,59600000.0,21100000.0,450100000.0,804500000.0,-26900000.0,777600000.0,6367000000.0,347400000.0,346600000.0,347200000.0
PACCAR Inc,PCAR,KDTEY8BWE486IKZ3CC07,75362,2019.0,Q3YTD,2019-01-01,2019-09-30,,5.35,5.35,,556300000.0,5.34,554800000.0,1856600000.0,1856600000.0,1856600000.0,15665600000.0,19482500000.0,11800000.0,31700000.0,,243000000.0,515300000.0,15677400000.0,3805100000.0,173000000.0,62200000.0,1314600000.0,2490500000.0,-79100000.0,2411400000.0,19482500000.0,347400000.0,346600000.0,347200000.0
PACCAR Inc,PCAR,KDTEY8BWE486IKZ3CC07,75362,2019.0,Q3TTM,2018-10-01,2019-09-30,,7.01,7.01,,733900000.0,6.99,729100000.0,2434700000.0,2434700000.0,2434700000.0,20754200000.0,25762200000.0,13500000.0,50000000.0,,323500000.0,681500000.0,20767700000.0,4994500000.0,223900000.0,82100000.0,1738900000.0,3255600000.0,-91800000.0,3163800000.0,25762200000.0,347400000.0,346600000.0,347200000.0
PACCAR Inc,PCAR,KDTEY8BWE486IKZ3CC07,75362,2019.0,Q2,2019-04-01,2019-06-30,2019-08-02 16:08:18+00:00,1.79,1.79,,183600000.0,1.78,194700000.0,619700000.0,619700000.0,619700000.0,5341700000.0,6627900000.0,4000000.0,9800000.0,,82500000.0,173300000.0,5345700000.0,1282200000.0,60000000.0,21800000.0,439400000.0,842800000.0,-28400000.0,814400000.0,6627900000.0,346200000.0,347000000.0,347700000.0
PACCAR Inc,PCAR,KDTEY8BWE486IKZ3CC07,75362,2019.0,Q2YTD,2019-01-01,2019-06-30,,3.6,3.6,,361000000.0,3.59,385100000.0,1248700000.0,1248700000.0,1248700000.0,10558800000.0,13115500000.0,6200000.0,20100000.0,,160800000.0,342700000.0,10565000000.0,2550500000.0,113400000.0,41100000.0,864500000.0,1686000000.0,-52200000.0,1633800000.0,13115500000.0,346200000.0,347000000.0,347700000.0
PACCAR Inc,PCAR,KDTEY8BWE486IKZ3CC07,75362,2019.0,Q2TTM,2018-07-01,2019-06-30,,6.81,6.81,,717100000.0,6.79,682900000.0,2372100000.0,2372100000.0,2372100000.0,20301000000.0,25152000000.0,12200000.0,45800000.0,,314200000.0,662400000.0,20313200000.0,4838800000.0,213300000.0,77400000.0,1693700000.0,3145100000.0,-90100000.0,3055000000.0,25152000000.0,346200000.0,347000000.0,347700000.0
PACCAR Inc,PCAR,KDTEY8BWE486IKZ3CC07,75362,2019.0,Q1,2019-01-01,2019-03-31,2020-05-04 16:07:15+00:00,1.81,1.81,,177400000.0,1.81,190400000.0,629000000.0,629000000.0,629000000.0,5217100000.0,6487600000.0,2200000.0,10300000.0,,78300000.0,169400000.0,5219300000.0,1268300000.0,53400000.0,19300000.0,425100000.0,843200000.0,-23800000.0,819400000.0,6487600000.0,347500000.0,347200000.0,347800000.0
PACCAR Inc,PCAR,KDTEY8BWE486IKZ3CC07,75362,2019.0,Q1TTM,2018-04-01,2019-03-31,,6.61,6.61,,719000000.0,6.6,648200000.0,2312000000.0,2312000000.0,2312000000.0,19606600000.0,24329300000.0,12800000.0,52400000.0,,308400000.0,645900000.0,19619400000.0,4709900000.0,199000000.0,70200000.0,1673300000.0,3036600000.0,-76400000.0,2960200000.0,24329300000.0,347500000.0,347200000.0,347800000.0
PACCAR Inc,PCAR,KDTEY8BWE486IKZ3CC07,75362,2020.0,Q1,2020-01-01,2020-03-31,2020-05-04 16:07:15+00:00,1.04,1.04,,229400000.0,1.03,102800000.0,359400000.0,359400000.0,359400000.0,4189600000.0,5161700000.0,17000000.0,13100000.0,,71000000.0,164000000.0,4206600000.0,955100000.0,56400000.0,14800000.0,464400000.0,490700000.0,-28500000.0,462200000.0,5161700000.0,345600000.0,346900000.0,347300000.0
PACCAR Inc,PCAR,KDTEY8BWE486IKZ3CC07,75362,2020.0,Q1TTM,2019-04-01,2020-03-31,,6.11,6.11,,850200000.0,6.09,623700000.0,2118300000.0,2118300000.0,2118300000.0,19528100000.0,24273800000.0,30200000.0,44800000.0,,319300000.0,693100000.0,19558300000.0,4715500000.0,233500000.0,77800000.0,1862600000.0,2852900000.0,-110900000.0,2742000000.0,24273800000.0,345600000.0,346900000.0,347300000.0
