company_name,company_ticker,company_lei,company_cik,year,quarter,start_date,end_date,filing_date,basicdilutedeps,basiceps,cashdividendspershare,depreciationexpense,dilutedeps,impairmentexpense,incometaxexpense,netincome,netincomecontinuing,netincomediscontinued,netincometocommon,netincometononcontrollinginterest,operatingcostofrevenue,operatingrevenue,othergains,otherincome,otheroperatingexpenses,restructuringcharge,sgaexpense,totalcostofrevenue,totalgrossprofit,totalinterestexpense,totaloperatingexpenses,totaloperatingincome,totalotherincome,totalpretaxincome,totalrevenue,weightedavebasicdilutedsharesos,weightedavebasicsharesos,weightedavedilutedsharesos
Iron Mountain Inc,IRM,SQL3F6CKNNBM3SQGHX24,1020569,2008.0,FY,2008-01-01,2008-12-31,2011-03-01 11:04:48+00:00,0.41,0.41,,290738000.0,0.4,7483000.0,142924000.0,81943000.0,81943000.0,,82037000.0,-94000.0,1382019000.0,3055134000.0,,-31028000.0,,,882364000.0,1382019000.0,1673115000.0,236635000.0,1180585000.0,492530000.0,-267663000.0,224867000.0,3055134000.0,200100000.0,201279000.0,203290000.0
Iron Mountain Inc,IRM,SQL3F6CKNNBM3SQGHX24,1020569,2009.0,Q4,2009-10-01,2009-12-31,,-0.79,0.29,,40798000.0,0.29,225000.0,29811000.0,61746000.0,73884000.0,-12138000.0,58327000.0,3419000.0,250723000.0,540125000.0,,2750000.0,,,105054000.0,250723000.0,289402000.0,42380000.0,146077000.0,143325000.0,-39630000.0,103695000.0,540125000.0,-21795000000.0,202812000.0,204271000.0
Iron Mountain Inc,IRM,SQL3F6CKNNBM3SQGHX24,1020569,2009.0,FY,2009-01-01,2009-12-31,2012-02-28 17:12:23+00:00,-0.01,1.07,,277186000.0,1.07,168000.0,113762000.0,219379000.0,231517000.0,-12138000.0,217950000.0,1429000.0,1201871000.0,2774384000.0,,12599000.0,,,749934000.0,1201871000.0,1572513000.0,212545000.0,1027288000.0,545225000.0,-199946000.0,345279000.0,2774384000.0,-21795000000.0,202812000.0,204271000.0
Iron Mountain Inc,IRM,SQL3F6CKNNBM3SQGHX24,1020569,2009.0,Q3,2009-07-01,2009-09-30,2010-11-08 16:42:41+00:00,0.21,0.21,,81428000.0,0.21,705000.0,38613000.0,43177000.0,43177000.0,,43186000.0,-9000.0,321470000.0,764885000.0,,-1390000.0,,,218633000.0,321470000.0,443415000.0,59469000.0,300766000.0,142649000.0,-60859000.0,81790000.0,764885000.0,205600000.0,203216000.0,204892910.0
Iron Mountain Inc,IRM,SQL3F6CKNNBM3SQGHX24,1020569,2009.0,Q3YTD,2009-01-01,2009-09-30,,0.79,0.79,,236388000.0,0.79,-57000.0,83951000.0,157633000.0,157633000.0,,159623000.0,-1990000.0,951148000.0,2234259000.0,,9849000.0,,,644880000.0,951148000.0,1283111000.0,170165000.0,881211000.0,401900000.0,-160316000.0,241584000.0,2234259000.0,205600000.0,203216000.0,204892910.0
Iron Mountain Inc,IRM,SQL3F6CKNNBM3SQGHX24,1020569,2009.0,Q2,2009-04-01,2009-06-30,2010-08-05 17:17:02+00:00,0.43,0.43,,78680000.0,0.43,742000.0,13761000.0,87512000.0,87512000.0,,87638000.0,-126000.0,312698000.0,746028000.0,,18394000.0,,,215854000.0,312698000.0,433330000.0,55175000.0,295276000.0,138054000.0,-36781000.0,101273000.0,746028000.0,203800000.0,202502000.0,204198813.0
Iron Mountain Inc,IRM,SQL3F6CKNNBM3SQGHX24,1020569,2009.0,Q2YTD,2009-01-01,2009-06-30,,0.57,0.57,,154960000.0,0.57,-762000.0,45338000.0,114456000.0,114456000.0,,116437000.0,-1981000.0,629678000.0,1469374000.0,,11239000.0,,,426247000.0,629678000.0,839696000.0,110696000.0,580445000.0,259251000.0,-99457000.0,159794000.0,1469374000.0,203800000.0,202502000.0,204198813.0
Iron Mountain Inc,IRM,SQL3F6CKNNBM3SQGHX24,1020569,2009.0,Q1,2009-01-01,2009-03-31,2010-05-10 10:17:29+00:00,0.14,0.14,,76280000.0,0.14,-1504000.0,31577000.0,26944000.0,26944000.0,,28799000.0,-1855000.0,316980000.0,723346000.0,,-7155000.0,,,210393000.0,316980000.0,406366000.0,55521000.0,285169000.0,121197000.0,-62676000.0,58521000.0,723346000.0,205700000.0,202066000.0,203312000.0
Iron Mountain Inc,IRM,SQL3F6CKNNBM3SQGHX24,1020569,2010.0,Q4,2010-10-01,2010-12-31,,0.14,0.14,0.25,55868000.0,0.15,8998000.0,48284000.0,30548000.0,71658000.0,-41110000.0,29332000.0,1216000.0,259481000.0,604920000.0,,2214000.0,,,123147000.0,259481000.0,345439000.0,39698000.0,188013000.0,157426000.0,-37484000.0,119942000.0,604920000.0,198600000.0,201991000.0,201991000.0
Iron Mountain Inc,IRM,SQL3F6CKNNBM3SQGHX24,1020569,2010.0,FY,2010-01-01,2010-12-31,2013-03-01 12:47:58+00:00,-0.29,-0.29,0.375,304205000.0,-0.29,74922000.0,167483000.0,-52678000.0,166739000.0,-219417000.0,-57586000.0,4908000.0,1192862000.0,2892349000.0,,-8768000.0,,,772811000.0,1192862000.0,1699487000.0,204559000.0,1151938000.0,547549000.0,-213327000.0,334222000.0,2892349000.0,198600000.0,201991000.0,201991000.0
Iron Mountain Inc,IRM,SQL3F6CKNNBM3SQGHX24,1020569,2010.0,Q3,2010-07-01,2010-09-30,2011-11-08 16:33:11+00:00,-0.76,-0.76,0.0625,77235000.0,-0.76,67121000.0,29310000.0,-150817000.0,27490000.0,-178307000.0,-153776000.0,2959000.0,299622000.0,731132000.0,,1856000.0,,,180156000.0,299622000.0,431510000.0,52054000.0,324512000.0,106998000.0,-50198000.0,56800000.0,731132000.0,202300000.0,201249000.0,201249000.0
Iron Mountain Inc,IRM,SQL3F6CKNNBM3SQGHX24,1020569,2010.0,Q3YTD,2010-01-01,2010-09-30,,-0.43,-0.43,0.13,248337000.0,-0.44,65924000.0,119199000.0,-83226000.0,95081000.0,-178307000.0,-86918000.0,3692000.0,933381000.0,2287429000.0,,-10982000.0,,,649664000.0,933381000.0,1354048000.0,164861000.0,963925000.0,390123000.0,-175843000.0,214280000.0,2287429000.0,202300000.0,201249000.0,201249000.0
Iron Mountain Inc,IRM,SQL3F6CKNNBM3SQGHX24,1020569,2010.0,Q3TTM,2009-10-01,2010-09-30,,-1.22,-0.14,0.13,289135000.0,-0.15,66149000.0,149010000.0,-21480000.0,168965000.0,-190445000.0,-28591000.0,7111000.0,1184104000.0,2827554000.0,,-8232000.0,,,754718000.0,1184104000.0,1643450000.0,207241000.0,1110002000.0,533448000.0,-215473000.0,317975000.0,2827554000.0,202300000.0,201249000.0,201249000.0
Iron Mountain Inc,IRM,SQL3F6CKNNBM3SQGHX24,1020569,2010.0,Q2,2010-04-01,2010-06-30,2010-08-05 17:17:02+00:00,0.2,0.2,,85318000.0,0.2,-144000.0,48418000.0,41752000.0,41752000.0,,41292000.0,460000.0,308527000.0,779791000.0,,-4019000.0,,,235656000.0,308527000.0,471264000.0,56245000.0,320830000.0,150434000.0,-60264000.0,90170000.0,779791000.0,206500000.0,203006000.0,204209920.0
Iron Mountain Inc,IRM,SQL3F6CKNNBM3SQGHX24,1020569,2010.0,Q2YTD,2010-01-01,2010-06-30,,0.33,0.33,0.06,171102000.0,0.32,-1197000.0,89889000.0,67591000.0,67591000.0,,66858000.0,733000.0,633759000.0,1556297000.0,,-12838000.0,,,469508000.0,633759000.0,922538000.0,112807000.0,639413000.0,283125000.0,-125645000.0,157480000.0,1556297000.0,206500000.0,203006000.0,204209920.0
Iron Mountain Inc,IRM,SQL3F6CKNNBM3SQGHX24,1020569,2010.0,Q2TTM,2009-07-01,2010-06-30,,-0.25,0.83,0.06,293328000.0,0.82,-267000.0,158313000.0,172514000.0,184652000.0,-12138000.0,168371000.0,4143000.0,1205952000.0,2861307000.0,,-11478000.0,,,793195000.0,1205952000.0,1655355000.0,214656000.0,1086256000.0,569099000.0,-226134000.0,342965000.0,2861307000.0,206500000.0,203006000.0,204209920.0
Iron Mountain Inc,IRM,SQL3F6CKNNBM3SQGHX24,1020569,2010.0,Q1,2010-01-01,2010-03-31,2011-05-05 12:19:02+00:00,0.13,0.13,0.0625,85784000.0,0.12,-1053000.0,41471000.0,25839000.0,25839000.0,,25566000.0,273000.0,325232000.0,776506000.0,,-8819000.0,,,233852000.0,325232000.0,451274000.0,56562000.0,318583000.0,132691000.0,-65381000.0,67310000.0,776506000.0,196700000.0,203581000.0,204705000.0
Iron Mountain Inc,IRM,SQL3F6CKNNBM3SQGHX24,1020569,2010.0,Q1TTM,2009-04-01,2010-03-31,,-0.02,1.06,0.06,286690000.0,1.05,619000.0,123656000.0,218274000.0,230412000.0,-12138000.0,214717000.0,3557000.0,1210123000.0,2827544000.0,,10935000.0,,,773393000.0,1210123000.0,1617421000.0,213586000.0,1060702000.0,556719000.0,-202651000.0,354068000.0,2827544000.0,196700000.0,203581000.0,204705000.0
Iron Mountain Inc,IRM,SQL3F6CKNNBM3SQGHX24,1020569,2011.0,Q4,2011-10-01,2011-12-31,,0.22,0.22,0.25,83564000.0,0.22,4059000.0,41345000.0,34001000.0,47382000.0,-13381000.0,32056000.0,1945000.0,315307000.0,741837000.0,,-2749000.0,,,189444000.0,315307000.0,426530000.0,57987000.0,277067000.0,149463000.0,-60736000.0,88727000.0,741837000.0,194800000.0,194777000.0,195938000.0
Iron Mountain Inc,IRM,SQL3F6CKNNBM3SQGHX24,1020569,2011.0,FY,2011-01-01,2011-12-31,2014-02-28 13:49:22+00:00,2.03,2.03,0.9375,319499000.0,2.02,44214000.0,106488000.0,399592000.0,246412000.0,153180000.0,395538000.0,4054000.0,1245200000.0,3014703000.0,,-13043000.0,,,834591000.0,1245200000.0,1769503000.0,205256000.0,1198304000.0,571199000.0,-218299000.0,352900000.0,3014703000.0,194800000.0,194777000.0,195938000.0
Iron Mountain Inc,IRM,SQL3F6CKNNBM3SQGHX24,1020569,2011.0,Q3,2011-07-01,2011-09-30,2012-11-02 16:40:53+00:00,0.19,0.19,0.25,76904000.0,0.19,40839000.0,18127000.0,37925000.0,50394000.0,-12469000.0,37338000.0,587000.0,306361000.0,768306000.0,,-16631000.0,,,209003000.0,306361000.0,461945000.0,50047000.0,326746000.0,135199000.0,-66678000.0,68521000.0,768306000.0,196500000.0,195610000.0,196717000.0
Iron Mountain Inc,IRM,SQL3F6CKNNBM3SQGHX24,1020569,2011.0,Q3YTD,2011-01-01,2011-09-30,,1.81,1.81,0.69,235935000.0,1.8,40155000.0,65143000.0,365591000.0,199030000.0,166561000.0,363482000.0,2109000.0,929893000.0,2272866000.0,,-10294000.0,,,645147000.0,929893000.0,1342973000.0,147269000.0,921237000.0,421736000.0,-157563000.0,264173000.0,2272866000.0,196500000.0,195610000.0,196717000.0
Iron Mountain Inc,IRM,SQL3F6CKNNBM3SQGHX24,1020569,2011.0,Q3TTM,2010-10-01,2011-09-30,,1.95,1.95,0.94,291803000.0,1.95,49153000.0,113427000.0,396139000.0,270688000.0,125451000.0,392814000.0,3325000.0,1189374000.0,2877786000.0,,-8080000.0,,,768294000.0,1189374000.0,1688412000.0,186967000.0,1109250000.0,579162000.0,-195047000.0,384115000.0,2877786000.0,196500000.0,195610000.0,196717000.0
Iron Mountain Inc,IRM,SQL3F6CKNNBM3SQGHX24,1020569,2011.0,Q2,2011-04-01,2011-06-30,2012-08-01 14:18:35+00:00,1.25,1.25,0.25,78868000.0,1.24,-220000.0,30252000.0,253047000.0,67460000.0,185587000.0,252684000.0,363000.0,307577000.0,758551000.0,,-2621000.0,,,223389000.0,307577000.0,450974000.0,48604000.0,302037000.0,148937000.0,-51225000.0,97712000.0,758551000.0,202100000.0,201653000.0,203311000.0
Iron Mountain Inc,IRM,SQL3F6CKNNBM3SQGHX24,1020569,2011.0,Q2YTD,2011-01-01,2011-06-30,,1.62,1.62,0.44,159031000.0,1.61,-684000.0,47016000.0,327666000.0,148636000.0,179030000.0,326144000.0,1522000.0,623532000.0,1504560000.0,,6337000.0,,,436144000.0,623532000.0,881028000.0,97222000.0,594491000.0,286537000.0,-90885000.0,195652000.0,1504560000.0,202100000.0,201653000.0,203311000.0
Iron Mountain Inc,IRM,SQL3F6CKNNBM3SQGHX24,1020569,2011.0,Q2TTM,2010-07-01,2011-06-30,,1.0,1.0,0.75,292134000.0,1.0,75435000.0,124610000.0,207397000.0,247784000.0,-40387000.0,201700000.0,5697000.0,1182635000.0,2840612000.0,,10407000.0,,,739447000.0,1182635000.0,1657977000.0,188974000.0,1107016000.0,550961000.0,-178567000.0,372394000.0,2840612000.0,202100000.0,201653000.0,203311000.0
Iron Mountain Inc,IRM,SQL3F6CKNNBM3SQGHX24,1020569,2011.0,Q1,2011-01-01,2011-03-31,2012-05-10 09:36:17+00:00,0.37,0.37,0.1875,80163000.0,0.37,-464000.0,16764000.0,74619000.0,81176000.0,-6557000.0,73460000.0,1159000.0,315955000.0,746009000.0,,8958000.0,,,212755000.0,315955000.0,430054000.0,48618000.0,292454000.0,137600000.0,-39660000.0,97940000.0,746009000.0,198500000.0,200228000.0,201251000.0
Iron Mountain Inc,IRM,SQL3F6CKNNBM3SQGHX24,1020569,2011.0,Q1TTM,2010-04-01,2011-03-31,,-0.05,-0.05,0.5,298584000.0,-0.04,75511000.0,142776000.0,-3898000.0,222076000.0,-225974000.0,-9692000.0,5794000.0,1183585000.0,2861852000.0,,9009000.0,,,751714000.0,1183585000.0,1678267000.0,196615000.0,1125809000.0,552458000.0,-187606000.0,364852000.0,2861852000.0,198500000.0,200228000.0,201251000.0
Iron Mountain Inc,IRM,SQL3F6CKNNBM3SQGHX24,1020569,2012.0,Q4,2012-10-01,2012-12-31,,-0.85,0.13,4.33,79882000.0,0.13,6176000.0,8960000.0,25400000.0,26474000.0,-1074000.0,24708000.0,692000.0,338411000.0,757167000.0,206000.0,-1554000.0,,,231698000.0,338411000.0,418756000.0,64218000.0,317756000.0,101000000.0,-65772000.0,35228000.0,757167000.0,,173604000.0,174867000.0
Iron Mountain Inc,IRM,SQL3F6CKNNBM3SQGHX24,1020569,2012.0,FY,2012-01-01,2012-12-31,2015-02-27 16:48:37+00:00,0.0,0.98,5.12,316344000.0,0.98,4661000.0,114304000.0,174048000.0,182707000.0,-8659000.0,170922000.0,3126000.0,1277113000.0,3003955000.0,206000.0,-16062000.0,,,850371000.0,1277113000.0,1726842000.0,242599000.0,1171376000.0,555466000.0,-258661000.0,296805000.0,3003955000.0,,173604000.0,174867000.0
Iron Mountain Inc,IRM,SQL3F6CKNNBM3SQGHX24,1020569,2012.0,Q3,2012-07-01,2012-09-30,2013-10-31 16:03:20+00:00,0.31,0.31,0.27,80944000.0,0.31,-1627000.0,31120000.0,53751000.0,53719000.0,32000.0,52809000.0,942000.0,310344000.0,748125000.0,,-7746000.0,,,204498000.0,310344000.0,437781000.0,61381000.0,283815000.0,153966000.0,-69127000.0,84839000.0,748125000.0,170400000.0,171776000.0,173047000.0
Iron Mountain Inc,IRM,SQL3F6CKNNBM3SQGHX24,1020569,2012.0,Q3YTD,2012-01-01,2012-09-30,,0.85,0.85,0.79,236462000.0,0.85,-1515000.0,105344000.0,148648000.0,156233000.0,-7585000.0,146214000.0,2434000.0,938702000.0,2246788000.0,,-14508000.0,,,618673000.0,938702000.0,1308086000.0,178381000.0,853620000.0,454466000.0,-192889000.0,261577000.0,2246788000.0,170400000.0,171776000.0,173047000.0
Iron Mountain Inc,IRM,SQL3F6CKNNBM3SQGHX24,1020569,2012.0,Q3TTM,2011-10-01,2012-09-30,,1.07,1.07,1.04,320026000.0,1.07,2544000.0,146689000.0,182649000.0,203615000.0,-20966000.0,178270000.0,4379000.0,1254009000.0,2988625000.0,,-17257000.0,,,808117000.0,1254009000.0,1734616000.0,236368000.0,1130687000.0,603929000.0,-253625000.0,350304000.0,2988625000.0,170400000.0,171776000.0,173047000.0
Iron Mountain Inc,IRM,SQL3F6CKNNBM3SQGHX24,1020569,2012.0,Q2,2012-04-01,2012-06-30,2013-08-01 13:15:26+00:00,0.22,0.22,0.27,77510000.0,0.22,-607000.0,48964000.0,38917000.0,41441000.0,-2524000.0,38055000.0,862000.0,313060000.0,752165000.0,,-10066000.0,,,203515000.0,313060000.0,439105000.0,58216000.0,280418000.0,158687000.0,-68282000.0,90405000.0,752165000.0,173000000.0,171296000.0,172231000.0
Iron Mountain Inc,IRM,SQL3F6CKNNBM3SQGHX24,1020569,2012.0,Q2YTD,2012-01-01,2012-06-30,,0.54,0.54,0.52,155518000.0,0.54,112000.0,74224000.0,94897000.0,102514000.0,-7617000.0,93405000.0,1492000.0,628358000.0,1498663000.0,,-6762000.0,,,414175000.0,628358000.0,870305000.0,117000000.0,569805000.0,300500000.0,-123762000.0,176738000.0,1498663000.0,173000000.0,171296000.0,172231000.0
Iron Mountain Inc,IRM,SQL3F6CKNNBM3SQGHX24,1020569,2012.0,Q2TTM,2011-07-01,2012-06-30,,0.95,0.95,1.02,315986000.0,0.95,45010000.0,133696000.0,166823000.0,200290000.0,-33467000.0,162799000.0,4024000.0,1250026000.0,3008806000.0,,-26142000.0,,,812622000.0,1250026000.0,1758780000.0,225034000.0,1173618000.0,585162000.0,-251176000.0,333986000.0,3008806000.0,173000000.0,171296000.0,172231000.0
Iron Mountain Inc,IRM,SQL3F6CKNNBM3SQGHX24,1020569,2012.0,Q1,2012-01-01,2012-03-31,2013-05-02 12:22:32+00:00,0.32,0.32,0.25,78008000.0,0.32,719000.0,25260000.0,55980000.0,61073000.0,-5093000.0,55350000.0,630000.0,315298000.0,746498000.0,,3304000.0,,,210660000.0,315298000.0,431200000.0,58784000.0,289387000.0,141813000.0,-55480000.0,86333000.0,746498000.0,173000000.0,171320000.0,172223000.0
Iron Mountain Inc,IRM,SQL3F6CKNNBM3SQGHX24,1020569,2012.0,Q1TTM,2011-04-01,2012-03-31,,1.98,1.98,1.0,317344000.0,1.97,45397000.0,114984000.0,380953000.0,226309000.0,154644000.0,377428000.0,3525000.0,1244543000.0,3015192000.0,,-18697000.0,,,832496000.0,1244543000.0,1770649000.0,215422000.0,1195237000.0,575412000.0,-234119000.0,341293000.0,3015192000.0,173000000.0,171320000.0,172223000.0
Iron Mountain Inc,IRM,SQL3F6CKNNBM3SQGHX24,1020569,2013.0,Q4,2013-10-01,2013-12-31,,-0.1,0.25,0.27,83249000.0,0.24,2805000.0,-26574000.0,47457000.0,48141000.0,-684000.0,46861000.0,596000.0,336081000.0,767882000.0,1417000.0,-11235000.0,,,250844000.0,336081000.0,431801000.0,63518000.0,336898000.0,94903000.0,-74753000.0,20150000.0,767882000.0,,190994000.0,192412000.0
Iron Mountain Inc,IRM,SQL3F6CKNNBM3SQGHX24,1020569,2013.0,FY,2013-01-01,2013-12-31,2015-02-27 16:48:37+00:00,0.0,0.51,1.08,322037000.0,0.5,430000.0,62127000.0,99992000.0,99161000.0,831000.0,96462000.0,3530000.0,1288878000.0,3024623000.0,1417000.0,-75202000.0,,,924031000.0,1288878000.0,1735745000.0,254174000.0,1246498000.0,489247000.0,-329376000.0,159871000.0,3024623000.0,,190994000.0,192412000.0
Iron Mountain Inc,IRM,SQL3F6CKNNBM3SQGHX24,1020569,2013.0,Q3YTD,2013-01-01,2013-09-30,,0.1,0.26,0.81,238788000.0,0.26,-2375000.0,88701000.0,52535000.0,51020000.0,1515000.0,49601000.0,2934000.0,952797000.0,2256741000.0,,-63967000.0,,,673187000.0,952797000.0,1303944000.0,190656000.0,909600000.0,394344000.0,-254623000.0,139721000.0,2256741000.0,,191332000.0,192268000.0
Iron Mountain Inc,IRM,SQL3F6CKNNBM3SQGHX24,1020569,2013.0,Q3TTM,2012-10-01,2013-09-30,,-0.75,0.39,5.14,318670000.0,0.39,3801000.0,97661000.0,77935000.0,77494000.0,441000.0,74309000.0,3626000.0,1291208000.0,3013908000.0,206000.0,-65521000.0,,,904885000.0,1291208000.0,1722700000.0,254874000.0,1227356000.0,495344000.0,-320395000.0,174949000.0,3013908000.0,,191332000.0,192268000.0
Iron Mountain Inc,IRM,SQL3F6CKNNBM3SQGHX24,1020569,2013.0,Q3,2013-07-01,2013-09-30,2014-10-31 15:09:07+00:00,0.0,0.02,0.27,79659000.0,0.02,-173000.0,24190000.0,4759000.0,5330000.0,-571000.0,3849000.0,910000.0,310665000.0,755314000.0,,-45953000.0,,,225205000.0,310665000.0,444649000.0,64485000.0,304691000.0,139958000.0,-110438000.0,29520000.0,755314000.0,,191332000.0,192268000.0
Iron Mountain Inc,IRM,SQL3F6CKNNBM3SQGHX24,1020569,2013.0,Q2YTD,2013-01-01,2013-06-30,,0.1,0.24,0.54,159129000.0,0.24,-2202000.0,64511000.0,47776000.0,45690000.0,2086000.0,45752000.0,2024000.0,642132000.0,1501427000.0,,-18014000.0,,,447982000.0,642132000.0,859295000.0,126171000.0,604909000.0,254386000.0,-144185000.0,110201000.0,1501427000.0,,190823000.0,192569000.0
Iron Mountain Inc,IRM,SQL3F6CKNNBM3SQGHX24,1020569,2013.0,Q2TTM,2012-07-01,2013-06-30,,-0.44,0.68,5.14,319955000.0,0.68,2347000.0,104591000.0,126927000.0,125883000.0,1044000.0,123269000.0,3658000.0,1290887000.0,3006719000.0,206000.0,-27314000.0,,,884178000.0,1290887000.0,1715832000.0,251770000.0,1206480000.0,509352000.0,-279084000.0,230268000.0,3006719000.0,,190823000.0,192569000.0
Iron Mountain Inc,IRM,SQL3F6CKNNBM3SQGHX24,1020569,2013.0,Q2,2013-04-01,2013-06-30,2014-07-31 14:13:57+00:00,0.0,0.14,0.27,78928000.0,0.14,-1663000.0,25940000.0,27242000.0,27340000.0,-98000.0,26366000.0,876000.0,321056000.0,754396000.0,,-15275000.0,,,224531000.0,321056000.0,433340000.0,62989000.0,301796000.0,131544000.0,-78264000.0,53280000.0,754396000.0,,190823000.0,192569000.0
Iron Mountain Inc,IRM,SQL3F6CKNNBM3SQGHX24,1020569,2013.0,Q1,2013-01-01,2013-03-31,2014-05-01 10:46:29+00:00,0.1,0.1,0.27,80201000.0,0.1,-539000.0,38571000.0,20534000.0,18350000.0,2184000.0,19386000.0,1148000.0,321076000.0,747031000.0,,-2739000.0,,,223451000.0,321076000.0,425955000.0,63182000.0,303113000.0,122842000.0,-65921000.0,56921000.0,747031000.0,193900000.0,190213000.0,192110000.0
Iron Mountain Inc,IRM,SQL3F6CKNNBM3SQGHX24,1020569,2013.0,Q1TTM,2012-04-01,2013-03-31,,-0.22,0.76,5.14,318537000.0,0.76,3403000.0,127615000.0,138602000.0,139984000.0,-1382000.0,134958000.0,3644000.0,1282891000.0,3004488000.0,206000.0,-22105000.0,,,863162000.0,1282891000.0,1721597000.0,246997000.0,1185102000.0,536495000.0,-269102000.0,267393000.0,3004488000.0,193900000.0,190213000.0,192110000.0
Iron Mountain Inc,IRM,SQL3F6CKNNBM3SQGHX24,1020569,2014.0,FY,2014-01-01,2014-12-31,2017-02-23 12:57:50+00:00,1.67,1.67,5.3713,353143000.0,1.66,1065000.0,-97275000.0,328746000.0,328955000.0,-209000.0,326119000.0,2627000.0,1344636000.0,3117693000.0,8307000.0,-65187000.0,,,869572000.0,1344636000.0,1773057000.0,260717000.0,1223780000.0,549277000.0,-325904000.0,223373000.0,3117693000.0,195300000.0,195278000.0,196749000.0
Iron Mountain Inc,IRM,SQL3F6CKNNBM3SQGHX24,1020569,2014.0,Q4,2014-10-01,2014-12-31,,0.04,0.04,0.73,88575000.0,0.04,-164000.0,876000.0,13403000.0,12674000.0,729000.0,12749000.0,654000.0,337024000.0,777978000.0,839000.0,-42200000.0,,,224648000.0,337024000.0,440954000.0,72984000.0,313059000.0,127895000.0,-115184000.0,12711000.0,777978000.0,195300000.0,195278000.0,196749000.0
Iron Mountain Inc,IRM,SQL3F6CKNNBM3SQGHX24,1020569,2014.0,Q3,2014-07-01,2014-09-30,2015-10-30 15:17:07+00:00,0.0,0.0,4.096,89194000.0,0.0,184000.0,54890000.0,858000.0,858000.0,0.0,66000.0,792000.0,335506000.0,782697000.0,0.0,-22508000.0,,,216337000.0,335506000.0,447191000.0,63220000.0,305715000.0,141476000.0,-85728000.0,55748000.0,782697000.0,,193360000.0,194905000.0
Iron Mountain Inc,IRM,SQL3F6CKNNBM3SQGHX24,1020569,2014.0,Q3YTD,2014-01-01,2014-09-30,,1.63,1.63,4.64,264568000.0,1.62,1229000.0,-98151000.0,315343000.0,316281000.0,-938000.0,313370000.0,1973000.0,1007612000.0,2339715000.0,7468000.0,-22987000.0,,,644924000.0,1007612000.0,1332103000.0,187733000.0,910721000.0,421382000.0,-210720000.0,210662000.0,2339715000.0,,193360000.0,194905000.0
Iron Mountain Inc,IRM,SQL3F6CKNNBM3SQGHX24,1020569,2014.0,Q3TTM,2013-10-01,2014-09-30,,1.53,1.88,4.91,347817000.0,1.86,4034000.0,-124725000.0,362800000.0,364422000.0,-1622000.0,360231000.0,2569000.0,1343693000.0,3107597000.0,8885000.0,-34222000.0,,,895768000.0,1343693000.0,1763904000.0,251251000.0,1247619000.0,516285000.0,-285473000.0,230812000.0,3107597000.0,,193360000.0,194905000.0
Iron Mountain Inc,IRM,SQL3F6CKNNBM3SQGHX24,1020569,2014.0,Q2YTD,2014-01-01,2014-06-30,,1.63,1.63,0.54,175374000.0,1.62,1045000.0,-153041000.0,314485000.0,315423000.0,-938000.0,313304000.0,1181000.0,672106000.0,1557018000.0,7468000.0,-479000.0,,,428587000.0,672106000.0,884912000.0,124513000.0,605006000.0,279906000.0,-124992000.0,154914000.0,1557018000.0,192700000.0,192381000.0,193526000.0
Iron Mountain Inc,IRM,SQL3F6CKNNBM3SQGHX24,1020569,2014.0,Q2TTM,2013-07-01,2014-06-30,,1.53,1.9,1.08,338282000.0,1.88,3677000.0,-155425000.0,366701000.0,368894000.0,-2193000.0,364014000.0,2687000.0,1318852000.0,3080214000.0,8885000.0,-57667000.0,,,904636000.0,1318852000.0,1761362000.0,252516000.0,1246595000.0,514767000.0,-310183000.0,204584000.0,3080214000.0,192700000.0,192381000.0,193526000.0
Iron Mountain Inc,IRM,SQL3F6CKNNBM3SQGHX24,1020569,2014.0,Q2,2014-04-01,2014-06-30,2015-07-30 17:27:03+00:00,1.41,1.41,0.2705,88941000.0,1.4,-107000.0,-182775000.0,272376000.0,272702000.0,-326000.0,271637000.0,739000.0,336961000.0,786892000.0,,4838000.0,,,213807000.0,336961000.0,449931000.0,62201000.0,302641000.0,147290000.0,-57363000.0,89927000.0,786892000.0,192700000.0,192381000.0,193526000.0
Iron Mountain Inc,IRM,SQL3F6CKNNBM3SQGHX24,1020569,2014.0,Q1TTM,2013-04-01,2014-03-31,,0.12,0.63,1.08,328269000.0,0.62,2121000.0,53290000.0,121567000.0,123532000.0,-1965000.0,118743000.0,2824000.0,1302947000.0,3047718000.0,8885000.0,-77780000.0,,,915360000.0,1302947000.0,1744771000.0,253304000.0,1245750000.0,499021000.0,-331084000.0,167937000.0,3047718000.0,189400000.0,191879000.0,193069020.0
Iron Mountain Inc,IRM,SQL3F6CKNNBM3SQGHX24,1020569,2014.0,Q1,2014-01-01,2014-03-31,2015-04-30 14:46:18+00:00,0.22,0.22,0.27,86433000.0,0.22,1152000.0,29734000.0,42109000.0,42721000.0,-612000.0,41667000.0,442000.0,335145000.0,770126000.0,7468000.0,-5317000.0,,,214780000.0,335145000.0,434981000.0,62312000.0,302365000.0,132616000.0,-67629000.0,64987000.0,770126000.0,189400000.0,191879000.0,193069020.0
Iron Mountain Inc,IRM,SQL3F6CKNNBM3SQGHX24,1020569,2015.0,FY,2015-01-01,2015-12-31,2018-02-16 16:32:49+00:00,0.58,0.58,1.91,345464000.0,0.58,3000000.0,37713000.0,125203000.0,125203000.0,0.0,123241000.0,1962000.0,1290025000.0,3007976000.0,850000.0,-98590000.0,,,844960000.0,1290025000.0,1717951000.0,263871000.0,1193424000.0,524527000.0,-362461000.0,162066000.0,3007976000.0,212500000.0,210764000.0,212118000.0
Iron Mountain Inc,IRM,SQL3F6CKNNBM3SQGHX24,1020569,2015.0,Q4,2015-10-01,2015-12-31,,0.02,0.02,0.48,85472000.0,0.03,2293000.0,10587000.0,5940000.0,5940000.0,,5705000.0,235000.0,324425000.0,752427000.0,,-38991000.0,,,216968000.0,324425000.0,428002000.0,67751000.0,304733000.0,123269000.0,-106742000.0,16527000.0,752427000.0,212500000.0,210764000.0,212118000.0
Iron Mountain Inc,IRM,SQL3F6CKNNBM3SQGHX24,1020569,2015.0,Q3,2015-07-01,2015-09-30,2016-11-01 11:25:19+00:00,0.11,0.11,0.4751,86492000.0,0.11,-141000.0,3774000.0,23517000.0,23517000.0,0.0,23110000.0,407000.0,317663000.0,746529000.0,850000.0,-35246000.0,,,215693000.0,317663000.0,428866000.0,65135000.0,302044000.0,126822000.0,-100381000.0,26441000.0,746529000.0,210100000.0,210912000.0,211917000.0
Iron Mountain Inc,IRM,SQL3F6CKNNBM3SQGHX24,1020569,2015.0,Q3YTD,2015-01-01,2015-09-30,,0.56,0.56,1.43,259992000.0,0.55,707000.0,27126000.0,119263000.0,119263000.0,,117536000.0,1727000.0,965600000.0,2255549000.0,850000.0,-59599000.0,,,627992000.0,965600000.0,1289949000.0,196120000.0,888691000.0,401258000.0,-255719000.0,145539000.0,2255549000.0,210100000.0,210912000.0,211917000.0
Iron Mountain Inc,IRM,SQL3F6CKNNBM3SQGHX24,1020569,2015.0,Q3TTM,2014-10-01,2015-09-30,,0.6,0.6,2.16,348567000.0,0.59,543000.0,28002000.0,132666000.0,131937000.0,729000.0,130285000.0,2381000.0,1302624000.0,3033527000.0,1689000.0,-101799000.0,,,852640000.0,1302624000.0,1730903000.0,269104000.0,1201750000.0,529153000.0,-370903000.0,158250000.0,3033527000.0,210100000.0,210912000.0,211917000.0
Iron Mountain Inc,IRM,SQL3F6CKNNBM3SQGHX24,1020569,2015.0,Q2,2015-04-01,2015-06-30,2016-08-04 16:45:04+00:00,0.25,0.25,0.4752,87549000.0,0.25,515000.0,7404000.0,54007000.0,54007000.0,0.0,53330000.0,677000.0,326283000.0,759734000.0,,-2004000.0,,,215885000.0,326283000.0,433451000.0,66087000.0,303949000.0,129502000.0,-68091000.0,61411000.0,759734000.0,213300000.0,210699000.0,212077000.0
Iron Mountain Inc,IRM,SQL3F6CKNNBM3SQGHX24,1020569,2015.0,Q2YTD,2015-01-01,2015-06-30,,0.45,0.45,0.95,173500000.0,0.44,848000.0,23352000.0,95746000.0,95746000.0,,94426000.0,1320000.0,647937000.0,1509020000.0,,-24353000.0,,,412299000.0,647937000.0,861083000.0,130985000.0,586647000.0,274436000.0,-155338000.0,119098000.0,1509020000.0,213300000.0,210699000.0,212077000.0
Iron Mountain Inc,IRM,SQL3F6CKNNBM3SQGHX24,1020569,2015.0,Q2TTM,2014-07-01,2015-06-30,,0.49,0.49,5.78,351269000.0,0.48,868000.0,79118000.0,110007000.0,109278000.0,729000.0,107241000.0,2766000.0,1320467000.0,3069695000.0,839000.0,-89061000.0,,,853284000.0,1320467000.0,1749228000.0,267189000.0,1205421000.0,543807000.0,-356250000.0,187557000.0,3069695000.0,213300000.0,210699000.0,212077000.0
Iron Mountain Inc,IRM,SQL3F6CKNNBM3SQGHX24,1020569,2015.0,Q1,2015-01-01,2015-03-31,2016-04-28 08:03:15+00:00,0.2,0.2,0.4747,85951000.0,0.19,333000.0,15948000.0,41739000.0,41739000.0,,41096000.0,643000.0,321654000.0,749286000.0,,-22349000.0,,,196414000.0,321654000.0,427632000.0,64898000.0,282698000.0,144934000.0,-87247000.0,57687000.0,749286000.0,205500000.0,210237000.0,212249000.0
Iron Mountain Inc,IRM,SQL3F6CKNNBM3SQGHX24,1020569,2015.0,Q1TTM,2014-04-01,2015-03-31,,1.65,1.65,5.58,352661000.0,1.63,246000.0,-111061000.0,328376000.0,327973000.0,403000.0,325548000.0,2828000.0,1331145000.0,3096853000.0,839000.0,-82219000.0,,,851206000.0,1331145000.0,1765708000.0,263303000.0,1204113000.0,561595000.0,-345522000.0,216073000.0,3096853000.0,205500000.0,210237000.0,212249000.0
Iron Mountain Inc,IRM,SQL3F6CKNNBM3SQGHX24,1020569,2016.0,FY,2016-01-01,2016-12-31,2019-02-14 16:15:05+00:00,0.43,0.43,2.04,452326000.0,0.42,1412000.0,44944000.0,107233000.0,103880000.0,3353000.0,104824000.0,2409000.0,1567777000.0,3511453000.0,2180000.0,-44300000.0,,,988332000.0,1567777000.0,1943676000.0,310662000.0,1442070000.0,501606000.0,-354962000.0,146644000.0,3511453000.0,243800000.0,246178000.0,247266998.0
Iron Mountain Inc,IRM,SQL3F6CKNNBM3SQGHX24,1020569,2016.0,Q4,2016-10-01,2016-12-31,,0.16,0.16,0.55,125430000.0,0.15,2543000.0,-1213000.0,49525000.0,49800000.0,-275000.0,48938000.0,587000.0,416215000.0,934193000.0,1855000.0,-7294000.0,,,250545000.0,416215000.0,517978000.0,85434000.0,378518000.0,139460000.0,-92728000.0,46732000.0,934193000.0,243800000.0,246178000.0,247266998.0
Iron Mountain Inc,IRM,SQL3F6CKNNBM3SQGHX24,1020569,2016.0,Q3,2016-07-01,2016-09-30,2017-10-26 16:13:00+00:00,0.03,0.03,0.4852,124670000.0,0.03,-54000.0,23418000.0,7800000.0,5759000.0,2041000.0,7080000.0,720000.0,429808000.0,942822000.0,325000.0,-23302000.0,,,252944000.0,429808000.0,513014000.0,83300000.0,377560000.0,135454000.0,-106602000.0,28852000.0,942822000.0,236000000.0,263269000.0,264501975.0
Iron Mountain Inc,IRM,SQL3F6CKNNBM3SQGHX24,1020569,2016.0,Q3YTD,2016-01-01,2016-09-30,,0.27,0.27,1.49,326896000.0,0.27,-1131000.0,46157000.0,57708000.0,54080000.0,3628000.0,55886000.0,1822000.0,1151562000.0,2577260000.0,325000.0,-37006000.0,,,737787000.0,1151562000.0,1425698000.0,225228000.0,1063552000.0,362146000.0,-262234000.0,99912000.0,2577260000.0,236000000.0,263269000.0,264501975.0
Iron Mountain Inc,IRM,SQL3F6CKNNBM3SQGHX24,1020569,2016.0,Q3TTM,2015-10-01,2016-09-30,,0.29,0.29,1.97,412368000.0,0.3,1162000.0,56744000.0,63648000.0,60020000.0,3628000.0,61591000.0,2057000.0,1475987000.0,3329687000.0,325000.0,-75997000.0,,,954755000.0,1475987000.0,1853700000.0,292979000.0,1368285000.0,485415000.0,-368976000.0,116439000.0,3329687000.0,236000000.0,263269000.0,264501975.0
Iron Mountain Inc,IRM,SQL3F6CKNNBM3SQGHX24,1020569,2016.0,Q2,2016-04-01,2016-06-30,2017-07-28 16:04:30+00:00,-0.06,-0.06,0.5174,115022000.0,-0.06,-626000.0,10839000.0,-13133000.0,-14720000.0,1587000.0,-13968000.0,835000.0,395649000.0,883748000.0,0.0,-25641000.0,,,277077000.0,395649000.0,488099000.0,74866000.0,391473000.0,96626000.0,-100507000.0,-3881000.0,883748000.0,232800000.0,246387000.0,246387000.0
Iron Mountain Inc,IRM,SQL3F6CKNNBM3SQGHX24,1020569,2016.0,Q2YTD,2016-01-01,2016-06-30,,0.24,0.24,1.0,202226000.0,0.24,-1077000.0,22739000.0,49908000.0,48321000.0,1587000.0,48806000.0,1102000.0,721754000.0,1634438000.0,,-13704000.0,,,484843000.0,721754000.0,912684000.0,141928000.0,685992000.0,226692000.0,-155632000.0,71060000.0,1634438000.0,232800000.0,246387000.0,246387000.0
Iron Mountain Inc,IRM,SQL3F6CKNNBM3SQGHX24,1020569,2016.0,Q2TTM,2015-07-01,2016-06-30,,0.37,0.37,1.96,374190000.0,0.38,1075000.0,37100000.0,79365000.0,77778000.0,1587000.0,77621000.0,1744000.0,1363842000.0,3133394000.0,850000.0,-87941000.0,,,917504000.0,1363842000.0,1769552000.0,274814000.0,1292769000.0,476783000.0,-362755000.0,114028000.0,3133394000.0,232800000.0,246387000.0,246387000.0
Iron Mountain Inc,IRM,SQL3F6CKNNBM3SQGHX24,1020569,2016.0,Q1,2016-01-01,2016-03-31,2017-04-27 14:08:45+00:00,0.3,0.3,0.4853,87204000.0,0.3,-451000.0,11900000.0,63041000.0,63041000.0,0.0,62774000.0,267000.0,326105000.0,750690000.0,,11937000.0,,,207766000.0,326105000.0,424585000.0,67062000.0,294519000.0,130066000.0,-55125000.0,74941000.0,750690000.0,209200000.0,211526000.0,212471441.0
Iron Mountain Inc,IRM,SQL3F6CKNNBM3SQGHX24,1020569,2016.0,Q1TTM,2015-04-01,2016-03-31,,0.68,0.68,1.92,346717000.0,0.69,2216000.0,33665000.0,146505000.0,146505000.0,,144919000.0,1586000.0,1294476000.0,3009380000.0,850000.0,-64304000.0,,,856312000.0,1294476000.0,1714904000.0,266035000.0,1205245000.0,509659000.0,-330339000.0,179320000.0,3009380000.0,209200000.0,211526000.0,212471441.0
Iron Mountain Inc,IRM,SQL3F6CKNNBM3SQGHX24,1020569,2017.0,FY,2017-01-01,2017-12-31,2020-02-13 16:08:45+00:00,0.64,0.64,2.27,522376000.0,0.64,2245000.0,22962000.0,171724000.0,178015000.0,-6291000.0,170113000.0,1611000.0,1664825000.0,3845578000.0,,-79429000.0,84901000.0,0.0,937180000.0,1664825000.0,2180753000.0,353645000.0,1546702000.0,634051000.0,-433074000.0,200977000.0,3845578000.0,265800000.0,265898000.0,266844584.0
Iron Mountain Inc,IRM,SQL3F6CKNNBM3SQGHX24,1020569,2017.0,Q4,2017-10-01,2017-12-31,,0.03,0.03,-1.65,141057000.0,0.03,3212000.0,-6535000.0,7771000.0,10641000.0,-2870000.0,9013000.0,-1242000.0,405507000.0,991235000.0,-925000.0,-45680000.0,84901000.0,,217212000.0,405507000.0,585728000.0,88635000.0,446382000.0,139346000.0,-134315000.0,5031000.0,991235000.0,265800000.0,265898000.0,266844584.0
Iron Mountain Inc,IRM,SQL3F6CKNNBM3SQGHX24,1020569,2017.0,Q3,2017-07-01,2017-09-30,2018-10-25 16:10:28+00:00,0.09,0.09,0.5534,128513000.0,0.09,-292000.0,2268000.0,24324000.0,25382000.0,-1058000.0,24345000.0,-21000.0,418327000.0,965661000.0,-638000.0,-59479000.0,,,242357000.0,418327000.0,547334000.0,88989000.0,370578000.0,176756000.0,-148468000.0,28288000.0,965661000.0,270500000.0,265198000.0,266139000.0
Iron Mountain Inc,IRM,SQL3F6CKNNBM3SQGHX24,1020569,2017.0,Q3YTD,2017-01-01,2017-09-30,,0.61,0.61,1.65,381319000.0,0.61,-967000.0,29497000.0,163953000.0,167374000.0,-3421000.0,161100000.0,2853000.0,1259318000.0,2854343000.0,925000.0,-33749000.0,,,719968000.0,1259318000.0,1595025000.0,265010000.0,1100320000.0,494705000.0,-298759000.0,195946000.0,2854343000.0,270500000.0,265198000.0,266139000.0
Iron Mountain Inc,IRM,SQL3F6CKNNBM3SQGHX24,1020569,2017.0,Q3TTM,2016-10-01,2017-09-30,,0.77,0.77,2.21,506749000.0,0.76,1576000.0,28284000.0,213478000.0,217174000.0,-3696000.0,210038000.0,3440000.0,1675533000.0,3788536000.0,2780000.0,-41043000.0,,,970513000.0,1675533000.0,2113003000.0,350444000.0,1478838000.0,634165000.0,-391487000.0,242678000.0,3788536000.0,270500000.0,265198000.0,266139000.0
Iron Mountain Inc,IRM,SQL3F6CKNNBM3SQGHX24,1020569,2017.0,Q2,2017-04-01,2017-06-30,2018-07-27 16:04:09+00:00,0.3,0.3,0.5504,128099000.0,0.3,-216000.0,18009000.0,81122000.0,83148000.0,-2026000.0,78630000.0,2492000.0,414284000.0,949806000.0,1563000.0,19366000.0,,,237445000.0,414284000.0,535522000.0,89966000.0,365328000.0,170194000.0,-70600000.0,99594000.0,949806000.0,262100000.0,264217000.0,264930000.0
Iron Mountain Inc,IRM,SQL3F6CKNNBM3SQGHX24,1020569,2017.0,Q2YTD,2017-01-01,2017-06-30,,0.52,0.52,1.1,252806000.0,0.52,-675000.0,27229000.0,139629000.0,141992000.0,-2363000.0,136755000.0,2874000.0,840991000.0,1888682000.0,1563000.0,25730000.0,,,477611000.0,840991000.0,1047691000.0,176021000.0,729742000.0,317949000.0,-150291000.0,167658000.0,1888682000.0,262100000.0,264217000.0,264930000.0
Iron Mountain Inc,IRM,SQL3F6CKNNBM3SQGHX24,1020569,2017.0,Q2TTM,2016-07-01,2017-06-30,,0.71,0.71,2.14,502906000.0,0.7,1814000.0,49434000.0,196954000.0,197551000.0,-597000.0,192773000.0,4181000.0,1687014000.0,3765697000.0,3743000.0,-4866000.0,,,981100000.0,1687014000.0,2078683000.0,344755000.0,1485820000.0,592863000.0,-349621000.0,243242000.0,3765697000.0,262100000.0,264217000.0,264930000.0
Iron Mountain Inc,IRM,SQL3F6CKNNBM3SQGHX24,1020569,2017.0,Q1,2017-01-01,2017-03-31,2018-04-26 16:45:38+00:00,0.22,0.22,0.5504,124707000.0,0.22,-459000.0,9220000.0,58507000.0,58844000.0,-337000.0,58125000.0,382000.0,426707000.0,938876000.0,,6364000.0,,,240166000.0,426707000.0,512169000.0,86055000.0,364414000.0,147755000.0,-79691000.0,68064000.0,938876000.0,264200000.0,263855000.0,264810000.0
Iron Mountain Inc,IRM,SQL3F6CKNNBM3SQGHX24,1020569,2017.0,Q1TTM,2016-04-01,2017-03-31,,0.35,0.35,2.11,489829000.0,0.34,1404000.0,42264000.0,102699000.0,99683000.0,3016000.0,100175000.0,2524000.0,1668379000.0,3699639000.0,2180000.0,-49873000.0,,,1020732000.0,1668379000.0,2031260000.0,329655000.0,1511965000.0,519295000.0,-379528000.0,139767000.0,3699639000.0,264200000.0,263855000.0,264810000.0
Iron Mountain Inc,IRM,SQL3F6CKNNBM3SQGHX24,1020569,2018.0,FY,2018-01-01,2018-12-31,2020-02-13 16:08:45+00:00,1.24,1.24,2.38,639514000.0,1.23,-73622000.0,42753000.0,355131000.0,367558000.0,-12427000.0,353933000.0,1198000.0,1793954000.0,4225761000.0,,11692000.0,50665000.0,0.0,1006983000.0,1793954000.0,2431807000.0,409648000.0,1623540000.0,808267000.0,-397956000.0,410311000.0,4225761000.0,285400000.0,285913000.0,286652588.0
Iron Mountain Inc,IRM,SQL3F6CKNNBM3SQGHX24,1020569,2018.0,Q4,2018-10-01,2018-12-31,,1.09,0.53,,164919000.0,0.52,-71558000.0,1505000.0,152332000.0,152332000.0,,151619000.0,713000.0,445751000.0,1061489000.0,,13112000.0,50665000.0,,225099000.0,445751000.0,615738000.0,105888000.0,369125000.0,246613000.0,-92776000.0,153837000.0,1061489000.0,285400000.0,285913000.0,286652588.0
Iron Mountain Inc,IRM,SQL3F6CKNNBM3SQGHX24,1020569,2018.0,Q3,2018-07-01,2018-09-30,2019-10-31 16:06:15+00:00,0.0,0.23,,157797000.0,0.23,-388000.0,14023000.0,65744000.0,77349000.0,-11605000.0,65869000.0,-125000.0,448018000.0,1060991000.0,,-325000.0,,,259929000.0,448018000.0,612973000.0,103938000.0,417338000.0,195635000.0,-104263000.0,91372000.0,1060991000.0,,286159000.0,286982342.0
Iron Mountain Inc,IRM,SQL3F6CKNNBM3SQGHX24,1020569,2018.0,Q3YTD,2018-01-01,2018-09-30,,0.15,0.71,,474595000.0,0.71,-2064000.0,41248000.0,202799000.0,215226000.0,-12427000.0,202314000.0,485000.0,1348203000.0,3164272000.0,,-1420000.0,,,781884000.0,1348203000.0,1816069000.0,303760000.0,1254415000.0,561654000.0,-305180000.0,256474000.0,3164272000.0,,286159000.0,286982342.0
Iron Mountain Inc,IRM,SQL3F6CKNNBM3SQGHX24,1020569,2018.0,Q3TTM,2017-10-01,2018-09-30,,0.18,0.74,-1.65,615652000.0,0.74,1148000.0,34713000.0,210570000.0,225867000.0,-15297000.0,211327000.0,-757000.0,1753710000.0,4155507000.0,-925000.0,-47100000.0,84901000.0,,999096000.0,1753710000.0,2401797000.0,392395000.0,1700797000.0,701000000.0,-439495000.0,261505000.0,4155507000.0,,286159000.0,286982342.0
Iron Mountain Inc,IRM,SQL3F6CKNNBM3SQGHX24,1020569,2018.0,Q2,2018-04-01,2018-06-30,2019-08-01 16:16:25+00:00,-0.01,0.32,,156220000.0,0.32,-546000.0,26057000.0,91903000.0,92263000.0,-360000.0,91761000.0,142000.0,451464000.0,1060823000.0,,19056000.0,,,252225000.0,451464000.0,609359000.0,102196000.0,407899000.0,201460000.0,-83140000.0,118320000.0,1060823000.0,-9176100000.0,285984000.0,286569251.0
Iron Mountain Inc,IRM,SQL3F6CKNNBM3SQGHX24,1020569,2018.0,Q2YTD,2018-01-01,2018-06-30,,0.15,0.48,,316798000.0,0.48,-1676000.0,27225000.0,137055000.0,137877000.0,-822000.0,136445000.0,610000.0,900185000.0,2103281000.0,,-1095000.0,,,521955000.0,900185000.0,1203096000.0,199822000.0,837077000.0,366019000.0,-200917000.0,165102000.0,2103281000.0,-9176100000.0,285984000.0,286569251.0
Iron Mountain Inc,IRM,SQL3F6CKNNBM3SQGHX24,1020569,2018.0,Q2TTM,2017-07-01,2018-06-30,,0.27,0.6,-1.1,586368000.0,0.6,1244000.0,22958000.0,169150000.0,173900000.0,-4750000.0,169803000.0,-653000.0,1724019000.0,4060177000.0,-1563000.0,-106254000.0,84901000.0,,981524000.0,1724019000.0,2336158000.0,377446000.0,1654037000.0,682121000.0,-483700000.0,198421000.0,4060177000.0,-9176100000.0,285984000.0,286569251.0
Iron Mountain Inc,IRM,SQL3F6CKNNBM3SQGHX24,1020569,2018.0,Q1,2018-01-01,2018-03-31,2019-04-25 16:27:28+00:00,0.16,0.16,0.0,160578000.0,0.16,-1130000.0,1168000.0,45152000.0,45614000.0,-462000.0,44684000.0,468000.0,448721000.0,1042458000.0,0.0,-20151000.0,,,269730000.0,448721000.0,593737000.0,97626000.0,429178000.0,164559000.0,-117777000.0,46782000.0,1042458000.0,279300000.0,285259000.0,285992878.0
Iron Mountain Inc,IRM,SQL3F6CKNNBM3SQGHX24,1020569,2018.0,Q1TTM,2017-04-01,2018-03-31,,0.58,0.58,-0.55,558247000.0,0.58,1574000.0,14910000.0,158369000.0,164785000.0,-6416000.0,156672000.0,1697000.0,1686839000.0,3949160000.0,,-105944000.0,84901000.0,,966744000.0,1686839000.0,2262321000.0,365216000.0,1611466000.0,650855000.0,-471160000.0,179695000.0,3949160000.0,279300000.0,285259000.0,285992878.0
Iron Mountain Inc,IRM,SQL3F6CKNNBM3SQGHX24,1020569,2019.0,FY,2019-01-01,2019-12-31,2020-02-13 16:08:45+00:00,0.93,0.93,2.45,658201000.0,0.93,-63824000.0,59931000.0,268315000.0,268211000.0,104000.0,267377000.0,938000.0,1833315000.0,4262584000.0,,-33898000.0,13293000.0,48597000.0,991664000.0,1833315000.0,2429269000.0,419298000.0,1647931000.0,781338000.0,-453196000.0,328142000.0,4262584000.0,287500000.0,286971000.0,287686944.0
Iron Mountain Inc,IRM,SQL3F6CKNNBM3SQGHX24,1020569,2019.0,Q4,2019-10-01,2019-12-31,,0.14,0.14,-0.61,173826000.0,0.14,-46737000.0,16804000.0,37104000.0,37104000.0,,37700000.0,-596000.0,456250000.0,1079590000.0,,-47295000.0,10547000.0,48597000.0,231033000.0,456250000.0,623340000.0,104871000.0,417266000.0,206074000.0,-152166000.0,53908000.0,1079590000.0,287500000.0,286971000.0,287686944.0
Iron Mountain Inc,IRM,SQL3F6CKNNBM3SQGHX24,1020569,2019.0,Q3YTD,2019-01-01,2019-09-30,,0.79,0.79,0.61,484375000.0,0.79,-17087000.0,43127000.0,231211000.0,231107000.0,104000.0,229677000.0,1534000.0,1377065000.0,3182994000.0,,13397000.0,2746000.0,,760631000.0,1377065000.0,1805929000.0,314427000.0,1230665000.0,575264000.0,-301030000.0,274234000.0,3182994000.0,291000000.0,287152000.0,287690833.0
Iron Mountain Inc,IRM,SQL3F6CKNNBM3SQGHX24,1020569,2019.0,Q3TTM,2018-10-01,2019-09-30,,1.88,1.32,0.61,649294000.0,1.31,-88645000.0,44632000.0,383543000.0,383439000.0,104000.0,381296000.0,2247000.0,1822816000.0,4244483000.0,,26509000.0,53411000.0,,985730000.0,1822816000.0,2421667000.0,420315000.0,1599790000.0,821877000.0,-393806000.0,428071000.0,4244483000.0,291000000.0,287152000.0,287690833.0
Iron Mountain Inc,IRM,SQL3F6CKNNBM3SQGHX24,1020569,2019.0,Q3,2019-07-01,2019-09-30,2019-10-31 16:06:15+00:00,0.37,0.37,,157561000.0,0.37,-9284000.0,21928000.0,108284000.0,108284000.0,0.0,107675000.0,609000.0,451317000.0,1062224000.0,,13415000.0,,,239156000.0,451317000.0,610907000.0,106677000.0,387433000.0,223474000.0,-93262000.0,130212000.0,1062224000.0,291000000.0,287152000.0,287690833.0
Iron Mountain Inc,IRM,SQL3F6CKNNBM3SQGHX24,1020569,2019.0,Q2YTD,2019-01-01,2019-06-30,,0.42,0.42,0.61,326814000.0,0.42,-7803000.0,21199000.0,122927000.0,122823000.0,104000.0,122002000.0,925000.0,925748000.0,2120770000.0,,-18000.0,2746000.0,,521475000.0,925748000.0,1195022000.0,207750000.0,843232000.0,351790000.0,-207768000.0,144022000.0,2120770000.0,288900000.0,286925000.0,287481288.0
Iron Mountain Inc,IRM,SQL3F6CKNNBM3SQGHX24,1020569,2019.0,Q2TTM,2018-07-01,2019-06-30,,1.51,1.18,0.61,649530000.0,1.17,-79749000.0,36727000.0,341003000.0,352504000.0,-11501000.0,339490000.0,1513000.0,1819517000.0,4243250000.0,,12769000.0,53411000.0,,1006503000.0,1819517000.0,2423733000.0,417576000.0,1629695000.0,794038000.0,-404807000.0,389231000.0,4243250000.0,288900000.0,286925000.0,287481288.0
Iron Mountain Inc,IRM,SQL3F6CKNNBM3SQGHX24,1020569,2019.0,Q2,2019-04-01,2019-06-30,2019-08-01 16:16:25+00:00,0.32,0.32,,164331000.0,0.32,-8405000.0,10646000.0,92475000.0,92347000.0,128000.0,92441000.0,34000.0,465102000.0,1066907000.0,,15192000.0,,,252764000.0,465102000.0,601805000.0,105314000.0,408690000.0,193115000.0,-90122000.0,102993000.0,1066907000.0,288900000.0,286925000.0,287481288.0
Iron Mountain Inc,IRM,SQL3F6CKNNBM3SQGHX24,1020569,2019.0,Q1,2019-01-01,2019-03-31,2020-05-07 16:18:12+00:00,0.1,0.1,0.611,162483000.0,0.1,602000.0,10553000.0,30452000.0,30476000.0,-24000.0,29561000.0,891000.0,460646000.0,1053863000.0,,-15210000.0,2746000.0,0.0,268711000.0,460646000.0,593217000.0,102436000.0,434542000.0,158675000.0,-117646000.0,41029000.0,1053863000.0,295600000.0,286528000.0,287492000.0
Iron Mountain Inc,IRM,SQL3F6CKNNBM3SQGHX24,1020569,2019.0,Q1TTM,2018-04-01,2019-03-31,,1.18,1.18,0.61,641419000.0,1.17,-71890000.0,52138000.0,340431000.0,352420000.0,-11989000.0,338810000.0,1621000.0,1805879000.0,4237166000.0,,16633000.0,53411000.0,,1005964000.0,1805879000.0,2431287000.0,414458000.0,1628904000.0,802383000.0,-397825000.0,404558000.0,4237166000.0,295600000.0,286528000.0,287492000.0
Iron Mountain Inc,IRM,SQL3F6CKNNBM3SQGHX24,1020569,2020.0,Q1TTM,2019-04-01,2020-03-31,,1.05,1.05,0.01,658302000.0,1.05,-42481000.0,59065000.0,302755000.0,302627000.0,128000.0,301791000.0,964000.0,1839590000.0,4277452000.0,,24038000.0,10547000.0,89643000.0,961686000.0,1839590000.0,2437862000.0,422511000.0,1677697000.0,760165000.0,-398473000.0,361692000.0,4277452000.0,290800000.0,287840000.0,288359000.0
Iron Mountain Inc,IRM,SQL3F6CKNNBM3SQGHX24,1020569,2020.0,Q1,2020-01-01,2020-03-31,2020-05-07 16:18:12+00:00,0.22,0.22,0.6185,162584000.0,0.22,21945000.0,9687000.0,64892000.0,64892000.0,0.0,63975000.0,917000.0,466921000.0,1068731000.0,,42726000.0,0.0,41046000.0,238733000.0,466921000.0,601810000.0,105649000.0,464308000.0,137502000.0,-62923000.0,74579000.0,1068731000.0,290800000.0,287840000.0,288359000.0
