company_name,company_ticker,company_lei,company_cik,year,quarter,start_date,end_date,filing_date,basicdilutedeps,basiceps,dilutedeps,impairmentexpense,incometaxexpense,netincome,netincomecontinuing,netincomediscontinued,netincometocommon,netincometononcontrollinginterest,operatingcostofrevenue,operatingrevenue,otherincome,otheroperatingexpenses,otherrevenue,otherspecialcharges,rdexpense,restructuringcharge,sgaexpense,totalcostofrevenue,totalgrossprofit,totalinterestexpense,totaloperatingexpenses,totaloperatingincome,totalotherincome,totalpretaxincome,totalrevenue,weightedavebasicdilutedsharesos,weightedavebasicsharesos,weightedavedilutedsharesos
Endo International PLC,ENDP,5493007TBMWZWGZIB256,1593034,2008.0,FY,2008-01-01,2008-12-31,2011-02-28 17:08:50+00:00,,2.07,2.06,8083000.0,136492000.0,255336000.0,255336000.0,,255336000.0,,267235000.0,1260536000.0,-1753000.0,,,,109681000.0,0.0,488063000.0,267235000.0,993301000.0,-6107000.0,605827000.0,387474000.0,4354000.0,391828000.0,1260536000.0,,123248000.0,123720000.0
Endo International PLC,ENDP,5493007TBMWZWGZIB256,1593034,2009.0,FY,2009-01-01,2009-12-31,2012-02-29 17:19:07+00:00,,2.27,2.27,69000000.0,93324000.0,266336000.0,266336000.0,,266336000.0,,375058000.0,1451577000.0,3329000.0,,9264000.0,,185317000.0,-93081000.0,534523000.0,375058000.0,1085783000.0,33693000.0,695759000.0,390024000.0,-30364000.0,359660000.0,1460841000.0,,117112000.0,117515000.0
Endo International PLC,ENDP,5493007TBMWZWGZIB256,1593034,2009.0,Q3,2009-07-01,2009-09-30,2010-11-02 08:00:33+00:00,,0.42,0.42,,29907000.0,49422000.0,49422000.0,,49422000.0,,97307000.0,358344000.0,1194000.0,,2683000.0,,59690000.0,-20206000.0,139922000.0,97307000.0,263720000.0,6179000.0,179406000.0,84314000.0,-4985000.0,79329000.0,361027000.0,,117207000.0,117643000.0
Endo International PLC,ENDP,5493007TBMWZWGZIB256,1593034,2009.0,Q2,2009-04-01,2009-06-30,2010-08-02 09:26:02+00:00,,0.26,0.26,,25986000.0,30029000.0,30029000.0,,30029000.0,,95069000.0,373108000.0,1515000.0,,,,48508000.0,35023000.0,129592000.0,95069000.0,278039000.0,10416000.0,213123000.0,64916000.0,-8901000.0,56015000.0,373108000.0,,117158000.0,117350000.0
Endo International PLC,ENDP,5493007TBMWZWGZIB256,1593034,2010.0,Q4,2010-10-01,2010-12-31,,,0.81,0.79,22000000.0,31409000.0,105733000.0,105733000.0,,92985000.0,12748000.0,169548000.0,457458000.0,1454000.0,,53732000.0,,39256000.0,-12339000.0,143203000.0,169548000.0,341642000.0,13834000.0,192120000.0,149522000.0,-12380000.0,137142000.0,511190000.0,,116164000.0,117951000.0
Endo International PLC,ENDP,5493007TBMWZWGZIB256,1593034,2010.0,FY,2010-01-01,2010-12-31,2013-03-01 16:22:49+00:00,,2.23,2.2,35000000.0,133678000.0,287020000.0,287020000.0,,259006000.0,28014000.0,504757000.0,1601192000.0,1933000.0,,115037000.0,0.0,144525000.0,18976000.0,547605000.0,504757000.0,1211472000.0,46601000.0,746106000.0,465366000.0,-44668000.0,420698000.0,1716229000.0,,116164000.0,117951000.0
Endo International PLC,ENDP,5493007TBMWZWGZIB256,1593034,2010.0,Q3YTD,2010-01-01,2010-09-30,,,1.42,1.41,13000000.0,102269000.0,181287000.0,181287000.0,,166021000.0,15266000.0,335209000.0,1143734000.0,479000.0,,61305000.0,,105269000.0,31315000.0,404402000.0,335209000.0,869830000.0,32767000.0,553986000.0,315844000.0,-32288000.0,283556000.0,1205039000.0,,115469000.0,116597000.0
Endo International PLC,ENDP,5493007TBMWZWGZIB256,1593034,2010.0,Q3,2010-07-01,2010-09-30,2011-10-31 17:25:07+00:00,,0.47,0.46,,33540000.0,69472000.0,69472000.0,,54206000.0,15266000.0,133920000.0,389264000.0,59000.0,,54839000.0,,31445000.0,24990000.0,137816000.0,133920000.0,310183000.0,12979000.0,194251000.0,115932000.0,-12920000.0,103012000.0,444103000.0,,115469000.0,116597000.0
Endo International PLC,ENDP,5493007TBMWZWGZIB256,1593034,2010.0,Q2YTD,2010-01-01,2010-06-30,,,0.95,0.95,13000000.0,68729000.0,111815000.0,111815000.0,,111815000.0,,201289000.0,754470000.0,420000.0,,6466000.0,,73824000.0,6325000.0,266586000.0,201289000.0,559647000.0,19788000.0,359735000.0,199912000.0,-19368000.0,180544000.0,760936000.0,,116060000.0,116660000.0
Endo International PLC,ENDP,5493007TBMWZWGZIB256,1593034,2010.0,Q2,2010-04-01,2010-06-30,2011-08-31 16:19:55+00:00,,0.44,0.44,13000000.0,32362000.0,51460000.0,51460000.0,,51460000.0,,107216000.0,394121000.0,201000.0,,2403000.0,,44656000.0,4796000.0,133251000.0,107216000.0,289308000.0,9984000.0,195703000.0,93605000.0,-9783000.0,83822000.0,396524000.0,,116060000.0,116660000.0
Endo International PLC,ENDP,5493007TBMWZWGZIB256,1593034,2010.0,Q1,2010-01-01,2010-03-31,2011-04-29 12:16:29+00:00,,0.51,0.51,,36367000.0,60355000.0,60355000.0,,60355000.0,,94073000.0,360349000.0,219000.0,,4063000.0,,29168000.0,1529000.0,133335000.0,94073000.0,270339000.0,9804000.0,164032000.0,106307000.0,-9585000.0,96722000.0,364412000.0,,117347000.0,118031000.0
Endo International PLC,ENDP,5493007TBMWZWGZIB256,1593034,2011.0,Q4,2011-10-01,2011-12-31,,,0.31,0.31,93398000.0,11801000.0,49913000.0,2206000.0,47707000.0,36594000.0,13319000.0,177653000.0,748053000.0,-1370000.0,,-149848000.0,,52984000.0,2498000.0,202042000.0,177653000.0,420552000.0,54253000.0,350922000.0,69630000.0,-55623000.0,14007000.0,598205000.0,,116706000.0,121178000.0
Endo International PLC,ENDP,5493007TBMWZWGZIB256,1593034,2011.0,FY,2011-01-01,2011-12-31,2014-02-28 17:33:34+00:00,,1.61,1.55,116089000.0,112084000.0,242065000.0,194358000.0,47707000.0,187613000.0,54452000.0,948080000.0,2509388000.0,1407000.0,0.0,15532000.0,0.0,179838000.0,32015000.0,783920000.0,948080000.0,1576840000.0,159943000.0,1111862000.0,464978000.0,-158536000.0,306442000.0,2524920000.0,,116706000.0,121178000.0
Endo International PLC,ENDP,5493007TBMWZWGZIB256,1593034,2011.0,Q3YTD,2011-01-01,2011-09-30,,,1.3,1.24,22691000.0,100283000.0,192152000.0,192152000.0,,151019000.0,41133000.0,770427000.0,1761335000.0,2777000.0,,165380000.0,,126854000.0,29517000.0,581878000.0,770427000.0,1156288000.0,105690000.0,760940000.0,395348000.0,-102913000.0,292435000.0,1926715000.0,,116816000.0,120847000.0
Endo International PLC,ENDP,5493007TBMWZWGZIB256,1593034,2011.0,Q3TTM,2010-10-01,2011-09-30,,,2.11,2.03,44691000.0,131692000.0,297885000.0,297885000.0,,244004000.0,53881000.0,939975000.0,2218793000.0,4231000.0,,219112000.0,,166110000.0,17178000.0,725081000.0,939975000.0,1497930000.0,119524000.0,953060000.0,544870000.0,-115293000.0,429577000.0,2437905000.0,,116816000.0,120847000.0
Endo International PLC,ENDP,5493007TBMWZWGZIB256,1593034,2011.0,Q3,2011-07-01,2011-09-30,2012-11-05 16:31:26+00:00,,0.35,0.34,22691000.0,34057000.0,56305000.0,56305000.0,,40649000.0,15656000.0,302172000.0,701176000.0,3000000.0,,57902000.0,0.0,43884000.0,5818000.0,244359000.0,302172000.0,456906000.0,52792000.0,316752000.0,140154000.0,-49792000.0,90362000.0,759078000.0,,116816000.0,120847000.0
Endo International PLC,ENDP,5493007TBMWZWGZIB256,1593034,2011.0,Q2YTD,2011-01-01,2011-06-30,,,0.95,0.9,,66226000.0,135847000.0,135847000.0,,110370000.0,25477000.0,468255000.0,1060159000.0,-223000.0,,107478000.0,,82970000.0,23699000.0,337519000.0,468255000.0,699382000.0,52898000.0,444188000.0,255194000.0,-53121000.0,202073000.0,1167637000.0,,116663000.0,122686000.0
Endo International PLC,ENDP,5493007TBMWZWGZIB256,1593034,2011.0,Q2TTM,2010-07-01,2011-06-30,,,2.23,2.15,22000000.0,131175000.0,311052000.0,311052000.0,,257561000.0,53491000.0,771723000.0,1906881000.0,1290000.0,,216049000.0,,153671000.0,36350000.0,618538000.0,771723000.0,1351207000.0,79711000.0,830559000.0,520648000.0,-78421000.0,442227000.0,2122930000.0,,116663000.0,122686000.0
Endo International PLC,ENDP,5493007TBMWZWGZIB256,1593034,2011.0,Q2,2011-04-01,2011-06-30,2012-08-07 17:26:26+00:00,,0.47,0.44,0.0,32780000.0,67552000.0,67552000.0,,54583000.0,12969000.0,236697000.0,554375000.0,125000.0,,53236000.0,0.0,40840000.0,17626000.0,178133000.0,236697000.0,370914000.0,34108000.0,236599000.0,134315000.0,-33983000.0,100332000.0,607611000.0,,116663000.0,122686000.0
Endo International PLC,ENDP,5493007TBMWZWGZIB256,1593034,2011.0,Q1TTM,2010-04-01,2011-03-31,,,2.2,2.15,35000000.0,130757000.0,294960000.0,294960000.0,,254438000.0,40522000.0,642242000.0,1746627000.0,1366000.0,,165216000.0,,157487000.0,23520000.0,573656000.0,642242000.0,1269601000.0,55587000.0,789663000.0,479938000.0,-54221000.0,425717000.0,1911843000.0,,116354000.0,120761000.0
Endo International PLC,ENDP,5493007TBMWZWGZIB256,1593034,2011.0,Q1,2011-01-01,2011-03-31,2012-05-01 17:10:49+00:00,,0.48,0.46,,33446000.0,68295000.0,68295000.0,,55787000.0,12508000.0,231558000.0,505784000.0,-348000.0,,54242000.0,,42130000.0,6073000.0,159386000.0,231558000.0,328468000.0,18790000.0,207589000.0,120879000.0,-19138000.0,101741000.0,560026000.0,,116354000.0,120761000.0
Endo International PLC,ENDP,5493007TBMWZWGZIB256,1593034,2012.0,Q4,2012-10-01,2012-12-31,,-6.4,-6.19,-6.18,661388000.0,-27152000.0,-703776000.0,-709763000.0,5987000.0,-716266000.0,12490000.0,182024000.0,749130000.0,59000.0,318948000.0,-159697000.0,-85123000.0,36072000.0,2833000.0,165817000.0,182024000.0,407409000.0,44448000.0,1099935000.0,-692526000.0,-44389000.0,-736915000.0,589433000.0,115700000.0,115719000.0,115719000.0
Endo International PLC,ENDP,5493007TBMWZWGZIB256,1593034,2012.0,FY,2012-01-01,2012-12-31,2015-03-02 17:10:30+00:00,-6.4,-6.4,-6.4,715551000.0,-36415000.0,-688021000.0,-694008000.0,5987000.0,-740337000.0,52316000.0,1135681000.0,2802172000.0,-439000.0,401548000.0,13564000.0,,219139000.0,19413000.0,864339000.0,1135681000.0,1680055000.0,190049000.0,2219990000.0,-539935000.0,-190488000.0,-730423000.0,2815736000.0,115700000.0,115719000.0,115719000.0
Endo International PLC,ENDP,5493007TBMWZWGZIB256,1593034,2012.0,Q3YTD,2012-01-01,2012-09-30,,,-0.21,-0.22,54163000.0,-9263000.0,15755000.0,15755000.0,,-24071000.0,39826000.0,953657000.0,2053042000.0,-498000.0,82600000.0,173261000.0,85123000.0,183067000.0,16580000.0,698522000.0,953657000.0,1272646000.0,145601000.0,1120055000.0,152591000.0,-146099000.0,6492000.0,2226303000.0,,116022000.0,119579000.0
Endo International PLC,ENDP,5493007TBMWZWGZIB256,1593034,2012.0,Q3TTM,2011-10-01,2012-09-30,,,0.1,0.09,147561000.0,2538000.0,65668000.0,17961000.0,47707000.0,12523000.0,53145000.0,1131310000.0,2801095000.0,-1868000.0,82600000.0,23413000.0,85123000.0,236051000.0,19078000.0,900564000.0,1131310000.0,1693198000.0,199854000.0,1470977000.0,222221000.0,-201722000.0,20499000.0,2824508000.0,,116022000.0,119579000.0
Endo International PLC,ENDP,5493007TBMWZWGZIB256,1593034,2012.0,Q3,2012-07-01,2012-09-30,2013-11-05 17:33:01+00:00,,0.46,0.45,11163000.0,28287000.0,68185000.0,68185000.0,,53809000.0,14376000.0,294267000.0,692084000.0,250000.0,82600000.0,58398000.0,-46238000.0,48952000.0,5776000.0,210446000.0,294267000.0,456215000.0,47294000.0,312699000.0,143516000.0,-47044000.0,96472000.0,750482000.0,,116022000.0,119579000.0
Endo International PLC,ENDP,5493007TBMWZWGZIB256,1593034,2012.0,Q2YTD,2012-01-01,2012-06-30,,,-0.67,-0.67,43000000.0,-37550000.0,-52430000.0,-52430000.0,,-77880000.0,25450000.0,659390000.0,1360958000.0,-748000.0,,114863000.0,131361000.0,134115000.0,10804000.0,488076000.0,659390000.0,816431000.0,98307000.0,807356000.0,9075000.0,-99055000.0,-89980000.0,1475821000.0,,116992000.0,121080000.0
Endo International PLC,ENDP,5493007TBMWZWGZIB256,1593034,2012.0,Q2TTM,2011-07-01,2012-06-30,,,-0.01,-0.02,159089000.0,8308000.0,53788000.0,6081000.0,47707000.0,-637000.0,54425000.0,1139215000.0,2810187000.0,882000.0,,22917000.0,131361000.0,230983000.0,19120000.0,934477000.0,1139215000.0,1693889000.0,205352000.0,1475030000.0,218859000.0,-204470000.0,14389000.0,2833104000.0,,116992000.0,121080000.0
Endo International PLC,ENDP,5493007TBMWZWGZIB256,1593034,2012.0,Q2,2012-04-01,2012-06-30,2013-08-06 17:03:34+00:00,,0.08,0.08,3000000.0,1776000.0,22095000.0,22095000.0,,9465000.0,12630000.0,294570000.0,726192000.0,-297000.0,0.0,58996000.0,131361000.0,45427000.0,7055000.0,233622000.0,294570000.0,490618000.0,45985000.0,420465000.0,70153000.0,-46282000.0,23871000.0,785188000.0,,116992000.0,121080000.0
Endo International PLC,ENDP,5493007TBMWZWGZIB256,1593034,2012.0,Q1TTM,2011-04-01,2012-03-31,,,0.38,0.34,156089000.0,39312000.0,99245000.0,51538000.0,47707000.0,44481000.0,54764000.0,1081342000.0,2638370000.0,1304000.0,,17157000.0,,226396000.0,29691000.0,878988000.0,1081342000.0,1574185000.0,193475000.0,1291164000.0,283021000.0,-192171000.0,90850000.0,2655527000.0,,117052000.0,117052000.0
Endo International PLC,ENDP,5493007TBMWZWGZIB256,1593034,2012.0,Q1,2012-01-01,2012-03-31,2013-05-07 16:50:57+00:00,,-0.75,-0.75,40000000.0,-39326000.0,-74525000.0,-74525000.0,,-87345000.0,12820000.0,364820000.0,634766000.0,-451000.0,0.0,55867000.0,,88688000.0,3749000.0,254454000.0,364820000.0,325813000.0,52322000.0,386891000.0,-61078000.0,-52773000.0,-113851000.0,690633000.0,,117052000.0,117052000.0
Endo International PLC,ENDP,5493007TBMWZWGZIB256,1593034,2013.0,Q4,2013-10-01,2013-12-31,,-6.74,-6.85,-6.49,27255000.0,60825000.0,-761743000.0,109047000.0,-870790000.0,-775910000.0,14167000.0,100973000.0,124924000.0,3418000.0,-149648000.0,-32204000.0,,-11384000.0,3738000.0,-88583000.0,100973000.0,-8253000.0,43915000.0,-218622000.0,210369000.0,-40497000.0,169872000.0,92720000.0,113300000.0,113295000.0,119829000.0
Endo International PLC,ENDP,5493007TBMWZWGZIB256,1593034,2013.0,Q3YTD,2013-01-01,2013-09-30,,0.69,0.8,0.77,4756000.0,82917000.0,129329000.0,132577000.0,-3248000.0,90571000.0,38758000.0,785630000.0,1999757000.0,49641000.0,159098000.0,32204000.0,,108849000.0,3876000.0,662896000.0,785630000.0,1246331000.0,141003000.0,939475000.0,306856000.0,-91362000.0,215494000.0,2031961000.0,114900000.0,114327000.0,120261000.0
Endo International PLC,ENDP,5493007TBMWZWGZIB256,1593034,2013.0,Q3TTM,2012-10-01,2013-09-30,,-5.71,-5.39,-5.41,666144000.0,55765000.0,-574447000.0,-577186000.0,2739000.0,-625695000.0,51248000.0,967654000.0,2748887000.0,49700000.0,478046000.0,-127493000.0,-85123000.0,144921000.0,6709000.0,828713000.0,967654000.0,1653740000.0,185451000.0,2039410000.0,-385670000.0,-135751000.0,-521421000.0,2621394000.0,114900000.0,114327000.0,120261000.0
Endo International PLC,ENDP,5493007TBMWZWGZIB256,1593034,2013.0,Q3,2013-07-01,2013-09-30,2014-11-10 17:09:54+00:00,0.35,0.35,0.33,807000.0,44655000.0,54615000.0,69175000.0,-14560000.0,40223000.0,14392000.0,257836000.0,631087000.0,14672000.0,30895000.0,30232000.0,,36687000.0,1493000.0,191362000.0,257836000.0,403483000.0,43081000.0,261244000.0,142239000.0,-28409000.0,113830000.0,661319000.0,114900000.0,114327000.0,120261000.0
Endo International PLC,ENDP,5493007TBMWZWGZIB256,1593034,2013.0,Q2YTD,2013-01-01,2013-06-30,,0.34,0.45,0.44,3949000.0,38262000.0,74714000.0,63402000.0,11312000.0,50348000.0,24366000.0,527794000.0,1368670000.0,34969000.0,128203000.0,1972000.0,,72162000.0,2383000.0,471534000.0,527794000.0,842848000.0,97922000.0,678231000.0,164617000.0,-62953000.0,101664000.0,1370642000.0,112900000.0,112531000.0,117221000.0
Endo International PLC,ENDP,5493007TBMWZWGZIB256,1593034,2013.0,Q2TTM,2012-07-01,2013-06-30,,-6.06,-5.28,-5.29,676500000.0,39397000.0,-560877000.0,-578176000.0,17299000.0,-612109000.0,51232000.0,1004085000.0,2809884000.0,35278000.0,529751000.0,-99327000.0,-131361000.0,157186000.0,10992000.0,847797000.0,1004085000.0,1706472000.0,189664000.0,2090865000.0,-384393000.0,-154386000.0,-538779000.0,2710557000.0,112900000.0,112531000.0,117221000.0
Endo International PLC,ENDP,5493007TBMWZWGZIB256,1593034,2013.0,Q2,2013-04-01,2013-06-30,2014-08-04 17:23:29+00:00,0.31,0.31,0.3,2849000.0,29012000.0,48111000.0,41749000.0,6362000.0,34999000.0,13112000.0,273413000.0,710274000.0,16700000.0,59971000.0,1874000.0,,33393000.0,1825000.0,244302000.0,273413000.0,438735000.0,42334000.0,342340000.0,96395000.0,-25634000.0,70761000.0,712148000.0,112900000.0,112531000.0,117221000.0
Endo International PLC,ENDP,5493007TBMWZWGZIB256,1593034,2013.0,Q1TTM,2012-04-01,2013-03-31,,-6.37,-5.51,-5.51,676651000.0,12161000.0,-586893000.0,-597830000.0,10937000.0,-637643000.0,50750000.0,1025242000.0,2825802000.0,18281000.0,469780000.0,-42205000.0,,169220000.0,16222000.0,837117000.0,1025242000.0,1758355000.0,193315000.0,2168990000.0,-410635000.0,-175034000.0,-585669000.0,2783597000.0,511600000.0,111216000.0,113189000.0
Endo International PLC,ENDP,5493007TBMWZWGZIB256,1593034,2013.0,Q1,2013-01-01,2013-03-31,2014-05-09 17:28:07+00:00,0.03,0.14,0.14,1100000.0,9250000.0,26603000.0,21653000.0,4950000.0,15349000.0,11254000.0,254381000.0,658396000.0,18269000.0,68232000.0,98000.0,,38769000.0,558000.0,227232000.0,254381000.0,404113000.0,55588000.0,335891000.0,68222000.0,-37319000.0,30903000.0,658494000.0,511600000.0,111216000.0,113189000.0
Endo International PLC,ENDP,5493007TBMWZWGZIB256,1593034,2014.0,FY,2014-01-01,2014-12-31,2017-03-01 14:19:13+00:00,-4.91,-4.91,-4.6,22542000.0,38267000.0,-718184000.0,61608000.0,-779792000.0,-721319000.0,3135000.0,1231497000.0,2380683000.0,32324000.0,,,42084000.0,112708000.0,77384000.0,567986000.0,1231497000.0,1149186000.0,258931000.0,822704000.0,326482000.0,-226607000.0,99875000.0,2380683000.0,146900000.0,146896000.0,156730000.0
Endo International PLC,ENDP,5493007TBMWZWGZIB256,1593034,2014.0,Q4,2014-10-01,2014-12-31,,,,0.27,22542000.0,-9384000.0,-53243000.0,19481000.0,-72724000.0,-53483000.0,240000.0,374180000.0,662877000.0,13596000.0,-7085000.0,,42084000.0,30543000.0,9765000.0,134653000.0,374180000.0,288697000.0,59694000.0,232502000.0,56195000.0,-46098000.0,10097000.0,662877000.0,146900000.0,146896000.0,156730000.0
Endo International PLC,ENDP,5493007TBMWZWGZIB256,1593034,2014.0,Q3YTD,2014-01-01,2014-09-30,,-4.91,-4.91,-4.87,,47651000.0,-664941000.0,42127000.0,-707068000.0,-667836000.0,2895000.0,857317000.0,1717806000.0,18728000.0,7085000.0,,,82165000.0,67619000.0,433333000.0,857317000.0,860489000.0,199237000.0,590202000.0,270287000.0,-180509000.0,89778000.0,1717806000.0,153700000.0,153309000.0,158975000.0
Endo International PLC,ENDP,5493007TBMWZWGZIB256,1593034,2014.0,Q3TTM,2013-10-01,2014-09-30,,-11.65,-11.76,-11.36,27255000.0,108476000.0,-1426684000.0,151174000.0,-1577858000.0,-1443746000.0,17062000.0,958290000.0,1842730000.0,22146000.0,-142563000.0,-32204000.0,,70781000.0,71357000.0,344750000.0,958290000.0,852236000.0,243152000.0,371580000.0,480656000.0,-221006000.0,259650000.0,1810526000.0,153700000.0,153309000.0,158975000.0
Endo International PLC,ENDP,5493007TBMWZWGZIB256,1593034,2014.0,Q3,2014-07-01,2014-09-30,2015-11-09 14:02:07+00:00,-1.64,-1.64,-1.59,0.0,30140000.0,-252049000.0,48953000.0,-301002000.0,-252084000.0,35000.0,341193000.0,654116000.0,5724000.0,3131000.0,,,20813000.0,2732000.0,148901000.0,341193000.0,312923000.0,63977000.0,175577000.0,137346000.0,-58253000.0,79093000.0,654116000.0,153700000.0,153309000.0,158975000.0
Endo International PLC,ENDP,5493007TBMWZWGZIB256,1593034,2014.0,Q2YTD,2014-01-01,2014-06-30,,-3.27,-3.27,-3.28,,17511000.0,-412892000.0,-6826000.0,-406066000.0,-415752000.0,2860000.0,516124000.0,1063690000.0,13004000.0,3954000.0,,,61352000.0,64887000.0,284432000.0,516124000.0,547566000.0,135260000.0,414625000.0,132941000.0,-122256000.0,10685000.0,1063690000.0,151100000.0,152368000.0,163369000.0
Endo International PLC,ENDP,5493007TBMWZWGZIB256,1593034,2014.0,Q2TTM,2013-07-01,2014-06-30,,-9.66,-9.77,-9.44,28062000.0,122991000.0,-1120020000.0,171396000.0,-1291416000.0,-1151439000.0,31419000.0,874933000.0,1819701000.0,31094000.0,-114799000.0,-1972000.0,,86655000.0,70118000.0,387211000.0,874933000.0,942796000.0,222256000.0,457247000.0,485549000.0,-191162000.0,294387000.0,1817729000.0,151100000.0,152368000.0,163369000.0
Endo International PLC,ENDP,5493007TBMWZWGZIB256,1593034,2014.0,Q2,2014-04-01,2014-06-30,2015-08-10 17:08:51+00:00,0.14,0.14,0.13,0.0,4808000.0,20386000.0,40575000.0,-20189000.0,21160000.0,-774000.0,303445000.0,592848000.0,6596000.0,3954000.0,,,30406000.0,19618000.0,124366000.0,303445000.0,289403000.0,72272000.0,178344000.0,111059000.0,-65676000.0,45383000.0,592848000.0,151100000.0,152368000.0,163369000.0
Endo International PLC,ENDP,5493007TBMWZWGZIB256,1593034,2014.0,Q1TTM,2013-04-01,2014-03-31,,-9.49,-9.6,-9.27,30911000.0,147195000.0,-1092295000.0,172570000.0,-1264865000.0,-1137600000.0,45305000.0,844901000.0,1937127000.0,41198000.0,-58782000.0,-98000.0,,89642000.0,52325000.0,507147000.0,844901000.0,1092128000.0,192318000.0,621243000.0,470885000.0,-151120000.0,319765000.0,1937029000.0,128100000.0,128135000.0,128135000.0
Endo International PLC,ENDP,5493007TBMWZWGZIB256,1593034,2014.0,Q1,2014-01-01,2014-03-31,2015-05-11 16:57:37+00:00,-3.41,-3.41,-3.41,0.0,12703000.0,-433278000.0,-47401000.0,-385877000.0,-436912000.0,3634000.0,212679000.0,470842000.0,6408000.0,0.0,,,30946000.0,45269000.0,160066000.0,212679000.0,258163000.0,62988000.0,236281000.0,21882000.0,-56580000.0,-34698000.0,470842000.0,128100000.0,128135000.0,128135000.0
Endo International PLC,ENDP,5493007TBMWZWGZIB256,1593034,2015.0,FY,2015-01-01,2015-12-31,2018-02-27 13:31:13+00:00,-7.59,-7.59,-7.59,1140709000.0,-1137465000.0,-1495325000.0,-300399000.0,-1194926000.0,-1495042000.0,-283000.0,2075651000.0,3268718000.0,-63691000.0,,,37082000.0,102197000.0,105250000.0,741304000.0,2075651000.0,1193067000.0,440698000.0,2126542000.0,-933475000.0,-504389000.0,-1437864000.0,3268718000.0,197000000.0,197100000.0,197100000.0
Endo International PLC,ENDP,5493007TBMWZWGZIB256,1593034,2015.0,Q4,2015-10-01,2015-12-31,,-0.77,-0.77,-0.79,139859000.0,-796937000.0,-118593000.0,443709000.0,-562302000.0,-118463000.0,-130000.0,810068000.0,1073697000.0,-1102000.0,-19875000.0,,37082000.0,43989000.0,54073000.0,212014000.0,810068000.0,263629000.0,148613000.0,467142000.0,-203513000.0,-149715000.0,-353228000.0,1073697000.0,197000000.0,197100000.0,197100000.0
Endo International PLC,ENDP,5493007TBMWZWGZIB256,1593034,2015.0,Q3,2015-07-01,2015-09-30,2016-11-08 12:13:35+00:00,-5.02,-5.02,-5.02,923607000.0,-160939000.0,-1050488000.0,-803706000.0,-246782000.0,-1050442000.0,-46000.0,442459000.0,745727000.0,-50091000.0,0.0,,,21327000.0,-27688000.0,163221000.0,442459000.0,303268000.0,137355000.0,1080467000.0,-777199000.0,-187446000.0,-964645000.0,745727000.0,209300000.0,209274000.0,209274000.0
Endo International PLC,ENDP,5493007TBMWZWGZIB256,1593034,2015.0,Q3YTD,2015-01-01,2015-09-30,,-6.82,-6.82,-6.8,1000850000.0,-340528000.0,-1376732000.0,-744108000.0,-632624000.0,-1376579000.0,-153000.0,1265583000.0,2195021000.0,-62589000.0,19875000.0,,,58208000.0,51177000.0,529290000.0,1265583000.0,929438000.0,292085000.0,1659400000.0,-729962000.0,-354674000.0,-1084636000.0,2195021000.0,209300000.0,209274000.0,209274000.0
Endo International PLC,ENDP,5493007TBMWZWGZIB256,1593034,2015.0,Q3TTM,2014-10-01,2015-09-30,,-6.82,-6.82,-6.53,1023392000.0,-349912000.0,-1429975000.0,-724627000.0,-705348000.0,-1430062000.0,87000.0,1639763000.0,2857898000.0,-48993000.0,12790000.0,,42084000.0,88751000.0,60942000.0,663943000.0,1639763000.0,1218135000.0,351779000.0,1891902000.0,-673767000.0,-400772000.0,-1074539000.0,2857898000.0,209300000.0,209274000.0,209274000.0
Endo International PLC,ENDP,5493007TBMWZWGZIB256,1593034,2015.0,Q2,2015-04-01,2015-06-30,2016-08-09 11:21:27+00:00,-1.35,-1.35,-1.35,70243000.0,-12720000.0,-250526000.0,-90894000.0,-159632000.0,-250419000.0,-107000.0,438858000.0,735166000.0,-24493000.0,6875000.0,,,18984000.0,44225000.0,154491000.0,438858000.0,296308000.0,80611000.0,294818000.0,1490000.0,-105104000.0,-103614000.0,735166000.0,185500000.0,185328000.0,185328000.0
Endo International PLC,ENDP,5493007TBMWZWGZIB256,1593034,2015.0,Q2YTD,2015-01-01,2015-06-30,,-1.8,-1.8,-1.78,77243000.0,-179589000.0,-326244000.0,59598000.0,-385842000.0,-326137000.0,-107000.0,823124000.0,1449294000.0,-12498000.0,19875000.0,,,36881000.0,78865000.0,366069000.0,823124000.0,626170000.0,154730000.0,578933000.0,47237000.0,-167228000.0,-119991000.0,1449294000.0,185500000.0,185328000.0,185328000.0
Endo International PLC,ENDP,5493007TBMWZWGZIB256,1593034,2015.0,Q2TTM,2014-07-01,2015-06-30,,-3.44,-3.44,-3.1,99785000.0,-158833000.0,-631536000.0,128032000.0,-759568000.0,-631704000.0,168000.0,1538497000.0,2766287000.0,6822000.0,15921000.0,,42084000.0,88237000.0,91362000.0,649623000.0,1538497000.0,1227790000.0,278401000.0,987012000.0,240778000.0,-271579000.0,-30801000.0,2766287000.0,185500000.0,185328000.0,185328000.0
Endo International PLC,ENDP,5493007TBMWZWGZIB256,1593034,2015.0,Q1,2015-01-01,2015-03-31,2016-05-06 16:25:03+00:00,-0.45,-0.45,-0.43,7000000.0,-166869000.0,-75718000.0,150492000.0,-226210000.0,-75718000.0,0.0,384266000.0,714128000.0,11995000.0,13000000.0,,,17897000.0,34640000.0,211578000.0,384266000.0,329862000.0,74119000.0,284115000.0,45747000.0,-62124000.0,-16377000.0,714128000.0,168300000.0,169653000.0,176825000.0
Endo International PLC,ENDP,5493007TBMWZWGZIB256,1593034,2015.0,Q1TTM,2014-04-01,2015-03-31,,-1.95,-1.95,-1.62,29542000.0,-141305000.0,-360624000.0,259501000.0,-620125000.0,-360125000.0,-499000.0,1403084000.0,2623969000.0,37911000.0,13000000.0,,42084000.0,99659000.0,66755000.0,619498000.0,1403084000.0,1220885000.0,270062000.0,870538000.0,350347000.0,-232151000.0,118196000.0,2623969000.0,168300000.0,169653000.0,176825000.0
Endo International PLC,ENDP,5493007TBMWZWGZIB256,1593034,2016.0,FY,2016-01-01,2016-12-31,2019-02-28 14:20:23+00:00,-15.03,-15.03,-15.03,3781165000.0,-700084000.0,-3347050000.0,-3223772000.0,-123278000.0,-3347066000.0,16000.0,2634973000.0,4010274000.0,338000.0,,,23950000.0,183372000.0,87601000.0,770728000.0,2634973000.0,1375301000.0,452679000.0,4846816000.0,-3471515000.0,-452341000.0,-3923856000.0,4010274000.0,222700000.0,222651000.0,222651000.0
Endo International PLC,ENDP,5493007TBMWZWGZIB256,1593034,2016.0,Q4,2016-10-01,2016-12-31,,-14.99,-14.99,-14.99,3518085000.0,-72254000.0,-3337856000.0,-3333325000.0,-4531000.0,-3337856000.0,,756578000.0,1241513000.0,740000.0,,,-4765000.0,46206000.0,7400000.0,212568000.0,756578000.0,484935000.0,111783000.0,3779494000.0,-3294559000.0,-111043000.0,-3405545000.0,1241513000.0,222700000.0,222651000.0,222651000.0
Endo International PLC,ENDP,5493007TBMWZWGZIB256,1593034,2016.0,Q3,2016-07-01,2016-09-30,2017-11-09 16:12:37+00:00,-0.98,-0.98,-0.98,93504000.0,46185000.0,-218919000.0,-191496000.0,-27423000.0,-218919000.0,0.0,557472000.0,884335000.0,2866000.0,,,18256000.0,44885000.0,19476000.0,186735000.0,557472000.0,326863000.0,112184000.0,362856000.0,-35993000.0,-109318000.0,-145311000.0,884335000.0,223400000.0,222767000.0,222767000.0
Endo International PLC,ENDP,5493007TBMWZWGZIB256,1593034,2016.0,Q3YTD,2016-01-01,2016-09-30,,-0.04,-0.04,-0.04,263080000.0,-627830000.0,-9194000.0,109553000.0,-118747000.0,-9210000.0,16000.0,1878395000.0,2768761000.0,-402000.0,,,28715000.0,137166000.0,80201000.0,558160000.0,1878395000.0,890366000.0,340896000.0,1067322000.0,-176956000.0,-341298000.0,-518311000.0,2768761000.0,223400000.0,222767000.0,222767000.0
Endo International PLC,ENDP,5493007TBMWZWGZIB256,1593034,2016.0,Q3TTM,2015-10-01,2016-09-30,,-0.81,-0.81,-0.83,402939000.0,-1424767000.0,-127787000.0,553262000.0,-681049000.0,-127673000.0,-114000.0,2688463000.0,3842458000.0,-1504000.0,-19875000.0,,65797000.0,181155000.0,134274000.0,770174000.0,2688463000.0,1153995000.0,489509000.0,1534464000.0,-380469000.0,-491013000.0,-871539000.0,3842458000.0,223400000.0,222767000.0,222767000.0
Endo International PLC,ENDP,5493007TBMWZWGZIB256,1593034,2016.0,Q2,2016-04-01,2016-06-30,2017-08-08 13:21:52+00:00,1.54,1.54,1.54,39951000.0,-555300000.0,343596000.0,389812000.0,-46216000.0,343578000.0,18000.0,632218000.0,920887000.0,-5175000.0,,,5259000.0,50589000.0,48171000.0,193070000.0,632218000.0,288669000.0,111919000.0,337040000.0,-48371000.0,-117094000.0,-165500000.0,920887000.0,223100000.0,222667000.0,222863000.0
Endo International PLC,ENDP,5493007TBMWZWGZIB256,1593034,2016.0,Q2YTD,2016-01-01,2016-06-30,,0.94,0.94,0.94,169576000.0,-674015000.0,209725000.0,301049000.0,-91324000.0,209709000.0,16000.0,1320923000.0,1884426000.0,-3268000.0,,,10459000.0,92281000.0,60725000.0,371425000.0,1320923000.0,563503000.0,228712000.0,704466000.0,-140963000.0,-231980000.0,-373000000.0,1884426000.0,223100000.0,222667000.0,222863000.0
Endo International PLC,ENDP,5493007TBMWZWGZIB256,1593034,2016.0,Q2TTM,2015-07-01,2016-06-30,,-4.85,-4.85,-4.87,1233042000.0,-1631891000.0,-959356000.0,-58948000.0,-900408000.0,-959196000.0,-160000.0,2573450000.0,3703850000.0,-54461000.0,-19875000.0,,47541000.0,157597000.0,87110000.0,746660000.0,2573450000.0,1130400000.0,514680000.0,2252075000.0,-1121675000.0,-569141000.0,-1690873000.0,3703850000.0,223100000.0,222667000.0,222863000.0
Endo International PLC,ENDP,5493007TBMWZWGZIB256,1593034,2016.0,Q1,2016-01-01,2016-03-31,2017-05-09 13:45:09+00:00,-0.6,-0.6,-0.6,129625000.0,-118715000.0,-133871000.0,-88763000.0,-45108000.0,-133869000.0,-2000.0,688705000.0,963539000.0,1907000.0,,,5200000.0,41692000.0,12554000.0,178355000.0,688705000.0,274834000.0,116793000.0,367426000.0,-92592000.0,-114886000.0,-207500000.0,963539000.0,223100000.0,222302000.0,222302000.0
Endo International PLC,ENDP,5493007TBMWZWGZIB256,1593034,2016.0,Q1TTM,2015-04-01,2016-03-31,,-7.74,-7.74,-7.76,1263334000.0,-1089311000.0,-1553478000.0,-539654000.0,-1013824000.0,-1553193000.0,-285000.0,2380090000.0,3518129000.0,-73779000.0,-13000000.0,,42282000.0,125992000.0,83164000.0,708081000.0,2380090000.0,1138039000.0,483372000.0,2209853000.0,-1071814000.0,-557151000.0,-1628987000.0,3518129000.0,223100000.0,222302000.0,222302000.0
Endo International PLC,ENDP,5493007TBMWZWGZIB256,1593034,2017.0,FY,2017-01-01,2017-12-31,2020-02-26 11:23:23+00:00,-9.12,-9.12,-9.12,1154376000.0,-250293000.0,-2035433000.0,-1232711000.0,-802722000.0,-2035433000.0,,2228530000.0,3468858000.0,17023000.0,,,185990000.0,172067000.0,58086000.0,629874000.0,2228530000.0,1240328000.0,539962000.0,2200393000.0,-960065000.0,-522939000.0,-1483004000.0,3468858000.0,223200000.0,223198000.0,223198000.0
Endo International PLC,ENDP,5493007TBMWZWGZIB256,1593034,2017.0,Q4,2017-10-01,2017-12-31,,-1.65,-1.65,-1.65,130446000.0,-152776000.0,-368417000.0,-271581000.0,-96836000.0,-368417000.0,,505645000.0,768640000.0,6180000.0,,,200006000.0,48545000.0,26375000.0,161199000.0,505645000.0,262995000.0,126961000.0,566571000.0,-303576000.0,-120781000.0,-424357000.0,768640000.0,223200000.0,223198000.0,223198000.0
Endo International PLC,ENDP,5493007TBMWZWGZIB256,1593034,2017.0,Q3,2017-07-01,2017-09-30,2018-11-08 09:59:48+00:00,-0.43,-0.43,-0.43,94924000.0,-28109000.0,-96670000.0,-99687000.0,3017000.0,-96670000.0,,514522000.0,786887000.0,2097000.0,,,-12352000.0,39644000.0,16641000.0,135880000.0,514522000.0,272365000.0,127521000.0,274737000.0,-2372000.0,-125424000.0,-127796000.0,786887000.0,224800000.0,223299000.0,223299000.0
Endo International PLC,ENDP,5493007TBMWZWGZIB256,1593034,2017.0,Q3YTD,2017-01-01,2017-09-30,,-7.47,-7.47,-7.47,1023930000.0,-97517000.0,-1667016000.0,-961130000.0,-705886000.0,-1667016000.0,,1722885000.0,2700218000.0,10843000.0,,,-14016000.0,123522000.0,31711000.0,468675000.0,1722885000.0,977333000.0,413001000.0,1633822000.0,-656489000.0,-402158000.0,-1058647000.0,2700218000.0,224800000.0,223299000.0,223299000.0
Endo International PLC,ENDP,5493007TBMWZWGZIB256,1593034,2017.0,Q3TTM,2016-10-01,2017-09-30,,-22.46,-22.46,-22.46,4542015000.0,-169771000.0,-5004872000.0,-4294455000.0,-710417000.0,-5004872000.0,,2479463000.0,3941731000.0,11583000.0,,,-18781000.0,169728000.0,39111000.0,681243000.0,2479463000.0,1462268000.0,524784000.0,5413316000.0,-3951048000.0,-513201000.0,-4464192000.0,3941731000.0,224800000.0,223299000.0,223299000.0
Endo International PLC,ENDP,5493007TBMWZWGZIB256,1593034,2017.0,Q2,2017-04-01,2017-06-30,2018-08-08 13:30:59+00:00,-6.26,-6.26,-6.26,725044000.0,-57480000.0,-1396518000.0,-696020000.0,-700498000.0,-1396518000.0,,539401000.0,875731000.0,6709000.0,,,-2600000.0,40869000.0,4190000.0,155555000.0,539401000.0,336330000.0,173481000.0,923058000.0,-586728000.0,-166772000.0,-753500000.0,875731000.0,223100000.0,223158000.0,223158000.0
Endo International PLC,ENDP,5493007TBMWZWGZIB256,1593034,2017.0,Q2YTD,2017-01-01,2017-06-30,,-7.04,-7.04,-7.04,929006000.0,-69408000.0,-1570346000.0,-861443000.0,-708903000.0,-1570346000.0,,1208363000.0,1913331000.0,8746000.0,,,-1664000.0,83878000.0,15070000.0,332795000.0,1208363000.0,704968000.0,285480000.0,1359085000.0,-654117000.0,-276734000.0,-930851000.0,1913331000.0,223100000.0,223158000.0,223158000.0
Endo International PLC,ENDP,5493007TBMWZWGZIB256,1593034,2017.0,Q2TTM,2016-07-01,2017-06-30,,-23.01,-23.01,-23.01,4540595000.0,-95477000.0,-5127121000.0,-4386264000.0,-740857000.0,-5127121000.0,,2522413000.0,4039179000.0,12352000.0,,,11827000.0,174969000.0,41946000.0,732098000.0,2522413000.0,1516766000.0,509447000.0,5501435000.0,-3984669000.0,-497095000.0,-4481707000.0,4039179000.0,223100000.0,223158000.0,223158000.0
Endo International PLC,ENDP,5493007TBMWZWGZIB256,1593034,2017.0,Q1,2017-01-01,2017-03-31,2018-05-08 11:21:42+00:00,-0.78,-0.78,-0.78,203962000.0,-11928000.0,-173828000.0,-165423000.0,-8405000.0,-173828000.0,,668962000.0,1037600000.0,2037000.0,,,936000.0,43009000.0,10880000.0,177240000.0,668962000.0,368638000.0,111999000.0,436027000.0,-67389000.0,-109962000.0,-177351000.0,1037600000.0,222900000.0,223014000.0,223014000.0
Endo International PLC,ENDP,5493007TBMWZWGZIB256,1593034,2017.0,Q1TTM,2016-04-01,2017-03-31,,-15.21,-15.21,-15.21,3855502000.0,-593297000.0,-3387007000.0,-3300432000.0,-86575000.0,-3387025000.0,18000.0,2615230000.0,4084335000.0,468000.0,,,19686000.0,184689000.0,85927000.0,769613000.0,2615230000.0,1469105000.0,447885000.0,4915417000.0,-3446312000.0,-447417000.0,-3893707000.0,4084335000.0,222900000.0,223014000.0,223014000.0
Endo International PLC,ENDP,5493007TBMWZWGZIB256,1593034,2018.0,FY,2018-01-01,2018-12-31,2020-02-26 11:23:23+00:00,-4.61,-4.61,-4.61,916939000.0,22935000.0,-1031469000.0,-961767000.0,-69702000.0,-1031469000.0,,1631682000.0,2947078000.0,51953000.0,,,13809000.0,185826000.0,21914000.0,646037000.0,1631682000.0,1315396000.0,521656000.0,1784525000.0,-469129000.0,-469703000.0,-938832000.0,2947078000.0,223700000.0,223960000.0,223960000.0
Endo International PLC,ENDP,5493007TBMWZWGZIB256,1593034,2018.0,Q4,2018-10-01,2018-12-31,,-1.31,-1.31,-1.31,303539000.0,-1794000.0,-291908000.0,-265479000.0,-26429000.0,-291908000.0,,433214000.0,786389000.0,18737000.0,,,-1561000.0,25395000.0,8630000.0,167422000.0,433214000.0,353175000.0,135760000.0,503425000.0,-150250000.0,-117023000.0,-267273000.0,786389000.0,223700000.0,223960000.0,223960000.0
Endo International PLC,ENDP,5493007TBMWZWGZIB256,1593034,2018.0,Q3,2018-07-01,2018-09-30,2019-11-04 17:21:50+00:00,-0.77,-0.77,-0.77,142217000.0,3003000.0,-173205000.0,-146071000.0,-27134000.0,-173205000.0,,412965000.0,745466000.0,1507000.0,,,-1750000.0,39683000.0,1288000.0,163791000.0,412965000.0,332501000.0,131847000.0,345229000.0,-12728000.0,-130340000.0,-143068000.0,745466000.0,224900000.0,224132000.0,224132000.0
Endo International PLC,ENDP,5493007TBMWZWGZIB256,1593034,2018.0,Q3YTD,2018-01-01,2018-09-30,,-3.3,-3.3,-3.3,613400000.0,24729000.0,-739561000.0,-696288000.0,-43273000.0,-739561000.0,,1198468000.0,2160689000.0,33216000.0,,,15370000.0,160431000.0,13284000.0,478615000.0,1198468000.0,962221000.0,385896000.0,1281100000.0,-318879000.0,-352680000.0,-671559000.0,2160689000.0,224900000.0,224132000.0,224132000.0
Endo International PLC,ENDP,5493007TBMWZWGZIB256,1593034,2018.0,Q3TTM,2017-10-01,2018-09-30,,-4.95,-4.95,-4.95,743846000.0,-128047000.0,-1107978000.0,-967869000.0,-140109000.0,-1107978000.0,,1704113000.0,2929329000.0,39396000.0,,,215376000.0,208976000.0,39659000.0,639814000.0,1704113000.0,1225216000.0,512857000.0,1847671000.0,-622455000.0,-473461000.0,-1095916000.0,2929329000.0,224900000.0,224132000.0,224132000.0
Endo International PLC,ENDP,5493007TBMWZWGZIB256,1593034,2018.0,Q2,2018-04-01,2018-06-30,2019-08-05 17:00:51+00:00,-0.27,-0.27,-0.27,22767000.0,6235000.0,-60867000.0,-52479000.0,-8388000.0,-60867000.0,,381905000.0,714696000.0,28831000.0,,,19620000.0,82102000.0,5161000.0,148157000.0,381905000.0,332791000.0,130059000.0,277807000.0,54984000.0,-101228000.0,-46244000.0,714696000.0,225400000.0,223834000.0,223834000.0
Endo International PLC,ENDP,5493007TBMWZWGZIB256,1593034,2018.0,Q2YTD,2018-01-01,2018-06-30,,-2.53,-2.53,-2.53,471183000.0,21726000.0,-566356000.0,-550217000.0,-16139000.0,-566356000.0,,785503000.0,1415223000.0,31709000.0,,,17120000.0,120748000.0,11996000.0,314824000.0,785503000.0,629720000.0,254049000.0,935871000.0,-306151000.0,-222340000.0,-528491000.0,1415223000.0,225400000.0,223834000.0,223834000.0
Endo International PLC,ENDP,5493007TBMWZWGZIB256,1593034,2018.0,Q2TTM,2017-07-01,2018-06-30,,-4.61,-4.61,-4.61,696553000.0,-159159000.0,-1031443000.0,-921485000.0,-109958000.0,-1031443000.0,,1805670000.0,2970750000.0,39986000.0,,,204774000.0,208937000.0,55012000.0,611903000.0,1805670000.0,1165080000.0,508531000.0,1777179000.0,-612099000.0,-468545000.0,-1080644000.0,2970750000.0,225400000.0,223834000.0,223834000.0
Endo International PLC,ENDP,5493007TBMWZWGZIB256,1593034,2018.0,Q1,2018-01-01,2018-03-31,2019-05-09 09:48:12+00:00,-2.26,-2.26,-2.26,448416000.0,15491000.0,-505489000.0,-497738000.0,-7751000.0,-505489000.0,,403598000.0,700527000.0,2878000.0,,,-2500000.0,38646000.0,6835000.0,166667000.0,403598000.0,296929000.0,123990000.0,658064000.0,-361135000.0,-121112000.0,-482247000.0,700527000.0,223700000.0,223521000.0,223521000.0
Endo International PLC,ENDP,5493007TBMWZWGZIB256,1593034,2018.0,Q1TTM,2017-04-01,2018-03-31,,-10.6,-10.6,-10.6,1398830000.0,-222874000.0,-2367094000.0,-1565026000.0,-802068000.0,-2367094000.0,,1963166000.0,3131785000.0,17864000.0,,,182554000.0,167704000.0,54041000.0,619301000.0,1963166000.0,1168619000.0,551953000.0,2422430000.0,-1253811000.0,-534089000.0,-1787900000.0,3131785000.0,223700000.0,223521000.0,223521000.0
Endo International PLC,ENDP,5493007TBMWZWGZIB256,1593034,2019.0,Q4,2019-10-01,2019-12-31,,-0.97,-0.97,-0.97,267430000.0,-16052000.0,-218643000.0,-208489000.0,-10154000.0,-218643000.0,,400056000.0,764800000.0,3731000.0,,,15304000.0,34379000.0,-19115000.0,160671000.0,400056000.0,364744000.0,134347000.0,458669000.0,-93925000.0,-130616000.0,-224541000.0,764800000.0,226000000.0,226050000.0,226050000.0
Endo International PLC,ENDP,5493007TBMWZWGZIB256,1593034,2019.0,FY,2019-01-01,2019-12-31,2020-02-26 11:23:23+00:00,-1.87,-1.87,-1.87,526082000.0,15680000.0,-422636000.0,-360584000.0,-62052000.0,-422636000.0,,1569338000.0,2914364000.0,-16677000.0,,,11211000.0,130732000.0,-46098000.0,632420000.0,1569338000.0,1345026000.0,418906000.0,1254347000.0,90679000.0,-435583000.0,-344904000.0,2914364000.0,226000000.0,226050000.0,226050000.0
Endo International PLC,ENDP,5493007TBMWZWGZIB256,1593034,2019.0,Q3YTD,2019-01-01,2019-09-30,,-0.9,-0.9,-0.9,258652000.0,31732000.0,-203993000.0,-152095000.0,-51898000.0,-203993000.0,,1169282000.0,2149564000.0,-20408000.0,,,-4093000.0,96353000.0,-26983000.0,471749000.0,1169282000.0,980282000.0,284559000.0,795678000.0,184604000.0,-304967000.0,-120363000.0,2149564000.0,226900000.0,226598000.0,226598000.0
Endo International PLC,ENDP,5493007TBMWZWGZIB256,1593034,2019.0,Q3TTM,2018-10-01,2019-09-30,,-2.21,-2.21,-2.21,562191000.0,29938000.0,-495901000.0,-417574000.0,-78327000.0,-495901000.0,,1602496000.0,2935953000.0,-1671000.0,,,-5654000.0,121748000.0,-18353000.0,639171000.0,1602496000.0,1333457000.0,420319000.0,1299103000.0,34354000.0,-421990000.0,-387636000.0,2935953000.0,226900000.0,226598000.0,226598000.0
Endo International PLC,ENDP,5493007TBMWZWGZIB256,1593034,2019.0,Q3,2019-07-01,2019-09-30,2019-11-04 17:21:50+00:00,-0.35,-0.35,-0.35,4766000.0,17361000.0,-79415000.0,-41431000.0,-37984000.0,-79415000.0,,389165000.0,729426000.0,-16203000.0,,,-14414000.0,36519000.0,16025000.0,168329000.0,389165000.0,340261000.0,136903000.0,211225000.0,129036000.0,-153106000.0,-24070000.0,729426000.0,226900000.0,226598000.0,226598000.0
Endo International PLC,ENDP,5493007TBMWZWGZIB256,1593034,2019.0,Q2YTD,2019-01-01,2019-06-30,,-0.55,-0.55,-0.55,253886000.0,14371000.0,-124578000.0,-110664000.0,-13914000.0,-124578000.0,,780117000.0,1420138000.0,-4205000.0,,,10321000.0,59834000.0,-43008000.0,303420000.0,780117000.0,640021000.0,147656000.0,584453000.0,55568000.0,-151861000.0,-96293000.0,1420138000.0,225500000.0,226221000.0,226221000.0
Endo International PLC,ENDP,5493007TBMWZWGZIB256,1593034,2019.0,Q2TTM,2018-07-01,2019-06-30,,-2.63,-2.63,-2.63,699642000.0,15580000.0,-589691000.0,-522214000.0,-67477000.0,-589691000.0,,1626296000.0,2951993000.0,16039000.0,,,7010000.0,124912000.0,-33090000.0,634633000.0,1626296000.0,1325697000.0,415263000.0,1433107000.0,-107410000.0,-399224000.0,-506634000.0,2951993000.0,225500000.0,226221000.0,226221000.0
Endo International PLC,ENDP,5493007TBMWZWGZIB256,1593034,2019.0,Q2,2019-04-01,2019-06-30,2019-08-05 17:00:51+00:00,-0.47,-0.47,-0.47,88438000.0,3468000.0,-106005000.0,-98052000.0,-7953000.0,-106005000.0,,388208000.0,699727000.0,597000.0,,,10315000.0,26348000.0,-5507000.0,152297000.0,388208000.0,311519000.0,134809000.0,271891000.0,39628000.0,-134212000.0,-94584000.0,699727000.0,225500000.0,226221000.0,226221000.0
Endo International PLC,ENDP,5493007TBMWZWGZIB256,1593034,2019.0,Q1,2019-01-01,2019-03-31,2020-05-07 10:49:02+00:00,-0.08,-0.08,-0.08,165448000.0,10903000.0,-18573000.0,-12612000.0,-5961000.0,-18573000.0,,391909000.0,720411000.0,-4802000.0,,,6000.0,33486000.0,-37501000.0,151123000.0,391909000.0,328502000.0,12847000.0,312562000.0,15940000.0,-17649000.0,-1709000.0,720411000.0,232200000.0,224594000.0,224594000.0
Endo International PLC,ENDP,5493007TBMWZWGZIB256,1593034,2019.0,Q1TTM,2018-04-01,2019-03-31,,-2.43,-2.43,-2.43,633971000.0,18347000.0,-544553000.0,-476641000.0,-67912000.0,-544553000.0,,1619993000.0,2966962000.0,44273000.0,,,16315000.0,180666000.0,-22422000.0,630493000.0,1619993000.0,1346969000.0,410513000.0,1439023000.0,-92054000.0,-366240000.0,-458294000.0,2966962000.0,232200000.0,224594000.0,224594000.0
Endo International PLC,ENDP,5493007TBMWZWGZIB256,1593034,2020.0,Q1TTM,2019-04-01,2020-03-31,,-1.22,-1.22,-1.23,458419000.0,-131555000.0,-274133000.0,-190391000.0,-83742000.0,-274133000.0,,1566228000.0,3014358000.0,2099000.0,,,-5971000.0,128861000.0,3865000.0,648065000.0,1566228000.0,1448130000.0,538936000.0,1233239000.0,214891000.0,-536837000.0,-321946000.0,3014358000.0,227900000.0,227198000.0,233014000.0
Endo International PLC,ENDP,5493007TBMWZWGZIB256,1593034,2020.0,Q1,2020-01-01,2020-03-31,2020-05-07 10:49:02+00:00,0.57,0.57,0.56,97785000.0,-136332000.0,129930000.0,157581000.0,-27651000.0,129930000.0,,388799000.0,820405000.0,13974000.0,,,-17176000.0,31615000.0,12462000.0,166768000.0,388799000.0,431606000.0,132877000.0,291454000.0,140152000.0,-118903000.0,21249000.0,820405000.0,227900000.0,227198000.0,233014000.0
