company_name,company_ticker,company_lei,company_cik,year,quarter,start_date,end_date,filing_date,basicdilutedeps,basiceps,cashdividendspershare,depreciationexpense,dilutedeps,incometaxexpense,marketingexpense,netincome,netincomecontinuing,netincometocommon,netincometononcontrollinginterest,operatingcostofrevenue,operatingrevenue,otherincome,otheroperatingexpenses,sgaexpense,totalcostofrevenue,totalgrossprofit,totalinterestexpense,totalinterestincome,totaloperatingexpenses,totaloperatingincome,totalotherincome,totalpretaxincome,totalrevenue,weightedavebasicdilutedsharesos,weightedavebasicsharesos,weightedavedilutedsharesos
Expeditors International of Washington Inc,EXPD,,746515,2007.0,FY,2007-01-01,2007-12-31,2010-02-26 16:26:57+00:00,1.26,1.26,0.28,39303000.0,1.21,179815000.0,38735000.0,269858000.0,269858000.0,269154000.0,704000.0,4641765000.0,5235171000.0,3887000.0,,91968000.0,4641765000.0,593406000.0,-45000.0,22341000.0,170006000.0,423400000.0,26273000.0,449673000.0,5235171000.0,213600000.0,213314761.0,221799868.0
Expeditors International of Washington Inc,EXPD,,746515,2008.0,FY,2008-01-01,2008-12-31,2011-02-28 15:39:55+00:00,1.41,1.41,0.32,40003000.0,1.37,196593000.0,37778000.0,302979000.0,302979000.0,301014000.0,1965000.0,4894463000.0,5633878000.0,5542000.0,76984000.0,111514000.0,4894463000.0,739415000.0,183000.0,21077000.0,266279000.0,473136000.0,26436000.0,499572000.0,5633878000.0,213500000.0,212755946.0,219170003.0
Expeditors International of Washington Inc,EXPD,,746515,2008.0,Q3,2008-07-01,2008-09-30,2009-11-09 17:06:12+00:00,0.4,0.4,0.0,10222000.0,0.39,56457000.0,8881000.0,86146000.0,86146000.0,85565000.0,581000.0,1380324000.0,1564913000.0,2225000.0,,30090000.0,1380324000.0,184589000.0,23000.0,5005000.0,49193000.0,135396000.0,7207000.0,142603000.0,1564913000.0,213900000.0,212747871.0,218729790.0
Expeditors International of Washington Inc,EXPD,,746515,2008.0,Q2,2008-04-01,2008-06-30,2009-08-07 16:13:07+00:00,,0.33,0.16,10056000.0,0.32,46043000.0,9744000.0,71606000.0,71606000.0,71249000.0,357000.0,1291839000.0,1454255000.0,-162000.0,,29645000.0,1291839000.0,162416000.0,75000.0,4915000.0,49445000.0,112971000.0,4678000.0,117649000.0,1454255000.0,,213275229.0,220515987.0
Expeditors International of Washington Inc,EXPD,,746515,2009.0,Q4,2009-10-01,2009-12-31,,0.33,0.33,0.19,9910000.0,0.32,42900000.0,7985000.0,69650000.0,69650000.0,69135000.0,515000.0,1025035000.0,1246911000.0,367000.0,74324000.0,19303000.0,1025035000.0,221876000.0,95000.0,1924000.0,111522000.0,110354000.0,2196000.0,112550000.0,1246911000.0,212600000.0,212112744.0,216533240.0
Expeditors International of Washington Inc,EXPD,,746515,2009.0,FY,2009-01-01,2009-12-31,2012-02-28 16:08:04+00:00,1.13,1.13,0.38,40035000.0,1.11,162475000.0,26295000.0,240397000.0,240397000.0,240217000.0,180000.0,3483711000.0,4092283000.0,8193000.0,74324000.0,82917000.0,3483711000.0,608572000.0,499000.0,10177000.0,223571000.0,385001000.0,17871000.0,402872000.0,4092283000.0,212600000.0,212112744.0,216533240.0
Expeditors International of Washington Inc,EXPD,,746515,2009.0,Q3YTD,2009-01-01,2009-09-30,,0.8,0.8,0.19,30125000.0,0.79,119575000.0,18310000.0,170747000.0,170747000.0,171082000.0,-335000.0,2458676000.0,2845372000.0,7826000.0,,63614000.0,2458676000.0,386696000.0,404000.0,8253000.0,112049000.0,274647000.0,15675000.0,290322000.0,2845372000.0,213900000.0,212241480.0,216684079.0
Expeditors International of Washington Inc,EXPD,,746515,2009.0,Q3,2009-07-01,2009-09-30,2010-11-08 11:56:32+00:00,0.27,0.27,0.0,9923000.0,0.27,41763000.0,6541000.0,57564000.0,57564000.0,57752000.0,-188000.0,903741000.0,1037327000.0,1192000.0,,20876000.0,903741000.0,133586000.0,325000.0,2214000.0,37340000.0,96246000.0,3081000.0,99327000.0,1037327000.0,213900000.0,212241480.0,216684079.0
Expeditors International of Washington Inc,EXPD,,746515,2009.0,Q2YTD,2009-01-01,2009-06-30,,0.53,0.53,0.19,20202000.0,0.52,77812000.0,11769000.0,113183000.0,113183000.0,113330000.0,-147000.0,1554935000.0,1808045000.0,6634000.0,,42738000.0,1554935000.0,253110000.0,79000.0,6039000.0,74709000.0,178401000.0,12594000.0,190995000.0,1808045000.0,216300000.0,212116679.0,216653968.0
Expeditors International of Washington Inc,EXPD,,746515,2009.0,Q2,2009-04-01,2009-06-30,2010-08-06 15:50:03+00:00,0.25,0.25,0.19,10244000.0,0.25,37563000.0,5547000.0,53814000.0,53814000.0,54070000.0,-256000.0,772832000.0,895360000.0,2081000.0,,19810000.0,772832000.0,122528000.0,64000.0,2433000.0,35601000.0,86927000.0,4450000.0,91377000.0,895360000.0,216300000.0,212116679.0,216653968.0
Expeditors International of Washington Inc,EXPD,,746515,2009.0,Q1,2009-01-01,2009-03-31,2010-05-07 16:39:21+00:00,0.28,0.28,,9958000.0,0.27,40249000.0,6222000.0,59369000.0,59369000.0,59260000.0,109000.0,782103000.0,912685000.0,4553000.0,,22928000.0,782103000.0,130582000.0,15000.0,3606000.0,39108000.0,91474000.0,8144000.0,99618000.0,912685000.0,211600000.0,212100504.0,216319959.0
Expeditors International of Washington Inc,EXPD,,746515,2010.0,Q4,2010-10-01,2010-12-31,,0.45,0.45,0.2,9310000.0,0.45,55171000.0,9593000.0,96448000.0,96448000.0,96502000.0,-54000.0,1366595000.0,1582135000.0,1181000.0,19988000.0,28077000.0,1366595000.0,215540000.0,198000.0,2064000.0,66968000.0,148572000.0,3047000.0,151619000.0,1582135000.0,212500000.0,212283966.0,216446656.0
Expeditors International of Washington Inc,EXPD,,746515,2010.0,FY,2010-01-01,2010-12-31,2013-02-27 16:19:24+00:00,1.62,1.62,0.4,36900000.0,1.59,219863000.0,32055000.0,344205000.0,344205000.0,344172000.0,33000.0,5168919000.0,5967573000.0,10412000.0,77209000.0,105260000.0,5168919000.0,798654000.0,576000.0,7002000.0,251424000.0,547230000.0,16838000.0,564068000.0,5967573000.0,212500000.0,212283966.0,216446656.0
Expeditors International of Washington Inc,EXPD,,746515,2010.0,Q3YTD,2010-01-01,2010-09-30,,1.17,1.17,0.2,27590000.0,1.14,164692000.0,22462000.0,247757000.0,247757000.0,247670000.0,87000.0,3802324000.0,4385438000.0,9231000.0,57221000.0,77183000.0,3802324000.0,583114000.0,378000.0,4938000.0,184456000.0,398658000.0,13791000.0,412449000.0,4385438000.0,213600000.0,212392286.0,216342380.0
Expeditors International of Washington Inc,EXPD,,746515,2010.0,Q3TTM,2009-10-01,2010-09-30,,1.5,1.5,0.39,37500000.0,1.46,207592000.0,30447000.0,317407000.0,317407000.0,316805000.0,602000.0,4827359000.0,5632349000.0,9598000.0,131545000.0,96486000.0,4827359000.0,804990000.0,473000.0,6862000.0,295978000.0,509012000.0,15987000.0,524999000.0,5632349000.0,213600000.0,212392286.0,216342380.0
Expeditors International of Washington Inc,EXPD,,746515,2010.0,Q3,2010-07-01,2010-09-30,2011-11-07 14:36:52+00:00,0.45,0.45,0.0,9085000.0,0.44,63456000.0,7877000.0,96038000.0,96038000.0,96105000.0,-67000.0,1444173000.0,1667559000.0,-1666000.0,19295000.0,27508000.0,1444173000.0,223386000.0,140000.0,1679000.0,63765000.0,159621000.0,-127000.0,159494000.0,1667559000.0,213600000.0,212392286.0,216342380.0
Expeditors International of Washington Inc,EXPD,,746515,2010.0,Q2YTD,2010-01-01,2010-06-30,,0.72,0.72,0.2,18505000.0,0.7,101236000.0,14585000.0,151719000.0,151719000.0,151565000.0,154000.0,2358151000.0,2717879000.0,10897000.0,37926000.0,49675000.0,2358151000.0,359728000.0,238000.0,3259000.0,120691000.0,239037000.0,13918000.0,252955000.0,2717879000.0,210000000.0,212332375.0,216460977.0
Expeditors International of Washington Inc,EXPD,,746515,2010.0,Q2TTM,2009-07-01,2010-06-30,,1.32,1.32,0.39,38338000.0,1.29,185899000.0,29111000.0,278933000.0,278933000.0,278452000.0,481000.0,4286927000.0,5002117000.0,12456000.0,112250000.0,89854000.0,4286927000.0,715190000.0,658000.0,7397000.0,269553000.0,445637000.0,19195000.0,464832000.0,5002117000.0,210000000.0,212332375.0,216460977.0
Expeditors International of Washington Inc,EXPD,,746515,2010.0,Q2,2010-04-01,2010-06-30,2011-08-05 16:07:03+00:00,0.43,0.43,0.2,9110000.0,0.42,59708000.0,7550000.0,90409000.0,90409000.0,90318000.0,91000.0,1319017000.0,1516770000.0,10288000.0,18699000.0,23898000.0,1319017000.0,197753000.0,151000.0,1484000.0,59257000.0,138496000.0,11621000.0,150117000.0,1516770000.0,210000000.0,212332375.0,216460977.0
Expeditors International of Washington Inc,EXPD,,746515,2010.0,Q1TTM,2009-04-01,2010-03-31,,1.14,1.14,0.38,39472000.0,1.12,163754000.0,27108000.0,242338000.0,242338000.0,242204000.0,134000.0,3740742000.0,4380707000.0,4249000.0,93551000.0,85766000.0,3740742000.0,639965000.0,571000.0,8346000.0,245897000.0,394068000.0,12024000.0,406092000.0,4380707000.0,211200000.0,212192710.0,216630436.0
Expeditors International of Washington Inc,EXPD,,746515,2010.0,Q1,2010-01-01,2010-03-31,2011-05-09 16:31:27+00:00,0.29,0.29,,9395000.0,0.28,41528000.0,7035000.0,61310000.0,61310000.0,61247000.0,63000.0,1039134000.0,1201109000.0,609000.0,19227000.0,25777000.0,1039134000.0,161975000.0,87000.0,1775000.0,61434000.0,100541000.0,2297000.0,102838000.0,1201109000.0,211200000.0,212192710.0,216630436.0
Expeditors International of Washington Inc,EXPD,,746515,2011.0,Q4,2011-10-01,2011-12-31,,0.44,0.44,0.25,9146000.0,0.43,62061000.0,10447000.0,93140000.0,93140000.0,92843000.0,297000.0,1273676000.0,1512953000.0,-3300000.0,30691000.0,33929000.0,1273676000.0,239277000.0,-722000.0,2715000.0,84213000.0,155064000.0,137000.0,155201000.0,1512953000.0,211900000.0,212117511.0,215033580.0
Expeditors International of Washington Inc,EXPD,,746515,2011.0,FY,2011-01-01,2011-12-31,2014-02-27 16:27:51+00:00,1.82,1.82,0.5,36776000.0,1.79,251785000.0,38974000.0,386243000.0,386243000.0,385679000.0,564000.0,5247379000.0,6161537000.0,9466000.0,94778000.0,125303000.0,5247379000.0,914158000.0,,10235000.0,295831000.0,618327000.0,19701000.0,638028000.0,6161537000.0,211900000.0,212117511.0,215033580.0
Expeditors International of Washington Inc,EXPD,,746515,2011.0,Q3YTD,2011-01-01,2011-09-30,,1.38,1.38,0.25,27630000.0,1.36,189724000.0,28527000.0,293103000.0,293103000.0,292836000.0,267000.0,3973703000.0,4648584000.0,12766000.0,64087000.0,91374000.0,3973703000.0,674881000.0,722000.0,7520000.0,211618000.0,463263000.0,19564000.0,482827000.0,4648584000.0,213200000.0,212256119.0,214717451.0
Expeditors International of Washington Inc,EXPD,,746515,2011.0,Q3TTM,2010-10-01,2011-09-30,,1.83,1.83,0.45,36940000.0,1.81,244895000.0,38120000.0,389551000.0,389551000.0,389338000.0,213000.0,5340298000.0,6230719000.0,13947000.0,84075000.0,119451000.0,5340298000.0,890421000.0,920000.0,9584000.0,278586000.0,611835000.0,22611000.0,634446000.0,6230719000.0,213200000.0,212256119.0,214717451.0
Expeditors International of Washington Inc,EXPD,,746515,2011.0,Q3,2011-07-01,2011-09-30,2012-11-07 16:19:39+00:00,0.5,0.5,0.0,9199000.0,0.5,70283000.0,9342000.0,106876000.0,106876000.0,106604000.0,272000.0,1371034000.0,1606368000.0,10792000.0,21352000.0,31683000.0,1371034000.0,235334000.0,279000.0,2888000.0,71576000.0,163758000.0,13401000.0,177159000.0,1606368000.0,213200000.0,212256119.0,214717451.0
Expeditors International of Washington Inc,EXPD,,746515,2011.0,Q2YTD,2011-01-01,2011-06-30,,0.88,0.88,0.25,18431000.0,0.86,119441000.0,19185000.0,186227000.0,186227000.0,186232000.0,-5000.0,2602669000.0,3042216000.0,1974000.0,42735000.0,59691000.0,2602669000.0,439547000.0,443000.0,4632000.0,140042000.0,299505000.0,6163000.0,305668000.0,3042216000.0,211100000.0,212136164.0,215659043.0
Expeditors International of Washington Inc,EXPD,,746515,2011.0,Q2TTM,2010-07-01,2011-06-30,,1.78,1.78,0.45,36826000.0,1.75,238068000.0,36655000.0,378713000.0,378713000.0,378839000.0,-126000.0,5413437000.0,6291910000.0,1489000.0,82018000.0,115276000.0,5413437000.0,878473000.0,781000.0,8375000.0,270775000.0,607698000.0,9083000.0,616781000.0,6291910000.0,211100000.0,212136164.0,215659043.0
Expeditors International of Washington Inc,EXPD,,746515,2011.0,Q2,2011-04-01,2011-06-30,2012-08-08 14:28:56+00:00,0.45,0.45,0.25,9257000.0,0.44,60195000.0,10022000.0,95020000.0,95020000.0,95000000.0,20000.0,1357921000.0,1581368000.0,857000.0,21354000.0,30539000.0,1357921000.0,223447000.0,229000.0,2312000.0,71172000.0,152275000.0,2940000.0,155215000.0,1581368000.0,211100000.0,212136164.0,215659043.0
Expeditors International of Washington Inc,EXPD,,746515,2011.0,Q1TTM,2010-04-01,2011-03-31,,1.76,1.76,0.4,36679000.0,1.73,237581000.0,34183000.0,374102000.0,374102000.0,374157000.0,-55000.0,5374533000.0,6227312000.0,10920000.0,79363000.0,108635000.0,5374533000.0,852779000.0,703000.0,7547000.0,258860000.0,593919000.0,17764000.0,611683000.0,6227312000.0,212200000.0,212088860.0,215863386.0
Expeditors International of Washington Inc,EXPD,,746515,2011.0,Q1,2011-01-01,2011-03-31,2012-05-07 16:19:46+00:00,0.43,0.43,,9174000.0,0.42,59246000.0,9163000.0,91207000.0,91207000.0,91232000.0,-25000.0,1244748000.0,1460848000.0,1117000.0,21381000.0,29152000.0,1244748000.0,216100000.0,214000.0,2320000.0,68870000.0,147230000.0,3223000.0,150453000.0,1460848000.0,212200000.0,212088860.0,215863386.0
Expeditors International of Washington Inc,EXPD,,746515,2012.0,FY,2012-01-01,2012-12-31,2015-02-26 11:51:48+00:00,1.58,1.58,0.56,39940000.0,1.57,217424000.0,34184000.0,332969000.0,332969000.0,333360000.0,-391000.0,5151897000.0,5992215000.0,6832000.0,98580000.0,136816000.0,5151897000.0,840318000.0,,12763000.0,309520000.0,530798000.0,19595000.0,550393000.0,5992215000.0,211000000.0,210422945.0,211935171.0
Expeditors International of Washington Inc,EXPD,,746515,2012.0,Q4,2012-10-01,2012-12-31,,0.4,0.4,0.28,10695000.0,0.4,49893000.0,8814000.0,83499000.0,83499000.0,84208000.0,-709000.0,1320315000.0,1544229000.0,1845000.0,35247000.0,41133000.0,1320315000.0,223914000.0,,3522000.0,95889000.0,128025000.0,5367000.0,133392000.0,1544229000.0,211000000.0,210422945.0,211935171.0
Expeditors International of Washington Inc,EXPD,,746515,2012.0,Q3YTD,2012-01-01,2012-09-30,,1.18,1.18,0.28,29245000.0,1.17,167531000.0,25370000.0,249470000.0,249470000.0,249152000.0,318000.0,3831582000.0,4447986000.0,4987000.0,63333000.0,95683000.0,3831582000.0,616404000.0,,9241000.0,213631000.0,402773000.0,14228000.0,417001000.0,4447986000.0,210700000.0,210135763.0,211397602.0
Expeditors International of Washington Inc,EXPD,,746515,2012.0,Q3TTM,2011-10-01,2012-09-30,,1.62,1.62,0.53,38391000.0,1.6,229592000.0,35817000.0,342610000.0,342610000.0,341995000.0,615000.0,5105258000.0,5960939000.0,1687000.0,94024000.0,129612000.0,5105258000.0,855681000.0,-722000.0,11956000.0,297844000.0,557837000.0,14365000.0,572202000.0,5960939000.0,210700000.0,210135763.0,211397602.0
Expeditors International of Washington Inc,EXPD,,746515,2012.0,Q3,2012-07-01,2012-09-30,2013-11-07 16:08:22+00:00,0.42,0.42,0.0,10030000.0,0.42,60253000.0,7847000.0,88727000.0,88727000.0,88490000.0,237000.0,1319425000.0,1531664000.0,1050000.0,21304000.0,27959000.0,1319425000.0,212239000.0,,2831000.0,67140000.0,145099000.0,3881000.0,148980000.0,1531664000.0,210700000.0,210135763.0,211397602.0
Expeditors International of Washington Inc,EXPD,,746515,2012.0,Q2YTD,2012-01-01,2012-06-30,,0.76,0.76,0.28,19215000.0,0.75,107278000.0,17523000.0,160743000.0,160743000.0,160662000.0,81000.0,2512157000.0,2916322000.0,3937000.0,42029000.0,67724000.0,2512157000.0,404165000.0,,6410000.0,146491000.0,257674000.0,10347000.0,268021000.0,2916322000.0,209900000.0,211724082.0,213212912.0
Expeditors International of Washington Inc,EXPD,,746515,2012.0,Q2TTM,2011-07-01,2012-06-30,,1.7,1.7,0.53,37560000.0,1.68,239622000.0,37312000.0,360759000.0,360759000.0,360109000.0,650000.0,5156867000.0,6035643000.0,11429000.0,94072000.0,133336000.0,5156867000.0,878776000.0,-443000.0,12013000.0,302280000.0,576496000.0,23885000.0,600381000.0,6035643000.0,209900000.0,211724082.0,213212912.0
Expeditors International of Washington Inc,EXPD,,746515,2012.0,Q2,2012-04-01,2012-06-30,2013-08-08 16:21:08+00:00,0.4,0.4,0.28,9670000.0,0.39,54892000.0,8860000.0,84021000.0,84021000.0,83955000.0,66000.0,1301226000.0,1504952000.0,3460000.0,20853000.0,31940000.0,1301226000.0,203726000.0,,3050000.0,71323000.0,132403000.0,6510000.0,138913000.0,1504952000.0,209900000.0,211724082.0,213212912.0
Expeditors International of Washington Inc,EXPD,,746515,2012.0,Q1TTM,2011-04-01,2012-03-31,,1.75,1.75,0.5,37147000.0,1.73,244925000.0,38474000.0,371758000.0,371758000.0,371154000.0,604000.0,5213562000.0,6112059000.0,8826000.0,94573000.0,131935000.0,5213562000.0,898497000.0,-214000.0,11275000.0,302129000.0,596368000.0,20315000.0,616683000.0,6112059000.0,213100000.0,212097662.0,214199510.0
Expeditors International of Washington Inc,EXPD,,746515,2012.0,Q1,2012-01-01,2012-03-31,2013-05-03 14:22:13+00:00,0.36,0.36,,9545000.0,0.36,52386000.0,8663000.0,76722000.0,76722000.0,76707000.0,15000.0,1210931000.0,1411370000.0,477000.0,21176000.0,35784000.0,1210931000.0,200439000.0,,3360000.0,75168000.0,125271000.0,3837000.0,129108000.0,1411370000.0,213100000.0,212097662.0,214199510.0
Expeditors International of Washington Inc,EXPD,,746515,2013.0,FY,2013-01-01,2013-12-31,2016-02-25 12:27:46+00:00,1.69,1.69,0.6,48071000.0,1.68,222585000.0,33243000.0,350011000.0,350011000.0,348526000.0,1485000.0,5230005000.0,6080257000.0,8713000.0,98437000.0,118428000.0,5230005000.0,850252000.0,,11810000.0,298179000.0,552073000.0,20523000.0,572596000.0,6080257000.0,206200000.0,205995000.0,206895000.0
Expeditors International of Washington Inc,EXPD,,746515,2013.0,Q4,2013-10-01,2013-12-31,,0.4,0.4,0.3,12490000.0,0.39,53829000.0,9352000.0,84009000.0,84009000.0,83496000.0,513000.0,1414789000.0,1625859000.0,1645000.0,24990000.0,30575000.0,1414789000.0,211070000.0,,2530000.0,77407000.0,133663000.0,4175000.0,137838000.0,1625859000.0,206200000.0,205995000.0,206895000.0
Expeditors International of Washington Inc,EXPD,,746515,2013.0,Q3YTD,2013-01-01,2013-09-30,,1.29,1.29,0.3,35581000.0,1.29,168756000.0,23891000.0,266002000.0,266002000.0,265030000.0,972000.0,3815216000.0,4454398000.0,7068000.0,73447000.0,87853000.0,3815216000.0,639182000.0,,9280000.0,220772000.0,418410000.0,16348000.0,434758000.0,4454398000.0,205300000.0,206516194.0,207368792.0
Expeditors International of Washington Inc,EXPD,,746515,2013.0,Q3TTM,2012-10-01,2013-09-30,,1.69,1.69,0.58,46276000.0,1.69,218649000.0,32705000.0,349501000.0,349501000.0,349238000.0,263000.0,5135531000.0,5998627000.0,8913000.0,108694000.0,128986000.0,5135531000.0,863096000.0,,12802000.0,316661000.0,546435000.0,21715000.0,568150000.0,5998627000.0,205300000.0,206516194.0,207368792.0
Expeditors International of Washington Inc,EXPD,,746515,2013.0,Q3,2013-07-01,2013-09-30,2014-11-06 16:08:32+00:00,0.45,0.45,0.0,12629000.0,0.45,57763000.0,8306000.0,92729000.0,92729000.0,92400000.0,329000.0,1314677000.0,1537966000.0,1212000.0,24542000.0,31499000.0,1314677000.0,223289000.0,,2967000.0,76976000.0,146313000.0,4179000.0,150492000.0,1537966000.0,205300000.0,206516194.0,207368792.0
Expeditors International of Washington Inc,EXPD,,746515,2013.0,Q2YTD,2013-01-01,2013-06-30,,0.84,0.84,0.3,22952000.0,0.84,110993000.0,15585000.0,173273000.0,173273000.0,172630000.0,643000.0,2500539000.0,2916432000.0,5856000.0,48905000.0,56354000.0,2500539000.0,415893000.0,,6313000.0,143796000.0,272097000.0,12169000.0,284266000.0,2916432000.0,205100000.0,206444464.0,207192534.0
Expeditors International of Washington Inc,EXPD,,746515,2013.0,Q2TTM,2012-07-01,2013-06-30,,1.66,1.66,0.58,43677000.0,1.66,221139000.0,32246000.0,345499000.0,345499000.0,345328000.0,171000.0,5140279000.0,5992325000.0,8751000.0,105456000.0,125446000.0,5140279000.0,852046000.0,,12666000.0,306825000.0,545221000.0,21417000.0,566638000.0,5992325000.0,205100000.0,206444464.0,207192534.0
Expeditors International of Washington Inc,EXPD,,746515,2013.0,Q2,2013-04-01,2013-06-30,2014-08-07 12:54:00+00:00,0.45,0.45,0.3,11674000.0,0.45,58311000.0,8328000.0,92663000.0,92663000.0,92315000.0,348000.0,1286921000.0,1503224000.0,4325000.0,24712000.0,28010000.0,1286921000.0,216303000.0,,3070000.0,72724000.0,143579000.0,7395000.0,150974000.0,1503224000.0,205100000.0,206444464.0,207192534.0
Expeditors International of Washington Inc,EXPD,,746515,2013.0,Q1TTM,2012-04-01,2013-03-31,,1.61,1.61,0.56,41673000.0,1.6,217720000.0,32778000.0,336857000.0,336857000.0,336968000.0,-111000.0,5154584000.0,5994053000.0,7886000.0,101597000.0,129376000.0,5154584000.0,839469000.0,,12646000.0,305424000.0,534045000.0,20532000.0,554577000.0,5994053000.0,205900000.0,206475095.0,207613863.0
Expeditors International of Washington Inc,EXPD,,746515,2013.0,Q1,2013-01-01,2013-03-31,2014-05-08 16:43:59+00:00,0.39,0.39,,11278000.0,0.39,52682000.0,7257000.0,80610000.0,80610000.0,80315000.0,295000.0,1213618000.0,1413208000.0,1531000.0,24193000.0,28344000.0,1213618000.0,199590000.0,,3243000.0,71072000.0,128518000.0,4774000.0,133292000.0,1413208000.0,205900000.0,206475095.0,207613863.0
Expeditors International of Washington Inc,EXPD,,746515,2014.0,FY,2014-01-01,2014-12-31,2017-02-23 16:12:35+00:00,1.92,1.92,0.64,49292000.0,1.92,231429000.0,38125000.0,379460000.0,379460000.0,376888000.0,2572000.0,5648623000.0,6564721000.0,5468000.0,102810000.0,131223000.0,5648623000.0,916098000.0,,10773000.0,321450000.0,594648000.0,16241000.0,610889000.0,6564721000.0,196300000.0,196147000.0,196768000.0
Expeditors International of Washington Inc,EXPD,,746515,2014.0,Q4,2014-10-01,2014-12-31,,0.51,0.51,0.32,11752000.0,0.51,59873000.0,11421000.0,100740000.0,100740000.0,99381000.0,1359000.0,1526031000.0,1768830000.0,223000.0,25851000.0,35904000.0,1526031000.0,242799000.0,,2519000.0,84928000.0,157871000.0,2742000.0,160613000.0,1768830000.0,196300000.0,196147000.0,196768000.0
Expeditors International of Washington Inc,EXPD,,746515,2014.0,Q3,2014-07-01,2014-09-30,2015-11-05 16:10:18+00:00,0.53,0.53,0.0,12741000.0,0.53,61463000.0,9240000.0,102797000.0,102797000.0,102381000.0,416000.0,1464397000.0,1705105000.0,2336000.0,26396000.0,33200000.0,1464397000.0,240708000.0,,2793000.0,81577000.0,159131000.0,5129000.0,164260000.0,1705105000.0,193200000.0,194419071.0,195001267.0
Expeditors International of Washington Inc,EXPD,,746515,2014.0,Q3YTD,2014-01-01,2014-09-30,,1.41,1.41,0.32,37540000.0,1.41,171556000.0,26704000.0,278720000.0,278720000.0,277507000.0,1213000.0,4122592000.0,4795891000.0,5245000.0,76959000.0,95319000.0,4122592000.0,673299000.0,,8254000.0,236522000.0,436777000.0,13499000.0,450276000.0,4795891000.0,193200000.0,194419071.0,195001267.0
Expeditors International of Washington Inc,EXPD,,746515,2014.0,Q3TTM,2013-10-01,2014-09-30,,1.81,1.81,0.62,50030000.0,1.8,225385000.0,36056000.0,362729000.0,362729000.0,361003000.0,1726000.0,5537381000.0,6421750000.0,6890000.0,101949000.0,125894000.0,5537381000.0,884369000.0,,10784000.0,313929000.0,570440000.0,17674000.0,588114000.0,6421750000.0,193200000.0,194419071.0,195001267.0
Expeditors International of Washington Inc,EXPD,,746515,2014.0,Q2,2014-04-01,2014-06-30,2015-08-06 11:27:37+00:00,0.46,0.46,0.32,12417000.0,0.46,56669000.0,9291000.0,91728000.0,91728000.0,91302000.0,426000.0,1375194000.0,1599141000.0,3190000.0,25401000.0,34395000.0,1375194000.0,223947000.0,,2764000.0,81504000.0,142443000.0,5954000.0,148397000.0,1599141000.0,198500000.0,196451912.0,197126243.0
Expeditors International of Washington Inc,EXPD,,746515,2014.0,Q2YTD,2014-01-01,2014-06-30,,0.88,0.88,0.32,24799000.0,0.88,110093000.0,17464000.0,175923000.0,175923000.0,175126000.0,797000.0,2658195000.0,3090786000.0,2909000.0,50563000.0,62119000.0,2658195000.0,432591000.0,,5461000.0,154945000.0,277646000.0,8370000.0,286016000.0,3090786000.0,198500000.0,196451912.0,197126243.0
Expeditors International of Washington Inc,EXPD,,746515,2014.0,Q2TTM,2013-07-01,2014-06-30,,1.73,1.73,0.62,49918000.0,1.72,221685000.0,35122000.0,352661000.0,352661000.0,351022000.0,1639000.0,5387661000.0,6254611000.0,5766000.0,100095000.0,124193000.0,5387661000.0,866950000.0,,10958000.0,309328000.0,557622000.0,16724000.0,574346000.0,6254611000.0,198500000.0,196451912.0,197126243.0
Expeditors International of Washington Inc,EXPD,,746515,2014.0,Q1,2014-01-01,2014-03-31,2015-05-07 11:29:27+00:00,0.42,0.42,,12382000.0,0.42,53424000.0,8173000.0,84195000.0,84195000.0,83824000.0,371000.0,1283001000.0,1491645000.0,-281000.0,25162000.0,27724000.0,1283001000.0,208644000.0,,2697000.0,73441000.0,135203000.0,2416000.0,137619000.0,1491645000.0,199600000.0,201118390.0,201843858.0
Expeditors International of Washington Inc,EXPD,,746515,2014.0,Q1TTM,2013-04-01,2014-03-31,,1.72,1.72,0.6,49175000.0,1.71,223327000.0,34159000.0,353596000.0,353596000.0,352035000.0,1561000.0,5299388000.0,6158694000.0,6901000.0,99406000.0,117808000.0,5299388000.0,859306000.0,,11264000.0,300548000.0,558758000.0,18165000.0,576923000.0,6158694000.0,199600000.0,201118390.0,201843858.0
Expeditors International of Washington Inc,EXPD,,746515,2015.0,FY,2015-01-01,2015-12-31,2018-02-23 10:05:38+00:00,2.42,2.42,0.72,46012000.0,2.4,277192000.0,41990000.0,459497000.0,459497000.0,457223000.0,2274000.0,5572366000.0,6616632000.0,4784000.0,102470000.0,132310000.0,5572366000.0,1044266000.0,,10421000.0,322782000.0,721484000.0,15205000.0,736689000.0,6616632000.0,188900000.0,188941000.0,190223000.0
Expeditors International of Washington Inc,EXPD,,746515,2015.0,Q4,2015-10-01,2015-12-31,,0.61,0.61,0.36,11588000.0,0.62,69310000.0,11844000.0,115100000.0,115100000.0,114449000.0,651000.0,1342054000.0,1596221000.0,4031000.0,26364000.0,26379000.0,1342054000.0,254167000.0,,2387000.0,76175000.0,177992000.0,6418000.0,184410000.0,1596221000.0,188900000.0,188941000.0,190223000.0
Expeditors International of Washington Inc,EXPD,,746515,2015.0,Q3,2015-07-01,2015-09-30,2016-11-08 16:39:24+00:00,0.63,0.63,0.0,11475000.0,0.62,72738000.0,10370000.0,118736000.0,118736000.0,118310000.0,426000.0,1376917000.0,1651332000.0,-3085000.0,25747000.0,34930000.0,1376917000.0,274415000.0,,2666000.0,82522000.0,191893000.0,-419000.0,191474000.0,1651332000.0,187800000.0,188424000.0,189642000.0
Expeditors International of Washington Inc,EXPD,,746515,2015.0,Q3YTD,2015-01-01,2015-09-30,,1.81,1.81,0.36,34424000.0,1.78,207882000.0,30146000.0,344397000.0,344397000.0,342774000.0,1623000.0,4230312000.0,5020411000.0,753000.0,76106000.0,105931000.0,4230312000.0,790099000.0,,8034000.0,246607000.0,543492000.0,8787000.0,552279000.0,5020411000.0,187800000.0,188424000.0,189642000.0
Expeditors International of Washington Inc,EXPD,,746515,2015.0,Q3TTM,2014-10-01,2015-09-30,,2.32,2.32,0.68,46176000.0,2.29,267755000.0,41567000.0,445137000.0,445137000.0,442155000.0,2982000.0,5756343000.0,6789241000.0,976000.0,101957000.0,141835000.0,5756343000.0,1032898000.0,,10553000.0,331535000.0,701363000.0,11529000.0,712892000.0,6789241000.0,187800000.0,188424000.0,189642000.0
Expeditors International of Washington Inc,EXPD,,746515,2015.0,Q2,2015-04-01,2015-06-30,2016-08-04 16:14:51+00:00,0.62,0.62,0.36,11420000.0,0.61,70827000.0,10529000.0,118329000.0,118329000.0,117760000.0,569000.0,1426477000.0,1691553000.0,3804000.0,24971000.0,35440000.0,1426477000.0,265076000.0,,2636000.0,82360000.0,182716000.0,6440000.0,189156000.0,1691553000.0,189900000.0,190679000.0,191918000.0
Expeditors International of Washington Inc,EXPD,,746515,2015.0,Q2YTD,2015-01-01,2015-06-30,,1.18,1.18,0.36,22949000.0,1.16,135144000.0,19776000.0,225661000.0,225661000.0,224464000.0,1197000.0,2853395000.0,3369079000.0,3838000.0,50359000.0,71001000.0,2853395000.0,515684000.0,,5368000.0,164085000.0,351599000.0,9206000.0,360805000.0,3369079000.0,189900000.0,190679000.0,191918000.0
Expeditors International of Washington Inc,EXPD,,746515,2015.0,Q2TTM,2014-07-01,2015-06-30,,2.22,2.22,0.68,47442000.0,2.2,256480000.0,40437000.0,429198000.0,429198000.0,426226000.0,2972000.0,5843823000.0,6843014000.0,6397000.0,102606000.0,140105000.0,5843823000.0,999191000.0,,10680000.0,330590000.0,668601000.0,17077000.0,685678000.0,6843014000.0,189900000.0,190679000.0,191918000.0
Expeditors International of Washington Inc,EXPD,,746515,2015.0,Q1,2015-01-01,2015-03-31,2016-05-04 16:09:42+00:00,0.56,0.56,,11529000.0,0.55,64317000.0,9247000.0,107332000.0,107332000.0,106704000.0,628000.0,1426918000.0,1677526000.0,34000.0,25388000.0,35561000.0,1426918000.0,250608000.0,,2732000.0,81725000.0,168883000.0,2766000.0,171649000.0,1677526000.0,190500000.0,191628000.0,192707000.0
Expeditors International of Washington Inc,EXPD,,746515,2015.0,Q1TTM,2014-04-01,2015-03-31,,2.06,2.06,0.64,48439000.0,2.05,242322000.0,39199000.0,402597000.0,402597000.0,399768000.0,2829000.0,5792540000.0,6750602000.0,5783000.0,103036000.0,139060000.0,5792540000.0,958062000.0,,10808000.0,329734000.0,628328000.0,16591000.0,644919000.0,6750602000.0,190500000.0,191628000.0,192707000.0
Expeditors International of Washington Inc,EXPD,,746515,2016.0,FY,2016-01-01,2016-12-31,2019-02-22 11:48:37+00:00,2.38,2.38,0.8,46796000.0,2.36,254323000.0,41763000.0,432533000.0,432533000.0,430807000.0,1726000.0,5091636000.0,6098037000.0,5113000.0,108812000.0,138867000.0,5091636000.0,1006401000.0,,11580000.0,336238000.0,670163000.0,16693000.0,686856000.0,6098037000.0,181000000.0,181282000.0,182704000.0
Expeditors International of Washington Inc,EXPD,,746515,2016.0,Q4,2016-10-01,2016-12-31,,0.62,0.62,0.4,11943000.0,0.61,65805000.0,11946000.0,111098000.0,111098000.0,110590000.0,508000.0,1382960000.0,1642007000.0,1706000.0,27783000.0,35165000.0,1382960000.0,259047000.0,,2987000.0,86837000.0,172210000.0,4693000.0,176903000.0,1642007000.0,181000000.0,181282000.0,182704000.0
Expeditors International of Washington Inc,EXPD,,746515,2016.0,Q3,2016-07-01,2016-09-30,2017-11-07 15:54:40+00:00,0.59,0.59,0.0,11882000.0,0.59,63163000.0,10134000.0,107949000.0,107949000.0,107581000.0,368000.0,1308339000.0,1562394000.0,925000.0,27091000.0,37685000.0,1308339000.0,254055000.0,,2924000.0,86792000.0,167263000.0,3849000.0,171112000.0,1562394000.0,182300000.0,181177000.0,182692000.0
Expeditors International of Washington Inc,EXPD,,746515,2016.0,Q3YTD,2016-01-01,2016-09-30,,1.76,1.76,0.4,34853000.0,1.75,188518000.0,29817000.0,321435000.0,321435000.0,320217000.0,1218000.0,3708676000.0,4456030000.0,3407000.0,81029000.0,103702000.0,3708676000.0,747354000.0,,8593000.0,249401000.0,497953000.0,12000000.0,509953000.0,4456030000.0,182300000.0,181177000.0,182692000.0
Expeditors International of Washington Inc,EXPD,,746515,2016.0,Q3TTM,2015-10-01,2016-09-30,,2.37,2.37,0.76,46441000.0,2.37,257828000.0,41661000.0,436535000.0,436535000.0,434666000.0,1869000.0,5050730000.0,6052251000.0,7438000.0,107393000.0,130081000.0,5050730000.0,1001521000.0,,10980000.0,325576000.0,675945000.0,18418000.0,694363000.0,6052251000.0,182300000.0,181177000.0,182692000.0
Expeditors International of Washington Inc,EXPD,,746515,2016.0,Q2,2016-04-01,2016-06-30,2017-08-08 16:15:27+00:00,0.64,0.64,0.4,11642000.0,0.63,66918000.0,10251000.0,116439000.0,116439000.0,116052000.0,387000.0,1215579000.0,1475164000.0,1603000.0,27079000.0,31749000.0,1215579000.0,259585000.0,,2890000.0,80721000.0,178864000.0,4493000.0,183357000.0,1475164000.0,181300000.0,181753000.0,183132000.0
Expeditors International of Washington Inc,EXPD,,746515,2016.0,Q2YTD,2016-01-01,2016-06-30,,1.17,1.17,0.4,22971000.0,1.16,125355000.0,19683000.0,213486000.0,213486000.0,212636000.0,850000.0,2400337000.0,2893636000.0,2482000.0,53938000.0,66017000.0,2400337000.0,493299000.0,,5669000.0,162609000.0,330690000.0,8151000.0,338841000.0,2893636000.0,181300000.0,181753000.0,183132000.0
Expeditors International of Washington Inc,EXPD,,746515,2016.0,Q2TTM,2015-07-01,2016-06-30,,2.41,2.41,0.76,46034000.0,2.4,267403000.0,41897000.0,447322000.0,447322000.0,445395000.0,1927000.0,5119308000.0,6141189000.0,3428000.0,106049000.0,127326000.0,5119308000.0,1021881000.0,,10722000.0,321306000.0,700575000.0,14150000.0,714725000.0,6141189000.0,181300000.0,181753000.0,183132000.0
Expeditors International of Washington Inc,EXPD,,746515,2016.0,Q1,2016-01-01,2016-03-31,2017-05-04 16:28:20+00:00,0.53,0.53,,11329000.0,0.53,58437000.0,9432000.0,97047000.0,97047000.0,96584000.0,463000.0,1184758000.0,1418472000.0,879000.0,26859000.0,34268000.0,1184758000.0,233714000.0,,2779000.0,81888000.0,151826000.0,3658000.0,155484000.0,1418472000.0,182200000.0,182010000.0,183018000.0
Expeditors International of Washington Inc,EXPD,,746515,2016.0,Q1TTM,2015-04-01,2016-03-31,,2.39,2.39,0.72,45812000.0,2.38,271312000.0,42175000.0,449212000.0,449212000.0,447103000.0,2109000.0,5330206000.0,6357578000.0,5629000.0,103941000.0,131017000.0,5330206000.0,1027372000.0,,10468000.0,322945000.0,704427000.0,16097000.0,720524000.0,6357578000.0,182200000.0,182010000.0,183018000.0
Expeditors International of Washington Inc,EXPD,,746515,2017.0,FY,2017-01-01,2017-12-31,2020-02-21 15:01:31+00:00,2.73,2.73,0.84,49310000.0,2.69,228212000.0,44290000.0,490383000.0,490383000.0,489345000.0,1038000.0,5868879000.0,6920948000.0,5131000.0,119732000.0,138477000.0,5868879000.0,1052069000.0,,13204000.0,351809000.0,700260000.0,18335000.0,718595000.0,6920948000.0,179200000.0,179247000.0,181666000.0
Expeditors International of Washington Inc,EXPD,,746515,2017.0,Q4,2017-10-01,2017-12-31,,0.94,0.94,0.42,13069000.0,0.92,37742000.0,11814000.0,167455000.0,167455000.0,166967000.0,488000.0,1609523000.0,1901371000.0,2547000.0,31906000.0,36048000.0,1609523000.0,291848000.0,,3639000.0,92837000.0,199011000.0,6186000.0,205197000.0,1901371000.0,179200000.0,179247000.0,181666000.0
Expeditors International of Washington Inc,EXPD,,746515,2017.0,Q3,2017-07-01,2017-09-30,2018-11-07 16:18:21+00:00,0.67,0.67,0.0,12272000.0,0.66,69829000.0,10608000.0,120606000.0,120606000.0,120263000.0,343000.0,1522074000.0,1802166000.0,96000.0,30533000.0,39784000.0,1522074000.0,280092000.0,,3444000.0,93197000.0,186895000.0,3540000.0,190435000.0,1802166000.0,179500000.0,179416000.0,181788000.0
Expeditors International of Washington Inc,EXPD,,746515,2017.0,Q3YTD,2017-01-01,2017-09-30,,1.79,1.79,0.42,36241000.0,1.77,190470000.0,32476000.0,322928000.0,322928000.0,322378000.0,550000.0,4259356000.0,5019577000.0,2584000.0,87826000.0,102429000.0,4259356000.0,760221000.0,,9565000.0,258972000.0,501249000.0,12149000.0,513398000.0,5019577000.0,179500000.0,179416000.0,181788000.0
Expeditors International of Washington Inc,EXPD,,746515,2017.0,Q3TTM,2016-10-01,2017-09-30,,2.41,2.41,0.82,48184000.0,2.38,256275000.0,44422000.0,434026000.0,434026000.0,432968000.0,1058000.0,5642316000.0,6661584000.0,4290000.0,115609000.0,137594000.0,5642316000.0,1019268000.0,,12552000.0,345809000.0,673459000.0,16842000.0,690301000.0,6661584000.0,179500000.0,179416000.0,181788000.0
Expeditors International of Washington Inc,EXPD,,746515,2017.0,Q2,2017-04-01,2017-06-30,2018-08-08 10:00:17+00:00,0.6,0.6,0.42,12042000.0,0.6,65055000.0,10953000.0,108755000.0,108755000.0,108851000.0,-96000.0,1427175000.0,1672279000.0,2190000.0,29163000.0,24706000.0,1427175000.0,245104000.0,,3380000.0,76864000.0,168240000.0,5570000.0,173810000.0,1672279000.0,181400000.0,180012000.0,182033000.0
Expeditors International of Washington Inc,EXPD,,746515,2017.0,Q2YTD,2017-01-01,2017-06-30,,1.12,1.12,0.42,23969000.0,1.11,120641000.0,21868000.0,202322000.0,202322000.0,202115000.0,207000.0,2737282000.0,3217411000.0,2488000.0,57293000.0,62645000.0,2737282000.0,480129000.0,,6121000.0,165775000.0,314354000.0,8609000.0,322963000.0,3217411000.0,181400000.0,180012000.0,182033000.0
Expeditors International of Washington Inc,EXPD,,746515,2017.0,Q2TTM,2016-07-01,2017-06-30,,2.33,2.33,0.82,47794000.0,2.31,249609000.0,43948000.0,421369000.0,421369000.0,420286000.0,1083000.0,5428581000.0,6421812000.0,5119000.0,112167000.0,135495000.0,5428581000.0,993231000.0,,12032000.0,339404000.0,653827000.0,17151000.0,670978000.0,6421812000.0,181400000.0,180012000.0,182033000.0
Expeditors International of Washington Inc,EXPD,,746515,2017.0,Q1,2017-01-01,2017-03-31,2018-05-09 10:49:47+00:00,0.52,0.52,,11927000.0,0.51,55586000.0,10915000.0,93567000.0,93567000.0,93264000.0,303000.0,1310107000.0,1545132000.0,298000.0,28130000.0,37939000.0,1310107000.0,235025000.0,,2741000.0,88911000.0,146114000.0,3039000.0,149153000.0,1545132000.0,179400000.0,180062000.0,182094000.0
Expeditors International of Washington Inc,EXPD,,746515,2017.0,Q1TTM,2016-04-01,2017-03-31,,2.37,2.37,0.8,47394000.0,2.34,251472000.0,43246000.0,429053000.0,429053000.0,427487000.0,1566000.0,5216985000.0,6224697000.0,4532000.0,110083000.0,142538000.0,5216985000.0,1007712000.0,,11542000.0,343261000.0,664451000.0,16074000.0,680525000.0,6224697000.0,179400000.0,180062000.0,182094000.0
Expeditors International of Washington Inc,EXPD,,746515,2018.0,FY,2018-01-01,2018-12-31,2020-02-21 15:01:31+00:00,3.55,3.55,0.9,54019000.0,3.48,198539000.0,45346000.0,619790000.0,619790000.0,618199000.0,1591000.0,6911251000.0,8138365000.0,2613000.0,152813000.0,178373000.0,6911251000.0,1227114000.0,,19153000.0,430551000.0,796563000.0,21766000.0,818329000.0,8138365000.0,174100000.0,174133000.0,177833000.0
Expeditors International of Washington Inc,EXPD,,746515,2018.0,Q4,2018-10-01,2018-12-31,,1.04,1.04,0.45,13186000.0,1.01,42668000.0,12961000.0,179577000.0,179577000.0,179210000.0,367000.0,1905761000.0,2235597000.0,256000.0,39627000.0,47055000.0,1905761000.0,329836000.0,,4982000.0,112829000.0,217007000.0,5238000.0,222245000.0,2235597000.0,174100000.0,174133000.0,177833000.0
Expeditors International of Washington Inc,EXPD,,746515,2018.0,Q3,2018-07-01,2018-09-30,2019-11-06 13:15:34+00:00,0.94,0.94,,13335000.0,0.92,45357000.0,10632000.0,163067000.0,163067000.0,162692000.0,375000.0,1781210000.0,2090947000.0,566000.0,38202000.0,44414000.0,1781210000.0,309737000.0,,4704000.0,106583000.0,203154000.0,5270000.0,208424000.0,2090947000.0,173100000.0,173394000.0,177173000.0
Expeditors International of Washington Inc,EXPD,,746515,2018.0,Q3YTD,2018-01-01,2018-09-30,,2.51,2.51,0.45,40833000.0,2.47,155871000.0,32385000.0,440213000.0,440213000.0,438989000.0,1224000.0,5005490000.0,5902768000.0,2357000.0,113186000.0,131318000.0,5005490000.0,897278000.0,,14171000.0,317722000.0,579556000.0,16528000.0,596084000.0,5902768000.0,173100000.0,173394000.0,177173000.0
Expeditors International of Washington Inc,EXPD,,746515,2018.0,Q3TTM,2017-10-01,2018-09-30,,3.45,3.45,0.87,53902000.0,3.39,193613000.0,44199000.0,607668000.0,607668000.0,605956000.0,1712000.0,6615013000.0,7804139000.0,4904000.0,145092000.0,167366000.0,6615013000.0,1189126000.0,,17810000.0,410559000.0,778567000.0,22714000.0,801281000.0,7804139000.0,173100000.0,173394000.0,177173000.0
Expeditors International of Washington Inc,EXPD,,746515,2018.0,Q2,2018-04-01,2018-06-30,2019-08-07 13:51:48+00:00,0.8,0.8,0.45,13576000.0,0.79,48958000.0,10788000.0,140946000.0,140946000.0,140605000.0,341000.0,1665961000.0,1957559000.0,1167000.0,38071000.0,45579000.0,1665961000.0,291598000.0,,5153000.0,108014000.0,183584000.0,6320000.0,189904000.0,1957559000.0,175800000.0,174754000.0,178603000.0
Expeditors International of Washington Inc,EXPD,,746515,2018.0,Q2YTD,2018-01-01,2018-06-30,,1.57,1.57,0.45,27498000.0,1.55,110514000.0,21753000.0,277146000.0,277146000.0,276297000.0,849000.0,3224280000.0,3811821000.0,1791000.0,74984000.0,86904000.0,3224280000.0,587541000.0,,9467000.0,211139000.0,376402000.0,11258000.0,387660000.0,3811821000.0,175800000.0,174754000.0,178603000.0
Expeditors International of Washington Inc,EXPD,,746515,2018.0,Q2TTM,2017-07-01,2018-06-30,,3.18,3.18,0.87,52839000.0,3.13,218085000.0,44175000.0,565207000.0,565207000.0,563527000.0,1680000.0,6355877000.0,7515358000.0,4434000.0,137423000.0,162736000.0,6355877000.0,1159481000.0,,16550000.0,397173000.0,762308000.0,20984000.0,783292000.0,7515358000.0,175800000.0,174754000.0,178603000.0
Expeditors International of Washington Inc,EXPD,,746515,2018.0,Q1,2018-01-01,2018-03-31,2019-05-08 12:35:22+00:00,0.77,0.77,,13922000.0,0.76,61556000.0,10965000.0,136200000.0,136200000.0,135692000.0,508000.0,1558319000.0,1854262000.0,624000.0,36913000.0,41325000.0,1558319000.0,295943000.0,,4314000.0,103125000.0,192818000.0,4938000.0,197756000.0,1854262000.0,176200000.0,175900000.0,179416000.0
Expeditors International of Washington Inc,EXPD,,746515,2018.0,Q1TTM,2017-04-01,2018-03-31,,2.98,2.98,0.84,51305000.0,2.94,234182000.0,44340000.0,533016000.0,533016000.0,531773000.0,1243000.0,6117091000.0,7230078000.0,5457000.0,128515000.0,141863000.0,6117091000.0,1112987000.0,,14777000.0,366023000.0,746964000.0,20234000.0,767198000.0,7230078000.0,176200000.0,175900000.0,179416000.0
Expeditors International of Washington Inc,EXPD,,746515,2019.0,Q4,2019-10-01,2019-12-31,,0.8,0.8,0.5,12494000.0,0.79,47749000.0,11150000.0,137748000.0,137748000.0,137326000.0,422000.0,1751361000.0,2044941000.0,477000.0,41775000.0,47821000.0,1751361000.0,293580000.0,,4680000.0,113240000.0,180340000.0,5157000.0,185497000.0,2044941000.0,171100000.0,170899000.0,174209000.0
Expeditors International of Washington Inc,EXPD,,746515,2019.0,FY,2019-01-01,2019-12-31,2020-02-21 15:01:31+00:00,3.45,3.45,1.0,50950000.0,3.39,203778000.0,44002000.0,592016000.0,592016000.0,590395000.0,1621000.0,6961273000.0,8175426000.0,6299000.0,166182000.0,186327000.0,6961273000.0,1214153000.0,,22803000.0,447461000.0,766692000.0,29102000.0,795794000.0,8175426000.0,171100000.0,170899000.0,174209000.0
Expeditors International of Washington Inc,EXPD,,746515,2019.0,Q3YTD,2019-01-01,2019-09-30,,2.65,2.65,0.5,38456000.0,2.6,156029000.0,32852000.0,454268000.0,454268000.0,453069000.0,1199000.0,5209912000.0,6130485000.0,5822000.0,124407000.0,138506000.0,5209912000.0,920573000.0,,18123000.0,334221000.0,586352000.0,23945000.0,610297000.0,6130485000.0,170400000.0,170415000.0,173483000.0
Expeditors International of Washington Inc,EXPD,,746515,2019.0,Q3TTM,2018-10-01,2019-09-30,,3.69,3.69,0.95,51642000.0,3.61,198697000.0,45813000.0,633845000.0,633845000.0,632279000.0,1566000.0,7115673000.0,8366082000.0,6078000.0,164034000.0,185561000.0,7115673000.0,1250409000.0,,23105000.0,447050000.0,803359000.0,29183000.0,832542000.0,8366082000.0,170400000.0,170415000.0,173483000.0
Expeditors International of Washington Inc,EXPD,,746515,2019.0,Q3,2019-07-01,2019-09-30,2019-11-06 13:15:34+00:00,0.94,0.94,,12386000.0,0.92,53319000.0,10133000.0,160627000.0,160627000.0,160221000.0,406000.0,1756830000.0,2074855000.0,1895000.0,41987000.0,46969000.0,1756830000.0,318025000.0,,5501000.0,111475000.0,206550000.0,7396000.0,213946000.0,2074855000.0,170400000.0,170415000.0,173483000.0
Expeditors International of Washington Inc,EXPD,,746515,2019.0,Q2YTD,2019-01-01,2019-06-30,,1.71,1.71,0.5,26070000.0,1.68,102710000.0,22719000.0,293641000.0,293641000.0,292848000.0,793000.0,3453082000.0,4055630000.0,3927000.0,82420000.0,91537000.0,3453082000.0,602548000.0,,12622000.0,222746000.0,379802000.0,16549000.0,396351000.0,4055630000.0,170200000.0,171003000.0,174466000.0
Expeditors International of Washington Inc,EXPD,,746515,2019.0,Q2TTM,2018-07-01,2019-06-30,,3.69,3.69,0.95,52591000.0,3.61,190735000.0,46312000.0,636285000.0,636285000.0,634750000.0,1535000.0,7140053000.0,8382174000.0,4749000.0,160249000.0,183006000.0,7140053000.0,1242121000.0,,22308000.0,442158000.0,799963000.0,27057000.0,827020000.0,8382174000.0,170200000.0,171003000.0,174466000.0
Expeditors International of Washington Inc,EXPD,,746515,2019.0,Q2,2019-04-01,2019-06-30,2019-08-07 13:51:48+00:00,0.9,0.9,0.5,12677000.0,0.88,47449000.0,11643000.0,153530000.0,153530000.0,153149000.0,381000.0,1730235000.0,2035579000.0,2262000.0,40897000.0,47926000.0,1730235000.0,305344000.0,,6516000.0,113143000.0,192201000.0,8778000.0,200979000.0,2035579000.0,170200000.0,171003000.0,174466000.0
Expeditors International of Washington Inc,EXPD,,746515,2019.0,Q1,2019-01-01,2019-03-31,2020-05-07 11:05:10+00:00,0.81,0.81,,13393000.0,0.8,55261000.0,11076000.0,140111000.0,140111000.0,139699000.0,412000.0,1722847000.0,2020051000.0,1665000.0,41523000.0,43611000.0,1722847000.0,297204000.0,,6106000.0,109603000.0,187601000.0,7771000.0,195372000.0,2020051000.0,172500000.0,171818000.0,175388000.0
Expeditors International of Washington Inc,EXPD,,746515,2019.0,Q1TTM,2018-04-01,2019-03-31,,3.59,3.59,0.9,53490000.0,3.52,192244000.0,45457000.0,623701000.0,623701000.0,622206000.0,1495000.0,7075779000.0,8304154000.0,3654000.0,157423000.0,180659000.0,7075779000.0,1228375000.0,,20945000.0,437029000.0,791346000.0,24599000.0,815945000.0,8304154000.0,172500000.0,171818000.0,175388000.0
Expeditors International of Washington Inc,EXPD,,746515,2020.0,Q1TTM,2019-04-01,2020-03-31,,3.37,3.37,1.0,50217000.0,3.3,192981000.0,41169000.0,574687000.0,574687000.0,573040000.0,1647000.0,6867194000.0,8057239000.0,8018000.0,167183000.0,193330000.0,6867194000.0,1190045000.0,,21504000.0,451899000.0,738146000.0,29522000.0,767668000.0,8057239000.0,167600000.0,168735000.0,171450000.0
