company_name,company_ticker,company_lei,company_cik,year,quarter,start_date,end_date,filing_date,basicdilutedeps,basiceps,cashdividendspershare,dilutedeps,impairmentexpense,incometaxexpense,netincome,netincomecontinuing,netincomediscontinued,netincometocommon,netincometononcontrollinginterest,operatingcostofrevenue,operatingrevenue,otherincome,otheroperatingexpenses,otherspecialcharges,restructuringcharge,sgaexpense,totalcostofrevenue,totalgrossprofit,totalinterestexpense,totalinterestincome,totaloperatingexpenses,totaloperatingincome,totalotherincome,totalpretaxincome,totalrevenue,weightedavebasicdilutedsharesos,weightedavebasicsharesos,weightedavedilutedsharesos
Macy's Inc,M,,794367,2007.0,FY,2007-02-04,2008-02-02,2010-03-31 12:06:20+00:00,2.0,2.0,0.5175,1.97,0.0,411000000.0,893000000.0,909000000.0,-16000000.0,893000000.0,,15677000000.0,26313000000.0,,,,219000000.0,8554000000.0,15677000000.0,10636000000.0,579000000.0,36000000.0,8773000000.0,1863000000.0,-543000000.0,1320000000.0,26313000000.0,446500000.0,446500000.0,453300000.0
Macy's Inc,M,,794367,2008.0,FY,2008-02-03,2009-01-31,2011-03-30 15:30:26+00:00,-11.34,-11.34,0.5275,-11.34,5382000000.0,-163000000.0,-4775000000.0,-4775000000.0,,-4775000000.0,,15009000000.0,24892000000.0,,,,398000000.0,8481000000.0,15009000000.0,9883000000.0,588000000.0,28000000.0,14261000000.0,-4378000000.0,-560000000.0,-4938000000.0,24892000000.0,421200000.0,421200000.0,421200000.0
Macy's Inc,M,,794367,2008.0,Q3,2008-08-03,2008-11-01,2009-12-07 13:44:51+00:00,-0.1,-0.1,,-0.1,0.0,-31000000.0,-44000000.0,-44000000.0,,-44000000.0,,3324000000.0,5493000000.0,,,,16000000.0,2085000000.0,3324000000.0,2169000000.0,151000000.0,8000000.0,2101000000.0,68000000.0,-143000000.0,-75000000.0,5493000000.0,440000000.0,440000000.0,440000000.0
Macy's Inc,M,,794367,2008.0,Q2,2008-05-04,2008-08-02,2009-09-08 15:23:57+00:00,0.17,0.17,,0.17,50000000.0,48000000.0,73000000.0,73000000.0,,73000000.0,,3346000000.0,5718000000.0,,,,26000000.0,2037000000.0,3346000000.0,2372000000.0,147000000.0,9000000.0,2113000000.0,259000000.0,-138000000.0,121000000.0,5718000000.0,429400000.0,429400000.0,429400000.0
Macy's Inc,M,,794367,2009.0,FY,2009-02-01,2010-01-30,2011-03-30 15:30:26+00:00,0.78,0.78,0.2,0.78,0.0,178000000.0,329000000.0,329000000.0,,329000000.0,,13973000000.0,23489000000.0,,,,391000000.0,8062000000.0,13973000000.0,9516000000.0,562000000.0,6000000.0,8453000000.0,1063000000.0,-556000000.0,507000000.0,23489000000.0,421700000.0,421700000.0,421700000.0
Macy's Inc,M,,794367,2009.0,Q4,2009-11-01,2010-01-30,,1.05,1.05,0.2,1.05,,290000000.0,445000000.0,445000000.0,,445000000.0,,4577000000.0,7849000000.0,,,,186000000.0,2212000000.0,4577000000.0,3272000000.0,139000000.0,,2398000000.0,874000000.0,-139000000.0,735000000.0,7849000000.0,421700000.0,421700000.0,421700000.0
Macy's Inc,M,,794367,2009.0,Q3,2009-08-02,2009-10-31,2009-12-07 13:44:51+00:00,-0.08,-0.08,,-0.08,0.0,-47000000.0,-35000000.0,-35000000.0,,-35000000.0,,3156000000.0,5277000000.0,,,,33000000.0,2033000000.0,3156000000.0,2121000000.0,139000000.0,2000000.0,2066000000.0,55000000.0,-137000000.0,-82000000.0,5277000000.0,437500000.0,437500000.0,437500000.0
Macy's Inc,M,,794367,2009.0,Q3YTD,2009-02-01,2009-10-31,,-0.27,-0.27,,-0.27,,-112000000.0,-116000000.0,-116000000.0,,-116000000.0,,9396000000.0,15640000000.0,,,,205000000.0,5850000000.0,9396000000.0,6244000000.0,423000000.0,6000000.0,6055000000.0,189000000.0,-417000000.0,-228000000.0,15640000000.0,437500000.0,437500000.0,437500000.0
Macy's Inc,M,,794367,2009.0,Q2,2009-05-03,2009-08-01,2009-09-08 15:23:57+00:00,0.02,0.02,,0.02,0.0,102000000.0,7000000.0,7000000.0,,7000000.0,,3021000000.0,5164000000.0,,,,34000000.0,1861000000.0,3021000000.0,2143000000.0,141000000.0,2000000.0,1895000000.0,248000000.0,-139000000.0,109000000.0,5164000000.0,350000000.0,350000000.0,350000000.0
Macy's Inc,M,,794367,2009.0,Q2YTD,2009-02-01,2009-08-01,,-0.19,-0.19,,-0.19,,-65000000.0,-81000000.0,-81000000.0,,-81000000.0,,6240000000.0,10363000000.0,,,,172000000.0,3817000000.0,6240000000.0,4123000000.0,284000000.0,4000000.0,3989000000.0,134000000.0,-280000000.0,-146000000.0,10363000000.0,350000000.0,350000000.0,350000000.0
Macy's Inc,M,,794367,2009.0,Q1,2009-02-01,2009-05-02,2010-06-07 12:18:20+00:00,-0.21,-0.21,,-0.21,,-167000000.0,-88000000.0,-88000000.0,,-88000000.0,,3219000000.0,5199000000.0,,,,138000000.0,1956000000.0,3219000000.0,1980000000.0,143000000.0,2000000.0,2094000000.0,-114000000.0,-141000000.0,-255000000.0,5199000000.0,419000000.0,419000000.0,419000000.0
Macy's Inc,M,,794367,2010.0,Q4,2010-10-31,2011-01-29,,1.58,1.58,0.2,1.56,25000000.0,359000000.0,667000000.0,667000000.0,,667000000.0,,4855000000.0,8269000000.0,,,,,2245000000.0,4855000000.0,3414000000.0,119000000.0,1000000.0,2270000000.0,1144000000.0,-118000000.0,1026000000.0,8269000000.0,423300000.0,423300000.0,423300000.0
Macy's Inc,M,,794367,2010.0,FY,2010-01-31,2011-01-29,2013-04-03 14:20:19+00:00,2.0,2.0,0.2,1.98,25000000.0,473000000.0,847000000.0,847000000.0,,847000000.0,,14824000000.0,25003000000.0,,,,,8260000000.0,14824000000.0,10179000000.0,579000000.0,5000000.0,8285000000.0,1894000000.0,-574000000.0,1320000000.0,25003000000.0,423300000.0,423300000.0,423300000.0
Macy's Inc,M,,794367,2010.0,Q3,2010-08-01,2010-10-30,2010-12-06 11:09:45+00:00,0.02,0.02,,0.02,,3000000.0,10000000.0,10000000.0,,10000000.0,,3377000000.0,5623000000.0,,,,0.0,2069000000.0,3377000000.0,2246000000.0,166000000.0,2000000.0,2069000000.0,177000000.0,-164000000.0,13000000.0,5623000000.0,500000000.0,500000000.0,500000000.0
Macy's Inc,M,,794367,2010.0,Q3YTD,2010-01-31,2010-10-30,,0.42,0.42,,0.42,,114000000.0,180000000.0,180000000.0,,180000000.0,,9969000000.0,16734000000.0,,,,,6015000000.0,9969000000.0,6765000000.0,460000000.0,4000000.0,6015000000.0,750000000.0,-456000000.0,294000000.0,16734000000.0,500000000.0,500000000.0,500000000.0
Macy's Inc,M,,794367,2010.0,Q3TTM,2009-11-01,2010-10-30,,1.47,1.47,0.2,1.47,,404000000.0,625000000.0,625000000.0,,625000000.0,,14546000000.0,24583000000.0,,,,186000000.0,8227000000.0,14546000000.0,10037000000.0,599000000.0,4000000.0,8413000000.0,1624000000.0,-595000000.0,1029000000.0,24583000000.0,500000000.0,500000000.0,500000000.0
Macy's Inc,M,,794367,2010.0,Q2,2010-05-02,2010-07-31,2010-09-07 13:30:45+00:00,0.35,0.35,,0.35,,93000000.0,147000000.0,147000000.0,,147000000.0,,3214000000.0,5537000000.0,,,,0.0,1953000000.0,3214000000.0,2323000000.0,131000000.0,1000000.0,1953000000.0,370000000.0,-130000000.0,240000000.0,5537000000.0,423000000.0,423000000.0,423000000.0
Macy's Inc,M,,794367,2010.0,Q2YTD,2010-01-31,2010-07-31,,0.4,0.4,,0.4,,111000000.0,170000000.0,170000000.0,,170000000.0,,6592000000.0,11111000000.0,,,,,3946000000.0,6592000000.0,4519000000.0,294000000.0,2000000.0,3946000000.0,573000000.0,-292000000.0,281000000.0,11111000000.0,423000000.0,423000000.0,423000000.0
Macy's Inc,M,,794367,2010.0,Q2TTM,2009-08-02,2010-07-31,,1.37,1.37,0.2,1.37,,354000000.0,580000000.0,580000000.0,,580000000.0,,14325000000.0,24237000000.0,,,,219000000.0,8191000000.0,14325000000.0,9912000000.0,572000000.0,4000000.0,8410000000.0,1502000000.0,-568000000.0,934000000.0,24237000000.0,423000000.0,423000000.0,423000000.0
Macy's Inc,M,,794367,2010.0,Q1,2010-01-31,2010-05-01,2010-06-07 12:18:20+00:00,0.05,0.05,,0.05,,18000000.0,23000000.0,23000000.0,,23000000.0,,3378000000.0,5574000000.0,,,,0.0,1993000000.0,3378000000.0,2196000000.0,163000000.0,1000000.0,1993000000.0,203000000.0,-162000000.0,41000000.0,5574000000.0,460000000.0,460000000.0,460000000.0
Macy's Inc,M,,794367,2010.0,Q1TTM,2009-05-03,2010-05-01,,1.04,1.04,0.2,1.04,,363000000.0,440000000.0,440000000.0,,440000000.0,,14132000000.0,23864000000.0,,,,253000000.0,8099000000.0,14132000000.0,9732000000.0,582000000.0,5000000.0,8352000000.0,1380000000.0,-577000000.0,803000000.0,23864000000.0,460000000.0,460000000.0,460000000.0
Macy's Inc,M,,794367,2011.0,Q4,2011-10-30,2012-01-28,,1.76,1.76,0.55,1.75,-25000000.0,431000000.0,745000000.0,745000000.0,,745000000.0,,5151000000.0,8724000000.0,,,,,2314000000.0,5151000000.0,3573000000.0,109000000.0,1000000.0,2289000000.0,1284000000.0,-108000000.0,1176000000.0,8724000000.0,424500000.0,424500000.0,424500000.0
Macy's Inc,M,,794367,2011.0,FY,2011-01-30,2012-01-28,2014-04-02 11:25:01+00:00,2.96,2.96,0.55,2.92,-25000000.0,712000000.0,1256000000.0,1256000000.0,,1256000000.0,,15738000000.0,26405000000.0,,,,,8281000000.0,15738000000.0,10667000000.0,447000000.0,4000000.0,8256000000.0,2411000000.0,-443000000.0,1968000000.0,26405000000.0,424500000.0,424500000.0,424500000.0
Macy's Inc,M,,794367,2011.0,Q3,2011-07-31,2011-10-29,2011-12-05 09:49:47+00:00,0.33,0.33,,0.32,,44000000.0,139000000.0,139000000.0,,139000000.0,,3544000000.0,5853000000.0,,,,,2018000000.0,3544000000.0,2309000000.0,109000000.0,1000000.0,2018000000.0,291000000.0,-108000000.0,183000000.0,5853000000.0,425300000.0,425300000.0,425300000.0
Macy's Inc,M,,794367,2011.0,Q3YTD,2011-01-30,2011-10-29,,1.2,1.2,,1.17,,281000000.0,511000000.0,511000000.0,,511000000.0,,10587000000.0,17681000000.0,,,,,5967000000.0,10587000000.0,7094000000.0,338000000.0,3000000.0,5967000000.0,1127000000.0,-335000000.0,792000000.0,17681000000.0,425300000.0,425300000.0,425300000.0
Macy's Inc,M,,794367,2011.0,Q3TTM,2010-10-31,2011-10-29,,2.78,2.78,0.2,2.73,25000000.0,640000000.0,1178000000.0,1178000000.0,,1178000000.0,,15442000000.0,25950000000.0,,,,,8212000000.0,15442000000.0,10508000000.0,457000000.0,4000000.0,8237000000.0,2271000000.0,-453000000.0,1818000000.0,25950000000.0,425300000.0,425300000.0,425300000.0
Macy's Inc,M,,794367,2011.0,Q2,2011-05-01,2011-07-30,2011-09-06 11:55:29+00:00,0.56,0.56,,0.55,,154000000.0,241000000.0,241000000.0,,241000000.0,,3457000000.0,5939000000.0,,,,,1976000000.0,3457000000.0,2482000000.0,112000000.0,1000000.0,1976000000.0,506000000.0,-111000000.0,395000000.0,5939000000.0,427500000.0,427500000.0,427500000.0
Macy's Inc,M,,794367,2011.0,Q2YTD,2011-01-30,2011-07-30,,0.87,0.87,,0.85,,237000000.0,372000000.0,372000000.0,,372000000.0,,7043000000.0,11828000000.0,,,,,3949000000.0,7043000000.0,4785000000.0,229000000.0,2000000.0,3949000000.0,836000000.0,-227000000.0,609000000.0,11828000000.0,427500000.0,427500000.0,427500000.0
Macy's Inc,M,,794367,2011.0,Q2TTM,2010-08-01,2011-07-30,,2.47,2.47,0.2,2.43,25000000.0,599000000.0,1049000000.0,1049000000.0,,1049000000.0,,15275000000.0,25720000000.0,,,,,8263000000.0,15275000000.0,10445000000.0,514000000.0,5000000.0,8288000000.0,2157000000.0,-509000000.0,1648000000.0,25720000000.0,427500000.0,427500000.0,427500000.0
Macy's Inc,M,,794367,2011.0,Q1,2011-01-30,2011-04-30,2011-06-06 11:58:15+00:00,0.31,0.31,,0.3,,83000000.0,131000000.0,131000000.0,,131000000.0,,3586000000.0,5889000000.0,,,,,1973000000.0,3586000000.0,2303000000.0,117000000.0,1000000.0,1973000000.0,330000000.0,-116000000.0,214000000.0,5889000000.0,425100000.0,425100000.0,425100000.0
Macy's Inc,M,,794367,2011.0,Q1TTM,2010-05-02,2011-04-30,,2.26,2.26,0.2,2.23,25000000.0,538000000.0,955000000.0,955000000.0,,955000000.0,,15032000000.0,25318000000.0,,,,,8240000000.0,15032000000.0,10286000000.0,533000000.0,5000000.0,8265000000.0,2021000000.0,-528000000.0,1493000000.0,25318000000.0,425100000.0,425100000.0,425100000.0
Macy's Inc,M,,794367,2012.0,FY,2012-01-29,2013-02-02,2015-04-01 08:55:15+00:00,3.29,3.29,0.6,3.24,5000000.0,767000000.0,1335000000.0,1335000000.0,,1335000000.0,,16538000000.0,27686000000.0,,,,,8482000000.0,16538000000.0,11148000000.0,562000000.0,3000000.0,8487000000.0,2661000000.0,-559000000.0,2102000000.0,27686000000.0,405500000.0,405500000.0,405500000.0
Macy's Inc,M,,794367,2012.0,Q4,2012-10-28,2013-02-02,,1.82,1.82,0.6,1.78,5000000.0,422000000.0,730000000.0,730000000.0,,730000000.0,,5554000000.0,9350000000.0,,,,,2400000000.0,5554000000.0,3796000000.0,240000000.0,1000000.0,2405000000.0,1391000000.0,-239000000.0,1152000000.0,9350000000.0,405500000.0,405500000.0,405500000.0
Macy's Inc,M,,794367,2012.0,Q3,2012-07-29,2012-10-27,2012-12-03 13:46:41+00:00,0.36,0.36,,0.36,,77000000.0,145000000.0,145000000.0,,145000000.0,,3672000000.0,6075000000.0,,,,,2078000000.0,3672000000.0,2403000000.0,104000000.0,1000000.0,2078000000.0,325000000.0,-103000000.0,222000000.0,6075000000.0,401300000.0,401300000.0,401300000.0
Macy's Inc,M,,794367,2012.0,Q3YTD,2012-01-29,2012-10-27,,1.47,1.47,,1.46,,345000000.0,605000000.0,605000000.0,,605000000.0,,10984000000.0,18336000000.0,,,,,6082000000.0,10984000000.0,7352000000.0,322000000.0,2000000.0,6082000000.0,1270000000.0,-320000000.0,950000000.0,18336000000.0,401300000.0,401300000.0,401300000.0
Macy's Inc,M,,794367,2012.0,Q3TTM,2011-10-30,2012-10-27,,3.23,3.23,0.55,3.21,-25000000.0,776000000.0,1350000000.0,1350000000.0,,1350000000.0,,16135000000.0,27060000000.0,,,,,8396000000.0,16135000000.0,10925000000.0,431000000.0,3000000.0,8371000000.0,2554000000.0,-428000000.0,2126000000.0,27060000000.0,401300000.0,401300000.0,401300000.0
Macy's Inc,M,,794367,2012.0,Q2,2012-04-29,2012-07-28,2012-09-04 12:09:14+00:00,0.68,0.68,,0.67,,170000000.0,279000000.0,279000000.0,,279000000.0,,3555000000.0,6118000000.0,,,,,2009000000.0,3555000000.0,2563000000.0,105000000.0,0.0,2009000000.0,554000000.0,-105000000.0,449000000.0,6118000000.0,411200000.0,411200000.0,411200000.0
Macy's Inc,M,,794367,2012.0,Q2YTD,2012-01-29,2012-07-28,,1.11,1.11,,1.1,,268000000.0,460000000.0,460000000.0,,460000000.0,,7312000000.0,12261000000.0,,,,,4004000000.0,7312000000.0,4949000000.0,218000000.0,1000000.0,4004000000.0,945000000.0,-217000000.0,728000000.0,12261000000.0,411200000.0,411200000.0,411200000.0
Macy's Inc,M,,794367,2012.0,Q2TTM,2011-07-31,2012-07-28,,3.2,3.2,0.55,3.17,-25000000.0,743000000.0,1344000000.0,1344000000.0,,1344000000.0,,16007000000.0,26838000000.0,,,,,8336000000.0,16007000000.0,10831000000.0,436000000.0,3000000.0,8311000000.0,2520000000.0,-433000000.0,2087000000.0,26838000000.0,411200000.0,411200000.0,411200000.0
Macy's Inc,M,,794367,2012.0,Q1,2012-01-29,2012-04-28,2012-06-04 10:14:34+00:00,0.43,0.43,,0.43,,98000000.0,181000000.0,181000000.0,,181000000.0,,3757000000.0,6143000000.0,,,,,1995000000.0,3757000000.0,2386000000.0,113000000.0,1000000.0,1995000000.0,391000000.0,-112000000.0,279000000.0,6143000000.0,417100000.0,417100000.0,417100000.0
Macy's Inc,M,,794367,2012.0,Q1TTM,2011-05-01,2012-04-28,,3.08,3.08,0.55,3.05,-25000000.0,727000000.0,1306000000.0,1306000000.0,,1306000000.0,,15909000000.0,26659000000.0,,,,,8303000000.0,15909000000.0,10750000000.0,443000000.0,4000000.0,8278000000.0,2472000000.0,-439000000.0,2033000000.0,26659000000.0,417100000.0,417100000.0,417100000.0
Macy's Inc,M,,794367,2013.0,FY,2013-02-03,2014-02-01,2015-04-01 08:55:15+00:00,3.93,3.93,0.95,3.86,88000000.0,804000000.0,1486000000.0,1486000000.0,,1486000000.0,,16725000000.0,27931000000.0,,,,,8440000000.0,16725000000.0,11206000000.0,390000000.0,2000000.0,8528000000.0,2678000000.0,-388000000.0,2290000000.0,27931000000.0,378300000.0,378300000.0,378300000.0
Macy's Inc,M,,794367,2013.0,Q4,2013-11-03,2014-02-01,,2.17,2.17,0.95,2.12,88000000.0,439000000.0,811000000.0,811000000.0,,811000000.0,,5464000000.0,9202000000.0,,,,,2301000000.0,5464000000.0,3738000000.0,99000000.0,,2389000000.0,1349000000.0,-99000000.0,1250000000.0,9202000000.0,378300000.0,378300000.0,378300000.0
Macy's Inc,M,,794367,2013.0,Q3,2013-08-04,2013-11-02,2013-12-09 10:59:06+00:00,0.47,0.47,,0.47,,87000000.0,177000000.0,177000000.0,,177000000.0,,3817000000.0,6276000000.0,,,,,2099000000.0,3817000000.0,2459000000.0,97000000.0,1000000.0,2099000000.0,360000000.0,-96000000.0,264000000.0,6276000000.0,374800000.0,374800000.0,374800000.0
Macy's Inc,M,,794367,2013.0,Q3YTD,2013-02-03,2013-11-02,,1.76,1.76,,1.74,,365000000.0,675000000.0,675000000.0,,675000000.0,,11261000000.0,18729000000.0,,,,,6139000000.0,11261000000.0,7468000000.0,291000000.0,2000000.0,6139000000.0,1329000000.0,-289000000.0,1040000000.0,18729000000.0,374800000.0,374800000.0,374800000.0
Macy's Inc,M,,794367,2013.0,Q3TTM,2012-10-28,2013-11-02,,3.58,3.58,0.6,3.52,5000000.0,787000000.0,1405000000.0,1405000000.0,,1405000000.0,,16815000000.0,28079000000.0,,,,,8539000000.0,16815000000.0,11264000000.0,531000000.0,3000000.0,8544000000.0,2720000000.0,-528000000.0,2192000000.0,28079000000.0,374800000.0,374800000.0,374800000.0
Macy's Inc,M,,794367,2013.0,Q2,2013-05-05,2013-08-03,2013-09-05 16:11:57+00:00,0.73,0.73,,0.72,,157000000.0,281000000.0,281000000.0,,281000000.0,,3533000000.0,6066000000.0,,,,,1999000000.0,3533000000.0,2533000000.0,97000000.0,1000000.0,1999000000.0,534000000.0,-96000000.0,438000000.0,6066000000.0,382500000.0,382500000.0,382500000.0
Macy's Inc,M,,794367,2013.0,Q2YTD,2013-02-03,2013-08-03,,1.29,1.29,,1.27,,278000000.0,498000000.0,498000000.0,,498000000.0,,7444000000.0,12453000000.0,,,,,4040000000.0,7444000000.0,5009000000.0,194000000.0,1000000.0,4040000000.0,969000000.0,-193000000.0,776000000.0,12453000000.0,382500000.0,382500000.0,382500000.0
Macy's Inc,M,,794367,2013.0,Q2TTM,2012-07-29,2013-08-03,,3.47,3.47,0.6,3.41,5000000.0,777000000.0,1373000000.0,1373000000.0,,1373000000.0,,16670000000.0,27878000000.0,,,,,8518000000.0,16670000000.0,11208000000.0,538000000.0,3000000.0,8523000000.0,2685000000.0,-535000000.0,2150000000.0,27878000000.0,382500000.0,382500000.0,382500000.0
Macy's Inc,M,,794367,2013.0,Q1,2013-02-03,2013-05-04,2013-06-10 11:44:01+00:00,0.56,0.56,,0.55,,121000000.0,217000000.0,217000000.0,,217000000.0,,3911000000.0,6387000000.0,,,,,2041000000.0,3911000000.0,2476000000.0,97000000.0,0.0,2041000000.0,435000000.0,-97000000.0,338000000.0,6387000000.0,388200000.0,388200000.0,388200000.0
Macy's Inc,M,,794367,2013.0,Q1TTM,2012-04-29,2013-05-04,,3.42,3.42,0.6,3.36,5000000.0,790000000.0,1371000000.0,1371000000.0,,1371000000.0,,16692000000.0,27930000000.0,,,,,8528000000.0,16692000000.0,11238000000.0,546000000.0,2000000.0,8533000000.0,2705000000.0,-544000000.0,2161000000.0,27930000000.0,388200000.0,388200000.0,388200000.0
Macy's Inc,M,,794367,2014.0,FY,2014-02-02,2015-01-31,2017-03-29 16:43:09+00:00,4.3,4.3,1.1875,4.22,87000000.0,864000000.0,1526000000.0,1526000000.0,,1526000000.0,0.0,16863000000.0,28105000000.0,,,0.0,,8355000000.0,16863000000.0,11242000000.0,412000000.0,2000000.0,8442000000.0,2800000000.0,-410000000.0,2390000000.0,28105000000.0,355200000.0,355200000.0,355200000.0
Macy's Inc,M,,794367,2014.0,Q4,2014-11-02,2015-01-31,,2.26,2.26,1.19,2.21,87000000.0,457000000.0,793000000.0,793000000.0,,793000000.0,,5589000000.0,9364000000.0,,,,,2324000000.0,5589000000.0,3775000000.0,114000000.0,,2411000000.0,1364000000.0,-114000000.0,1250000000.0,9364000000.0,355200000.0,355200000.0,355200000.0
Macy's Inc,M,,794367,2014.0,Q3,2014-08-03,2014-11-01,2015-12-01 12:24:57+00:00,0.62,0.62,,0.61,0.0,109000000.0,217000000.0,217000000.0,,217000000.0,0.0,3766000000.0,6195000000.0,,,,,2007000000.0,3766000000.0,2429000000.0,97000000.0,1000000.0,2007000000.0,422000000.0,-96000000.0,326000000.0,6195000000.0,351600000.0,351600000.0,351600000.0
Macy's Inc,M,,794367,2014.0,Q3YTD,2014-02-02,2014-11-01,,2.04,2.04,,2.01,,407000000.0,733000000.0,733000000.0,,733000000.0,,11274000000.0,18741000000.0,,,,,6031000000.0,11274000000.0,7467000000.0,298000000.0,2000000.0,6031000000.0,1436000000.0,-296000000.0,1140000000.0,18741000000.0,351600000.0,351600000.0,351600000.0
Macy's Inc,M,,794367,2014.0,Q3TTM,2013-11-03,2014-11-01,,4.21,4.21,0.95,4.13,88000000.0,846000000.0,1544000000.0,1544000000.0,,1544000000.0,,16738000000.0,27943000000.0,,,,,8332000000.0,16738000000.0,11205000000.0,397000000.0,2000000.0,8420000000.0,2785000000.0,-395000000.0,2390000000.0,27943000000.0,351600000.0,351600000.0,351600000.0
Macy's Inc,M,,794367,2014.0,Q2,2014-05-04,2014-08-02,2015-08-28 14:40:05+00:00,0.81,0.81,,0.8,,179000000.0,292000000.0,292000000.0,,292000000.0,,3672000000.0,6267000000.0,,,,,2024000000.0,3672000000.0,2595000000.0,101000000.0,1000000.0,2024000000.0,571000000.0,-100000000.0,471000000.0,6267000000.0,359200000.0,359200000.0,359200000.0
Macy's Inc,M,,794367,2014.0,Q2YTD,2014-02-02,2014-08-02,,1.42,1.42,,1.4,,298000000.0,516000000.0,516000000.0,,516000000.0,,7508000000.0,12546000000.0,,,,,4024000000.0,7508000000.0,5038000000.0,201000000.0,1000000.0,4024000000.0,1014000000.0,-200000000.0,814000000.0,12546000000.0,359200000.0,359200000.0,359200000.0
Macy's Inc,M,,794367,2014.0,Q2TTM,2013-08-04,2014-08-02,,4.06,4.06,0.95,3.99,88000000.0,824000000.0,1504000000.0,1504000000.0,,1504000000.0,,16789000000.0,28024000000.0,,,,,8424000000.0,16789000000.0,11235000000.0,397000000.0,2000000.0,8512000000.0,2723000000.0,-395000000.0,2328000000.0,28024000000.0,359200000.0,359200000.0,359200000.0
Macy's Inc,M,,794367,2014.0,Q1,2014-02-02,2014-05-03,2015-06-04 11:18:41+00:00,0.61,0.61,,0.6,,119000000.0,224000000.0,224000000.0,,224000000.0,,3836000000.0,6279000000.0,,,,,2000000000.0,3836000000.0,2443000000.0,100000000.0,0.0,2000000000.0,443000000.0,-100000000.0,343000000.0,6279000000.0,365900000.0,365900000.0,365900000.0
Macy's Inc,M,,794367,2014.0,Q1TTM,2013-05-05,2014-05-03,,3.98,3.98,0.95,3.91,88000000.0,802000000.0,1493000000.0,1493000000.0,,1493000000.0,,16650000000.0,27823000000.0,,,,,8399000000.0,16650000000.0,11173000000.0,393000000.0,2000000.0,8487000000.0,2686000000.0,-391000000.0,2295000000.0,27823000000.0,365900000.0,365900000.0,365900000.0
Macy's Inc,M,,794367,2015.0,FY,2015-02-01,2016-01-30,2018-04-04 16:32:17+00:00,3.26,3.26,1.3925,3.22,,608000000.0,1070000000.0,1070000000.0,,1072000000.0,-2000000.0,16496000000.0,27079000000.0,,,-212000000.0,288000000.0,8468000000.0,16496000000.0,10583000000.0,363000000.0,2000000.0,8544000000.0,2039000000.0,-361000000.0,1678000000.0,27079000000.0,328400000.0,328400000.0,328400000.0
Macy's Inc,M,,794367,2015.0,Q4,2015-11-01,2016-01-30,,1.68,1.68,1.39,1.66,-111000000.0,300000000.0,543000000.0,543000000.0,,544000000.0,-1000000.0,5549000000.0,8869000000.0,,,-212000000.0,288000000.0,2419000000.0,5549000000.0,3320000000.0,94000000.0,1000000.0,2384000000.0,936000000.0,-93000000.0,843000000.0,8869000000.0,328400000.0,328400000.0,328400000.0
Macy's Inc,M,,794367,2015.0,Q3,2015-08-02,2015-10-31,2016-12-01 14:32:47+00:00,0.36,0.36,,0.36,111000000.0,61000000.0,117000000.0,117000000.0,,118000000.0,-1000000.0,3537000000.0,5874000000.0,,,0.0,,1968000000.0,3537000000.0,2337000000.0,80000000.0,0.0,2079000000.0,258000000.0,-80000000.0,178000000.0,5874000000.0,325300000.0,325300000.0,325300000.0
Macy's Inc,M,,794367,2015.0,Q3YTD,2015-02-01,2015-10-31,,1.58,1.58,,1.56,111000000.0,308000000.0,527000000.0,527000000.0,,528000000.0,-1000000.0,10947000000.0,18210000000.0,,,,,6049000000.0,10947000000.0,7263000000.0,269000000.0,1000000.0,6160000000.0,1103000000.0,-268000000.0,835000000.0,18210000000.0,325300000.0,325300000.0,325300000.0
Macy's Inc,M,,794367,2015.0,Q3TTM,2014-11-02,2015-10-31,,3.84,3.84,1.19,3.77,198000000.0,765000000.0,1320000000.0,1320000000.0,,1321000000.0,-1000000.0,16536000000.0,27574000000.0,,,,,8373000000.0,16536000000.0,11038000000.0,383000000.0,1000000.0,8571000000.0,2467000000.0,-382000000.0,2085000000.0,27574000000.0,325300000.0,325300000.0,325300000.0
Macy's Inc,M,,794367,2015.0,Q2,2015-05-03,2015-08-01,2016-08-26 12:05:30+00:00,0.65,0.65,,0.64,0.0,126000000.0,217000000.0,217000000.0,,217000000.0,0.0,3610000000.0,6104000000.0,,,0.0,,2058000000.0,3610000000.0,2494000000.0,94000000.0,1000000.0,2058000000.0,436000000.0,-93000000.0,343000000.0,6104000000.0,335700000.0,335700000.0,335700000.0
Macy's Inc,M,,794367,2015.0,Q2YTD,2015-02-01,2015-08-01,,1.22,1.22,,1.2,,247000000.0,410000000.0,410000000.0,,410000000.0,,7410000000.0,12336000000.0,,,,,4081000000.0,7410000000.0,4926000000.0,189000000.0,1000000.0,4081000000.0,845000000.0,-188000000.0,657000000.0,12336000000.0,335700000.0,335700000.0,335700000.0
Macy's Inc,M,,794367,2015.0,Q2TTM,2014-08-03,2015-08-01,,4.1,4.1,1.19,4.02,87000000.0,813000000.0,1420000000.0,1420000000.0,,1420000000.0,,16765000000.0,27895000000.0,,,,,8412000000.0,16765000000.0,11130000000.0,400000000.0,2000000.0,8499000000.0,2631000000.0,-398000000.0,2233000000.0,27895000000.0,335700000.0,335700000.0,335700000.0
Macy's Inc,M,,794367,2015.0,Q1,2015-02-01,2015-05-02,2016-06-03 09:41:03+00:00,0.57,0.57,,0.56,,121000000.0,193000000.0,193000000.0,,193000000.0,0.0,3800000000.0,6232000000.0,,,0.0,,2023000000.0,3800000000.0,2432000000.0,95000000.0,0.0,2023000000.0,409000000.0,-95000000.0,314000000.0,6232000000.0,340700000.0,340700000.0,340700000.0
Macy's Inc,M,,794367,2015.0,Q1TTM,2014-05-04,2015-05-02,,4.26,4.26,1.19,4.18,87000000.0,866000000.0,1495000000.0,1495000000.0,,1495000000.0,,16827000000.0,28058000000.0,,,,,8378000000.0,16827000000.0,11231000000.0,407000000.0,2000000.0,8465000000.0,2766000000.0,-405000000.0,2361000000.0,28058000000.0,340700000.0,340700000.0,340700000.0
Macy's Inc,M,,794367,2016.0,FY,2016-01-31,2017-01-28,2019-04-03 11:09:06+00:00,2.03,2.03,1.4925,2.02,,346000000.0,619000000.0,619000000.0,,627000000.0,-8000000.0,15666000000.0,25908000000.0,-43000000.0,-656000000.0,-209000000.0,479000000.0,9257000000.0,15666000000.0,10242000000.0,367000000.0,4000000.0,8871000000.0,1371000000.0,-406000000.0,965000000.0,25908000000.0,308500000.0,308500000.0,308500000.0
Macy's Inc,M,,794367,2016.0,Q4,2016-10-30,2017-01-28,,1.58,1.58,1.49,1.57,,261000000.0,480000000.0,480000000.0,,483000000.0,-3000000.0,5296000000.0,8645000000.0,-43000000.0,-656000000.0,-228000000.0,230000000.0,3132000000.0,5296000000.0,3349000000.0,88000000.0,1000000.0,2478000000.0,871000000.0,-130000000.0,741000000.0,8645000000.0,308500000.0,308500000.0,308500000.0
Macy's Inc,M,,794367,2016.0,Q3,2016-07-31,2016-10-29,2017-12-04 15:58:06+00:00,0.05,0.05,,0.05,,11000000.0,15000000.0,15000000.0,,17000000.0,-2000000.0,3386000000.0,5626000000.0,,,21000000.0,0.0,2112000000.0,3386000000.0,2240000000.0,82000000.0,1000000.0,2133000000.0,107000000.0,-81000000.0,26000000.0,5626000000.0,340000000.0,340000000.0,340000000.0
Macy's Inc,M,,794367,2016.0,Q3YTD,2016-01-31,2016-10-29,,0.45,0.45,,0.45,,85000000.0,139000000.0,139000000.0,,144000000.0,-5000000.0,10370000000.0,17263000000.0,,,19000000.0,249000000.0,6125000000.0,10370000000.0,6893000000.0,279000000.0,3000000.0,6393000000.0,500000000.0,-276000000.0,224000000.0,17263000000.0,340000000.0,340000000.0,340000000.0
Macy's Inc,M,,794367,2016.0,Q3TTM,2015-11-01,2016-10-29,,2.13,2.13,1.39,2.11,-111000000.0,385000000.0,682000000.0,682000000.0,,688000000.0,-6000000.0,15919000000.0,26132000000.0,,,-193000000.0,537000000.0,8544000000.0,15919000000.0,10213000000.0,373000000.0,4000000.0,8777000000.0,1436000000.0,-369000000.0,1067000000.0,26132000000.0,340000000.0,340000000.0,340000000.0
Macy's Inc,M,,794367,2016.0,Q2,2016-05-01,2016-07-30,2017-08-25 15:15:22+00:00,0.03,0.03,,0.03,,11000000.0,9000000.0,9000000.0,,11000000.0,-2000000.0,3468000000.0,5866000000.0,,,-15000000.0,249000000.0,2047000000.0,3468000000.0,2398000000.0,98000000.0,1000000.0,2281000000.0,117000000.0,-97000000.0,20000000.0,5866000000.0,366700000.0,366700000.0,366700000.0
Macy's Inc,M,,794367,2016.0,Q2YTD,2016-01-31,2016-07-30,,0.4,0.4,,0.4,,74000000.0,124000000.0,124000000.0,,127000000.0,-3000000.0,6984000000.0,11637000000.0,,,-2000000.0,249000000.0,4013000000.0,6984000000.0,4653000000.0,197000000.0,2000000.0,4260000000.0,393000000.0,-195000000.0,198000000.0,11637000000.0,366700000.0,366700000.0,366700000.0
Macy's Inc,M,,794367,2016.0,Q2TTM,2015-08-02,2016-07-30,,2.44,2.44,1.39,2.42,,435000000.0,784000000.0,784000000.0,,789000000.0,-5000000.0,16070000000.0,26380000000.0,,,-214000000.0,537000000.0,8400000000.0,16070000000.0,10310000000.0,371000000.0,3000000.0,8723000000.0,1587000000.0,-368000000.0,1219000000.0,26380000000.0,366700000.0,366700000.0,366700000.0
Macy's Inc,M,,794367,2016.0,Q1,2016-01-31,2016-04-30,2017-06-02 14:59:30+00:00,0.37,0.37,,0.37,,63000000.0,115000000.0,115000000.0,,116000000.0,-1000000.0,3516000000.0,5771000000.0,,,13000000.0,,1966000000.0,3516000000.0,2255000000.0,99000000.0,1000000.0,1979000000.0,276000000.0,-98000000.0,178000000.0,5771000000.0,310600000.0,310600000.0,310600000.0
Macy's Inc,M,,794367,2016.0,Q1TTM,2015-05-03,2016-04-30,,3.06,3.06,1.39,3.03,,550000000.0,992000000.0,992000000.0,,995000000.0,-3000000.0,16212000000.0,26618000000.0,,,-199000000.0,288000000.0,8411000000.0,16212000000.0,10406000000.0,367000000.0,3000000.0,8500000000.0,1906000000.0,-364000000.0,1542000000.0,26618000000.0,310600000.0,310600000.0,310600000.0
Macy's Inc,M,,794367,2017.0,FY,2017-01-29,2018-02-03,2020-03-30 16:58:41+00:00,5.13,5.13,1.51,5.1,,-39000000.0,1555000000.0,1555000000.0,,1566000000.0,-11000000.0,15181000000.0,24939000000.0,-48000000.0,-702000000.0,-544000000.0,186000000.0,8954000000.0,15181000000.0,9758000000.0,311000000.0,11000000.0,7894000000.0,1864000000.0,-348000000.0,1516000000.0,24939000000.0,305400000.0,305400000.0,305400000.0
Macy's Inc,M,,794367,2017.0,Q4,2017-10-29,2018-02-03,,4.41,4.41,1.51,4.38,,-177000000.0,1343000000.0,1343000000.0,,1347000000.0,-4000000.0,5323000000.0,8672000000.0,-17000000.0,-229000000.0,-368000000.0,153000000.0,2548000000.0,5323000000.0,3349000000.0,66000000.0,4000000.0,2104000000.0,1245000000.0,-79000000.0,1166000000.0,8672000000.0,305400000.0,305400000.0,305400000.0
Macy's Inc,M,,794367,2017.0,Q3,2017-07-30,2017-10-28,2018-12-07 11:48:44+00:00,0.1,0.1,,0.1,,10000000.0,27000000.0,27000000.0,,30000000.0,-3000000.0,3152000000.0,5281000000.0,-7000000.0,-145000000.0,-65000000.0,33000000.0,2188000000.0,3152000000.0,2129000000.0,76000000.0,2000000.0,2011000000.0,118000000.0,-81000000.0,37000000.0,5281000000.0,305500000.0,305500000.0,305500000.0
Macy's Inc,M,,794367,2017.0,Q3YTD,2017-01-29,2017-10-28,,0.72,0.72,,0.72,,138000000.0,212000000.0,212000000.0,,219000000.0,-7000000.0,9858000000.0,16267000000.0,-31000000.0,-473000000.0,-176000000.0,33000000.0,6406000000.0,9858000000.0,6409000000.0,245000000.0,7000000.0,5790000000.0,619000000.0,-269000000.0,350000000.0,16267000000.0,305500000.0,305500000.0,305500000.0
Macy's Inc,M,,794367,2017.0,Q3TTM,2016-10-30,2017-10-28,,2.3,2.3,1.49,2.29,,399000000.0,692000000.0,692000000.0,,702000000.0,-10000000.0,15154000000.0,24912000000.0,-74000000.0,-1129000000.0,-404000000.0,263000000.0,9538000000.0,15154000000.0,9758000000.0,333000000.0,8000000.0,8268000000.0,1490000000.0,-399000000.0,1091000000.0,24912000000.0,305500000.0,305500000.0,305500000.0
Macy's Inc,M,,794367,2017.0,Q2,2017-04-30,2017-07-29,2018-08-31 09:12:46+00:00,0.36,0.36,,0.36,,60000000.0,108000000.0,108000000.0,,111000000.0,-3000000.0,3403000000.0,5636000000.0,-37000000.0,-167000000.0,-43000000.0,0.0,2161000000.0,3403000000.0,2233000000.0,80000000.0,3000000.0,1951000000.0,282000000.0,-114000000.0,168000000.0,5636000000.0,305500000.0,305500000.0,305500000.0
Macy's Inc,M,,794367,2017.0,Q2YTD,2017-01-29,2017-07-29,,0.62,0.62,,0.62,,128000000.0,185000000.0,185000000.0,,189000000.0,-4000000.0,6706000000.0,10986000000.0,-24000000.0,-328000000.0,-111000000.0,,4218000000.0,6706000000.0,4280000000.0,169000000.0,5000000.0,3779000000.0,501000000.0,-188000000.0,313000000.0,10986000000.0,305500000.0,305500000.0,305500000.0
Macy's Inc,M,,794367,2017.0,Q2TTM,2016-07-31,2017-07-29,,2.25,2.25,1.49,2.24,,400000000.0,680000000.0,680000000.0,,689000000.0,-9000000.0,15388000000.0,25257000000.0,-67000000.0,-984000000.0,-318000000.0,230000000.0,9462000000.0,15388000000.0,9869000000.0,339000000.0,7000000.0,8390000000.0,1479000000.0,-399000000.0,1080000000.0,25257000000.0,305500000.0,305500000.0,305500000.0
Macy's Inc,M,,794367,2017.0,Q1,2017-01-29,2017-04-29,2018-06-01 14:35:13+00:00,0.26,0.26,,0.26,,68000000.0,77000000.0,77000000.0,,78000000.0,-1000000.0,3303000000.0,5350000000.0,13000000.0,-161000000.0,-68000000.0,0.0,2057000000.0,3303000000.0,2047000000.0,89000000.0,2000000.0,1828000000.0,219000000.0,-74000000.0,145000000.0,5350000000.0,305000000.0,305000000.0,305000000.0
Macy's Inc,M,,794367,2017.0,Q1TTM,2016-05-01,2017-04-29,,1.92,1.92,1.49,1.91,,351000000.0,581000000.0,581000000.0,,589000000.0,-8000000.0,15453000000.0,25487000000.0,-30000000.0,-817000000.0,-290000000.0,479000000.0,9348000000.0,15453000000.0,10034000000.0,357000000.0,5000000.0,8720000000.0,1314000000.0,-382000000.0,932000000.0,25487000000.0,305000000.0,305000000.0,305000000.0
Macy's Inc,M,,794367,2018.0,FY,2018-02-04,2019-02-02,2020-03-30 16:58:41+00:00,3.6,3.6,1.51,3.56,,322000000.0,1098000000.0,1098000000.0,,1108000000.0,-10000000.0,15215000000.0,24971000000.0,-49000000.0,-768000000.0,-389000000.0,136000000.0,9039000000.0,15215000000.0,9756000000.0,294000000.0,25000000.0,8018000000.0,1738000000.0,-318000000.0,1420000000.0,24971000000.0,307700000.0,307700000.0,307700000.0
Macy's Inc,M,,794367,2018.0,Q4,2018-11-04,2019-02-02,,2.41,2.41,0.76,2.38,,225000000.0,741000000.0,741000000.0,,741000000.0,,5287000000.0,8454000000.0,-7000000.0,-240000000.0,-277000000.0,97000000.0,2537000000.0,5287000000.0,3167000000.0,85000000.0,8000000.0,2117000000.0,1050000000.0,-84000000.0,966000000.0,8454000000.0,307700000.0,307700000.0,307700000.0
Macy's Inc,M,,794367,2018.0,Q3,2018-08-05,2018-11-03,2019-12-10 16:12:18+00:00,0.2,0.2,0.755,0.2,,12000000.0,62000000.0,62000000.0,,62000000.0,0.0,3226000000.0,5404000000.0,-14000000.0,-185000000.0,-42000000.0,3000000.0,2255000000.0,3226000000.0,2178000000.0,64000000.0,5000000.0,2031000000.0,147000000.0,-73000000.0,74000000.0,5404000000.0,308100000.0,308100000.0,308100000.0
Macy's Inc,M,,794367,2018.0,Q3YTD,2018-02-04,2018-11-03,,1.19,1.19,0.76,1.18,,97000000.0,357000000.0,357000000.0,,367000000.0,-10000000.0,9928000000.0,16517000000.0,-42000000.0,-528000000.0,-112000000.0,39000000.0,6502000000.0,9928000000.0,6589000000.0,209000000.0,17000000.0,5901000000.0,688000000.0,-234000000.0,454000000.0,16517000000.0,308100000.0,308100000.0,308100000.0
Macy's Inc,M,,794367,2018.0,Q3TTM,2017-10-29,2018-11-03,,5.6,5.6,2.27,5.56,,-80000000.0,1700000000.0,1700000000.0,,1714000000.0,-14000000.0,15251000000.0,25189000000.0,-59000000.0,-757000000.0,-480000000.0,192000000.0,9050000000.0,15251000000.0,9938000000.0,275000000.0,21000000.0,8005000000.0,1933000000.0,-313000000.0,1620000000.0,25189000000.0,308100000.0,308100000.0,308100000.0
Macy's Inc,M,,794367,2018.0,Q2,2018-05-06,2018-08-04,2019-08-30 12:42:01+00:00,0.54,0.54,,0.53,,33000000.0,164000000.0,164000000.0,,166000000.0,-2000000.0,3320000000.0,5572000000.0,-39000000.0,-186000000.0,-46000000.0,17000000.0,2164000000.0,3320000000.0,2252000000.0,74000000.0,7000000.0,1949000000.0,303000000.0,-106000000.0,197000000.0,5572000000.0,307400000.0,307400000.0,313200000.0
Macy's Inc,M,,794367,2018.0,Q2YTD,2018-02-04,2018-08-04,,0.99,0.99,,0.98,,85000000.0,295000000.0,295000000.0,,305000000.0,-10000000.0,6702000000.0,11113000000.0,-28000000.0,-343000000.0,-70000000.0,36000000.0,4247000000.0,6702000000.0,4411000000.0,145000000.0,12000000.0,3870000000.0,541000000.0,-161000000.0,380000000.0,11113000000.0,307400000.0,307400000.0,313200000.0
Macy's Inc,M,,794367,2018.0,Q2TTM,2017-07-30,2018-08-04,,5.5,5.5,1.51,5.46,,-82000000.0,1665000000.0,1665000000.0,,1682000000.0,-17000000.0,15177000000.0,25066000000.0,-52000000.0,-717000000.0,-503000000.0,222000000.0,8983000000.0,15177000000.0,9889000000.0,287000000.0,18000000.0,7985000000.0,1904000000.0,-321000000.0,1583000000.0,25066000000.0,307400000.0,307400000.0,313200000.0
Macy's Inc,M,,794367,2018.0,Q1,2018-02-04,2018-05-05,2019-06-05 16:30:13+00:00,0.45,0.45,0.3775,0.45,,52000000.0,131000000.0,131000000.0,,139000000.0,-8000000.0,3382000000.0,5541000000.0,11000000.0,-157000000.0,-24000000.0,19000000.0,2083000000.0,3382000000.0,2159000000.0,71000000.0,5000000.0,1921000000.0,238000000.0,-55000000.0,183000000.0,5541000000.0,308900000.0,308900000.0,308900000.0
Macy's Inc,M,,794367,2018.0,Q1TTM,2017-04-30,2018-05-05,,5.32,5.32,1.51,5.29,,-55000000.0,1609000000.0,1609000000.0,,1627000000.0,-18000000.0,15260000000.0,25130000000.0,-50000000.0,-698000000.0,-500000000.0,205000000.0,8980000000.0,15260000000.0,9870000000.0,293000000.0,14000000.0,7987000000.0,1883000000.0,-329000000.0,1554000000.0,25130000000.0,308900000.0,308900000.0,308900000.0
Macy's Inc,M,,794367,2019.0,Q4,2019-11-03,2020-02-01,,1.09,1.09,0.76,1.08,,109000000.0,340000000.0,340000000.0,,340000000.0,,5267000000.0,8337000000.0,-38000000.0,-240000000.0,-95000000.0,338000000.0,2507000000.0,5267000000.0,3070000000.0,77000000.0,4000000.0,2510000000.0,560000000.0,-111000000.0,449000000.0,8337000000.0,309700000.0,309700000.0,309700000.0
Macy's Inc,M,,794367,2019.0,FY,2019-02-03,2020-02-01,2020-03-30 16:58:41+00:00,1.82,1.82,1.51,1.81,,164000000.0,564000000.0,564000000.0,,564000000.0,0.0,15171000000.0,24560000000.0,-27000000.0,-771000000.0,-162000000.0,354000000.0,8998000000.0,15171000000.0,9389000000.0,235000000.0,20000000.0,8419000000.0,970000000.0,-242000000.0,728000000.0,24560000000.0,309700000.0,309700000.0,309700000.0
Macy's Inc,M,,794367,2019.0,Q3YTD,2019-02-03,2019-11-02,,0.73,0.73,0.76,0.73,,55000000.0,224000000.0,224000000.0,,224000000.0,,9904000000.0,16223000000.0,11000000.0,-531000000.0,-67000000.0,16000000.0,6491000000.0,9904000000.0,6319000000.0,158000000.0,16000000.0,5909000000.0,410000000.0,-131000000.0,279000000.0,16223000000.0,200000000.0,200000000.0,200000000.0
Macy's Inc,M,,794367,2019.0,Q3TTM,2018-11-04,2019-11-02,,3.14,3.14,1.13,3.11,,280000000.0,965000000.0,965000000.0,,965000000.0,,15191000000.0,24677000000.0,4000000.0,-771000000.0,-344000000.0,113000000.0,9028000000.0,15191000000.0,9486000000.0,243000000.0,24000000.0,8026000000.0,1460000000.0,-215000000.0,1245000000.0,24677000000.0,200000000.0,200000000.0,200000000.0
Macy's Inc,M,,794367,2019.0,Q3,2019-08-04,2019-11-02,2019-12-10 16:12:18+00:00,0.01,0.01,0.755,0.01,,-2000000.0,2000000.0,2000000.0,,2000000.0,0.0,3106000000.0,5173000000.0,-4000000.0,-183000000.0,-17000000.0,13000000.0,2202000000.0,3106000000.0,2067000000.0,52000000.0,4000000.0,2015000000.0,52000000.0,-52000000.0,0.0,5173000000.0,200000000.0,200000000.0,200000000.0
Macy's Inc,M,,794367,2019.0,Q2,2019-05-05,2019-08-03,2019-08-30 12:42:01+00:00,0.28,0.28,,0.28,,30000000.0,86000000.0,86000000.0,,86000000.0,0.0,3395000000.0,5546000000.0,8000000.0,-176000000.0,-7000000.0,2000000.0,2177000000.0,3395000000.0,2151000000.0,52000000.0,5000000.0,1996000000.0,155000000.0,-39000000.0,116000000.0,5546000000.0,307100000.0,307100000.0,307100000.0
Macy's Inc,M,,794367,2019.0,Q2YTD,2019-02-03,2019-08-03,,0.72,0.72,,0.72,,57000000.0,222000000.0,222000000.0,,222000000.0,,6798000000.0,11050000000.0,15000000.0,-348000000.0,-50000000.0,3000000.0,4289000000.0,6798000000.0,4252000000.0,106000000.0,12000000.0,3894000000.0,358000000.0,-79000000.0,279000000.0,11050000000.0,307100000.0,307100000.0,307100000.0
Macy's Inc,M,,794367,2019.0,Q2TTM,2018-08-05,2019-08-03,,3.33,3.33,1.13,3.3,,294000000.0,1025000000.0,1025000000.0,,1025000000.0,,15311000000.0,24908000000.0,-6000000.0,-773000000.0,-369000000.0,103000000.0,9081000000.0,15311000000.0,9597000000.0,255000000.0,25000000.0,8042000000.0,1555000000.0,-236000000.0,1319000000.0,24908000000.0,307100000.0,307100000.0,307100000.0
Macy's Inc,M,,794367,2019.0,Q1,2019-02-03,2019-05-04,2020-07-02 13:50:46+00:00,0.44,0.44,0.3775,0.44,,27000000.0,136000000.0,136000000.0,,136000000.0,,3403000000.0,5504000000.0,7000000.0,-172000000.0,-43000000.0,1000000.0,2112000000.0,3403000000.0,2101000000.0,54000000.0,7000000.0,1898000000.0,203000000.0,-40000000.0,163000000.0,5504000000.0,309100000.0,309100000.0,309100000.0
Macy's Inc,M,,794367,2019.0,Q1TTM,2018-05-06,2019-05-04,,3.59,3.59,1.13,3.55,,297000000.0,1103000000.0,1103000000.0,,1105000000.0,-2000000.0,15236000000.0,24934000000.0,-53000000.0,-783000000.0,-408000000.0,118000000.0,9068000000.0,15236000000.0,9698000000.0,277000000.0,27000000.0,7995000000.0,1703000000.0,-303000000.0,1400000000.0,24934000000.0,309100000.0,309100000.0,309100000.0
Macy's Inc,M,,794367,2020.0,Q1TTM,2019-05-05,2020-05-02,,-10.15,-10.15,1.51,-10.16,,-439000000.0,-3153000000.0,-3153000000.0,,-3153000000.0,,14269000000.0,22073000000.0,-25000000.0,-730000000.0,-135000000.0,3537000000.0,8484000000.0,14269000000.0,7804000000.0,230000000.0,15000000.0,11156000000.0,-3352000000.0,-240000000.0,-3592000000.0,22073000000.0,310600000.0,310600000.0,310600000.0
Macy's Inc,M,,794367,2020.0,Q1,2020-02-02,2020-05-02,2020-07-02 13:50:46+00:00,-11.53,-11.53,0.3775,-11.53,,-576000000.0,-3581000000.0,-3581000000.0,,-3581000000.0,,2501000000.0,3017000000.0,9000000.0,-131000000.0,-16000000.0,3184000000.0,1598000000.0,2501000000.0,516000000.0,49000000.0,2000000.0,4635000000.0,-4119000000.0,-38000000.0,-4157000000.0,3017000000.0,310600000.0,310600000.0,310600000.0
