company_name,company_ticker,company_lei,company_cik,year,quarter,start_date,end_date,filing_date,amortizationexpense,basicdilutedeps,basiceps,cashdividendspershare,depreciationexpense,dilutedeps,impairmentexpense,incometaxexpense,netincome,netincomecontinuing,netincomediscontinued,netincometocommon,netincometononcontrollinginterest,operatingrevenue,otheradjustmentstonetincometocommon,othergains,otherincome,otheroperatingexpenses,otherrevenue,preferreddividends,sgaexpense,totalgrossprofit,totalinterestexpense,totalinterestincome,totaloperatingexpenses,totaloperatingincome,totalotherincome,totalpretaxincome,totalrevenue,weightedavebasicdilutedsharesos,weightedavebasicsharesos,weightedavedilutedsharesos
Graham Holdings Co,GHC,,104889,2008.0,FY,2007-12-31,2008-12-28,2011-03-02 15:13:02+00:00,22525000.0,6.89,6.89,,263554000.0,6.87,135439000.0,106600000.0,65796000.0,96308000.0,-30512000.0,64776000.0,74000.0,4087621000.0,,,-2189000.0,1864533000.0,124094000.0,946000.0,1693744000.0,4211715000.0,24658000.0,-2165000.0,3979795000.0,231920000.0,-29012000.0,202908000.0,4211715000.0,9400000.0,9408000.0,9430000.0
Graham Holdings Co,GHC,,104889,2009.0,FY,2008-12-29,2010-01-03,2012-02-29 15:09:49+00:00,25610000.0,9.78,9.78,8.6,290609000.0,9.78,8492000.0,89000000.0,91200000.0,156207000.0,-65007000.0,91846000.0,,4200168000.0,-646000.0,646000.0,13197000.0,1879214000.0,125872000.0,,1831716000.0,4326040000.0,31565000.0,-26824000.0,4035641000.0,290399000.0,-45192000.0,245207000.0,4326040000.0,9400000.0,9332000.0,9392000.0
Graham Holdings Co,GHC,,104889,2009.0,Q3,2009-06-29,2009-09-27,2010-11-10 15:18:55+00:00,6767000.0,1.81,1.81,,68897000.0,1.81,25387000.0,14600000.0,17066000.0,25960000.0,-8894000.0,17050000.0,,1076093000.0,,-16000.0,103000.0,461867000.0,32701000.0,,471249000.0,1108794000.0,7533000.0,-26637000.0,1034167000.0,74627000.0,-34067000.0,40560000.0,1108794000.0,9400000.0,9340000.0,9401000.0
Graham Holdings Co,GHC,,104889,2009.0,Q2,2009-03-30,2009-06-28,2010-08-11 16:54:49+00:00,7191000.0,1.3,1.3,,82914000.0,1.3,,11400000.0,11368000.0,20340000.0,-8972000.0,12249000.0,-1106000.0,1050851000.0,,,19719000.0,478420000.0,32328000.0,225000.0,495201000.0,1083179000.0,7701000.0,269000.0,1063726000.0,19453000.0,12287000.0,31740000.0,1083179000.0,9400000.0,9340000.0,9400000.0
Graham Holdings Co,GHC,,104889,2010.0,Q4,2010-10-04,2011-01-02,,1248000.0,9.3,9.3,9.0,59474000.0,9.29,-27477000.0,72600000.0,78989000.0,113953000.0,-34964000.0,78987000.0,96000.0,1090616000.0,828000.0,0.0,2157000.0,422086000.0,-6079000.0,-922000.0,437977000.0,1084537000.0,7693000.0,860000.0,893308000.0,191229000.0,-4676000.0,186553000.0,1084537000.0,8900000.0,8869000.0,8931000.0
Graham Holdings Co,GHC,,104889,2010.0,FY,2010-01-04,2011-01-02,2013-02-28 11:01:10+00:00,21552000.0,31.06,31.06,9.0,242405000.0,31.04,0.0,222400000.0,278020000.0,355919000.0,-77899000.0,277192000.0,,4495735000.0,,-828000.0,7515000.0,1850402000.0,90682000.0,,1869194000.0,4586417000.0,30503000.0,-1557000.0,3983553000.0,602864000.0,-24545000.0,578319000.0,4586417000.0,8900000.0,8869000.0,8931000.0
Graham Holdings Co,GHC,,104889,2010.0,Q3,2010-07-05,2010-10-03,2011-11-09 16:54:13+00:00,6409000.0,6.85,6.85,,60752000.0,6.84,27477000.0,59400000.0,61076000.0,85667000.0,-24591000.0,60922000.0,-76000.0,1151040000.0,,,12486000.0,479526000.0,32495000.0,230000.0,471897000.0,1183535000.0,7633000.0,2740000.0,1046061000.0,137474000.0,7593000.0,145067000.0,1183535000.0,8900000.0,8839000.0,8904000.0
Graham Holdings Co,GHC,,104889,2010.0,Q3YTD,2010-01-04,2010-10-03,,20304000.0,21.76,21.76,,182931000.0,21.75,27477000.0,149800000.0,199031000.0,241966000.0,-42935000.0,198205000.0,-96000.0,3405119000.0,,,5358000.0,1428316000.0,96761000.0,922000.0,1431217000.0,3501880000.0,22810000.0,-2417000.0,3090245000.0,411635000.0,-19869000.0,391766000.0,3501880000.0,8900000.0,8839000.0,8904000.0
Graham Holdings Co,GHC,,104889,2010.0,Q2,2010-04-05,2010-07-04,2011-11-09 16:54:13+00:00,7492000.0,10.0,10.0,,60872000.0,10.0,0.0,56700000.0,92127000.0,102115000.0,-9988000.0,91904000.0,-8000.0,1162365000.0,,,-3807000.0,477248000.0,31253000.0,231000.0,480412000.0,1193618000.0,7598000.0,2626000.0,1026024000.0,167594000.0,-8779000.0,158815000.0,1193618000.0,9200000.0,0.0,0.0
Graham Holdings Co,GHC,,104889,2010.0,Q2YTD,2010-01-04,2010-07-04,,13895000.0,14.91,14.91,,122179000.0,14.91,,90400000.0,137955000.0,156299000.0,-18344000.0,137283000.0,-20000.0,2254079000.0,,,-7128000.0,948790000.0,64266000.0,692000.0,959320000.0,2318345000.0,15177000.0,-5157000.0,2044184000.0,274161000.0,-27462000.0,246699000.0,2318345000.0,9200000.0,0.0,0.0
Graham Holdings Co,GHC,,104889,2010.0,Q1,2010-01-04,2010-04-04,2011-11-09 16:54:13+00:00,6403000.0,4.91,4.91,,61307000.0,4.91,0.0,33700000.0,45828000.0,54184000.0,-8356000.0,45379000.0,-12000.0,1091714000.0,,,-3321000.0,471542000.0,33013000.0,461000.0,478908000.0,1124727000.0,7579000.0,-7783000.0,1018160000.0,106567000.0,-18683000.0,87884000.0,1124727000.0,9200000.0,0.0,0.0
Graham Holdings Co,GHC,,104889,2011.0,Q4,2011-10-03,2011-12-31,,4908000.0,7.91,7.91,7.05,37270000.0,7.91,,44500000.0,61731000.0,67200000.0,-5469000.0,61714000.0,10000.0,434330000.0,-230000.0,-7000.0,1073000.0,124120000.0,943000.0,230000.0,151452000.0,435273000.0,8638000.0,1742000.0,317750000.0,117523000.0,-5823000.0,111700000.0,435273000.0,7900000.0,7826000.0,7905000.0
Graham Holdings Co,GHC,,104889,2011.0,FY,2011-01-03,2011-12-31,2014-02-28 17:01:43+00:00,22201000.0,14.7,14.7,9.4,223403000.0,14.7,0.0,104400000.0,117157000.0,151388000.0,-34231000.0,116233000.0,,3442589000.0,,-7000.0,-55200000.0,1562615000.0,83408000.0,917000.0,1383660000.0,3525997000.0,33226000.0,10096000.0,3191879000.0,334118000.0,-78330000.0,255788000.0,3525997000.0,7900000.0,7826000.0,7905000.0
Graham Holdings Co,GHC,,104889,2011.0,Q3YTD,2011-01-03,2011-10-02,,17293000.0,6.79,6.79,2.35,186133000.0,6.79,,59900000.0,55426000.0,84188000.0,-28762000.0,54519000.0,-10000.0,3008259000.0,230000.0,,-56273000.0,1438495000.0,82465000.0,687000.0,1232208000.0,3090724000.0,24588000.0,8354000.0,2874129000.0,216595000.0,-72507000.0,144088000.0,3090724000.0,7600000.0,7802000.0,7883000.0
Graham Holdings Co,GHC,,104889,2011.0,Q3,2011-07-04,2011-10-02,2012-11-07 10:43:35+00:00,6320000.0,-0.82,-0.82,2.35,61589000.0,-0.82,,18600000.0,-5966000.0,12822000.0,-18788000.0,-6208000.0,16000.0,984308000.0,,,-29650000.0,486615000.0,28190000.0,226000.0,387735000.0,1012498000.0,8667000.0,-500000.0,942259000.0,70239000.0,-38817000.0,31422000.0,1012498000.0,7600000.0,7802000.0,7883000.0
Graham Holdings Co,GHC,,104889,2011.0,Q2YTD,2011-01-03,2011-07-03,,10973000.0,7.61,7.61,,124544000.0,7.61,,41300000.0,61392000.0,71366000.0,-9974000.0,60727000.0,-26000.0,2023951000.0,230000.0,,-26623000.0,951880000.0,54275000.0,461000.0,844473000.0,2078226000.0,15921000.0,8854000.0,1931870000.0,146356000.0,-33690000.0,112666000.0,2078226000.0,7900000.0,7900000.0,7900000.0
Graham Holdings Co,GHC,,104889,2011.0,Q2TTM,2010-07-05,2011-07-03,,18630000.0,23.76,23.76,9.0,244770000.0,23.74,,173300000.0,201457000.0,270986000.0,-69529000.0,200636000.0,-6000.0,4265607000.0,230000.0,-828000.0,-11980000.0,1853492000.0,80691000.0,-231000.0,1754347000.0,4346298000.0,31247000.0,12454000.0,3871239000.0,475059000.0,-30773000.0,444286000.0,4346298000.0,7900000.0,7900000.0,7900000.0
Graham Holdings Co,GHC,,104889,2011.0,Q2,2011-04-04,2011-07-03,2012-11-07 10:43:35+00:00,5797000.0,5.74,5.74,,62615000.0,5.74,,29200000.0,45763000.0,50971000.0,-5208000.0,45573000.0,-40000.0,1020329000.0,230000.0,,-2591000.0,488577000.0,28976000.0,,405729000.0,1049305000.0,7960000.0,4135000.0,962718000.0,86587000.0,-6416000.0,80171000.0,1049305000.0,7900000.0,7900000.0,7900000.0
Graham Holdings Co,GHC,,104889,2011.0,Q1TTM,2010-04-05,2011-04-03,,20325000.0,28.02,28.02,9.0,243027000.0,28.0,,200800000.0,247821000.0,322130000.0,-74309000.0,246967000.0,26000.0,4407643000.0,,-828000.0,-13196000.0,1842163000.0,82968000.0,,1829030000.0,4490611000.0,30885000.0,10945000.0,3934545000.0,556066000.0,-33136000.0,522930000.0,4490611000.0,8100000.0,8100000.0,8100000.0
Graham Holdings Co,GHC,,104889,2011.0,Q1,2011-01-03,2011-04-03,2012-11-07 10:43:35+00:00,5176000.0,1.87,1.87,,61929000.0,1.87,,12100000.0,15629000.0,20395000.0,-4766000.0,15154000.0,14000.0,1003622000.0,,,-24032000.0,463303000.0,25299000.0,461000.0,438744000.0,1028921000.0,7961000.0,4719000.0,969152000.0,59769000.0,-27274000.0,32495000.0,1028921000.0,8100000.0,8100000.0,8100000.0
Graham Holdings Co,GHC,,104889,2012.0,Q4,2012-10-01,2012-12-31,,6174000.0,-6.16,-6.16,7.35,69792000.0,-6.16,111593000.0,-4700000.0,-45375000.0,-71742000.0,26367000.0,-45439000.0,-10000.0,775277000.0,,-74000.0,-17572000.0,358600000.0,37630000.0,,320240000.0,812907000.0,9064000.0,3686000.0,866399000.0,-53492000.0,-22950000.0,-76442000.0,812907000.0,7500000.0,7360000.0,7404000.0
Graham Holdings Co,GHC,,104889,2012.0,FY,2012-01-01,2012-12-31,2015-02-27 17:23:49+00:00,19510000.0,17.39,17.39,9.8,240139000.0,17.39,111593000.0,73400000.0,132187000.0,51292000.0,80895000.0,131218000.0,,3254523000.0,,-74000.0,-5456000.0,1535237000.0,118063000.0,895000.0,1317494000.0,3372586000.0,35944000.0,17479000.0,3223973000.0,148613000.0,-23921000.0,124692000.0,3372586000.0,7500000.0,7360000.0,7404000.0
Graham Holdings Co,GHC,,104889,2012.0,Q3YTD,2012-01-01,2012-09-30,,13336000.0,23.55,23.55,2.45,170347000.0,23.55,,78100000.0,177562000.0,123034000.0,54528000.0,176657000.0,10000.0,2479246000.0,,,12116000.0,1176637000.0,80433000.0,895000.0,997254000.0,2559679000.0,26880000.0,13793000.0,2357574000.0,202105000.0,-971000.0,201134000.0,2559679000.0,7400000.0,7272000.0,7376000.0
Graham Holdings Co,GHC,,104889,2012.0,Q3TTM,2011-10-03,2012-09-30,,18244000.0,31.46,31.46,9.5,207617000.0,31.46,,122600000.0,239293000.0,190234000.0,49059000.0,238371000.0,20000.0,2913576000.0,-230000.0,-7000.0,13189000.0,1300757000.0,81376000.0,1125000.0,1148706000.0,2994952000.0,35518000.0,15535000.0,2675324000.0,319628000.0,-6794000.0,312834000.0,2994952000.0,7400000.0,7272000.0,7376000.0
Graham Holdings Co,GHC,,104889,2012.0,Q3,2012-07-01,2012-09-30,2013-11-05 19:00:22+00:00,5090000.0,12.64,12.64,2.45,57588000.0,12.64,,37000000.0,93947000.0,56408000.0,37539000.0,93796000.0,-71000.0,842877000.0,,,4163000.0,407364000.0,34760000.0,222000.0,314359000.0,877637000.0,8738000.0,4747000.0,784401000.0,93236000.0,172000.0,93408000.0,877637000.0,7400000.0,7272000.0,7376000.0
Graham Holdings Co,GHC,,104889,2012.0,Q2YTD,2012-01-01,2012-06-30,,8246000.0,10.91,10.91,,112759000.0,10.91,,41100000.0,83615000.0,66626000.0,16989000.0,82861000.0,81000.0,1636369000.0,,,7953000.0,769273000.0,45673000.0,673000.0,682895000.0,1682042000.0,18142000.0,9046000.0,1573173000.0,108869000.0,-1143000.0,107726000.0,1682042000.0,7600000.0,7600000.0,7600000.0
Graham Holdings Co,GHC,,104889,2012.0,Q2TTM,2011-07-04,2012-06-30,,19474000.0,18.0,18.0,9.4,211618000.0,18.0,,104200000.0,139380000.0,146648000.0,-7268000.0,138367000.0,107000.0,3055007000.0,-230000.0,-7000.0,-20624000.0,1380008000.0,74806000.0,1129000.0,1222082000.0,3129813000.0,35447000.0,10288000.0,2833182000.0,296631000.0,-45783000.0,250848000.0,3129813000.0,7600000.0,7600000.0,7600000.0
Graham Holdings Co,GHC,,104889,2012.0,Q2,2012-04-01,2012-06-30,2013-11-05 19:00:22+00:00,4407000.0,6.84,6.84,,56594000.0,6.84,0.0,23900000.0,52047000.0,41783000.0,10264000.0,51814000.0,11000.0,829062000.0,,,-635000.0,387167000.0,25368000.0,222000.0,335054000.0,854430000.0,8979000.0,4089000.0,783222000.0,71208000.0,-5525000.0,65683000.0,854430000.0,7600000.0,7600000.0,7600000.0
Graham Holdings Co,GHC,,104889,2012.0,Q1TTM,2011-04-04,2012-03-31,,20864000.0,16.9,16.9,9.4,217639000.0,16.9,,109500000.0,133096000.0,155836000.0,-22740000.0,132126000.0,56000.0,3246274000.0,,-7000.0,-22580000.0,1481418000.0,78414000.0,907000.0,1292757000.0,3324688000.0,34428000.0,10334000.0,3012678000.0,312010000.0,-46674000.0,265336000.0,3324688000.0,7600000.0,7600000.0,7600000.0
Graham Holdings Co,GHC,,104889,2012.0,Q1,2012-01-01,2012-03-31,2013-11-05 19:00:22+00:00,3839000.0,4.07,4.07,,56165000.0,4.07,0.0,17200000.0,31568000.0,24843000.0,6725000.0,31047000.0,70000.0,807307000.0,,,8588000.0,382106000.0,20305000.0,451000.0,347841000.0,827612000.0,9163000.0,4957000.0,789951000.0,37661000.0,4382000.0,42043000.0,827612000.0,7600000.0,7600000.0,7600000.0
Graham Holdings Co,GHC,,104889,2013.0,FY,2013-01-01,2013-12-31,2016-02-26 15:23:00+00:00,11919000.0,32.1,32.1,,101171000.0,32.05,3250000.0,40500000.0,237345000.0,64731000.0,172614000.0,236010000.0,,2438758000.0,,,-23751000.0,1210863000.0,161844000.0,855000.0,1123965000.0,2600602000.0,35931000.0,15479000.0,2451168000.0,149434000.0,-44203000.0,105231000.0,2600602000.0,7400000.0,7238000.0,7333000.0
Graham Holdings Co,GHC,,104889,2013.0,Q2YTD,2013-01-01,2013-06-30,,7030000.0,6.66,6.66,,115838000.0,6.66,,47500000.0,50393000.0,69317000.0,-18924000.0,49393000.0,350000.0,1604128000.0,,,-16941000.0,771386000.0,86968000.0,650000.0,653394000.0,1691096000.0,18008000.0,8318000.0,1547648000.0,143448000.0,-26631000.0,116817000.0,1691096000.0,7400000.0,7229000.0,7283000.0
Graham Holdings Co,GHC,,104889,2013.0,Q2TTM,2012-07-01,2013-06-30,,18294000.0,13.14,13.14,9.8,243218000.0,13.14,111593000.0,79800000.0,98965000.0,53983000.0,44982000.0,97750000.0,269000.0,3222282000.0,,-74000.0,-30350000.0,1537350000.0,159358000.0,872000.0,1287993000.0,3381640000.0,35810000.0,16751000.0,3198448000.0,183192000.0,-49409000.0,133783000.0,3381640000.0,7400000.0,7229000.0,7283000.0
Graham Holdings Co,GHC,,104889,2013.0,Q2,2013-04-01,2013-06-30,2014-08-06 13:39:48+00:00,3313000.0,6.02,6.02,,56879000.0,6.02,0.0,31700000.0,45134000.0,47085000.0,-1951000.0,44675000.0,253000.0,820401000.0,,,-12858000.0,394841000.0,50103000.0,206000.0,319170000.0,870504000.0,9048000.0,4390000.0,774203000.0,96301000.0,-17516000.0,78785000.0,870504000.0,7400000.0,7229000.0,7283000.0
Graham Holdings Co,GHC,,104889,2013.0,Q1TTM,2012-04-01,2013-03-31,,19388000.0,13.96,13.96,9.8,242933000.0,13.96,111593000.0,72000000.0,105878000.0,48681000.0,57197000.0,104889000.0,27000.0,3230943000.0,,-74000.0,-18127000.0,1529676000.0,134623000.0,888000.0,1303877000.0,3365566000.0,35741000.0,16450000.0,3207467000.0,158099000.0,-37418000.0,120681000.0,3365566000.0,7400000.0,7227000.0,14494000.0
Graham Holdings Co,GHC,,104889,2013.0,Q1,2013-01-01,2013-03-31,2014-05-06 20:40:14+00:00,3717000.0,0.64,0.64,,58959000.0,0.64,,15800000.0,5259000.0,22232000.0,-16973000.0,4718000.0,97000.0,783727000.0,,,-4083000.0,376545000.0,36865000.0,444000.0,334224000.0,820592000.0,8960000.0,3928000.0,773445000.0,47147000.0,-9115000.0,38032000.0,820592000.0,7400000.0,7227000.0,14494000.0
Graham Holdings Co,GHC,,104889,2014.0,FY,2014-01-01,2014-12-31,2017-02-24 14:37:09+00:00,18187000.0,195.81,195.81,10.2,74913000.0,195.03,17302000.0,312300000.0,1293260000.0,765403000.0,527857000.0,1292996000.0,-583000.0,2468631000.0,,,778010000.0,1261753000.0,268401000.0,847000.0,1132157000.0,2737032000.0,35533000.0,102506000.0,2504312000.0,232720000.0,844983000.0,1077703000.0,2737032000.0,6600000.0,6470000.0,6559000.0
Graham Holdings Co,GHC,,104889,2014.0,Q4,2014-10-01,2014-12-31,,5215000.0,63.98,63.98,7.65,18618000.0,63.64,17302000.0,172000000.0,334666000.0,306017000.0,28649000.0,334410000.0,256000.0,642942000.0,,212000.0,387346000.0,317688000.0,84683000.0,421000.0,269778000.0,727625000.0,8922000.0,569000.0,628601000.0,99024000.0,378993000.0,478017000.0,727625000.0,6600000.0,6470000.0,6559000.0
Graham Holdings Co,GHC,,104889,2014.0,Q3,2014-07-01,2014-09-30,2015-11-05 16:50:54+00:00,7354000.0,13.18,13.18,2.55,18664000.0,13.12,0.0,16100000.0,76439000.0,10230000.0,66209000.0,76351000.0,-121000.0,616869000.0,,,-10723000.0,326395000.0,86336000.0,,309583000.0,703205000.0,9298000.0,5142000.0,661996000.0,41209000.0,-14879000.0,26330000.0,703205000.0,5800000.0,5671000.0,5757000.0
Graham Holdings Co,GHC,,104889,2014.0,Q3YTD,2014-01-01,2014-09-30,,12972000.0,131.83,131.83,2.55,56295000.0,131.39,,140300000.0,958594000.0,459386000.0,499208000.0,958586000.0,-839000.0,1825689000.0,,-212000.0,390664000.0,944065000.0,183718000.0,426000.0,862379000.0,2009407000.0,26611000.0,101937000.0,1875711000.0,133696000.0,465990000.0,599686000.0,2009407000.0,5800000.0,5671000.0,5757000.0
Graham Holdings Co,GHC,,104889,2014.0,Q2,2014-04-01,2014-06-30,2015-11-05 16:50:54+00:00,2936000.0,100.8,100.8,,18201000.0,100.48,,61900000.0,749850000.0,344613000.0,405237000.0,750137000.0,-499000.0,616551000.0,,-212000.0,268114000.0,321163000.0,57031000.0,,276502000.0,673582000.0,8525000.0,92144000.0,618802000.0,54780000.0,351733000.0,406513000.0,673582000.0,7400000.0,7400000.0,7500000.0
Graham Holdings Co,GHC,,104889,2014.0,Q2YTD,2014-01-01,2014-06-30,,5618000.0,118.65,118.65,,37631000.0,118.27,,124200000.0,882155000.0,449156000.0,432999000.0,882235000.0,-718000.0,1208820000.0,,-212000.0,401387000.0,617670000.0,97382000.0,426000.0,552796000.0,1306202000.0,17313000.0,96795000.0,1213715000.0,92487000.0,480869000.0,573356000.0,1306202000.0,7400000.0,7400000.0,7500000.0
Graham Holdings Co,GHC,,104889,2014.0,Q2TTM,2013-07-01,2014-06-30,,10507000.0,144.09,144.09,,22964000.0,143.66,3250000.0,117200000.0,1069107000.0,444570000.0,624537000.0,1068852000.0,-1068000.0,2043450000.0,,-212000.0,394577000.0,1057147000.0,172258000.0,631000.0,1023367000.0,2215708000.0,35236000.0,103956000.0,2117235000.0,98473000.0,463297000.0,561770000.0,2215708000.0,7400000.0,7400000.0,7500000.0
Graham Holdings Co,GHC,,104889,2014.0,Q1,2014-01-01,2014-03-31,2015-11-05 16:50:54+00:00,2682000.0,17.85,17.85,,19430000.0,17.79,,62300000.0,132305000.0,104543000.0,27762000.0,132098000.0,-219000.0,592269000.0,,,133273000.0,296507000.0,40351000.0,426000.0,276294000.0,632620000.0,8788000.0,4651000.0,594913000.0,37707000.0,129136000.0,166843000.0,632620000.0,7400000.0,7400000.0,7400000.0
Graham Holdings Co,GHC,,104889,2014.0,Q1TTM,2013-04-01,2014-03-31,,10884000.0,49.31,49.31,,61642000.0,49.2,3250000.0,87000000.0,364391000.0,147042000.0,217349000.0,363390000.0,-316000.0,2247300000.0,,,113605000.0,1130825000.0,165330000.0,837000.0,1066035000.0,2412630000.0,35759000.0,16202000.0,2272636000.0,139994000.0,94048000.0,234042000.0,2412630000.0,7400000.0,7400000.0,7400000.0
Graham Holdings Co,GHC,,104889,2015.0,FY,2015-01-01,2015-12-31,2018-02-23 16:59:48+00:00,19017000.0,-17.87,-17.87,9.1,77906000.0,-17.87,259700000.0,20500000.0,-99220000.0,-141390000.0,42170000.0,-101286000.0,1435000.0,2226481000.0,,,-8623000.0,1206153000.0,359633000.0,631000.0,1104163000.0,2586114000.0,32654000.0,1212000.0,2666939000.0,-80825000.0,-40065000.0,-120890000.0,2586114000.0,5700000.0,5727000.0,5727000.0
Graham Holdings Co,GHC,,104889,2015.0,Q4,2015-10-01,2015-12-31,,5120000.0,8.95,8.95,,15640000.0,9.03,4233000.0,30500000.0,51109000.0,51109000.0,,51169000.0,714000.0,515078000.0,-1194000.0,,21262000.0,283780000.0,101289000.0,631000.0,239783000.0,616367000.0,7975000.0,511000.0,548556000.0,67811000.0,13798000.0,81609000.0,616367000.0,5700000.0,5727000.0,5727000.0
Graham Holdings Co,GHC,,104889,2015.0,Q3,2015-07-01,2015-09-30,2016-11-02 09:56:16+00:00,4512000.0,-40.25,-40.25,1.15,14460000.0,-40.25,248591000.0,-30500000.0,-230556000.0,-230935000.0,379000.0,-230843000.0,287000.0,550585000.0,,,-40458000.0,302029000.0,90847000.0,0.0,285563000.0,641432000.0,7830000.0,576000.0,855155000.0,-213723000.0,-47712000.0,-261435000.0,641432000.0,5700000.0,5738000.0,5837000.0
Graham Holdings Co,GHC,,104889,2015.0,Q3YTD,2015-01-01,2015-09-30,,13897000.0,-26.82,-26.82,9.1,62266000.0,-26.9,255467000.0,-10000000.0,-150329000.0,-192499000.0,42170000.0,-152455000.0,721000.0,1711403000.0,1194000.0,,-29885000.0,922373000.0,258344000.0,,864380000.0,1969747000.0,24679000.0,701000.0,2118383000.0,-148636000.0,-53863000.0,-202499000.0,1969747000.0,5700000.0,5738000.0,5837000.0
Graham Holdings Co,GHC,,104889,2015.0,Q3TTM,2014-10-01,2015-09-30,,19112000.0,37.16,37.16,16.75,80884000.0,36.74,272769000.0,162000000.0,184337000.0,113518000.0,70819000.0,181955000.0,977000.0,2354345000.0,1194000.0,212000.0,357461000.0,1240061000.0,343027000.0,421000.0,1134158000.0,2697372000.0,33601000.0,1270000.0,2746984000.0,-49612000.0,325130000.0,275518000.0,2697372000.0,5700000.0,5738000.0,5837000.0
Graham Holdings Co,GHC,,104889,2015.0,Q2,2015-04-01,2015-06-30,2016-08-03 09:39:34+00:00,4647000.0,9.92,9.92,2.65,25609000.0,9.87,6876000.0,19600000.0,58427000.0,39925000.0,18502000.0,57782000.0,434000.0,593762000.0,,,11678000.0,311121000.0,87128000.0,,276412000.0,680890000.0,8348000.0,-30000.0,624665000.0,56225000.0,3300000.0,59525000.0,680890000.0,5800000.0,5720000.0,5805000.0
Graham Holdings Co,GHC,,104889,2015.0,Q2YTD,2015-01-01,2015-06-30,,9385000.0,13.43,13.43,7.95,47806000.0,13.35,6876000.0,20500000.0,80227000.0,38436000.0,41791000.0,78388000.0,434000.0,1160818000.0,1194000.0,,10573000.0,620344000.0,167497000.0,,578817000.0,1328315000.0,16849000.0,125000.0,1263228000.0,65087000.0,-6151000.0,58936000.0,1328315000.0,5800000.0,5720000.0,5805000.0
Graham Holdings Co,GHC,,104889,2015.0,Q2TTM,2014-07-01,2015-06-30,,21954000.0,90.59,90.59,18.15,85088000.0,90.11,24178000.0,208600000.0,491332000.0,354683000.0,136649000.0,489149000.0,569000.0,2420629000.0,1194000.0,212000.0,387196000.0,1264427000.0,338516000.0,421000.0,1158178000.0,2759145000.0,35069000.0,5836000.0,2553825000.0,205320000.0,357963000.0,563283000.0,2759145000.0,5800000.0,5720000.0,5805000.0
Graham Holdings Co,GHC,,104889,2015.0,Q1,2015-01-01,2015-03-31,2016-05-04 16:55:41+00:00,4738000.0,3.51,3.51,5.3,22197000.0,3.48,,900000.0,21800000.0,-1489000.0,23289000.0,20606000.0,,567056000.0,1194000.0,,-1105000.0,309223000.0,80369000.0,,302405000.0,647425000.0,8501000.0,155000.0,638563000.0,8862000.0,-9451000.0,-589000.0,647425000.0,5900000.0,5704000.0,5791000.0
Graham Holdings Co,GHC,,104889,2015.0,Q1TTM,2014-04-01,2015-03-31,,20243000.0,181.47,181.47,15.5,77680000.0,180.72,17302000.0,250900000.0,1182755000.0,659371000.0,523384000.0,1181504000.0,-364000.0,2443418000.0,1194000.0,,643632000.0,1274469000.0,308419000.0,421000.0,1158268000.0,2751837000.0,35246000.0,98010000.0,2547962000.0,203875000.0,706396000.0,910271000.0,2751837000.0,5900000.0,5704000.0,5791000.0
Graham Holdings Co,GHC,,104889,2016.0,FY,2016-01-01,2016-12-31,2019-02-25 13:34:56+00:00,26671000.0,29.95,29.95,4.84,64620000.0,29.8,1603000.0,81200000.0,169458000.0,169458000.0,,168590000.0,868000.0,2481890000.0,,,68023000.0,1270030000.0,,,896097000.0,2481890000.0,35390000.0,-4844000.0,2259021000.0,222869000.0,27789000.0,250658000.0,2481890000.0,5600000.0,5559000.0,5589000.0
Graham Holdings Co,GHC,,104889,2016.0,Q2,2016-04-01,2016-06-30,2017-08-02 09:05:31+00:00,6278000.0,10.82,10.82,1.21,16045000.0,10.76,0.0,23800000.0,61199000.0,61199000.0,,59962000.0,,490045000.0,1237000.0,,19000000.0,296033000.0,138888000.0,,236437000.0,628933000.0,7971000.0,-170000.0,554793000.0,74140000.0,10859000.0,84999000.0,628933000.0,5500000.0,5544000.0,5574000.0
Graham Holdings Co,GHC,,104889,2017.0,FY,2017-01-01,2017-12-31,2020-02-26 14:25:16+00:00,41187000.0,54.24,54.24,5.08,62509000.0,53.89,9614000.0,-119700000.0,302489000.0,302489000.0,,302044000.0,445000.0,2591846000.0,,,76940000.0,1454343000.0,,,887790000.0,2591846000.0,33886000.0,3332000.0,2455443000.0,136403000.0,46386000.0,182789000.0,2591846000.0,5600000.0,5516000.0,5552000.0
Graham Holdings Co,GHC,,104889,2017.0,Q4,2017-10-01,2017-12-31,,12897000.0,38.51,38.51,,15984000.0,38.26,102000.0,-159700000.0,214560000.0,214560000.0,,214178000.0,382000.0,675817000.0,,,15017000.0,371922000.0,,,225477000.0,675817000.0,8103000.0,-1513000.0,626382000.0,49459000.0,5401000.0,54860000.0,675817000.0,5600000.0,5516000.0,5552000.0
Graham Holdings Co,GHC,,104889,2017.0,Q3,2017-07-01,2017-09-30,2018-10-31 09:09:22+00:00,10923000.0,4.45,4.45,1.27,16002000.0,4.42,312000.0,13400000.0,24844000.0,24844000.0,,24784000.0,60000.0,657225000.0,,,19584000.0,374987000.0,,,228051000.0,657225000.0,8619000.0,329000.0,630275000.0,26950000.0,11294000.0,38244000.0,657225000.0,5600000.0,5518000.0,5554000.0
Graham Holdings Co,GHC,,104889,2017.0,Q3YTD,2017-01-01,2017-09-30,,28290000.0,15.73,15.73,5.08,46525000.0,15.63,9512000.0,40000000.0,87929000.0,87929000.0,,87866000.0,63000.0,1916029000.0,,,61923000.0,1082421000.0,,,662313000.0,1916029000.0,25783000.0,4845000.0,1829061000.0,86944000.0,40985000.0,127929000.0,1916029000.0,5600000.0,5518000.0,5554000.0
Graham Holdings Co,GHC,,104889,2017.0,Q2,2017-04-01,2017-06-30,2018-08-01 09:29:32+00:00,10531000.0,7.51,7.51,1.27,15871000.0,7.46,9200000.0,23900000.0,41999000.0,41999000.0,,41996000.0,3000.0,676087000.0,,,22689000.0,381747000.0,,,208973000.0,676087000.0,9035000.0,2504000.0,626322000.0,49741000.0,16158000.0,65899000.0,676087000.0,5600000.0,5539000.0,5577000.0
Graham Holdings Co,GHC,,104889,2017.0,Q2YTD,2017-01-01,2017-06-30,,17367000.0,11.28,11.28,3.81,30523000.0,11.21,9200000.0,26600000.0,63085000.0,63085000.0,,63082000.0,3000.0,1258804000.0,,,42339000.0,707434000.0,,,434262000.0,1258804000.0,17164000.0,4516000.0,1198786000.0,59994000.0,29691000.0,89685000.0,1258804000.0,5600000.0,5539000.0,5577000.0
Graham Holdings Co,GHC,,104889,2017.0,Q1,2017-01-01,2017-03-31,2018-05-02 08:56:00+00:00,6836000.0,3.77,3.77,2.54,14652000.0,3.75,,2700000.0,21086000.0,21086000.0,,21086000.0,0.0,582717000.0,,,19650000.0,325687000.0,,,225289000.0,582717000.0,8129000.0,2012000.0,572464000.0,10253000.0,13533000.0,23786000.0,582717000.0,5600000.0,5535000.0,5569000.0
Graham Holdings Co,GHC,,104889,2018.0,FY,2018-01-01,2018-12-31,2020-02-26 14:25:16+00:00,47414000.0,50.55,50.55,5.32,56722000.0,50.2,8109000.0,52100000.0,271408000.0,271408000.0,,271206000.0,202000.0,2695966000.0,,,106801000.0,1687432000.0,,,650128000.0,2695966000.0,49280000.0,19826000.0,2449805000.0,246161000.0,77347000.0,323508000.0,2695966000.0,5400000.0,5333000.0,5370000.0
Graham Holdings Co,GHC,,104889,2018.0,Q4,2018-10-01,2018-12-31,,13361000.0,10.59,10.59,-3.99,14813000.0,10.51,,12400000.0,56738000.0,56738000.0,,56685000.0,53000.0,689087000.0,,,-2808000.0,432706000.0,,,152624000.0,689087000.0,6531000.0,2895000.0,613504000.0,75582000.0,-6444000.0,69138000.0,689087000.0,5400000.0,5333000.0,5370000.0
Graham Holdings Co,GHC,,104889,2018.0,Q3,2018-07-01,2018-09-30,2019-10-30 09:20:26+00:00,12269000.0,23.43,23.43,,13648000.0,23.28,8109000.0,10000000.0,125070000.0,125070000.0,,125064000.0,6000.0,674766000.0,,,70318000.0,448920000.0,,,131081000.0,674766000.0,6135000.0,10148000.0,614027000.0,60739000.0,74331000.0,135070000.0,674766000.0,5300000.0,5302000.0,5337000.0
Graham Holdings Co,GHC,,104889,2018.0,Q3YTD,2018-01-01,2018-09-30,,34053000.0,39.96,39.96,3.99,41909000.0,39.69,8109000.0,39700000.0,214670000.0,214670000.0,,214521000.0,149000.0,2006879000.0,,,109609000.0,1254726000.0,,,497504000.0,2006879000.0,42749000.0,16931000.0,1836301000.0,170579000.0,83791000.0,254370000.0,2006879000.0,5300000.0,5302000.0,5337000.0
Graham Holdings Co,GHC,,104889,2018.0,Q3TTM,2017-10-01,2018-09-30,,46950000.0,78.47,78.47,-1.09,57893000.0,77.95,8211000.0,-120000000.0,429230000.0,429230000.0,,428699000.0,531000.0,2682696000.0,,,124626000.0,1626648000.0,,,722981000.0,2682696000.0,50852000.0,15418000.0,2462683000.0,220038000.0,89192000.0,309230000.0,2682696000.0,5300000.0,5302000.0,5337000.0
Graham Holdings Co,GHC,,104889,2018.0,Q2,2018-04-01,2018-06-30,2019-07-31 09:06:19+00:00,11400000.0,8.69,8.69,1.33,13619000.0,8.63,0.0,16100000.0,46635000.0,46635000.0,,46566000.0,69000.0,672677000.0,,,22820000.0,440655000.0,,,141378000.0,672677000.0,28543000.0,2832000.0,607052000.0,65626000.0,-2891000.0,62735000.0,672677000.0,5400000.0,5325000.0,5362000.0
Graham Holdings Co,GHC,,104889,2018.0,Q2YTD,2018-01-01,2018-06-30,,21784000.0,16.53,16.53,3.99,28261000.0,16.41,,29700000.0,89600000.0,89600000.0,,89457000.0,143000.0,1332113000.0,,,39291000.0,805806000.0,,,366423000.0,1332113000.0,36614000.0,6783000.0,1222274000.0,109840000.0,9460000.0,119300000.0,1332113000.0,5400000.0,5325000.0,5362000.0
Graham Holdings Co,GHC,,104889,2018.0,Q2TTM,2017-07-01,2018-06-30,,45604000.0,59.49,59.49,0.18,60247000.0,59.09,414000.0,-116600000.0,329004000.0,329004000.0,,328419000.0,585000.0,2665155000.0,,,73892000.0,1552715000.0,,,819951000.0,2665155000.0,53336000.0,5599000.0,2478931000.0,186249000.0,26155000.0,212404000.0,2665155000.0,5400000.0,5325000.0,5362000.0
Graham Holdings Co,GHC,,104889,2018.0,Q1,2018-01-01,2018-03-31,2019-05-01 09:21:38+00:00,10384000.0,7.84,7.84,2.66,14642000.0,7.78,,13600000.0,42965000.0,42965000.0,,42891000.0,74000.0,659436000.0,,,16471000.0,365151000.0,,,225045000.0,659436000.0,8071000.0,3951000.0,615222000.0,44214000.0,12351000.0,56565000.0,659436000.0,5500000.0,5436000.0,5473000.0
Graham Holdings Co,GHC,,104889,2018.0,Q1TTM,2017-04-01,2018-03-31,,44735000.0,58.31,58.31,0.12,62499000.0,57.92,9614000.0,-108800000.0,324368000.0,324368000.0,,323849000.0,519000.0,2668565000.0,,,73761000.0,1493807000.0,,,887546000.0,2668565000.0,33828000.0,5271000.0,2498201000.0,170364000.0,45204000.0,215568000.0,2668565000.0,5500000.0,5436000.0,5473000.0
Graham Holdings Co,GHC,,104889,2019.0,Q4,2019-10-01,2019-12-31,,13711000.0,27.46,27.46,-1.39,16495000.0,27.25,8080000.0,39100000.0,146017000.0,146017000.0,,145881000.0,136000.0,763478000.0,,,156764000.0,550152000.0,,,144701000.0,763478000.0,7192000.0,5233000.0,733139000.0,30312000.0,154805000.0,185117000.0,763478000.0,5300000.0,5285000.0,5327000.0
Graham Holdings Co,GHC,,104889,2019.0,FY,2019-01-01,2019-12-31,2020-02-26 14:25:16+00:00,53243000.0,61.7,61.7,5.56,59253000.0,61.21,9152000.0,98600000.0,327879000.0,327879000.0,,327855000.0,24000.0,2932099000.0,,,293897000.0,2023205000.0,,,642700000.0,2932099000.0,29779000.0,17815000.0,2787553000.0,144546000.0,281933000.0,426479000.0,2932099000.0,5300000.0,5285000.0,5327000.0
Graham Holdings Co,GHC,,104889,2019.0,Q3YTD,2019-01-01,2019-09-30,,39532000.0,34.24,34.24,1.39,42758000.0,33.96,1072000.0,59500000.0,181862000.0,181862000.0,,181974000.0,-112000.0,2168621000.0,,,137133000.0,1473053000.0,,,497999000.0,2168621000.0,22587000.0,12582000.0,2054414000.0,114234000.0,127128000.0,241362000.0,2168621000.0,5300000.0,5285000.0,5329000.0
Graham Holdings Co,GHC,,104889,2019.0,Q3TTM,2018-10-01,2019-09-30,,52893000.0,44.83,44.83,-2.6,57571000.0,44.47,1072000.0,71900000.0,238600000.0,238600000.0,,238659000.0,-59000.0,2857708000.0,,,134325000.0,1905759000.0,,,650623000.0,2857708000.0,29118000.0,15477000.0,2667918000.0,189816000.0,120684000.0,310500000.0,2857708000.0,5300000.0,5285000.0,5329000.0
Graham Holdings Co,GHC,,104889,2019.0,Q3,2019-07-01,2019-09-30,2019-10-30 09:20:26+00:00,13572000.0,8.12,8.12,,15351000.0,8.05,372000.0,15200000.0,42965000.0,42965000.0,,43145000.0,-180000.0,738820000.0,,,42516000.0,517935000.0,,,175322000.0,738820000.0,6776000.0,6157000.0,722552000.0,16268000.0,41897000.0,58165000.0,738820000.0,5300000.0,5285000.0,5329000.0
Graham Holdings Co,GHC,,104889,2019.0,Q2YTD,2019-01-01,2019-06-30,,25960000.0,26.12,26.12,1.39,27407000.0,25.91,700000.0,44300000.0,138897000.0,138897000.0,,138829000.0,68000.0,1429801000.0,,,94617000.0,955118000.0,,,322677000.0,1429801000.0,15811000.0,6425000.0,1331862000.0,97966000.0,85231000.0,183197000.0,1429801000.0,5300000.0,5285000.0,5329000.0
Graham Holdings Co,GHC,,104889,2019.0,Q2TTM,2018-07-01,2019-06-30,,51590000.0,60.14,60.14,-2.6,55868000.0,59.7,8809000.0,66700000.0,320705000.0,320705000.0,,320578000.0,127000.0,2793654000.0,,,162127000.0,1836744000.0,,,606382000.0,2793654000.0,28477000.0,19468000.0,2559393000.0,234287000.0,153118000.0,387405000.0,2793654000.0,5300000.0,5285000.0,5329000.0
Graham Holdings Co,GHC,,104889,2019.0,Q2,2019-04-01,2019-06-30,2019-07-31 09:06:19+00:00,12900000.0,10.74,10.74,1.39,13884000.0,10.65,700000.0,16700000.0,57195000.0,57195000.0,,57081000.0,114000.0,737602000.0,,,21272000.0,503763000.0,,,148419000.0,737602000.0,8386000.0,3046000.0,679666000.0,57963000.0,15932000.0,73895000.0,737602000.0,5300000.0,5285000.0,5329000.0
Graham Holdings Co,GHC,,104889,2019.0,Q1,2019-01-01,2019-03-31,2020-05-05 09:04:29+00:00,13060000.0,15.38,15.38,2.78,13523000.0,15.26,0.0,27600000.0,81702000.0,81702000.0,,81748000.0,-46000.0,692199000.0,,,73345000.0,451355000.0,,,174258000.0,692199000.0,7425000.0,3379000.0,652196000.0,40003000.0,69299000.0,109302000.0,692199000.0,5300000.0,5284000.0,5326000.0
Graham Holdings Co,GHC,,104889,2019.0,Q1TTM,2018-04-01,2019-03-31,,50090000.0,58.09,58.09,-2.66,55603000.0,57.68,8109000.0,66100000.0,310145000.0,310145000.0,,310063000.0,82000.0,2728729000.0,,,163675000.0,1773636000.0,,,599341000.0,2728729000.0,48634000.0,19254000.0,2486779000.0,241950000.0,134295000.0,376245000.0,2728729000.0,5300000.0,5284000.0,5326000.0
Graham Holdings Co,GHC,,104889,2020.0,Q1TTM,2019-04-01,2020-03-31,,54348000.0,40.0,40.0,,62434000.0,39.63,25553000.0,25600000.0,212286000.0,212286000.0,,212862000.0,-576000.0,2972157000.0,,,141250000.0,2069277000.0,,,647917000.0,2972157000.0,30032000.0,14040000.0,2859529000.0,112628000.0,125258000.0,237886000.0,2972157000.0,5300000.0,5274000.0,5274000.0
Graham Holdings Co,GHC,,104889,2020.0,Q1,2020-01-01,2020-03-31,2020-05-05 09:04:29+00:00,14165000.0,-6.32,-6.32,2.9,16704000.0,-6.32,16401000.0,-45400000.0,-33891000.0,-33891000.0,,-33245000.0,-646000.0,732257000.0,,,-79302000.0,497427000.0,,,179475000.0,732257000.0,7678000.0,-396000.0,724172000.0,8085000.0,-87376000.0,-79291000.0,732257000.0,5300000.0,5274000.0,5274000.0
