company_name,company_ticker,company_lei,company_cik,year,quarter,start_date,end_date,filing_date,amortizationexpense,basicdilutedeps,basiceps,cashdividendspershare,dilutedeps,impairmentexpense,incometaxexpense,netincome,netincomecontinuing,netincomediscontinued,netincometocommon,operatingcostofrevenue,operatingrevenue,otheradjustmentstoconsolidatednetincome,otherincome,otheroperatingexpenses,restructuringcharge,sgaexpense,totalcostofrevenue,totalgrossprofit,totalinterestexpense,totalinterestincome,totaloperatingexpenses,totaloperatingincome,totalotherincome,totalpretaxincome,totalrevenue,weightedavebasicdilutedsharesos,weightedavebasicsharesos,weightedavedilutedsharesos
Sealed Air Corp,SEE,Q0M0CZB4YN6JZ65WXI09,1012100,2008.0,FY,2008-01-01,2008-12-31,2011-02-25 13:50:43+00:00,,1.13,1.13,0.48,0.99,,42400000.0,179900000.0,179900000.0,,179900000.0,3606900000.0,4843500000.0,,-12100000.0,,85100000.0,755000000.0,3606900000.0,1236600000.0,128100000.0,-34000000.0,840100000.0,396500000.0,-174200000.0,222300000.0,4843500000.0,159200000.0,157600000.0,188600000.0
Sealed Air Corp,SEE,Q0M0CZB4YN6JZ65WXI09,1012100,2009.0,FY,2009-01-01,2009-12-31,2012-02-29 14:52:02+00:00,11700000.0,1.54,1.54,0.48,1.35,,85600000.0,244300000.0,244300000.0,,244300000.0,3024300000.0,4242800000.0,,-4100000.0,,7000000.0,707500000.0,3024300000.0,1218500000.0,158300000.0,,726200000.0,492300000.0,-162400000.0,329900000.0,4242800000.0,158600000.0,157200000.0,182600000.0
Sealed Air Corp,SEE,Q0M0CZB4YN6JZ65WXI09,1012100,2009.0,Q3,2009-07-01,2009-09-30,2010-11-08 10:34:50+00:00,,0.38,0.38,0.12,0.34,,18700000.0,60600000.0,60600000.0,,60600000.0,768800000.0,1079900000.0,,-2400000.0,,900000.0,180000000.0,768800000.0,311100000.0,45300000.0,-3200000.0,180900000.0,130200000.0,-50900000.0,79300000.0,1079900000.0,159500000.0,157400000.0,178300000.0
Sealed Air Corp,SEE,Q0M0CZB4YN6JZ65WXI09,1012100,2009.0,Q2,2009-04-01,2009-06-30,2010-08-11 12:29:00+00:00,,0.38,0.38,0.12,0.33,,21400000.0,60500000.0,60500000.0,,60500000.0,739900000.0,1028000000.0,,1600000.0,,700000.0,169300000.0,739900000.0,288100000.0,37800000.0,,170000000.0,118100000.0,-36200000.0,81900000.0,1028000000.0,159200000.0,157300000.0,188600000.0
Sealed Air Corp,SEE,Q0M0CZB4YN6JZ65WXI09,1012100,2010.0,Q4,2010-10-01,2010-12-31,,11200000.0,0.33,0.33,0.13,0.28,,7900000.0,51200000.0,51200000.0,,51200000.0,877400000.0,1209200000.0,,2400000.0,,7200000.0,178600000.0,877400000.0,331800000.0,77700000.0,-400000.0,197000000.0,134800000.0,-75700000.0,59100000.0,1209200000.0,158900000.0,158300000.0,176700000.0
Sealed Air Corp,SEE,Q0M0CZB4YN6JZ65WXI09,1012100,2010.0,FY,2010-01-01,2010-12-31,2013-03-01 16:51:21+00:00,11200000.0,1.61,1.61,0.5,1.44,,87500000.0,255900000.0,255900000.0,,255900000.0,3237300000.0,4490100000.0,,8500000.0,,7600000.0,699000000.0,3237300000.0,1252800000.0,200100000.0,,717800000.0,535000000.0,-191600000.0,343400000.0,4490100000.0,158900000.0,158300000.0,176700000.0
Sealed Air Corp,SEE,Q0M0CZB4YN6JZ65WXI09,1012100,2010.0,Q3,2010-07-01,2010-09-30,2011-11-09 14:59:05+00:00,,0.48,0.48,0.13,0.43,,29000000.0,76500000.0,76500000.0,,76500000.0,809500000.0,1130000000.0,,-900000.0,,100000.0,173300000.0,809500000.0,320500000.0,40700000.0,,173400000.0,147100000.0,-41600000.0,105500000.0,1130000000.0,159400000.0,158300000.0,176700000.0
Sealed Air Corp,SEE,Q0M0CZB4YN6JZ65WXI09,1012100,2010.0,Q3YTD,2010-01-01,2010-09-30,,,1.28,1.28,0.37,1.16,,79600000.0,204700000.0,204700000.0,,204700000.0,2359900000.0,3280900000.0,,6100000.0,,400000.0,520400000.0,2359900000.0,921000000.0,122400000.0,400000.0,520800000.0,400200000.0,-115900000.0,284300000.0,3280900000.0,159400000.0,158300000.0,176700000.0
Sealed Air Corp,SEE,Q0M0CZB4YN6JZ65WXI09,1012100,2010.0,Q2,2010-04-01,2010-06-30,2011-08-05 13:39:34+00:00,,0.42,0.42,0.12,0.38,,25800000.0,67000000.0,67000000.0,,67000000.0,789200000.0,1089700000.0,,3500000.0,,-300000.0,171600000.0,789200000.0,300500000.0,41000000.0,1100000.0,171300000.0,129200000.0,-36400000.0,92800000.0,1089700000.0,159500000.0,158300000.0,176500000.0
Sealed Air Corp,SEE,Q0M0CZB4YN6JZ65WXI09,1012100,2010.0,Q2YTD,2010-01-01,2010-06-30,,,0.8,0.8,0.24,0.73,,50600000.0,128200000.0,128200000.0,,128200000.0,1550400000.0,2150900000.0,,7000000.0,,300000.0,347100000.0,1550400000.0,600500000.0,81700000.0,400000.0,347400000.0,253100000.0,-74300000.0,178800000.0,2150900000.0,159500000.0,158300000.0,176500000.0
Sealed Air Corp,SEE,Q0M0CZB4YN6JZ65WXI09,1012100,2010.0,Q1,2010-01-01,2010-03-31,2011-05-06 12:03:07+00:00,,0.38,0.38,0.12,0.35,,24800000.0,61200000.0,61200000.0,,61200000.0,761200000.0,1061200000.0,,3500000.0,,600000.0,175500000.0,761200000.0,300000000.0,40700000.0,-700000.0,176100000.0,123900000.0,-37900000.0,86000000.0,1061200000.0,161100000.0,157800000.0,176100000.0
Sealed Air Corp,SEE,Q0M0CZB4YN6JZ65WXI09,1012100,2011.0,Q4,2011-10-01,2011-12-31,,30900000.0,-0.35,-0.35,0.13,-0.32,,-17100000.0,-49300000.0,-65700000.0,16400000.0,-49300000.0,1267500000.0,1879100000.0,,-15500000.0,,86500000.0,455400000.0,1267500000.0,611600000.0,106100000.0,,572800000.0,38800000.0,-121600000.0,-82800000.0,1879100000.0,167500000.0,167000000.0,185400000.0
Sealed Air Corp,SEE,Q0M0CZB4YN6JZ65WXI09,1012100,2011.0,FY,2011-01-01,2011-12-31,2014-02-28 13:14:54+00:00,38400000.0,0.89,0.89,0.52,0.8,,56700000.0,149100000.0,132700000.0,16400000.0,149100000.0,3886700000.0,5467300000.0,,-14800000.0,,117000000.0,1004400000.0,3886700000.0,1580600000.0,216600000.0,,1159800000.0,420800000.0,-231400000.0,189400000.0,5467300000.0,167500000.0,167000000.0,185400000.0
Sealed Air Corp,SEE,Q0M0CZB4YN6JZ65WXI09,1012100,2011.0,Q3YTD,2011-01-01,2011-09-30,,7500000.0,1.24,1.24,0.39,1.12,,73800000.0,198400000.0,198400000.0,,198400000.0,2619200000.0,3588200000.0,,700000.0,,30500000.0,549000000.0,2619200000.0,969000000.0,110500000.0,,587000000.0,382000000.0,-109800000.0,272200000.0,3588200000.0,160200000.0,159300000.0,177900000.0
Sealed Air Corp,SEE,Q0M0CZB4YN6JZ65WXI09,1012100,2011.0,Q3TTM,2010-10-01,2011-09-30,,18700000.0,1.57,1.57,0.52,1.4,,81700000.0,249600000.0,249600000.0,,249600000.0,3496600000.0,4797400000.0,,3100000.0,,37700000.0,727600000.0,3496600000.0,1300800000.0,188200000.0,-400000.0,784000000.0,516800000.0,-185500000.0,331300000.0,4797400000.0,160200000.0,159300000.0,177900000.0
Sealed Air Corp,SEE,Q0M0CZB4YN6JZ65WXI09,1012100,2011.0,Q3,2011-07-01,2011-09-30,2012-11-09 16:42:49+00:00,2500000.0,0.46,0.46,0.13,0.41,,26400000.0,73700000.0,73700000.0,,73700000.0,911400000.0,1247100000.0,,6800000.0,,23900000.0,179400000.0,911400000.0,335700000.0,36600000.0,,205800000.0,129900000.0,-29800000.0,100100000.0,1247100000.0,160200000.0,159300000.0,177900000.0
Sealed Air Corp,SEE,Q0M0CZB4YN6JZ65WXI09,1012100,2011.0,Q2YTD,2011-01-01,2011-06-30,,5000000.0,0.78,0.78,0.26,0.71,,47400000.0,124700000.0,124700000.0,,124700000.0,1707800000.0,2341100000.0,,-6100000.0,,6600000.0,369600000.0,1707800000.0,633300000.0,73900000.0,,381200000.0,252100000.0,-80000000.0,172100000.0,2341100000.0,158500000.0,159200000.0,177500000.0
Sealed Air Corp,SEE,Q0M0CZB4YN6JZ65WXI09,1012100,2011.0,Q2TTM,2010-07-01,2011-06-30,,16200000.0,1.59,1.59,0.52,1.42,,84300000.0,252400000.0,252400000.0,,252400000.0,3394700000.0,4680300000.0,,-4600000.0,,13900000.0,721500000.0,3394700000.0,1285600000.0,192300000.0,-400000.0,751600000.0,534000000.0,-197300000.0,336700000.0,4680300000.0,158500000.0,159200000.0,177500000.0
Sealed Air Corp,SEE,Q0M0CZB4YN6JZ65WXI09,1012100,2011.0,Q2,2011-04-01,2011-06-30,2012-08-09 14:53:43+00:00,2500000.0,0.41,0.41,0.13,0.37,,25200000.0,65000000.0,65000000.0,,65000000.0,888300000.0,1212600000.0,,-2000000.0,,6600000.0,186100000.0,888300000.0,324300000.0,36900000.0,,195200000.0,129100000.0,-38900000.0,90200000.0,1212600000.0,158500000.0,159200000.0,177500000.0
Sealed Air Corp,SEE,Q0M0CZB4YN6JZ65WXI09,1012100,2011.0,Q1,2011-01-01,2011-03-31,2012-05-10 11:50:42+00:00,2500000.0,0.37,0.37,0.13,0.34,,22200000.0,59700000.0,59700000.0,,59700000.0,819500000.0,1128500000.0,,-4100000.0,,,183500000.0,819500000.0,309000000.0,37000000.0,,186000000.0,123000000.0,-41100000.0,81900000.0,1128500000.0,161400000.0,158700000.0,176900000.0
Sealed Air Corp,SEE,Q0M0CZB4YN6JZ65WXI09,1012100,2011.0,Q1TTM,2010-04-01,2011-03-31,,13700000.0,1.6,1.6,0.51,1.43,,84900000.0,254400000.0,254400000.0,,254400000.0,3295600000.0,4557400000.0,,900000.0,,7000000.0,707000000.0,3295600000.0,1261800000.0,196400000.0,700000.0,727700000.0,534100000.0,-194800000.0,339300000.0,4557400000.0,161400000.0,158700000.0,176900000.0
Sealed Air Corp,SEE,Q0M0CZB4YN6JZ65WXI09,1012100,2012.0,Q4,2012-10-01,2012-12-31,,33200000.0,-0.84,-0.84,0.13,-0.84,558000000.0,-210000000.0,-159300000.0,-351600000.0,192300000.0,-159300000.0,1261400000.0,1888900000.0,,-1200000.0,12800000.0,35000000.0,418500000.0,1261400000.0,627500000.0,130400000.0,,1057500000.0,-430000000.0,-131600000.0,-561600000.0,1888900000.0,192800000.0,192800000.0,192800000.0
Sealed Air Corp,SEE,Q0M0CZB4YN6JZ65WXI09,1012100,2012.0,FY,2012-01-01,2012-12-31,2015-02-27 12:33:44+00:00,132700000.0,-7.32,-7.32,0.52,-7.32,1892300000.0,-265400000.0,-1411400000.0,-1619000000.0,207600000.0,-1411400000.0,5038700000.0,7559200000.0,,-9800000.0,18400000.0,149900000.0,1756700000.0,5038700000.0,2520500000.0,421600000.0,-23500000.0,3950000000.0,-1429500000.0,-454900000.0,-1884400000.0,7559200000.0,192800000.0,192800000.0,192800000.0
Sealed Air Corp,SEE,Q0M0CZB4YN6JZ65WXI09,1012100,2012.0,Q3YTD,2012-01-01,2012-09-30,,99500000.0,-6.48,-6.48,0.39,-6.48,1334300000.0,-55400000.0,-1252100000.0,-1267400000.0,15300000.0,-1252100000.0,3777300000.0,5670300000.0,,-8600000.0,5600000.0,114900000.0,1338200000.0,3777300000.0,1893000000.0,291200000.0,-23500000.0,2892500000.0,-999500000.0,-323300000.0,-1322800000.0,5670300000.0,193200000.0,193200000.0,193200000.0
Sealed Air Corp,SEE,Q0M0CZB4YN6JZ65WXI09,1012100,2012.0,Q3TTM,2011-10-01,2012-09-30,,130400000.0,-6.83,-6.83,0.52,-6.8,1334300000.0,-72500000.0,-1301400000.0,-1333100000.0,31700000.0,-1301400000.0,5044800000.0,7549400000.0,,-24100000.0,5600000.0,201400000.0,1793600000.0,5044800000.0,2504600000.0,397300000.0,-23500000.0,3465300000.0,-960700000.0,-444900000.0,-1405600000.0,7549400000.0,193200000.0,193200000.0,193200000.0
Sealed Air Corp,SEE,Q0M0CZB4YN6JZ65WXI09,1012100,2012.0,Q3,2012-07-01,2012-09-30,2013-11-08 09:42:07+00:00,33000000.0,-6.38,-6.38,0.13,-6.38,1334300000.0,-48000000.0,-1232400000.0,-1238300000.0,5900000.0,-1232400000.0,1256700000.0,1900300000.0,,1300000.0,2900000.0,38100000.0,426300000.0,1256700000.0,643600000.0,96600000.0,,1834600000.0,-1191000000.0,-95300000.0,-1286300000.0,1900300000.0,193200000.0,193200000.0,193200000.0
Sealed Air Corp,SEE,Q0M0CZB4YN6JZ65WXI09,1012100,2012.0,Q2YTD,2012-01-01,2012-06-30,,66500000.0,-0.1,-0.1,0.26,-0.1,,-7400000.0,-19700000.0,-29100000.0,9400000.0,-19700000.0,2520600000.0,3770000000.0,,-9900000.0,2700000.0,76800000.0,911900000.0,2520600000.0,1249400000.0,194600000.0,-23500000.0,1057900000.0,191500000.0,-228000000.0,-36500000.0,3770000000.0,195700000.0,193000000.0,193000000.0
Sealed Air Corp,SEE,Q0M0CZB4YN6JZ65WXI09,1012100,2012.0,Q2TTM,2011-07-01,2012-06-30,,99900000.0,0.01,0.01,0.52,-0.01,,1900000.0,4700000.0,-21100000.0,25800000.0,4700000.0,4699500000.0,6896200000.0,,-18600000.0,2700000.0,187200000.0,1546700000.0,4699500000.0,2196700000.0,337300000.0,-23500000.0,1836500000.0,360200000.0,-379400000.0,-19200000.0,6896200000.0,195700000.0,193000000.0,193000000.0
Sealed Air Corp,SEE,Q0M0CZB4YN6JZ65WXI09,1012100,2012.0,Q2,2012-04-01,2012-06-30,2013-08-07 13:59:49+00:00,33800000.0,-0.07,-0.07,0.13,-0.07,,2500000.0,-13700000.0,-20700000.0,7000000.0,-13700000.0,1296300000.0,1924600000.0,,-5800000.0,-9100000.0,28000000.0,467200000.0,1296300000.0,628300000.0,97300000.0,-23500000.0,519900000.0,108400000.0,-126600000.0,-18200000.0,1924600000.0,195700000.0,193000000.0,193000000.0
Sealed Air Corp,SEE,Q0M0CZB4YN6JZ65WXI09,1012100,2012.0,Q1TTM,2011-04-01,2012-03-31,,68600000.0,0.49,0.49,0.52,0.43,,24600000.0,83400000.0,64600000.0,18800000.0,83400000.0,4291500000.0,6184200000.0,,-14800000.0,11800000.0,165800000.0,1265600000.0,4291500000.0,1892700000.0,276900000.0,,1511800000.0,380900000.0,-291700000.0,89200000.0,6184200000.0,200000000.0,191900000.0,191900000.0
Sealed Air Corp,SEE,Q0M0CZB4YN6JZ65WXI09,1012100,2012.0,Q1,2012-01-01,2012-03-31,2013-05-08 15:50:34+00:00,32700000.0,-0.03,-0.03,0.13,-0.03,,-9900000.0,-6000000.0,-8400000.0,2400000.0,-6000000.0,1224300000.0,1845400000.0,,-4100000.0,11800000.0,48800000.0,444700000.0,1224300000.0,621100000.0,97300000.0,,538000000.0,83100000.0,-101400000.0,-18300000.0,1845400000.0,200000000.0,191900000.0,191900000.0
Sealed Air Corp,SEE,Q0M0CZB4YN6JZ65WXI09,1012100,2013.0,FY,2013-01-01,2013-12-31,2016-02-22 17:05:43+00:00,123200000.0,0.65,0.65,0.52,0.58,,84900000.0,125800000.0,95300000.0,30500000.0,125800000.0,5100900000.0,7690800000.0,,-25000000.0,38100000.0,73800000.0,1750200000.0,5100900000.0,2589900000.0,397300000.0,-2100000.0,1985300000.0,604600000.0,-424400000.0,180200000.0,7690800000.0,193500000.0,194600000.0,214200000.0
Sealed Air Corp,SEE,Q0M0CZB4YN6JZ65WXI09,1012100,2013.0,Q4,2013-10-01,2013-12-31,,30800000.0,0.16,0.16,0.13,0.13,,65000000.0,29200000.0,5200000.0,24000000.0,29200000.0,1343800000.0,2012500000.0,,-9400000.0,11300000.0,11900000.0,439600000.0,1343800000.0,668700000.0,95500000.0,,493600000.0,175100000.0,-104900000.0,70200000.0,2012500000.0,193500000.0,194600000.0,214200000.0
Sealed Air Corp,SEE,Q0M0CZB4YN6JZ65WXI09,1012100,2013.0,Q3YTD,2013-01-01,2013-09-30,,92400000.0,0.49,0.49,0.39,0.45,,19900000.0,96600000.0,90100000.0,6500000.0,96600000.0,3757100000.0,5678300000.0,,-15600000.0,26800000.0,61900000.0,1310600000.0,3757100000.0,1921200000.0,301800000.0,-2100000.0,1491700000.0,429500000.0,-319500000.0,110000000.0,5678300000.0,197900000.0,194900000.0,215300000.0
Sealed Air Corp,SEE,Q0M0CZB4YN6JZ65WXI09,1012100,2013.0,Q3TTM,2012-10-01,2013-09-30,,125600000.0,-0.35,-0.35,0.52,-0.39,558000000.0,-190100000.0,-62700000.0,-261500000.0,198800000.0,-62700000.0,5018500000.0,7567200000.0,,-16800000.0,39600000.0,96900000.0,1729100000.0,5018500000.0,2548700000.0,432200000.0,-2100000.0,2549200000.0,-500000.0,-451100000.0,-451600000.0,7567200000.0,197900000.0,194900000.0,215300000.0
Sealed Air Corp,SEE,Q0M0CZB4YN6JZ65WXI09,1012100,2013.0,Q3,2013-07-01,2013-09-30,2014-11-05 13:11:48+00:00,29100000.0,0.19,0.19,0.13,0.18,,11200000.0,37600000.0,35100000.0,2500000.0,37600000.0,1262100000.0,1912000000.0,,1000000.0,8700000.0,49800000.0,426000000.0,1262100000.0,649900000.0,88900000.0,-2100000.0,513600000.0,136300000.0,-90000000.0,46300000.0,1912000000.0,197900000.0,194900000.0,215300000.0
Sealed Air Corp,SEE,Q0M0CZB4YN6JZ65WXI09,1012100,2013.0,Q2YTD,2013-01-01,2013-06-30,,63300000.0,0.3,0.3,0.26,0.27,,8700000.0,59000000.0,55000000.0,4000000.0,59000000.0,2495000000.0,3766300000.0,,-16600000.0,18100000.0,12100000.0,884600000.0,2495000000.0,1271300000.0,212900000.0,,978100000.0,293200000.0,-229500000.0,63700000.0,3766300000.0,194100000.0,194800000.0,213600000.0
Sealed Air Corp,SEE,Q0M0CZB4YN6JZ65WXI09,1012100,2013.0,Q2TTM,2012-07-01,2013-06-30,,129500000.0,-6.92,-6.92,0.52,-6.95,1892300000.0,-249300000.0,-1332700000.0,-1534900000.0,202200000.0,-1332700000.0,5013100000.0,7555500000.0,,-16500000.0,33800000.0,85200000.0,1729400000.0,5013100000.0,2542400000.0,439900000.0,,3870200000.0,-1327800000.0,-456400000.0,-1784200000.0,7555500000.0,194100000.0,194800000.0,213600000.0
Sealed Air Corp,SEE,Q0M0CZB4YN6JZ65WXI09,1012100,2013.0,Q2,2013-04-01,2013-06-30,2014-08-06 11:44:32+00:00,31400000.0,0.29,0.29,0.13,0.26,,17900000.0,56300000.0,54300000.0,2000000.0,56300000.0,1278300000.0,1937400000.0,,-3800000.0,100000.0,11900000.0,449900000.0,1278300000.0,659100000.0,89800000.0,,493300000.0,165800000.0,-93600000.0,72200000.0,1937400000.0,194100000.0,194800000.0,213600000.0
Sealed Air Corp,SEE,Q0M0CZB4YN6JZ65WXI09,1012100,2013.0,Q1TTM,2012-04-01,2013-03-31,,131900000.0,-7.28,-7.28,0.52,-7.28,1892300000.0,-264700000.0,-1402700000.0,-1609900000.0,207200000.0,-1402700000.0,5031100000.0,7542700000.0,,-18500000.0,24600000.0,101300000.0,1746700000.0,5031100000.0,2511600000.0,447400000.0,-23500000.0,3896800000.0,-1385200000.0,-489400000.0,-1874600000.0,7542700000.0,270000000.0,193800000.0,212700000.0
Sealed Air Corp,SEE,Q0M0CZB4YN6JZ65WXI09,1012100,2013.0,Q1,2013-01-01,2013-03-31,2014-05-07 12:06:52+00:00,31900000.0,0.01,0.01,0.13,0.01,,-9200000.0,2700000.0,700000.0,2000000.0,2700000.0,1216700000.0,1828900000.0,,-12800000.0,18000000.0,200000.0,434700000.0,1216700000.0,612200000.0,123100000.0,,484800000.0,127400000.0,-135900000.0,-8500000.0,1828900000.0,270000000.0,193800000.0,212700000.0
Sealed Air Corp,SEE,Q0M0CZB4YN6JZ65WXI09,1012100,2014.0,FY,2014-01-01,2014-12-31,2017-02-15 16:58:25+00:00,118900000.0,1.22,1.22,0.52,1.2,,9100000.0,258100000.0,258100000.0,,258100000.0,5062900000.0,7750500000.0,,9500000.0,8100000.0,65700000.0,1841300000.0,5062900000.0,2687600000.0,390200000.0,-5700000.0,2034000000.0,653600000.0,-386400000.0,267200000.0,7750500000.0,211600000.0,210000000.0,213900000.0
Sealed Air Corp,SEE,Q0M0CZB4YN6JZ65WXI09,1012100,2014.0,Q3,2014-07-01,2014-09-30,2015-11-03 13:01:36+00:00,30400000.0,0.29,0.29,0.133,0.28,,36700000.0,60800000.0,60800000.0,,60800000.0,1279400000.0,1975500000.0,,400000.0,1000000.0,11400000.0,468800000.0,1279400000.0,696100000.0,87400000.0,,511600000.0,184500000.0,-87000000.0,97500000.0,1975500000.0,209700000.0,210400000.0,213500000.0
Sealed Air Corp,SEE,Q0M0CZB4YN6JZ65WXI09,1012100,2014.0,Q2,2014-04-01,2014-06-30,2015-08-04 13:03:43+00:00,31200000.0,0.28,0.28,0.13,0.28,,32900000.0,60100000.0,60100000.0,,60100000.0,1294000000.0,1973600000.0,,-4600000.0,1700000.0,14100000.0,460700000.0,1294000000.0,679600000.0,74300000.0,,507700000.0,171900000.0,-78900000.0,93000000.0,1973600000.0,214600000.0,213500000.0,215500000.0
Sealed Air Corp,SEE,Q0M0CZB4YN6JZ65WXI09,1012100,2015.0,FY,2015-01-01,2015-12-31,2018-02-21 15:39:43+00:00,11100000.0,1.63,1.63,0.52,1.62,,132600000.0,335400000.0,158800000.0,176600000.0,335400000.0,2955100000.0,4410300000.0,,-11800000.0,,48700000.0,778000000.0,2955100000.0,1455200000.0,321000000.0,6800000.0,837800000.0,617400000.0,-326000000.0,291400000.0,4410300000.0,205800000.0,203900000.0,206700000.0
Sealed Air Corp,SEE,Q0M0CZB4YN6JZ65WXI09,1012100,2015.0,Q4,2015-10-01,2015-12-31,,-56300000.0,0.61,0.61,0.13,0.61,,44300000.0,123500000.0,-53100000.0,176600000.0,123500000.0,-372500000.0,-867300000.0,,-27700000.0,-4100000.0,-19300000.0,-465700000.0,-372500000.0,-494800000.0,38500000.0,6800000.0,-545400000.0,50600000.0,-59400000.0,-8800000.0,-867300000.0,205800000.0,203900000.0,206700000.0
Sealed Air Corp,SEE,Q0M0CZB4YN6JZ65WXI09,1012100,2015.0,Q3,2015-07-01,2015-09-30,2016-10-31 13:54:49+00:00,21800000.0,0.43,0.43,0.13,0.42,,39400000.0,86600000.0,86600000.0,,86600000.0,1109600000.0,1746200000.0,,4000000.0,-400000.0,38400000.0,400600000.0,1109600000.0,636600000.0,54200000.0,,460400000.0,176200000.0,-50200000.0,126000000.0,1746200000.0,201400000.0,202900000.0,205800000.0
Sealed Air Corp,SEE,Q0M0CZB4YN6JZ65WXI09,1012100,2015.0,Q3YTD,2015-01-01,2015-09-30,,67400000.0,1.02,1.02,0.39,1.01,,88300000.0,211900000.0,211900000.0,,211900000.0,3327600000.0,5277600000.0,,15900000.0,4100000.0,68000000.0,1243700000.0,3327600000.0,1950000000.0,282500000.0,,1383200000.0,566800000.0,-266600000.0,300200000.0,5277600000.0,201400000.0,202900000.0,205800000.0
Sealed Air Corp,SEE,Q0M0CZB4YN6JZ65WXI09,1012100,2015.0,Q2,2015-04-01,2015-06-30,2016-08-01 16:22:28+00:00,23000000.0,0.13,0.13,0.126,0.13,,14800000.0,28100000.0,28100000.0,,28100000.0,1121200000.0,1785000000.0,,5700000.0,1600000.0,16900000.0,415300000.0,1121200000.0,663800000.0,169800000.0,,456800000.0,207000000.0,-164100000.0,42900000.0,1785000000.0,216200000.0,208500000.0,211300000.0
Sealed Air Corp,SEE,Q0M0CZB4YN6JZ65WXI09,1012100,2015.0,Q2YTD,2015-01-01,2015-06-30,,45600000.0,0.59,0.59,0.26,0.59,,48900000.0,125300000.0,125300000.0,,125300000.0,2218000000.0,3531400000.0,,11900000.0,4500000.0,29600000.0,843100000.0,2218000000.0,1313400000.0,228300000.0,,922800000.0,390600000.0,-216400000.0,174200000.0,3531400000.0,216200000.0,208500000.0,211300000.0
Sealed Air Corp,SEE,Q0M0CZB4YN6JZ65WXI09,1012100,2015.0,Q1,2015-01-01,2015-03-31,2016-05-02 13:45:51+00:00,22600000.0,0.46,0.46,0.13,0.46,,34100000.0,97200000.0,97200000.0,,97200000.0,1096800000.0,1746400000.0,,6200000.0,2900000.0,12700000.0,427800000.0,1096800000.0,649600000.0,58500000.0,,466000000.0,183600000.0,-52300000.0,131300000.0,1746400000.0,211300000.0,208900000.0,211700000.0
Sealed Air Corp,SEE,Q0M0CZB4YN6JZ65WXI09,1012100,2016.0,FY,2016-01-01,2016-12-31,2019-02-19 15:38:01+00:00,15000000.0,2.49,2.49,0.61,2.46,,95600000.0,486400000.0,292300000.0,194100000.0,486400000.0,2810300000.0,4211300000.0,,-49100000.0,,2800000.0,754300000.0,2810300000.0,1401000000.0,191900000.0,,772100000.0,628900000.0,-241000000.0,387900000.0,4211300000.0,195300000.0,194300000.0,197200000.0
Sealed Air Corp,SEE,Q0M0CZB4YN6JZ65WXI09,1012100,2016.0,Q4,2016-10-01,2016-12-31,,4600000.0,1.6,0.89,0.15,0.87,,-29100000.0,171100000.0,152000000.0,19100000.0,171100000.0,742300000.0,1101400000.0,,-2900000.0,,500000.0,187700000.0,742300000.0,359100000.0,40500000.0,,192800000.0,166300000.0,-43400000.0,122900000.0,1101400000.0,195300000.0,194300000.0,197200000.0
Sealed Air Corp,SEE,Q0M0CZB4YN6JZ65WXI09,1012100,2016.0,Q3,2016-07-01,2016-09-30,2017-11-09 12:53:40+00:00,4100000.0,0.84,0.84,0.17,0.83,,54100000.0,163300000.0,63800000.0,99500000.0,163300000.0,708400000.0,1065100000.0,,400000.0,,1300000.0,184200000.0,708400000.0,356700000.0,49600000.0,,189600000.0,167100000.0,-49200000.0,117900000.0,1065100000.0,194400000.0,194100000.0,196700000.0
Sealed Air Corp,SEE,Q0M0CZB4YN6JZ65WXI09,1012100,2016.0,Q3YTD,2016-01-01,2016-09-30,,10400000.0,0.89,1.6,0.46,1.59,,124700000.0,315300000.0,140300000.0,175000000.0,315300000.0,2068000000.0,3109900000.0,,-46200000.0,,2300000.0,566600000.0,2068000000.0,1041900000.0,151400000.0,,579300000.0,462600000.0,-197600000.0,265000000.0,3109900000.0,194400000.0,194100000.0,196700000.0
Sealed Air Corp,SEE,Q0M0CZB4YN6JZ65WXI09,1012100,2016.0,Q3TTM,2015-10-01,2016-09-30,,-45900000.0,1.5,2.21,0.59,2.2,,169000000.0,438800000.0,87200000.0,351600000.0,438800000.0,1695500000.0,2242600000.0,,-73900000.0,-4100000.0,-17000000.0,100900000.0,1695500000.0,547100000.0,189900000.0,6800000.0,33900000.0,513200000.0,-257000000.0,256200000.0,2242600000.0,194400000.0,194100000.0,196700000.0
Sealed Air Corp,SEE,Q0M0CZB4YN6JZ65WXI09,1012100,2016.0,Q2,2016-04-01,2016-06-30,2017-08-09 12:13:17+00:00,3500000.0,0.0,0.25,0.16,0.25,,53000000.0,49600000.0,1600000.0,48000000.0,49600000.0,689300000.0,1038900000.0,,-42100000.0,,1200000.0,197300000.0,689300000.0,349600000.0,50900000.0,,202000000.0,147600000.0,-93000000.0,54600000.0,1038900000.0,197000000.0,195600000.0,198400000.0
Sealed Air Corp,SEE,Q0M0CZB4YN6JZ65WXI09,1012100,2016.0,Q2YTD,2016-01-01,2016-06-30,,6300000.0,0.05,0.76,0.29,0.76,,70600000.0,152000000.0,76500000.0,75500000.0,152000000.0,1359600000.0,2044800000.0,,-46600000.0,,1000000.0,382400000.0,1359600000.0,685200000.0,101800000.0,,389700000.0,295500000.0,-148400000.0,147100000.0,2044800000.0,197000000.0,195600000.0,198400000.0
Sealed Air Corp,SEE,Q0M0CZB4YN6JZ65WXI09,1012100,2016.0,Q2TTM,2015-07-01,2016-06-30,,-28200000.0,1.09,1.8,0.55,1.79,,154300000.0,362100000.0,110000000.0,252100000.0,362100000.0,2096700000.0,2923700000.0,,-70300000.0,-4500000.0,20100000.0,317300000.0,2096700000.0,827000000.0,194500000.0,6800000.0,304700000.0,522300000.0,-258000000.0,264300000.0,2923700000.0,197000000.0,195600000.0,198400000.0
Sealed Air Corp,SEE,Q0M0CZB4YN6JZ65WXI09,1012100,2016.0,Q1,2016-01-01,2016-03-31,2017-05-10 12:30:35+00:00,2800000.0,0.05,0.51,0.13,0.51,,17600000.0,102400000.0,74900000.0,27500000.0,102400000.0,670300000.0,1005900000.0,,-4500000.0,,-200000.0,185100000.0,670300000.0,335600000.0,50900000.0,,187700000.0,147900000.0,-55400000.0,92500000.0,1005900000.0,196350000.0,195200000.0,197500000.0
Sealed Air Corp,SEE,Q0M0CZB4YN6JZ65WXI09,1012100,2016.0,Q1TTM,2015-04-01,2016-03-31,,-8700000.0,1.22,1.68,0.52,1.67,,116100000.0,340600000.0,136500000.0,204100000.0,340600000.0,2528600000.0,3669800000.0,,-22500000.0,-2900000.0,35800000.0,535300000.0,2528600000.0,1141200000.0,313400000.0,6800000.0,559500000.0,581700000.0,-329100000.0,252600000.0,3669800000.0,196350000.0,195200000.0,197500000.0
Sealed Air Corp,SEE,Q0M0CZB4YN6JZ65WXI09,1012100,2017.0,FY,2017-01-01,2017-12-31,2020-03-02 12:51:56+00:00,13100000.0,4.33,4.33,0.64,4.29,,330500000.0,814900000.0,62800000.0,111400000.0,814900000.0,3049500000.0,4461600000.0,640700000.0,6200000.0,,12100000.0,815600000.0,3049500000.0,1412100000.0,184200000.0,,840800000.0,571300000.0,-178000000.0,393300000.0,4461600000.0,188200000.0,186900000.0,188900000.0
Sealed Air Corp,SEE,Q0M0CZB4YN6JZ65WXI09,1012100,2017.0,Q4,2017-10-01,2017-12-31,,3900000.0,0.27,-0.17,0.16,-0.16,,94000000.0,-33500000.0,25000000.0,-699200000.0,-33500000.0,855300000.0,1227800000.0,640700000.0,1500000.0,,2900000.0,207400000.0,855300000.0,372500000.0,40800000.0,,214200000.0,158300000.0,-39300000.0,119000000.0,1227800000.0,188200000.0,186900000.0,188900000.0
Sealed Air Corp,SEE,Q0M0CZB4YN6JZ65WXI09,1012100,2017.0,Q3,2017-07-01,2017-09-30,2018-11-02 13:54:07+00:00,3100000.0,4.19,4.19,0.16,4.15,,43700000.0,787500000.0,62500000.0,725000000.0,787500000.0,770600000.0,1131300000.0,,11800000.0,,6200000.0,207900000.0,770600000.0,360700000.0,49100000.0,,217200000.0,143500000.0,-37300000.0,106200000.0,1131300000.0,187900000.0,186900000.0,188900000.0
Sealed Air Corp,SEE,Q0M0CZB4YN6JZ65WXI09,1012100,2017.0,Q3YTD,2017-01-01,2017-09-30,,9200000.0,4.06,4.5,0.48,4.45,,236500000.0,848400000.0,37800000.0,810600000.0,848400000.0,2194200000.0,3233800000.0,,4700000.0,,9200000.0,608200000.0,2194200000.0,1039600000.0,143400000.0,,626600000.0,413000000.0,-138700000.0,274300000.0,3233800000.0,187900000.0,186900000.0,188900000.0
Sealed Air Corp,SEE,Q0M0CZB4YN6JZ65WXI09,1012100,2017.0,Q3TTM,2016-10-01,2017-09-30,,13800000.0,5.66,5.39,0.63,5.32,,207400000.0,1019500000.0,189800000.0,829700000.0,1019500000.0,2936500000.0,4335200000.0,,1800000.0,,9700000.0,795900000.0,2936500000.0,1398700000.0,183900000.0,,819400000.0,579300000.0,-182100000.0,397200000.0,4335200000.0,187900000.0,186900000.0,188900000.0
Sealed Air Corp,SEE,Q0M0CZB4YN6JZ65WXI09,1012100,2017.0,Q2,2017-04-01,2017-06-30,2018-08-06 16:28:38+00:00,1100000.0,0.09,0.53,0.16,0.52,,56400000.0,104100000.0,29000000.0,75100000.0,104100000.0,726800000.0,1070300000.0,,-5300000.0,,1100000.0,202900000.0,726800000.0,343500000.0,47700000.0,,205100000.0,138400000.0,-53000000.0,85400000.0,1070300000.0,193650000.0,192500000.0,194800000.0
Sealed Air Corp,SEE,Q0M0CZB4YN6JZ65WXI09,1012100,2017.0,Q2YTD,2017-01-01,2017-06-30,,6100000.0,-0.13,0.31,0.32,0.3,,192800000.0,60900000.0,-24700000.0,85600000.0,60900000.0,1423600000.0,2102500000.0,,-7100000.0,,3000000.0,400300000.0,1423600000.0,678900000.0,94300000.0,,409400000.0,269500000.0,-101400000.0,168100000.0,2102500000.0,193650000.0,192500000.0,194800000.0
Sealed Air Corp,SEE,Q0M0CZB4YN6JZ65WXI09,1012100,2017.0,Q2TTM,2016-07-01,2017-06-30,,14800000.0,2.31,2.04,0.64,2.0,,217800000.0,395300000.0,191100000.0,204200000.0,395300000.0,2874300000.0,4269000000.0,,-9600000.0,,4800000.0,772200000.0,2874300000.0,1394700000.0,184400000.0,,791800000.0,602900000.0,-194000000.0,408900000.0,4269000000.0,193650000.0,192500000.0,194800000.0
Sealed Air Corp,SEE,Q0M0CZB4YN6JZ65WXI09,1012100,2017.0,Q1,2017-01-01,2017-03-31,2018-05-07 14:59:09+00:00,5000000.0,-0.22,-0.22,0.16,-0.22,,136400000.0,-43200000.0,-53700000.0,10500000.0,-43200000.0,696800000.0,1032200000.0,,-1800000.0,,1900000.0,197400000.0,696800000.0,335400000.0,46600000.0,,204300000.0,131100000.0,-48400000.0,82700000.0,1032200000.0,196400000.0,193400000.0,195700000.0
Sealed Air Corp,SEE,Q0M0CZB4YN6JZ65WXI09,1012100,2017.0,Q1TTM,2016-04-01,2017-03-31,,17200000.0,2.22,1.76,0.64,1.73,,214400000.0,340800000.0,163700000.0,177100000.0,340800000.0,2836800000.0,4237600000.0,,-46400000.0,,4900000.0,766600000.0,2836800000.0,1400800000.0,187600000.0,,788700000.0,612100000.0,-234000000.0,378100000.0,4237600000.0,196400000.0,193400000.0,195700000.0
Sealed Air Corp,SEE,Q0M0CZB4YN6JZ65WXI09,1012100,2018.0,FY,2018-01-01,2018-12-31,2020-03-02 12:51:56+00:00,15700000.0,1.21,1.21,0.64,1.2,,307500000.0,193100000.0,150300000.0,0.0,193100000.0,3230600000.0,4732700000.0,42800000.0,-20600000.0,,47800000.0,782300000.0,3230600000.0,1502100000.0,177900000.0,,845800000.0,656300000.0,-198500000.0,457800000.0,4732700000.0,159600000.0,159400000.0,160200000.0
Sealed Air Corp,SEE,Q0M0CZB4YN6JZ65WXI09,1012100,2018.0,Q4,2018-10-01,2018-12-31,,4800000.0,1.21,1.21,-159999.68,1.2,,-80900000.0,200300000.0,199400000.0,-41900000.0,200300000.0,861200000.0,1260300000.0,42800000.0,-300000.0,,25500000.0,203400000.0,861200000.0,399100000.0,46600000.0,,233700000.0,165400000.0,-46900000.0,118500000.0,1260300000.0,159600000.0,159400000.0,160200000.0
Sealed Air Corp,SEE,Q0M0CZB4YN6JZ65WXI09,1012100,2018.0,Q3,2018-07-01,2018-09-30,2019-11-08 09:44:58+00:00,3600000.0,0.5,0.5,160000.0,0.5,,33400000.0,79000000.0,75600000.0,3400000.0,79000000.0,820700000.0,1186200000.0,,-9400000.0,,6600000.0,192100000.0,820700000.0,365500000.0,44800000.0,,202300000.0,163200000.0,-54200000.0,109000000.0,1186200000.0,158000000.0,157200000.0,158000000.0
Sealed Air Corp,SEE,Q0M0CZB4YN6JZ65WXI09,1012100,2018.0,Q3YTD,2018-01-01,2018-09-30,,10900000.0,,,160000.32,,,388400000.0,-7200000.0,-49100000.0,41900000.0,-7200000.0,2369400000.0,3472400000.0,,-20300000.0,,22300000.0,578900000.0,2369400000.0,1103000000.0,131300000.0,,612100000.0,490900000.0,-151600000.0,339300000.0,3472400000.0,158000000.0,157200000.0,158000000.0
Sealed Air Corp,SEE,Q0M0CZB4YN6JZ65WXI09,1012100,2018.0,Q3TTM,2017-10-01,2018-09-30,,14800000.0,0.27,-0.17,160000.48,-0.16,,482400000.0,-40700000.0,-24100000.0,-657300000.0,-40700000.0,3224700000.0,4700200000.0,640700000.0,-18800000.0,,25200000.0,786300000.0,3224700000.0,1475500000.0,172100000.0,,826300000.0,649200000.0,-190900000.0,458300000.0,4700200000.0,158000000.0,157200000.0,158000000.0
Sealed Air Corp,SEE,Q0M0CZB4YN6JZ65WXI09,1012100,2018.0,Q2,2018-04-01,2018-06-30,2019-08-02 07:10:34+00:00,3400000.0,0.71,0.71,0.16,0.71,,33500000.0,114400000.0,83300000.0,31100000.0,114400000.0,791700000.0,1155200000.0,,1100000.0,,7100000.0,192800000.0,791700000.0,363500000.0,44500000.0,,203300000.0,160200000.0,-43400000.0,116800000.0,1155200000.0,161100000.0,159700000.0,160600000.0
Sealed Air Corp,SEE,Q0M0CZB4YN6JZ65WXI09,1012100,2018.0,Q2YTD,2018-01-01,2018-06-30,,7300000.0,-0.5,-0.5,0.32,-0.5,,355000000.0,-86200000.0,-124700000.0,38500000.0,-86200000.0,1548700000.0,2286200000.0,,-10900000.0,,15700000.0,386800000.0,1548700000.0,737500000.0,86500000.0,,409800000.0,327700000.0,-97400000.0,230300000.0,2286200000.0,161100000.0,159700000.0,160600000.0
Sealed Air Corp,SEE,Q0M0CZB4YN6JZ65WXI09,1012100,2018.0,Q2TTM,2017-07-01,2018-06-30,,14300000.0,3.96,3.52,0.64,3.49,,492700000.0,667800000.0,-37200000.0,64300000.0,667800000.0,3174600000.0,4645300000.0,640700000.0,2400000.0,,24800000.0,802100000.0,3174600000.0,1470700000.0,176400000.0,,841200000.0,629500000.0,-174000000.0,455500000.0,4645300000.0,161100000.0,159700000.0,160600000.0
Sealed Air Corp,SEE,Q0M0CZB4YN6JZ65WXI09,1012100,2018.0,Q1,2018-01-01,2018-03-31,2019-05-01 16:38:30+00:00,3900000.0,-1.21,-1.21,0.16,-1.21,,321500000.0,-200600000.0,-208000000.0,7400000.0,-200600000.0,757000000.0,1131000000.0,,-12000000.0,,8600000.0,194000000.0,757000000.0,374000000.0,42000000.0,,206500000.0,167500000.0,-54000000.0,113500000.0,1131000000.0,165800000.0,165300000.0,165300000.0
Sealed Air Corp,SEE,Q0M0CZB4YN6JZ65WXI09,1012100,2018.0,Q1TTM,2017-04-01,2018-03-31,,12000000.0,3.34,3.34,0.64,3.3,,515600000.0,657500000.0,-91500000.0,108300000.0,657500000.0,3109700000.0,4560400000.0,640700000.0,-4000000.0,,18800000.0,812200000.0,3109700000.0,1450700000.0,179600000.0,,843000000.0,607700000.0,-183600000.0,424100000.0,4560400000.0,165800000.0,165300000.0,165300000.0
Sealed Air Corp,SEE,Q0M0CZB4YN6JZ65WXI09,1012100,2019.0,Q4,2019-10-01,2019-12-31,,10400000.0,0.67,0.67,-159999.68,0.67,,11100000.0,104300000.0,124400000.0,10600000.0,104300000.0,869600000.0,1298900000.0,-30700000.0,-22000000.0,,-1700000.0,215600000.0,869600000.0,429300000.0,47500000.0,,224300000.0,205000000.0,-69500000.0,135500000.0,1298900000.0,154700000.0,154300000.0,155200000.0
Sealed Air Corp,SEE,Q0M0CZB4YN6JZ65WXI09,1012100,2019.0,FY,2019-01-01,2019-12-31,2020-03-02 12:51:56+00:00,28900000.0,1.7,1.7,0.64,1.69,,76600000.0,263000000.0,293700000.0,0.0,263000000.0,3226300000.0,4791100000.0,-30700000.0,-24100000.0,,41900000.0,915500000.0,3226300000.0,1564800000.0,184100000.0,,986300000.0,578500000.0,-208200000.0,370300000.0,4791100000.0,154700000.0,154300000.0,155200000.0
Sealed Air Corp,SEE,Q0M0CZB4YN6JZ65WXI09,1012100,2019.0,Q3YTD,2019-01-01,2019-09-30,,18500000.0,1.03,1.03,160000.32,1.02,,65500000.0,158700000.0,169300000.0,-10600000.0,158700000.0,2356700000.0,3492200000.0,,-2100000.0,,43600000.0,699900000.0,2356700000.0,1135500000.0,136600000.0,,762000000.0,373500000.0,-138700000.0,234800000.0,3492200000.0,154500000.0,154000000.0,154800000.0
Sealed Air Corp,SEE,Q0M0CZB4YN6JZ65WXI09,1012100,2019.0,Q3TTM,2018-10-01,2019-09-30,,23300000.0,2.24,2.24,0.64,2.22,,-15400000.0,359000000.0,368700000.0,-52500000.0,359000000.0,3217900000.0,4752500000.0,42800000.0,-2400000.0,,69100000.0,903300000.0,3217900000.0,1534600000.0,183200000.0,,995700000.0,538900000.0,-185600000.0,353300000.0,4752500000.0,154500000.0,154000000.0,154800000.0
Sealed Air Corp,SEE,Q0M0CZB4YN6JZ65WXI09,1012100,2019.0,Q3,2019-07-01,2019-09-30,2019-11-08 09:44:58+00:00,9500000.0,0.44,0.44,160000.0,0.44,,22800000.0,68000000.0,79500000.0,-11500000.0,68000000.0,826500000.0,1218500000.0,,-3200000.0,,6900000.0,221600000.0,826500000.0,392000000.0,48500000.0,,238000000.0,154000000.0,-51700000.0,102300000.0,1218500000.0,154500000.0,154000000.0,154800000.0
Sealed Air Corp,SEE,Q0M0CZB4YN6JZ65WXI09,1012100,2019.0,Q2YTD,2019-01-01,2019-06-30,,9000000.0,0.59,0.59,0.32,0.58,,42700000.0,90700000.0,89800000.0,900000.0,90700000.0,1530200000.0,2273700000.0,,1100000.0,,36700000.0,478300000.0,1530200000.0,743500000.0,88100000.0,,524000000.0,219500000.0,-87000000.0,132500000.0,2273700000.0,150900000.0,154500000.0,155300000.0
Sealed Air Corp,SEE,Q0M0CZB4YN6JZ65WXI09,1012100,2019.0,Q2TTM,2018-07-01,2019-06-30,,17400000.0,2.3,2.3,0.64,2.28,,-4800000.0,370000000.0,364800000.0,-37600000.0,370000000.0,3212100000.0,4720200000.0,42800000.0,-8600000.0,,68800000.0,873800000.0,3212100000.0,1508100000.0,179500000.0,,960000000.0,548100000.0,-188100000.0,360000000.0,4720200000.0,150900000.0,154500000.0,155300000.0
Sealed Air Corp,SEE,Q0M0CZB4YN6JZ65WXI09,1012100,2019.0,Q2,2019-04-01,2019-06-30,2019-08-02 07:10:34+00:00,4400000.0,0.22,0.22,0.16,0.21,,12300000.0,33200000.0,25500000.0,7700000.0,33200000.0,782700000.0,1161000000.0,,2600000.0,,29300000.0,266200000.0,782700000.0,378300000.0,43200000.0,,299900000.0,78400000.0,-40600000.0,37800000.0,1161000000.0,150900000.0,154500000.0,155300000.0
Sealed Air Corp,SEE,Q0M0CZB4YN6JZ65WXI09,1012100,2019.0,Q1,2019-01-01,2019-03-31,2020-05-05 07:09:13+00:00,4600000.0,0.37,0.37,0.16,0.37,,30400000.0,57500000.0,64300000.0,-6800000.0,57500000.0,747500000.0,1112700000.0,,-1500000.0,,7400000.0,212100000.0,747500000.0,365200000.0,44900000.0,,224100000.0,141100000.0,-46400000.0,94700000.0,1112700000.0,155400000.0,154800000.0,155400000.0
Sealed Air Corp,SEE,Q0M0CZB4YN6JZ65WXI09,1012100,2019.0,Q1TTM,2018-04-01,2019-03-31,,16400000.0,2.79,2.79,0.64,2.78,,16400000.0,451200000.0,422600000.0,-14200000.0,451200000.0,3221100000.0,4714400000.0,42800000.0,-10100000.0,,46600000.0,800400000.0,3221100000.0,1493300000.0,180800000.0,,863400000.0,629900000.0,-190900000.0,439000000.0,4714400000.0,155400000.0,154800000.0,155400000.0
Sealed Air Corp,SEE,Q0M0CZB4YN6JZ65WXI09,1012100,2020.0,Q1TTM,2019-04-01,2020-03-31,,33300000.0,2.15,2.15,0.64,2.14,,78900000.0,332100000.0,343900000.0,18900000.0,332100000.0,3262200000.0,4852300000.0,-30700000.0,-17800000.0,,35100000.0,897500000.0,3262200000.0,1590100000.0,183600000.0,,965900000.0,624200000.0,-201400000.0,422800000.0,4852300000.0,154400000.0,154500000.0,154800000.0
Sealed Air Corp,SEE,Q0M0CZB4YN6JZ65WXI09,1012100,2020.0,Q1,2020-01-01,2020-03-31,2020-05-05 07:09:13+00:00,9000000.0,0.82,0.82,0.16,0.82,,32700000.0,126600000.0,114500000.0,12100000.0,126600000.0,783400000.0,1173900000.0,,4800000.0,,600000.0,194100000.0,783400000.0,390500000.0,44400000.0,,203700000.0,186800000.0,-39600000.0,147200000.0,1173900000.0,154400000.0,154500000.0,154800000.0
