company_name,company_ticker,company_lei,company_cik,year,quarter,start_date,end_date,filing_date,basicdilutedeps,basiceps,cashdividendspershare,dilutedeps,impairmentexpense,incometaxexpense,netincome,netincomecontinuing,netincomediscontinued,netincometocommon,netincometononcontrollinginterest,operatingcostofrevenue,operatingrevenue,otherincome,otheroperatingexpenses,rdexpense,restructuringcharge,sgaexpense,totalcostofrevenue,totalgrossprofit,totalinterestexpense,totalinterestincome,totaloperatingexpenses,totaloperatingincome,totalotherincome,totalpretaxincome,totalrevenue,weightedavebasicdilutedsharesos,weightedavebasicsharesos,weightedavedilutedsharesos
Joy Global Inc,JOY,549300CLFIA7IY3DU273,801898,2007.0,FY,2006-10-29,2007-10-26,2009-12-22 16:17:34+00:00,2.54,2.54,0.6,2.51,,169275000.0,279784000.0,279784000.0,0.0,279784000.0,,1720634000.0,2547322000.0,728000.0,-5125000.0,358538000.0,,,1720634000.0,826688000.0,31909000.0,6965000.0,353413000.0,473275000.0,-24216000.0,449059000.0,2547322000.0,110200000.0,110354000.0,111630000.0
Joy Global Inc,JOY,549300CLFIA7IY3DU273,801898,2008.0,FY,2007-10-27,2008-10-31,2010-12-20 13:38:47+00:00,3.48,3.48,0.625,3.45,,153950000.0,374278000.0,373137000.0,1141000.0,374278000.0,,2428929000.0,3418934000.0,-2419000.0,-2726000.0,441527000.0,,,2428929000.0,990005000.0,34237000.0,12539000.0,438801000.0,551204000.0,-24117000.0,527087000.0,3418934000.0,107600000.0,107472000.0,108425000.0
Joy Global Inc,JOY,549300CLFIA7IY3DU273,801898,2008.0,Q3,2008-05-03,2008-08-01,2009-09-09 14:42:33+00:00,1.04,1.04,0.15,1.03,,15524000.0,113079000.0,113079000.0,0.0,113079000.0,,657798000.0,903769000.0,-135000.0,-1136000.0,113488000.0,,,657798000.0,245971000.0,8581000.0,3700000.0,112352000.0,133619000.0,-5016000.0,128603000.0,903769000.0,108700000.0,108495000.0,109446000.0
Joy Global Inc,JOY,549300CLFIA7IY3DU273,801898,2009.0,Q4,2009-08-01,2009-10-30,,1.21,1.21,0.17,1.2,,60340000.0,124025000.0,124025000.0,,124025000.0,,651547000.0,963528000.0,5585000.0,-1766000.0,129645000.0,,,651547000.0,311981000.0,7826000.0,2504000.0,127879000.0,184102000.0,263000.0,184365000.0,963528000.0,102400000.0,102450000.0,103104000.0
Joy Global Inc,JOY,549300CLFIA7IY3DU273,801898,2009.0,FY,2008-11-02,2009-10-30,2011-12-22 14:34:44+00:00,4.44,4.44,0.7,4.41,,227990000.0,454650000.0,454650000.0,0.0,454650000.0,,2445514000.0,3598314000.0,5060000.0,-4034000.0,454522000.0,,,2445514000.0,1152800000.0,32217000.0,7485000.0,450488000.0,702312000.0,-19672000.0,682640000.0,3598314000.0,102400000.0,102450000.0,103104000.0
Joy Global Inc,JOY,549300CLFIA7IY3DU273,801898,2009.0,Q3,2009-05-02,2009-07-31,2010-09-03 12:19:24+00:00,1.21,1.21,0.175,1.21,,64675000.0,124344000.0,124344000.0,,124344000.0,,651969000.0,956390000.0,-125000.0,-646000.0,110162000.0,,,651969000.0,304421000.0,7601000.0,1840000.0,109516000.0,194905000.0,-5886000.0,189019000.0,956390000.0,102800000.0,102452000.0,103157000.0
Joy Global Inc,JOY,549300CLFIA7IY3DU273,801898,2009.0,Q3YTD,2008-11-01,2009-07-31,,3.23,3.23,0.52,3.21,,167650000.0,330625000.0,330625000.0,,330625000.0,,1793967000.0,2634786000.0,-525000.0,-2268000.0,324877000.0,,,1793967000.0,840819000.0,24391000.0,4981000.0,322609000.0,518210000.0,-19935000.0,498275000.0,2634786000.0,102800000.0,102452000.0,103157000.0
Joy Global Inc,JOY,549300CLFIA7IY3DU273,801898,2009.0,Q2YTD,2008-11-01,2009-05-01,,2.02,2.02,0.35,2.0,,102975000.0,206281000.0,206281000.0,,206281000.0,,1141998000.0,1678396000.0,-400000.0,-1622000.0,214715000.0,,,1141998000.0,536398000.0,16790000.0,3141000.0,213093000.0,323305000.0,-14049000.0,309256000.0,1678396000.0,102200000.0,102394000.0,102877000.0
Joy Global Inc,JOY,549300CLFIA7IY3DU273,801898,2009.0,Q2,2009-02-01,2009-05-01,2010-06-08 13:53:46+00:00,1.18,1.18,0.175,1.17,,60725000.0,120541000.0,120541000.0,,120541000.0,,628207000.0,923500000.0,-265000.0,-657000.0,107885000.0,,,628207000.0,295293000.0,8149000.0,1615000.0,107228000.0,188065000.0,-6799000.0,181266000.0,923500000.0,102200000.0,102394000.0,102877000.0
Joy Global Inc,JOY,549300CLFIA7IY3DU273,801898,2009.0,Q1,2008-11-01,2009-01-30,2010-03-05 12:18:43+00:00,0.84,0.84,0.175,0.83,,42250000.0,85740000.0,85740000.0,,85740000.0,,513791000.0,754896000.0,-135000.0,-965000.0,106830000.0,,,513791000.0,241105000.0,8641000.0,1526000.0,105865000.0,135240000.0,-7250000.0,127990000.0,754896000.0,102100000.0,102454000.0,102949000.0
Joy Global Inc,JOY,549300CLFIA7IY3DU273,801898,2010.0,Q4,2010-07-31,2010-10-29,,1.41,1.41,0.17,1.39,,75765000.0,146338000.0,146338000.0,,146338000.0,,697281000.0,1048888000.0,-570000.0,-1059000.0,126089000.0,,,697281000.0,351607000.0,7827000.0,3923000.0,125030000.0,226577000.0,-4474000.0,222103000.0,1048888000.0,103200000.0,103196000.0,104905000.0
Joy Global Inc,JOY,549300CLFIA7IY3DU273,801898,2010.0,FY,2009-10-31,2010-10-29,2012-12-17 18:44:01+00:00,4.47,4.47,0.7,4.4,,217525000.0,461499000.0,461499000.0,,461499000.0,,2350708000.0,3524334000.0,-1310000.0,-4113000.0,480636000.0,,,2350708000.0,1173626000.0,29964000.0,13195000.0,476523000.0,697103000.0,-18079000.0,679024000.0,3524334000.0,103200000.0,103196000.0,104905000.0
Joy Global Inc,JOY,549300CLFIA7IY3DU273,801898,2010.0,Q3YTD,2009-10-31,2010-07-30,,3.06,3.06,0.52,3.01,,141760000.0,315161000.0,315161000.0,,315161000.0,,1653427000.0,2475446000.0,-740000.0,-3054000.0,354547000.0,,,1653427000.0,822019000.0,22137000.0,9272000.0,351493000.0,470526000.0,-13605000.0,456921000.0,2475446000.0,103000000.0,103333000.0,104964000.0
Joy Global Inc,JOY,549300CLFIA7IY3DU273,801898,2010.0,Q3TTM,2009-08-01,2010-07-30,,4.27,4.27,0.7,4.21,,202100000.0,439186000.0,439186000.0,,439186000.0,,2304974000.0,3438974000.0,4845000.0,-4820000.0,484192000.0,,,2304974000.0,1134000000.0,29963000.0,11776000.0,479372000.0,654628000.0,-13342000.0,641286000.0,3438974000.0,103000000.0,103333000.0,104964000.0
Joy Global Inc,JOY,549300CLFIA7IY3DU273,801898,2010.0,Q3,2010-05-01,2010-07-30,2011-09-07 12:30:00+00:00,1.15,1.15,0.175,1.13,,49839000.0,118503000.0,118503000.0,0.0,118503000.0,,560217000.0,850002000.0,-145000.0,-903000.0,118262000.0,,,560217000.0,289785000.0,7447000.0,3508000.0,117359000.0,172426000.0,-4084000.0,168342000.0,850002000.0,103000000.0,103333000.0,104964000.0
Joy Global Inc,JOY,549300CLFIA7IY3DU273,801898,2010.0,Q2YTD,2009-10-31,2010-04-30,,1.91,1.91,0.35,1.88,,91921000.0,196658000.0,196658000.0,,196658000.0,,1093210000.0,1625444000.0,-595000.0,-2151000.0,236285000.0,,,1093210000.0,532234000.0,14690000.0,5764000.0,234134000.0,298100000.0,-9521000.0,288579000.0,1625444000.0,102900000.0,103160000.0,104850000.0
Joy Global Inc,JOY,549300CLFIA7IY3DU273,801898,2010.0,Q2TTM,2009-05-02,2010-04-30,,4.33,4.33,0.7,4.29,,216936000.0,445027000.0,445027000.0,,445027000.0,,2396726000.0,3545362000.0,4865000.0,-4563000.0,476092000.0,,,2396726000.0,1148636000.0,30117000.0,10108000.0,471529000.0,677107000.0,-15144000.0,661963000.0,3545362000.0,102900000.0,103160000.0,104850000.0
Joy Global Inc,JOY,549300CLFIA7IY3DU273,801898,2010.0,Q2,2010-01-30,2010-04-30,2011-06-06 14:26:02+00:00,1.17,1.17,0.175,1.15,,55224000.0,120441000.0,120441000.0,,120441000.0,,590772000.0,896224000.0,-545000.0,-1358000.0,126270000.0,,,590772000.0,305452000.0,7230000.0,2900000.0,124912000.0,180540000.0,-4875000.0,175665000.0,896224000.0,102900000.0,103160000.0,104850000.0
Joy Global Inc,JOY,549300CLFIA7IY3DU273,801898,2010.0,Q1TTM,2009-01-31,2010-01-29,,4.34,4.34,0.7,4.31,,222437000.0,445127000.0,445127000.0,,445127000.0,,2434161000.0,3572638000.0,5145000.0,-3862000.0,457707000.0,,,2434161000.0,1138477000.0,31036000.0,8823000.0,453845000.0,684632000.0,-17068000.0,667564000.0,3572638000.0,103000000.0,102759000.0,104383000.0
Joy Global Inc,JOY,549300CLFIA7IY3DU273,801898,2010.0,Q1,2009-10-31,2010-01-29,2011-03-04 16:01:35+00:00,0.74,0.74,0.175,0.73,,36697000.0,76217000.0,76217000.0,,76217000.0,,502438000.0,729220000.0,-50000.0,-793000.0,110015000.0,,,502438000.0,226782000.0,7460000.0,2864000.0,109222000.0,117560000.0,-4646000.0,112914000.0,729220000.0,103000000.0,102759000.0,104383000.0
Joy Global Inc,JOY,549300CLFIA7IY3DU273,801898,2011.0,Q4,2011-07-30,2011-10-28,,1.65,1.65,0.17,1.62,,90623000.0,172347000.0,194993000.0,-22646000.0,172347000.0,,883990000.0,1335293000.0,,-8049000.0,163025000.0,,,883990000.0,451303000.0,12984000.0,2273000.0,154976000.0,296327000.0,-10711000.0,285616000.0,1335293000.0,104900000.0,104916000.0,106537000.0
Joy Global Inc,JOY,549300CLFIA7IY3DU273,801898,2011.0,FY,2010-10-30,2011-10-28,2013-12-13 16:59:51+00:00,5.81,5.81,0.7,5.72,0.0,264831000.0,609656000.0,631002000.0,-21346000.0,609656000.0,0.0,2897605000.0,4403906000.0,-35000.0,-15888000.0,602010000.0,,,2897605000.0,1506301000.0,38180000.0,13869000.0,586122000.0,920179000.0,-24346000.0,895833000.0,4403906000.0,104900000.0,104916000.0,106537000.0
Joy Global Inc,JOY,549300CLFIA7IY3DU273,801898,2011.0,Q3TTM,2010-07-31,2011-07-29,,5.57,5.57,0.7,5.49,,249973000.0,583647000.0,582347000.0,1300000.0,583647000.0,,2710896000.0,4117501000.0,-605000.0,-8898000.0,565074000.0,,,2710896000.0,1406605000.0,33023000.0,15519000.0,556176000.0,850429000.0,-18109000.0,832320000.0,4117501000.0,105600000.0,105204000.0,106735000.0
Joy Global Inc,JOY,549300CLFIA7IY3DU273,801898,2011.0,Q3YTD,2010-10-30,2011-07-29,,4.16,4.16,0.52,4.1,,174208000.0,437309000.0,436009000.0,1300000.0,437309000.0,,2013615000.0,3068613000.0,-35000.0,-7839000.0,438985000.0,,,2013615000.0,1054998000.0,25196000.0,11596000.0,431146000.0,623852000.0,-13635000.0,610217000.0,3068613000.0,105600000.0,105204000.0,106735000.0
Joy Global Inc,JOY,549300CLFIA7IY3DU273,801898,2011.0,Q3,2011-04-30,2011-07-29,2012-08-30 16:19:06+00:00,1.64,1.64,0.175,1.62,,58155000.0,173105000.0,171805000.0,1300000.0,173105000.0,,739626000.0,1136352000.0,,-4591000.0,165325000.0,,,739626000.0,396726000.0,9470000.0,3438000.0,160734000.0,235992000.0,-6032000.0,229960000.0,1136352000.0,105600000.0,105204000.0,106735000.0
Joy Global Inc,JOY,549300CLFIA7IY3DU273,801898,2011.0,Q2TTM,2010-05-01,2011-04-29,,5.08,5.08,0.7,5.0,,241657000.0,529045000.0,529045000.0,,529045000.0,,2531487000.0,3831151000.0,-750000.0,-5210000.0,518011000.0,,,2531487000.0,1299664000.0,31000000.0,15589000.0,512801000.0,786863000.0,-16161000.0,770702000.0,3831151000.0,105200000.0,105048000.0,106646000.0
Joy Global Inc,JOY,549300CLFIA7IY3DU273,801898,2011.0,Q2YTD,2010-10-30,2011-04-29,,2.52,2.52,0.35,2.48,,116053000.0,264204000.0,264204000.0,,264204000.0,,1273989000.0,1932261000.0,-35000.0,-3248000.0,273660000.0,,,1273989000.0,658272000.0,15726000.0,8158000.0,270412000.0,387860000.0,-7603000.0,380257000.0,1932261000.0,105200000.0,105048000.0,106646000.0
Joy Global Inc,JOY,549300CLFIA7IY3DU273,801898,2011.0,Q2,2011-01-29,2011-04-29,2012-06-04 17:00:09+00:00,1.54,1.54,0.175,1.52,,68908000.0,161972000.0,161972000.0,,161972000.0,,689858000.0,1062729000.0,,-2721000.0,141530000.0,,,689858000.0,372871000.0,7895000.0,4713000.0,138809000.0,234062000.0,-3182000.0,230880000.0,1062729000.0,105200000.0,105048000.0,106646000.0
Joy Global Inc,JOY,549300CLFIA7IY3DU273,801898,2011.0,Q1TTM,2010-01-30,2011-01-28,,4.71,4.71,0.7,4.63,,227973000.0,487514000.0,487514000.0,,487514000.0,,2432401000.0,3664646000.0,-1295000.0,-3847000.0,502751000.0,,,2432401000.0,1232245000.0,30335000.0,13776000.0,498904000.0,733341000.0,-17854000.0,715487000.0,3664646000.0,104300000.0,104158000.0,106043000.0
Joy Global Inc,JOY,549300CLFIA7IY3DU273,801898,2011.0,Q1,2010-10-30,2011-01-28,2012-03-02 12:33:38+00:00,0.98,0.98,0.175,0.96,,47145000.0,102232000.0,102232000.0,0.0,102232000.0,0.0,584131000.0,869532000.0,-35000.0,-527000.0,132130000.0,,,584131000.0,285401000.0,7831000.0,3445000.0,131603000.0,153798000.0,-4421000.0,149377000.0,869532000.0,104300000.0,104158000.0,106043000.0
Joy Global Inc,JOY,549300CLFIA7IY3DU273,801898,2012.0,Q4,2012-07-28,2012-10-26,,2.01,2.01,0.17,1.99,,96064000.0,212563000.0,212408000.0,155000.0,212563000.0,-109000.0,1067398000.0,1594905000.0,,-2345000.0,-532825000.0,,736776000.0,1067398000.0,527507000.0,19198000.0,1769000.0,201606000.0,325901000.0,-17429000.0,308472000.0,1594905000.0,105800000.0,105862000.0,106889000.0
Joy Global Inc,JOY,549300CLFIA7IY3DU273,801898,2012.0,FY,2011-10-29,2012-10-26,2014-12-19 16:08:55+00:00,7.2,7.2,0.7,7.13,0.0,337870000.0,762201000.0,767261000.0,-5060000.0,762021000.0,180000.0,3783802000.0,5660889000.0,,-32248000.0,,,736776000.0,3783802000.0,1877087000.0,73259000.0,5831000.0,704528000.0,1172559000.0,-67428000.0,1105131000.0,5660889000.0,105800000.0,105862000.0,106889000.0
Joy Global Inc,JOY,549300CLFIA7IY3DU273,801898,2012.0,Q3TTM,2011-07-30,2012-07-27,,6.84,6.84,0.7,6.76,,332429000.0,721985000.0,749846000.0,-27861000.0,721805000.0,289000.0,3600394000.0,5401277000.0,,-37952000.0,695850000.0,,,3600394000.0,1800883000.0,67045000.0,6335000.0,657898000.0,1142985000.0,-60710000.0,1082275000.0,5401277000.0,106300000.0,106025000.0,106866000.0
Joy Global Inc,JOY,549300CLFIA7IY3DU273,801898,2012.0,Q3YTD,2011-10-29,2012-07-27,,5.19,5.19,0.52,5.14,,241806000.0,549638000.0,554853000.0,-5215000.0,549458000.0,289000.0,2716404000.0,4065984000.0,,-29903000.0,532825000.0,,,2716404000.0,1349580000.0,54061000.0,4062000.0,502922000.0,846658000.0,-49999000.0,796659000.0,4065984000.0,106300000.0,106025000.0,106866000.0
Joy Global Inc,JOY,549300CLFIA7IY3DU273,801898,2012.0,Q3,2012-04-28,2012-07-27,2013-08-30 11:56:07+00:00,1.82,1.82,0.175,1.81,,88291000.0,193556000.0,194382000.0,-826000.0,193518000.0,38000.0,912939000.0,1388723000.0,,-3127000.0,179436000.0,,,912939000.0,475784000.0,18335000.0,1533000.0,176309000.0,299475000.0,-16802000.0,282673000.0,1388723000.0,106300000.0,106025000.0,106866000.0
Joy Global Inc,JOY,549300CLFIA7IY3DU273,801898,2012.0,Q2TTM,2011-04-30,2012-04-27,,6.66,6.66,0.7,6.57,,302293000.0,701534000.0,727269000.0,-25735000.0,701392000.0,251000.0,3427081000.0,5148906000.0,,-39416000.0,681739000.0,,,3427081000.0,1721825000.0,58180000.0,8240000.0,642323000.0,1079502000.0,-49940000.0,1029562000.0,5148906000.0,105700000.0,105951000.0,106983000.0
Joy Global Inc,JOY,549300CLFIA7IY3DU273,801898,2012.0,Q2YTD,2011-10-29,2012-04-27,,3.37,3.37,0.35,3.33,,153515000.0,356082000.0,360471000.0,-4389000.0,355940000.0,251000.0,1803465000.0,2677261000.0,,-26776000.0,353389000.0,,,1803465000.0,873796000.0,35726000.0,2529000.0,326613000.0,547183000.0,-33197000.0,513986000.0,2677261000.0,105700000.0,105951000.0,106983000.0
Joy Global Inc,JOY,549300CLFIA7IY3DU273,801898,2012.0,Q2,2012-01-28,2012-04-27,2013-05-31 17:15:17+00:00,2.02,2.02,0.175,2.0,,98365000.0,213621000.0,217952000.0,-4331000.0,213588000.0,33000.0,1030689000.0,1541060000.0,,-5099000.0,182033000.0,,,1030689000.0,510371000.0,18456000.0,1336000.0,176934000.0,333437000.0,-17120000.0,316317000.0,1541060000.0,105700000.0,105951000.0,106983000.0
Joy Global Inc,JOY,549300CLFIA7IY3DU273,801898,2012.0,Q1TTM,2011-01-29,2012-01-27,,6.18,6.18,0.7,6.09,,272836000.0,649885000.0,671289000.0,-21404000.0,649776000.0,218000.0,3086250000.0,4670575000.0,,-37038000.0,641236000.0,,,3086250000.0,1584325000.0,47619000.0,11617000.0,604198000.0,980127000.0,-36002000.0,944125000.0,4670575000.0,105400000.0,105405000.0,106752000.0
Joy Global Inc,JOY,549300CLFIA7IY3DU273,801898,2012.0,Q1,2011-10-29,2012-01-27,2013-02-28 16:07:26+00:00,1.35,1.35,0.175,1.33,,55150000.0,142461000.0,142519000.0,-58000.0,142352000.0,218000.0,772776000.0,1136201000.0,,-21677000.0,171356000.0,,,772776000.0,363425000.0,17270000.0,1193000.0,149679000.0,213746000.0,-16077000.0,197669000.0,1136201000.0,105400000.0,105405000.0,106752000.0
Joy Global Inc,JOY,549300CLFIA7IY3DU273,801898,2013.0,FY,2012-10-27,2013-10-25,2015-12-21 17:31:34+00:00,5.03,5.06,0.7,5.02,155200000.0,241167000.0,536534000.0,536759000.0,-225000.0,536534000.0,,3399568000.0,5012697000.0,,-33649000.0,,,656148000.0,3399568000.0,1613129000.0,66285000.0,8781000.0,777699000.0,835430000.0,-57504000.0,777926000.0,5012697000.0,106700000.0,106070000.0,106996000.0
Joy Global Inc,JOY,549300CLFIA7IY3DU273,801898,2013.0,Q4,2013-07-27,2013-10-25,,0.26,0.29,0.17,0.29,155200000.0,18088000.0,29654000.0,29654000.0,,29654000.0,,837031000.0,1181774000.0,,-30522000.0,-497389000.0,,656148000.0,837031000.0,344743000.0,16165000.0,2601000.0,283437000.0,61306000.0,-13564000.0,47742000.0,1181774000.0,106700000.0,106070000.0,106996000.0
Joy Global Inc,JOY,549300CLFIA7IY3DU273,801898,2013.0,Q3TTM,2012-07-28,2013-07-26,,6.78,6.78,0.7,6.72,,319143000.0,719443000.0,719513000.0,-70000.0,719443000.0,-109000.0,3629935000.0,5425828000.0,,-5472000.0,-35436000.0,,736776000.0,3629935000.0,1795893000.0,69318000.0,7949000.0,695868000.0,1100025000.0,-61369000.0,1038656000.0,5425828000.0,106500000.0,106465000.0,107312000.0
Joy Global Inc,JOY,549300CLFIA7IY3DU273,801898,2013.0,Q3,2013-04-27,2013-07-26,2014-09-05 12:47:55+00:00,1.72,1.72,0.175,1.71,,77550000.0,183187000.0,183187000.0,0.0,183187000.0,,880209000.0,1320611000.0,,-1092000.0,167155000.0,,,880209000.0,440402000.0,16138000.0,2536000.0,166063000.0,274339000.0,-13602000.0,260737000.0,1320611000.0,106500000.0,106465000.0,107312000.0
Joy Global Inc,JOY,549300CLFIA7IY3DU273,801898,2013.0,Q3YTD,2012-10-27,2013-07-26,,4.77,4.77,0.52,4.73,,223079000.0,506880000.0,507105000.0,-225000.0,506880000.0,,2562537000.0,3830923000.0,,-3127000.0,497389000.0,,,2562537000.0,1268386000.0,50120000.0,6180000.0,494262000.0,774124000.0,-43940000.0,730184000.0,3830923000.0,106500000.0,106465000.0,107312000.0
Joy Global Inc,JOY,549300CLFIA7IY3DU273,801898,2013.0,Q2TTM,2012-04-28,2013-04-26,,6.88,6.88,0.7,6.82,,329884000.0,729812000.0,730708000.0,-896000.0,729774000.0,-71000.0,3662665000.0,5493940000.0,,-7507000.0,-23155000.0,,736776000.0,3662665000.0,1831275000.0,71515000.0,6946000.0,706114000.0,1125161000.0,-64569000.0,1060592000.0,5493940000.0,106200000.0,106426000.0,107413000.0
Joy Global Inc,JOY,549300CLFIA7IY3DU273,801898,2013.0,Q2,2013-01-26,2013-04-26,2014-06-06 11:22:03+00:00,1.71,1.71,0.175,1.69,,81669000.0,181556000.0,181779000.0,-223000.0,181556000.0,,909179000.0,1360435000.0,,-330000.0,172953000.0,,,909179000.0,451256000.0,17028000.0,1843000.0,172623000.0,278633000.0,-15185000.0,263448000.0,1360435000.0,106200000.0,106426000.0,107413000.0
Joy Global Inc,JOY,549300CLFIA7IY3DU273,801898,2013.0,Q2YTD,2012-10-27,2013-04-26,,3.05,3.05,0.35,3.02,,145529000.0,323693000.0,323918000.0,-225000.0,323693000.0,,1682328000.0,2510312000.0,,-2035000.0,330234000.0,,,1682328000.0,827984000.0,33982000.0,3644000.0,328199000.0,499785000.0,-30338000.0,469447000.0,2510312000.0,106200000.0,106426000.0,107413000.0
Joy Global Inc,JOY,549300CLFIA7IY3DU273,801898,2013.0,Q1TTM,2012-01-28,2013-01-25,,7.19,7.19,0.7,7.13,,346580000.0,761877000.0,766881000.0,-5004000.0,761806000.0,-38000.0,3784175000.0,5674565000.0,,-12276000.0,-14075000.0,,736776000.0,3784175000.0,1890390000.0,72943000.0,6439000.0,710425000.0,1179965000.0,-66504000.0,1113461000.0,5674565000.0,106100000.0,106242000.0,107237000.0
Joy Global Inc,JOY,549300CLFIA7IY3DU273,801898,2013.0,Q1,2012-10-27,2013-01-25,2014-03-07 10:36:53+00:00,1.34,1.34,0.175,1.33,,63860000.0,142137000.0,142139000.0,-2000.0,142137000.0,,773149000.0,1149877000.0,,-1705000.0,157281000.0,,,773149000.0,376728000.0,16954000.0,1801000.0,155576000.0,221152000.0,-15153000.0,205999000.0,1149877000.0,106100000.0,106242000.0,107237000.0
Joy Global Inc,JOY,549300CLFIA7IY3DU273,801898,2014.0,FY,2013-10-26,2014-10-31,2016-12-16 16:26:13+00:00,3.38,3.38,0.75,3.35,0.0,134060000.0,338118000.0,338118000.0,0.0,338118000.0,,2654233000.0,3778310000.0,,-12335000.0,,21597000.0,587289000.0,2654233000.0,1124077000.0,65108000.0,9760000.0,596551000.0,527526000.0,-55348000.0,472178000.0,3778310000.0,100000000.0,100088000.0,100939000.0
Joy Global Inc,JOY,549300CLFIA7IY3DU273,801898,2014.0,Q4,2014-08-02,2014-10-31,,1.45,1.45,0.2,1.43,,40448000.0,144017000.0,144017000.0,,144017000.0,,774734000.0,1133607000.0,,-2439000.0,,21597000.0,142467000.0,774734000.0,358873000.0,15960000.0,3177000.0,161625000.0,197248000.0,-12783000.0,184465000.0,1133607000.0,100000000.0,100088000.0,100939000.0
Joy Global Inc,JOY,549300CLFIA7IY3DU273,801898,2014.0,Q3TTM,2013-07-27,2014-08-01,,2.19,2.22,0.72,2.21,155200000.0,111700000.0,223755000.0,223755000.0,,223755000.0,,2716530000.0,3826477000.0,,-40418000.0,-497389000.0,,1100970000.0,2716530000.0,1109947000.0,65313000.0,9184000.0,718363000.0,391584000.0,-56129000.0,335455000.0,3826477000.0,100400000.0,99856000.0,100738000.0
Joy Global Inc,JOY,549300CLFIA7IY3DU273,801898,2014.0,Q3,2014-05-03,2014-08-01,2015-09-04 14:29:08+00:00,0.71,0.71,0.2,0.71,,33105000.0,71289000.0,71289000.0,,71289000.0,,623729000.0,875661000.0,,-4618000.0,,,137259000.0,623729000.0,251932000.0,16604000.0,1707000.0,132641000.0,119291000.0,-14897000.0,104394000.0,875661000.0,100400000.0,99856000.0,100738000.0
Joy Global Inc,JOY,549300CLFIA7IY3DU273,801898,2014.0,Q3YTD,2013-10-26,2014-08-01,,1.93,1.93,0.55,1.92,,93612000.0,194101000.0,194101000.0,,194101000.0,,1879499000.0,2644703000.0,,-9896000.0,,,444822000.0,1879499000.0,765204000.0,49148000.0,6583000.0,434926000.0,330278000.0,-42565000.0,287713000.0,2644703000.0,100400000.0,99856000.0,100738000.0
Joy Global Inc,JOY,549300CLFIA7IY3DU273,801898,2014.0,Q2TTM,2013-04-27,2014-05-02,,3.2,3.23,0.7,3.21,155200000.0,156145000.0,335653000.0,335653000.0,,335653000.0,,2973010000.0,4271427000.0,,-36892000.0,-330234000.0,,963711000.0,2973010000.0,1298417000.0,64847000.0,10013000.0,751785000.0,546632000.0,-54834000.0,491798000.0,4271427000.0,99900000.0,100346000.0,101203000.0
Joy Global Inc,JOY,549300CLFIA7IY3DU273,801898,2014.0,Q2,2014-02-01,2014-05-02,2015-06-05 17:29:00+00:00,0.74,0.74,0.175,0.73,,37943000.0,73951000.0,73951000.0,,73951000.0,,651592000.0,929730000.0,,-2138000.0,,,154534000.0,651592000.0,278138000.0,16141000.0,2293000.0,152396000.0,125742000.0,-13848000.0,111894000.0,929730000.0,99900000.0,100346000.0,101203000.0
Joy Global Inc,JOY,549300CLFIA7IY3DU273,801898,2014.0,Q2YTD,2013-10-26,2014-05-02,,1.22,1.22,0.35,1.21,,60507000.0,122812000.0,122812000.0,,122812000.0,,1255770000.0,1769042000.0,,-5278000.0,,,307563000.0,1255770000.0,513272000.0,32544000.0,4876000.0,302285000.0,210987000.0,-27668000.0,183319000.0,1769042000.0,99900000.0,100346000.0,101203000.0
Joy Global Inc,JOY,549300CLFIA7IY3DU273,801898,2014.0,Q1TTM,2013-01-26,2014-01-31,,4.17,4.2,0.7,4.17,155200000.0,199871000.0,443258000.0,443481000.0,-223000.0,443258000.0,,3230597000.0,4702132000.0,,-35084000.0,-157281000.0,,809177000.0,3230597000.0,1471535000.0,65734000.0,9563000.0,772012000.0,699523000.0,-56171000.0,643352000.0,4702132000.0,101800000.0,101796000.0,102667000.0
Joy Global Inc,JOY,549300CLFIA7IY3DU273,801898,2014.0,Q1,2013-10-26,2014-01-31,2015-03-06 11:44:26+00:00,0.48,0.48,0.175,0.48,,22564000.0,48861000.0,48861000.0,,48861000.0,,604178000.0,839312000.0,,-3140000.0,,,153029000.0,604178000.0,235134000.0,16403000.0,2583000.0,149889000.0,85245000.0,-13820000.0,71425000.0,839312000.0,101800000.0,101796000.0,102667000.0
Joy Global Inc,JOY,549300CLFIA7IY3DU273,801898,2015.0,FY,2014-11-01,2015-10-30,2016-12-16 16:26:13+00:00,-12.08,-12.08,0.8,-12.08,1199256000.0,875000.0,-1178004000.0,-1178004000.0,0.0,-1178004000.0,,2333225000.0,3172147000.0,,-6603000.0,,172440000.0,583218000.0,2333225000.0,838922000.0,78450000.0,10710000.0,1948311000.0,-1109389000.0,-67740000.0,-1177129000.0,3172147000.0,97500000.0,97493000.0,97493000.0
Joy Global Inc,JOY,549300CLFIA7IY3DU273,801898,2015.0,Q4,2015-08-01,2015-10-30,,-13.49,-13.49,0.2,-13.48,1199256000.0,-55055000.0,-1315823000.0,-1315823000.0,,-1315823000.0,,664592000.0,865568000.0,,-1256000.0,,152890000.0,193129000.0,664592000.0,200976000.0,30082000.0,2247000.0,1544019000.0,-1343043000.0,-27835000.0,-1370878000.0,865568000.0,97500000.0,97493000.0,97493000.0
Joy Global Inc,JOY,549300CLFIA7IY3DU273,801898,2015.0,Q3,2015-05-02,2015-07-31,2016-09-02 12:56:35+00:00,0.53,0.53,0.2,0.52,,17239000.0,51336000.0,51336000.0,0.0,51336000.0,,574838000.0,792183000.0,,-1234000.0,,7775000.0,128553000.0,574838000.0,217345000.0,16219000.0,2543000.0,135094000.0,82251000.0,-13676000.0,68575000.0,792183000.0,96900000.0,97480000.0,98033000.0
Joy Global Inc,JOY,549300CLFIA7IY3DU273,801898,2015.0,Q3YTD,2014-11-01,2015-07-31,,1.41,1.41,0.6,1.4,,55930000.0,137819000.0,137819000.0,,137819000.0,,1668633000.0,2306579000.0,,-5347000.0,,19550000.0,390089000.0,1668633000.0,637946000.0,48368000.0,8463000.0,404292000.0,233654000.0,-39905000.0,193749000.0,2306579000.0,96900000.0,97480000.0,98033000.0
Joy Global Inc,JOY,549300CLFIA7IY3DU273,801898,2015.0,Q3TTM,2014-08-02,2015-07-31,,2.86,2.86,0.8,2.83,,96378000.0,281836000.0,281836000.0,,281836000.0,,2443367000.0,3440186000.0,,-7786000.0,,41147000.0,532556000.0,2443367000.0,996819000.0,64328000.0,11640000.0,565917000.0,430902000.0,-52688000.0,378214000.0,3440186000.0,96900000.0,97480000.0,98033000.0
Joy Global Inc,JOY,549300CLFIA7IY3DU273,801898,2015.0,Q2,2015-01-31,2015-05-01,2016-06-03 15:25:53+00:00,0.57,0.57,0.2,0.57,,23715000.0,55958000.0,55958000.0,0.0,55958000.0,,576226000.0,810523000.0,,-900000.0,,11110000.0,131142000.0,576226000.0,234297000.0,16252000.0,2980000.0,141352000.0,92945000.0,-13272000.0,79673000.0,810523000.0,98200000.0,97416000.0,97972000.0
Joy Global Inc,JOY,549300CLFIA7IY3DU273,801898,2015.0,Q2YTD,2014-11-01,2015-05-01,,0.88,0.88,0.4,0.88,,38691000.0,86483000.0,86483000.0,,86483000.0,,1093795000.0,1514396000.0,,-4113000.0,,11775000.0,261536000.0,1093795000.0,420601000.0,32149000.0,5920000.0,269198000.0,151403000.0,-26229000.0,125174000.0,1514396000.0,98200000.0,97416000.0,97972000.0
Joy Global Inc,JOY,549300CLFIA7IY3DU273,801898,2015.0,Q2TTM,2014-05-03,2015-05-01,,3.04,3.04,0.8,3.02,,112244000.0,301789000.0,301789000.0,,301789000.0,,2492258000.0,3523664000.0,,-11170000.0,,33372000.0,541262000.0,2492258000.0,1031406000.0,64713000.0,10804000.0,563464000.0,467942000.0,-53909000.0,414033000.0,3523664000.0,98200000.0,97416000.0,97972000.0
Joy Global Inc,JOY,549300CLFIA7IY3DU273,801898,2015.0,Q1,2014-11-01,2015-01-30,2016-03-04 15:10:42+00:00,0.31,0.31,0.2,0.31,,14976000.0,30525000.0,30525000.0,,30525000.0,,517569000.0,703873000.0,,-3213000.0,,665000.0,130394000.0,517569000.0,186304000.0,15897000.0,2940000.0,127846000.0,58458000.0,-12957000.0,45501000.0,703873000.0,98500000.0,97547000.0,98138000.0
Joy Global Inc,JOY,549300CLFIA7IY3DU273,801898,2015.0,Q1TTM,2014-02-01,2015-01-30,,3.21,3.21,0.77,3.18,,126472000.0,319782000.0,319782000.0,,319782000.0,,2567624000.0,3642871000.0,,-12408000.0,,22262000.0,564654000.0,2567624000.0,1075247000.0,64602000.0,10117000.0,574508000.0,500739000.0,-54485000.0,446254000.0,3642871000.0,98500000.0,97547000.0,98138000.0
Joy Global Inc,JOY,549300CLFIA7IY3DU273,801898,2016.0,Q4,2016-07-30,2016-10-28,,-0.08,-0.08,0.01,-0.08,,10659000.0,-8447000.0,-8447000.0,,-8447000.0,,504245000.0,656563000.0,,-1514000.0,,5412000.0,135251000.0,504245000.0,152318000.0,12690000.0,1733000.0,139149000.0,13169000.0,-10957000.0,2212000.0,656563000.0,98900000.0,98040000.0,98040000.0
Joy Global Inc,JOY,549300CLFIA7IY3DU273,801898,2016.0,FY,2015-10-31,2016-10-28,2016-12-16 16:26:13+00:00,-0.59,-0.59,0.04,-0.59,0.0,-23326000.0,-58379000.0,-63845000.0,5466000.0,-58379000.0,,1855574000.0,2371400000.0,,-9342000.0,,89896000.0,476684000.0,1855574000.0,515826000.0,50341000.0,4582000.0,557238000.0,-41412000.0,-45759000.0,-87171000.0,2371400000.0,98900000.0,98040000.0,98040000.0
Joy Global Inc,JOY,549300CLFIA7IY3DU273,801898,2016.0,Q3YTD,2015-10-31,2016-07-29,,-0.51,-0.51,0.03,-0.51,,-33985000.0,-49932000.0,-55398000.0,5466000.0,-49932000.0,,1351329000.0,1714837000.0,,-7828000.0,,84484000.0,341433000.0,1351329000.0,363508000.0,37651000.0,2849000.0,418089000.0,-54581000.0,-34802000.0,-89383000.0,1714837000.0,,98160000.0,99224000.0
Joy Global Inc,JOY,549300CLFIA7IY3DU273,801898,2016.0,Q3TTM,2015-08-01,2016-07-29,,-14.0,-14.0,0.23,-13.99,1199256000.0,-89040000.0,-1365755000.0,-1371221000.0,5466000.0,-1365755000.0,,2015921000.0,2580405000.0,,-9084000.0,,237374000.0,534562000.0,2015921000.0,564484000.0,67733000.0,5096000.0,1962108000.0,-1397624000.0,-62637000.0,-1460261000.0,2580405000.0,,98160000.0,99224000.0
Joy Global Inc,JOY,549300CLFIA7IY3DU273,801898,2016.0,Q3,2016-04-30,2016-07-29,2016-09-02 12:56:35+00:00,0.0,0.0,0.01,0.0,,-16404000.0,128000.0,128000.0,0.0,128000.0,,454594000.0,586552000.0,,-1681000.0,,24431000.0,114377000.0,454594000.0,131958000.0,12291000.0,1184000.0,137127000.0,-5169000.0,-11107000.0,-16276000.0,586552000.0,,98160000.0,99224000.0
Joy Global Inc,JOY,549300CLFIA7IY3DU273,801898,2016.0,Q2YTD,2015-10-31,2016-04-29,,-0.51,-0.51,0.02,-0.51,,-17581000.0,-50060000.0,-55526000.0,5466000.0,-50060000.0,,896735000.0,1128285000.0,,-6147000.0,,60053000.0,227056000.0,896735000.0,231550000.0,25360000.0,1665000.0,280962000.0,-49412000.0,-23695000.0,-73107000.0,1128285000.0,98400000.0,97921000.0,97921000.0
Joy Global Inc,JOY,549300CLFIA7IY3DU273,801898,2016.0,Q2TTM,2015-05-02,2016-04-29,,-13.47,-13.47,0.42,-13.47,1199256000.0,-55397000.0,-1314547000.0,-1320013000.0,5466000.0,-1314547000.0,,2136165000.0,2786036000.0,,-8637000.0,,220718000.0,548738000.0,2136165000.0,649871000.0,71661000.0,6455000.0,1960075000.0,-1310204000.0,-65206000.0,-1375410000.0,2786036000.0,98400000.0,97921000.0,97921000.0
Joy Global Inc,JOY,549300CLFIA7IY3DU273,801898,2016.0,Q2,2016-01-30,2016-04-29,2016-06-03 15:25:53+00:00,-0.1,-0.1,0.01,-0.1,,-599000.0,-9839000.0,-15305000.0,5466000.0,-9839000.0,,458479000.0,601985000.0,,-2206000.0,,33394000.0,116643000.0,458479000.0,143506000.0,12437000.0,858000.0,147831000.0,-4325000.0,-11579000.0,-15904000.0,601985000.0,98400000.0,97921000.0,97921000.0
Joy Global Inc,JOY,549300CLFIA7IY3DU273,801898,2016.0,Q1,2015-10-31,2016-01-29,2017-03-03 11:26:47+00:00,-0.41,-0.41,0.01,-0.41,,-16982000.0,-40221000.0,-40221000.0,,-40221000.0,,438256000.0,526300000.0,,-3941000.0,,26659000.0,110413000.0,438256000.0,88044000.0,12923000.0,807000.0,133131000.0,-45087000.0,-12116000.0,-57203000.0,526300000.0,98100000.0,97851000.0,97851000.0
Joy Global Inc,JOY,549300CLFIA7IY3DU273,801898,2016.0,Q1TTM,2015-01-31,2016-01-29,,-12.8,-12.8,0.61,-12.8,1199256000.0,-31083000.0,-1248750000.0,-1248750000.0,,-1248750000.0,,2253912000.0,2994574000.0,,-7331000.0,,198434000.0,563237000.0,2253912000.0,740662000.0,75476000.0,8577000.0,1953596000.0,-1212934000.0,-66899000.0,-1279833000.0,2994574000.0,98100000.0,97851000.0,97851000.0
Joy Global Inc,JOY,549300CLFIA7IY3DU273,801898,2017.0,Q1TTM,2016-01-30,2017-01-27,,-0.18,-0.18,0.04,-0.18,,-18839000.0,-18435000.0,-23901000.0,5466000.0,-18435000.0,,1806426000.0,2342869000.0,,-6873000.0,,64009000.0,477382000.0,1806426000.0,536443000.0,50028000.0,5363000.0,534518000.0,1925000.0,-44665000.0,-42740000.0,2342869000.0,,98913000.0,98913000.0
Joy Global Inc,JOY,549300CLFIA7IY3DU273,801898,2017.0,Q1,2016-10-29,2017-01-27,2017-03-03 11:26:47+00:00,0.0,0.0,0.01,0.0,,-12495000.0,-277000.0,-277000.0,,-277000.0,,389108000.0,497769000.0,,-1472000.0,,772000.0,111111000.0,389108000.0,108661000.0,12610000.0,1588000.0,110411000.0,-1750000.0,-11022000.0,-12772000.0,497769000.0,,98913000.0,98913000.0
