company_name,company_ticker,company_lei,company_cik,year,quarter,start_date,end_date,filing_date,basicdilutedeps,basiceps,cashdividendspershare,depreciationexpense,dilutedeps,explorationexpense,impairmentexpense,incometaxexpense,netincome,netincomecontinuing,netincometocommon,operatingcostofrevenue,operatingrevenue,otheradjustmentstoconsolidatednetincome,othergains,otherincome,otheroperatingexpenses,otherrevenue,otherspecialcharges,sgaexpense,totalcostofrevenue,totalgrossprofit,totalinterestexpense,totalinterestincome,totaloperatingexpenses,totaloperatingincome,totalotherincome,totalpretaxincome,totalrevenue,weightedavebasicdilutedsharesos,weightedavebasicsharesos,weightedavedilutedsharesos
Cabot Oil & Gas Corp,COG,FCNMH6O7VWU7LHXMK351,858470,2007.0,FY,2007-01-01,2007-12-31,2010-02-26 12:45:54+00:00,1.73,1.73,,143951000.0,1.71,39772000.0,23656000.0,90109000.0,167423000.0,167423000.0,167423000.0,158989000.0,743546000.0,,,,53782000.0,2072000.0,0.0,50775000.0,158989000.0,586629000.0,17161000.0,,311936000.0,274693000.0,-17161000.0,257532000.0,745618000.0,96800000.0,96978000.0,98130000.0
Cabot Oil & Gas Corp,COG,FCNMH6O7VWU7LHXMK351,858470,2008.0,FY,2008-01-01,2008-12-31,2011-02-28 15:21:48+00:00,2.1,2.1,0.12,226915000.0,2.08,31200000.0,35700000.0,124333000.0,211290000.0,211290000.0,211290000.0,192288000.0,942686000.0,,,,66540000.0,3105000.0,-53049000.0,74185000.0,192288000.0,753503000.0,36389000.0,,381491000.0,372012000.0,-36389000.0,335623000.0,945791000.0,100600000.0,100737000.0,101726000.0
Cabot Oil & Gas Corp,COG,FCNMH6O7VWU7LHXMK351,858470,2008.0,Q3,2008-07-01,2008-09-30,2009-10-29 16:15:32+00:00,0.65,0.65,,48895000.0,0.64,6413000.0,8512000.0,37241000.0,66990000.0,66990000.0,66990000.0,45865000.0,244136000.0,,,,20627000.0,684000.0,0.0,-209000.0,45865000.0,198955000.0,10486000.0,,84238000.0,114717000.0,-10486000.0,104231000.0,244820000.0,103100000.0,103351000.0,104495000.0
Cabot Oil & Gas Corp,COG,FCNMH6O7VWU7LHXMK351,858470,2008.0,Q2,2008-04-01,2008-06-30,2009-07-30 15:41:49+00:00,0.55,0.55,,42482000.0,0.55,7290000.0,5919000.0,33254000.0,54625000.0,54625000.0,54625000.0,46776000.0,248878000.0,,,,19225000.0,377000.0,,33477000.0,46776000.0,202479000.0,6207000.0,,108393000.0,94086000.0,-6207000.0,87879000.0,249255000.0,99300000.0,98467000.0,99481000.0
Cabot Oil & Gas Corp,COG,FCNMH6O7VWU7LHXMK351,858470,2009.0,FY,2009-01-01,2009-12-31,2012-02-28 15:23:32+00:00,0.72,0.72,0.06,251260000.0,0.71,50784000.0,17622000.0,74947000.0,148343000.0,148343000.0,148343000.0,174824000.0,888762000.0,,,,44649000.0,4323000.0,3303000.0,68374000.0,174824000.0,718261000.0,58979000.0,,435992000.0,282269000.0,-58979000.0,223290000.0,893085000.0,206000000.0,207231942.0,209365494.0
Cabot Oil & Gas Corp,COG,FCNMH6O7VWU7LHXMK351,858470,2009.0,Q4,2009-10-01,2009-12-31,,0.18,0.18,0.02,85481000.0,0.18,19526000.0,-5566000.0,12196000.0,36364000.0,36364000.0,36364000.0,55041000.0,249360000.0,,,,10118000.0,1224000.0,3303000.0,19271000.0,55041000.0,195543000.0,14850000.0,,132133000.0,63410000.0,-14850000.0,48560000.0,250584000.0,206000000.0,207231942.0,209365494.0
Cabot Oil & Gas Corp,COG,FCNMH6O7VWU7LHXMK351,858470,2009.0,Q3,2009-07-01,2009-09-30,2009-10-29 16:15:32+00:00,0.38,0.38,,54886000.0,0.37,14395000.0,7151000.0,20969000.0,38897000.0,38897000.0,38897000.0,30798000.0,206985000.0,,,,10719000.0,608000.0,,14921000.0,30798000.0,176795000.0,14857000.0,,102072000.0,74723000.0,-14857000.0,59866000.0,207593000.0,102400000.0,103647000.0,104917000.0
Cabot Oil & Gas Corp,COG,FCNMH6O7VWU7LHXMK351,858470,2009.0,Q3YTD,2009-01-01,2009-09-30,,1.08,1.08,0.09,165779000.0,1.08,31258000.0,23188000.0,62751000.0,111979000.0,111979000.0,111979000.0,119783000.0,639402000.0,,,,34531000.0,3099000.0,,49103000.0,119783000.0,522718000.0,44129000.0,,303859000.0,218859000.0,-44129000.0,174730000.0,642501000.0,102400000.0,103647000.0,104917000.0
Cabot Oil & Gas Corp,COG,FCNMH6O7VWU7LHXMK351,858470,2009.0,Q2,2009-04-01,2009-06-30,2009-07-30 15:41:49+00:00,0.25,0.25,,55108000.0,0.24,10397000.0,6730000.0,13691000.0,25502000.0,25502000.0,25502000.0,33757000.0,187565000.0,,,,10914000.0,697000.0,,17117000.0,33757000.0,154505000.0,15046000.0,,100266000.0,54239000.0,-15046000.0,39193000.0,188262000.0,102000000.0,103640000.0,104815000.0
Cabot Oil & Gas Corp,COG,FCNMH6O7VWU7LHXMK351,858470,2009.0,Q2YTD,2009-01-01,2009-06-30,,0.71,0.71,0.06,110893000.0,0.71,16863000.0,16037000.0,41782000.0,73082000.0,73082000.0,73082000.0,88985000.0,432417000.0,,,,23812000.0,2491000.0,,34182000.0,88985000.0,345923000.0,29272000.0,,201787000.0,144136000.0,-29272000.0,114864000.0,434908000.0,102000000.0,103640000.0,104815000.0
Cabot Oil & Gas Corp,COG,FCNMH6O7VWU7LHXMK351,858470,2009.0,Q1,2009-01-01,2009-03-31,2010-04-30 11:03:42+00:00,0.46,0.46,0.03,55785000.0,0.46,6466000.0,9307000.0,28091000.0,47580000.0,47580000.0,47580000.0,55228000.0,244852000.0,,,,12898000.0,1794000.0,,17065000.0,55228000.0,191418000.0,14226000.0,,101521000.0,89897000.0,-14226000.0,75671000.0,246646000.0,103400000.0,103521000.0,104111000.0
Cabot Oil & Gas Corp,COG,FCNMH6O7VWU7LHXMK351,858470,2010.0,FY,2010-01-01,2010-12-31,2012-02-28 15:23:32+00:00,0.5,0.5,0.06,327083000.0,0.49,42725000.0,40903000.0,95112000.0,103386000.0,103386000.0,103386000.0,175177000.0,858018000.0,,,,37894000.0,5086000.0,-106294000.0,79177000.0,175177000.0,687927000.0,67941000.0,,421488000.0,266439000.0,-67941000.0,198498000.0,863104000.0,206800000.0,207822862.0,210389570.0
Cabot Oil & Gas Corp,COG,FCNMH6O7VWU7LHXMK351,858470,2010.0,Q4,2010-10-01,2010-12-31,,0.24,0.24,0.02,106727000.0,0.24,14401000.0,-10109000.0,61897000.0,49110000.0,49110000.0,49110000.0,53272000.0,228968000.0,,,,6759000.0,1185000.0,-101907000.0,29501000.0,53272000.0,176881000.0,20502000.0,,45372000.0,131509000.0,-20502000.0,111007000.0,230153000.0,206800000.0,207822862.0,210389570.0
Cabot Oil & Gas Corp,COG,FCNMH6O7VWU7LHXMK351,858470,2010.0,Q3,2010-07-01,2010-09-30,2010-10-29 13:04:42+00:00,0.04,0.04,0.03,85355000.0,0.04,9665000.0,35789000.0,1617000.0,3898000.0,3898000.0,3898000.0,36747000.0,218268000.0,,,,8489000.0,1127000.0,,21077000.0,36747000.0,182648000.0,16758000.0,,160375000.0,22273000.0,-16758000.0,5515000.0,219395000.0,97500000.0,103955000.0,105225000.0
Cabot Oil & Gas Corp,COG,FCNMH6O7VWU7LHXMK351,858470,2010.0,Q3YTD,2010-01-01,2010-09-30,,0.52,0.52,0.09,220356000.0,0.52,28324000.0,51012000.0,33215000.0,54276000.0,54276000.0,54276000.0,121905000.0,629050000.0,,,,31135000.0,3901000.0,-4387000.0,49676000.0,121905000.0,511046000.0,47439000.0,,376116000.0,134930000.0,-47439000.0,87491000.0,632951000.0,97500000.0,103955000.0,105225000.0
Cabot Oil & Gas Corp,COG,FCNMH6O7VWU7LHXMK351,858470,2010.0,Q3TTM,2009-10-01,2010-09-30,,0.87,0.87,0.12,305837000.0,0.87,47850000.0,45446000.0,45411000.0,90640000.0,90640000.0,90640000.0,176946000.0,878410000.0,,,,41253000.0,5125000.0,-1084000.0,68947000.0,176946000.0,706589000.0,62289000.0,,508249000.0,198340000.0,-62289000.0,136051000.0,883535000.0,97500000.0,103955000.0,105225000.0
Cabot Oil & Gas Corp,COG,FCNMH6O7VWU7LHXMK351,858470,2010.0,Q2,2010-04-01,2010-06-30,2011-07-29 12:15:21+00:00,0.21,0.21,0.03,76726000.0,0.21,10233000.0,,14617000.0,21682000.0,21682000.0,21682000.0,40907000.0,199087000.0,,,,11841000.0,1154000.0,-4387000.0,12853000.0,40907000.0,159334000.0,15769000.0,,107266000.0,52068000.0,-15769000.0,36299000.0,200241000.0,103200000.0,103915000.0,104964000.0
Cabot Oil & Gas Corp,COG,FCNMH6O7VWU7LHXMK351,858470,2010.0,Q2YTD,2010-01-01,2010-06-30,,0.48,0.48,0.06,135001000.0,0.48,18659000.0,15223000.0,31598000.0,50378000.0,50378000.0,50378000.0,85158000.0,410782000.0,,,,22646000.0,2774000.0,-4387000.0,28599000.0,85158000.0,328398000.0,30681000.0,,215741000.0,112657000.0,-30681000.0,81976000.0,413556000.0,103200000.0,103915000.0,104964000.0
Cabot Oil & Gas Corp,COG,FCNMH6O7VWU7LHXMK351,858470,2010.0,Q2TTM,2009-07-01,2010-06-30,,1.21,1.21,0.12,275368000.0,1.21,52580000.0,16808000.0,64763000.0,125639000.0,125639000.0,125639000.0,170997000.0,867127000.0,,,,43483000.0,4606000.0,-1084000.0,62791000.0,170997000.0,700736000.0,60388000.0,,449946000.0,250790000.0,-60388000.0,190402000.0,871733000.0,103200000.0,103915000.0,104964000.0
Cabot Oil & Gas Corp,COG,FCNMH6O7VWU7LHXMK351,858470,2010.0,Q1,2010-01-01,2010-03-31,2010-04-30 11:03:42+00:00,0.28,0.28,0.03,58275000.0,0.27,8426000.0,15223000.0,16981000.0,28696000.0,28696000.0,28696000.0,44251000.0,211695000.0,,,,10805000.0,1620000.0,,15746000.0,44251000.0,169064000.0,14912000.0,,108475000.0,60589000.0,-14912000.0,45677000.0,213315000.0,102500000.0,103794000.0,104978000.0
Cabot Oil & Gas Corp,COG,FCNMH6O7VWU7LHXMK351,858470,2010.0,Q1TTM,2009-04-01,2010-03-31,,1.25,1.25,0.12,253750000.0,1.25,52744000.0,23538000.0,63837000.0,129459000.0,129459000.0,129459000.0,163847000.0,855605000.0,,,,42556000.0,4149000.0,3303000.0,67055000.0,163847000.0,695907000.0,59665000.0,,442946000.0,252961000.0,-59665000.0,193296000.0,859754000.0,102500000.0,103794000.0,104978000.0
Cabot Oil & Gas Corp,COG,FCNMH6O7VWU7LHXMK351,858470,2011.0,Q4,2011-10-01,2011-12-31,,0.06,0.06,0.01,92499000.0,0.06,5357000.0,,54511000.0,26363000.0,26363000.0,26363000.0,65615000.0,265964000.0,,,,6506000.0,2061000.0,-26974000.0,26413000.0,65615000.0,202410000.0,17735000.0,,103801000.0,98609000.0,-17735000.0,80874000.0,268025000.0,422100000.0,416996000.0,421522000.0
Cabot Oil & Gas Corp,COG,FCNMH6O7VWU7LHXMK351,858470,2011.0,FY,2011-01-01,2011-12-31,2014-02-28 09:05:12+00:00,0.29,0.29,0.03,343141000.0,0.29,36447000.0,,112779000.0,122408000.0,122408000.0,122408000.0,224565000.0,973679000.0,,,,27576000.0,6185000.0,-63382000.0,104667000.0,224565000.0,755299000.0,71663000.0,,448449000.0,306850000.0,-71663000.0,235187000.0,979864000.0,422100000.0,416996000.0,421522000.0
Cabot Oil & Gas Corp,COG,FCNMH6O7VWU7LHXMK351,858470,2011.0,Q3,2011-07-01,2011-09-30,2011-10-28 15:42:13+00:00,0.27,0.27,0.03,90293000.0,0.27,20190000.0,0.0,18234000.0,28482000.0,28482000.0,28482000.0,55264000.0,261146000.0,,,,7042000.0,971000.0,-3854000.0,27949000.0,55264000.0,206853000.0,18517000.0,,141620000.0,65233000.0,-18517000.0,46716000.0,262117000.0,105500000.0,104285000.0,105460000.0
Cabot Oil & Gas Corp,COG,FCNMH6O7VWU7LHXMK351,858470,2011.0,Q3YTD,2011-01-01,2011-09-30,,0.92,0.92,0.09,250642000.0,0.92,31090000.0,,58268000.0,96045000.0,96045000.0,96045000.0,158950000.0,707715000.0,,,,21070000.0,4124000.0,-36408000.0,78254000.0,158950000.0,552889000.0,53928000.0,,344648000.0,208241000.0,-53928000.0,154313000.0,711839000.0,105500000.0,104285000.0,105460000.0
Cabot Oil & Gas Corp,COG,FCNMH6O7VWU7LHXMK351,858470,2011.0,Q3TTM,2010-10-01,2011-09-30,,1.39,1.39,0.12,357369000.0,1.39,45491000.0,-10109000.0,120165000.0,145155000.0,145155000.0,145155000.0,212222000.0,936683000.0,,,,27829000.0,5309000.0,-138315000.0,107755000.0,212222000.0,729770000.0,74430000.0,,390020000.0,339750000.0,-74430000.0,265320000.0,941992000.0,105500000.0,104285000.0,105460000.0
Cabot Oil & Gas Corp,COG,FCNMH6O7VWU7LHXMK351,858470,2011.0,Q2,2011-04-01,2011-06-30,2011-07-29 12:15:21+00:00,0.53,0.53,0.03,83225000.0,0.52,4592000.0,,33897000.0,54677000.0,54677000.0,54677000.0,48449000.0,239471000.0,,,,5877000.0,1225000.0,-34071000.0,26006000.0,48449000.0,192247000.0,18044000.0,,85629000.0,106618000.0,-18044000.0,88574000.0,240696000.0,103200000.0,104264000.0,105337000.0
Cabot Oil & Gas Corp,COG,FCNMH6O7VWU7LHXMK351,858470,2011.0,Q2YTD,2011-01-01,2011-06-30,,0.65,0.65,0.06,160349000.0,0.65,10900000.0,,40034000.0,67563000.0,67563000.0,67563000.0,103686000.0,446569000.0,,,,14028000.0,3153000.0,-32554000.0,50305000.0,103686000.0,346036000.0,35411000.0,,203028000.0,143008000.0,-35411000.0,107597000.0,449722000.0,103200000.0,104264000.0,105337000.0
Cabot Oil & Gas Corp,COG,FCNMH6O7VWU7LHXMK351,858470,2011.0,Q2TTM,2010-07-01,2011-06-30,,1.16,1.16,0.12,352431000.0,1.16,34966000.0,25680000.0,103548000.0,120571000.0,120571000.0,120571000.0,193705000.0,893805000.0,,,,29276000.0,5465000.0,-134461000.0,100883000.0,193705000.0,705565000.0,72671000.0,,408775000.0,296790000.0,-72671000.0,224119000.0,899270000.0,103200000.0,104264000.0,105337000.0
Cabot Oil & Gas Corp,COG,FCNMH6O7VWU7LHXMK351,858470,2011.0,Q1,2011-01-01,2011-03-31,2011-04-29 11:44:03+00:00,0.12,0.12,0.03,77124000.0,0.12,6308000.0,,6137000.0,12886000.0,12886000.0,12886000.0,55237000.0,207098000.0,,,,8151000.0,1928000.0,1517000.0,24299000.0,55237000.0,153789000.0,17367000.0,,117399000.0,36390000.0,-17367000.0,19023000.0,209026000.0,107400000.0,104144000.0,105320000.0
Cabot Oil & Gas Corp,COG,FCNMH6O7VWU7LHXMK351,858470,2011.0,Q1TTM,2010-04-01,2011-03-31,,0.84,0.84,0.12,345932000.0,0.84,40607000.0,25680000.0,84268000.0,87576000.0,87576000.0,87576000.0,186163000.0,853421000.0,,,,35240000.0,5394000.0,-104777000.0,87730000.0,186163000.0,672652000.0,70396000.0,,430412000.0,242240000.0,-70396000.0,171844000.0,858815000.0,107400000.0,104144000.0,105320000.0
Cabot Oil & Gas Corp,COG,FCNMH6O7VWU7LHXMK351,858470,2012.0,Q4,2012-10-01,2012-12-31,,0.1,0.1,0.01,115984000.0,0.1,7928000.0,,48089000.0,40867000.0,40867000.0,40867000.0,86952000.0,367195000.0,,,,9001000.0,2684000.0,16407000.0,27989000.0,86952000.0,282927000.0,16715000.0,53000.0,177309000.0,105618000.0,-16662000.0,88956000.0,369879000.0,424900000.0,419075000.0,421987000.0
Cabot Oil & Gas Corp,COG,FCNMH6O7VWU7LHXMK351,858470,2012.0,FY,2012-01-01,2012-12-31,2015-02-27 11:15:10+00:00,0.31,0.31,0.04,451405000.0,0.31,37476000.0,0.0,106110000.0,131730000.0,131730000.0,131730000.0,290054000.0,1196072000.0,,,,48874000.0,8474000.0,-50635000.0,121239000.0,290054000.0,914492000.0,68346000.0,53000.0,608359000.0,306133000.0,-68293000.0,237840000.0,1204546000.0,424900000.0,419075000.0,421987000.0
Cabot Oil & Gas Corp,COG,FCNMH6O7VWU7LHXMK351,858470,2012.0,Q3,2012-07-01,2012-09-30,2012-10-26 14:56:33+00:00,0.17,0.17,0.02,110448000.0,0.17,9303000.0,0.0,22948000.0,36608000.0,36608000.0,36608000.0,66957000.0,295004000.0,,,,10436000.0,1870000.0,126000.0,23829000.0,66957000.0,229917000.0,16219000.0,,154142000.0,75775000.0,-16219000.0,59556000.0,296874000.0,215300000.0,209656000.0,211226000.0
Cabot Oil & Gas Corp,COG,FCNMH6O7VWU7LHXMK351,858470,2012.0,Q3YTD,2012-01-01,2012-09-30,,0.43,0.43,0.06,335421000.0,0.43,29548000.0,,58021000.0,90863000.0,90863000.0,90863000.0,203102000.0,828877000.0,,,,39873000.0,5790000.0,-67042000.0,93250000.0,203102000.0,631565000.0,51631000.0,,431050000.0,200515000.0,-51631000.0,148884000.0,834667000.0,215300000.0,209656000.0,211226000.0
Cabot Oil & Gas Corp,COG,FCNMH6O7VWU7LHXMK351,858470,2012.0,Q3TTM,2011-10-01,2012-09-30,,0.56,0.56,0.07,427920000.0,0.56,34905000.0,,112532000.0,117226000.0,117226000.0,117226000.0,268717000.0,1094841000.0,,,,46379000.0,7851000.0,-94016000.0,119663000.0,268717000.0,833975000.0,69366000.0,,534851000.0,299124000.0,-69366000.0,229758000.0,1102692000.0,215300000.0,209656000.0,211226000.0
Cabot Oil & Gas Corp,COG,FCNMH6O7VWU7LHXMK351,858470,2012.0,Q2,2012-04-01,2012-06-30,2012-07-27 08:54:50+00:00,0.17,0.17,0.02,114616000.0,0.17,16244000.0,0.0,23647000.0,35937000.0,35937000.0,35937000.0,66695000.0,263666000.0,,,,10854000.0,1991000.0,-67703000.0,46872000.0,66695000.0,198962000.0,18495000.0,,120883000.0,78079000.0,-18495000.0,59584000.0,265657000.0,211400000.0,209512000.0,211158000.0
Cabot Oil & Gas Corp,COG,FCNMH6O7VWU7LHXMK351,858470,2012.0,Q2YTD,2012-01-01,2012-06-30,,0.26,0.26,0.04,224973000.0,0.26,20245000.0,,35073000.0,54255000.0,54255000.0,54255000.0,136145000.0,533873000.0,,,,29437000.0,3920000.0,-67168000.0,69421000.0,136145000.0,401648000.0,35412000.0,,276908000.0,124740000.0,-35412000.0,89328000.0,537793000.0,211400000.0,209512000.0,211158000.0
Cabot Oil & Gas Corp,COG,FCNMH6O7VWU7LHXMK351,858470,2012.0,Q2TTM,2011-07-01,2012-06-30,,0.52,0.52,0.07,407765000.0,0.52,45792000.0,,107818000.0,109100000.0,109100000.0,109100000.0,257024000.0,1060983000.0,,,,42985000.0,6952000.0,-97996000.0,123783000.0,257024000.0,810911000.0,71664000.0,,522329000.0,288582000.0,-71664000.0,216918000.0,1067935000.0,211400000.0,209512000.0,211158000.0
Cabot Oil & Gas Corp,COG,FCNMH6O7VWU7LHXMK351,858470,2012.0,Q1,2012-01-01,2012-03-31,2012-04-27 16:03:38+00:00,0.09,0.09,0.02,110357000.0,0.09,4001000.0,0.0,11426000.0,18318000.0,18318000.0,18318000.0,69450000.0,270207000.0,,,,18583000.0,1929000.0,535000.0,22549000.0,69450000.0,202686000.0,16917000.0,,156025000.0,46661000.0,-16917000.0,29744000.0,272136000.0,203500000.0,209128000.0,210813000.0
Cabot Oil & Gas Corp,COG,FCNMH6O7VWU7LHXMK351,858470,2012.0,Q1TTM,2011-04-01,2012-03-31,,0.61,0.61,0.06,376374000.0,0.61,34140000.0,,118068000.0,127840000.0,127840000.0,127840000.0,238778000.0,1036788000.0,,,,38008000.0,6186000.0,-64364000.0,102917000.0,238778000.0,804196000.0,71213000.0,,487075000.0,317121000.0,-71213000.0,245908000.0,1042974000.0,203500000.0,209128000.0,210813000.0
Cabot Oil & Gas Corp,COG,FCNMH6O7VWU7LHXMK351,858470,2013.0,Q4,2013-10-01,2013-12-31,,0.19,0.19,0.02,182030000.0,0.19,5721000.0,,73062000.0,77946000.0,77946000.0,77946000.0,118205000.0,482653000.0,,,,8462000.0,4810000.0,-16750000.0,22597000.0,118205000.0,369258000.0,16724000.0,534000.0,202060000.0,167198000.0,-16190000.0,151008000.0,487463000.0,417572000.0,420188000.0,422375000.0
Cabot Oil & Gas Corp,COG,FCNMH6O7VWU7LHXMK351,858470,2013.0,FY,2013-01-01,2013-12-31,2015-02-27 11:15:10+00:00,0.67,0.67,0.06,651052000.0,0.66,18165000.0,0.0,205765000.0,279773000.0,279773000.0,279773000.0,400281000.0,1733130000.0,,,,43045000.0,13148000.0,-21351000.0,104606000.0,400281000.0,1345997000.0,66044000.0,1102000.0,795517000.0,550480000.0,-64942000.0,485538000.0,1746278000.0,417572000.0,420188000.0,422375000.0
Cabot Oil & Gas Corp,COG,FCNMH6O7VWU7LHXMK351,858470,2013.0,Q3YTD,2013-01-01,2013-09-30,,0.48,0.48,0.04,469022000.0,0.48,12444000.0,,132703000.0,201827000.0,201827000.0,201827000.0,282076000.0,1250477000.0,,,,34583000.0,8338000.0,-4601000.0,82009000.0,282076000.0,976739000.0,49320000.0,568000.0,593457000.0,383282000.0,-48752000.0,334530000.0,1258815000.0,411100000.0,420986000.0,423453000.0
Cabot Oil & Gas Corp,COG,FCNMH6O7VWU7LHXMK351,858470,2013.0,Q3TTM,2012-10-01,2013-09-30,,0.58,0.58,0.05,585006000.0,0.58,20372000.0,,180792000.0,242694000.0,242694000.0,242694000.0,369028000.0,1617672000.0,,,,43584000.0,11022000.0,11806000.0,109998000.0,369028000.0,1259666000.0,66035000.0,621000.0,770766000.0,488900000.0,-65414000.0,423486000.0,1628694000.0,411100000.0,420986000.0,423453000.0
Cabot Oil & Gas Corp,COG,FCNMH6O7VWU7LHXMK351,858470,2013.0,Q3,2013-07-01,2013-09-30,2014-10-24 10:55:37+00:00,0.17,0.17,0.02,168980000.0,0.17,3891000.0,,45847000.0,69889000.0,69889000.0,69889000.0,99639000.0,433275000.0,,,,11532000.0,2575000.0,-4421000.0,24697000.0,99639000.0,336211000.0,16074000.0,278000.0,204679000.0,131532000.0,-15796000.0,115736000.0,435850000.0,411100000.0,420986000.0,423453000.0
Cabot Oil & Gas Corp,COG,FCNMH6O7VWU7LHXMK351,858470,2013.0,Q2YTD,2013-01-01,2013-06-30,,0.31,0.31,0.02,300042000.0,0.31,8553000.0,,86856000.0,131938000.0,131938000.0,131938000.0,182437000.0,817202000.0,,,,23051000.0,5763000.0,-180000.0,57312000.0,182437000.0,640528000.0,33246000.0,290000.0,388778000.0,251750000.0,-32956000.0,218794000.0,822965000.0,424400000.0,420698000.0,423490000.0
Cabot Oil & Gas Corp,COG,FCNMH6O7VWU7LHXMK351,858470,2013.0,Q2TTM,2012-07-01,2013-06-30,,0.5,0.5,0.04,526474000.0,0.5,25784000.0,,157893000.0,209413000.0,209413000.0,209413000.0,336346000.0,1479401000.0,,,,42488000.0,10317000.0,16353000.0,109130000.0,336346000.0,1153372000.0,66180000.0,343000.0,720229000.0,433143000.0,-65837000.0,367306000.0,1489718000.0,424400000.0,420698000.0,423490000.0
Cabot Oil & Gas Corp,COG,FCNMH6O7VWU7LHXMK351,858470,2013.0,Q2,2013-04-01,2013-06-30,2014-07-25 11:40:07+00:00,0.21,0.21,0.01,151389000.0,0.21,4529000.0,,58921000.0,89114000.0,89114000.0,89114000.0,96330000.0,446861000.0,,,,11364000.0,2819000.0,-276000.0,21608000.0,96330000.0,353350000.0,16991000.0,290000.0,188614000.0,164736000.0,-16701000.0,148035000.0,449680000.0,424400000.0,420698000.0,423490000.0
Cabot Oil & Gas Corp,COG,FCNMH6O7VWU7LHXMK351,858470,2013.0,Q1,2013-01-01,2013-03-31,2014-04-25 09:43:35+00:00,0.1,0.1,0.01,148653000.0,0.1,4024000.0,,27935000.0,42824000.0,42824000.0,42824000.0,86107000.0,370341000.0,,,,11687000.0,2944000.0,96000.0,35704000.0,86107000.0,287178000.0,16255000.0,,200164000.0,87014000.0,-16255000.0,70759000.0,373285000.0,428200000.0,420300000.0,422752000.0
Cabot Oil & Gas Corp,COG,FCNMH6O7VWU7LHXMK351,858470,2013.0,Q1TTM,2012-04-01,2013-03-31,,0.37,0.37,0.05,489701000.0,0.37,37499000.0,,122619000.0,156236000.0,156236000.0,156236000.0,306711000.0,1296206000.0,,,,41978000.0,9489000.0,-51074000.0,134394000.0,306711000.0,998984000.0,67684000.0,53000.0,652498000.0,346486000.0,-67631000.0,278855000.0,1305695000.0,428200000.0,420300000.0,422752000.0
Cabot Oil & Gas Corp,COG,FCNMH6O7VWU7LHXMK351,858470,2014.0,FY,2014-01-01,2014-12-31,2017-02-27 11:04:42+00:00,0.25,0.25,0.08,632760000.0,0.25,28746000.0,771037000.0,-72067000.0,104468000.0,104468000.0,104468000.0,524880000.0,1938930000.0,,,,47012000.0,234081000.0,-17100000.0,82590000.0,524880000.0,1648131000.0,73785000.0,3080000.0,1545045000.0,103086000.0,-70705000.0,32401000.0,2173011000.0,417900000.0,415840000.0,417601000.0
Cabot Oil & Gas Corp,COG,FCNMH6O7VWU7LHXMK351,858470,2014.0,Q4,2014-10-01,2014-12-31,,-0.53,-0.53,0.02,173766000.0,-0.53,8784000.0,771037000.0,-290996000.0,-221771000.0,-221771000.0,-221771000.0,143361000.0,311092000.0,,,,10219000.0,306912000.0,-19835000.0,21248000.0,143361000.0,474643000.0,23472000.0,1261000.0,965219000.0,-490576000.0,-22211000.0,-512767000.0,618004000.0,835800000.0,415840000.0,417601000.0
Cabot Oil & Gas Corp,COG,FCNMH6O7VWU7LHXMK351,858470,2014.0,Q3,2014-07-01,2014-09-30,2015-10-23 10:28:55+00:00,0.24,0.24,0.02,154013000.0,0.24,8812000.0,,72131000.0,100788000.0,100788000.0,100788000.0,129448000.0,437034000.0,,,,10933000.0,74983000.0,-46000.0,19579000.0,129448000.0,382569000.0,17422000.0,1063000.0,193291000.0,189278000.0,-16359000.0,172919000.0,512017000.0,420000000.0,416173000.0,418093000.0
Cabot Oil & Gas Corp,COG,FCNMH6O7VWU7LHXMK351,858470,2014.0,Q3YTD,2014-01-01,2014-09-30,,0.78,0.78,0.06,458994000.0,0.78,19962000.0,,218929000.0,326239000.0,326239000.0,326239000.0,381519000.0,1474382000.0,,,,36793000.0,80625000.0,2735000.0,61342000.0,381519000.0,1173488000.0,50313000.0,1819000.0,579826000.0,593662000.0,-48494000.0,545168000.0,1555007000.0,420000000.0,416173000.0,418093000.0
Cabot Oil & Gas Corp,COG,FCNMH6O7VWU7LHXMK351,858470,2014.0,Q3TTM,2013-10-01,2014-09-30,,0.97,0.97,0.08,641024000.0,0.97,25683000.0,,291991000.0,404185000.0,404185000.0,404185000.0,499724000.0,1957035000.0,,,,45255000.0,85435000.0,-14015000.0,83939000.0,499724000.0,1542746000.0,67605000.0,2921000.0,781886000.0,760860000.0,-64684000.0,696176000.0,2042470000.0,420000000.0,416173000.0,418093000.0
Cabot Oil & Gas Corp,COG,FCNMH6O7VWU7LHXMK351,858470,2014.0,Q2YTD,2014-01-01,2014-06-30,,0.54,0.54,0.04,304981000.0,0.54,11150000.0,,146798000.0,225451000.0,225451000.0,225451000.0,252071000.0,2074696000.0,,,,25860000.0,11284000.0,2781000.0,41763000.0,252071000.0,790919000.0,32891000.0,756000.0,386535000.0,404384000.0,-32135000.0,372249000.0,2085980000.0,422900000.0,834582000.0,838184000.0
Cabot Oil & Gas Corp,COG,FCNMH6O7VWU7LHXMK351,858470,2014.0,Q2TTM,2013-07-01,2014-06-30,,0.89,0.89,0.08,655991000.0,0.89,20762000.0,,265707000.0,373286000.0,462400000.0,373286000.0,469915000.0,3906552000.0,-89114000.0,89114000.0,,45854000.0,13027000.0,-18390000.0,89057000.0,469915000.0,1496388000.0,65979000.0,1858000.0,793274000.0,703114000.0,-64121000.0,638993000.0,3932606000.0,422900000.0,417291000.0,419092000.0
Cabot Oil & Gas Corp,COG,FCNMH6O7VWU7LHXMK351,858470,2014.0,Q2,2014-04-01,2014-06-30,2015-07-24 10:34:01+00:00,0.28,0.28,0.02,157563000.0,0.28,4676000.0,,75899000.0,118420000.0,118420000.0,118420000.0,126612000.0,532242000.0,,,,12816000.0,945000.0,1496000.0,20127000.0,126612000.0,406575000.0,16334000.0,756000.0,196678000.0,209897000.0,-15578000.0,194319000.0,533187000.0,422900000.0,417291000.0,419092000.0
Cabot Oil & Gas Corp,COG,FCNMH6O7VWU7LHXMK351,858470,2014.0,Q1TTM,2013-04-01,2014-03-31,,0.83,0.83,0.09,649817000.0,0.83,20615000.0,,248729000.0,343980000.0,343980000.0,343980000.0,439633000.0,1867895000.0,,,,44402000.0,14901000.0,-20162000.0,90538000.0,439633000.0,1443163000.0,66346000.0,1102000.0,785210000.0,657953000.0,-65244000.0,592709000.0,1882796000.0,411700000.0,416900000.0,418513000.0
Cabot Oil & Gas Corp,COG,FCNMH6O7VWU7LHXMK351,858470,2014.0,Q1,2014-01-01,2014-03-31,2015-04-24 11:24:59+00:00,0.26,0.26,0.02,147418000.0,0.26,6474000.0,,70899000.0,107031000.0,107031000.0,107031000.0,125459000.0,505106000.0,,,,13044000.0,4697000.0,1285000.0,21636000.0,125459000.0,384344000.0,16557000.0,0.0,189857000.0,194487000.0,-16557000.0,177930000.0,509803000.0,411700000.0,416900000.0,418513000.0
Cabot Oil & Gas Corp,COG,FCNMH6O7VWU7LHXMK351,858470,2015.0,FY,2015-01-01,2015-12-31,2018-03-01 19:20:34+00:00,-0.28,-0.28,0.08,622211000.0,-0.28,27460000.0,114875000.0,-73382000.0,-113891000.0,-113891000.0,-113891000.0,580994000.0,1289638000.0,,,-1448000.0,42809000.0,67512000.0,-3866000.0,67996000.0,580994000.0,776156000.0,96911000.0,6415000.0,871485000.0,-95329000.0,-91944000.0,-187273000.0,1357150000.0,406800000.0,413696000.0,413696000.0
Cabot Oil & Gas Corp,COG,FCNMH6O7VWU7LHXMK351,858470,2015.0,Q4,2015-10-01,2015-12-31,,-0.27,-0.27,0.02,149875000.0,-0.27,8500000.0,114875000.0,-71214000.0,-111124000.0,-111124000.0,-111124000.0,142752000.0,266223000.0,,,-1448000.0,8511000.0,14569000.0,-51000.0,14387000.0,142752000.0,138040000.0,24667000.0,1834000.0,296097000.0,-158057000.0,-24281000.0,-182338000.0,280792000.0,406800000.0,413696000.0,413696000.0
Cabot Oil & Gas Corp,COG,FCNMH6O7VWU7LHXMK351,858470,2015.0,Q3,2015-07-01,2015-09-30,2016-10-28 11:52:35+00:00,-0.04,-0.04,0.02,144326000.0,-0.04,4930000.0,,-10020000.0,-15514000.0,-15514000.0,-15514000.0,139959000.0,285987000.0,,,,11407000.0,19309000.0,-3756000.0,11102000.0,139959000.0,165337000.0,24510000.0,1648000.0,168009000.0,-2672000.0,-22862000.0,-25534000.0,305296000.0,387900000.0,413846000.0,413846000.0
Cabot Oil & Gas Corp,COG,FCNMH6O7VWU7LHXMK351,858470,2015.0,Q3YTD,2015-01-01,2015-09-30,,-0.01,-0.01,0.06,472336000.0,-0.01,18960000.0,,-2168000.0,-2767000.0,-2767000.0,-2767000.0,438242000.0,1023415000.0,,,,34298000.0,52943000.0,-3815000.0,53609000.0,438242000.0,638116000.0,72244000.0,4581000.0,575388000.0,62728000.0,-67663000.0,-4935000.0,1076358000.0,387900000.0,413846000.0,413846000.0
Cabot Oil & Gas Corp,COG,FCNMH6O7VWU7LHXMK351,858470,2015.0,Q3TTM,2014-10-01,2015-09-30,,-0.54,-0.54,0.08,646102000.0,-0.54,27744000.0,771037000.0,-293164000.0,-224538000.0,-224538000.0,-224538000.0,581603000.0,1487963000.0,,,,44517000.0,206399000.0,-23650000.0,74857000.0,581603000.0,1112759000.0,95716000.0,5842000.0,1540607000.0,-427848000.0,-89874000.0,-517702000.0,1694362000.0,387900000.0,413846000.0,413846000.0
Cabot Oil & Gas Corp,COG,FCNMH6O7VWU7LHXMK351,858470,2015.0,Q2,2015-04-01,2015-06-30,2016-07-29 10:56:39+00:00,-0.07,-0.07,0.02,152513000.0,-0.07,5298000.0,,-15622000.0,-27508000.0,-27508000.0,-27508000.0,137292000.0,309852000.0,,,,11611000.0,-3555000.0,79000.0,19978000.0,137292000.0,169005000.0,24168000.0,1512000.0,189479000.0,-20474000.0,-22656000.0,-43130000.0,306297000.0,393000000.0,413713000.0,413713000.0
Cabot Oil & Gas Corp,COG,FCNMH6O7VWU7LHXMK351,858470,2015.0,Q2YTD,2015-01-01,2015-06-30,,0.03,0.03,0.04,328010000.0,0.03,14030000.0,,7852000.0,12747000.0,12747000.0,12747000.0,298283000.0,737428000.0,,,,22891000.0,33634000.0,-59000.0,42507000.0,298283000.0,472779000.0,47734000.0,2933000.0,407379000.0,65400000.0,-44801000.0,20599000.0,771062000.0,393000000.0,413713000.0,413713000.0
Cabot Oil & Gas Corp,COG,FCNMH6O7VWU7LHXMK351,858470,2015.0,Q2TTM,2014-07-01,2015-06-30,,-0.26,-0.26,0.08,655789000.0,-0.26,31626000.0,771037000.0,-211013000.0,-108236000.0,-108236000.0,-108236000.0,571092000.0,1639010000.0,,,,44043000.0,262073000.0,-19940000.0,83334000.0,571092000.0,1329991000.0,88628000.0,5257000.0,1565889000.0,-235898000.0,-83371000.0,-319249000.0,1901083000.0,393000000.0,413713000.0,413713000.0
Cabot Oil & Gas Corp,COG,FCNMH6O7VWU7LHXMK351,858470,2015.0,Q1,2015-01-01,2015-03-31,2016-05-03 10:00:06+00:00,0.1,0.1,0.02,175497000.0,0.1,8732000.0,,23474000.0,40255000.0,40255000.0,40255000.0,160991000.0,427576000.0,,,,11280000.0,37189000.0,-138000.0,22529000.0,160991000.0,303774000.0,23566000.0,1421000.0,217900000.0,85874000.0,-22145000.0,63729000.0,464765000.0,402600000.0,413344000.0,414771000.0
Cabot Oil & Gas Corp,COG,FCNMH6O7VWU7LHXMK351,858470,2015.0,Q1TTM,2014-04-01,2015-03-31,,0.09,0.09,0.08,660839000.0,0.09,31004000.0,771037000.0,-119492000.0,37692000.0,37692000.0,37692000.0,560412000.0,1861400000.0,,,,45248000.0,266573000.0,-18523000.0,83483000.0,560412000.0,1567561000.0,80794000.0,4501000.0,1573088000.0,-5527000.0,-76293000.0,-81800000.0,2127973000.0,402600000.0,413344000.0,414771000.0
Cabot Oil & Gas Corp,COG,FCNMH6O7VWU7LHXMK351,858470,2016.0,Q4,2016-10-01,2016-12-31,,-0.63,-0.63,0.02,141218000.0,-0.63,14553000.0,435619000.0,-171232000.0,-292760000.0,-292760000.0,-292760000.0,-306851000.0,359591000.0,,,-447686000.0,5485000.0,-43100000.0,1131000.0,18441000.0,-306851000.0,623342000.0,20515000.0,-2686000.0,616447000.0,6895000.0,-470887000.0,-463992000.0,316491000.0,458400000.0,456847000.0,456847000.0
Cabot Oil & Gas Corp,COG,FCNMH6O7VWU7LHXMK351,858470,2016.0,Q3,2016-07-01,2016-09-30,2017-10-30 16:15:52+00:00,-0.02,-0.02,0.02,139490000.0,-0.02,2988000.0,0.0,-8027000.0,-10260000.0,-10260000.0,-10260000.0,133236000.0,301618000.0,,,-402000.0,8771000.0,8811000.0,1245000.0,19374000.0,133236000.0,177193000.0,21483000.0,-1727000.0,171868000.0,5325000.0,-23612000.0,-18287000.0,310429000.0,513000000.0,465149000.0,465149000.0
Cabot Oil & Gas Corp,COG,FCNMH6O7VWU7LHXMK351,858470,2016.0,Q3YTD,2016-01-01,2016-09-30,,-0.28,-0.28,0.06,448910000.0,-0.28,13109000.0,,-71243000.0,-124364000.0,-124364000.0,-124364000.0,407547000.0,835036000.0,,,-1207000.0,23738000.0,4150000.0,769000.0,67192000.0,407547000.0,431639000.0,72530000.0,209000.0,553718000.0,-122079000.0,-73528000.0,-195607000.0,839186000.0,513000000.0,465149000.0,465149000.0
Cabot Oil & Gas Corp,COG,FCNMH6O7VWU7LHXMK351,858470,2016.0,Q3TTM,2015-10-01,2016-09-30,,-0.55,-0.55,0.08,598785000.0,-0.55,21609000.0,114875000.0,-142457000.0,-235488000.0,-235488000.0,-235488000.0,550299000.0,1101259000.0,,,-2655000.0,32249000.0,18719000.0,718000.0,81579000.0,550299000.0,569679000.0,97197000.0,2043000.0,849815000.0,-280136000.0,-97809000.0,-377945000.0,1119978000.0,513000000.0,465149000.0,465149000.0
Cabot Oil & Gas Corp,COG,FCNMH6O7VWU7LHXMK351,858470,2016.0,Q2,2016-04-01,2016-06-30,2017-07-28 11:25:05+00:00,-0.14,-0.14,0.02,147533000.0,-0.14,3738000.0,0.0,-34446000.0,-62910000.0,-62910000.0,-62910000.0,136058000.0,271984000.0,,,-302000.0,8973000.0,-25168000.0,878000.0,19945000.0,136058000.0,110758000.0,26672000.0,-73000.0,181067000.0,-70309000.0,-27047000.0,-97356000.0,246816000.0,449400000.0,465068000.0,465068000.0
Cabot Oil & Gas Corp,COG,FCNMH6O7VWU7LHXMK351,858470,2016.0,Q2YTD,2016-01-01,2016-06-30,,-0.26,-0.26,0.04,309420000.0,-0.26,10121000.0,,-63216000.0,-114104000.0,-114104000.0,-114104000.0,274311000.0,533418000.0,,,-805000.0,14967000.0,-4661000.0,-476000.0,47818000.0,274311000.0,254446000.0,51047000.0,1936000.0,381850000.0,-127404000.0,-49916000.0,-177320000.0,528757000.0,449400000.0,465068000.0,465068000.0
Cabot Oil & Gas Corp,COG,FCNMH6O7VWU7LHXMK351,858470,2016.0,Q2TTM,2015-07-01,2016-06-30,,-0.52,-0.52,0.07,603621000.0,-0.52,23551000.0,114875000.0,-144450000.0,-240742000.0,-240742000.0,-240742000.0,557022000.0,1085628000.0,,,-2253000.0,34885000.0,29217000.0,-4283000.0,73307000.0,557022000.0,557823000.0,100224000.0,5418000.0,845956000.0,-288133000.0,-97059000.0,-385192000.0,1114845000.0,449400000.0,465068000.0,465068000.0
Cabot Oil & Gas Corp,COG,FCNMH6O7VWU7LHXMK351,858470,2016.0,Q1,2016-01-01,2016-03-31,2017-04-28 10:39:47+00:00,-0.12,-0.12,0.02,161887000.0,-0.12,6383000.0,,-28770000.0,-51194000.0,-51194000.0,-51194000.0,138253000.0,261434000.0,,,-503000.0,5994000.0,20507000.0,-1354000.0,27873000.0,138253000.0,143688000.0,24375000.0,2009000.0,200783000.0,-57095000.0,-22869000.0,-79964000.0,281941000.0,426600000.0,431841000.0,431841000.0
Cabot Oil & Gas Corp,COG,FCNMH6O7VWU7LHXMK351,858470,2016.0,Q1TTM,2015-04-01,2016-03-31,,-0.48,-0.48,0.08,608601000.0,-0.48,25111000.0,114875000.0,-125626000.0,-205340000.0,-205340000.0,-205340000.0,558256000.0,1123496000.0,,,-1951000.0,37523000.0,50830000.0,-5082000.0,73340000.0,558256000.0,616070000.0,97720000.0,7003000.0,854368000.0,-238298000.0,-92668000.0,-330966000.0,1174326000.0,426600000.0,431841000.0,431841000.0
Cabot Oil & Gas Corp,COG,FCNMH6O7VWU7LHXMK351,858470,2017.0,Q1,2017-01-01,2017-03-31,2018-04-27 12:50:05+00:00,0.23,0.23,0.02,135100000.0,0.23,6198000.0,,63205000.0,105720000.0,105720000.0,105720000.0,152161000.0,481127000.0,,,-424000.0,9058000.0,36716000.0,223000.0,23700000.0,152161000.0,365682000.0,20771000.0,-1283000.0,174279000.0,191403000.0,-22478000.0,168925000.0,517843000.0,459700000.0,465348000.0,466888000.0
Cabot Oil & Gas Corp,COG,FCNMH6O7VWU7LHXMK351,858470,2017.0,Q1TTM,2016-04-01,2017-03-31,,-0.56,-0.56,0.08,563341000.0,-0.56,27477000.0,435619000.0,-150500000.0,-260210000.0,-260210000.0,-260210000.0,114604000.0,1414320000.0,,,-448814000.0,32287000.0,-22741000.0,3477000.0,81460000.0,114604000.0,1276975000.0,89441000.0,-5769000.0,1143661000.0,133314000.0,-544024000.0,-410710000.0,1391579000.0,459700000.0,465348000.0,466888000.0
Cabot Oil & Gas Corp,COG,FCNMH6O7VWU7LHXMK351,858470,2019.0,Q4,2019-10-01,2019-12-31,,0.37,0.37,0.19,106439000.0,0.36,5241000.0,,60475000.0,146940000.0,146940000.0,146940000.0,-115983000.0,463526000.0,,,-287451000.0,2959000.0,-2158000.0,-2000.0,22500000.0,-115983000.0,577351000.0,14650000.0,69302000.0,137137000.0,440214000.0,-232799000.0,207415000.0,461368000.0,415300000.0,415514000.0,417451000.0
Cabot Oil & Gas Corp,COG,FCNMH6O7VWU7LHXMK351,858470,2019.0,FY,2019-01-01,2019-12-31,2020-02-25 15:44:15+00:00,1.64,1.64,0.35,405733000.0,1.63,20270000.0,0.0,219154000.0,681070000.0,681070000.0,681070000.0,76958000.0,1985469000.0,,,-575251000.0,17053000.0,80808000.0,1462000.0,94870000.0,76958000.0,1989319000.0,54952000.0,80496000.0,539388000.0,1449931000.0,-549707000.0,900224000.0,2066277000.0,415300000.0,415514000.0,417451000.0
Cabot Oil & Gas Corp,COG,FCNMH6O7VWU7LHXMK351,858470,2019.0,Q3,2019-07-01,2019-09-30,2019-10-25 11:32:21+00:00,0.22,0.22,,110889000.0,0.22,4481000.0,,25722000.0,90358000.0,90358000.0,90358000.0,19181000.0,418051000.0,,,-145824000.0,4607000.0,11060000.0,-36000.0,18391000.0,19181000.0,409930000.0,13554000.0,3860000.0,138332000.0,271598000.0,-155518000.0,116080000.0,429111000.0,410700000.0,412456000.0,414462000.0
Cabot Oil & Gas Corp,COG,FCNMH6O7VWU7LHXMK351,858470,2019.0,Q3YTD,2019-01-01,2019-09-30,,1.27,1.27,0.16,299294000.0,1.27,15029000.0,,158679000.0,534130000.0,534130000.0,534130000.0,192941000.0,1521943000.0,,,-287800000.0,14094000.0,82966000.0,1464000.0,72370000.0,192941000.0,1411968000.0,40302000.0,11194000.0,402251000.0,1009717000.0,-316908000.0,692809000.0,1604909000.0,410700000.0,412456000.0,414462000.0
Cabot Oil & Gas Corp,COG,FCNMH6O7VWU7LHXMK351,858470,2019.0,Q2,2019-04-01,2019-06-30,2019-07-26 11:42:07+00:00,0.43,0.43,0.09,96147000.0,0.43,4504000.0,,55086000.0,181009000.0,181009000.0,181009000.0,18093000.0,470468000.0,,,-141832000.0,3640000.0,63649000.0,0.0,22889000.0,18093000.0,516024000.0,14567000.0,3650000.0,127180000.0,388844000.0,-152749000.0,236095000.0,534117000.0,421000000.0,422141000.0,424349000.0
Cabot Oil & Gas Corp,COG,FCNMH6O7VWU7LHXMK351,858470,2019.0,Q2YTD,2019-01-01,2019-06-30,,1.05,1.05,0.16,188405000.0,1.05,10548000.0,,132957000.0,443772000.0,443772000.0,443772000.0,173760000.0,1103892000.0,,,-141976000.0,9487000.0,71906000.0,1500000.0,53979000.0,173760000.0,1002038000.0,26748000.0,7334000.0,263919000.0,738119000.0,-161390000.0,576729000.0,1175798000.0,421000000.0,422141000.0,424349000.0
Cabot Oil & Gas Corp,COG,FCNMH6O7VWU7LHXMK351,858470,2019.0,Q1,2019-01-01,2019-03-31,2020-05-01 12:45:45+00:00,0.62,0.62,0.07,92258000.0,0.62,6044000.0,,77871000.0,262763000.0,262763000.0,262763000.0,155667000.0,633424000.0,,,-144000.0,5847000.0,8257000.0,1500000.0,31090000.0,155667000.0,486014000.0,12181000.0,3684000.0,136739000.0,349275000.0,-8641000.0,340634000.0,641681000.0,423800000.0,423116000.0,425189000.0
Cabot Oil & Gas Corp,COG,FCNMH6O7VWU7LHXMK351,858470,2020.0,Q1TTM,2019-04-01,2020-03-31,,1.16,1.16,0.38,413610000.0,1.14,16416000.0,,159497000.0,472217000.0,472217000.0,472217000.0,81867000.0,1722440000.0,,,-575173000.0,14944000.0,88613000.0,-109000.0,97209000.0,81867000.0,1729186000.0,56982000.0,76753000.0,542070000.0,1187116000.0,-555402000.0,631714000.0,1811053000.0,385100000.0,398343000.0,399897000.0
Cabot Oil & Gas Corp,COG,FCNMH6O7VWU7LHXMK351,858470,2020.0,Q1,2020-01-01,2020-03-31,2020-05-01 12:45:45+00:00,0.14,0.14,0.1,100135000.0,0.13,2190000.0,,18214000.0,53910000.0,53910000.0,53910000.0,160576000.0,370395000.0,,,-66000.0,3738000.0,16062000.0,-71000.0,33429000.0,160576000.0,225881000.0,14211000.0,-59000.0,139421000.0,86460000.0,-14336000.0,72124000.0,386457000.0,385100000.0,398343000.0,399897000.0
