company_name,company_ticker,company_lei,company_cik,year,quarter,start_date,end_date,filing_date,amortizationexpense,basicdilutedeps,basiceps,cashdividendspershare,depreciationexpense,dilutedeps,impairmentexpense,incometaxexpense,netincome,netincomecontinuing,netincometocommon,netincometononcontrollinginterest,operatingcostofrevenue,operatingrevenue,otheradjustmentstoconsolidatednetincome,othergains,otherincome,otheroperatingexpenses,sgaexpense,totalcostofrevenue,totalgrossprofit,totalinterestexpense,totalinterestincome,totaloperatingexpenses,totaloperatingincome,totalotherincome,totalpretaxincome,totalrevenue,weightedavebasicdilutedsharesos,weightedavebasicsharesos,weightedavedilutedsharesos
Eversource Energy,ES,SJ7XXD41SQU3ZNWUJ746,72741,2009.0,FY,2009-01-01,2009-12-31,2012-02-24 16:32:18+00:00,13315000.0,0.0,1.91,0.0,527559000.0,1.91,,179947000.0,335592000.0,335592000.0,330033000.0,5559000.0,2629619000.0,5439430000.0,,,37801000.0,516372000.0,1001190000.0,2629619000.0,2809811000.0,273637000.0,,2058436000.0,751375000.0,-235836000.0,515539000.0,5439430000.0,,172567928.0,172717246.0
Eversource Energy,ES,SJ7XXD41SQU3ZNWUJ746,72741,2010.0,Q4,2010-10-01,2010-12-31,,39147000.0,1.3,1.14,-0.78,129922000.0,1.13,,49283000.0,131223000.0,131223000.0,129268000.0,1955000.0,1496146000.0,1203984000.0,,,22189000.0,31927000.0,-688409000.0,1496146000.0,-292162000.0,36934000.0,,-487413000.0,195251000.0,-14745000.0,180506000.0,1203984000.0,176300000.0,176636086.0,176885387.0
Eversource Energy,ES,SJ7XXD41SQU3ZNWUJ746,72741,2010.0,FY,2010-01-01,2010-12-31,2013-02-27 18:27:33+00:00,90054000.0,2.2,2.2,,533608000.0,2.19,,210409000.0,394107000.0,394107000.0,387949000.0,6158000.0,3035850000.0,4898167000.0,,,41916000.0,438764000.0,,3035850000.0,1862317000.0,237291000.0,,1062426000.0,799891000.0,-195375000.0,604516000.0,4898167000.0,176300000.0,176636086.0,176885387.0
Eversource Energy,ES,SJ7XXD41SQU3ZNWUJ746,72741,2010.0,Q3,2010-07-01,2010-09-30,2011-11-04 18:13:35+00:00,50341000.0,0.0,0.57,0.26,131388000.0,0.57,,41918000.0,101935000.0,101935000.0,100524000.0,1411000.0,494125000.0,1243337000.0,,,10118000.0,134378000.0,233472000.0,494125000.0,749212000.0,65898000.0,,549579000.0,199633000.0,-55780000.0,143853000.0,1243337000.0,,176752714.0,177012278.0
Eversource Energy,ES,SJ7XXD41SQU3ZNWUJ746,72741,2010.0,Q3YTD,2010-01-01,2010-09-30,,50907000.0,0.9,1.06,0.78,403686000.0,1.06,,161126000.0,262884000.0,262884000.0,258681000.0,4203000.0,1539704000.0,3694183000.0,,,19727000.0,406837000.0,688409000.0,1539704000.0,2154479000.0,200357000.0,,1549839000.0,604640000.0,-180630000.0,424010000.0,3694183000.0,,176752714.0,177012278.0
Eversource Energy,ES,SJ7XXD41SQU3ZNWUJ746,72741,2010.0,Q2,2010-04-01,2010-06-30,2011-08-05 09:08:39+00:00,8893000.0,0.41,0.0,0.26,134072000.0,0.0,,39351000.0,73348000.0,73348000.0,71946000.0,1402000.0,442230000.0,1111426000.0,,,1552000.0,141223000.0,206664000.0,442230000.0,669196000.0,67197000.0,,490852000.0,178344000.0,-65645000.0,112699000.0,1111426000.0,175500000.0,176571189.0,176736532.0
Eversource Energy,ES,SJ7XXD41SQU3ZNWUJ746,72741,2010.0,Q2YTD,2010-01-01,2010-06-30,,566000.0,0.9,0.49,0.52,272298000.0,0.49,,119208000.0,160949000.0,160949000.0,158157000.0,2792000.0,1045579000.0,2450846000.0,,,9609000.0,272459000.0,454937000.0,1045579000.0,1405267000.0,134459000.0,,1000260000.0,405007000.0,-124850000.0,280157000.0,2450846000.0,175500000.0,176571189.0,176736532.0
Eversource Energy,ES,SJ7XXD41SQU3ZNWUJ746,72741,2010.0,Q1,2010-01-01,2010-03-31,2011-05-06 15:30:21+00:00,-8327000.0,0.49,0.49,0.26,138226000.0,0.49,,79857000.0,87601000.0,87601000.0,86211000.0,1390000.0,603349000.0,1339420000.0,,,8057000.0,131236000.0,248273000.0,603349000.0,736071000.0,67262000.0,,509408000.0,226663000.0,-59205000.0,167458000.0,1339420000.0,175900000.0,176349762.0,176537472.0
Eversource Energy,ES,SJ7XXD41SQU3ZNWUJ746,72741,2011.0,Q4,2011-10-01,2011-12-31,,3518000.0,1.14,1.71,-0.84,97272000.0,1.71,,13018000.0,114779000.0,193498000.0,113299000.0,1480000.0,1617375000.0,2115514000.0,-78719000.0,78719000.0,63538000.0,247354000.0,-251978000.0,1617375000.0,498139000.0,3476000.0,,135136000.0,184869000.0,-111972000.0,127797000.0,2115514000.0,177800000.0,177410167.0,177804568.0
Eversource Energy,ES,SJ7XXD41SQU3ZNWUJ746,72741,2011.0,FY,2011-01-01,2011-12-31,2014-02-25 16:45:04+00:00,91080000.0,2.22,2.22,,372104000.0,2.22,,170953000.0,400513000.0,400513000.0,394693000.0,5820000.0,2753272000.0,4465657000.0,,,27715000.0,455025000.0,,2753272000.0,1712385000.0,250425000.0,,918209000.0,794176000.0,-222710000.0,571466000.0,4465657000.0,177800000.0,177410167.0,177804568.0
Eversource Energy,ES,SJ7XXD41SQU3ZNWUJ746,72741,2011.0,Q3,2011-07-01,2011-09-30,2012-11-07 15:45:09+00:00,36163000.0,0.0,0.51,0.28,92876000.0,0.51,,49883000.0,91431000.0,91431000.0,89961000.0,1470000.0,661788000.0,1114892000.0,,,1430000.0,120249000.0,,661788000.0,453104000.0,63932000.0,,249288000.0,203816000.0,-62502000.0,141314000.0,1114892000.0,,177497862.0,177835348.0
Eversource Energy,ES,SJ7XXD41SQU3ZNWUJ746,72741,2011.0,Q3YTD,2011-01-01,2011-09-30,,87562000.0,1.08,0.51,0.84,274832000.0,0.51,,157935000.0,285734000.0,207015000.0,281394000.0,4340000.0,1135897000.0,2350143000.0,78719000.0,-78719000.0,-35823000.0,207671000.0,251978000.0,1135897000.0,1214246000.0,246949000.0,,783073000.0,609307000.0,-110738000.0,443669000.0,2350143000.0,,177497862.0,177835348.0
Eversource Energy,ES,SJ7XXD41SQU3ZNWUJ746,72741,2011.0,Q2TTM,2010-07-01,2011-06-30,,99951000.0,1.71,1.71,-0.26,335813000.0,1.7,,130552000.0,306506000.0,306506000.0,301738000.0,4768000.0,2432501000.0,3558747000.0,,,-89286000.0,586691000.0,-469437000.0,2432501000.0,1126246000.0,46884000.0,,553018000.0,573228000.0,-136170000.0,437058000.0,3558747000.0,,,
Eversource Energy,ES,SJ7XXD41SQU3ZNWUJ746,72741,2011.0,Q1,2011-01-01,2011-03-31,2012-05-09 18:10:43+00:00,34407000.0,0.64,0.0,0.28,91233000.0,0.0,,63537000.0,115584000.0,115584000.0,114155000.0,1429000.0,474109000.0,1235251000.0,,,10313000.0,156167000.0,251978000.0,474109000.0,761142000.0,58549000.0,,533785000.0,227357000.0,-48236000.0,179121000.0,1235251000.0,178400000.0,177188207.0,177480996.0
Eversource Energy,ES,SJ7XXD41SQU3ZNWUJ746,72741,2011.0,Q1TTM,2010-04-01,2011-03-31,,132788000.0,2.35,1.71,0.02,486615000.0,1.7,,194089000.0,422090000.0,422090000.0,415893000.0,6197000.0,2906610000.0,4793998000.0,,,44172000.0,463695000.0,3705000.0,2906610000.0,1887388000.0,228578000.0,,1086803000.0,800585000.0,-184406000.0,616179000.0,4793998000.0,178400000.0,177188207.0,177480996.0
Eversource Energy,ES,SJ7XXD41SQU3ZNWUJ746,72741,2012.0,FY,2012-01-01,2012-12-31,2015-02-25 17:25:50+00:00,79762000.0,0.0,1.9,0.0,661029000.0,1.89,,274926000.0,533077000.0,533077000.0,525945000.0,7132000.0,3667434000.0,6273787000.0,,,19742000.0,747356000.0,,3667434000.0,2606353000.0,329945000.0,,1488147000.0,1118206000.0,-310203000.0,808003000.0,6273787000.0,,277209819.0,277993631.0
Eversource Energy,ES,SJ7XXD41SQU3ZNWUJ746,72741,2012.0,Q4,2012-10-01,2012-12-31,,4911000.0,-0.56,1.09,-0.97,189087000.0,1.08,,75547000.0,176595000.0,176595000.0,174716000.0,1879000.0,939854000.0,1683951000.0,,,4839000.0,218706000.0,,939854000.0,744097000.0,84090000.0,,412704000.0,331393000.0,-79251000.0,252142000.0,1683951000.0,,277209819.0,277993631.0
Eversource Energy,ES,SJ7XXD41SQU3ZNWUJ746,72741,2012.0,Q3,2012-07-01,2012-09-30,2013-11-04 17:24:13+00:00,43835000.0,0.0,0.66,0.34,187519000.0,0.66,,117360000.0,209508000.0,209508000.0,207628000.0,1880000.0,998282000.0,1861529000.0,,,4324000.0,218988000.0,,998282000.0,863247000.0,90361000.0,,450342000.0,412905000.0,-86037000.0,326868000.0,1861529000.0,,314806441.0,315805796.0
Eversource Energy,ES,SJ7XXD41SQU3ZNWUJ746,72741,2012.0,Q3YTD,2012-01-01,2012-09-30,,74851000.0,0.56,0.81,0.97,471942000.0,0.81,,199379000.0,356482000.0,356482000.0,351229000.0,5253000.0,2727580000.0,4589836000.0,,,14903000.0,528650000.0,,2727580000.0,1862256000.0,245855000.0,,1075443000.0,786813000.0,-230952000.0,555861000.0,4589836000.0,,314806441.0,315805796.0
Eversource Energy,ES,SJ7XXD41SQU3ZNWUJ746,72741,2012.0,Q3TTM,2011-10-01,2012-09-30,,78369000.0,1.7,2.52,0.13,569214000.0,2.52,,212397000.0,471261000.0,549980000.0,464528000.0,6733000.0,4344955000.0,6705350000.0,-78719000.0,78719000.0,78441000.0,776004000.0,-251978000.0,4344955000.0,2360395000.0,249331000.0,,1210579000.0,971682000.0,-342924000.0,683658000.0,6705350000.0,,314806441.0,315805796.0
Eversource Energy,ES,SJ7XXD41SQU3ZNWUJ746,72741,2012.0,Q2,2012-04-01,2012-06-30,2013-08-02 09:03:33+00:00,25590000.0,0.0,0.15,0.34,185237000.0,0.15,,26055000.0,46219000.0,46219000.0,44339000.0,1880000.0,1071991000.0,1628684000.0,,,1806000.0,186351000.0,,1071991000.0,556693000.0,89047000.0,,397178000.0,159515000.0,-87241000.0,72274000.0,1628684000.0,,301047753.0,301816884.0
Eversource Energy,ES,SJ7XXD41SQU3ZNWUJ746,72741,2012.0,Q2YTD,2012-01-01,2012-06-30,,31016000.0,0.56,0.15,0.63,284423000.0,0.15,,82019000.0,146974000.0,146974000.0,143601000.0,3373000.0,1729298000.0,2728307000.0,,,10579000.0,309662000.0,,1729298000.0,999009000.0,155494000.0,,625101000.0,373908000.0,-144915000.0,228993000.0,2728307000.0,,301047753.0,301816884.0
Eversource Energy,ES,SJ7XXD41SQU3ZNWUJ746,72741,2012.0,Q2TTM,2011-07-01,2012-06-30,,70697000.0,1.7,2.37,0.07,474571000.0,2.37,,144920000.0,353184000.0,431903000.0,346861000.0,6323000.0,4008461000.0,5958713000.0,-78719000.0,78719000.0,75547000.0,677265000.0,-251978000.0,4008461000.0,1950252000.0,222902000.0,,1009525000.0,762593000.0,-319389000.0,498104000.0,5958713000.0,,301047753.0,301816884.0
Eversource Energy,ES,SJ7XXD41SQU3ZNWUJ746,72741,2012.0,Q1,2012-01-01,2012-03-31,2013-05-03 17:40:17+00:00,5426000.0,0.56,0.0,0.29,99186000.0,0.0,,55964000.0,100755000.0,100755000.0,99262000.0,1493000.0,657307000.0,1099623000.0,,,8773000.0,123311000.0,,657307000.0,442316000.0,66447000.0,,227923000.0,214393000.0,-57674000.0,156719000.0,1099623000.0,177300000.0,178055716.0,178437453.0
Eversource Energy,ES,SJ7XXD41SQU3ZNWUJ746,72741,2012.0,Q1TTM,2011-04-01,2012-03-31,,62099000.0,2.14,2.22,0.01,380057000.0,2.22,,163380000.0,385684000.0,385684000.0,379800000.0,5884000.0,2936470000.0,4330029000.0,,,26175000.0,422169000.0,-251978000.0,2936470000.0,1393559000.0,258323000.0,,612347000.0,781212000.0,-232148000.0,549064000.0,4330029000.0,177300000.0,178055716.0,178437453.0
Eversource Energy,ES,SJ7XXD41SQU3ZNWUJ746,72741,2013.0,Q4,2013-10-01,2013-12-31,,27653000.0,0.57,0.57,-1.11,147142000.0,0.57,,101497000.0,179277000.0,179277000.0,177396000.0,1881000.0,1025987000.0,1777729000.0,,,8240000.0,216295000.0,,1025987000.0,751742000.0,88118000.0,,391090000.0,360652000.0,-79878000.0,280774000.0,1777729000.0,315700000.0,315311387.0,316211160.0
Eversource Energy,ES,SJ7XXD41SQU3ZNWUJ746,72741,2013.0,FY,2013-01-01,2013-12-31,2016-02-26 17:25:51+00:00,206322000.0,2.49,2.49,,653358000.0,2.49,,426941000.0,793689000.0,793689000.0,786007000.0,7682000.0,3997940000.0,7301204000.0,,,29894000.0,914149000.0,,3997940000.0,3303264000.0,338699000.0,,1773829000.0,1529435000.0,-308805000.0,1220630000.0,7301204000.0,315700000.0,315311387.0,316211160.0
Eversource Energy,ES,SJ7XXD41SQU3ZNWUJ746,72741,2013.0,Q3YTD,2013-01-01,2013-09-30,,178669000.0,1.92,1.92,1.11,506216000.0,1.92,,325444000.0,614412000.0,614412000.0,608611000.0,5801000.0,2971953000.0,5523475000.0,,,21654000.0,697854000.0,,2971953000.0,2551522000.0,250581000.0,,1382739000.0,1168783000.0,-228927000.0,939856000.0,5523475000.0,317400000.0,315291346.0,316218239.0
Eversource Energy,ES,SJ7XXD41SQU3ZNWUJ746,72741,2013.0,Q3TTM,2012-10-01,2013-09-30,,183580000.0,2.45,2.45,0.14,695303000.0,2.44,,400991000.0,791007000.0,791007000.0,783327000.0,7680000.0,3911807000.0,7207426000.0,,,26493000.0,916560000.0,,3911807000.0,3295619000.0,334671000.0,,1795443000.0,1500176000.0,-308178000.0,1191998000.0,7207426000.0,317400000.0,315291346.0,316218239.0
Eversource Energy,ES,SJ7XXD41SQU3ZNWUJ746,72741,2013.0,Q2YTD,2013-01-01,2013-06-30,,108623000.0,1.26,1.26,0.74,357111000.0,1.26,,216093000.0,403032000.0,403032000.0,399110000.0,3922000.0,1939372000.0,3630885000.0,,,12709000.0,456258000.0,,1939372000.0,1691513000.0,163105000.0,,921992000.0,769521000.0,-150396000.0,619125000.0,3630885000.0,316700000.0,315154130.0,315962619.0
Eversource Energy,ES,SJ7XXD41SQU3ZNWUJ746,72741,2013.0,Q2TTM,2012-07-01,2013-06-30,,157369000.0,2.45,2.45,0.11,733717000.0,2.44,,409000000.0,789135000.0,789135000.0,781454000.0,7681000.0,3877508000.0,7176365000.0,,,21872000.0,893952000.0,,3877508000.0,3298857000.0,337556000.0,,1785038000.0,1513819000.0,-315684000.0,1198135000.0,7176365000.0,316700000.0,315154130.0,315962619.0
Eversource Energy,ES,SJ7XXD41SQU3ZNWUJ746,72741,2013.0,Q1TTM,2012-04-01,2013-03-31,,128385000.0,-0.56,2.62,0.08,751319000.0,2.61,,339449000.0,662290000.0,662290000.0,654772000.0,7518000.0,4104028000.0,7169187000.0,,,88478000.0,862697000.0,,4104028000.0,3065159000.0,409497000.0,,1742401000.0,1322758000.0,-321019000.0,1001739000.0,7169187000.0,,315129782.0,316002538.0
Eversource Energy,ES,SJ7XXD41SQU3ZNWUJ746,72741,2014.0,Q4,2014-10-01,2014-12-31,,-31825000.0,2.19,0.7,-1.17,-456224000.0,0.7,,122439000.0,223489000.0,223489000.0,229127000.0,-5638000.0,-1960417000.0,1881120000.0,,,-842869000.0,3899326000.0,,-1960417000.0,3841537000.0,89898000.0,848435000.0,3411277000.0,430260000.0,-84332000.0,345928000.0,1881120000.0,319300000.0,316136748.0,317417414.0
Eversource Energy,ES,SJ7XXD41SQU3ZNWUJ746,72741,2014.0,Q3YTD,2014-01-01,2014-09-30,,31825000.0,0.4,1.89,1.17,456224000.0,1.88,,345858000.0,603576000.0,603576000.0,597938000.0,5638000.0,3388006000.0,5860736000.0,,,19053000.0,782092000.0,,3388006000.0,2472730000.0,272208000.0,,1270141000.0,1202589000.0,-253155000.0,949434000.0,5860736000.0,,316340691.0,317554925.0
Eversource Energy,ES,SJ7XXD41SQU3ZNWUJ746,72741,2014.0,Q3TTM,2013-10-01,2014-09-30,,59478000.0,1.72,2.46,0.06,603366000.0,2.45,,447355000.0,782853000.0,782853000.0,775334000.0,7519000.0,4413993000.0,7638465000.0,,,27293000.0,998387000.0,,4413993000.0,3224472000.0,360326000.0,,1661231000.0,1563241000.0,-333033000.0,1230208000.0,7638465000.0,,316340691.0,317554925.0
Eversource Energy,ES,SJ7XXD41SQU3ZNWUJ746,72741,2014.0,Q3,2014-07-01,2014-09-30,2015-11-06 14:37:01+00:00,-22531000.0,,0.74,0.39,153210000.0,0.74,,126539000.0,236493000.0,236493000.0,234614000.0,1879000.0,1060723000.0,1892532000.0,,,11860000.0,260220000.0,,1060723000.0,831809000.0,89738000.0,,390899000.0,440910000.0,-77878000.0,363032000.0,1892532000.0,,316340691.0,317554925.0
Eversource Energy,ES,SJ7XXD41SQU3ZNWUJ746,72741,2014.0,Q2YTD,2014-01-01,2014-06-30,,54356000.0,0.4,1.15,0.78,303014000.0,1.14,,219319000.0,367083000.0,367083000.0,363324000.0,3759000.0,2327283000.0,3968204000.0,,,7193000.0,521872000.0,,2327283000.0,1640921000.0,182470000.0,,879242000.0,761679000.0,-175277000.0,586402000.0,3968204000.0,318400000.0,315950510.0,317112801.0
Eversource Energy,ES,SJ7XXD41SQU3ZNWUJ746,72741,2014.0,Q2TTM,2013-07-01,2014-06-30,,152055000.0,2.38,2.38,0.04,599261000.0,2.37,,430167000.0,757740000.0,757740000.0,750221000.0,7519000.0,4385851000.0,7638523000.0,,,24378000.0,979763000.0,,4385851000.0,3252672000.0,358064000.0,,1731079000.0,1521593000.0,-333686000.0,1187907000.0,7638523000.0,318400000.0,315950510.0,317112801.0
Eversource Energy,ES,SJ7XXD41SQU3ZNWUJ746,72741,2014.0,Q2,2014-04-01,2014-06-30,2015-08-05 15:46:20+00:00,-3542000.0,0.4,0.4,0.39,152207000.0,0.4,,77774000.0,129247000.0,129247000.0,127367000.0,1880000.0,997445000.0,1677614000.0,,,5526000.0,237514000.0,,997445000.0,680169000.0,92495000.0,,386179000.0,293990000.0,-86969000.0,207021000.0,1677614000.0,318400000.0,315950510.0,317112801.0
Eversource Energy,ES,SJ7XXD41SQU3ZNWUJ746,72741,2014.0,Q1,2014-01-01,2014-03-31,2015-05-06 15:30:56+00:00,57898000.0,0.0,0.75,0.39,150807000.0,0.74,,141545000.0,237836000.0,237836000.0,235957000.0,1879000.0,1329838000.0,2290590000.0,,,1667000.0,284358000.0,,1329838000.0,960752000.0,89975000.0,,493063000.0,467689000.0,-88308000.0,379381000.0,2290590000.0,,315534512.0,316892119.0
Eversource Energy,ES,SJ7XXD41SQU3ZNWUJ746,72741,2014.0,Q1TTM,2013-04-01,2014-03-31,,210171000.0,2.49,2.52,0.02,614689000.0,2.51,,447999000.0,801557000.0,801557000.0,793875000.0,7682000.0,4233877000.0,7596771000.0,,,-45948000.0,959855000.0,,4233877000.0,3362894000.0,282675000.0,,1784715000.0,1578179000.0,-328623000.0,1249556000.0,7596771000.0,,315534512.0,316892119.0
Eversource Energy,ES,SJ7XXD41SQU3ZNWUJ746,72741,2015.0,FY,2015-01-01,2015-12-31,2018-02-23 17:34:18+00:00,22339000.0,2.77,2.77,1.67,665856000.0,2.76,,540000000.0,886004000.0,885971000.0,878500000.0,7500000.0,4416194000.0,7954800000.0,,,34227000.0,1086274000.0,,4416194000.0,3538606000.0,372420000.0,,1774469000.0,1764200000.0,-338193000.0,1425971000.0,7954800000.0,317100000.0,317336881.0,318432687.0
Eversource Energy,ES,SJ7XXD41SQU3ZNWUJ746,72741,2015.0,Q4,2015-10-01,2015-12-31,,-20248000.0,0.58,0.58,0.41,170467000.0,0.57,,119360000.0,183685000.0,183652000.0,181839000.0,1841000.0,889081000.0,1691203000.0,,,10401000.0,266494000.0,,889081000.0,802122000.0,92784000.0,,416713000.0,385510000.0,-82383000.0,303012000.0,1691203000.0,317100000.0,317336881.0,318432687.0
Eversource Energy,ES,SJ7XXD41SQU3ZNWUJ746,72741,2015.0,Q3,2015-07-01,2015-09-30,2016-11-04 14:23:24+00:00,-16851000.0,0.74,0.74,0.42,167884000.0,0.74,,144146000.0,237799000.0,237799000.0,235900000.0,1900000.0,1029923000.0,1933105000.0,,,5200000.0,282911000.0,,1029923000.0,903182000.0,92534000.0,,433944000.0,469200000.0,-87334000.0,381945000.0,1933105000.0,318800000.0,317452212.0,318405269.0
Eversource Energy,ES,SJ7XXD41SQU3ZNWUJ746,72741,2015.0,Q3TTM,2014-10-01,2015-09-30,,10762000.0,4.38,2.89,0.09,39165000.0,2.89,,543079000.0,925808000.0,925808000.0,925788000.0,21000.0,1566696000.0,8144717000.0,,,-819043000.0,4719106000.0,,1566696000.0,6578021000.0,369534000.0,848435000.0,4769033000.0,1808950000.0,-340142000.0,1468887000.0,8144717000.0,318800000.0,317452212.0,318405269.0
Eversource Energy,ES,SJ7XXD41SQU3ZNWUJ746,72741,2015.0,Q3YTD,2015-01-01,2015-09-30,,42587000.0,2.19,2.19,1.26,495389000.0,2.19,,420640000.0,702319000.0,702319000.0,696661000.0,5659000.0,3527113000.0,6263597000.0,,,23826000.0,819780000.0,,3527113000.0,2736484000.0,279636000.0,,1357756000.0,1378690000.0,-255810000.0,1122959000.0,6263597000.0,318800000.0,317452212.0,318405269.0
Eversource Energy,ES,SJ7XXD41SQU3ZNWUJ746,72741,2015.0,Q2,2015-04-01,2015-06-30,2016-08-05 11:46:57+00:00,-1166000.0,0.65,0.65,0.42,163668000.0,0.65,,123268000.0,209387000.0,209387000.0,207507000.0,1880000.0,1001759000.0,1817061000.0,,,12899000.0,240785000.0,,1001759000.0,815302000.0,92259000.0,,403287000.0,412015000.0,-79360000.0,332655000.0,1817061000.0,319200000.0,317613166.0,318559568.0
Eversource Energy,ES,SJ7XXD41SQU3ZNWUJ746,72741,2015.0,Q2TTM,2014-07-01,2015-06-30,,5082000.0,3.64,2.89,0.06,24491000.0,2.89,,525472000.0,924502000.0,924502000.0,924502000.0,,1597496000.0,8104144000.0,,,-812383000.0,4696415000.0,,1597496000.0,6506648000.0,366738000.0,848435000.0,4725988000.0,1780660000.0,-330686000.0,1449974000.0,8104144000.0,319200000.0,317613166.0,318559568.0
Eversource Energy,ES,SJ7XXD41SQU3ZNWUJ746,72741,2015.0,Q2YTD,2015-01-01,2015-06-30,,59438000.0,1.45,1.45,0.84,327505000.0,1.45,,276494000.0,464520000.0,464520000.0,460761000.0,3759000.0,2497190000.0,4330492000.0,,,18626000.0,536869000.0,,2497190000.0,1833302000.0,187102000.0,,923812000.0,909490000.0,-168476000.0,741014000.0,4330492000.0,319200000.0,317613166.0,318559568.0
Eversource Energy,ES,SJ7XXD41SQU3ZNWUJ746,72741,2015.0,Q1TTM,2014-04-01,2015-03-31,,2706000.0,3.39,2.64,0.03,13030000.0,2.64,,479978000.0,844362000.0,844362000.0,844362000.0,,1593182000.0,7964697000.0,,,-819756000.0,4693144000.0,,1593182000.0,6371515000.0,366974000.0,848435000.0,4708880000.0,1662635000.0,-338295000.0,1324340000.0,7964697000.0,316600000.0,317090841.0,318491188.0
Eversource Energy,ES,SJ7XXD41SQU3ZNWUJ746,72741,2015.0,Q1,2015-01-01,2015-03-31,2016-05-06 11:52:20+00:00,60604000.0,0.8,0.8,0.42,163837000.0,0.8,,153226000.0,255133000.0,255133000.0,253254000.0,1879000.0,1495431000.0,2513431000.0,,,5727000.0,296084000.0,,1495431000.0,1018000000.0,94843000.0,,520525000.0,497475000.0,-89116000.0,408359000.0,2513431000.0,316600000.0,317090841.0,318491188.0
Eversource Energy,ES,SJ7XXD41SQU3ZNWUJ746,72741,2016.0,Q4,2016-10-01,2016-12-31,,-56223000.0,0.73,0.73,-1.35,-531781000.0,0.72,,126810000.0,231060000.0,231060000.0,236749000.0,-5640000.0,-1625379000.0,1776639000.0,,,-4297875000.0,956093000.0,,-1625379000.0,3402018000.0,-699565000.0,922321000.0,368089000.0,3033952000.0,-2675989000.0,357870000.0,1776639000.0,319800000.0,317650180.0,318454239.0
Eversource Energy,ES,SJ7XXD41SQU3ZNWUJ746,72741,2016.0,Q3,2016-07-01,2016-09-30,2017-11-03 15:40:47+00:00,43942000.0,0.83,0.83,0.45,181288000.0,0.83,,156446000.0,267199000.0,267199000.0,265319000.0,1880000.0,990544000.0,2039706000.0,,,13641000.0,314063000.0,,990544000.0,1049162000.0,99900000.0,,539293000.0,509869000.0,-86259000.0,423645000.0,2039706000.0,319700000.0,317787836.0,318577079.0
Eversource Energy,ES,SJ7XXD41SQU3ZNWUJ746,72741,2016.0,Q3YTD,2016-01-01,2016-09-30,,56223000.0,2.24,2.24,1.35,531781000.0,2.24,,428187000.0,718761000.0,718761000.0,713072000.0,5640000.0,2967513000.0,5862490000.0,,,23690000.0,885181000.0,,2967513000.0,2894977000.0,298604000.0,,1473185000.0,1421769000.0,-274914000.0,1146948000.0,5862490000.0,319700000.0,317787836.0,318577079.0
Eversource Energy,ES,SJ7XXD41SQU3ZNWUJ746,72741,2016.0,Q3TTM,2015-10-01,2016-09-30,,35975000.0,2.82,2.82,1.76,702248000.0,2.81,,547547000.0,902446000.0,902413000.0,894911000.0,7481000.0,3856594000.0,7553693000.0,,,34091000.0,1151675000.0,,3856594000.0,3697099000.0,391388000.0,,1889898000.0,1807279000.0,-357297000.0,1449960000.0,7553693000.0,319700000.0,317787836.0,318577079.0
Eversource Energy,ES,SJ7XXD41SQU3ZNWUJ746,72741,2016.0,Q2,2016-04-01,2016-06-30,2017-08-04 14:23:30+00:00,-8716000.0,0.64,0.64,0.45,176507000.0,0.64,,125439000.0,205529000.0,205529000.0,203600000.0,1880000.0,901974000.0,1767184000.0,,,8038000.0,273997000.0,,901974000.0,865210000.0,100492000.0,,441788000.0,423400000.0,-92454000.0,330968000.0,1767184000.0,318100000.0,317785495.0,318476699.0
Eversource Energy,ES,SJ7XXD41SQU3ZNWUJ746,72741,2016.0,Q2YTD,2016-01-01,2016-06-30,,12281000.0,1.41,1.41,0.9,350493000.0,1.41,,271741000.0,451562000.0,451562000.0,447753000.0,3760000.0,1976969000.0,3822784000.0,,,10049000.0,571118000.0,,1976969000.0,1845815000.0,198704000.0,,933892000.0,911900000.0,-188655000.0,723303000.0,3822784000.0,318100000.0,317785495.0,318476699.0
Eversource Energy,ES,SJ7XXD41SQU3ZNWUJ746,72741,2016.0,Q2TTM,2015-07-01,2016-06-30,,-24818000.0,2.73,2.73,1.73,688844000.0,2.72,,535247000.0,873046000.0,873013000.0,865492000.0,7501000.0,3895973000.0,7447092000.0,,,25650000.0,1120523000.0,,3895973000.0,3551119000.0,384022000.0,,1784549000.0,1766610000.0,-358372000.0,1408260000.0,7447092000.0,318100000.0,317785495.0,318476699.0
Eversource Energy,ES,SJ7XXD41SQU3ZNWUJ746,72741,2016.0,Q1,2016-01-01,2016-03-31,2017-05-05 14:22:42+00:00,20997000.0,0.77,0.77,0.45,173986000.0,0.77,,146302000.0,246033000.0,246033000.0,244153000.0,1880000.0,1074995000.0,2055600000.0,,,2011000.0,297121000.0,,1074995000.0,980605000.0,98212000.0,,492104000.0,488500000.0,-96201000.0,392335000.0,2055600000.0,317100000.0,317517141.0,318481050.0
Eversource Energy,ES,SJ7XXD41SQU3ZNWUJ746,72741,2016.0,Q1TTM,2015-04-01,2016-03-31,,-17268000.0,2.74,2.74,1.7,676005000.0,2.73,,533076000.0,876904000.0,876871000.0,869399000.0,7501000.0,3995758000.0,7496969000.0,,,30511000.0,1087311000.0,,3995758000.0,3501211000.0,375789000.0,,1746048000.0,1755225000.0,-345278000.0,1409947000.0,7496969000.0,317100000.0,317517141.0,318481050.0
Eversource Energy,ES,SJ7XXD41SQU3ZNWUJ746,72741,2017.0,Q4,2017-10-01,2017-12-31,,-58058000.0,0.75,0.75,-1.44,-571152000.0,0.75,,130973000.0,239298000.0,239298000.0,244938000.0,-5640000.0,-1604350000.0,1895494000.0,,,28755000.0,3685241000.0,,-1604350000.0,3499844000.0,102278000.0,,3056031000.0,443790000.0,-73523000.0,370271000.0,1895494000.0,320100000.0,317411097.0,318031580.0
Eversource Energy,ES,SJ7XXD41SQU3ZNWUJ746,72741,2017.0,Q3,2017-07-01,2017-09-30,2018-11-06 12:01:45+00:00,41848000.0,0.82,0.82,0.48,194466000.0,0.82,,152818000.0,262250000.0,262250000.0,260370000.0,1880000.0,959549000.0,1988512000.0,,,28536000.0,297398000.0,,959549000.0,1028963000.0,108719000.0,,533712000.0,495251000.0,-80183000.0,415068000.0,1988512000.0,317500000.0,317393029.0,317949396.0
Eversource Energy,ES,SJ7XXD41SQU3ZNWUJ746,72741,2017.0,Q3YTD,2017-01-01,2017-09-30,,58058000.0,2.36,2.36,1.44,571152000.0,2.36,,447919000.0,756217000.0,756217000.0,750577000.0,5640000.0,2911402000.0,5856458000.0,,,79158000.0,871410000.0,,2911402000.0,2945056000.0,319477000.0,,1500620000.0,1444459000.0,-240319000.0,1204136000.0,5856458000.0,317500000.0,317393029.0,317949396.0
Eversource Energy,ES,SJ7XXD41SQU3ZNWUJ746,72741,2017.0,Q3TTM,2016-10-01,2017-09-30,,1835000.0,3.09,3.09,0.09,39371000.0,3.08,,574729000.0,987277000.0,987277000.0,987326000.0,,1286023000.0,7633097000.0,,,-4218717000.0,1827503000.0,,1286023000.0,6347074000.0,-380088000.0,922321000.0,1868709000.0,4478411000.0,-2916308000.0,1562006000.0,7633097000.0,317500000.0,317393029.0,317949396.0
Eversource Energy,ES,SJ7XXD41SQU3ZNWUJ746,72741,2017.0,Q2,2017-04-01,2017-06-30,2018-08-03 13:35:40+00:00,-7807000.0,0.72,0.72,0.48,189881000.0,0.72,,137272000.0,232629000.0,232629000.0,230749000.0,1880000.0,859897000.0,1762811000.0,,,29022000.0,272632000.0,,859897000.0,902914000.0,107329000.0,,454706000.0,448208000.0,-78307000.0,369901000.0,1762811000.0,320500000.0,317391365.0,317947194.0
Eversource Energy,ES,SJ7XXD41SQU3ZNWUJ746,72741,2017.0,Q2YTD,2017-01-01,2017-06-30,,16210000.0,1.54,1.54,0.96,376686000.0,1.54,,295101000.0,493967000.0,493967000.0,490207000.0,3760000.0,1951853000.0,3867946000.0,,,50622000.0,574012000.0,,1951853000.0,1916093000.0,210758000.0,,966908000.0,949208000.0,-160136000.0,789068000.0,3867946000.0,320500000.0,317391365.0,317947194.0
Eversource Energy,ES,SJ7XXD41SQU3ZNWUJ746,72741,2017.0,Q2TTM,2016-07-01,2017-06-30,,3929000.0,3.1,3.1,0.06,26193000.0,3.09,,578357000.0,992226000.0,992226000.0,992275000.0,,1317018000.0,7684291000.0,,,-4233612000.0,1844168000.0,,1317018000.0,6367273000.0,-388907000.0,922321000.0,1874290000.0,4493029000.0,-2922384000.0,1570583000.0,7684291000.0,320500000.0,317391365.0,317947194.0
Eversource Energy,ES,SJ7XXD41SQU3ZNWUJ746,72741,2017.0,Q1,2017-01-01,2017-03-31,2018-05-03 16:28:12+00:00,24017000.0,0.82,0.82,0.48,186805000.0,0.82,,157829000.0,261338000.0,261338000.0,259458000.0,1880000.0,1091956000.0,2105135000.0,,,21600000.0,301380000.0,,1091956000.0,1013179000.0,103429000.0,,512202000.0,501000000.0,-81829000.0,419167000.0,2105135000.0,316400000.0,317463151.0,318124536.0
Eversource Energy,ES,SJ7XXD41SQU3ZNWUJ746,72741,2017.0,Q1TTM,2016-04-01,2017-03-31,,3020000.0,3.02,3.02,0.03,12819000.0,3.01,,566524000.0,965126000.0,965126000.0,965126000.0,,1359095000.0,7688664000.0,,,-4254596000.0,1845533000.0,,1359095000.0,6329569000.0,-395744000.0,922321000.0,1861372000.0,4468221000.0,-2936531000.0,1531650000.0,7688664000.0,316400000.0,317463151.0,318124536.0
Eversource Energy,ES,SJ7XXD41SQU3ZNWUJ746,72741,2018.0,Q4,2018-10-01,2018-12-31,,-174108000.0,0.73,0.73,,-612077000.0,0.73,,68476000.0,233186000.0,233186000.0,238826000.0,-5640000.0,-2078622000.0,2034958000.0,,,23910000.0,4499742000.0,,-2078622000.0,4113580000.0,126071000.0,3800000.0,3713557000.0,400023000.0,-94561000.0,301662000.0,2034958000.0,320200000.0,317370369.0,317993934.0
Eversource Energy,ES,SJ7XXD41SQU3ZNWUJ746,72741,2018.0,Q3,2018-07-01,2018-09-30,2019-11-07 12:48:06+00:00,92711000.0,0.91,0.91,,208671000.0,0.91,0.0,66278000.0,291260000.0,291260000.0,289380000.0,1880000.0,1186766000.0,2271425000.0,,,16718000.0,317256000.0,,1186766000.0,1084659000.0,125201000.0,,618638000.0,466021000.0,-108483000.0,357538000.0,2271425000.0,318000000.0,317360110.0,317967311.0
Eversource Energy,ES,SJ7XXD41SQU3ZNWUJ746,72741,2018.0,Q3YTD,2018-01-01,2018-09-30,,174108000.0,2.52,2.52,,612077000.0,2.52,,220496000.0,807333000.0,807333000.0,801693000.0,5640000.0,3413835000.0,6413243000.0,,,100656000.0,913316000.0,,3413835000.0,2999408000.0,372734000.0,,1699501000.0,1299907000.0,-272078000.0,1027829000.0,6413243000.0,318000000.0,317360110.0,317967311.0
Eversource Energy,ES,SJ7XXD41SQU3ZNWUJ746,72741,2018.0,Q3TTM,2017-10-01,2018-09-30,,116050000.0,3.27,3.27,-1.44,40925000.0,3.27,,351469000.0,1046631000.0,1046631000.0,1046631000.0,,1809485000.0,8308737000.0,,,129411000.0,4598557000.0,,1809485000.0,6499252000.0,475012000.0,,4755532000.0,1743697000.0,-345601000.0,1398100000.0,8308737000.0,318000000.0,317360110.0,317967311.0
Eversource Energy,ES,SJ7XXD41SQU3ZNWUJ746,72741,2018.0,Q2,2018-04-01,2018-06-30,2019-08-06 14:47:21+00:00,36203000.0,0.76,0.76,,199140000.0,0.76,0.0,70452000.0,244647000.0,244647000.0,242767000.0,1880000.0,947773000.0,1853856000.0,,,50149000.0,279386000.0,,947773000.0,906083000.0,126404000.0,,514729000.0,391354000.0,-76255000.0,315099000.0,1853856000.0,319400000.0,317344596.0,317885187.0
Eversource Energy,ES,SJ7XXD41SQU3ZNWUJ746,72741,2018.0,Q2YTD,2018-01-01,2018-06-30,,81397000.0,1.61,1.61,,403406000.0,1.61,,154218000.0,516073000.0,516073000.0,512313000.0,3760000.0,2227069000.0,4141818000.0,,,83938000.0,596060000.0,,2227069000.0,1914749000.0,247533000.0,,1080863000.0,833886000.0,-163595000.0,670291000.0,4141818000.0,319400000.0,317344596.0,317885187.0
Eversource Energy,ES,SJ7XXD41SQU3ZNWUJ746,72741,2018.0,Q2TTM,2017-07-01,2018-06-30,,65187000.0,3.18,3.18,-0.96,26720000.0,3.18,,438009000.0,1017621000.0,1017621000.0,1017621000.0,,1582268000.0,8025824000.0,,,141229000.0,4578699000.0,,1582268000.0,6443556000.0,458530000.0,,4670606000.0,1772927000.0,-317301000.0,1455630000.0,8025824000.0,319400000.0,317344596.0,317885187.0
Eversource Energy,ES,SJ7XXD41SQU3ZNWUJ746,72741,2018.0,Q1,2018-01-01,2018-03-31,2019-05-07 11:41:03+00:00,45194000.0,0.85,0.85,0.505,204266000.0,0.85,,83766000.0,271426000.0,271426000.0,269546000.0,1880000.0,1279296000.0,2287962000.0,,,33789000.0,316674000.0,,1279296000.0,1008666000.0,121129000.0,,566134000.0,442532000.0,-87340000.0,355192000.0,2287962000.0,317100000.0,317397052.0,317992999.0
Eversource Energy,ES,SJ7XXD41SQU3ZNWUJ746,72741,2018.0,Q1TTM,2017-04-01,2018-03-31,,21177000.0,3.14,3.14,-0.48,17461000.0,3.14,,504829000.0,1005603000.0,1005603000.0,1005603000.0,,1494392000.0,7934779000.0,,,120102000.0,4571945000.0,,1494392000.0,6440387000.0,439455000.0,,4610583000.0,1829781000.0,-319353000.0,1510432000.0,7934779000.0,317100000.0,317397052.0,317992999.0
Eversource Energy,ES,SJ7XXD41SQU3ZNWUJ746,72741,2019.0,Q3,2019-07-01,2019-09-30,2019-11-07 12:48:06+00:00,73854000.0,0.98,0.98,,222599000.0,0.98,0.0,80226000.0,320764000.0,320764000.0,318884000.0,1880000.0,1061309000.0,2175797000.0,,,26968000.0,308797000.0,,1061309000.0,1114488000.0,135216000.0,,605250000.0,509238000.0,-108248000.0,400990000.0,2175797000.0,325400000.0,324037169.0,326008342.0
Eversource Energy,ES,SJ7XXD41SQU3ZNWUJ746,72741,2019.0,Q3YTD,2019-01-01,2019-09-30,,183760000.0,2.05,2.05,,656631000.0,2.05,239644000.0,194434000.0,664656000.0,664656000.0,659016000.0,5640000.0,3320702000.0,6476084000.0,,,103819000.0,920421000.0,,3320702000.0,3155382000.0,399655000.0,,2000456000.0,1154926000.0,-295836000.0,859090000.0,6476084000.0,325400000.0,324037169.0,326008342.0
Eversource Energy,ES,SJ7XXD41SQU3ZNWUJ746,72741,2019.0,Q3TTM,2018-10-01,2019-09-30,,9652000.0,2.78,2.78,,44554000.0,2.78,239644000.0,262910000.0,897842000.0,897842000.0,897842000.0,,1242080000.0,8511042000.0,,,131529000.0,5420163000.0,,1242080000.0,7268962000.0,525726000.0,3800000.0,5714013000.0,1554949000.0,-390397000.0,1160752000.0,8511042000.0,325400000.0,324037169.0,326008342.0
Eversource Energy,ES,SJ7XXD41SQU3ZNWUJ746,72741,2019.0,Q2,2019-04-01,2019-06-30,2019-08-06 14:47:21+00:00,38945000.0,0.1,0.1,,219084000.0,0.1,239644000.0,30815000.0,33334000.0,33334000.0,31454000.0,1880000.0,948914000.0,1884495000.0,,,45866000.0,286920000.0,,948914000.0,935581000.0,132705000.0,,784593000.0,150988000.0,-86839000.0,64149000.0,1884495000.0,314500000.0,319664998.0,320388490.0
Eversource Energy,ES,SJ7XXD41SQU3ZNWUJ746,72741,2019.0,Q2YTD,2019-01-01,2019-06-30,,109906000.0,1.07,1.07,,434032000.0,1.07,239644000.0,114208000.0,343892000.0,343892000.0,340132000.0,3760000.0,2259393000.0,4300287000.0,,,76851000.0,611624000.0,,2259393000.0,2040894000.0,264439000.0,,1395206000.0,645688000.0,-187588000.0,458100000.0,4300287000.0,314500000.0,319664998.0,320388490.0
Eversource Energy,ES,SJ7XXD41SQU3ZNWUJ746,72741,2019.0,Q2TTM,2018-07-01,2019-06-30,,28509000.0,2.71,2.71,,30626000.0,2.71,239644000.0,248962000.0,868338000.0,868338000.0,868338000.0,,1367537000.0,8606670000.0,,,121279000.0,5428622000.0,,1367537000.0,7239133000.0,515711000.0,3800000.0,5727401000.0,1511732000.0,-390632000.0,1117300000.0,8606670000.0,314500000.0,319664998.0,320388490.0
Eversource Energy,ES,SJ7XXD41SQU3ZNWUJ746,72741,2019.0,Q1,2019-01-01,2019-03-31,2019-05-07 11:41:03+00:00,70961000.0,0.97,0.97,0.535,214948000.0,0.97,,83393000.0,310558000.0,310558000.0,308678000.0,1880000.0,1310479000.0,2415792000.0,,,30985000.0,324704000.0,,1310479000.0,1105313000.0,131734000.0,,610613000.0,494700000.0,-100749000.0,393951000.0,2415792000.0,318200000.0,317624593.0,318316082.0
Eversource Energy,ES,SJ7XXD41SQU3ZNWUJ746,72741,2019.0,Q1TTM,2018-04-01,2019-03-31,,25767000.0,3.37,3.37,,10682000.0,3.37,,288599000.0,1079651000.0,1079651000.0,1079651000.0,,1366396000.0,8576031000.0,,,125562000.0,5421088000.0,,1366396000.0,7209635000.0,509410000.0,3800000.0,5457537000.0,1752098000.0,-380048000.0,1368250000.0,8576031000.0,318200000.0,317624593.0,318316082.0
