company_name,company_ticker,company_lei,company_cik,year,quarter,start_date,end_date,filing_date,basicdilutedeps,basiceps,cashdividendspershare,dilutedeps,impairmentexpense,incometaxexpense,netincome,netincomecontinuing,netincomediscontinued,netincometocommon,netincometononcontrollinginterest,operatingcostofrevenue,operatingrevenue,otherincome,otheroperatingexpenses,otherspecialcharges,sgaexpense,totalcostofrevenue,totalgrossprofit,totalinterestexpense,totaloperatingexpenses,totaloperatingincome,totalotherincome,totalpretaxincome,totalrevenue,weightedavebasicdilutedsharesos,weightedavebasicsharesos,weightedavedilutedsharesos
Masco Corp,MAS,5GCSNMQXHEYA1JO8QN11,62996,2007.0,FY,2007-01-01,2007-12-31,2010-02-16 17:29:39+00:00,1.02,1.02,,1.02,119000000.0,337000000.0,423000000.0,539000000.0,-116000000.0,386000000.0,37000000.0,8280000000.0,11413000000.0,73000000.0,,,1953000000.0,8280000000.0,3133000000.0,258000000.0,2072000000.0,1061000000.0,-185000000.0,876000000.0,11413000000.0,378400000.0,378400000.0,378400000.0
Masco Corp,MAS,5GCSNMQXHEYA1JO8QN11,62996,2008.0,FY,2008-01-01,2008-12-31,2011-02-18 16:17:00+00:00,-1.13,-1.13,0.925,-1.13,467000000.0,134000000.0,-352000000.0,-327000000.0,-25000000.0,-391000000.0,39000000.0,7125000000.0,9484000000.0,-55000000.0,,,1802000000.0,7125000000.0,2359000000.0,228000000.0,2269000000.0,90000000.0,-283000000.0,-193000000.0,9484000000.0,353000000.0,353000000.0,353000000.0
Masco Corp,MAS,5GCSNMQXHEYA1JO8QN11,62996,2008.0,Q3,2008-07-01,2008-09-30,2009-10-29 14:41:39+00:00,0.09,0.09,,0.09,,92000000.0,44000000.0,46000000.0,-2000000.0,33000000.0,11000000.0,1863000000.0,2511000000.0,3000000.0,0.0,,454000000.0,1863000000.0,648000000.0,59000000.0,454000000.0,194000000.0,-56000000.0,138000000.0,2511000000.0,366700000.0,366700000.0,366700000.0
Masco Corp,MAS,5GCSNMQXHEYA1JO8QN11,62996,2008.0,Q2,2008-04-01,2008-06-30,2009-08-25 16:27:49+00:00,0.23,0.23,,0.23,,75000000.0,94000000.0,84000000.0,10000000.0,82000000.0,12000000.0,1943000000.0,2643000000.0,1000000.0,0.0,,485000000.0,1943000000.0,700000000.0,57000000.0,485000000.0,215000000.0,-56000000.0,159000000.0,2643000000.0,356500000.0,356500000.0,356500000.0
Masco Corp,MAS,5GCSNMQXHEYA1JO8QN11,62996,2009.0,Q4,2009-10-01,2009-12-31,,-0.76,-0.53,0.31,-0.53,262000000.0,-79000000.0,-174000000.0,-152000000.0,-22000000.0,-185000000.0,11000000.0,1276000000.0,1763000000.0,7000000.0,-8000000.0,,415000000.0,1276000000.0,487000000.0,56000000.0,669000000.0,-182000000.0,-49000000.0,-231000000.0,1763000000.0,351000000.0,351000000.0,351000000.0
Masco Corp,MAS,5GCSNMQXHEYA1JO8QN11,62996,2009.0,FY,2009-01-01,2009-12-31,2012-02-21 16:51:13+00:00,-0.53,-0.53,0.46,-0.53,262000000.0,-44000000.0,-145000000.0,-92000000.0,-53000000.0,-183000000.0,38000000.0,5647000000.0,7657000000.0,19000000.0,,,1678000000.0,5647000000.0,2010000000.0,225000000.0,1940000000.0,70000000.0,-206000000.0,-136000000.0,7657000000.0,351000000.0,351000000.0,351000000.0
Masco Corp,MAS,5GCSNMQXHEYA1JO8QN11,62996,2009.0,Q3YTD,2009-01-01,2009-09-30,,0.23,0.23,0.15,0.23,,35000000.0,29000000.0,60000000.0,-31000000.0,2000000.0,27000000.0,4371000000.0,5894000000.0,12000000.0,8000000.0,,1263000000.0,4371000000.0,1523000000.0,169000000.0,1271000000.0,252000000.0,-157000000.0,95000000.0,5894000000.0,350000000.0,350000000.0,350000000.0
Masco Corp,MAS,5GCSNMQXHEYA1JO8QN11,62996,2009.0,Q3,2009-07-01,2009-09-30,2010-10-28 13:16:28+00:00,0.08,0.08,0.075,0.08,,26000000.0,40000000.0,63000000.0,-23000000.0,28000000.0,12000000.0,1517000000.0,2084000000.0,7000000.0,,,429000000.0,1517000000.0,567000000.0,56000000.0,429000000.0,138000000.0,-49000000.0,89000000.0,2084000000.0,350000000.0,350000000.0,350000000.0
Masco Corp,MAS,5GCSNMQXHEYA1JO8QN11,62996,2009.0,Q2YTD,2009-01-01,2009-06-30,,0.15,-0.08,0.08,-0.08,,9000000.0,-11000000.0,-3000000.0,-8000000.0,-26000000.0,15000000.0,2854000000.0,3810000000.0,5000000.0,8000000.0,,834000000.0,2854000000.0,956000000.0,113000000.0,842000000.0,114000000.0,-108000000.0,6000000.0,3810000000.0,350000000.0,366700000.0,350000000.0
Masco Corp,MAS,5GCSNMQXHEYA1JO8QN11,62996,2009.0,Q2,2009-04-01,2009-06-30,2010-07-29 14:29:31+00:00,0.15,0.15,0.075,0.15,,-8000000.0,63000000.0,75000000.0,-12000000.0,55000000.0,8000000.0,1470000000.0,2013000000.0,8000000.0,,,427000000.0,1470000000.0,543000000.0,57000000.0,427000000.0,116000000.0,-49000000.0,67000000.0,2013000000.0,350000000.0,366700000.0,350000000.0
Masco Corp,MAS,5GCSNMQXHEYA1JO8QN11,62996,2009.0,Q1,2009-01-01,2009-03-31,2010-04-30 09:05:17+00:00,,-0.23,,-0.23,,17000000.0,-74000000.0,-78000000.0,4000000.0,-81000000.0,7000000.0,1384000000.0,1797000000.0,-3000000.0,8000000.0,,407000000.0,1384000000.0,413000000.0,56000000.0,415000000.0,-2000000.0,-59000000.0,-61000000.0,1797000000.0,,352200000.0,352200000.0
Masco Corp,MAS,5GCSNMQXHEYA1JO8QN11,62996,2010.0,Q4,2010-10-01,2010-12-31,,-2.97,-2.97,1.2,-2.97,698000000.0,187000000.0,-1025000000.0,-1004000000.0,-21000000.0,-1034000000.0,9000000.0,1328000000.0,1629000000.0,8000000.0,,,365000000.0,1328000000.0,301000000.0,63000000.0,1063000000.0,-762000000.0,-55000000.0,-817000000.0,1629000000.0,349000000.0,349000000.0,349000000.0
Masco Corp,MAS,5GCSNMQXHEYA1JO8QN11,62996,2010.0,FY,2010-01-01,2010-12-31,2013-02-15 16:49:57+00:00,-3.0,-3.0,0.3,-3.0,698000000.0,240000000.0,-1002000000.0,-981000000.0,-21000000.0,-1043000000.0,41000000.0,5653000000.0,7486000000.0,-27000000.0,,,1598000000.0,5653000000.0,1833000000.0,251000000.0,2296000000.0,-463000000.0,-278000000.0,-741000000.0,7486000000.0,349000000.0,349000000.0,349000000.0
Masco Corp,MAS,5GCSNMQXHEYA1JO8QN11,62996,2010.0,Q3,2010-07-01,2010-09-30,2011-10-28 12:05:46+00:00,-0.02,-0.02,-0.75,-0.02,,31000000.0,7000000.0,7000000.0,,-5000000.0,12000000.0,1463000000.0,1957000000.0,-1000000.0,,,392000000.0,1463000000.0,494000000.0,63000000.0,392000000.0,102000000.0,-64000000.0,38000000.0,1957000000.0,250000000.0,250000000.0,250000000.0
Masco Corp,MAS,5GCSNMQXHEYA1JO8QN11,62996,2010.0,Q3YTD,2010-01-01,2010-09-30,,-0.03,-0.03,-0.9,-0.03,,53000000.0,23000000.0,23000000.0,,-9000000.0,32000000.0,4325000000.0,5857000000.0,-35000000.0,,,1233000000.0,4325000000.0,1532000000.0,188000000.0,1233000000.0,299000000.0,-223000000.0,76000000.0,5857000000.0,250000000.0,250000000.0,250000000.0
Masco Corp,MAS,5GCSNMQXHEYA1JO8QN11,62996,2010.0,Q3TTM,2009-10-01,2010-09-30,,-0.79,-0.56,-0.59,-0.56,262000000.0,-26000000.0,-151000000.0,-129000000.0,-22000000.0,-194000000.0,43000000.0,5601000000.0,7620000000.0,-28000000.0,-8000000.0,,1648000000.0,5601000000.0,2019000000.0,244000000.0,1902000000.0,117000000.0,-272000000.0,-155000000.0,7620000000.0,250000000.0,250000000.0,250000000.0
Masco Corp,MAS,5GCSNMQXHEYA1JO8QN11,62996,2010.0,Q2,2010-04-01,2010-06-30,2011-07-28 16:16:21+00:00,0.01,0.01,-0.075,0.01,,4000000.0,12000000.0,12000000.0,,3000000.0,9000000.0,1502000000.0,2048000000.0,-36000000.0,,,427000000.0,1502000000.0,546000000.0,67000000.0,427000000.0,119000000.0,-103000000.0,16000000.0,2048000000.0,300000000.0,300000000.0,300000000.0
Masco Corp,MAS,5GCSNMQXHEYA1JO8QN11,62996,2010.0,Q2YTD,2010-01-01,2010-06-30,,-0.01,-0.01,-0.15,-0.01,,22000000.0,16000000.0,16000000.0,,-4000000.0,20000000.0,2862000000.0,3900000000.0,-34000000.0,,,841000000.0,2862000000.0,1038000000.0,125000000.0,841000000.0,197000000.0,-159000000.0,38000000.0,3900000000.0,300000000.0,300000000.0,300000000.0
Masco Corp,MAS,5GCSNMQXHEYA1JO8QN11,62996,2010.0,Q2TTM,2009-07-01,2010-06-30,,-0.69,-0.46,0.24,-0.46,262000000.0,-31000000.0,-118000000.0,-73000000.0,-45000000.0,-161000000.0,43000000.0,5655000000.0,7747000000.0,-20000000.0,-8000000.0,,1685000000.0,5655000000.0,2092000000.0,237000000.0,1939000000.0,153000000.0,-257000000.0,-104000000.0,7747000000.0,300000000.0,300000000.0,300000000.0
Masco Corp,MAS,5GCSNMQXHEYA1JO8QN11,62996,2010.0,Q1,2010-01-01,2010-03-31,2011-04-28 15:42:49+00:00,-0.02,-0.02,-0.075,-0.02,,18000000.0,4000000.0,4000000.0,,-7000000.0,11000000.0,1360000000.0,1852000000.0,2000000.0,,,414000000.0,1360000000.0,492000000.0,58000000.0,414000000.0,78000000.0,-56000000.0,22000000.0,1852000000.0,350000000.0,350000000.0,350000000.0
Masco Corp,MAS,5GCSNMQXHEYA1JO8QN11,62996,2010.0,Q1TTM,2009-04-01,2010-03-31,,-0.55,-0.32,0.39,-0.32,262000000.0,-43000000.0,-67000000.0,-10000000.0,-57000000.0,-109000000.0,42000000.0,5623000000.0,7712000000.0,24000000.0,-8000000.0,,1685000000.0,5623000000.0,2089000000.0,227000000.0,1939000000.0,150000000.0,-203000000.0,-53000000.0,7712000000.0,350000000.0,350000000.0,350000000.0
Masco Corp,MAS,5GCSNMQXHEYA1JO8QN11,62996,2011.0,FY,2011-01-01,2011-12-31,2014-02-14 15:47:06+00:00,-1.66,-1.66,0.3,-1.66,450000000.0,-40000000.0,-533000000.0,-352000000.0,-181000000.0,-575000000.0,42000000.0,5383000000.0,7170000000.0,77000000.0,,9000000.0,1543000000.0,5383000000.0,1787000000.0,254000000.0,2002000000.0,-215000000.0,-177000000.0,-392000000.0,7170000000.0,348000000.0,348000000.0,348000000.0
Masco Corp,MAS,5GCSNMQXHEYA1JO8QN11,62996,2011.0,Q4,2011-10-01,2011-12-31,,-1.65,-1.65,0.07,-1.65,450000000.0,-95000000.0,-568000000.0,-418000000.0,-150000000.0,-573000000.0,5000000.0,1106000000.0,1441000000.0,2000000.0,,3000000.0,333000000.0,1106000000.0,335000000.0,64000000.0,786000000.0,-451000000.0,-62000000.0,-513000000.0,1441000000.0,348000000.0,348000000.0,348000000.0
Masco Corp,MAS,5GCSNMQXHEYA1JO8QN11,62996,2011.0,Q3YTD,2011-01-01,2011-09-30,,-0.01,-0.01,0.22,-0.01,,55000000.0,35000000.0,66000000.0,-31000000.0,-2000000.0,37000000.0,4277000000.0,5729000000.0,75000000.0,,6000000.0,1210000000.0,4277000000.0,1452000000.0,190000000.0,1216000000.0,236000000.0,-115000000.0,121000000.0,5729000000.0,348000000.0,348000000.0,348000000.0
Masco Corp,MAS,5GCSNMQXHEYA1JO8QN11,62996,2011.0,Q3TTM,2010-10-01,2011-09-30,,-2.98,-2.98,1.42,-2.98,698000000.0,242000000.0,-990000000.0,-938000000.0,-52000000.0,-1036000000.0,46000000.0,5605000000.0,7358000000.0,83000000.0,,6000000.0,1575000000.0,5605000000.0,1753000000.0,253000000.0,2279000000.0,-526000000.0,-170000000.0,-696000000.0,7358000000.0,348000000.0,348000000.0,348000000.0
Masco Corp,MAS,5GCSNMQXHEYA1JO8QN11,62996,2011.0,Q3,2011-07-01,2011-09-30,2012-10-31 15:08:44+00:00,0.1,0.1,0.075,0.1,,4000000.0,49000000.0,69000000.0,-20000000.0,36000000.0,13000000.0,1483000000.0,1978000000.0,22000000.0,,1000000.0,380000000.0,1483000000.0,495000000.0,63000000.0,381000000.0,114000000.0,-41000000.0,73000000.0,1978000000.0,348000000.0,348000000.0,348000000.0
Masco Corp,MAS,5GCSNMQXHEYA1JO8QN11,62996,2011.0,Q2YTD,2011-01-01,2011-06-30,,-0.11,-0.11,0.15,-0.11,,51000000.0,-14000000.0,-3000000.0,-11000000.0,-38000000.0,24000000.0,2794000000.0,3751000000.0,53000000.0,,5000000.0,830000000.0,2794000000.0,957000000.0,127000000.0,835000000.0,122000000.0,-74000000.0,48000000.0,3751000000.0,400000000.0,400000000.0,400000000.0
Masco Corp,MAS,5GCSNMQXHEYA1JO8QN11,62996,2011.0,Q2TTM,2010-07-01,2011-06-30,,-3.1,-3.1,0.6,-3.1,698000000.0,269000000.0,-1032000000.0,-1000000000.0,-32000000.0,-1077000000.0,45000000.0,5585000000.0,7337000000.0,60000000.0,,5000000.0,1587000000.0,5585000000.0,1752000000.0,253000000.0,2290000000.0,-538000000.0,-193000000.0,-731000000.0,7337000000.0,400000000.0,400000000.0,400000000.0
Masco Corp,MAS,5GCSNMQXHEYA1JO8QN11,62996,2011.0,Q2,2011-04-01,2011-06-30,2012-07-31 16:08:18+00:00,0.02,0.02,0.075,0.02,,38000000.0,20000000.0,26000000.0,-6000000.0,8000000.0,12000000.0,1466000000.0,1998000000.0,32000000.0,,5000000.0,431000000.0,1466000000.0,532000000.0,64000000.0,436000000.0,96000000.0,-32000000.0,64000000.0,1998000000.0,400000000.0,400000000.0,400000000.0
Masco Corp,MAS,5GCSNMQXHEYA1JO8QN11,62996,2011.0,Q1TTM,2010-04-01,2011-03-31,,-3.11,-3.11,0.45,-3.11,698000000.0,235000000.0,-1040000000.0,-1014000000.0,-26000000.0,-1082000000.0,42000000.0,5621000000.0,7387000000.0,-8000000.0,,,1583000000.0,5621000000.0,1766000000.0,256000000.0,2281000000.0,-515000000.0,-264000000.0,-779000000.0,7387000000.0,349000000.0,349000000.0,349000000.0
Masco Corp,MAS,5GCSNMQXHEYA1JO8QN11,62996,2011.0,Q1,2011-01-01,2011-03-31,2012-05-02 15:00:03+00:00,-0.13,-0.13,0.075,-0.13,,13000000.0,-34000000.0,-29000000.0,-5000000.0,-46000000.0,12000000.0,1328000000.0,1753000000.0,21000000.0,,,399000000.0,1328000000.0,425000000.0,63000000.0,399000000.0,26000000.0,-42000000.0,-16000000.0,1753000000.0,349000000.0,349000000.0,349000000.0
Masco Corp,MAS,5GCSNMQXHEYA1JO8QN11,62996,2012.0,FY,2012-01-01,2012-12-31,2015-02-13 13:45:45+00:00,-0.33,-0.33,0.3,-0.33,42000000.0,91000000.0,-79000000.0,-18000000.0,-61000000.0,-114000000.0,35000000.0,5539000000.0,7495000000.0,25000000.0,,77000000.0,1535000000.0,5539000000.0,1956000000.0,254000000.0,1654000000.0,302000000.0,-229000000.0,73000000.0,7495000000.0,349000000.0,349000000.0,349000000.0
Masco Corp,MAS,5GCSNMQXHEYA1JO8QN11,62996,2012.0,Q4,2012-10-01,2012-12-31,,-0.24,-0.24,0.07,-0.24,42000000.0,37000000.0,-80000000.0,-63000000.0,-17000000.0,-87000000.0,7000000.0,1380000000.0,1831000000.0,3000000.0,,3000000.0,375000000.0,1380000000.0,451000000.0,60000000.0,420000000.0,31000000.0,-57000000.0,-26000000.0,1831000000.0,349000000.0,349000000.0,349000000.0
Masco Corp,MAS,5GCSNMQXHEYA1JO8QN11,62996,2012.0,Q3YTD,2012-01-01,2012-09-30,,-0.09,-0.09,0.22,-0.09,,54000000.0,1000000.0,45000000.0,-44000000.0,-27000000.0,28000000.0,4159000000.0,5664000000.0,22000000.0,,74000000.0,1160000000.0,4159000000.0,1505000000.0,194000000.0,1234000000.0,271000000.0,-172000000.0,99000000.0,5664000000.0,375000000.0,375000000.0,375000000.0
Masco Corp,MAS,5GCSNMQXHEYA1JO8QN11,62996,2012.0,Q3TTM,2011-10-01,2012-09-30,,-1.74,-1.74,0.3,-1.74,450000000.0,-41000000.0,-567000000.0,-373000000.0,-194000000.0,-600000000.0,33000000.0,5265000000.0,7105000000.0,24000000.0,,77000000.0,1493000000.0,5265000000.0,1840000000.0,258000000.0,2020000000.0,-180000000.0,-234000000.0,-414000000.0,7105000000.0,375000000.0,375000000.0,375000000.0
Masco Corp,MAS,5GCSNMQXHEYA1JO8QN11,62996,2012.0,Q3,2012-07-01,2012-09-30,2013-10-29 15:54:23+00:00,0.04,0.04,0.075,0.04,,16000000.0,24000000.0,35000000.0,-11000000.0,15000000.0,9000000.0,1413000000.0,1913000000.0,5000000.0,,1000000.0,391000000.0,1413000000.0,500000000.0,62000000.0,392000000.0,108000000.0,-57000000.0,51000000.0,1913000000.0,375000000.0,375000000.0,375000000.0
Masco Corp,MAS,5GCSNMQXHEYA1JO8QN11,62996,2012.0,Q2YTD,2012-01-01,2012-06-30,,-0.13,-0.13,0.15,-0.13,,38000000.0,-23000000.0,10000000.0,-33000000.0,-42000000.0,19000000.0,2746000000.0,3751000000.0,17000000.0,,73000000.0,769000000.0,2746000000.0,1005000000.0,132000000.0,842000000.0,163000000.0,-115000000.0,48000000.0,3751000000.0,349000000.0,349000000.0,349000000.0
Masco Corp,MAS,5GCSNMQXHEYA1JO8QN11,62996,2012.0,Q2TTM,2011-07-01,2012-06-30,,-1.68,-1.68,0.3,-1.68,450000000.0,-53000000.0,-542000000.0,-339000000.0,-203000000.0,-579000000.0,37000000.0,5335000000.0,7170000000.0,41000000.0,,77000000.0,1482000000.0,5335000000.0,1835000000.0,259000000.0,2009000000.0,-174000000.0,-218000000.0,-392000000.0,7170000000.0,349000000.0,349000000.0,349000000.0
Masco Corp,MAS,5GCSNMQXHEYA1JO8QN11,62996,2012.0,Q2,2012-04-01,2012-06-30,2013-07-31 13:27:31+00:00,-0.22,-0.22,0.075,-0.22,,31000000.0,-67000000.0,-43000000.0,-24000000.0,-75000000.0,8000000.0,1424000000.0,1945000000.0,2000000.0,,75000000.0,392000000.0,1424000000.0,521000000.0,68000000.0,467000000.0,54000000.0,-66000000.0,-12000000.0,1945000000.0,349000000.0,349000000.0,349000000.0
Masco Corp,MAS,5GCSNMQXHEYA1JO8QN11,62996,2012.0,Q1TTM,2011-04-01,2012-03-31,,-1.44,-1.44,0.3,-1.44,450000000.0,-46000000.0,-455000000.0,-270000000.0,-185000000.0,-496000000.0,41000000.0,5377000000.0,7223000000.0,71000000.0,,7000000.0,1521000000.0,5377000000.0,1846000000.0,255000000.0,1978000000.0,-132000000.0,-184000000.0,-316000000.0,7223000000.0,349000000.0,349000000.0,349000000.0
Masco Corp,MAS,5GCSNMQXHEYA1JO8QN11,62996,2012.0,Q1,2012-01-01,2012-03-31,2013-05-02 13:37:44+00:00,0.09,0.09,0.075,0.09,,7000000.0,44000000.0,53000000.0,-9000000.0,33000000.0,11000000.0,1322000000.0,1806000000.0,15000000.0,,-2000000.0,377000000.0,1322000000.0,484000000.0,64000000.0,375000000.0,109000000.0,-49000000.0,60000000.0,1806000000.0,349000000.0,349000000.0,349000000.0
Masco Corp,MAS,5GCSNMQXHEYA1JO8QN11,62996,2013.0,FY,2013-01-01,2013-12-31,2016-02-12 16:15:33+00:00,0.8,0.8,0.3,0.8,,86000000.0,329000000.0,300000000.0,29000000.0,288000000.0,41000000.0,4802000000.0,6761000000.0,9000000.0,,,1347000000.0,4802000000.0,1959000000.0,235000000.0,1347000000.0,612000000.0,-226000000.0,386000000.0,6761000000.0,350000000.0,350000000.0,350000000.0
Masco Corp,MAS,5GCSNMQXHEYA1JO8QN11,62996,2013.0,Q4,2013-10-01,2013-12-31,,0.12,0.12,0.07,0.13,,-5000000.0,59000000.0,14000000.0,45000000.0,48000000.0,11000000.0,351000000.0,586000000.0,-14000000.0,,,155000000.0,351000000.0,235000000.0,57000000.0,155000000.0,80000000.0,-71000000.0,9000000.0,586000000.0,350000000.0,350000000.0,350000000.0
Masco Corp,MAS,5GCSNMQXHEYA1JO8QN11,62996,2013.0,Q3YTD,2013-01-01,2013-09-30,,0.68,0.68,0.22,0.67,,91000000.0,270000000.0,286000000.0,-16000000.0,240000000.0,30000000.0,4451000000.0,6175000000.0,23000000.0,,,1192000000.0,4451000000.0,1724000000.0,178000000.0,1192000000.0,532000000.0,-155000000.0,377000000.0,6175000000.0,349000000.0,349000000.0,349000000.0
Masco Corp,MAS,5GCSNMQXHEYA1JO8QN11,62996,2013.0,Q3TTM,2012-10-01,2013-09-30,,0.44,0.44,0.3,0.43,42000000.0,128000000.0,190000000.0,223000000.0,-33000000.0,153000000.0,37000000.0,5831000000.0,8006000000.0,26000000.0,,3000000.0,1567000000.0,5831000000.0,2175000000.0,238000000.0,1612000000.0,563000000.0,-212000000.0,351000000.0,8006000000.0,349000000.0,349000000.0,349000000.0
Masco Corp,MAS,5GCSNMQXHEYA1JO8QN11,62996,2013.0,Q3,2013-07-01,2013-09-30,2014-10-28 13:59:09+00:00,0.31,0.31,0.075,0.3,,38000000.0,120000000.0,122000000.0,-2000000.0,109000000.0,11000000.0,1543000000.0,2150000000.0,6000000.0,,,395000000.0,1543000000.0,607000000.0,58000000.0,395000000.0,212000000.0,-52000000.0,160000000.0,2150000000.0,349000000.0,349000000.0,349000000.0
Masco Corp,MAS,5GCSNMQXHEYA1JO8QN11,62996,2013.0,Q2YTD,2013-01-01,2013-06-30,,0.37,0.37,0.15,0.37,,53000000.0,150000000.0,164000000.0,-14000000.0,131000000.0,19000000.0,2908000000.0,4025000000.0,17000000.0,,,797000000.0,2908000000.0,1117000000.0,120000000.0,797000000.0,320000000.0,-103000000.0,217000000.0,4025000000.0,349000000.0,349000000.0,349000000.0
Masco Corp,MAS,5GCSNMQXHEYA1JO8QN11,62996,2013.0,Q2TTM,2012-07-01,2013-06-30,,0.17,0.17,0.3,0.17,42000000.0,106000000.0,94000000.0,136000000.0,-42000000.0,59000000.0,35000000.0,5701000000.0,7769000000.0,25000000.0,,4000000.0,1563000000.0,5701000000.0,2068000000.0,242000000.0,1609000000.0,459000000.0,-217000000.0,242000000.0,7769000000.0,349000000.0,349000000.0,349000000.0
Masco Corp,MAS,5GCSNMQXHEYA1JO8QN11,62996,2013.0,Q2,2013-04-01,2013-06-30,2014-07-29 13:33:18+00:00,0.22,0.22,0.075,0.22,,39000000.0,88000000.0,93000000.0,-5000000.0,78000000.0,10000000.0,1540000000.0,2149000000.0,4000000.0,,,421000000.0,1540000000.0,609000000.0,60000000.0,421000000.0,188000000.0,-56000000.0,132000000.0,2149000000.0,349000000.0,349000000.0,349000000.0
Masco Corp,MAS,5GCSNMQXHEYA1JO8QN11,62996,2013.0,Q1TTM,2012-04-01,2013-03-31,,-0.27,-0.27,0.3,-0.27,42000000.0,98000000.0,-61000000.0,,-61000000.0,-94000000.0,33000000.0,5585000000.0,7565000000.0,23000000.0,,79000000.0,1534000000.0,5585000000.0,1980000000.0,250000000.0,1655000000.0,325000000.0,-227000000.0,98000000.0,7565000000.0,350000000.0,350000000.0,350000000.0
Masco Corp,MAS,5GCSNMQXHEYA1JO8QN11,62996,2013.0,Q1,2013-01-01,2013-03-31,2014-04-30 15:36:05+00:00,0.15,0.15,0.075,0.15,,14000000.0,62000000.0,71000000.0,-9000000.0,53000000.0,9000000.0,1368000000.0,1876000000.0,13000000.0,,,376000000.0,1368000000.0,508000000.0,60000000.0,376000000.0,132000000.0,-47000000.0,85000000.0,1876000000.0,350000000.0,350000000.0,350000000.0
Masco Corp,MAS,5GCSNMQXHEYA1JO8QN11,62996,2014.0,FY,2014-01-01,2014-12-31,2017-02-09 16:06:48+00:00,2.4,2.4,0.33,2.38,1000000.0,-361000000.0,903000000.0,868000000.0,35000000.0,856000000.0,47000000.0,4946000000.0,7006000000.0,11000000.0,,-9000000.0,1347000000.0,4946000000.0,2060000000.0,225000000.0,1339000000.0,721000000.0,-214000000.0,507000000.0,7006000000.0,349000000.0,349000000.0,349000000.0
Masco Corp,MAS,5GCSNMQXHEYA1JO8QN11,62996,2014.0,Q4,2014-10-01,2014-12-31,,0.28,0.28,0.09,0.27,1000000.0,15000000.0,109000000.0,97000000.0,12000000.0,100000000.0,9000000.0,915000000.0,1331000000.0,1000000.0,,-9000000.0,257000000.0,915000000.0,416000000.0,56000000.0,249000000.0,167000000.0,-55000000.0,112000000.0,1331000000.0,349000000.0,349000000.0,349000000.0
Masco Corp,MAS,5GCSNMQXHEYA1JO8QN11,62996,2014.0,Q3,2014-07-01,2014-09-30,2015-10-27 16:35:22+00:00,1.52,1.52,0.09,1.51,,-415000000.0,556000000.0,546000000.0,10000000.0,543000000.0,13000000.0,1312000000.0,1834000000.0,7000000.0,,,341000000.0,1312000000.0,522000000.0,57000000.0,341000000.0,181000000.0,-50000000.0,131000000.0,1834000000.0,350000000.0,350000000.0,350000000.0
Masco Corp,MAS,5GCSNMQXHEYA1JO8QN11,62996,2014.0,Q3YTD,2014-01-01,2014-09-30,,2.12,2.12,0.24,2.11,,-376000000.0,794000000.0,771000000.0,23000000.0,756000000.0,38000000.0,4031000000.0,5675000000.0,10000000.0,,,1090000000.0,4031000000.0,1644000000.0,169000000.0,1090000000.0,554000000.0,-159000000.0,395000000.0,5675000000.0,350000000.0,350000000.0,350000000.0
Masco Corp,MAS,5GCSNMQXHEYA1JO8QN11,62996,2014.0,Q3TTM,2013-10-01,2014-09-30,,2.24,2.24,0.32,2.24,,-381000000.0,853000000.0,785000000.0,68000000.0,804000000.0,49000000.0,4382000000.0,6261000000.0,-4000000.0,,,1245000000.0,4382000000.0,1879000000.0,226000000.0,1245000000.0,634000000.0,-230000000.0,404000000.0,6261000000.0,350000000.0,350000000.0,350000000.0
Masco Corp,MAS,5GCSNMQXHEYA1JO8QN11,62996,2014.0,Q2YTD,2014-01-01,2014-06-30,,0.6,0.6,0.15,0.6,,39000000.0,238000000.0,225000000.0,13000000.0,213000000.0,25000000.0,2719000000.0,3841000000.0,3000000.0,,,749000000.0,2719000000.0,1122000000.0,112000000.0,749000000.0,373000000.0,-109000000.0,264000000.0,3841000000.0,349000000.0,349000000.0,349000000.0
Masco Corp,MAS,5GCSNMQXHEYA1JO8QN11,62996,2014.0,Q2TTM,2013-07-01,2014-06-30,,1.03,1.03,0.3,1.03,,72000000.0,417000000.0,361000000.0,56000000.0,370000000.0,47000000.0,4613000000.0,6577000000.0,-5000000.0,,,1299000000.0,4613000000.0,1964000000.0,227000000.0,1299000000.0,665000000.0,-232000000.0,433000000.0,6577000000.0,349000000.0,349000000.0,349000000.0
Masco Corp,MAS,5GCSNMQXHEYA1JO8QN11,62996,2014.0,Q2,2014-04-01,2014-06-30,2015-07-28 16:35:39+00:00,0.39,0.39,0.075,0.39,,34000000.0,152000000.0,137000000.0,15000000.0,139000000.0,13000000.0,1301000000.0,1876000000.0,6000000.0,,,354000000.0,1301000000.0,575000000.0,56000000.0,354000000.0,221000000.0,-50000000.0,171000000.0,1876000000.0,349000000.0,349000000.0,349000000.0
Masco Corp,MAS,5GCSNMQXHEYA1JO8QN11,62996,2014.0,Q1TTM,2013-04-01,2014-03-31,,0.86,0.86,0.3,0.86,,77000000.0,353000000.0,317000000.0,36000000.0,309000000.0,44000000.0,4852000000.0,6850000000.0,-7000000.0,,,1366000000.0,4852000000.0,1998000000.0,231000000.0,1366000000.0,632000000.0,-238000000.0,394000000.0,6850000000.0,351000000.0,351000000.0,351000000.0
Masco Corp,MAS,5GCSNMQXHEYA1JO8QN11,62996,2014.0,Q1,2014-01-01,2014-03-31,2015-04-28 15:10:00+00:00,0.21,0.21,0.075,0.21,,5000000.0,86000000.0,88000000.0,-2000000.0,74000000.0,12000000.0,1418000000.0,1965000000.0,-3000000.0,,,395000000.0,1418000000.0,547000000.0,56000000.0,395000000.0,152000000.0,-59000000.0,93000000.0,1965000000.0,351000000.0,351000000.0,351000000.0
Masco Corp,MAS,5GCSNMQXHEYA1JO8QN11,62996,2015.0,FY,2015-01-01,2015-12-31,2018-02-08 16:47:28+00:00,1.03,1.03,0.365,1.02,,293000000.0,394000000.0,396000000.0,-2000000.0,355000000.0,39000000.0,4889000000.0,7142000000.0,0.0,,,1339000000.0,4889000000.0,2253000000.0,225000000.0,1339000000.0,914000000.0,-225000000.0,689000000.0,7142000000.0,338000000.0,338000000.0,338000000.0
Masco Corp,MAS,5GCSNMQXHEYA1JO8QN11,62996,2015.0,Q4,2015-10-01,2015-12-31,,0.22,0.22,0.1,0.22,,74000000.0,85000000.0,86000000.0,-1000000.0,75000000.0,10000000.0,1183000000.0,1715000000.0,2000000.0,,,320000000.0,1183000000.0,532000000.0,54000000.0,320000000.0,212000000.0,-52000000.0,160000000.0,1715000000.0,338000000.0,338000000.0,338000000.0
Masco Corp,MAS,5GCSNMQXHEYA1JO8QN11,62996,2015.0,Q3,2015-07-01,2015-09-30,2016-10-25 16:16:12+00:00,0.33,0.33,0.09,0.32,,77000000.0,121000000.0,121000000.0,0.0,111000000.0,10000000.0,1250000000.0,1839000000.0,-6000000.0,,,331000000.0,1250000000.0,589000000.0,54000000.0,331000000.0,258000000.0,-60000000.0,198000000.0,1839000000.0,335000000.0,335000000.0,335000000.0
Masco Corp,MAS,5GCSNMQXHEYA1JO8QN11,62996,2015.0,Q3YTD,2015-01-01,2015-09-30,,0.81,0.81,0.27,0.8,,219000000.0,309000000.0,310000000.0,-1000000.0,280000000.0,29000000.0,3706000000.0,5427000000.0,-2000000.0,,,1019000000.0,3706000000.0,1721000000.0,171000000.0,1019000000.0,702000000.0,-173000000.0,529000000.0,5427000000.0,335000000.0,335000000.0,335000000.0
Masco Corp,MAS,5GCSNMQXHEYA1JO8QN11,62996,2015.0,Q3TTM,2014-10-01,2015-09-30,,1.09,1.09,0.36,1.07,1000000.0,234000000.0,418000000.0,407000000.0,11000000.0,380000000.0,38000000.0,4621000000.0,6758000000.0,-1000000.0,,-9000000.0,1276000000.0,4621000000.0,2137000000.0,227000000.0,1268000000.0,869000000.0,-228000000.0,641000000.0,6758000000.0,335000000.0,335000000.0,335000000.0
Masco Corp,MAS,5GCSNMQXHEYA1JO8QN11,62996,2015.0,Q2,2015-04-01,2015-06-30,2016-07-26 16:21:14+00:00,0.3,0.3,0.09,0.3,,102000000.0,115000000.0,119000000.0,-4000000.0,105000000.0,10000000.0,1292000000.0,1929000000.0,3000000.0,,,358000000.0,1292000000.0,637000000.0,61000000.0,358000000.0,279000000.0,-58000000.0,221000000.0,1929000000.0,340000000.0,340000000.0,340000000.0
Masco Corp,MAS,5GCSNMQXHEYA1JO8QN11,62996,2015.0,Q2YTD,2015-01-01,2015-06-30,,0.48,0.48,0.18,0.48,,142000000.0,188000000.0,189000000.0,-1000000.0,169000000.0,19000000.0,2456000000.0,3588000000.0,4000000.0,,,688000000.0,2456000000.0,1132000000.0,117000000.0,688000000.0,444000000.0,-113000000.0,331000000.0,3588000000.0,340000000.0,340000000.0,340000000.0
Masco Corp,MAS,5GCSNMQXHEYA1JO8QN11,62996,2015.0,Q2TTM,2014-07-01,2015-06-30,,2.28,2.28,0.36,2.26,1000000.0,-258000000.0,853000000.0,832000000.0,21000000.0,812000000.0,41000000.0,4683000000.0,6753000000.0,12000000.0,,-9000000.0,1286000000.0,4683000000.0,2070000000.0,230000000.0,1278000000.0,792000000.0,-218000000.0,574000000.0,6753000000.0,340000000.0,340000000.0,340000000.0
Masco Corp,MAS,5GCSNMQXHEYA1JO8QN11,62996,2015.0,Q1,2015-01-01,2015-03-31,2016-04-26 16:32:15+00:00,0.18,0.18,0.09,0.18,,40000000.0,73000000.0,70000000.0,3000000.0,64000000.0,9000000.0,1164000000.0,1659000000.0,1000000.0,,,330000000.0,1164000000.0,495000000.0,56000000.0,330000000.0,165000000.0,-55000000.0,110000000.0,1659000000.0,344000000.0,344000000.0,344000000.0
Masco Corp,MAS,5GCSNMQXHEYA1JO8QN11,62996,2015.0,Q1TTM,2014-04-01,2015-03-31,,2.37,2.37,0.35,2.35,1000000.0,-326000000.0,890000000.0,850000000.0,40000000.0,846000000.0,44000000.0,4692000000.0,6700000000.0,15000000.0,,-9000000.0,1282000000.0,4692000000.0,2008000000.0,225000000.0,1274000000.0,734000000.0,-210000000.0,524000000.0,6700000000.0,344000000.0,344000000.0,344000000.0
Masco Corp,MAS,5GCSNMQXHEYA1JO8QN11,62996,2016.0,FY,2016-01-01,2016-12-31,2019-02-07 16:17:20+00:00,1.49,1.49,0.385,1.48,,296000000.0,536000000.0,536000000.0,,493000000.0,43000000.0,4899000000.0,7361000000.0,-26000000.0,,,1375000000.0,4899000000.0,2462000000.0,229000000.0,1375000000.0,1087000000.0,-255000000.0,832000000.0,7361000000.0,326000000.0,326000000.0,326000000.0
Masco Corp,MAS,5GCSNMQXHEYA1JO8QN11,62996,2016.0,Q4,2016-10-01,2016-12-31,,0.3,0.3,0.1,0.31,,67000000.0,108000000.0,108000000.0,,100000000.0,8000000.0,1184000000.0,1763000000.0,-31000000.0,,,330000000.0,1184000000.0,579000000.0,43000000.0,330000000.0,249000000.0,-74000000.0,175000000.0,1763000000.0,326000000.0,326000000.0,326000000.0
Masco Corp,MAS,5GCSNMQXHEYA1JO8QN11,62996,2016.0,Q3,2016-07-01,2016-09-30,2017-10-24 16:21:30+00:00,0.41,0.41,0.095,0.4,,81000000.0,146000000.0,146000000.0,,134000000.0,12000000.0,1263000000.0,1877000000.0,1000000.0,,,345000000.0,1263000000.0,614000000.0,43000000.0,345000000.0,269000000.0,-42000000.0,227000000.0,1877000000.0,326000000.0,326000000.0,326000000.0
Masco Corp,MAS,5GCSNMQXHEYA1JO8QN11,62996,2016.0,Q3YTD,2016-01-01,2016-09-30,,1.19,1.19,0.29,1.17,,229000000.0,428000000.0,428000000.0,,393000000.0,35000000.0,3715000000.0,5598000000.0,5000000.0,,,1045000000.0,3715000000.0,1883000000.0,186000000.0,1045000000.0,838000000.0,-181000000.0,657000000.0,5598000000.0,326000000.0,326000000.0,326000000.0
Masco Corp,MAS,5GCSNMQXHEYA1JO8QN11,62996,2016.0,Q3TTM,2015-10-01,2016-09-30,,1.41,1.41,0.38,1.39,,303000000.0,513000000.0,514000000.0,-1000000.0,468000000.0,45000000.0,4898000000.0,7313000000.0,7000000.0,,,1365000000.0,4898000000.0,2415000000.0,240000000.0,1365000000.0,1050000000.0,-233000000.0,817000000.0,7313000000.0,326000000.0,326000000.0,326000000.0
Masco Corp,MAS,5GCSNMQXHEYA1JO8QN11,62996,2016.0,Q2,2016-04-01,2016-06-30,2017-07-27 16:37:34+00:00,0.45,0.45,0.095,0.45,,90000000.0,163000000.0,163000000.0,,150000000.0,13000000.0,1301000000.0,2001000000.0,5000000.0,,,365000000.0,1301000000.0,700000000.0,87000000.0,365000000.0,335000000.0,-82000000.0,253000000.0,2001000000.0,328000000.0,328000000.0,328000000.0
Masco Corp,MAS,5GCSNMQXHEYA1JO8QN11,62996,2016.0,Q2YTD,2016-01-01,2016-06-30,,0.78,0.78,0.19,0.77,,148000000.0,282000000.0,282000000.0,,259000000.0,23000000.0,2452000000.0,3721000000.0,4000000.0,,,700000000.0,2452000000.0,1269000000.0,143000000.0,700000000.0,569000000.0,-139000000.0,430000000.0,3721000000.0,328000000.0,328000000.0,328000000.0
Masco Corp,MAS,5GCSNMQXHEYA1JO8QN11,62996,2016.0,Q2TTM,2015-07-01,2016-06-30,,1.33,1.33,0.38,1.31,,299000000.0,488000000.0,489000000.0,-1000000.0,445000000.0,43000000.0,4885000000.0,7275000000.0,,,,1351000000.0,4885000000.0,2390000000.0,251000000.0,1351000000.0,1039000000.0,-251000000.0,788000000.0,7275000000.0,328000000.0,328000000.0,328000000.0
Masco Corp,MAS,5GCSNMQXHEYA1JO8QN11,62996,2016.0,Q1,2016-01-01,2016-03-31,2017-04-25 16:07:38+00:00,0.33,0.33,0.095,0.32,,58000000.0,119000000.0,119000000.0,,109000000.0,10000000.0,1151000000.0,1720000000.0,-1000000.0,,,335000000.0,1151000000.0,569000000.0,56000000.0,335000000.0,234000000.0,-57000000.0,177000000.0,1720000000.0,330000000.0,330000000.0,330000000.0
Masco Corp,MAS,5GCSNMQXHEYA1JO8QN11,62996,2016.0,Q1TTM,2015-04-01,2016-03-31,,1.18,1.18,0.37,1.16,,311000000.0,440000000.0,445000000.0,-5000000.0,400000000.0,40000000.0,4876000000.0,7203000000.0,-2000000.0,,,1344000000.0,4876000000.0,2327000000.0,225000000.0,1344000000.0,983000000.0,-227000000.0,756000000.0,7203000000.0,330000000.0,330000000.0,330000000.0
Masco Corp,MAS,5GCSNMQXHEYA1JO8QN11,62996,2017.0,FY,2017-01-01,2017-12-31,2020-02-11 16:00:49+00:00,1.68,1.68,0.405,1.66,0.0,245000000.0,580000000.0,473000000.0,107000000.0,533000000.0,47000000.0,3794000000.0,6014000000.0,-32000000.0,,,1191000000.0,3794000000.0,2220000000.0,279000000.0,1191000000.0,1029000000.0,-311000000.0,718000000.0,6014000000.0,314000000.0,314000000.0,314000000.0
Masco Corp,MAS,5GCSNMQXHEYA1JO8QN11,62996,2017.0,Q4,2017-10-01,2017-12-31,,0.27,0.26,0.11,0.24,,-3000000.0,92000000.0,-15000000.0,107000000.0,80000000.0,12000000.0,13000000.0,225000000.0,-69000000.0,,,121000000.0,13000000.0,212000000.0,40000000.0,121000000.0,91000000.0,-109000000.0,-18000000.0,225000000.0,314000000.0,314000000.0,314000000.0
Masco Corp,MAS,5GCSNMQXHEYA1JO8QN11,62996,2017.0,Q3,2017-07-01,2017-09-30,2018-10-30 16:13:18+00:00,0.47,0.48,0.1,0.48,,100000000.0,164000000.0,164000000.0,,152000000.0,12000000.0,1288000000.0,1945000000.0,-2000000.0,,,348000000.0,1288000000.0,657000000.0,43000000.0,348000000.0,309000000.0,-45000000.0,264000000.0,1945000000.0,313000000.0,313000000.0,313000000.0
Masco Corp,MAS,5GCSNMQXHEYA1JO8QN11,62996,2017.0,Q3YTD,2017-01-01,2017-09-30,,1.41,1.42,0.3,1.42,,248000000.0,488000000.0,488000000.0,,453000000.0,35000000.0,3781000000.0,5789000000.0,37000000.0,,,1070000000.0,3781000000.0,2008000000.0,239000000.0,1070000000.0,938000000.0,-202000000.0,736000000.0,5789000000.0,313000000.0,313000000.0,313000000.0
Masco Corp,MAS,5GCSNMQXHEYA1JO8QN11,62996,2017.0,Q3TTM,2016-10-01,2017-09-30,,1.71,1.72,0.4,1.73,,315000000.0,596000000.0,596000000.0,,553000000.0,43000000.0,4965000000.0,7552000000.0,6000000.0,,,1400000000.0,4965000000.0,2587000000.0,282000000.0,1400000000.0,1187000000.0,-276000000.0,911000000.0,7552000000.0,313000000.0,313000000.0,313000000.0
Masco Corp,MAS,5GCSNMQXHEYA1JO8QN11,62996,2017.0,Q2,2017-04-01,2017-06-30,2018-07-31 16:34:39+00:00,0.5,0.51,0.1,0.51,,86000000.0,176000000.0,176000000.0,,163000000.0,13000000.0,1320000000.0,2066000000.0,43000000.0,,,374000000.0,1320000000.0,746000000.0,153000000.0,374000000.0,372000000.0,-110000000.0,262000000.0,2066000000.0,315000000.0,315000000.0,315000000.0
Masco Corp,MAS,5GCSNMQXHEYA1JO8QN11,62996,2017.0,Q2YTD,2017-01-01,2017-06-30,,0.94,0.94,0.2,0.94,,148000000.0,324000000.0,324000000.0,,301000000.0,23000000.0,2493000000.0,3844000000.0,39000000.0,,,722000000.0,2493000000.0,1351000000.0,196000000.0,722000000.0,629000000.0,-157000000.0,472000000.0,3844000000.0,315000000.0,315000000.0,315000000.0
Masco Corp,MAS,5GCSNMQXHEYA1JO8QN11,62996,2017.0,Q2TTM,2016-07-01,2017-06-30,,1.65,1.65,0.4,1.65,,296000000.0,578000000.0,578000000.0,,535000000.0,43000000.0,4940000000.0,7484000000.0,9000000.0,,,1397000000.0,4940000000.0,2544000000.0,282000000.0,1397000000.0,1147000000.0,-273000000.0,874000000.0,7484000000.0,315000000.0,315000000.0,315000000.0
Masco Corp,MAS,5GCSNMQXHEYA1JO8QN11,62996,2017.0,Q1,2017-01-01,2017-03-31,2018-04-24 16:37:24+00:00,0.44,0.43,0.1,0.43,,62000000.0,148000000.0,148000000.0,,138000000.0,10000000.0,1173000000.0,1778000000.0,-4000000.0,,,348000000.0,1173000000.0,605000000.0,43000000.0,348000000.0,257000000.0,-47000000.0,210000000.0,1778000000.0,317000000.0,317000000.0,317000000.0
Masco Corp,MAS,5GCSNMQXHEYA1JO8QN11,62996,2017.0,Q1TTM,2016-04-01,2017-03-31,,1.6,1.59,0.39,1.59,,300000000.0,565000000.0,565000000.0,,522000000.0,43000000.0,4921000000.0,7419000000.0,-29000000.0,,,1388000000.0,4921000000.0,2498000000.0,216000000.0,1388000000.0,1110000000.0,-245000000.0,865000000.0,7419000000.0,317000000.0,317000000.0,317000000.0
Masco Corp,MAS,5GCSNMQXHEYA1JO8QN11,62996,2018.0,FY,2018-01-01,2018-12-31,2020-02-11 16:00:49+00:00,2.38,2.38,0.435,2.37,0.0,221000000.0,784000000.0,686000000.0,98000000.0,734000000.0,50000000.0,4327000000.0,6654000000.0,-14000000.0,,,1250000000.0,4327000000.0,2327000000.0,156000000.0,1250000000.0,1077000000.0,-170000000.0,907000000.0,6654000000.0,305000000.0,305000000.0,305000000.0
Masco Corp,MAS,5GCSNMQXHEYA1JO8QN11,62996,2018.0,Q4,2018-10-01,2018-12-31,,0.62,0.62,0.12,0.64,,27000000.0,208000000.0,120000000.0,88000000.0,194000000.0,14000000.0,198000000.0,533000000.0,-3000000.0,,,146000000.0,198000000.0,335000000.0,39000000.0,146000000.0,189000000.0,-42000000.0,147000000.0,533000000.0,305000000.0,305000000.0,305000000.0
Masco Corp,MAS,5GCSNMQXHEYA1JO8QN11,62996,2018.0,Q3,2018-07-01,2018-09-30,2019-10-30 16:07:44+00:00,0.59,0.59,0.105,0.58,0.0,67000000.0,191000000.0,181000000.0,10000000.0,180000000.0,11000000.0,1281000000.0,1904000000.0,0.0,,,337000000.0,1281000000.0,623000000.0,38000000.0,337000000.0,286000000.0,-38000000.0,248000000.0,1904000000.0,304000000.0,304000000.0,304000000.0
Masco Corp,MAS,5GCSNMQXHEYA1JO8QN11,62996,2018.0,Q3YTD,2018-01-01,2018-09-30,,1.76,1.76,0.32,1.73,,194000000.0,576000000.0,566000000.0,10000000.0,540000000.0,36000000.0,4129000000.0,6121000000.0,-11000000.0,,,1104000000.0,4129000000.0,1992000000.0,117000000.0,1104000000.0,888000000.0,-128000000.0,760000000.0,6121000000.0,304000000.0,304000000.0,304000000.0
Masco Corp,MAS,5GCSNMQXHEYA1JO8QN11,62996,2018.0,Q3TTM,2017-10-01,2018-09-30,,2.03,2.02,0.42,1.97,,191000000.0,668000000.0,551000000.0,117000000.0,620000000.0,48000000.0,4142000000.0,6346000000.0,-80000000.0,,,1225000000.0,4142000000.0,2204000000.0,157000000.0,1225000000.0,979000000.0,-237000000.0,742000000.0,6346000000.0,304000000.0,304000000.0,304000000.0
Masco Corp,MAS,5GCSNMQXHEYA1JO8QN11,62996,2018.0,Q2,2018-04-01,2018-06-30,2019-07-25 15:59:42+00:00,0.69,0.69,0.105,0.68,0.0,88000000.0,224000000.0,224000000.0,,211000000.0,13000000.0,1547000000.0,2297000000.0,-8000000.0,,,392000000.0,1547000000.0,750000000.0,38000000.0,392000000.0,358000000.0,-46000000.0,312000000.0,2297000000.0,306000000.0,306000000.0,306000000.0
Masco Corp,MAS,5GCSNMQXHEYA1JO8QN11,62996,2018.0,Q2YTD,2018-01-01,2018-06-30,,1.17,1.17,0.21,1.15,,127000000.0,385000000.0,385000000.0,,360000000.0,25000000.0,2848000000.0,4217000000.0,-11000000.0,,,767000000.0,2848000000.0,1369000000.0,79000000.0,767000000.0,602000000.0,-90000000.0,512000000.0,4217000000.0,306000000.0,306000000.0,306000000.0
Masco Corp,MAS,5GCSNMQXHEYA1JO8QN11,62996,2018.0,Q2TTM,2017-07-01,2018-06-30,,1.91,1.91,0.42,1.87,,224000000.0,641000000.0,534000000.0,107000000.0,592000000.0,49000000.0,4149000000.0,6387000000.0,-82000000.0,,,1236000000.0,4149000000.0,2238000000.0,162000000.0,1236000000.0,1002000000.0,-244000000.0,758000000.0,6387000000.0,306000000.0,306000000.0,306000000.0
Masco Corp,MAS,5GCSNMQXHEYA1JO8QN11,62996,2018.0,Q1,2018-01-01,2018-03-31,2019-04-25 16:03:15+00:00,0.48,0.48,0.105,0.47,0.0,39000000.0,161000000.0,161000000.0,,149000000.0,12000000.0,1301000000.0,1920000000.0,-3000000.0,,,375000000.0,1301000000.0,619000000.0,41000000.0,375000000.0,244000000.0,-44000000.0,200000000.0,1920000000.0,310000000.0,310000000.0,310000000.0
Masco Corp,MAS,5GCSNMQXHEYA1JO8QN11,62996,2018.0,Q1TTM,2017-04-01,2018-03-31,,1.72,1.73,0.41,1.7,,222000000.0,593000000.0,486000000.0,107000000.0,544000000.0,49000000.0,3922000000.0,6156000000.0,-31000000.0,,,1218000000.0,3922000000.0,2234000000.0,277000000.0,1218000000.0,1016000000.0,-308000000.0,708000000.0,6156000000.0,310000000.0,310000000.0,310000000.0
Masco Corp,MAS,5GCSNMQXHEYA1JO8QN11,62996,2019.0,Q4,2019-10-01,2019-12-31,,1.59,1.59,0.14,1.57,,27000000.0,463000000.0,118000000.0,345000000.0,453000000.0,10000000.0,570000000.0,972000000.0,2000000.0,,,219000000.0,570000000.0,402000000.0,40000000.0,219000000.0,183000000.0,-38000000.0,145000000.0,972000000.0,287000000.0,287000000.0,287000000.0
Masco Corp,MAS,5GCSNMQXHEYA1JO8QN11,62996,2019.0,FY,2019-01-01,2019-12-31,2020-02-11 16:00:49+00:00,3.24,3.24,0.495,3.22,9000000.0,230000000.0,980000000.0,684000000.0,296000000.0,935000000.0,45000000.0,4336000000.0,6707000000.0,-15000000.0,,,1274000000.0,4336000000.0,2371000000.0,159000000.0,1283000000.0,1088000000.0,-174000000.0,914000000.0,6707000000.0,287000000.0,287000000.0,287000000.0
Masco Corp,MAS,5GCSNMQXHEYA1JO8QN11,62996,2019.0,Q3YTD,2019-01-01,2019-09-30,,1.65,1.65,0.36,1.65,9000000.0,203000000.0,517000000.0,566000000.0,-49000000.0,482000000.0,35000000.0,3766000000.0,5735000000.0,-17000000.0,,,1055000000.0,3766000000.0,1969000000.0,119000000.0,1064000000.0,905000000.0,-136000000.0,769000000.0,5735000000.0,286000000.0,286000000.0,286000000.0
Masco Corp,MAS,5GCSNMQXHEYA1JO8QN11,62996,2019.0,Q3TTM,2018-10-01,2019-09-30,,2.27,2.27,0.48,2.29,9000000.0,230000000.0,725000000.0,686000000.0,39000000.0,676000000.0,49000000.0,3964000000.0,6268000000.0,-20000000.0,,,1201000000.0,3964000000.0,2304000000.0,158000000.0,1210000000.0,1094000000.0,-178000000.0,916000000.0,6268000000.0,286000000.0,286000000.0,286000000.0
Masco Corp,MAS,5GCSNMQXHEYA1JO8QN11,62996,2019.0,Q3,2019-07-01,2019-09-30,2019-10-30 16:07:44+00:00,0.44,0.44,0.12,0.44,0.0,73000000.0,138000000.0,196000000.0,-58000000.0,126000000.0,12000000.0,1282000000.0,1947000000.0,-8000000.0,,,349000000.0,1282000000.0,665000000.0,39000000.0,349000000.0,316000000.0,-47000000.0,269000000.0,1947000000.0,286000000.0,286000000.0,286000000.0
Masco Corp,MAS,5GCSNMQXHEYA1JO8QN11,62996,2019.0,Q2YTD,2019-01-01,2019-06-30,,1.21,1.21,0.24,1.21,9000000.0,130000000.0,379000000.0,370000000.0,9000000.0,356000000.0,23000000.0,2484000000.0,3788000000.0,-9000000.0,,,706000000.0,2484000000.0,1304000000.0,80000000.0,715000000.0,589000000.0,-89000000.0,500000000.0,3788000000.0,289000000.0,289000000.0,289000000.0
Masco Corp,MAS,5GCSNMQXHEYA1JO8QN11,62996,2019.0,Q2TTM,2018-07-01,2019-06-30,,2.42,2.42,0.47,2.43,9000000.0,224000000.0,778000000.0,671000000.0,107000000.0,730000000.0,48000000.0,3963000000.0,6225000000.0,-12000000.0,,,1189000000.0,3963000000.0,2262000000.0,157000000.0,1198000000.0,1064000000.0,-169000000.0,895000000.0,6225000000.0,289000000.0,289000000.0,289000000.0
Masco Corp,MAS,5GCSNMQXHEYA1JO8QN11,62996,2019.0,Q2,2019-04-01,2019-06-30,2019-07-25 15:59:42+00:00,0.82,0.82,0.12,0.82,0.0,95000000.0,252000000.0,252000000.0,,240000000.0,12000000.0,1493000000.0,2275000000.0,-4000000.0,,,390000000.0,1493000000.0,782000000.0,41000000.0,390000000.0,392000000.0,-45000000.0,347000000.0,2275000000.0,289000000.0,289000000.0,289000000.0
Masco Corp,MAS,5GCSNMQXHEYA1JO8QN11,62996,2019.0,Q1,2019-01-01,2019-03-31,2020-04-29 16:07:51+00:00,0.39,0.39,0.12,0.39,9000000.0,35000000.0,127000000.0,118000000.0,9000000.0,116000000.0,11000000.0,991000000.0,1513000000.0,-5000000.0,,,316000000.0,991000000.0,522000000.0,39000000.0,325000000.0,197000000.0,-44000000.0,153000000.0,1513000000.0,293000000.0,293000000.0,293000000.0
Masco Corp,MAS,5GCSNMQXHEYA1JO8QN11,62996,2019.0,Q1TTM,2018-04-01,2019-03-31,,2.29,2.29,0.45,2.29,9000000.0,217000000.0,750000000.0,643000000.0,107000000.0,701000000.0,49000000.0,4017000000.0,6247000000.0,-16000000.0,,,1191000000.0,4017000000.0,2230000000.0,154000000.0,1200000000.0,1030000000.0,-170000000.0,860000000.0,6247000000.0,293000000.0,293000000.0,293000000.0
Masco Corp,MAS,5GCSNMQXHEYA1JO8QN11,62996,2020.0,Q1TTM,2019-04-01,2020-03-31,,4.78,4.78,0.51,4.75,,228000000.0,1391000000.0,707000000.0,684000000.0,1349000000.0,42000000.0,4379000000.0,6775000000.0,-26000000.0,,,1280000000.0,4379000000.0,2396000000.0,155000000.0,1280000000.0,1116000000.0,-181000000.0,935000000.0,6775000000.0,273000000.0,273000000.0,273000000.0
Masco Corp,MAS,5GCSNMQXHEYA1JO8QN11,62996,2020.0,Q1,2020-01-01,2020-03-31,2020-04-29 16:07:51+00:00,1.93,1.93,0.135,1.92,0.0,33000000.0,538000000.0,141000000.0,397000000.0,530000000.0,8000000.0,1034000000.0,1581000000.0,-16000000.0,,,322000000.0,1034000000.0,547000000.0,35000000.0,322000000.0,225000000.0,-51000000.0,174000000.0,1581000000.0,273000000.0,273000000.0,273000000.0
