company_name,company_ticker,company_lei,company_cik,year,quarter,start_date,end_date,filing_date,amortizationexpense,basicdilutedeps,basiceps,cashdividendspershare,depreciationexpense,dilutedeps,explorationexpense,impairmentexpense,incometaxexpense,netincome,netincomecontinuing,netincomediscontinued,netincometocommon,netincometononcontrollinginterest,operatingcostofrevenue,operatingrevenue,otheradjustmentstoconsolidatednetincome,othercostofrevenue,otherincome,otheroperatingexpenses,otherspecialcharges,restructuringcharge,sgaexpense,totalcostofrevenue,totalgrossprofit,totalinterestexpense,totalinterestincome,totaloperatingexpenses,totaloperatingincome,totalotherincome,totalpretaxincome,totalrevenue,weightedavebasicdilutedsharesos,weightedavebasicsharesos,weightedavedilutedsharesos
NextEra Energy Inc,NEE,,753308,2007.0,FY,2007-01-01,2007-12-31,2010-02-26 14:59:17+00:00,,3.3,3.3,1.64,1335000000.0,3.27,,,368000000.0,1312000000.0,1312000000.0,,1312000000.0,,10510000000.0,15263000000.0,,1135000000.0,-21000000.0,,,,,11645000000.0,3618000000.0,762000000.0,180000000.0,1335000000.0,2283000000.0,-603000000.0,1680000000.0,15263000000.0,397600000.0,397700000.0,400600000.0
NextEra Energy Inc,NEE,,753308,2008.0,FY,2008-01-01,2008-12-31,2011-02-28 10:42:56+00:00,,4.1,4.1,1.78,1442000000.0,4.07,,,450000000.0,1639000000.0,1639000000.0,,1639000000.0,,10939000000.0,16410000000.0,,1204000000.0,-123000000.0,,,,,12143000000.0,4267000000.0,813000000.0,200000000.0,1442000000.0,2825000000.0,-736000000.0,2089000000.0,16410000000.0,399800000.0,400100000.0,402700000.0
NextEra Energy Inc,NEE,,753308,2008.0,Q3,2008-07-01,2008-09-30,2009-10-30 16:11:20+00:00,20000000.0,1.93,1.93,0.445,348000000.0,1.92,,,361000000.0,774000000.0,774000000.0,,774000000.0,,3361000000.0,5387000000.0,,342000000.0,-46000000.0,,,,,3703000000.0,1684000000.0,203000000.0,68000000.0,368000000.0,1316000000.0,-181000000.0,1135000000.0,5387000000.0,401000000.0,400400000.0,403000000.0
NextEra Energy Inc,NEE,,753308,2008.0,Q2,2008-04-01,2008-06-30,2009-07-31 14:35:43+00:00,,0.52,0.52,0.445,,0.52,2323000000.0,,-49000000.0,432000000.0,432000000.0,,432000000.0,,,3585000000.0,,,15000000.0,359000000.0,298000000.0,,651000000.0,,3585000000.0,0.0,55000000.0,3272000000.0,313000000.0,70000000.0,383000000.0,3585000000.0,830800000.0,399.8,402.6
NextEra Energy Inc,NEE,,753308,2009.0,Q4,2009-10-01,2009-12-31,,,0.85,0.85,0.47,488000000.0,0.84,-1797000000.0,,55000000.0,125000000.0,125000000.0,,125000000.0,,4779000000.0,3654000000.0,,601000000.0,27000000.0,-435000000.0,-302000000.0,,-672000000.0,5380000000.0,-1726000000.0,434000000.0,30000000.0,-2283000000.0,557000000.0,-377000000.0,180000000.0,3654000000.0,404800000.0,404400000.0,407200000.0
NextEra Energy Inc,NEE,,753308,2009.0,FY,2009-01-01,2009-12-31,2012-02-28 15:26:15+00:00,,3.99,3.99,1.89,1765000000.0,3.97,,0.0,327000000.0,1615000000.0,1615000000.0,,1615000000.0,,10054000000.0,15643000000.0,,1230000000.0,14000000.0,,,,,11284000000.0,4359000000.0,849000000.0,183000000.0,1765000000.0,2594000000.0,-652000000.0,1942000000.0,15643000000.0,404800000.0,404400000.0,407200000.0
NextEra Energy Inc,NEE,,753308,2009.0,Q3YTD,2009-01-01,2009-09-30,,,3.14,3.14,1.42,1277000000.0,3.13,1797000000.0,,272000000.0,1490000000.0,1490000000.0,,1490000000.0,,5275000000.0,11989000000.0,,629000000.0,-13000000.0,435000000.0,302000000.0,,672000000.0,5904000000.0,6085000000.0,415000000.0,153000000.0,4048000000.0,2037000000.0,-275000000.0,1762000000.0,11989000000.0,403800000.0,405100000.0,408000000.0
NextEra Energy Inc,NEE,,753308,2009.0,Q3,2009-07-01,2009-09-30,2010-11-03 15:21:12+00:00,,1.32,1.32,0.4725,433000000.0,1.31,,,182000000.0,533000000.0,533000000.0,,533000000.0,,2846000000.0,4473000000.0,,345000000.0,11000000.0,,,,,3191000000.0,1282000000.0,204000000.0,59000000.0,433000000.0,849000000.0,-134000000.0,715000000.0,4473000000.0,403800000.0,405100000.0,408000000.0
NextEra Energy Inc,NEE,,753308,2009.0,Q2,2009-04-01,2009-06-30,2009-07-31 14:35:43+00:00,,0.92,0.92,0.4725,435000000.0,0.92,1797000000.0,,71000000.0,593000000.0,593000000.0,,593000000.0,,,3811000000.0,,,14000000.0,435000000.0,302000000.0,,672000000.0,,3811000000.0,0.0,45000000.0,3206000000.0,605000000.0,59000000.0,664000000.0,3811000000.0,644600000.0,403.7,406.4
NextEra Energy Inc,NEE,,753308,2009.0,Q2YTD,2009-01-01,2009-06-30,,,1.82,1.82,0.95,844000000.0,1.82,1797000000.0,,90000000.0,957000000.0,957000000.0,,957000000.0,,2429000000.0,7516000000.0,,284000000.0,-24000000.0,435000000.0,302000000.0,,672000000.0,2713000000.0,4803000000.0,211000000.0,94000000.0,3615000000.0,1188000000.0,-141000000.0,1047000000.0,7516000000.0,644600000.0,403.7,406.4
NextEra Energy Inc,NEE,,753308,2009.0,Q1,2009-01-01,2009-03-31,2010-04-30 21:46:37+00:00,,0.9,0.9,0.4725,409000000.0,0.9,,,19000000.0,364000000.0,364000000.0,,364000000.0,,2429000000.0,3705000000.0,,284000000.0,-38000000.0,,,,,2713000000.0,992000000.0,211000000.0,49000000.0,409000000.0,583000000.0,-200000000.0,383000000.0,3705000000.0,404400000.0,402300000.0,404800000.0
NextEra Energy Inc,NEE,,753308,2010.0,Q4,2010-10-01,2010-12-31,,,0.64,0.64,0.5,457000000.0,0.63,,19000000.0,1000000.0,264000000.0,264000000.0,,264000000.0,,2201000000.0,3413000000.0,,282000000.0,5000000.0,,,,,2483000000.0,930000000.0,247000000.0,53000000.0,476000000.0,454000000.0,-189000000.0,265000000.0,3413000000.0,410300000.0,410300000.0,413000000.0
NextEra Energy Inc,NEE,,753308,2010.0,FY,2010-01-01,2010-12-31,2013-02-28 16:40:05+00:00,,4.77,4.77,2.0,1788000000.0,4.74,,19000000.0,532000000.0,1957000000.0,1957000000.0,,1957000000.0,,9119000000.0,15317000000.0,,1164000000.0,39000000.0,,,,,10283000000.0,5034000000.0,979000000.0,202000000.0,1807000000.0,3227000000.0,-738000000.0,2489000000.0,15317000000.0,410300000.0,410300000.0,413000000.0
NextEra Energy Inc,NEE,,753308,2010.0,Q3YTD,2010-01-01,2010-09-30,,,4.13,4.13,1.5,1331000000.0,4.11,,,531000000.0,1693000000.0,1693000000.0,,1693000000.0,,6918000000.0,11904000000.0,,882000000.0,34000000.0,,,,,7800000000.0,4104000000.0,732000000.0,149000000.0,1331000000.0,2773000000.0,-549000000.0,2224000000.0,11904000000.0,411400000.0,410900000.0,413700000.0
NextEra Energy Inc,NEE,,753308,2010.0,Q3TTM,2009-10-01,2010-09-30,,,4.98,4.98,1.97,1819000000.0,4.95,-1797000000.0,,586000000.0,1818000000.0,1818000000.0,,1818000000.0,,11697000000.0,15558000000.0,,1483000000.0,61000000.0,-435000000.0,-302000000.0,,-672000000.0,13180000000.0,2378000000.0,1166000000.0,179000000.0,-952000000.0,3330000000.0,-926000000.0,2404000000.0,15558000000.0,411400000.0,410900000.0,413700000.0
NextEra Energy Inc,NEE,,753308,2010.0,Q3,2010-07-01,2010-09-30,2011-11-04 15:19:43+00:00,,1.75,1.75,0.5,531000000.0,1.74,,0.0,240000000.0,720000000.0,720000000.0,,720000000.0,,2703000000.0,4691000000.0,,332000000.0,17000000.0,,,,,3035000000.0,1656000000.0,247000000.0,65000000.0,531000000.0,1125000000.0,-165000000.0,960000000.0,4691000000.0,411400000.0,410900000.0,413700000.0
NextEra Energy Inc,NEE,,753308,2010.0,Q2YTD,2010-01-01,2010-06-30,,,2.38,2.38,1.0,800000000.0,2.37,,,291000000.0,973000000.0,973000000.0,,973000000.0,,4215000000.0,7213000000.0,,550000000.0,17000000.0,,,,,4765000000.0,2448000000.0,485000000.0,84000000.0,800000000.0,1648000000.0,-384000000.0,1264000000.0,7213000000.0,408800000.0,408900000.0,411400000.0
NextEra Energy Inc,NEE,,753308,2010.0,Q2TTM,2009-07-01,2010-06-30,,,4.55,4.55,1.94,1721000000.0,4.52,-1797000000.0,,528000000.0,1631000000.0,1631000000.0,,1631000000.0,,11840000000.0,15340000000.0,,1496000000.0,55000000.0,-435000000.0,-302000000.0,,-672000000.0,13336000000.0,2004000000.0,1123000000.0,173000000.0,-1050000000.0,3054000000.0,-895000000.0,2159000000.0,15340000000.0,408800000.0,408900000.0,411400000.0
NextEra Energy Inc,NEE,,753308,2010.0,Q2,2010-04-01,2010-06-30,2011-08-02 15:30:50+00:00,,1.02,1.02,0.5,386000000.0,1.01,,0.0,77000000.0,417000000.0,417000000.0,,417000000.0,,2207000000.0,3591000000.0,,289000000.0,-20000000.0,,,,,2496000000.0,1095000000.0,247000000.0,52000000.0,386000000.0,709000000.0,-215000000.0,494000000.0,3591000000.0,408800000.0,408900000.0,411400000.0
NextEra Energy Inc,NEE,,753308,2010.0,Q1TTM,2009-04-01,2010-03-31,,,4.45,4.45,1.92,1770000000.0,4.43,,,522000000.0,1807000000.0,1807000000.0,,1807000000.0,,9633000000.0,15560000000.0,,1207000000.0,89000000.0,,,,,10840000000.0,4720000000.0,876000000.0,166000000.0,1770000000.0,2950000000.0,-621000000.0,2329000000.0,15560000000.0,408800000.0,407500000.0,410100000.0
NextEra Energy Inc,NEE,,753308,2010.0,Q1,2010-01-01,2010-03-31,2011-05-04 15:55:54+00:00,,1.36,1.36,0.5,414000000.0,1.36,,,214000000.0,556000000.0,556000000.0,,556000000.0,,2008000000.0,3622000000.0,,261000000.0,37000000.0,,,,,2269000000.0,1353000000.0,238000000.0,32000000.0,414000000.0,939000000.0,-169000000.0,770000000.0,3622000000.0,408800000.0,407500000.0,410100000.0
NextEra Energy Inc,NEE,,753308,2011.0,Q4,2011-10-01,2011-12-31,,,1.61,1.61,0.55,332000000.0,1.6,,,256000000.0,668000000.0,668000000.0,,668000000.0,,2174000000.0,3864000000.0,,343000000.0,21000000.0,,,,,2517000000.0,1347000000.0,260000000.0,148000000.0,332000000.0,1015000000.0,-91000000.0,924000000.0,3864000000.0,416200000.0,416600000.0,419000000.0
NextEra Energy Inc,NEE,,753308,2011.0,FY,2011-01-01,2011-12-31,2014-02-24 11:06:46+00:00,,4.62,4.62,2.2,1567000000.0,4.59,,51000000.0,529000000.0,1923000000.0,1923000000.0,0.0,1923000000.0,,9258000000.0,15341000000.0,,1204000000.0,-65000000.0,,,,,10462000000.0,4879000000.0,1035000000.0,291000000.0,1618000000.0,3261000000.0,-809000000.0,2452000000.0,15341000000.0,416200000.0,416600000.0,419000000.0
NextEra Energy Inc,NEE,,753308,2011.0,Q3YTD,2011-01-01,2011-09-30,,,3.01,3.01,1.65,1235000000.0,2.99,,51000000.0,273000000.0,1255000000.0,1255000000.0,,1255000000.0,,7084000000.0,11477000000.0,,861000000.0,-86000000.0,,,,,7945000000.0,3532000000.0,775000000.0,143000000.0,1286000000.0,2246000000.0,-718000000.0,1528000000.0,11477000000.0,415300000.0,417400000.0,419800000.0
NextEra Energy Inc,NEE,,753308,2011.0,Q3TTM,2010-10-01,2011-09-30,,,3.65,3.65,2.15,1692000000.0,3.62,,70000000.0,274000000.0,1519000000.0,1519000000.0,,1519000000.0,,9285000000.0,14890000000.0,,1143000000.0,-81000000.0,,,,,10428000000.0,4462000000.0,1022000000.0,196000000.0,1762000000.0,2700000000.0,-907000000.0,1793000000.0,14890000000.0,415300000.0,417400000.0,419800000.0
NextEra Energy Inc,NEE,,753308,2011.0,Q3,2011-07-01,2011-09-30,2012-10-25 20:49:44+00:00,,0.98,0.98,0.55,496000000.0,0.97,,0.0,158000000.0,407000000.0,407000000.0,,407000000.0,,2659000000.0,4382000000.0,,316000000.0,-137000000.0,,,,,2975000000.0,1407000000.0,265000000.0,56000000.0,496000000.0,911000000.0,-346000000.0,565000000.0,4382000000.0,415300000.0,417400000.0,419800000.0
NextEra Energy Inc,NEE,,753308,2011.0,Q2YTD,2011-01-01,2011-06-30,,,2.03,2.03,1.1,739000000.0,2.02,,51000000.0,115000000.0,848000000.0,848000000.0,,848000000.0,,4425000000.0,7095000000.0,,545000000.0,51000000.0,,,,,4970000000.0,2125000000.0,510000000.0,87000000.0,790000000.0,1335000000.0,-372000000.0,963000000.0,7095000000.0,417300000.0,416900000.0,419300000.0
NextEra Energy Inc,NEE,,753308,2011.0,Q2TTM,2010-07-01,2011-06-30,,,4.42,4.42,2.1,1727000000.0,4.39,,70000000.0,356000000.0,1832000000.0,1832000000.0,,1832000000.0,,9329000000.0,15199000000.0,,1159000000.0,73000000.0,,,,,10488000000.0,4711000000.0,1004000000.0,205000000.0,1797000000.0,2914000000.0,-726000000.0,2188000000.0,15199000000.0,417300000.0,416900000.0,419300000.0
NextEra Energy Inc,NEE,,753308,2011.0,Q2,2011-04-01,2011-06-30,2012-07-27 17:20:09+00:00,,1.39,1.39,0.55,408000000.0,1.38,,51000000.0,147000000.0,580000000.0,580000000.0,,580000000.0,,2328000000.0,3961000000.0,,267000000.0,32000000.0,,,,,2595000000.0,1366000000.0,256000000.0,44000000.0,459000000.0,907000000.0,-180000000.0,727000000.0,3961000000.0,417300000.0,416900000.0,419300000.0
NextEra Energy Inc,NEE,,753308,2011.0,Q1TTM,2010-04-01,2011-03-31,,,4.05,4.05,2.05,1705000000.0,4.02,,19000000.0,286000000.0,1669000000.0,1669000000.0,,1669000000.0,,9208000000.0,14829000000.0,,1181000000.0,21000000.0,,,,,10389000000.0,4440000000.0,995000000.0,213000000.0,1724000000.0,2716000000.0,-761000000.0,1955000000.0,14829000000.0,418800000.0,415800000.0,418400000.0
NextEra Energy Inc,NEE,,753308,2011.0,Q1,2011-01-01,2011-03-31,2012-04-27 16:36:57+00:00,,0.64,0.64,0.55,331000000.0,0.64,,,-32000000.0,268000000.0,268000000.0,,268000000.0,,2097000000.0,3134000000.0,,278000000.0,19000000.0,,,,,2375000000.0,759000000.0,254000000.0,43000000.0,331000000.0,428000000.0,-192000000.0,236000000.0,3134000000.0,418800000.0,415800000.0,418400000.0
NextEra Energy Inc,NEE,,753308,2012.0,Q4,2012-10-01,2012-12-31,,,1.02,1.02,0.6,396000000.0,1.02,,,138000000.0,428000000.0,428000000.0,,428000000.0,,1986000000.0,3375000000.0,,262000000.0,16000000.0,,,,,2248000000.0,1127000000.0,244000000.0,63000000.0,396000000.0,731000000.0,-165000000.0,566000000.0,3375000000.0,416300000.0,416700000.0,419200000.0
NextEra Energy Inc,NEE,,753308,2012.0,FY,2012-01-01,2012-12-31,2015-02-20 16:20:04+00:00,,4.59,4.59,2.4,1518000000.0,4.56,,0.0,692000000.0,1911000000.0,1911000000.0,0.0,1911000000.0,0.0,8276000000.0,14256000000.0,,1186000000.0,118000000.0,,,,,9462000000.0,4794000000.0,1038000000.0,247000000.0,1518000000.0,3276000000.0,-673000000.0,2603000000.0,14256000000.0,416300000.0,416700000.0,419200000.0
NextEra Energy Inc,NEE,,753308,2012.0,Q3YTD,2012-01-01,2012-09-30,,,3.57,3.57,1.8,1122000000.0,3.54,,,554000000.0,1483000000.0,1483000000.0,,1483000000.0,,6290000000.0,10881000000.0,,924000000.0,102000000.0,,,,,7214000000.0,3667000000.0,794000000.0,184000000.0,1122000000.0,2545000000.0,-508000000.0,2037000000.0,10881000000.0,419200000.0,419300000.0,421700000.0
NextEra Energy Inc,NEE,,753308,2012.0,Q3TTM,2011-10-01,2012-09-30,,,5.18,5.18,2.35,1454000000.0,5.14,,,810000000.0,2151000000.0,2151000000.0,,2151000000.0,,8464000000.0,14745000000.0,,1267000000.0,123000000.0,,,,,9731000000.0,5014000000.0,1054000000.0,332000000.0,1454000000.0,3560000000.0,-599000000.0,2961000000.0,14745000000.0,419200000.0,419300000.0,421700000.0
NextEra Energy Inc,NEE,,753308,2012.0,Q3,2012-07-01,2012-09-30,2013-11-01 14:06:39+00:00,,0.99,0.99,0.6,467000000.0,0.98,,0.0,154000000.0,415000000.0,415000000.0,0.0,415000000.0,,2302000000.0,3843000000.0,,332000000.0,38000000.0,,,,,2634000000.0,1209000000.0,259000000.0,48000000.0,467000000.0,742000000.0,-173000000.0,569000000.0,3843000000.0,419200000.0,419300000.0,421700000.0
NextEra Energy Inc,NEE,,753308,2012.0,Q2YTD,2012-01-01,2012-06-30,,,2.58,2.58,1.2,655000000.0,2.56,,,400000000.0,1068000000.0,1068000000.0,,1068000000.0,,3988000000.0,7038000000.0,,592000000.0,64000000.0,,,,,4580000000.0,2458000000.0,535000000.0,136000000.0,655000000.0,1803000000.0,-335000000.0,1468000000.0,7038000000.0,415800000.0,415000000.0,417200000.0
NextEra Energy Inc,NEE,,753308,2012.0,Q2TTM,2011-07-01,2012-06-30,,,5.17,5.17,2.3,1483000000.0,5.13,,,814000000.0,2143000000.0,2143000000.0,,2143000000.0,,8821000000.0,15284000000.0,,1251000000.0,-52000000.0,,,,,10072000000.0,5212000000.0,1060000000.0,340000000.0,1483000000.0,3729000000.0,-772000000.0,2957000000.0,15284000000.0,415800000.0,415000000.0,417200000.0
NextEra Energy Inc,NEE,,753308,2012.0,Q2,2012-04-01,2012-06-30,2013-07-31 16:10:26+00:00,,1.46,1.46,0.6,335000000.0,1.45,,0.0,243000000.0,607000000.0,607000000.0,0.0,607000000.0,,2031000000.0,3667000000.0,,301000000.0,58000000.0,,,,,2332000000.0,1335000000.0,270000000.0,62000000.0,335000000.0,1000000000.0,-150000000.0,850000000.0,3667000000.0,415800000.0,415000000.0,417200000.0
NextEra Energy Inc,NEE,,753308,2012.0,Q1TTM,2011-04-01,2012-03-31,,,5.1,5.1,2.25,1556000000.0,5.06,,51000000.0,718000000.0,2116000000.0,2116000000.0,,2116000000.0,,9118000000.0,15578000000.0,,1217000000.0,-78000000.0,,,,,10335000000.0,5243000000.0,1046000000.0,322000000.0,1607000000.0,3636000000.0,-802000000.0,2834000000.0,15578000000.0,411600000.0,412300000.0,414700000.0
NextEra Energy Inc,NEE,,753308,2012.0,Q1,2012-01-01,2012-03-31,2013-05-02 14:53:54+00:00,,1.12,1.12,0.6,320000000.0,1.11,,0.0,157000000.0,461000000.0,461000000.0,0.0,461000000.0,,1957000000.0,3371000000.0,,291000000.0,6000000.0,,,,,2248000000.0,1123000000.0,265000000.0,74000000.0,320000000.0,803000000.0,-185000000.0,618000000.0,3371000000.0,411600000.0,412300000.0,414700000.0
NextEra Energy Inc,NEE,,753308,2013.0,Q4,2013-10-01,2013-12-31,,,0.75,0.75,0.66,639000000.0,0.75,,,125000000.0,328000000.0,328000000.0,,328000000.0,,2049000000.0,3630000000.0,,301000000.0,34000000.0,,,,,2350000000.0,1280000000.0,295000000.0,73000000.0,639000000.0,641000000.0,-188000000.0,453000000.0,3630000000.0,424000000.0,424200000.0,427000000.0
NextEra Energy Inc,NEE,,753308,2013.0,FY,2013-01-01,2013-12-31,2015-02-20 16:20:04+00:00,,4.5,4.5,2.64,2163000000.0,4.47,,300000000.0,777000000.0,1908000000.0,1677000000.0,231000000.0,1908000000.0,0.0,8152000000.0,15136000000.0,,1280000000.0,3000000.0,,,,,9432000000.0,5704000000.0,1121000000.0,331000000.0,2463000000.0,3241000000.0,-787000000.0,2454000000.0,15136000000.0,424000000.0,424200000.0,427000000.0
NextEra Energy Inc,NEE,,753308,2013.0,Q3YTD,2013-01-01,2013-09-30,,,3.75,3.75,1.98,1524000000.0,3.72,,300000000.0,652000000.0,1580000000.0,1349000000.0,231000000.0,1580000000.0,,6103000000.0,11506000000.0,,979000000.0,-31000000.0,,,,,7082000000.0,4424000000.0,826000000.0,258000000.0,1824000000.0,2600000000.0,-599000000.0,2001000000.0,11506000000.0,423000000.0,423800000.0,426800000.0
NextEra Energy Inc,NEE,,753308,2013.0,Q3TTM,2012-10-01,2013-09-30,,,4.77,4.77,2.58,1920000000.0,4.74,,300000000.0,790000000.0,2008000000.0,1777000000.0,231000000.0,2008000000.0,,8089000000.0,14881000000.0,,1241000000.0,-15000000.0,,,,,9330000000.0,5551000000.0,1070000000.0,321000000.0,2220000000.0,3331000000.0,-764000000.0,2567000000.0,14881000000.0,423000000.0,423800000.0,426800000.0
NextEra Energy Inc,NEE,,753308,2013.0,Q3,2013-07-01,2013-09-30,2014-11-07 16:31:57+00:00,,1.65,1.65,0.66,605000000.0,1.64,,0.0,297000000.0,698000000.0,698000000.0,0.0,698000000.0,0.0,2256000000.0,4394000000.0,,348000000.0,7000000.0,,,,,2604000000.0,1790000000.0,288000000.0,91000000.0,605000000.0,1185000000.0,-190000000.0,995000000.0,4394000000.0,423000000.0,423800000.0,426800000.0
NextEra Energy Inc,NEE,,753308,2013.0,Q2YTD,2013-01-01,2013-06-30,,,2.1,2.1,1.32,919000000.0,2.08,,300000000.0,355000000.0,882000000.0,651000000.0,231000000.0,882000000.0,,3847000000.0,7112000000.0,,631000000.0,-38000000.0,,,,,4478000000.0,2634000000.0,538000000.0,167000000.0,1219000000.0,1415000000.0,-409000000.0,1006000000.0,7112000000.0,420700000.0,421800000.0,424800000.0
NextEra Energy Inc,NEE,,753308,2013.0,Q2TTM,2012-07-01,2013-06-30,,,4.11,4.11,2.52,1782000000.0,4.08,,300000000.0,647000000.0,1725000000.0,1494000000.0,231000000.0,1725000000.0,,8135000000.0,14330000000.0,,1225000000.0,16000000.0,,,,,9360000000.0,4970000000.0,1041000000.0,278000000.0,2082000000.0,2888000000.0,-747000000.0,2141000000.0,14330000000.0,420700000.0,421800000.0,424800000.0
NextEra Energy Inc,NEE,,753308,2013.0,Q2,2013-04-01,2013-06-30,2014-07-31 17:10:44+00:00,,1.45,1.45,0.66,500000000.0,1.44,,0.0,211000000.0,610000000.0,610000000.0,0.0,610000000.0,,2026000000.0,3833000000.0,,326000000.0,24000000.0,,,,,2352000000.0,1481000000.0,266000000.0,82000000.0,500000000.0,981000000.0,-160000000.0,821000000.0,3833000000.0,420700000.0,421800000.0,424800000.0
NextEra Energy Inc,NEE,,753308,2013.0,Q1TTM,2012-04-01,2013-03-31,,,4.12,4.12,2.46,1617000000.0,4.09,,300000000.0,679000000.0,1722000000.0,1491000000.0,231000000.0,1722000000.0,,8140000000.0,14164000000.0,,1200000000.0,50000000.0,,,,,9340000000.0,4824000000.0,1045000000.0,258000000.0,1917000000.0,2907000000.0,-737000000.0,2170000000.0,14164000000.0,418500000.0,421000000.0,423700000.0
NextEra Energy Inc,NEE,,753308,2013.0,Q1,2013-01-01,2013-03-31,2014-05-02 09:39:10+00:00,,0.65,0.65,0.66,419000000.0,0.64,,300000000.0,144000000.0,272000000.0,41000000.0,231000000.0,272000000.0,,1821000000.0,3279000000.0,,305000000.0,-62000000.0,,,,,2126000000.0,1153000000.0,272000000.0,85000000.0,719000000.0,434000000.0,-249000000.0,185000000.0,3279000000.0,418500000.0,421000000.0,423700000.0
NextEra Energy Inc,NEE,,753308,2014.0,FY,2014-01-01,2014-12-31,2017-02-23 15:57:53+00:00,,,,2.9,2551000000.0,,,,1176000000.0,2469000000.0,2469000000.0,,2465000000.0,4000000.0,8751000000.0,17021000000.0,,1362000000.0,113000000.0,,-27000000.0,0.0,,10113000000.0,6908000000.0,1261000000.0,409000000.0,2524000000.0,4384000000.0,-739000000.0,3645000000.0,17021000000.0,,434400000.0,440100000.0
NextEra Energy Inc,NEE,,753308,2014.0,Q4,2014-10-01,2014-12-31,,,-3.64,-3.64,0.72,692000000.0,-3.6,,,452000000.0,883000000.0,883000000.0,,883000000.0,,2119000000.0,4664000000.0,,348000000.0,10000000.0,,-27000000.0,,,2467000000.0,2197000000.0,321000000.0,114000000.0,665000000.0,1532000000.0,-197000000.0,1335000000.0,4664000000.0,,434400000.0,440100000.0
NextEra Energy Inc,NEE,,753308,2014.0,Q3,2014-07-01,2014-09-30,2015-10-30 13:36:48+00:00,,1.52,1.52,0.725,782000000.0,1.5,,,279000000.0,664000000.0,664000000.0,,660000000.0,4000000.0,2338000000.0,4654000000.0,,371000000.0,10000000.0,,,0.0,,2709000000.0,1945000000.0,316000000.0,86000000.0,782000000.0,1163000000.0,-220000000.0,943000000.0,4654000000.0,434200000.0,434500000.0,440500000.0
NextEra Energy Inc,NEE,,753308,2014.0,Q3YTD,2014-01-01,2014-09-30,,,3.64,3.64,2.18,1859000000.0,3.6,,,724000000.0,1586000000.0,1586000000.0,,1582000000.0,4000000.0,6632000000.0,12357000000.0,,1014000000.0,103000000.0,,,,,7646000000.0,4711000000.0,940000000.0,295000000.0,1859000000.0,2852000000.0,-542000000.0,2310000000.0,12357000000.0,434200000.0,434500000.0,440500000.0
NextEra Energy Inc,NEE,,753308,2014.0,Q3TTM,2013-10-01,2014-09-30,,,4.39,4.39,2.83,2498000000.0,4.35,,,849000000.0,1914000000.0,1914000000.0,,1910000000.0,4000000.0,8681000000.0,15987000000.0,,1315000000.0,137000000.0,,,,,9996000000.0,5991000000.0,1235000000.0,368000000.0,2498000000.0,3493000000.0,-730000000.0,2763000000.0,15987000000.0,434200000.0,434500000.0,440500000.0
NextEra Energy Inc,NEE,,753308,2014.0,Q2YTD,2014-01-01,2014-06-30,,,2.12,2.12,1.45,1077000000.0,2.1,,,445000000.0,922000000.0,922000000.0,,922000000.0,,4294000000.0,7703000000.0,,643000000.0,93000000.0,,,,,4937000000.0,2766000000.0,624000000.0,209000000.0,1077000000.0,1689000000.0,-322000000.0,1367000000.0,7703000000.0,435400000.0,434100000.0,440100000.0
NextEra Energy Inc,NEE,,753308,2014.0,Q2TTM,2013-07-01,2014-06-30,,,4.52,4.52,2.77,2321000000.0,4.49,,,867000000.0,1948000000.0,1948000000.0,,1948000000.0,,8599000000.0,15727000000.0,,1292000000.0,134000000.0,,,,,9891000000.0,5836000000.0,1207000000.0,373000000.0,2321000000.0,3515000000.0,-700000000.0,2815000000.0,15727000000.0,435400000.0,434100000.0,440100000.0
NextEra Energy Inc,NEE,,753308,2014.0,Q2,2014-04-01,2014-06-30,2015-08-03 13:48:33+00:00,,1.13,1.13,0.725,614000000.0,1.12,,,292000000.0,492000000.0,492000000.0,,492000000.0,0.0,2141000000.0,4029000000.0,,323000000.0,33000000.0,,,0.0,,2464000000.0,1565000000.0,305000000.0,105000000.0,614000000.0,951000000.0,-167000000.0,784000000.0,4029000000.0,435400000.0,434100000.0,440100000.0
NextEra Energy Inc,NEE,,753308,2014.0,Q1TTM,2013-04-01,2014-03-31,,,4.84,4.84,2.71,2207000000.0,4.81,,,786000000.0,2066000000.0,2066000000.0,,2066000000.0,,8484000000.0,15531000000.0,,1295000000.0,125000000.0,,,,,9779000000.0,5752000000.0,1168000000.0,350000000.0,2207000000.0,3545000000.0,-693000000.0,2852000000.0,15531000000.0,434300000.0,433500000.0,438200000.0
NextEra Energy Inc,NEE,,753308,2014.0,Q1,2014-01-01,2014-03-31,2015-05-01 14:06:01+00:00,,0.99,0.99,0.725,463000000.0,0.98,,,153000000.0,430000000.0,430000000.0,,430000000.0,0.0,2153000000.0,3674000000.0,,320000000.0,60000000.0,,,0.0,,2473000000.0,1201000000.0,319000000.0,104000000.0,463000000.0,738000000.0,-155000000.0,583000000.0,3674000000.0,434300000.0,433500000.0,438200000.0
NextEra Energy Inc,NEE,,753308,2015.0,FY,2015-01-01,2015-12-31,2018-02-16 15:44:58+00:00,,6.11,6.11,3.08,2831000000.0,6.06,,2000000.0,1228000000.0,2762000000.0,2762000000.0,,2752000000.0,10000000.0,8596000000.0,17486000000.0,,1395000000.0,0.0,,4000000.0,26000000.0,,9991000000.0,7495000000.0,1211000000.0,569000000.0,2863000000.0,4632000000.0,-642000000.0,3990000000.0,17486000000.0,450400000.0,450500000.0,454000000.0
NextEra Energy Inc,NEE,,753308,2015.0,Q4,2015-10-01,2015-12-31,,,1.09,1.09,0.77,749000000.0,1.09,,2000000.0,247000000.0,511000000.0,511000000.0,,507000000.0,4000000.0,2091000000.0,4070000000.0,,342000000.0,-18000000.0,,4000000.0,6000000.0,,2433000000.0,1637000000.0,299000000.0,199000000.0,761000000.0,876000000.0,-118000000.0,758000000.0,4070000000.0,450400000.0,450500000.0,454000000.0
NextEra Energy Inc,NEE,,753308,2015.0,Q3,2015-07-01,2015-09-30,2016-11-01 09:06:55+00:00,,1.94,1.94,0.77,798000000.0,1.93,,,421000000.0,881000000.0,881000000.0,,879000000.0,2000000.0,2291000000.0,4954000000.0,,377000000.0,-16000000.0,,,7000000.0,,2668000000.0,2286000000.0,311000000.0,148000000.0,805000000.0,1481000000.0,-179000000.0,1302000000.0,4954000000.0,453100000.0,454100000.0,456000000.0
NextEra Energy Inc,NEE,,753308,2015.0,Q3YTD,2015-01-01,2015-09-30,,,5.02,5.02,2.31,2082000000.0,4.97,,,981000000.0,2251000000.0,2251000000.0,,2245000000.0,6000000.0,6505000000.0,13416000000.0,,1053000000.0,18000000.0,,,20000000.0,,7558000000.0,5858000000.0,912000000.0,370000000.0,2102000000.0,3756000000.0,-524000000.0,3232000000.0,13416000000.0,453100000.0,454100000.0,456000000.0
NextEra Energy Inc,NEE,,753308,2015.0,Q3TTM,2014-10-01,2015-09-30,,,1.38,1.38,3.03,2774000000.0,1.37,,,1433000000.0,3134000000.0,3134000000.0,,3128000000.0,6000000.0,8624000000.0,18080000000.0,,1401000000.0,28000000.0,,-27000000.0,20000000.0,,10025000000.0,8055000000.0,1233000000.0,484000000.0,2767000000.0,5288000000.0,-721000000.0,4567000000.0,18080000000.0,453100000.0,454100000.0,456000000.0
NextEra Energy Inc,NEE,,753308,2015.0,Q2,2015-04-01,2015-06-30,2016-07-28 16:19:58+00:00,,1.61,1.61,0.77,737000000.0,1.59,,,274000000.0,720000000.0,720000000.0,,716000000.0,4000000.0,2116000000.0,4358000000.0,,350000000.0,4000000.0,,,9000000.0,,2466000000.0,1892000000.0,280000000.0,124000000.0,746000000.0,1146000000.0,-152000000.0,994000000.0,4358000000.0,444700000.0,445500000.0,449200000.0
NextEra Energy Inc,NEE,,753308,2015.0,Q2YTD,2015-01-01,2015-06-30,,,3.08,3.08,1.54,1284000000.0,3.04,,,560000000.0,1370000000.0,1370000000.0,,1366000000.0,4000000.0,4214000000.0,8462000000.0,,676000000.0,34000000.0,,,13000000.0,,4890000000.0,3572000000.0,601000000.0,222000000.0,1297000000.0,2275000000.0,-345000000.0,1930000000.0,8462000000.0,444700000.0,445500000.0,449200000.0
NextEra Energy Inc,NEE,,753308,2015.0,Q2TTM,2014-07-01,2015-06-30,,,0.96,0.96,2.99,2758000000.0,0.94,,,1291000000.0,2917000000.0,2917000000.0,,2909000000.0,8000000.0,8671000000.0,17780000000.0,,1395000000.0,54000000.0,,-27000000.0,13000000.0,,10066000000.0,7714000000.0,1238000000.0,422000000.0,2744000000.0,4970000000.0,-762000000.0,4208000000.0,17780000000.0,444700000.0,445500000.0,449200000.0
NextEra Energy Inc,NEE,,753308,2015.0,Q1,2015-01-01,2015-03-31,2016-04-29 13:02:47+00:00,,1.47,1.47,0.77,547000000.0,1.45,,,286000000.0,650000000.0,650000000.0,,650000000.0,0.0,2098000000.0,4104000000.0,,326000000.0,30000000.0,,,4000000.0,,2424000000.0,1680000000.0,321000000.0,98000000.0,551000000.0,1129000000.0,-193000000.0,936000000.0,4104000000.0,442200000.0,442300000.0,448800000.0
NextEra Energy Inc,NEE,,753308,2015.0,Q1TTM,2014-04-01,2015-03-31,,,0.48,0.48,2.95,2635000000.0,0.47,,,1309000000.0,2689000000.0,2689000000.0,,2685000000.0,4000000.0,8696000000.0,17451000000.0,,1368000000.0,83000000.0,,-27000000.0,4000000.0,,10064000000.0,7387000000.0,1263000000.0,403000000.0,2612000000.0,4775000000.0,-777000000.0,3998000000.0,17451000000.0,442200000.0,442300000.0,448800000.0
NextEra Energy Inc,NEE,,753308,2016.0,FY,2016-01-01,2016-12-31,2019-02-15 17:22:00+00:00,,6.27,6.27,3.48,3120000000.0,6.24,,7000000.0,1379000000.0,2999000000.0,2999000000.0,,2906000000.0,93000000.0,7521000000.0,16138000000.0,,1343000000.0,352000000.0,,-447000000.0,135000000.0,,8864000000.0,7274000000.0,1098000000.0,665000000.0,2815000000.0,4459000000.0,-81000000.0,4378000000.0,16138000000.0,463500000.0,463100000.0,465800000.0
NextEra Energy Inc,NEE,,753308,2016.0,Q4,2016-10-01,2016-12-31,,,2.05,2.05,0.87,858000000.0,2.05,,7000000.0,500000000.0,1012000000.0,1012000000.0,,960000000.0,52000000.0,1941000000.0,3681000000.0,,281000000.0,213000000.0,,-189000000.0,6000000.0,,2222000000.0,1459000000.0,-382000000.0,140000000.0,682000000.0,777000000.0,735000000.0,1512000000.0,3681000000.0,463500000.0,463100000.0,465800000.0
NextEra Energy Inc,NEE,,753308,2016.0,Q3,2016-07-01,2016-09-30,2017-10-26 16:43:16+00:00,,1.63,1.63,0.87,983000000.0,1.62,,,418000000.0,789000000.0,789000000.0,,753000000.0,36000000.0,2050000000.0,4805000000.0,,374000000.0,116000000.0,,-4000000.0,123000000.0,,2424000000.0,2381000000.0,369000000.0,181000000.0,1102000000.0,1279000000.0,-72000000.0,1207000000.0,4805000000.0,462000000.0,463300000.0,466000000.0
NextEra Energy Inc,NEE,,753308,2016.0,Q3YTD,2016-01-01,2016-09-30,,,4.22,4.22,2.61,2262000000.0,4.19,,,879000000.0,1987000000.0,1987000000.0,,1946000000.0,41000000.0,5580000000.0,12457000000.0,,1062000000.0,139000000.0,,-258000000.0,129000000.0,,6642000000.0,5815000000.0,1480000000.0,525000000.0,2133000000.0,3682000000.0,-816000000.0,2866000000.0,12457000000.0,462000000.0,463300000.0,466000000.0
NextEra Energy Inc,NEE,,753308,2016.0,Q3TTM,2015-10-01,2016-09-30,,,5.31,5.31,3.38,3011000000.0,5.28,,2000000.0,1126000000.0,2498000000.0,2498000000.0,,2453000000.0,45000000.0,7671000000.0,16527000000.0,,1404000000.0,121000000.0,,-254000000.0,135000000.0,,9075000000.0,7452000000.0,1779000000.0,724000000.0,2894000000.0,4558000000.0,-934000000.0,3624000000.0,16527000000.0,462000000.0,463300000.0,466000000.0
NextEra Energy Inc,NEE,,753308,2016.0,Q2,2016-04-01,2016-06-30,2017-07-26 17:25:32+00:00,,1.17,1.17,0.87,742000000.0,1.16,,,219000000.0,544000000.0,544000000.0,,540000000.0,4000000.0,1803000000.0,3817000000.0,,355000000.0,26000000.0,,-254000000.0,2000000.0,,2158000000.0,1659000000.0,602000000.0,170000000.0,490000000.0,1169000000.0,-406000000.0,763000000.0,3817000000.0,461500000.0,461300000.0,464600000.0
NextEra Energy Inc,NEE,,753308,2016.0,Q2YTD,2016-01-01,2016-06-30,,,2.59,2.59,1.74,1279000000.0,2.57,,,461000000.0,1198000000.0,1198000000.0,,1193000000.0,5000000.0,3530000000.0,7652000000.0,,688000000.0,23000000.0,,-254000000.0,6000000.0,,4218000000.0,3434000000.0,1111000000.0,344000000.0,1031000000.0,2403000000.0,-744000000.0,1659000000.0,7652000000.0,461500000.0,461300000.0,464600000.0
NextEra Energy Inc,NEE,,753308,2016.0,Q2TTM,2015-07-01,2016-06-30,,,5.62,5.62,3.28,2826000000.0,5.59,,2000000.0,1129000000.0,2590000000.0,2590000000.0,,2579000000.0,11000000.0,7912000000.0,16676000000.0,,1407000000.0,-11000000.0,,-250000000.0,19000000.0,,9319000000.0,7357000000.0,1721000000.0,691000000.0,2597000000.0,4760000000.0,-1041000000.0,3719000000.0,16676000000.0,461500000.0,461300000.0,464600000.0
NextEra Energy Inc,NEE,,753308,2016.0,Q1,2016-01-01,2016-03-31,2017-04-21 15:53:41+00:00,,1.42,1.42,0.87,537000000.0,1.41,,,242000000.0,654000000.0,654000000.0,,653000000.0,1000000.0,1727000000.0,3835000000.0,,333000000.0,-3000000.0,,0.0,4000000.0,,2060000000.0,1775000000.0,509000000.0,174000000.0,541000000.0,1234000000.0,-338000000.0,896000000.0,3835000000.0,459900000.0,460500000.0,463400000.0
NextEra Energy Inc,NEE,,753308,2016.0,Q1TTM,2015-04-01,2016-03-31,,,6.06,6.06,3.18,2821000000.0,6.02,,2000000.0,1184000000.0,2766000000.0,2766000000.0,,2755000000.0,11000000.0,8225000000.0,17217000000.0,,1402000000.0,-33000000.0,,4000000.0,26000000.0,,9627000000.0,7590000000.0,1399000000.0,645000000.0,2853000000.0,4737000000.0,-787000000.0,3950000000.0,17217000000.0,459900000.0,460500000.0,463400000.0
NextEra Energy Inc,NEE,,753308,2017.0,FY,2017-01-01,2017-12-31,2020-02-14 15:24:19+00:00,,11.48,11.48,3.93,3297000000.0,11.39,,446000000.0,446000000.0,5323000000.0,7203000000.0,,5380000000.0,-57000000.0,12624000000.0,17173000000.0,-1880000000.0,3802000000.0,160000000.0,-10517000000.0,-1111000000.0,69000000.0,,16426000000.0,747000000.0,2039000000.0,965000000.0,-7816000000.0,8563000000.0,-914000000.0,7649000000.0,17173000000.0,468800000.0,468800000.0,468800000.0
NextEra Energy Inc,NEE,,753308,2017.0,Q4,2017-10-01,2017-12-31,,,4.6,4.6,0.98,722000000.0,4.55,,446000000.0,-882000000.0,2072000000.0,3952000000.0,,2157000000.0,-85000000.0,7032000000.0,3989000000.0,-1880000000.0,2674000000.0,52000000.0,-10517000000.0,-5000000.0,63000000.0,,9706000000.0,-5717000000.0,868000000.0,312000000.0,-9291000000.0,3574000000.0,-504000000.0,3070000000.0,3989000000.0,468800000.0,468800000.0,468800000.0
NextEra Energy Inc,NEE,,753308,2017.0,Q3,2017-07-01,2017-09-30,2018-10-23 16:23:56+00:00,,1.8,1.8,0.9825,1070000000.0,1.79,,,364000000.0,856000000.0,856000000.0,,847000000.0,9000000.0,1993000000.0,4808000000.0,,397000000.0,71000000.0,,-5000000.0,2000000.0,,2390000000.0,2418000000.0,381000000.0,179000000.0,1067000000.0,1351000000.0,-131000000.0,1220000000.0,4808000000.0,470600000.0,469400000.0,473500000.0
NextEra Energy Inc,NEE,,753308,2017.0,Q3YTD,2017-01-01,2017-09-30,,,6.88,6.88,2.95,2575000000.0,6.84,,,1328000000.0,3251000000.0,3251000000.0,,3223000000.0,28000000.0,5592000000.0,13184000000.0,,1128000000.0,108000000.0,,-1106000000.0,6000000.0,,6720000000.0,6464000000.0,1171000000.0,653000000.0,1475000000.0,4989000000.0,-410000000.0,4579000000.0,13184000000.0,470600000.0,469400000.0,473500000.0
NextEra Energy Inc,NEE,,753308,2017.0,Q3TTM,2016-10-01,2017-09-30,,,8.93,8.93,3.82,3433000000.0,8.89,,7000000.0,1828000000.0,4263000000.0,4263000000.0,,4183000000.0,80000000.0,7533000000.0,16865000000.0,,1409000000.0,321000000.0,,-1295000000.0,12000000.0,,8942000000.0,7923000000.0,789000000.0,793000000.0,2157000000.0,5766000000.0,325000000.0,6091000000.0,16865000000.0,470600000.0,469400000.0,473500000.0
NextEra Energy Inc,NEE,,753308,2017.0,Q2,2017-04-01,2017-06-30,2018-07-25 16:10:31+00:00,,1.69,1.69,0.9825,886000000.0,1.68,,,289000000.0,804000000.0,804000000.0,,793000000.0,11000000.0,1862000000.0,4404000000.0,,377000000.0,15000000.0,,-1000000.0,4000000.0,,2239000000.0,2165000000.0,430000000.0,232000000.0,889000000.0,1276000000.0,-183000000.0,1093000000.0,4404000000.0,469200000.0,467900000.0,471700000.0
NextEra Energy Inc,NEE,,753308,2017.0,Q2YTD,2017-01-01,2017-06-30,,,5.08,5.08,1.97,1505000000.0,5.05,,,964000000.0,2395000000.0,2395000000.0,,2376000000.0,19000000.0,3599000000.0,8376000000.0,,731000000.0,37000000.0,,-1101000000.0,4000000.0,,4330000000.0,4046000000.0,790000000.0,474000000.0,408000000.0,3638000000.0,-279000000.0,3359000000.0,8376000000.0,469200000.0,467900000.0,471700000.0
NextEra Energy Inc,NEE,,753308,2017.0,Q2TTM,2016-07-01,2017-06-30,,,8.76,8.76,3.71,3346000000.0,8.72,,7000000.0,1882000000.0,4196000000.0,4196000000.0,,4089000000.0,107000000.0,7590000000.0,16862000000.0,,1386000000.0,366000000.0,,-1294000000.0,133000000.0,,8976000000.0,7886000000.0,777000000.0,795000000.0,2192000000.0,5694000000.0,384000000.0,6078000000.0,16862000000.0,469200000.0,467900000.0,471700000.0
NextEra Energy Inc,NEE,,753308,2017.0,Q1,2017-01-01,2017-03-31,2018-04-24 16:49:33+00:00,,3.39,3.39,0.9825,619000000.0,3.37,,,675000000.0,1591000000.0,1591000000.0,,1583000000.0,8000000.0,1737000000.0,3972000000.0,,354000000.0,22000000.0,,-1100000000.0,,,2091000000.0,1881000000.0,360000000.0,242000000.0,-481000000.0,2362000000.0,-96000000.0,2266000000.0,3972000000.0,467000000.0,467500000.0,470200000.0
NextEra Energy Inc,NEE,,753308,2017.0,Q1TTM,2016-04-01,2017-03-31,,,8.24,8.24,3.59,3202000000.0,8.2,,7000000.0,1812000000.0,3936000000.0,3936000000.0,,3836000000.0,100000000.0,7531000000.0,16275000000.0,,1364000000.0,377000000.0,,-1547000000.0,131000000.0,,8895000000.0,7380000000.0,949000000.0,733000000.0,1793000000.0,5587000000.0,161000000.0,5748000000.0,16275000000.0,467000000.0,467500000.0,470200000.0
NextEra Energy Inc,NEE,,753308,2018.0,FY,2018-01-01,2018-12-31,2020-02-14 15:24:19+00:00,,14.03,14.03,4.44,6544000000.0,13.88,,11000000.0,2115000000.0,5776000000.0,7947000000.0,,6638000000.0,-862000000.0,11826000000.0,16727000000.0,-2171000000.0,1314000000.0,34000000.0,-10354000000.0,-80000000.0,32000000.0,,13140000000.0,3587000000.0,2039000000.0,4633000000.0,-3847000000.0,7434000000.0,2628000000.0,10062000000.0,16727000000.0,473200000.0,473200000.0,473200000.0
NextEra Energy Inc,NEE,,753308,2018.0,Q4,2018-10-01,2018-12-31,,,0.84,0.84,2.22,3725000000.0,0.85,,11000000.0,514000000.0,314000000.0,2485000000.0,,421000000.0,-107000000.0,6581000000.0,4391000000.0,-2171000000.0,168000000.0,-155000000.0,-10354000000.0,-32000000.0,31000000.0,,6749000000.0,-2358000000.0,1251000000.0,144000000.0,-6619000000.0,4261000000.0,-1262000000.0,2999000000.0,4391000000.0,473200000.0,473200000.0,473200000.0
NextEra Energy Inc,NEE,,753308,2018.0,Q3,2018-07-01,2018-09-30,2019-10-23 15:02:01+00:00,,2.12,2.12,1.11,1132000000.0,2.1,,,125000000.0,941000000.0,941000000.0,,1005000000.0,-64000000.0,1913000000.0,4416000000.0,,409000000.0,78000000.0,,-6000000.0,,,2322000000.0,2094000000.0,168000000.0,188000000.0,1126000000.0,968000000.0,98000000.0,1066000000.0,4416000000.0,474100000.0,473100000.0,477400000.0
NextEra Energy Inc,NEE,,753308,2018.0,Q3YTD,2018-01-01,2018-09-30,,,13.19,13.19,2.22,2819000000.0,13.03,,,1601000000.0,5462000000.0,5462000000.0,,6217000000.0,-755000000.0,5245000000.0,12336000000.0,,1146000000.0,189000000.0,,-48000000.0,1000000.0,,6391000000.0,5945000000.0,788000000.0,4489000000.0,2772000000.0,3173000000.0,3890000000.0,7063000000.0,12336000000.0,474100000.0,473100000.0,477400000.0
NextEra Energy Inc,NEE,,753308,2018.0,Q3TTM,2017-10-01,2018-09-30,,,17.79,17.79,3.2,3541000000.0,17.58,,446000000.0,719000000.0,7534000000.0,9414000000.0,,8374000000.0,-840000000.0,12277000000.0,16325000000.0,-1880000000.0,3820000000.0,241000000.0,-10517000000.0,-53000000.0,64000000.0,,16097000000.0,228000000.0,1656000000.0,4801000000.0,-6519000000.0,6747000000.0,3386000000.0,10133000000.0,16325000000.0,474100000.0,473100000.0,477400000.0
NextEra Energy Inc,NEE,,753308,2018.0,Q2,2018-04-01,2018-06-30,2019-07-24 17:11:43+00:00,,1.66,1.66,,831000000.0,1.61,,,226000000.0,687000000.0,687000000.0,,781000000.0,-94000000.0,1742000000.0,4063000000.0,,371000000.0,74000000.0,,-28000000.0,1000000.0,,2113000000.0,1950000000.0,394000000.0,87000000.0,804000000.0,1146000000.0,-233000000.0,913000000.0,4063000000.0,470500000.0,471100000.0,475200000.0
NextEra Energy Inc,NEE,,753308,2018.0,Q2YTD,2018-01-01,2018-06-30,,,11.07,11.07,1.11,1687000000.0,10.93,,,1476000000.0,4521000000.0,4521000000.0,,5212000000.0,-691000000.0,3332000000.0,7920000000.0,,737000000.0,111000000.0,,-42000000.0,1000000.0,,4069000000.0,3851000000.0,620000000.0,4301000000.0,1646000000.0,2205000000.0,3792000000.0,5997000000.0,7920000000.0,470500000.0,471100000.0,475200000.0
NextEra Energy Inc,NEE,,753308,2018.0,Q2TTM,2017-07-01,2018-06-30,,,17.47,17.47,3.08,3479000000.0,17.27,,446000000.0,958000000.0,7449000000.0,9329000000.0,,8216000000.0,-767000000.0,12357000000.0,16717000000.0,-1880000000.0,3808000000.0,234000000.0,-10517000000.0,-52000000.0,66000000.0,,16165000000.0,552000000.0,1869000000.0,4792000000.0,-6578000000.0,7130000000.0,3157000000.0,10287000000.0,16717000000.0,470500000.0,471100000.0,475200000.0
NextEra Energy Inc,NEE,,753308,2018.0,Q1,2018-01-01,2018-03-31,2019-04-23 17:18:57+00:00,,9.41,9.41,1.11,856000000.0,9.32,,,1250000000.0,3834000000.0,3834000000.0,,4431000000.0,-597000000.0,1590000000.0,3857000000.0,,366000000.0,37000000.0,,-14000000.0,0.0,,1956000000.0,1901000000.0,226000000.0,4214000000.0,842000000.0,1059000000.0,4025000000.0,5084000000.0,3857000000.0,470900000.0,470700000.0,474300000.0
NextEra Energy Inc,NEE,,753308,2018.0,Q1TTM,2017-04-01,2018-03-31,,,17.5,17.5,4.06,3534000000.0,17.34,,446000000.0,1021000000.0,7566000000.0,9446000000.0,,8228000000.0,-662000000.0,12477000000.0,17058000000.0,-1880000000.0,3814000000.0,175000000.0,-10517000000.0,-25000000.0,69000000.0,,16291000000.0,767000000.0,1905000000.0,4937000000.0,-6493000000.0,7260000000.0,3207000000.0,10467000000.0,17058000000.0,470900000.0,470700000.0,474300000.0
NextEra Energy Inc,NEE,,753308,2019.0,Q4,2019-10-01,2019-12-31,,-1739000000.0,2.0,2.0,2.5,4264000000.0,1.98,,72000000.0,633000000.0,845000000.0,3179000000.0,,976000000.0,-131000000.0,7860000000.0,4587000000.0,-2334000000.0,856000000.0,160000000.0,-10907000000.0,-28000000.0,29000000.0,,8716000000.0,-4129000000.0,782000000.0,254000000.0,-8309000000.0,4180000000.0,-368000000.0,3812000000.0,4587000000.0,482000000.0,482000000.0,482000000.0
NextEra Energy Inc,NEE,,753308,2019.0,FY,2019-01-01,2019-12-31,2020-02-14 15:24:19+00:00,,7.82,7.82,5.0,6740000000.0,7.76,,72000000.0,889000000.0,3388000000.0,5722000000.0,,3769000000.0,-381000000.0,12778000000.0,19204000000.0,-2334000000.0,1825000000.0,495000000.0,-10495000000.0,-406000000.0,35000000.0,,14603000000.0,4601000000.0,2843000000.0,304000000.0,-4054000000.0,8655000000.0,-2044000000.0,6611000000.0,19204000000.0,482000000.0,482000000.0,482000000.0
NextEra Energy Inc,NEE,,753308,2019.0,Q3YTD,2019-01-01,2019-09-30,,1739000000.0,5.82,5.82,2.5,2476000000.0,5.78,,,256000000.0,2543000000.0,2543000000.0,,2793000000.0,-250000000.0,4918000000.0,14617000000.0,,969000000.0,335000000.0,412000000.0,-378000000.0,6000000.0,,5887000000.0,8730000000.0,2061000000.0,50000000.0,4255000000.0,4475000000.0,-1676000000.0,2799000000.0,14617000000.0,483000000.0,481900000.0,486000000.0
NextEra Energy Inc,NEE,,753308,2019.0,Q3TTM,2018-10-01,2019-09-30,,1739000000.0,6.66,6.66,4.72,6201000000.0,6.63,,11000000.0,770000000.0,2857000000.0,5028000000.0,,3214000000.0,-357000000.0,11499000000.0,19008000000.0,-2171000000.0,1137000000.0,180000000.0,-9942000000.0,-410000000.0,37000000.0,,12636000000.0,6372000000.0,3312000000.0,194000000.0,-2364000000.0,8736000000.0,-2938000000.0,5798000000.0,19008000000.0,483000000.0,481900000.0,486000000.0
NextEra Energy Inc,NEE,,753308,2019.0,Q3,2019-07-01,2019-09-30,2019-10-23 15:02:01+00:00,,1.82,1.82,1.25,1295000000.0,1.81,,,58000000.0,798000000.0,798000000.0,,879000000.0,-81000000.0,2129000000.0,5572000000.0,,553000000.0,63000000.0,,2000000.0,,,2682000000.0,2890000000.0,746000000.0,-54000000.0,1297000000.0,1593000000.0,-737000000.0,856000000.0,5572000000.0,483000000.0,481900000.0,486000000.0
NextEra Energy Inc,NEE,,753308,2019.0,Q2YTD,2019-01-01,2019-06-30,,1739000000.0,4.0,4.0,1.25,1181000000.0,3.97,,,198000000.0,1745000000.0,1745000000.0,,1914000000.0,-169000000.0,2789000000.0,9045000000.0,,416000000.0,272000000.0,412000000.0,-380000000.0,6000000.0,,3205000000.0,5840000000.0,1315000000.0,104000000.0,2958000000.0,2882000000.0,-939000000.0,1943000000.0,9045000000.0,478300000.0,478900000.0,482800000.0
NextEra Energy Inc,NEE,,753308,2019.0,Q2TTM,2018-07-01,2019-06-30,,1739000000.0,6.96,6.96,4.58,6038000000.0,6.92,,11000000.0,837000000.0,3000000000.0,5171000000.0,,3340000000.0,-340000000.0,11283000000.0,17852000000.0,-2171000000.0,993000000.0,195000000.0,-9942000000.0,-418000000.0,37000000.0,,12276000000.0,5576000000.0,2734000000.0,436000000.0,-2535000000.0,8111000000.0,-2103000000.0,6008000000.0,17852000000.0,478300000.0,478900000.0,482800000.0
NextEra Energy Inc,NEE,,753308,2019.0,Q2,2019-04-01,2019-06-30,2019-07-24 17:11:43+00:00,,2.58,2.58,,1181000000.0,2.56,,,124000000.0,1139000000.0,1139000000.0,,1234000000.0,-95000000.0,1974000000.0,4970000000.0,,416000000.0,90000000.0,,-354000000.0,6000000.0,,2390000000.0,2580000000.0,601000000.0,27000000.0,833000000.0,1747000000.0,-484000000.0,1263000000.0,4970000000.0,478300000.0,478900000.0,482800000.0
NextEra Energy Inc,NEE,,753308,2019.0,Q1,2019-01-01,2019-03-31,2020-04-23 16:01:38+00:00,1739000000.0,1.42,1.42,1.25,,1.41,,,74000000.0,606000000.0,606000000.0,,680000000.0,-74000000.0,815000000.0,4075000000.0,,,182000000.0,412000000.0,-26000000.0,,,815000000.0,3260000000.0,714000000.0,77000000.0,2125000000.0,1135000000.0,-455000000.0,680000000.0,4075000000.0,478300000.0,478300000.0,478300000.0
NextEra Energy Inc,NEE,,753308,2019.0,Q1TTM,2018-04-01,2019-03-31,,1739000000.0,6.04,6.04,4.58,5688000000.0,5.97,,11000000.0,939000000.0,2548000000.0,4719000000.0,,2887000000.0,-339000000.0,11051000000.0,16945000000.0,-2171000000.0,948000000.0,179000000.0,-9942000000.0,-92000000.0,32000000.0,,11999000000.0,4946000000.0,2527000000.0,496000000.0,-2564000000.0,7510000000.0,-1852000000.0,5658000000.0,16945000000.0,478300000.0,478300000.0,478300000.0
NextEra Energy Inc,NEE,,753308,2020.0,Q1TTM,2019-04-01,2020-03-31,,-70000000.0,7.26,7.26,5.15,6740000000.0,7.21,,72000000.0,580000000.0,3090000000.0,5424000000.0,,3510000000.0,-420000000.0,12793000000.0,19742000000.0,-2334000000.0,1825000000.0,47000000.0,-10501000000.0,-653000000.0,35000000.0,,14618000000.0,5124000000.0,3440000000.0,-104000000.0,-4377000000.0,9501000000.0,-3497000000.0,6004000000.0,19742000000.0,489300000.0,489300000.0,489300000.0
NextEra Energy Inc,NEE,,753308,2020.0,Q1,2020-01-01,2020-03-31,2020-04-23 16:01:38+00:00,1669000000.0,0.86,0.86,1.4,,0.86,,,-235000000.0,308000000.0,308000000.0,,421000000.0,-113000000.0,830000000.0,4613000000.0,,,-266000000.0,406000000.0,-273000000.0,,,830000000.0,3783000000.0,1311000000.0,-331000000.0,1802000000.0,1981000000.0,-1908000000.0,73000000.0,4613000000.0,489300000.0,489300000.0,489300000.0
