company_name,company_ticker,company_lei,company_cik,year,quarter,start_date,end_date,filing_date,basicdilutedeps,basiceps,cashdividendspershare,dilutedeps,impairmentexpense,incometaxexpense,netincome,netincomecontinuing,netincometocommon,netincometononcontrollinginterest,operatingcostofrevenue,operatingrevenue,otheradjustmentstoconsolidatednetincome,othergains,otherincome,restructuringcharge,sgaexpense,totalcostofrevenue,totalgrossprofit,totalinterestexpense,totalinterestincome,totaloperatingexpenses,totaloperatingincome,totalotherincome,totalpretaxincome,totalrevenue,weightedavebasicdilutedsharesos,weightedavebasicsharesos,weightedavedilutedsharesos
Dentsply Sirona Inc,XRAY,9NHEHR1SOZCYXDO8HO28,818479,2007.0,FY,2007-01-01,2007-12-31,2010-02-22 09:57:43+00:00,1.71,1.71,0.165,1.68,,98481000.0,259711000.0,259711000.0,259654000.0,57000.0,969050000.0,2009833000.0,,,656000.0,10527000.0,675365000.0,969050000.0,1040783000.0,23783000.0,26428000.0,685892000.0,354891000.0,3301000.0,358192000.0,2009833000.0,151800000.0,151707000.0,154721000.0
Dentsply Sirona Inc,XRAY,9NHEHR1SOZCYXDO8HO28,818479,2008.0,FY,2008-01-01,2008-12-31,2010-02-22 09:57:43+00:00,1.9,1.9,0.185,1.87,,71603000.0,283270000.0,283270000.0,283869000.0,-599000.0,1041779000.0,2193723000.0,,,-10110000.0,32355000.0,739168000.0,1041779000.0,1151944000.0,32527000.0,17089000.0,771523000.0,380421000.0,-25548000.0,354873000.0,2193723000.0,149400000.0,149069000.0,151679000.0
Dentsply Sirona Inc,XRAY,9NHEHR1SOZCYXDO8HO28,818479,2008.0,Q3,2008-07-01,2008-09-30,2009-10-30 12:15:48+00:00,0.44,0.44,0.045,0.44,,9204000.0,66066000.0,66066000.0,66047000.0,19000.0,249770000.0,529953000.0,,,-1030000.0,18539000.0,180729000.0,249770000.0,280183000.0,9284000.0,4669000.0,199268000.0,80915000.0,-5645000.0,75270000.0,529953000.0,150100000.0,148775000.0,151697000.0
Dentsply Sirona Inc,XRAY,9NHEHR1SOZCYXDO8HO28,818479,2008.0,Q2,2008-04-01,2008-06-30,2009-07-30 17:29:15+00:00,0.53,0.53,0.045,0.52,,31297000.0,78699000.0,78699000.0,78648000.0,51000.0,279361000.0,594847000.0,,,51000.0,1458000.0,200867000.0,279361000.0,315486000.0,7901000.0,4685000.0,202325000.0,113161000.0,-3165000.0,109996000.0,594847000.0,148400000.0,148851000.0,151790000.0
Dentsply Sirona Inc,XRAY,9NHEHR1SOZCYXDO8HO28,818479,2009.0,Q4,2009-10-01,2009-12-31,,0.51,0.51,0.05,0.5,,23374000.0,76049000.0,76049000.0,74833000.0,1216000.0,287502000.0,568181000.0,,,306000.0,985000.0,176264000.0,287502000.0,280679000.0,5019000.0,706000.0,177249000.0,103430000.0,-4007000.0,99423000.0,568181000.0,148200000.0,148319000.0,150102000.0
Dentsply Sirona Inc,XRAY,9NHEHR1SOZCYXDO8HO28,818479,2009.0,FY,2009-01-01,2009-12-31,2012-02-24 16:38:19+00:00,1.85,1.85,0.2,1.83,,88944000.0,274412000.0,274412000.0,274258000.0,154000.0,1053015000.0,2159378000.0,,0.0,-1023000.0,6890000.0,718230000.0,1053015000.0,1106363000.0,21896000.0,5032000.0,725120000.0,381243000.0,-17887000.0,363356000.0,2159378000.0,148200000.0,148319000.0,150102000.0
Dentsply Sirona Inc,XRAY,9NHEHR1SOZCYXDO8HO28,818479,2009.0,Q3,2009-07-01,2009-09-30,2009-10-30 12:15:48+00:00,0.45,0.45,0.05,0.45,,19999000.0,67853000.0,67853000.0,67483000.0,370000.0,258051000.0,531032000.0,,,-480000.0,1210000.0,178841000.0,258051000.0,272981000.0,5456000.0,858000.0,180051000.0,92930000.0,-5078000.0,87852000.0,531032000.0,150000000.0,148547000.0,150638000.0
Dentsply Sirona Inc,XRAY,9NHEHR1SOZCYXDO8HO28,818479,2009.0,Q3YTD,2009-01-01,2009-09-30,,1.34,1.34,0.15,1.33,,65570000.0,198363000.0,198363000.0,199425000.0,-1062000.0,765513000.0,1591197000.0,,,-1329000.0,5905000.0,541966000.0,765513000.0,825684000.0,16877000.0,4326000.0,547871000.0,277813000.0,-13880000.0,263933000.0,1591197000.0,150000000.0,148547000.0,150638000.0
Dentsply Sirona Inc,XRAY,9NHEHR1SOZCYXDO8HO28,818479,2009.0,Q2,2009-04-01,2009-06-30,2009-07-30 17:29:15+00:00,0.47,0.47,0.05,0.47,,24440000.0,70580000.0,70580000.0,70199000.0,381000.0,266245000.0,553216000.0,,,68000.0,3125000.0,185138000.0,266245000.0,286971000.0,5268000.0,1512000.0,188263000.0,98708000.0,-3688000.0,95020000.0,553216000.0,149400000.0,148577000.0,150057000.0
Dentsply Sirona Inc,XRAY,9NHEHR1SOZCYXDO8HO28,818479,2009.0,Q2YTD,2009-01-01,2009-06-30,,0.89,0.89,0.1,0.88,,45571000.0,130510000.0,130510000.0,131942000.0,-1432000.0,507462000.0,1060165000.0,,,-849000.0,4695000.0,363125000.0,507462000.0,552703000.0,11421000.0,3468000.0,367820000.0,184883000.0,-8802000.0,176081000.0,1060165000.0,149400000.0,148577000.0,150057000.0
Dentsply Sirona Inc,XRAY,9NHEHR1SOZCYXDO8HO28,818479,2009.0,Q1,2009-01-01,2009-03-31,2010-04-29 17:16:14+00:00,0.42,0.42,0.05,0.41,,21131000.0,59930000.0,59930000.0,61743000.0,-1813000.0,241217000.0,506949000.0,,,-917000.0,1570000.0,177987000.0,241217000.0,265732000.0,6153000.0,1956000.0,179557000.0,86175000.0,-5114000.0,81061000.0,506949000.0,147000000.0,148514000.0,149705000.0
Dentsply Sirona Inc,XRAY,9NHEHR1SOZCYXDO8HO28,818479,2010.0,Q4,2010-10-01,2010-12-31,,0.48,0.48,0.05,0.48,,21640000.0,67983000.0,67983000.0,67826000.0,157000.0,280458000.0,568169000.0,,-1096000.0,470000.0,5723000.0,186427000.0,280458000.0,287711000.0,6684000.0,1372000.0,192150000.0,95561000.0,-4842000.0,90719000.0,568169000.0,143600000.0,143980000.0,145985000.0
Dentsply Sirona Inc,XRAY,9NHEHR1SOZCYXDO8HO28,818479,2010.0,FY,2010-01-01,2010-12-31,2013-02-20 11:28:57+00:00,1.85,1.85,0.2,1.82,,89225000.0,267335000.0,267335000.0,265708000.0,1627000.0,1090856000.0,2221014000.0,,-1096000.0,-1782000.0,10984000.0,738901000.0,1090856000.0,1130158000.0,25089000.0,4254000.0,749885000.0,380273000.0,-22617000.0,357656000.0,2221014000.0,143600000.0,143980000.0,145985000.0
Dentsply Sirona Inc,XRAY,9NHEHR1SOZCYXDO8HO28,818479,2010.0,Q3,2010-07-01,2010-09-30,2010-10-28 16:38:46+00:00,0.45,0.45,0.05,0.44,,21288000.0,63815000.0,63815000.0,63653000.0,162000.0,269001000.0,541815000.0,,,-585000.0,338000.0,182057000.0,269001000.0,272814000.0,5999000.0,1268000.0,182395000.0,90419000.0,-5316000.0,85103000.0,541815000.0,141500000.0,142501000.0,144063000.0
Dentsply Sirona Inc,XRAY,9NHEHR1SOZCYXDO8HO28,818479,2010.0,Q3YTD,2010-01-01,2010-09-30,,1.37,1.37,0.15,1.34,,67585000.0,199352000.0,199352000.0,197882000.0,1470000.0,810398000.0,1652845000.0,,,-2252000.0,5261000.0,552474000.0,810398000.0,842447000.0,18405000.0,2882000.0,557735000.0,284712000.0,-17775000.0,266937000.0,1652845000.0,141500000.0,142501000.0,144063000.0
Dentsply Sirona Inc,XRAY,9NHEHR1SOZCYXDO8HO28,818479,2010.0,Q3TTM,2009-10-01,2010-09-30,,1.88,1.88,0.2,1.84,,90959000.0,275401000.0,275401000.0,272715000.0,2686000.0,1097900000.0,2221026000.0,,,-1946000.0,6246000.0,728738000.0,1097900000.0,1123126000.0,23424000.0,3588000.0,734984000.0,388142000.0,-21782000.0,366360000.0,2221026000.0,141500000.0,142501000.0,144063000.0
Dentsply Sirona Inc,XRAY,9NHEHR1SOZCYXDO8HO28,818479,2010.0,Q2,2010-04-01,2010-06-30,2010-07-29 15:15:55+00:00,0.5,0.5,0.05,0.49,,25042000.0,73346000.0,73346000.0,72386000.0,960000.0,277491000.0,565086000.0,,,-722000.0,243000.0,182383000.0,277491000.0,287595000.0,6686000.0,827000.0,182626000.0,104969000.0,-6581000.0,98388000.0,565086000.0,144800000.0,144779000.0,146939000.0
Dentsply Sirona Inc,XRAY,9NHEHR1SOZCYXDO8HO28,818479,2010.0,Q2YTD,2010-01-01,2010-06-30,,0.92,0.92,0.1,0.9,,46297000.0,135537000.0,135537000.0,134229000.0,1308000.0,541397000.0,1111030000.0,,,-1667000.0,4923000.0,370417000.0,541397000.0,569633000.0,12406000.0,1614000.0,375340000.0,194293000.0,-12459000.0,181834000.0,1111030000.0,144800000.0,144779000.0,146939000.0
Dentsply Sirona Inc,XRAY,9NHEHR1SOZCYXDO8HO28,818479,2010.0,Q2TTM,2009-07-01,2010-06-30,,1.88,1.88,0.2,1.85,,89670000.0,279439000.0,279439000.0,276545000.0,2894000.0,1086950000.0,2210243000.0,,,-1841000.0,7118000.0,725522000.0,1086950000.0,1123293000.0,22881000.0,3178000.0,732640000.0,390653000.0,-21544000.0,369109000.0,2210243000.0,144800000.0,144779000.0,146939000.0
Dentsply Sirona Inc,XRAY,9NHEHR1SOZCYXDO8HO28,818479,2010.0,Q1,2010-01-01,2010-03-31,2010-04-29 17:16:14+00:00,0.42,0.42,0.05,0.41,,21255000.0,62191000.0,62191000.0,61843000.0,348000.0,263906000.0,545944000.0,,,-945000.0,4680000.0,188034000.0,263906000.0,282038000.0,5720000.0,787000.0,192714000.0,89324000.0,-5878000.0,83446000.0,545944000.0,147200000.0,146776000.0,149294000.0
Dentsply Sirona Inc,XRAY,9NHEHR1SOZCYXDO8HO28,818479,2010.0,Q1TTM,2009-04-01,2010-03-31,,1.85,1.85,0.2,1.83,,89068000.0,276673000.0,276673000.0,274358000.0,2315000.0,1075704000.0,2198373000.0,,,-1051000.0,10000000.0,728277000.0,1075704000.0,1122669000.0,21463000.0,3863000.0,738277000.0,384392000.0,-18651000.0,365741000.0,2198373000.0,147200000.0,146776000.0,149294000.0
Dentsply Sirona Inc,XRAY,9NHEHR1SOZCYXDO8HO28,818479,2011.0,Q4,2011-10-01,2011-12-31,,0.28,0.28,0.15,0.28,,9974000.0,41393000.0,43083000.0,40603000.0,790000.0,377056000.0,738013000.0,-1690000.0,2351000.0,-354000.0,2016000.0,293603000.0,377056000.0,360957000.0,15839000.0,1561000.0,295619000.0,65338000.0,-14632000.0,50706000.0,738013000.0,141300000.0,141386000.0,143553000.0
Dentsply Sirona Inc,XRAY,9NHEHR1SOZCYXDO8HO28,818479,2011.0,FY,2011-01-01,2011-12-31,2014-02-20 17:06:41+00:00,1.73,1.73,0.205,1.7,,11016000.0,247446000.0,247446000.0,244520000.0,2926000.0,1264278000.0,2537718000.0,,2351000.0,-9040000.0,35865000.0,936847000.0,1264278000.0,1273440000.0,43814000.0,8237000.0,972712000.0,300728000.0,-44617000.0,256111000.0,2537718000.0,141300000.0,141386000.0,143553000.0
Dentsply Sirona Inc,XRAY,9NHEHR1SOZCYXDO8HO28,818479,2011.0,Q3TTM,2010-10-01,2011-09-30,,1.93,1.93,0.1,1.9,,22682000.0,274036000.0,272346000.0,271743000.0,2293000.0,1167680000.0,2367874000.0,1690000.0,-1096000.0,-8216000.0,39572000.0,829671000.0,1167680000.0,1200194000.0,34659000.0,8048000.0,869243000.0,330951000.0,-34827000.0,296124000.0,2367874000.0,140900000.0,141349000.0,143395000.0
Dentsply Sirona Inc,XRAY,9NHEHR1SOZCYXDO8HO28,818479,2011.0,Q3,2011-07-01,2011-09-30,2011-11-07 17:25:56+00:00,0.43,0.43,,0.42,,-40627000.0,61200000.0,59603000.0,60597000.0,603000.0,322111000.0,619759000.0,1597000.0,,-7182000.0,26353000.0,231493000.0,322111000.0,297648000.0,16062000.0,2418000.0,257846000.0,39802000.0,-20826000.0,18976000.0,619759000.0,140900000.0,141349000.0,143395000.0
Dentsply Sirona Inc,XRAY,9NHEHR1SOZCYXDO8HO28,818479,2011.0,Q3YTD,2011-01-01,2011-09-30,,1.45,1.45,0.05,1.42,,1042000.0,206053000.0,204363000.0,203917000.0,2136000.0,887222000.0,1799705000.0,1690000.0,,-8686000.0,33849000.0,643244000.0,887222000.0,912483000.0,27975000.0,6676000.0,677093000.0,235390000.0,-29985000.0,205405000.0,1799705000.0,140900000.0,141349000.0,143395000.0
Dentsply Sirona Inc,XRAY,9NHEHR1SOZCYXDO8HO28,818479,2011.0,Q2TTM,2010-07-01,2011-06-30,,1.95,1.95,0.15,1.92,,84597000.0,276651000.0,276558000.0,274799000.0,1852000.0,1114570000.0,2289930000.0,93000.0,-1096000.0,-1619000.0,13557000.0,780235000.0,1114570000.0,1175360000.0,24596000.0,6898000.0,793792000.0,381568000.0,-19317000.0,362251000.0,2289930000.0,140100000.0,141052000.0,143373000.0
Dentsply Sirona Inc,XRAY,9NHEHR1SOZCYXDO8HO28,818479,2011.0,Q2,2011-04-01,2011-06-30,2011-07-28 17:07:25+00:00,0.53,0.53,,0.52,,17957000.0,75390000.0,74473000.0,74236000.0,1154000.0,294592000.0,609443000.0,917000.0,,-1434000.0,6863000.0,210984000.0,294592000.0,314851000.0,5570000.0,2430000.0,217847000.0,97004000.0,-4574000.0,92430000.0,609443000.0,140100000.0,141052000.0,143373000.0
Dentsply Sirona Inc,XRAY,9NHEHR1SOZCYXDO8HO28,818479,2011.0,Q2YTD,2011-01-01,2011-06-30,,1.02,1.02,0.05,1.0,,41669000.0,144853000.0,144760000.0,143320000.0,1533000.0,565111000.0,1179946000.0,93000.0,,-1504000.0,7496000.0,411751000.0,565111000.0,614835000.0,11913000.0,4258000.0,419247000.0,195588000.0,-9159000.0,186429000.0,1179946000.0,140100000.0,141052000.0,143373000.0
Dentsply Sirona Inc,XRAY,9NHEHR1SOZCYXDO8HO28,818479,2011.0,Q1TTM,2010-04-01,2011-03-31,,1.92,1.92,0.2,1.89,,91682000.0,274607000.0,275431000.0,272949000.0,1658000.0,1097469000.0,2245573000.0,-824000.0,-1096000.0,-907000.0,6937000.0,751634000.0,1097469000.0,1148104000.0,25712000.0,5295000.0,758571000.0,389533000.0,-21324000.0,368209000.0,2245573000.0,141000000.0,141614000.0,144044000.0
Dentsply Sirona Inc,XRAY,9NHEHR1SOZCYXDO8HO28,818479,2011.0,Q1,2011-01-01,2011-03-31,2011-04-28 14:09:33+00:00,0.49,0.49,0.05,0.48,,23712000.0,69463000.0,70287000.0,69084000.0,379000.0,270519000.0,570503000.0,-824000.0,,-70000.0,633000.0,200767000.0,270519000.0,299984000.0,6343000.0,1828000.0,201400000.0,98584000.0,-4585000.0,93999000.0,570503000.0,141000000.0,141614000.0,144044000.0
Dentsply Sirona Inc,XRAY,9NHEHR1SOZCYXDO8HO28,818479,2012.0,Q4,2012-10-01,2012-12-31,,0.89,0.89,0.17,0.88,,-39630000.0,127929000.0,127929000.0,126801000.0,1128000.0,361235000.0,753288000.0,,2178000.0,-1198000.0,6855000.0,287992000.0,361235000.0,392053000.0,11997000.0,2110000.0,294847000.0,97206000.0,-11085000.0,86121000.0,753288000.0,141500000.0,141850000.0,143945000.0
Dentsply Sirona Inc,XRAY,9NHEHR1SOZCYXDO8HO28,818479,2012.0,FY,2012-01-01,2012-12-31,2015-02-20 16:57:30+00:00,2.22,2.22,0.22,2.18,,8920000.0,318489000.0,318489000.0,314213000.0,4276000.0,1372042000.0,2928429000.0,,-3270000.0,-3169000.0,25717000.0,1148731000.0,1372042000.0,1556387000.0,56851000.0,8760000.0,1174448000.0,381939000.0,-51260000.0,330679000.0,2928429000.0,141500000.0,141850000.0,143945000.0
Dentsply Sirona Inc,XRAY,9NHEHR1SOZCYXDO8HO28,818479,2012.0,Q3TTM,2011-10-01,2012-09-30,,1.61,1.61,0.21,1.58,,58524000.0,231953000.0,233643000.0,228015000.0,3938000.0,1387863000.0,2913154000.0,-1690000.0,-3097000.0,-2325000.0,20878000.0,1154342000.0,1387863000.0,1525291000.0,60693000.0,8211000.0,1175220000.0,350071000.0,-54807000.0,295264000.0,2913154000.0,140400000.0,141843000.0,143884000.0
Dentsply Sirona Inc,XRAY,9NHEHR1SOZCYXDO8HO28,818479,2012.0,Q3,2012-07-01,2012-09-30,2012-10-25 15:07:11+00:00,0.38,0.38,,0.37,,18960000.0,54292000.0,54292000.0,53364000.0,928000.0,331619000.0,695734000.0,,-2529000.0,-739000.0,15097000.0,260352000.0,331619000.0,364115000.0,14488000.0,2342000.0,275449000.0,88666000.0,-12885000.0,75781000.0,695734000.0,140400000.0,141843000.0,143884000.0
Dentsply Sirona Inc,XRAY,9NHEHR1SOZCYXDO8HO28,818479,2012.0,Q3YTD,2012-01-01,2012-09-30,,1.33,1.33,0.06,1.3,,48550000.0,190560000.0,190560000.0,187412000.0,3148000.0,1010807000.0,2175141000.0,,-5448000.0,-1971000.0,18862000.0,860739000.0,1010807000.0,1164334000.0,44854000.0,6650000.0,879601000.0,284733000.0,-40175000.0,244558000.0,2175141000.0,140400000.0,141843000.0,143884000.0
Dentsply Sirona Inc,XRAY,9NHEHR1SOZCYXDO8HO28,818479,2012.0,Q2TTM,2011-07-01,2012-06-30,,1.66,1.66,0.21,1.63,,-1063000.0,238861000.0,238954000.0,235248000.0,3613000.0,1378355000.0,2837179000.0,-93000.0,-568000.0,-8768000.0,32134000.0,1125483000.0,1378355000.0,1458824000.0,62267000.0,8287000.0,1157617000.0,301207000.0,-62748000.0,238459000.0,2837179000.0,141700000.0,141737000.0,143863000.0
Dentsply Sirona Inc,XRAY,9NHEHR1SOZCYXDO8HO28,818479,2012.0,Q2,2012-04-01,2012-06-30,2012-07-31 16:51:24+00:00,0.57,0.57,,0.56,,14875000.0,82040000.0,82040000.0,80764000.0,1276000.0,355525000.0,762994000.0,,1329000.0,-748000.0,2528000.0,296034000.0,355525000.0,407469000.0,14584000.0,2011000.0,298562000.0,108907000.0,-13321000.0,95586000.0,762994000.0,141700000.0,141737000.0,143863000.0
Dentsply Sirona Inc,XRAY,9NHEHR1SOZCYXDO8HO28,818479,2012.0,Q2YTD,2012-01-01,2012-06-30,,0.95,0.95,0.06,0.93,,29590000.0,136268000.0,136268000.0,134048000.0,2220000.0,679188000.0,1479407000.0,,-2919000.0,-1232000.0,3765000.0,600387000.0,679188000.0,800219000.0,30366000.0,4308000.0,604152000.0,196067000.0,-27290000.0,168777000.0,1479407000.0,141700000.0,141737000.0,143863000.0
Dentsply Sirona Inc,XRAY,9NHEHR1SOZCYXDO8HO28,818479,2012.0,Q1TTM,2011-04-01,2012-03-31,,1.62,1.62,0.21,1.59,,2019000.0,232211000.0,231387000.0,228720000.0,3491000.0,1317422000.0,2683628000.0,824000.0,-1897000.0,-9454000.0,36469000.0,1040433000.0,1317422000.0,1366206000.0,53253000.0,8706000.0,1076902000.0,289304000.0,-54001000.0,235303000.0,2683628000.0,140200000.0,141721000.0,143984000.0
Dentsply Sirona Inc,XRAY,9NHEHR1SOZCYXDO8HO28,818479,2012.0,Q1,2012-01-01,2012-03-31,2012-05-02 14:57:03+00:00,0.38,0.38,0.055,0.37,,14715000.0,54228000.0,54228000.0,53284000.0,944000.0,323663000.0,716413000.0,,-4248000.0,-484000.0,1237000.0,304353000.0,323663000.0,392750000.0,15782000.0,2297000.0,305590000.0,87160000.0,-13969000.0,73191000.0,716413000.0,140200000.0,141721000.0,143984000.0
Dentsply Sirona Inc,XRAY,9NHEHR1SOZCYXDO8HO28,818479,2013.0,Q4,2013-10-01,2013-12-31,,0.53,0.53,0.19,0.52,,12551000.0,76031000.0,76031000.0,74428000.0,1603000.0,355819000.0,753658000.0,,656000.0,393000.0,8291000.0,292127000.0,355819000.0,397839000.0,11455000.0,1567000.0,300418000.0,97421000.0,-9495000.0,87926000.0,753658000.0,142400000.0,142663000.0,144965000.0
Dentsply Sirona Inc,XRAY,9NHEHR1SOZCYXDO8HO28,818479,2013.0,FY,2013-01-01,2013-12-31,2015-02-20 16:57:30+00:00,2.2,2.2,0.25,2.16,,52150000.0,318161000.0,318161000.0,313192000.0,4969000.0,1373358000.0,2950770000.0,,976000.0,-8329000.0,13356000.0,1144890000.0,1373358000.0,1577412000.0,49625000.0,8123000.0,1158246000.0,419166000.0,-49831000.0,369335000.0,2950770000.0,142400000.0,142663000.0,144965000.0
Dentsply Sirona Inc,XRAY,9NHEHR1SOZCYXDO8HO28,818479,2013.0,Q3TTM,2012-10-01,2013-09-30,,2.56,2.56,0.23,2.52,,-31000.0,370059000.0,370059000.0,365565000.0,4494000.0,1378774000.0,2950400000.0,,2498000.0,-9920000.0,11920000.0,1140755000.0,1378774000.0,1571626000.0,50167000.0,8666000.0,1152675000.0,418951000.0,-51421000.0,367530000.0,2950400000.0,142600000.0,142421000.0,144698000.0
Dentsply Sirona Inc,XRAY,9NHEHR1SOZCYXDO8HO28,818479,2013.0,Q3,2013-07-01,2013-09-30,2013-10-29 16:35:10+00:00,0.56,0.56,,0.55,,13187000.0,80866000.0,80866000.0,79851000.0,1015000.0,327601000.0,704018000.0,,-83000.0,-1581000.0,2231000.0,269165000.0,327601000.0,376417000.0,11442000.0,2138000.0,271396000.0,105021000.0,-10885000.0,94136000.0,704018000.0,142600000.0,142421000.0,144698000.0
Dentsply Sirona Inc,XRAY,9NHEHR1SOZCYXDO8HO28,818479,2013.0,Q3YTD,2013-01-01,2013-09-30,,1.67,1.67,0.06,1.64,,39599000.0,242130000.0,242130000.0,238764000.0,3366000.0,1017539000.0,2197112000.0,,320000.0,-8722000.0,5065000.0,852763000.0,1017539000.0,1179573000.0,38170000.0,6556000.0,857828000.0,321745000.0,-40336000.0,281409000.0,2197112000.0,142600000.0,142421000.0,144698000.0
Dentsply Sirona Inc,XRAY,9NHEHR1SOZCYXDO8HO28,818479,2013.0,Q2TTM,2012-07-01,2013-06-30,,2.38,2.38,0.23,2.34,,5742000.0,343485000.0,343485000.0,339078000.0,4407000.0,1382792000.0,2942116000.0,,52000.0,-9078000.0,24786000.0,1131942000.0,1382792000.0,1559324000.0,53213000.0,8870000.0,1156728000.0,402596000.0,-53421000.0,349175000.0,2942116000.0,143000000.0,142922000.0,145133000.0
Dentsply Sirona Inc,XRAY,9NHEHR1SOZCYXDO8HO28,818479,2013.0,Q2,2013-04-01,2013-06-30,2013-08-01 17:25:09+00:00,0.61,0.61,,0.6,,22870000.0,88691000.0,88691000.0,87228000.0,1463000.0,346054000.0,761010000.0,,2182000.0,-4223000.0,2169000.0,289921000.0,346054000.0,414956000.0,11507000.0,2243000.0,292090000.0,122866000.0,-13487000.0,109379000.0,761010000.0,143000000.0,142922000.0,145133000.0
Dentsply Sirona Inc,XRAY,9NHEHR1SOZCYXDO8HO28,818479,2013.0,Q2YTD,2013-01-01,2013-06-30,,1.11,1.11,0.06,1.09,,26412000.0,161264000.0,161264000.0,158913000.0,2351000.0,689938000.0,1493094000.0,,403000.0,-7141000.0,2834000.0,583598000.0,689938000.0,803156000.0,26728000.0,4418000.0,586432000.0,216724000.0,-29451000.0,187273000.0,1493094000.0,143000000.0,142922000.0,145133000.0
Dentsply Sirona Inc,XRAY,9NHEHR1SOZCYXDO8HO28,818479,2013.0,Q1TTM,2012-04-01,2013-03-31,,2.34,2.34,0.23,2.3,,-2253000.0,336834000.0,336834000.0,332614000.0,4220000.0,1392263000.0,2944100000.0,,-801000.0,-5603000.0,25145000.0,1138055000.0,1392263000.0,1551837000.0,56290000.0,8638000.0,1163200000.0,388637000.0,-53255000.0,335382000.0,2944100000.0,143400000.0,142775000.0,145099000.0
Dentsply Sirona Inc,XRAY,9NHEHR1SOZCYXDO8HO28,818479,2013.0,Q1,2013-01-01,2013-03-31,2013-05-09 16:36:55+00:00,0.5,0.5,0.0625,0.49,,3542000.0,72573000.0,72573000.0,71685000.0,888000.0,343884000.0,732084000.0,,-1779000.0,-2918000.0,665000.0,293677000.0,343884000.0,388200000.0,15221000.0,2175000.0,294342000.0,93858000.0,-15964000.0,77894000.0,732084000.0,143400000.0,142775000.0,145099000.0
Dentsply Sirona Inc,XRAY,9NHEHR1SOZCYXDO8HO28,818479,2014.0,FY,2014-01-01,2014-12-31,2017-03-01 16:14:12+00:00,2.28,2.28,0.265,2.24,,81100000.0,322900000.0,322900000.0,322900000.0,0.0,1322800000.0,2922600000.0,,-400000.0,100000.0,11100000.0,1143100000.0,1322800000.0,1599800000.0,46900000.0,5600000.0,1154200000.0,445600000.0,-41200000.0,404400000.0,2922600000.0,141600000.0,141700000.0,144200000.0
Dentsply Sirona Inc,XRAY,9NHEHR1SOZCYXDO8HO28,818479,2014.0,Q4,2014-10-01,2014-12-31,,0.61,0.61,0.2,0.6,,11352000.0,84666000.0,84666000.0,84729000.0,-63000.0,326035000.0,719061000.0,,1257000.0,1863000.0,6565000.0,283137000.0,326035000.0,393026000.0,11447000.0,1021000.0,289702000.0,103324000.0,-8563000.0,94761000.0,719061000.0,141600000.0,141700000.0,144200000.0
Dentsply Sirona Inc,XRAY,9NHEHR1SOZCYXDO8HO28,818479,2014.0,Q3TTM,2013-10-01,2014-09-30,,2.2,2.2,0.25,2.16,,82299000.0,314265000.0,314265000.0,312599000.0,1666000.0,1352584000.0,2957197000.0,,-1001000.0,-1370000.0,12826000.0,1152090000.0,1352584000.0,1604613000.0,46908000.0,6146000.0,1164916000.0,439697000.0,-42132000.0,397565000.0,2957197000.0,142100000.0,141800000.0,144300000.0
Dentsply Sirona Inc,XRAY,9NHEHR1SOZCYXDO8HO28,818479,2014.0,Q3,2014-07-01,2014-09-30,2015-10-30 15:42:34+00:00,0.53,0.53,,0.52,,21200000.0,75300000.0,75300000.0,75300000.0,0.0,320100000.0,708200000.0,,-1000000.0,-800000.0,2500000.0,276000000.0,320100000.0,388100000.0,12700000.0,1400000.0,278500000.0,109600000.0,-12100000.0,97500000.0,708200000.0,142100000.0,141800000.0,144300000.0
Dentsply Sirona Inc,XRAY,9NHEHR1SOZCYXDO8HO28,818479,2014.0,Q3YTD,2014-01-01,2014-09-30,,1.67,1.67,0.07,1.64,,69748000.0,238234000.0,238234000.0,238171000.0,63000.0,996765000.0,2203539000.0,,-1657000.0,-1763000.0,4535000.0,859963000.0,996765000.0,1206774000.0,35453000.0,4579000.0,864498000.0,342276000.0,-32637000.0,309639000.0,2203539000.0,142100000.0,141800000.0,144300000.0
Dentsply Sirona Inc,XRAY,9NHEHR1SOZCYXDO8HO28,818479,2014.0,Q2TTM,2013-07-01,2014-06-30,,2.23,2.23,0.25,2.19,,74286000.0,319831000.0,319831000.0,317150000.0,2681000.0,1360085000.0,2953015000.0,,-84000.0,-2151000.0,12557000.0,1145255000.0,1360085000.0,1592930000.0,45650000.0,6884000.0,1157812000.0,435118000.0,-40917000.0,394201000.0,2953015000.0,142800000.0,141790000.0,144164000.0
Dentsply Sirona Inc,XRAY,9NHEHR1SOZCYXDO8HO28,818479,2014.0,Q2,2014-04-01,2014-06-30,2015-07-30 17:04:58+00:00,0.63,0.63,,0.62,,26096000.0,90014000.0,90014000.0,89993000.0,21000.0,340756000.0,765225000.0,,-367000.0,-575000.0,1242000.0,296121000.0,340756000.0,424469000.0,11798000.0,1744000.0,297363000.0,127106000.0,-10629000.0,116477000.0,765225000.0,142800000.0,141790000.0,144164000.0
Dentsply Sirona Inc,XRAY,9NHEHR1SOZCYXDO8HO28,818479,2014.0,Q2YTD,2014-01-01,2014-06-30,,1.14,1.14,0.07,1.12,,48548000.0,162934000.0,162934000.0,162871000.0,63000.0,676665000.0,1495339000.0,,-657000.0,-963000.0,2035000.0,583963000.0,676665000.0,818674000.0,22753000.0,3179000.0,585998000.0,232676000.0,-20537000.0,212139000.0,1495339000.0,142800000.0,141790000.0,144164000.0
Dentsply Sirona Inc,XRAY,9NHEHR1SOZCYXDO8HO28,818479,2014.0,Q1TTM,2013-04-01,2014-03-31,,2.21,2.21,0.25,2.17,,71060000.0,318508000.0,318508000.0,314385000.0,4123000.0,1365383000.0,2948800000.0,,2465000.0,-5799000.0,13484000.0,1139055000.0,1365383000.0,1583417000.0,45359000.0,7383000.0,1152539000.0,430878000.0,-43775000.0,387103000.0,2948800000.0,142900000.0,142053000.0,144453000.0
Dentsply Sirona Inc,XRAY,9NHEHR1SOZCYXDO8HO28,818479,2014.0,Q1,2014-01-01,2014-03-31,2014-05-06 14:49:39+00:00,0.51,0.51,0.06625,0.5,,22452000.0,72920000.0,72920000.0,72878000.0,42000.0,335909000.0,730114000.0,,-290000.0,-388000.0,793000.0,287842000.0,335909000.0,394205000.0,10955000.0,1435000.0,288635000.0,105570000.0,-9908000.0,95662000.0,730114000.0,142900000.0,142053000.0,144453000.0
Dentsply Sirona Inc,XRAY,9NHEHR1SOZCYXDO8HO28,818479,2015.0,FY,2015-01-01,2015-12-31,2018-03-15 16:08:24+00:00,1.79,1.79,0.29,1.76,0.0,77000000.0,251100000.0,251100000.0,251200000.0,-100000.0,1157100000.0,2674300000.0,,-1600000.0,8200000.0,64700000.0,1077300000.0,1157100000.0,1517200000.0,55900000.0,2200000.0,1142000000.0,375200000.0,-45500000.0,329700000.0,2674300000.0,140300000.0,140000000.0,142500000.0
Dentsply Sirona Inc,XRAY,9NHEHR1SOZCYXDO8HO28,818479,2015.0,Q4,2015-10-01,2015-12-31,,0.41,0.41,0.22,0.41,,13700000.0,58600000.0,58600000.0,58600000.0,,296500000.0,671100000.0,,,4600000.0,13800000.0,267700000.0,296500000.0,374600000.0,25800000.0,400000.0,281500000.0,93100000.0,-20800000.0,72300000.0,671100000.0,140300000.0,140000000.0,142500000.0
Dentsply Sirona Inc,XRAY,9NHEHR1SOZCYXDO8HO28,818479,2015.0,Q3,2015-07-01,2015-09-30,2016-11-04 15:09:07+00:00,0.6,0.6,,0.59,,19600000.0,84400000.0,84400000.0,84500000.0,-100000.0,279400000.0,648900000.0,,10800000.0,3800000.0,6600000.0,264300000.0,279400000.0,369500000.0,9600000.0,400000.0,270900000.0,98600000.0,-5400000.0,93200000.0,648900000.0,140800000.0,139800000.0,142400000.0
Dentsply Sirona Inc,XRAY,9NHEHR1SOZCYXDO8HO28,818479,2015.0,Q3YTD,2015-01-01,2015-09-30,,1.38,1.38,0.07,1.35,,63300000.0,192500000.0,192500000.0,192600000.0,-100000.0,860600000.0,2003200000.0,,-1600000.0,3600000.0,50900000.0,809600000.0,860600000.0,1142600000.0,30100000.0,1800000.0,860500000.0,282100000.0,-24700000.0,257400000.0,2003200000.0,140800000.0,139800000.0,142400000.0
Dentsply Sirona Inc,XRAY,9NHEHR1SOZCYXDO8HO28,818479,2015.0,Q3TTM,2014-10-01,2015-09-30,,1.99,1.99,0.27,1.95,,74652000.0,277166000.0,277166000.0,277329000.0,-163000.0,1186635000.0,2722261000.0,,-343000.0,5463000.0,57465000.0,1092737000.0,1186635000.0,1535626000.0,41547000.0,2821000.0,1150202000.0,385424000.0,-33263000.0,352161000.0,2722261000.0,140800000.0,139800000.0,142400000.0
Dentsply Sirona Inc,XRAY,9NHEHR1SOZCYXDO8HO28,818479,2015.0,Q2,2015-04-01,2015-06-30,2016-08-05 16:03:54+00:00,0.32,0.32,,0.31,,24800000.0,44100000.0,44100000.0,44100000.0,0.0,298300000.0,698000000.0,,-8100000.0,300000.0,38900000.0,275000000.0,298300000.0,399700000.0,9800000.0,700000.0,313900000.0,85800000.0,-8800000.0,77000000.0,698000000.0,137800000.0,139800000.0,142300000.0
Dentsply Sirona Inc,XRAY,9NHEHR1SOZCYXDO8HO28,818479,2015.0,Q2YTD,2015-01-01,2015-06-30,,0.78,0.78,0.07,0.76,,43700000.0,108100000.0,108100000.0,108100000.0,,581200000.0,1354300000.0,,-12400000.0,-200000.0,44300000.0,545300000.0,581200000.0,773100000.0,20500000.0,1400000.0,589600000.0,183500000.0,-19300000.0,164200000.0,1354300000.0,137800000.0,139800000.0,142300000.0
Dentsply Sirona Inc,XRAY,9NHEHR1SOZCYXDO8HO28,818479,2015.0,Q2TTM,2014-07-01,2015-06-30,,1.92,1.92,0.27,1.88,,76252000.0,268066000.0,268066000.0,268129000.0,-63000.0,1227335000.0,2781561000.0,,-12143000.0,863000.0,53365000.0,1104437000.0,1227335000.0,1554226000.0,44647000.0,3821000.0,1157802000.0,396424000.0,-39963000.0,356461000.0,2781561000.0,137800000.0,139800000.0,142300000.0
Dentsply Sirona Inc,XRAY,9NHEHR1SOZCYXDO8HO28,818479,2015.0,Q1,2015-01-01,2015-03-31,2016-05-06 16:35:06+00:00,0.46,0.46,0.0725,0.45,,18900000.0,64000000.0,64000000.0,64000000.0,0.0,282900000.0,656300000.0,,-4300000.0,-500000.0,5400000.0,270300000.0,282900000.0,373400000.0,10700000.0,700000.0,275700000.0,97700000.0,-10500000.0,87200000.0,656300000.0,139100000.0,140300000.0,142800000.0
Dentsply Sirona Inc,XRAY,9NHEHR1SOZCYXDO8HO28,818479,2015.0,Q1TTM,2014-04-01,2015-03-31,,2.23,2.23,0.27,2.19,,77548000.0,313980000.0,313980000.0,314022000.0,-42000.0,1269791000.0,2848786000.0,,-4410000.0,-12000.0,15707000.0,1125558000.0,1269791000.0,1578995000.0,46645000.0,4865000.0,1141265000.0,437730000.0,-41792000.0,395938000.0,2848786000.0,139100000.0,140300000.0,142800000.0
Dentsply Sirona Inc,XRAY,9NHEHR1SOZCYXDO8HO28,818479,2016.0,FY,2016-01-01,2016-12-31,2019-03-08 08:33:04+00:00,1.97,1.97,0.31,1.94,0.0,9500000.0,431400000.0,431400000.0,429900000.0,1500000.0,1744400000.0,3745300000.0,,,20100000.0,23200000.0,1523000000.0,1744400000.0,2000900000.0,35900000.0,2000000.0,1546200000.0,454700000.0,-13800000.0,440900000.0,3745300000.0,218200000.0,218000000.0,221600000.0
Dentsply Sirona Inc,XRAY,9NHEHR1SOZCYXDO8HO28,818479,2016.0,Q4,2016-10-01,2016-12-31,,0.4,0.4,0.08,0.41,,24700000.0,107900000.0,107900000.0,107000000.0,900000.0,455000000.0,996500000.0,,,6800000.0,7600000.0,399700000.0,455000000.0,541500000.0,9000000.0,600000.0,407300000.0,134200000.0,-1600000.0,132600000.0,996500000.0,218200000.0,218000000.0,221600000.0
Dentsply Sirona Inc,XRAY,9NHEHR1SOZCYXDO8HO28,818479,2016.0,Q3,2016-07-01,2016-09-30,2017-11-09 16:13:44+00:00,0.4,0.4,0.0775,0.39,0.0,24800000.0,92300000.0,92300000.0,92500000.0,-200000.0,440600000.0,954200000.0,,,-1600000.0,7900000.0,379100000.0,440600000.0,513600000.0,8400000.0,500000.0,387000000.0,126600000.0,-9500000.0,117100000.0,954200000.0,231300000.0,232600000.0,236300000.0
Dentsply Sirona Inc,XRAY,9NHEHR1SOZCYXDO8HO28,818479,2016.0,Q3YTD,2016-01-01,2016-09-30,,1.57,1.57,0.23,1.53,,-15200000.0,323500000.0,323500000.0,322900000.0,600000.0,1289400000.0,2748800000.0,,,13300000.0,15600000.0,1123300000.0,1289400000.0,1459400000.0,26900000.0,1400000.0,1138900000.0,320500000.0,-12200000.0,308300000.0,2748800000.0,231300000.0,232600000.0,236300000.0
Dentsply Sirona Inc,XRAY,9NHEHR1SOZCYXDO8HO28,818479,2016.0,Q3TTM,2015-10-01,2016-09-30,,1.98,1.98,0.45,1.94,,-1500000.0,382100000.0,382100000.0,381500000.0,600000.0,1585900000.0,3419900000.0,,,17900000.0,29400000.0,1391000000.0,1585900000.0,1834000000.0,52700000.0,1800000.0,1420400000.0,413600000.0,-33000000.0,380600000.0,3419900000.0,231300000.0,232600000.0,236300000.0
Dentsply Sirona Inc,XRAY,9NHEHR1SOZCYXDO8HO28,818479,2016.0,Q2,2016-04-01,2016-06-30,2017-08-09 16:32:28+00:00,0.45,0.45,0.0775,0.44,0.0,17900000.0,105900000.0,105900000.0,105400000.0,500000.0,495100000.0,1022000000.0,,,11500000.0,3600000.0,402100000.0,495100000.0,526900000.0,9300000.0,400000.0,405700000.0,121200000.0,2600000.0,123800000.0,1022000000.0,234200000.0,233700000.0,237400000.0
Dentsply Sirona Inc,XRAY,9NHEHR1SOZCYXDO8HO28,818479,2016.0,Q2YTD,2016-01-01,2016-06-30,,1.17,1.17,0.16,1.14,,-40000000.0,231200000.0,231200000.0,230400000.0,800000.0,848800000.0,1794600000.0,,,14900000.0,7700000.0,744200000.0,848800000.0,945800000.0,18500000.0,900000.0,751900000.0,193900000.0,-2700000.0,191200000.0,1794600000.0,234200000.0,233700000.0,237400000.0
Dentsply Sirona Inc,XRAY,9NHEHR1SOZCYXDO8HO28,818479,2016.0,Q2TTM,2015-07-01,2016-06-30,,2.18,2.18,0.37,2.14,,-6700000.0,374200000.0,374200000.0,373500000.0,700000.0,1424700000.0,3114600000.0,,10800000.0,23300000.0,28100000.0,1276200000.0,1424700000.0,1689900000.0,53900000.0,1700000.0,1304300000.0,385600000.0,-28900000.0,356700000.0,3114600000.0,234200000.0,233700000.0,237400000.0
Dentsply Sirona Inc,XRAY,9NHEHR1SOZCYXDO8HO28,818479,2016.0,Q1,2016-01-01,2016-03-31,2017-05-10 15:54:20+00:00,0.72,0.72,0.0775,0.7,,-57900000.0,125300000.0,125300000.0,125000000.0,300000.0,353700000.0,772600000.0,,,3400000.0,4100000.0,342100000.0,353700000.0,418900000.0,9200000.0,500000.0,346200000.0,72700000.0,-5300000.0,67400000.0,772600000.0,173600000.0,174800000.0,178400000.0
Dentsply Sirona Inc,XRAY,9NHEHR1SOZCYXDO8HO28,818479,2016.0,Q1TTM,2015-04-01,2016-03-31,,2.05,2.05,0.3,2.01,,200000.0,312400000.0,312400000.0,312200000.0,200000.0,1227900000.0,2790600000.0,,2700000.0,12100000.0,63400000.0,1149100000.0,1227900000.0,1562700000.0,54400000.0,2000000.0,1212500000.0,350200000.0,-40300000.0,309900000.0,2790600000.0,173600000.0,174800000.0,178400000.0
Dentsply Sirona Inc,XRAY,9NHEHR1SOZCYXDO8HO28,818479,2017.0,FY,2017-01-01,2017-12-31,2020-03-02 07:34:56+00:00,-6.76,-6.76,0.35,-6.76,1650900000.0,-53200000.0,-1550300000.0,-1550300000.0,-1550000000.0,-300000.0,1804900000.0,3993400000.0,,,-5300000.0,425200000.0,1674700000.0,1804900000.0,2188500000.0,38300000.0,2400000.0,3750800000.0,-1562300000.0,-41200000.0,-1603500000.0,3993400000.0,229300000.0,229400000.0,229400000.0
Dentsply Sirona Inc,XRAY,9NHEHR1SOZCYXDO8HO28,818479,2017.0,Q4,2017-10-01,2017-12-31,,-2.83,-2.83,0.09,-2.83,558000000.0,-62700000.0,-650200000.0,-650200000.0,-650400000.0,200000.0,497700000.0,1091000000.0,,,2400000.0,319800000.0,421900000.0,497700000.0,593300000.0,9600000.0,700000.0,1299700000.0,-706400000.0,-6500000.0,-712900000.0,1091000000.0,229300000.0,229400000.0,229400000.0
Dentsply Sirona Inc,XRAY,9NHEHR1SOZCYXDO8HO28,818479,2017.0,Q3,2017-07-01,2017-09-30,2018-11-08 16:23:13+00:00,0.39,0.39,0.0875,0.39,0.0,7100000.0,90500000.0,90500000.0,90600000.0,-100000.0,450200000.0,1009200000.0,,,-900000.0,20600000.0,430500000.0,450200000.0,559000000.0,9800000.0,400000.0,451100000.0,107900000.0,-10300000.0,97600000.0,1009200000.0,232300000.0,229500000.0,233100000.0
Dentsply Sirona Inc,XRAY,9NHEHR1SOZCYXDO8HO28,818479,2017.0,Q3YTD,2017-01-01,2017-09-30,,-3.93,-3.93,0.26,-3.93,1092900000.0,9500000.0,-900100000.0,-900100000.0,-899600000.0,-500000.0,1307200000.0,2902400000.0,,,-7700000.0,105400000.0,1252800000.0,1307200000.0,1595200000.0,28700000.0,1700000.0,2451100000.0,-855900000.0,-34700000.0,-890600000.0,2902400000.0,232300000.0,229500000.0,233100000.0
Dentsply Sirona Inc,XRAY,9NHEHR1SOZCYXDO8HO28,818479,2017.0,Q3TTM,2016-10-01,2017-09-30,,-3.53,-3.53,0.34,-3.52,1092900000.0,34200000.0,-792200000.0,-792200000.0,-792600000.0,400000.0,1762200000.0,3898900000.0,,,-900000.0,113000000.0,1652500000.0,1762200000.0,2136700000.0,37700000.0,2300000.0,2858400000.0,-721700000.0,-36300000.0,-758000000.0,3898900000.0,232300000.0,229500000.0,233100000.0
Dentsply Sirona Inc,XRAY,9NHEHR1SOZCYXDO8HO28,818479,2017.0,Q2,2017-04-01,2017-06-30,2018-08-07 16:46:46+00:00,-4.58,-4.58,0.0875,-4.58,1092900000.0,-14500000.0,-1050300000.0,-1050300000.0,-1050000000.0,-300000.0,448500000.0,992700000.0,,,-7800000.0,81700000.0,417600000.0,448500000.0,544200000.0,9600000.0,600000.0,1592200000.0,-1048000000.0,-16800000.0,-1064800000.0,992700000.0,229300000.0,229400000.0,229400000.0
Dentsply Sirona Inc,XRAY,9NHEHR1SOZCYXDO8HO28,818479,2017.0,Q2YTD,2017-01-01,2017-06-30,,-4.32,-4.32,0.18,-4.32,1092900000.0,2400000.0,-990600000.0,-990600000.0,-990200000.0,-400000.0,857000000.0,1893200000.0,,,-6800000.0,84800000.0,822300000.0,857000000.0,1036200000.0,18900000.0,1300000.0,2000000000.0,-963800000.0,-24400000.0,-988200000.0,1893200000.0,229300000.0,229400000.0,229400000.0
Dentsply Sirona Inc,XRAY,9NHEHR1SOZCYXDO8HO28,818479,2017.0,Q2TTM,2016-07-01,2017-06-30,,-3.52,-3.52,0.33,-3.52,1092900000.0,51900000.0,-790400000.0,-790400000.0,-790700000.0,300000.0,1752600000.0,3843900000.0,,,-1600000.0,100300000.0,1601100000.0,1752600000.0,2091300000.0,36300000.0,2400000.0,2794300000.0,-703000000.0,-35500000.0,-738500000.0,3843900000.0,229300000.0,229400000.0,229400000.0
Dentsply Sirona Inc,XRAY,9NHEHR1SOZCYXDO8HO28,818479,2017.0,Q1,2017-01-01,2017-03-31,2018-05-07 07:49:23+00:00,0.26,0.26,0.0875,0.26,,16900000.0,59700000.0,59700000.0,59800000.0,-100000.0,408500000.0,900500000.0,,,1000000.0,3100000.0,404700000.0,408500000.0,492000000.0,9300000.0,700000.0,407800000.0,84200000.0,-7600000.0,76600000.0,900500000.0,230000000.0,230100000.0,234000000.0
Dentsply Sirona Inc,XRAY,9NHEHR1SOZCYXDO8HO28,818479,2017.0,Q1TTM,2016-04-01,2017-03-31,,1.51,1.51,0.32,1.5,,84300000.0,365800000.0,365800000.0,364700000.0,1100000.0,1799200000.0,3873200000.0,,,17700000.0,22200000.0,1585600000.0,1799200000.0,2074000000.0,36000000.0,2200000.0,1607800000.0,466200000.0,-16100000.0,450100000.0,3873200000.0,230000000.0,230100000.0,234000000.0
Dentsply Sirona Inc,XRAY,9NHEHR1SOZCYXDO8HO28,818479,2018.0,FY,2018-01-01,2018-12-31,2020-03-02 07:34:56+00:00,-4.51,-4.51,0.35,-4.51,1085800000.0,52500000.0,-1010900000.0,-1010900000.0,-1011000000.0,100000.0,1918500000.0,3986300000.0,,,34900000.0,221000000.0,1719100000.0,1918500000.0,2067800000.0,37300000.0,2100000.0,3025900000.0,-958100000.0,-300000.0,-958400000.0,3986300000.0,224200000.0,224300000.0,224300000.0
Dentsply Sirona Inc,XRAY,9NHEHR1SOZCYXDO8HO28,818479,2018.0,Q4,2018-10-01,2018-12-31,,-0.02,-0.02,0.09,-0.01,,75900000.0,1500000.0,1500000.0,1800000.0,-300000.0,534900000.0,1059700000.0,,,4500000.0,9800000.0,433200000.0,534900000.0,524800000.0,9400000.0,500000.0,443000000.0,81800000.0,-4400000.0,77400000.0,1059700000.0,224200000.0,224300000.0,224300000.0
Dentsply Sirona Inc,XRAY,9NHEHR1SOZCYXDO8HO28,818479,2018.0,Q3,2018-07-01,2018-09-30,2019-11-07 07:17:44+00:00,0.13,0.13,0.0,0.13,0.0,4200000.0,27500000.0,27500000.0,28000000.0,-500000.0,452300000.0,928400000.0,,,-4700000.0,12100000.0,418500000.0,452300000.0,476100000.0,9700000.0,600000.0,430600000.0,45500000.0,-13800000.0,31700000.0,928400000.0,215400000.0,222400000.0,223700000.0
Dentsply Sirona Inc,XRAY,9NHEHR1SOZCYXDO8HO28,818479,2018.0,Q3YTD,2018-01-01,2018-09-30,,-4.49,-4.49,0.26,-4.5,1085800000.0,-23400000.0,-1012400000.0,-1012400000.0,-1012800000.0,400000.0,1383600000.0,2926600000.0,,,30400000.0,211200000.0,1285900000.0,1383600000.0,1543000000.0,27900000.0,1600000.0,2582900000.0,-1039900000.0,4100000.0,-1035800000.0,2926600000.0,215400000.0,222400000.0,223700000.0
Dentsply Sirona Inc,XRAY,9NHEHR1SOZCYXDO8HO28,818479,2018.0,Q3TTM,2017-10-01,2018-09-30,,-7.32,-7.32,0.35,-7.33,1643800000.0,-86100000.0,-1662600000.0,-1662600000.0,-1663200000.0,600000.0,1881300000.0,4017600000.0,,,32800000.0,531000000.0,1707800000.0,1881300000.0,2136300000.0,37500000.0,2300000.0,3882600000.0,-1746300000.0,-2400000.0,-1748700000.0,4017600000.0,215400000.0,222400000.0,223700000.0
Dentsply Sirona Inc,XRAY,9NHEHR1SOZCYXDO8HO28,818479,2018.0,Q2,2018-04-01,2018-06-30,2019-08-02 07:18:02+00:00,-4.98,-4.98,0.175,-4.98,1085800000.0,-41300000.0,-1121000000.0,-1121000000.0,-1122000000.0,1000000.0,489300000.0,1042100000.0,,,1000000.0,188900000.0,432200000.0,489300000.0,552800000.0,9600000.0,400000.0,1706900000.0,-1154100000.0,-8200000.0,-1162300000.0,1042100000.0,225300000.0,225200000.0,225200000.0
Dentsply Sirona Inc,XRAY,9NHEHR1SOZCYXDO8HO28,818479,2018.0,Q2YTD,2018-01-01,2018-06-30,,-4.62,-4.62,0.26,-4.63,1085800000.0,-27600000.0,-1039900000.0,-1039900000.0,-1040800000.0,900000.0,931300000.0,1998200000.0,,,35100000.0,199100000.0,867400000.0,931300000.0,1066900000.0,18200000.0,1000000.0,2152300000.0,-1085400000.0,17900000.0,-1067500000.0,1998200000.0,225300000.0,225200000.0,225200000.0
Dentsply Sirona Inc,XRAY,9NHEHR1SOZCYXDO8HO28,818479,2018.0,Q2TTM,2017-07-01,2018-06-30,,-7.06,-7.06,0.44,-7.07,1643800000.0,-83200000.0,-1599600000.0,-1599600000.0,-1600600000.0,1000000.0,1879200000.0,4098400000.0,,,36600000.0,539500000.0,1719800000.0,1879200000.0,2219200000.0,37600000.0,2100000.0,3903100000.0,-1683900000.0,1100000.0,-1682800000.0,4098400000.0,225300000.0,225200000.0,225200000.0
Dentsply Sirona Inc,XRAY,9NHEHR1SOZCYXDO8HO28,818479,2018.0,Q1,2018-01-01,2018-03-31,2019-05-03 07:46:35+00:00,0.36,0.36,0.0875,0.35,,13700000.0,81100000.0,81100000.0,81200000.0,-100000.0,442000000.0,956100000.0,,,34100000.0,10200000.0,435200000.0,442000000.0,514100000.0,8600000.0,600000.0,445400000.0,68700000.0,26100000.0,94800000.0,956100000.0,225600000.0,227200000.0,229900000.0
Dentsply Sirona Inc,XRAY,9NHEHR1SOZCYXDO8HO28,818479,2018.0,Q1TTM,2017-04-01,2018-03-31,,-6.66,-6.66,0.35,-6.67,1650900000.0,-56400000.0,-1528900000.0,-1528900000.0,-1528600000.0,-300000.0,1838400000.0,4049000000.0,,,27800000.0,432300000.0,1705200000.0,1838400000.0,2210600000.0,37600000.0,2300000.0,3788400000.0,-1577800000.0,-7500000.0,-1585300000.0,4049000000.0,225600000.0,227200000.0,229900000.0
Dentsply Sirona Inc,XRAY,9NHEHR1SOZCYXDO8HO28,818479,2019.0,Q4,2019-10-01,2019-12-31,,0.46,0.46,0.1,0.46,,35000000.0,102500000.0,102500000.0,102300000.0,200000.0,500900000.0,1111500000.0,,,6900000.0,12600000.0,461400000.0,500900000.0,610600000.0,6400000.0,400000.0,474000000.0,136600000.0,900000.0,137500000.0,1111500000.0,222800000.0,223100000.0,224400000.0
Dentsply Sirona Inc,XRAY,9NHEHR1SOZCYXDO8HO28,818479,2019.0,FY,2019-01-01,2019-12-31,2020-03-02 07:34:56+00:00,1.18,1.18,0.375,1.17,0.0,82300000.0,263100000.0,263100000.0,262900000.0,200000.0,1864100000.0,4029200000.0,,,11500000.0,80700000.0,1723500000.0,1864100000.0,2165100000.0,29400000.0,2400000.0,1804200000.0,360900000.0,-15500000.0,345400000.0,4029200000.0,222800000.0,223100000.0,224400000.0
Dentsply Sirona Inc,XRAY,9NHEHR1SOZCYXDO8HO28,818479,2019.0,Q3YTD,2019-01-01,2019-09-30,,0.72,0.72,0.28,0.71,,47300000.0,160600000.0,160600000.0,160600000.0,,1363200000.0,2917700000.0,,,4600000.0,68100000.0,1262100000.0,1363200000.0,1554500000.0,23000000.0,2000000.0,1330200000.0,224300000.0,-16400000.0,207900000.0,2917700000.0,223700000.0,223100000.0,224900000.0
Dentsply Sirona Inc,XRAY,9NHEHR1SOZCYXDO8HO28,818479,2019.0,Q3TTM,2018-10-01,2019-09-30,,0.7,0.7,0.36,0.7,,123200000.0,162100000.0,162100000.0,162400000.0,-300000.0,1898100000.0,3977400000.0,,,9100000.0,77900000.0,1695300000.0,1898100000.0,2079300000.0,32400000.0,2500000.0,1773200000.0,306100000.0,-20800000.0,285300000.0,3977400000.0,223700000.0,223100000.0,224900000.0
Dentsply Sirona Inc,XRAY,9NHEHR1SOZCYXDO8HO28,818479,2019.0,Q3,2019-07-01,2019-09-30,2019-11-07 07:17:44+00:00,0.38,0.38,0.1,0.38,0.0,21500000.0,85000000.0,85000000.0,85000000.0,0.0,448100000.0,962100000.0,,,2900000.0,5200000.0,399300000.0,448100000.0,514000000.0,6600000.0,700000.0,404500000.0,109500000.0,-3000000.0,106500000.0,962100000.0,223700000.0,223100000.0,224900000.0
Dentsply Sirona Inc,XRAY,9NHEHR1SOZCYXDO8HO28,818479,2019.0,Q2YTD,2019-01-01,2019-06-30,,0.34,0.34,0.18,0.33,,25800000.0,75600000.0,75600000.0,75600000.0,,915100000.0,1955600000.0,,,1700000.0,62900000.0,862800000.0,915100000.0,1040500000.0,16400000.0,1300000.0,925700000.0,114800000.0,-13400000.0,101400000.0,1955600000.0,227500000.0,224200000.0,225700000.0
Dentsply Sirona Inc,XRAY,9NHEHR1SOZCYXDO8HO28,818479,2019.0,Q2TTM,2018-07-01,2019-06-30,,0.45,0.45,0.26,0.45,,105900000.0,104600000.0,104600000.0,105400000.0,-800000.0,1902300000.0,3943700000.0,,,1500000.0,84800000.0,1714500000.0,1902300000.0,2041400000.0,35500000.0,2400000.0,1799300000.0,242100000.0,-31600000.0,210500000.0,3943700000.0,227500000.0,224200000.0,225700000.0
Dentsply Sirona Inc,XRAY,9NHEHR1SOZCYXDO8HO28,818479,2019.0,Q2,2019-04-01,2019-06-30,2019-08-02 07:18:02+00:00,0.16,0.16,0.0875,0.16,0.0,11200000.0,36400000.0,36400000.0,36400000.0,0.0,468600000.0,1009400000.0,,,-12100000.0,42400000.0,430900000.0,468600000.0,540800000.0,8000000.0,200000.0,473300000.0,67500000.0,-19900000.0,47600000.0,1009400000.0,227500000.0,224200000.0,225700000.0
Dentsply Sirona Inc,XRAY,9NHEHR1SOZCYXDO8HO28,818479,2019.0,Q1,2019-01-01,2019-03-31,2020-05-11 16:11:56+00:00,0.18,0.18,0.0875,0.17,0.0,14600000.0,39200000.0,39200000.0,39200000.0,0.0,446500000.0,946200000.0,,,13800000.0,20500000.0,431900000.0,446500000.0,499700000.0,8400000.0,1100000.0,452400000.0,47300000.0,6500000.0,53800000.0,946200000.0,217800000.0,223300000.0,225000000.0
Dentsply Sirona Inc,XRAY,9NHEHR1SOZCYXDO8HO28,818479,2019.0,Q1TTM,2018-04-01,2019-03-31,,-4.69,-4.69,0.35,-4.69,1085800000.0,53400000.0,-1052800000.0,-1052800000.0,-1053000000.0,200000.0,1923000000.0,3976400000.0,,,14600000.0,231300000.0,1715800000.0,1923000000.0,2053400000.0,37100000.0,2600000.0,3032900000.0,-979500000.0,-19900000.0,-999400000.0,3976400000.0,217800000.0,223300000.0,225000000.0
Dentsply Sirona Inc,XRAY,9NHEHR1SOZCYXDO8HO28,818479,2020.0,Q1TTM,2019-04-01,2020-03-31,,0.37,0.37,0.39,0.37,156600000.0,77900000.0,84000000.0,84000000.0,83800000.0,200000.0,1824100000.0,3957300000.0,,,-900000.0,102700000.0,1685100000.0,1824100000.0,2133200000.0,27700000.0,1700000.0,1944400000.0,188800000.0,-26900000.0,161900000.0,3957300000.0,222100000.0,220900000.0,220900000.0
Dentsply Sirona Inc,XRAY,9NHEHR1SOZCYXDO8HO28,818479,2020.0,Q1,2020-01-01,2020-03-31,2020-05-11 16:11:56+00:00,-0.63,-0.63,0.1,-0.63,156600000.0,10200000.0,-139900000.0,-139900000.0,-139900000.0,0.0,406500000.0,874300000.0,,,1400000.0,42500000.0,393500000.0,406500000.0,467800000.0,6700000.0,400000.0,592600000.0,-124800000.0,-4900000.0,-129700000.0,874300000.0,222100000.0,220900000.0,220900000.0
