company_name,company_ticker,company_lei,company_cik,year,quarter,start_date,end_date,filing_date,basicdilutedeps,basiceps,cashdividendspershare,dilutedeps,impairmentexpense,incometaxexpense,netincome,netincomecontinuing,netincomediscontinued,netincometocommon,netincometononcontrollinginterest,operatingcostofrevenue,operatingrevenue,otheradjustmentstonetincometocommon,othergains,otherincome,otheroperatingexpenses,restructuringcharge,sgaexpense,totalcostofrevenue,totalgrossprofit,totalinterestexpense,totalinterestincome,totaloperatingexpenses,totaloperatingincome,totalotherincome,totalpretaxincome,totalrevenue,weightedavebasicdilutedsharesos,weightedavebasicsharesos,weightedavedilutedsharesos
Johnson Controls International PLC,JCI,549300XQ6S1GYKGBL205,833444,2007.0,FY,2006-09-30,2007-09-28,2009-11-24 21:10:30+00:00,,2.12,,2.09,,300000000.0,1252000000.0,1295000000.0,-43000000.0,1252000000.0,,29548000000.0,34624000000.0,,-12000000.0,,,0.0,3281000000.0,29548000000.0,5076000000.0,277000000.0,89000000.0,3281000000.0,1795000000.0,-188000000.0,1607000000.0,34624000000.0,,590600000.0,599000000.0
Johnson Controls International PLC,JCI,549300XQ6S1GYKGBL205,833444,2008.0,FY,2007-09-29,2008-09-26,2010-11-23 12:04:53+00:00,,1.65,,1.63,,321000000.0,1003000000.0,1003000000.0,,979000000.0,,32536000000.0,38062000000.0,24000000.0,,,,495000000.0,3565000000.0,32536000000.0,5526000000.0,258000000.0,116000000.0,4060000000.0,1466000000.0,-142000000.0,1324000000.0,38062000000.0,,593300000.0,600600000.0
Johnson Controls International PLC,JCI,549300XQ6S1GYKGBL205,833444,2008.0,Q3,2008-03-28,2008-06-27,2009-07-30 17:16:03+00:00,0.99,0.99,,0.98,47000000.0,45000000.0,476000000.0,199000000.0,277000000.0,476000000.0,,3364000000.0,5215000000.0,,-1000000.0,-257000000.0,-7000000.0,,1234000000.0,3364000000.0,1851000000.0,91000000.0,16000000.0,1274000000.0,577000000.0,-332000000.0,245000000.0,5215000000.0,480800000.0,482000000.0,486000000.0
Johnson Controls International PLC,JCI,549300XQ6S1GYKGBL205,833444,2009.0,FY,2008-09-27,2009-09-25,2011-11-22 12:38:04+00:00,,-0.57,,-0.57,,32000000.0,-350000000.0,-350000000.0,,-338000000.0,,24948000000.0,28497000000.0,-12000000.0,,,,230000000.0,3210000000.0,24948000000.0,3549000000.0,350000000.0,-77000000.0,3440000000.0,109000000.0,-427000000.0,-318000000.0,28497000000.0,,593000000.0,593000000.0
Johnson Controls International PLC,JCI,549300XQ6S1GYKGBL205,833444,2009.0,Q4,2009-06-27,2009-09-25,,-0.99,-0.99,0.13,-0.99,-4000000.0,81000000.0,-582000000.0,-577000000.0,-5000000.0,-585000000.0,15000000.0,10506000000.0,10777000000.0,-12000000.0,,-4000000.0,,,480000000.0,10506000000.0,271000000.0,166000000.0,-121000000.0,476000000.0,-205000000.0,-291000000.0,-496000000.0,10777000000.0,,593000000.0,593000000.0
Johnson Controls International PLC,JCI,549300XQ6S1GYKGBL205,833444,2009.0,Q3,2009-03-28,2009-06-30,2010-08-13 11:22:22+00:00,0.27,0.27,,0.26,,50000000.0,167000000.0,167000000.0,,163000000.0,4000000.0,5940000000.0,6979000000.0,,,,,0.0,787000000.0,5940000000.0,1039000000.0,65000000.0,30000000.0,787000000.0,252000000.0,-35000000.0,217000000.0,6979000000.0,603700000.0,603700000.0,626900000.0
Johnson Controls International PLC,JCI,549300XQ6S1GYKGBL205,833444,2009.0,Q3YTD,2008-10-01,2009-06-30,,-1.08,-1.08,0.13,-1.09,,109000000.0,-653000000.0,-653000000.0,,-638000000.0,-15000000.0,18224000000.0,20630000000.0,,,,,230000000.0,2449000000.0,18224000000.0,2406000000.0,167000000.0,-104000000.0,2679000000.0,-273000000.0,-271000000.0,-544000000.0,20630000000.0,594700000.0,594700000.0,626900000.0
Johnson Controls International PLC,JCI,549300XQ6S1GYKGBL205,833444,2009.0,Q2,2009-01-01,2009-03-31,2010-05-04 11:38:26+00:00,-0.33,-0.33,,-0.33,,-183000000.0,-212000000.0,-212000000.0,,-193000000.0,-19000000.0,5633000000.0,6315000000.0,,,,,230000000.0,803000000.0,5633000000.0,682000000.0,46000000.0,2000000.0,1033000000.0,-351000000.0,-44000000.0,-395000000.0,6315000000.0,584800000.0,584800000.0,584800000.0
Johnson Controls International PLC,JCI,549300XQ6S1GYKGBL205,833444,2009.0,Q2YTD,2008-10-01,2009-03-31,,-1.35,-1.35,,-1.35,,59000000.0,-820000000.0,-820000000.0,,-801000000.0,-19000000.0,12284000000.0,13651000000.0,,,,,230000000.0,1662000000.0,12284000000.0,1367000000.0,102000000.0,-134000000.0,1892000000.0,-525000000.0,-236000000.0,-761000000.0,13651000000.0,584800000.0,584800000.0,584800000.0
Johnson Controls International PLC,JCI,549300XQ6S1GYKGBL205,833444,2009.0,Q1,2008-09-27,2008-12-26,2010-01-28 16:25:44+00:00,,0.59,,0.58,4000000.0,84000000.0,277000000.0,272000000.0,5000000.0,277000000.0,,2869000000.0,4426000000.0,,,4000000.0,,,1140000000.0,2869000000.0,1557000000.0,73000000.0,12000000.0,1144000000.0,413000000.0,-57000000.0,356000000.0,4426000000.0,,473000000.0,475000000.0
Johnson Controls International PLC,JCI,549300XQ6S1GYKGBL205,833444,2010.0,Q4,2010-07-01,2010-09-24,,,0.39,,0.39,,4000000.0,293000000.0,293000000.0,,265000000.0,28000000.0,7617000000.0,9040000000.0,,,,,,1171000000.0,7617000000.0,1423000000.0,53000000.0,98000000.0,1171000000.0,252000000.0,45000000.0,297000000.0,9040000000.0,,673700000.0,680700000.0
Johnson Controls International PLC,JCI,549300XQ6S1GYKGBL205,833444,2010.0,FY,2009-09-26,2010-09-24,2012-11-19 11:54:32+00:00,,1.94,,1.92,,127000000.0,1382000000.0,1382000000.0,,1307000000.0,75000000.0,29084000000.0,34305000000.0,,,,,,3796000000.0,29084000000.0,5221000000.0,170000000.0,254000000.0,3796000000.0,1425000000.0,84000000.0,1509000000.0,34305000000.0,,673700000.0,680700000.0
Johnson Controls International PLC,JCI,549300XQ6S1GYKGBL205,833444,2010.0,Q3,2010-04-01,2010-06-30,2011-08-03 12:03:22+00:00,0.62,0.62,,0.61,,31000000.0,426000000.0,426000000.0,,418000000.0,8000000.0,7201000000.0,8540000000.0,,,,,,895000000.0,7201000000.0,1339000000.0,39000000.0,52000000.0,895000000.0,444000000.0,13000000.0,457000000.0,8540000000.0,674200000.0,674200000.0,685200000.0
Johnson Controls International PLC,JCI,549300XQ6S1GYKGBL205,833444,2010.0,Q3TTM,2009-06-27,2010-06-30,,0.68,0.68,0.49,0.68,-4000000.0,204000000.0,507000000.0,512000000.0,-5000000.0,457000000.0,62000000.0,31973000000.0,36042000000.0,-12000000.0,,-4000000.0,,,3105000000.0,31973000000.0,4069000000.0,283000000.0,35000000.0,3101000000.0,968000000.0,-252000000.0,716000000.0,36042000000.0,674200000.0,674200000.0,685200000.0
Johnson Controls International PLC,JCI,549300XQ6S1GYKGBL205,833444,2010.0,Q3YTD,2009-09-26,2010-06-25,,,1.55,,1.53,,123000000.0,1089000000.0,1089000000.0,,1042000000.0,47000000.0,21467000000.0,25265000000.0,,,,,,2625000000.0,21467000000.0,3798000000.0,117000000.0,156000000.0,2625000000.0,1173000000.0,39000000.0,1212000000.0,25265000000.0,,674200000.0,685200000.0
Johnson Controls International PLC,JCI,549300XQ6S1GYKGBL205,833444,2010.0,Q2,2009-12-26,2010-03-31,2011-05-04 12:49:26+00:00,0.41,0.41,,0.4,,87000000.0,297000000.0,297000000.0,,274000000.0,23000000.0,7094000000.0,8317000000.0,,,,,,847000000.0,7094000000.0,1223000000.0,43000000.0,51000000.0,847000000.0,376000000.0,8000000.0,384000000.0,8317000000.0,668300000.0,668300000.0,685000000.0
Johnson Controls International PLC,JCI,549300XQ6S1GYKGBL205,833444,2010.0,Q2TTM,2009-03-28,2010-03-31,,0.3,0.3,0.48,0.3,-4000000.0,223000000.0,248000000.0,253000000.0,-5000000.0,202000000.0,58000000.0,30712000000.0,34481000000.0,-12000000.0,,-4000000.0,,,2997000000.0,30712000000.0,3769000000.0,309000000.0,13000000.0,2993000000.0,776000000.0,-300000000.0,476000000.0,34481000000.0,668300000.0,668300000.0,685000000.0
Johnson Controls International PLC,JCI,549300XQ6S1GYKGBL205,833444,2010.0,Q2YTD,2009-09-26,2010-03-26,,,0.93,,0.92,,92000000.0,663000000.0,663000000.0,,624000000.0,39000000.0,14266000000.0,16725000000.0,,,,,,1730000000.0,14266000000.0,2459000000.0,78000000.0,104000000.0,1730000000.0,729000000.0,26000000.0,755000000.0,16725000000.0,,668300000.0,685000000.0
Johnson Controls International PLC,JCI,549300XQ6S1GYKGBL205,833444,2010.0,Q1,2009-09-26,2009-12-31,2011-01-31 14:41:17+00:00,0.52,0.52,,0.52,,5000000.0,366000000.0,366000000.0,,350000000.0,16000000.0,7172000000.0,8408000000.0,,,,,0.0,883000000.0,7172000000.0,1236000000.0,35000000.0,53000000.0,883000000.0,353000000.0,18000000.0,371000000.0,8408000000.0,673100000.0,673100000.0,673100000.0
Johnson Controls International PLC,JCI,549300XQ6S1GYKGBL205,833444,2010.0,Q1TTM,2008-12-27,2009-12-25,,0.92,0.92,0.46,0.92,,-205000000.0,624000000.0,624000000.0,,620000000.0,16000000.0,25469000000.0,29569000000.0,-12000000.0,,,,230000000.0,3234000000.0,25469000000.0,4100000000.0,329000000.0,112000000.0,3464000000.0,636000000.0,-217000000.0,419000000.0,29569000000.0,,673100000.0,673100000.0
Johnson Controls International PLC,JCI,549300XQ6S1GYKGBL205,833444,2011.0,Q4,2011-07-01,2011-09-30,,-2.13,0.48,,0.48,,-16000000.0,364000000.0,364000000.0,,329000000.0,35000000.0,9167000000.0,10788000000.0,,,,,,1338000000.0,9167000000.0,1621000000.0,50000000.0,115000000.0,1338000000.0,283000000.0,65000000.0,348000000.0,10788000000.0,,677000000.0,686900000.0
Johnson Controls International PLC,JCI,549300XQ6S1GYKGBL205,833444,2011.0,FY,2010-09-25,2011-09-30,2013-11-21 17:19:43+00:00,,2.09,,2.06,,258000000.0,1532000000.0,1532000000.0,,1415000000.0,117000000.0,34774000000.0,40833000000.0,,,0.0,,0.0,4393000000.0,34774000000.0,6059000000.0,174000000.0,298000000.0,4393000000.0,1666000000.0,124000000.0,1790000000.0,40833000000.0,,677000000.0,686900000.0
Johnson Controls International PLC,JCI,549300XQ6S1GYKGBL205,833444,2011.0,Q3,2011-04-01,2011-06-30,2012-08-02 10:25:50+00:00,0.53,0.53,,0.52,,89000000.0,380000000.0,380000000.0,,357000000.0,23000000.0,8814000000.0,10364000000.0,,,,,0.0,1094000000.0,8814000000.0,1550000000.0,43000000.0,56000000.0,1094000000.0,456000000.0,13000000.0,469000000.0,10364000000.0,673600000.0,673600000.0,686500000.0
Johnson Controls International PLC,JCI,549300XQ6S1GYKGBL205,833444,2011.0,Q3YTD,2010-09-25,2011-06-30,,2.13,1.61,,1.58,,274000000.0,1168000000.0,1168000000.0,,1086000000.0,82000000.0,25607000000.0,30045000000.0,,,,,,3055000000.0,25607000000.0,4438000000.0,124000000.0,183000000.0,3055000000.0,1383000000.0,59000000.0,1442000000.0,30045000000.0,673600000.0,673600000.0,686500000.0
Johnson Controls International PLC,JCI,549300XQ6S1GYKGBL205,833444,2011.0,Q3TTM,2010-07-01,2011-06-30,,0.58,2.0,,1.97,,278000000.0,1461000000.0,1461000000.0,,1351000000.0,110000000.0,33224000000.0,39085000000.0,,,,,,4226000000.0,33224000000.0,5861000000.0,177000000.0,281000000.0,4226000000.0,1635000000.0,104000000.0,1739000000.0,39085000000.0,673600000.0,673600000.0,686500000.0
Johnson Controls International PLC,JCI,549300XQ6S1GYKGBL205,833444,2011.0,Q2,2011-01-01,2011-03-31,2012-05-03 13:09:14+00:00,1.04,0.52,,0.51,,90000000.0,385000000.0,385000000.0,,354000000.0,31000000.0,8670000000.0,10144000000.0,,,,,,1014000000.0,8670000000.0,1474000000.0,46000000.0,61000000.0,1014000000.0,460000000.0,15000000.0,475000000.0,10144000000.0,340400000.0,680800000.0,694100000.0
Johnson Controls International PLC,JCI,549300XQ6S1GYKGBL205,833444,2011.0,Q2YTD,2010-09-25,2011-03-31,,1.6,1.08,,1.06,,185000000.0,788000000.0,788000000.0,,729000000.0,59000000.0,16793000000.0,19681000000.0,,,,,,1961000000.0,16793000000.0,2888000000.0,81000000.0,127000000.0,1961000000.0,927000000.0,46000000.0,973000000.0,19681000000.0,340400000.0,680800000.0,694100000.0
Johnson Controls International PLC,JCI,549300XQ6S1GYKGBL205,833444,2011.0,Q2TTM,2010-04-01,2011-03-31,,0.67,2.09,,2.06,,220000000.0,1507000000.0,1507000000.0,,1412000000.0,95000000.0,31611000000.0,37261000000.0,,,,,,4027000000.0,31611000000.0,5650000000.0,173000000.0,277000000.0,4027000000.0,1623000000.0,104000000.0,1727000000.0,37261000000.0,340400000.0,680800000.0,694100000.0
Johnson Controls International PLC,JCI,549300XQ6S1GYKGBL205,833444,2011.0,Q1,2010-10-01,2010-12-31,2012-02-03 11:05:22+00:00,0.56,0.56,,0.55,,95000000.0,403000000.0,403000000.0,,375000000.0,28000000.0,8123000000.0,9537000000.0,,,,,0.0,947000000.0,8123000000.0,1414000000.0,35000000.0,66000000.0,947000000.0,467000000.0,31000000.0,498000000.0,9537000000.0,669600000.0,669600000.0,681800000.0
Johnson Controls International PLC,JCI,549300XQ6S1GYKGBL205,833444,2011.0,Q1TTM,2010-01-01,2010-12-31,,0.04,1.98,,1.95,,217000000.0,1419000000.0,1419000000.0,,1332000000.0,87000000.0,30035000000.0,35434000000.0,,,,,,3860000000.0,30035000000.0,5399000000.0,170000000.0,267000000.0,3860000000.0,1539000000.0,97000000.0,1636000000.0,35434000000.0,669600000.0,669600000.0,681800000.0
Johnson Controls International PLC,JCI,549300XQ6S1GYKGBL205,833444,2012.0,Q4,2012-07-01,2012-09-28,,,-0.07,,-0.08,,-125000000.0,-22000000.0,-107000000.0,85000000.0,-50000000.0,28000000.0,7834000000.0,9041000000.0,,,40000000.0,,235000000.0,1253000000.0,7834000000.0,1207000000.0,60000000.0,69000000.0,1488000000.0,-281000000.0,49000000.0,-232000000.0,9041000000.0,,680500000.0,688400000.0
Johnson Controls International PLC,JCI,549300XQ6S1GYKGBL205,833444,2012.0,FY,2011-10-01,2012-09-28,2014-11-19 17:06:50+00:00,,1.74,,1.72,,161000000.0,1310000000.0,1225000000.0,85000000.0,1184000000.0,126000000.0,34767000000.0,40604000000.0,,,40000000.0,,287000000.0,4311000000.0,34767000000.0,5837000000.0,231000000.0,338000000.0,4598000000.0,1239000000.0,147000000.0,1386000000.0,40604000000.0,,680500000.0,688400000.0
Johnson Controls International PLC,JCI,549300XQ6S1GYKGBL205,833444,2012.0,Q3,2012-04-01,2012-06-30,2013-08-01 12:37:27+00:00,0.63,0.63,,0.63,,71000000.0,456000000.0,456000000.0,,431000000.0,25000000.0,9040000000.0,10581000000.0,,,,,52000000.0,973000000.0,9040000000.0,1541000000.0,59000000.0,70000000.0,1025000000.0,516000000.0,11000000.0,527000000.0,10581000000.0,684100000.0,684100000.0,684100000.0
Johnson Controls International PLC,JCI,549300XQ6S1GYKGBL205,833444,2012.0,Q3YTD,2011-10-01,2012-06-30,,1.81,1.81,,1.8,,286000000.0,1332000000.0,1332000000.0,,1234000000.0,98000000.0,26933000000.0,31563000000.0,,,,,52000000.0,3058000000.0,26933000000.0,4630000000.0,171000000.0,269000000.0,3110000000.0,1520000000.0,98000000.0,1618000000.0,31563000000.0,684100000.0,684100000.0,684100000.0
Johnson Controls International PLC,JCI,549300XQ6S1GYKGBL205,833444,2012.0,Q3TTM,2011-07-01,2012-06-30,,-0.32,2.29,,2.28,,270000000.0,1696000000.0,1696000000.0,,1563000000.0,133000000.0,36100000000.0,42351000000.0,,,,,52000000.0,4396000000.0,36100000000.0,6251000000.0,221000000.0,384000000.0,4448000000.0,1803000000.0,163000000.0,1966000000.0,42351000000.0,684100000.0,684100000.0,684100000.0
Johnson Controls International PLC,JCI,549300XQ6S1GYKGBL205,833444,2012.0,Q2,2012-01-01,2012-03-31,2013-05-03 13:04:12+00:00,0.56,0.56,,0.55,,102000000.0,417000000.0,417000000.0,,379000000.0,38000000.0,9012000000.0,10565000000.0,,,,,0.0,1050000000.0,9012000000.0,1553000000.0,63000000.0,79000000.0,1050000000.0,503000000.0,16000000.0,519000000.0,10565000000.0,676800000.0,676800000.0,689100000.0
Johnson Controls International PLC,JCI,549300XQ6S1GYKGBL205,833444,2012.0,Q2TTM,2011-04-01,2012-03-31,,-0.42,2.19,,2.17,,288000000.0,1620000000.0,1620000000.0,,1489000000.0,131000000.0,35874000000.0,42134000000.0,,,,,,4517000000.0,35874000000.0,6260000000.0,205000000.0,370000000.0,4517000000.0,1743000000.0,165000000.0,1908000000.0,42134000000.0,676800000.0,676800000.0,689100000.0
Johnson Controls International PLC,JCI,549300XQ6S1GYKGBL205,833444,2012.0,Q2YTD,2011-10-01,2012-03-31,,1.18,1.18,,1.17,,215000000.0,876000000.0,876000000.0,,803000000.0,73000000.0,17893000000.0,20982000000.0,,,,,,2085000000.0,17893000000.0,3089000000.0,112000000.0,199000000.0,2085000000.0,1004000000.0,87000000.0,1091000000.0,20982000000.0,676800000.0,676800000.0,689100000.0
Johnson Controls International PLC,JCI,549300XQ6S1GYKGBL205,833444,2012.0,Q1,2011-10-01,2011-12-31,2013-02-01 10:24:31+00:00,0.62,0.62,,0.62,,113000000.0,459000000.0,459000000.0,,424000000.0,35000000.0,8881000000.0,10417000000.0,,,,,,1035000000.0,8881000000.0,1536000000.0,49000000.0,120000000.0,1035000000.0,501000000.0,71000000.0,572000000.0,10417000000.0,683900000.0,683900000.0,683900000.0
Johnson Controls International PLC,JCI,549300XQ6S1GYKGBL205,833444,2012.0,Q1TTM,2011-01-01,2011-12-31,,0.06,2.15,,2.13,,276000000.0,1588000000.0,1588000000.0,,1464000000.0,124000000.0,35532000000.0,41713000000.0,,,,,,4481000000.0,35532000000.0,6181000000.0,188000000.0,352000000.0,4481000000.0,1700000000.0,164000000.0,1864000000.0,41713000000.0,683900000.0,683900000.0,683900000.0
Johnson Controls International PLC,JCI,549300XQ6S1GYKGBL205,833444,2013.0,FY,2012-09-29,2013-09-27,2015-11-18 14:51:06+00:00,,1.72,,1.71,,674000000.0,1297000000.0,1094000000.0,203000000.0,1178000000.0,119000000.0,30999000000.0,37145000000.0,,,,,903000000.0,3627000000.0,30999000000.0,6146000000.0,247000000.0,399000000.0,4530000000.0,1616000000.0,152000000.0,1768000000.0,37145000000.0,,684900000.0,688900000.0
Johnson Controls International PLC,JCI,549300XQ6S1GYKGBL205,833444,2013.0,Q4,2013-07-01,2013-09-27,,0.15,0.15,0.19,0.15,,433000000.0,143000000.0,-26000000.0,169000000.0,105000000.0,38000000.0,4496000000.0,6122000000.0,,,-29000000.0,,676000000.0,554000000.0,4496000000.0,1626000000.0,53000000.0,93000000.0,1230000000.0,396000000.0,11000000.0,407000000.0,6122000000.0,,684900000.0,688900000.0
Johnson Controls International PLC,JCI,549300XQ6S1GYKGBL205,833444,2013.0,Q3YTD,2012-09-29,2013-06-28,,,1.57,,1.56,,241000000.0,1154000000.0,1120000000.0,34000000.0,1073000000.0,81000000.0,26503000000.0,31023000000.0,,,29000000.0,,227000000.0,3073000000.0,26503000000.0,4520000000.0,194000000.0,306000000.0,3300000000.0,1220000000.0,141000000.0,1361000000.0,31023000000.0,,687500000.0,687500000.0
Johnson Controls International PLC,JCI,549300XQ6S1GYKGBL205,833444,2013.0,Q3TTM,2012-07-01,2013-06-28,,,1.5,,1.48,,116000000.0,1132000000.0,1013000000.0,119000000.0,1023000000.0,109000000.0,34337000000.0,40064000000.0,,,69000000.0,,462000000.0,4326000000.0,34337000000.0,5727000000.0,254000000.0,375000000.0,4788000000.0,939000000.0,190000000.0,1129000000.0,40064000000.0,,687500000.0,687500000.0
Johnson Controls International PLC,JCI,549300XQ6S1GYKGBL205,833444,2013.0,Q3,2013-04-01,2013-06-28,2014-08-01 12:27:30+00:00,,0.8,,0.8,,-72000000.0,572000000.0,552000000.0,20000000.0,550000000.0,22000000.0,8935000000.0,10499000000.0,,,29000000.0,,143000000.0,977000000.0,8935000000.0,1564000000.0,67000000.0,74000000.0,1120000000.0,444000000.0,36000000.0,480000000.0,10499000000.0,,687500000.0,687500000.0
Johnson Controls International PLC,JCI,549300XQ6S1GYKGBL205,833444,2013.0,Q2YTD,2012-09-29,2013-03-29,,,0.77,,0.76,,313000000.0,582000000.0,568000000.0,14000000.0,523000000.0,59000000.0,17568000000.0,20524000000.0,,,,,84000000.0,2096000000.0,17568000000.0,2956000000.0,127000000.0,232000000.0,2180000000.0,776000000.0,105000000.0,881000000.0,20524000000.0,,683300000.0,683300000.0
Johnson Controls International PLC,JCI,549300XQ6S1GYKGBL205,833444,2013.0,Q2TTM,2012-04-01,2013-03-29,,,1.33,,1.31,,259000000.0,1016000000.0,917000000.0,99000000.0,904000000.0,112000000.0,34442000000.0,40146000000.0,,,40000000.0,,371000000.0,4322000000.0,34442000000.0,5704000000.0,246000000.0,371000000.0,4693000000.0,1011000000.0,165000000.0,1176000000.0,40146000000.0,,683300000.0,683300000.0
Johnson Controls International PLC,JCI,549300XQ6S1GYKGBL205,833444,2013.0,Q2,2013-01-01,2013-03-29,2014-05-02 15:42:27+00:00,,0.24,,0.24,,214000000.0,193000000.0,179000000.0,14000000.0,164000000.0,29000000.0,8662000000.0,10102000000.0,,,,,84000000.0,1044000000.0,8662000000.0,1440000000.0,66000000.0,147000000.0,1128000000.0,312000000.0,81000000.0,393000000.0,10102000000.0,,683300000.0,683300000.0
Johnson Controls International PLC,JCI,549300XQ6S1GYKGBL205,833444,2013.0,Q1,2012-09-29,2012-12-31,2014-02-03 11:20:50+00:00,0.53,0.53,,0.52,,99000000.0,389000000.0,389000000.0,,359000000.0,30000000.0,8906000000.0,10422000000.0,,,,,,1052000000.0,8906000000.0,1516000000.0,61000000.0,85000000.0,1052000000.0,464000000.0,24000000.0,488000000.0,10422000000.0,677400000.0,677400000.0,690400000.0
Johnson Controls International PLC,JCI,549300XQ6S1GYKGBL205,833444,2013.0,Q1TTM,2012-01-01,2012-12-28,,,1.65,,1.62,,147000000.0,1240000000.0,1155000000.0,85000000.0,1119000000.0,121000000.0,34792000000.0,40609000000.0,,,40000000.0,,287000000.0,4328000000.0,34792000000.0,5817000000.0,243000000.0,303000000.0,4615000000.0,1202000000.0,100000000.0,1302000000.0,40609000000.0,,677400000.0,690400000.0
Johnson Controls International PLC,JCI,549300XQ6S1GYKGBL205,833444,2014.0,Q4,2014-06-28,2014-09-30,,-1.07,-1.07,0.59,-1.07,-27000000.0,243000000.0,-588000000.0,632000000.0,-1220000000.0,-712000000.0,124000000.0,27616000000.0,31116000000.0,,-206000000.0,397000000.0,-1000000.0,324000000.0,2339000000.0,27616000000.0,3500000000.0,171000000.0,-10000000.0,2635000000.0,865000000.0,216000000.0,1081000000.0,31116000000.0,666900000.0,666900000.0,666900000.0
Johnson Controls International PLC,JCI,549300XQ6S1GYKGBL205,833444,2014.0,FY,2013-09-28,2014-09-30,2016-11-23 15:17:06+00:00,1.82,1.82,0.88,1.8,,407000000.0,1343000000.0,1509000000.0,-166000000.0,1215000000.0,128000000.0,32444000000.0,38749000000.0,,,395000000.0,,324000000.0,4216000000.0,32444000000.0,6305000000.0,244000000.0,,4540000000.0,1765000000.0,151000000.0,1916000000.0,38749000000.0,666900000.0,666900000.0,666900000.0
Johnson Controls International PLC,JCI,549300XQ6S1GYKGBL205,833444,2014.0,Q3YTD,2013-09-28,2014-06-27,,4.76,4.76,0.5,4.76,17000000.0,267000000.0,2247000000.0,1357000000.0,890000000.0,2180000000.0,67000000.0,18668000000.0,22701000000.0,,215000000.0,,,,2661000000.0,18668000000.0,4033000000.0,135000000.0,189000000.0,2678000000.0,1355000000.0,54000000.0,1409000000.0,22701000000.0,457400000.0,458000000.0,466000000.0
Johnson Controls International PLC,JCI,549300XQ6S1GYKGBL205,833444,2014.0,Q3TTM,2013-07-01,2014-06-27,,4.99,4.99,0.79,4.99,17000000.0,700000000.0,2390000000.0,1331000000.0,1059000000.0,2285000000.0,105000000.0,23164000000.0,28823000000.0,,215000000.0,-29000000.0,,676000000.0,3215000000.0,23164000000.0,5659000000.0,188000000.0,282000000.0,3908000000.0,1751000000.0,65000000.0,1816000000.0,28823000000.0,457400000.0,458000000.0,466000000.0
Johnson Controls International PLC,JCI,549300XQ6S1GYKGBL205,833444,2014.0,Q3,2014-03-29,2014-06-27,2015-07-31 12:03:19+00:00,3.17,3.17,,3.11,17000000.0,55000000.0,1452000000.0,437000000.0,1015000000.0,1450000000.0,2000000.0,1675000000.0,2660000000.0,,215000000.0,0.0,0.0,,671000000.0,1675000000.0,985000000.0,24000000.0,4000000.0,688000000.0,297000000.0,-20000000.0,277000000.0,2660000000.0,457400000.0,458000000.0,466000000.0
Johnson Controls International PLC,JCI,549300XQ6S1GYKGBL205,833444,2014.0,Q2YTD,2013-09-28,2014-03-28,,1.03,1.03,0.32,1.03,10000000.0,109000000.0,479000000.0,440000000.0,39000000.0,477000000.0,2000000.0,3153000000.0,4973000000.0,,-9000000.0,-2000000.0,1000000.0,,1206000000.0,3153000000.0,1820000000.0,49000000.0,6000000.0,1217000000.0,603000000.0,-45000000.0,558000000.0,4973000000.0,460000000.0,461000000.0,469000000.0
Johnson Controls International PLC,JCI,549300XQ6S1GYKGBL205,833444,2014.0,Q2TTM,2013-04-01,2014-03-28,,2.07,2.07,0.8,2.07,,573000000.0,1510000000.0,1446000000.0,64000000.0,1385000000.0,125000000.0,30424000000.0,36662000000.0,,,,,819000000.0,3521000000.0,30424000000.0,6238000000.0,231000000.0,352000000.0,4340000000.0,1898000000.0,121000000.0,2019000000.0,36662000000.0,,669200000.0,669200000.0
Johnson Controls International PLC,JCI,549300XQ6S1GYKGBL205,833444,2014.0,Q2,2014-01-01,2014-03-28,2015-04-30 13:17:25+00:00,,0.39,,0.39,,101000000.0,293000000.0,436000000.0,-143000000.0,261000000.0,32000000.0,7995000000.0,9467000000.0,,,,,,952000000.0,7995000000.0,1472000000.0,56000000.0,73000000.0,952000000.0,520000000.0,17000000.0,537000000.0,9467000000.0,,669200000.0,669200000.0
Johnson Controls International PLC,JCI,549300XQ6S1GYKGBL205,833444,2014.0,Q1TTM,2013-01-01,2013-12-27,,1.92,1.92,0.58,1.92,,686000000.0,1410000000.0,1189000000.0,221000000.0,1288000000.0,122000000.0,31091000000.0,37297000000.0,,,,,903000000.0,3613000000.0,31091000000.0,6206000000.0,241000000.0,426000000.0,4516000000.0,1690000000.0,185000000.0,1875000000.0,37297000000.0,,670000000.0,679700000.0
Johnson Controls International PLC,JCI,549300XQ6S1GYKGBL205,833444,2014.0,Q1,2013-09-28,2013-12-27,2015-01-30 12:44:56+00:00,,0.7,,0.69,,111000000.0,502000000.0,484000000.0,18000000.0,469000000.0,33000000.0,8998000000.0,10574000000.0,,,,,,1038000000.0,8998000000.0,1576000000.0,55000000.0,112000000.0,1038000000.0,538000000.0,57000000.0,595000000.0,10574000000.0,,670000000.0,679700000.0
Johnson Controls International PLC,JCI,549300XQ6S1GYKGBL205,833444,2015.0,FY,2014-10-01,2015-09-30,2017-11-21 14:05:21+00:00,2.39,2.39,1.04,2.36,,71000000.0,1679000000.0,860000000.0,819000000.0,1563000000.0,116000000.0,12569000000.0,17100000000.0,,,,,215000000.0,3191000000.0,12569000000.0,4531000000.0,274000000.0,80000000.0,3406000000.0,1125000000.0,-194000000.0,931000000.0,17100000000.0,655200000.0,655200000.0,655200000.0
Johnson Controls International PLC,JCI,549300XQ6S1GYKGBL205,833444,2015.0,Q4,2015-06-27,2015-09-30,,0.53,0.53,0.42,0.53,,-394000000.0,369000000.0,-668000000.0,1037000000.0,349000000.0,20000000.0,-10973000000.0,-11330000000.0,,,,,215000000.0,236000000.0,-10973000000.0,-357000000.0,59000000.0,-195000000.0,451000000.0,-808000000.0,-254000000.0,-1062000000.0,-11330000000.0,655200000.0,655200000.0,655200000.0
Johnson Controls International PLC,JCI,549300XQ6S1GYKGBL205,833444,2015.0,Q3,2015-03-28,2015-06-30,2016-07-29 12:36:37+00:00,0.27,0.27,,0.27,,215000000.0,207000000.0,532000000.0,-325000000.0,178000000.0,29000000.0,7902000000.0,9608000000.0,,,,,0.0,975000000.0,7902000000.0,1706000000.0,75000000.0,91000000.0,975000000.0,731000000.0,16000000.0,747000000.0,9608000000.0,659300000.0,659300000.0,659300000.0
Johnson Controls International PLC,JCI,549300XQ6S1GYKGBL205,833444,2015.0,Q3YTD,2014-10-01,2015-06-26,,1.85,1.85,0.74,1.85,,465000000.0,1310000000.0,1528000000.0,-218000000.0,1214000000.0,96000000.0,23542000000.0,28430000000.0,,,,,,2955000000.0,23542000000.0,4888000000.0,215000000.0,275000000.0,2955000000.0,1933000000.0,60000000.0,1993000000.0,28430000000.0,654900000.0,654900000.0,654900000.0
Johnson Controls International PLC,JCI,549300XQ6S1GYKGBL205,833444,2015.0,Q3TTM,2014-06-28,2015-06-26,,0.38,0.38,1.4,0.38,-17000000.0,605000000.0,406000000.0,1680000000.0,-1274000000.0,249000000.0,157000000.0,37318000000.0,44478000000.0,,-215000000.0,395000000.0,,324000000.0,4510000000.0,37318000000.0,7160000000.0,324000000.0,86000000.0,4817000000.0,2343000000.0,157000000.0,2500000000.0,44478000000.0,,659300000.0,659300000.0
Johnson Controls International PLC,JCI,549300XQ6S1GYKGBL205,833444,2015.0,Q2,2014-12-27,2015-03-27,2016-04-29 13:06:02+00:00,,0.81,,0.8,,132000000.0,557000000.0,479000000.0,78000000.0,529000000.0,28000000.0,7625000000.0,9198000000.0,,,,,0.0,975000000.0,7625000000.0,1573000000.0,69000000.0,82000000.0,975000000.0,598000000.0,13000000.0,611000000.0,9198000000.0,,653100000.0,661300000.0
Johnson Controls International PLC,JCI,549300XQ6S1GYKGBL205,833444,2015.0,Q2YTD,2014-10-01,2015-03-27,,1.59,1.59,0.52,1.59,,250000000.0,1103000000.0,996000000.0,107000000.0,1036000000.0,67000000.0,15640000000.0,18822000000.0,,,,,,1980000000.0,15640000000.0,3182000000.0,140000000.0,184000000.0,1980000000.0,1202000000.0,44000000.0,1246000000.0,18822000000.0,,653100000.0,661300000.0
Johnson Controls International PLC,JCI,549300XQ6S1GYKGBL205,833444,2015.0,Q2TTM,2014-03-29,2015-03-27,,2.33,2.33,1.05,2.33,,445000000.0,1651000000.0,1585000000.0,66000000.0,1521000000.0,130000000.0,31091000000.0,37530000000.0,,,395000000.0,,324000000.0,4206000000.0,31091000000.0,6439000000.0,273000000.0,-1000000.0,4530000000.0,1909000000.0,121000000.0,2030000000.0,37530000000.0,,653100000.0,661300000.0
Johnson Controls International PLC,JCI,549300XQ6S1GYKGBL205,833444,2015.0,Q1,2014-10-01,2014-12-26,2016-02-01 16:51:03+00:00,,0.77,,0.76,,118000000.0,546000000.0,517000000.0,29000000.0,507000000.0,39000000.0,8015000000.0,9624000000.0,,,,,,1005000000.0,8015000000.0,1609000000.0,71000000.0,102000000.0,1005000000.0,604000000.0,31000000.0,635000000.0,9624000000.0,,658400000.0,667100000.0
Johnson Controls International PLC,JCI,549300XQ6S1GYKGBL205,833444,2015.0,Q1TTM,2014-01-01,2014-12-26,,1.9,1.9,0.99,1.9,,414000000.0,1387000000.0,1542000000.0,-155000000.0,1253000000.0,134000000.0,31461000000.0,37799000000.0,,,395000000.0,,324000000.0,4183000000.0,31461000000.0,6338000000.0,260000000.0,-10000000.0,4507000000.0,1831000000.0,125000000.0,1956000000.0,37799000000.0,,658400000.0,667100000.0
Johnson Controls International PLC,JCI,549300XQ6S1GYKGBL205,833444,2016.0,FY,2015-10-01,2016-09-30,2018-11-20 12:08:04+00:00,-1.3,-1.3,1.16,-1.29,,197000000.0,-652000000.0,864000000.0,-1516000000.0,-868000000.0,216000000.0,15183000000.0,20837000000.0,,,,,288000000.0,4190000000.0,15183000000.0,5654000000.0,289000000.0,174000000.0,4478000000.0,1176000000.0,-115000000.0,1061000000.0,20837000000.0,667400000.0,667400000.0,667400000.0
Johnson Controls International PLC,JCI,549300XQ6S1GYKGBL205,833444,2016.0,Q4,2016-06-25,2016-09-30,,-1.75,-1.75,0.65,-1.75,,-5000000.0,-1132000000.0,-97000000.0,-1035000000.0,-1171000000.0,39000000.0,4566000000.0,6254000000.0,,,-42000000.0,,201000000.0,1549000000.0,4566000000.0,1688000000.0,87000000.0,89000000.0,1750000000.0,-62000000.0,-40000000.0,-102000000.0,6254000000.0,667400000.0,667400000.0,667400000.0
Johnson Controls International PLC,JCI,549300XQ6S1GYKGBL205,833444,2016.0,Q3,2016-03-26,2016-06-24,2017-08-03 10:16:30+00:00,0.59,0.59,0.29,0.59,,78000000.0,459000000.0,402000000.0,57000000.0,383000000.0,76000000.0,3732000000.0,5154000000.0,,,,,27000000.0,895000000.0,3732000000.0,1422000000.0,65000000.0,45000000.0,922000000.0,500000000.0,-20000000.0,480000000.0,5154000000.0,644900000.0,644900000.0,644900000.0
Johnson Controls International PLC,JCI,549300XQ6S1GYKGBL205,833444,2016.0,Q3YTD,2015-10-01,2016-06-24,,0.47,0.47,1.22,0.47,,202000000.0,480000000.0,961000000.0,-481000000.0,303000000.0,177000000.0,10617000000.0,14583000000.0,,,42000000.0,,87000000.0,2641000000.0,10617000000.0,3966000000.0,202000000.0,85000000.0,2728000000.0,1238000000.0,-75000000.0,1163000000.0,14583000000.0,644900000.0,644900000.0,644900000.0
Johnson Controls International PLC,JCI,549300XQ6S1GYKGBL205,833444,2016.0,Q3TTM,2015-06-27,2016-06-24,,1.01,1.01,1.58,1.01,,-192000000.0,849000000.0,293000000.0,556000000.0,652000000.0,197000000.0,-356000000.0,3253000000.0,,,42000000.0,,302000000.0,2877000000.0,-356000000.0,3609000000.0,261000000.0,-110000000.0,3179000000.0,430000000.0,-329000000.0,101000000.0,3253000000.0,644900000.0,644900000.0,644900000.0
Johnson Controls International PLC,JCI,549300XQ6S1GYKGBL205,833444,2016.0,Q2,2016-01-01,2016-03-31,2017-05-04 10:57:37+00:00,-0.82,-0.82,0.29,-0.81,,41000000.0,-469000000.0,256000000.0,-725000000.0,-530000000.0,61000000.0,3446000000.0,4733000000.0,,,,,60000000.0,899000000.0,3446000000.0,1287000000.0,71000000.0,40000000.0,959000000.0,328000000.0,-31000000.0,297000000.0,4733000000.0,648200000.0,648200000.0,648200000.0
Johnson Controls International PLC,JCI,549300XQ6S1GYKGBL205,833444,2016.0,Q2YTD,2015-10-01,2016-03-31,,-0.12,-0.12,0.9,-0.12,,124000000.0,21000000.0,559000000.0,-538000000.0,-80000000.0,101000000.0,6885000000.0,9429000000.0,,,42000000.0,,60000000.0,1746000000.0,6885000000.0,2544000000.0,137000000.0,40000000.0,1806000000.0,738000000.0,-55000000.0,683000000.0,9429000000.0,648200000.0,648200000.0,648200000.0
Johnson Controls International PLC,JCI,549300XQ6S1GYKGBL205,833444,2016.0,Q2TTM,2015-03-28,2016-03-31,,0.69,0.69,1.56,0.69,,-55000000.0,597000000.0,423000000.0,174000000.0,447000000.0,150000000.0,3814000000.0,7707000000.0,,,42000000.0,,275000000.0,2957000000.0,3814000000.0,3893000000.0,271000000.0,-64000000.0,3232000000.0,661000000.0,-293000000.0,368000000.0,7707000000.0,648200000.0,648200000.0,648200000.0
Johnson Controls International PLC,JCI,549300XQ6S1GYKGBL205,833444,2016.0,Q1,2015-10-01,2015-12-25,2017-02-08 11:45:02+00:00,0.69,0.69,0.29,0.69,,83000000.0,490000000.0,303000000.0,187000000.0,450000000.0,40000000.0,3439000000.0,4696000000.0,,,42000000.0,,0.0,847000000.0,3439000000.0,1257000000.0,66000000.0,,847000000.0,410000000.0,-24000000.0,386000000.0,4696000000.0,647700000.0,647700000.0,647700000.0
Johnson Controls International PLC,JCI,549300XQ6S1GYKGBL205,833444,2016.0,Q1TTM,2014-12-27,2015-12-25,,2.33,2.33,1.43,2.33,,36000000.0,1623000000.0,646000000.0,977000000.0,1506000000.0,117000000.0,7993000000.0,12172000000.0,,,42000000.0,,215000000.0,3033000000.0,7993000000.0,4179000000.0,269000000.0,-22000000.0,3248000000.0,931000000.0,-249000000.0,682000000.0,12172000000.0,647700000.0,647700000.0,647700000.0
Johnson Controls International PLC,JCI,549300XQ6S1GYKGBL205,833444,2017.0,FY,2016-10-01,2017-09-30,2019-11-21 12:14:20+00:00,1.72,1.72,1.0,1.71,,322000000.0,1819000000.0,829000000.0,990000000.0,1611000000.0,208000000.0,15305000000.0,22835000000.0,,,,,347000000.0,5723000000.0,15305000000.0,7530000000.0,466000000.0,157000000.0,6070000000.0,1460000000.0,-309000000.0,1151000000.0,22835000000.0,936600000.0,936600000.0,942100000.0
Johnson Controls International PLC,JCI,549300XQ6S1GYKGBL205,833444,2017.0,Q4,2017-07-01,2017-09-30,,0.93,0.93,0.23,0.93,,-248000000.0,927000000.0,-97000000.0,1024000000.0,875000000.0,52000000.0,95000000.0,799000000.0,,,,,121000000.0,818000000.0,95000000.0,704000000.0,90000000.0,-20000000.0,939000000.0,-235000000.0,-110000000.0,-345000000.0,799000000.0,936600000.0,936600000.0,942100000.0
Johnson Controls International PLC,JCI,549300XQ6S1GYKGBL205,833444,2017.0,Q3,2017-04-01,2017-06-30,2018-08-02 11:01:42+00:00,0.59,0.59,0.25,0.59,,89000000.0,629000000.0,629000000.0,0.0,555000000.0,74000000.0,5252000000.0,7683000000.0,,,,,49000000.0,1609000000.0,5252000000.0,2431000000.0,124000000.0,69000000.0,1658000000.0,773000000.0,-55000000.0,718000000.0,7683000000.0,935400000.0,935400000.0,935400000.0
Johnson Controls International PLC,JCI,549300XQ6S1GYKGBL205,833444,2017.0,Q3YTD,2016-10-01,2017-06-30,,0.79,0.79,0.58,0.79,,570000000.0,892000000.0,926000000.0,-34000000.0,736000000.0,156000000.0,15210000000.0,22036000000.0,,,,,226000000.0,4905000000.0,15210000000.0,6826000000.0,376000000.0,177000000.0,5131000000.0,1695000000.0,-199000000.0,1496000000.0,22036000000.0,935400000.0,935400000.0,935400000.0
Johnson Controls International PLC,JCI,549300XQ6S1GYKGBL205,833444,2017.0,Q3TTM,2016-06-25,2017-06-30,,-0.47,-0.47,1.04,-0.47,,565000000.0,-240000000.0,829000000.0,-1069000000.0,-435000000.0,195000000.0,19776000000.0,28290000000.0,,,-42000000.0,,427000000.0,6454000000.0,19776000000.0,8514000000.0,463000000.0,266000000.0,6881000000.0,1633000000.0,-239000000.0,1394000000.0,28290000000.0,935400000.0,935400000.0,935400000.0
Johnson Controls International PLC,JCI,549300XQ6S1GYKGBL205,833444,2017.0,Q2,2017-01-01,2017-03-31,2018-05-03 12:06:23+00:00,-0.16,-0.16,0.25,-0.16,,508000000.0,-115000000.0,-115000000.0,0.0,-148000000.0,33000000.0,4986000000.0,7267000000.0,,,,,99000000.0,1726000000.0,4986000000.0,2281000000.0,116000000.0,53000000.0,1825000000.0,456000000.0,-63000000.0,393000000.0,7267000000.0,939200000.0,939200000.0,939200000.0
Johnson Controls International PLC,JCI,549300XQ6S1GYKGBL205,833444,2017.0,Q2YTD,2016-10-01,2017-03-31,,0.19,0.19,0.33,0.19,,481000000.0,263000000.0,297000000.0,-34000000.0,181000000.0,82000000.0,9958000000.0,14353000000.0,,,,,177000000.0,3296000000.0,9958000000.0,4395000000.0,252000000.0,108000000.0,3473000000.0,922000000.0,-144000000.0,778000000.0,14353000000.0,939200000.0,939200000.0,939200000.0
Johnson Controls International PLC,JCI,549300XQ6S1GYKGBL205,833444,2017.0,Q2TTM,2016-04-01,2017-03-31,,-0.65,-0.65,1.01,-0.65,,554000000.0,-410000000.0,602000000.0,-1012000000.0,-607000000.0,197000000.0,18256000000.0,25761000000.0,,,-42000000.0,,405000000.0,5740000000.0,18256000000.0,7505000000.0,404000000.0,242000000.0,6145000000.0,1360000000.0,-204000000.0,1156000000.0,25761000000.0,939200000.0,939200000.0,939200000.0
Johnson Controls International PLC,JCI,549300XQ6S1GYKGBL205,833444,2017.0,Q1,2016-10-01,2016-12-31,2018-02-02 10:41:07+00:00,0.35,0.35,0.25,0.35,,-27000000.0,378000000.0,412000000.0,-34000000.0,329000000.0,49000000.0,4972000000.0,7086000000.0,,,,,78000000.0,1570000000.0,4972000000.0,2114000000.0,136000000.0,55000000.0,1648000000.0,466000000.0,-81000000.0,385000000.0,7086000000.0,937200000.0,937200000.0,937200000.0
Johnson Controls International PLC,JCI,549300XQ6S1GYKGBL205,833444,2017.0,Q1TTM,2015-12-26,2016-12-31,,-1.06,-1.06,0.99,-1.06,,87000000.0,-764000000.0,973000000.0,-1737000000.0,-989000000.0,225000000.0,16716000000.0,23227000000.0,,,-42000000.0,,366000000.0,4913000000.0,16716000000.0,6511000000.0,359000000.0,229000000.0,5279000000.0,1232000000.0,-172000000.0,1060000000.0,23227000000.0,937200000.0,937200000.0,937200000.0
Johnson Controls International PLC,JCI,549300XQ6S1GYKGBL205,833444,2018.0,FY,2017-10-01,2018-09-30,2019-11-21 12:14:20+00:00,2.34,2.34,1.04,2.32,,197000000.0,2383000000.0,1349000000.0,1034000000.0,2162000000.0,221000000.0,15733000000.0,23400000000.0,,,,,255000000.0,5642000000.0,15733000000.0,7667000000.0,401000000.0,177000000.0,5897000000.0,1770000000.0,-224000000.0,1546000000.0,23400000000.0,923900000.0,923900000.0,931900000.0
Johnson Controls International PLC,JCI,549300XQ6S1GYKGBL205,833444,2018.0,Q4,2018-07-01,2018-09-30,,0.83,0.83,0.26,0.83,,-117000000.0,825000000.0,632000000.0,193000000.0,771000000.0,54000000.0,4126000000.0,6183000000.0,,,,,101000000.0,1392000000.0,4126000000.0,2057000000.0,97000000.0,48000000.0,1493000000.0,564000000.0,-49000000.0,515000000.0,6183000000.0,923900000.0,923900000.0,931900000.0
Johnson Controls International PLC,JCI,549300XQ6S1GYKGBL205,833444,2018.0,Q3,2018-04-01,2018-06-30,2019-08-01 10:49:58+00:00,0.78,0.78,,0.78,,61000000.0,804000000.0,546000000.0,258000000.0,723000000.0,81000000.0,4194000000.0,6282000000.0,,,,,0.0,1441000000.0,4194000000.0,2088000000.0,95000000.0,55000000.0,1441000000.0,647000000.0,-40000000.0,607000000.0,6282000000.0,926900000.0,926900000.0,926900000.0
Johnson Controls International PLC,JCI,549300XQ6S1GYKGBL205,833444,2018.0,Q3YTD,2017-10-01,2018-06-30,,1.5,1.5,0.82,1.5,,314000000.0,1558000000.0,717000000.0,841000000.0,1391000000.0,167000000.0,11607000000.0,17217000000.0,,,,,154000000.0,4250000000.0,11607000000.0,5610000000.0,304000000.0,129000000.0,4404000000.0,1206000000.0,-175000000.0,1031000000.0,17217000000.0,926900000.0,926900000.0,926900000.0
Johnson Controls International PLC,JCI,549300XQ6S1GYKGBL205,833444,2018.0,Q3TTM,2017-07-01,2018-06-30,,2.44,2.44,1.05,2.44,,66000000.0,2485000000.0,620000000.0,1865000000.0,2266000000.0,219000000.0,11702000000.0,18016000000.0,,,,,275000000.0,5068000000.0,11702000000.0,6314000000.0,394000000.0,109000000.0,5343000000.0,971000000.0,-285000000.0,686000000.0,18016000000.0,926900000.0,926900000.0,926900000.0
Johnson Controls International PLC,JCI,549300XQ6S1GYKGBL205,833444,2018.0,Q2,2018-01-01,2018-03-31,2019-05-03 10:47:16+00:00,0.47,0.47,,0.47,,36000000.0,483000000.0,218000000.0,265000000.0,438000000.0,45000000.0,3806000000.0,5630000000.0,,,,,0.0,1490000000.0,3806000000.0,1824000000.0,107000000.0,27000000.0,1490000000.0,334000000.0,-80000000.0,254000000.0,5630000000.0,931900000.0,931900000.0,931900000.0
Johnson Controls International PLC,JCI,549300XQ6S1GYKGBL205,833444,2018.0,Q2YTD,2017-10-01,2018-03-31,,0.72,0.72,0.55,0.72,,253000000.0,754000000.0,171000000.0,583000000.0,668000000.0,86000000.0,7413000000.0,10935000000.0,,,,,154000000.0,2809000000.0,7413000000.0,3522000000.0,209000000.0,74000000.0,2963000000.0,559000000.0,-135000000.0,424000000.0,10935000000.0,931900000.0,931900000.0,931900000.0
Johnson Controls International PLC,JCI,549300XQ6S1GYKGBL205,833444,2018.0,Q2TTM,2017-04-01,2018-03-31,,2.25,2.25,1.03,2.25,,94000000.0,2310000000.0,703000000.0,1607000000.0,2098000000.0,212000000.0,12760000000.0,19417000000.0,,,,,324000000.0,5236000000.0,12760000000.0,6657000000.0,423000000.0,123000000.0,5560000000.0,1097000000.0,-300000000.0,797000000.0,19417000000.0,931900000.0,931900000.0,931900000.0
Johnson Controls International PLC,JCI,549300XQ6S1GYKGBL205,833444,2018.0,Q1,2017-10-01,2017-12-31,2019-02-01 11:27:28+00:00,0.25,0.25,0.26,0.25,,217000000.0,271000000.0,-47000000.0,318000000.0,230000000.0,41000000.0,3607000000.0,5305000000.0,,,,,154000000.0,1319000000.0,3607000000.0,1698000000.0,102000000.0,47000000.0,1473000000.0,225000000.0,-55000000.0,170000000.0,5305000000.0,926100000.0,926100000.0,926100000.0
Johnson Controls International PLC,JCI,549300XQ6S1GYKGBL205,833444,2018.0,Q1TTM,2017-01-01,2017-12-31,,1.63,1.63,1.04,1.63,,566000000.0,1712000000.0,370000000.0,1342000000.0,1512000000.0,200000000.0,13940000000.0,21054000000.0,,,,,423000000.0,5472000000.0,13940000000.0,7114000000.0,432000000.0,149000000.0,5895000000.0,1219000000.0,-283000000.0,936000000.0,21054000000.0,926100000.0,926100000.0,926100000.0
Johnson Controls International PLC,JCI,549300XQ6S1GYKGBL205,833444,2019.0,FY,2018-10-01,2019-09-30,2019-11-21 12:14:20+00:00,6.52,6.52,1.04,6.49,,-233000000.0,5887000000.0,1289000000.0,4598000000.0,5674000000.0,213000000.0,16275000000.0,23968000000.0,,,,,235000000.0,6244000000.0,16275000000.0,7693000000.0,350000000.0,192000000.0,6479000000.0,1214000000.0,-158000000.0,1056000000.0,23968000000.0,870200000.0,870200000.0,874300000.0
Johnson Controls International PLC,JCI,549300XQ6S1GYKGBL205,833444,2019.0,Q4,2019-07-01,2019-09-30,,0.75,0.75,-0.52,0.75,,-627000000.0,654000000.0,654000000.0,,612000000.0,42000000.0,4294000000.0,6274000000.0,,,,,,1960000000.0,4294000000.0,1980000000.0,48000000.0,55000000.0,1960000000.0,20000000.0,7000000.0,27000000.0,6274000000.0,870200000.0,870200000.0,874300000.0
Johnson Controls International PLC,JCI,549300XQ6S1GYKGBL205,833444,2019.0,Q3,2019-04-01,2019-06-30,2019-08-01 10:49:58+00:00,4.81,4.81,,4.79,,239000000.0,4276000000.0,225000000.0,4051000000.0,4192000000.0,84000000.0,4307000000.0,6451000000.0,,,,,235000000.0,1388000000.0,4307000000.0,2144000000.0,119000000.0,62000000.0,1623000000.0,521000000.0,-57000000.0,464000000.0,6451000000.0,871500000.0,871500000.0,875200000.0
Johnson Controls International PLC,JCI,549300XQ6S1GYKGBL205,833444,2019.0,Q3YTD,2018-10-01,2019-06-30,,5.77,5.77,0.52,5.74,,394000000.0,5233000000.0,635000000.0,4598000000.0,5062000000.0,171000000.0,11981000000.0,17694000000.0,,,,,235000000.0,4284000000.0,11981000000.0,5713000000.0,302000000.0,137000000.0,4519000000.0,1194000000.0,-165000000.0,1029000000.0,17694000000.0,871500000.0,871500000.0,875200000.0
Johnson Controls International PLC,JCI,549300XQ6S1GYKGBL205,833444,2019.0,Q3TTM,2018-07-01,2019-06-30,,6.69,6.69,1.24,6.69,,277000000.0,6058000000.0,1267000000.0,4791000000.0,5833000000.0,225000000.0,16107000000.0,23877000000.0,,,,,336000000.0,5676000000.0,16107000000.0,7770000000.0,399000000.0,185000000.0,6012000000.0,1758000000.0,-214000000.0,1544000000.0,23877000000.0,871500000.0,871500000.0,875200000.0
Johnson Controls International PLC,JCI,549300XQ6S1GYKGBL205,833444,2019.0,Q2,2019-01-01,2019-03-31,2020-05-01 11:06:09+00:00,0.57,0.57,0.26,0.57,,47000000.0,558000000.0,274000000.0,284000000.0,515000000.0,43000000.0,3935000000.0,5779000000.0,,,,,0.0,1458000000.0,3935000000.0,1844000000.0,98000000.0,33000000.0,1458000000.0,386000000.0,-65000000.0,321000000.0,5779000000.0,902500000.0,902500000.0,902500000.0
Johnson Controls International PLC,JCI,549300XQ6S1GYKGBL205,833444,2019.0,Q2YTD,2018-10-01,2019-03-31,,0.96,0.96,0.52,0.95,,155000000.0,957000000.0,410000000.0,547000000.0,870000000.0,87000000.0,7674000000.0,11243000000.0,,,,,,2896000000.0,7674000000.0,3569000000.0,183000000.0,75000000.0,2896000000.0,673000000.0,-108000000.0,565000000.0,11243000000.0,902500000.0,902500000.0,902500000.0
Johnson Controls International PLC,JCI,549300XQ6S1GYKGBL205,833444,2019.0,Q2TTM,2018-04-01,2019-03-31,,2.62,2.62,1.21,2.62,,99000000.0,2586000000.0,1588000000.0,998000000.0,2364000000.0,222000000.0,15994000000.0,23708000000.0,,,,,101000000.0,5729000000.0,15994000000.0,7714000000.0,375000000.0,178000000.0,5830000000.0,1884000000.0,-197000000.0,1687000000.0,23708000000.0,902500000.0,902500000.0,902500000.0
Johnson Controls International PLC,JCI,549300XQ6S1GYKGBL205,833444,2019.0,Q1,2018-10-01,2018-12-31,2020-01-31 10:44:53+00:00,0.39,0.39,0.26,0.38,,108000000.0,399000000.0,136000000.0,263000000.0,355000000.0,44000000.0,3739000000.0,5464000000.0,,,,,0.0,1438000000.0,3739000000.0,1725000000.0,85000000.0,42000000.0,1438000000.0,287000000.0,-43000000.0,244000000.0,5464000000.0,921600000.0,921600000.0,921600000.0
Johnson Controls International PLC,JCI,549300XQ6S1GYKGBL205,833444,2019.0,Q1TTM,2018-01-01,2018-12-31,,2.48,2.48,1.14,2.48,,88000000.0,2511000000.0,1532000000.0,979000000.0,2287000000.0,224000000.0,15865000000.0,23559000000.0,,,,,101000000.0,5761000000.0,15865000000.0,7694000000.0,384000000.0,172000000.0,5862000000.0,1832000000.0,-212000000.0,1620000000.0,23559000000.0,921600000.0,921600000.0,921600000.0
Johnson Controls International PLC,JCI,549300XQ6S1GYKGBL205,833444,2020.0,Q2YTD,2019-10-01,2020-03-31,,0.49,0.49,0.52,0.49,,78000000.0,427000000.0,427000000.0,,372000000.0,55000000.0,7416000000.0,11020000000.0,,,,,173000000.0,2878000000.0,7416000000.0,3604000000.0,111000000.0,63000000.0,3051000000.0,553000000.0,-48000000.0,505000000.0,11020000000.0,754800000.0,754800000.0,754800000.0
Johnson Controls International PLC,JCI,549300XQ6S1GYKGBL205,833444,2020.0,Q2TTM,2019-04-01,2020-03-31,,6.05,6.05,,6.03,,-310000000.0,5357000000.0,1306000000.0,4051000000.0,5176000000.0,181000000.0,16017000000.0,23745000000.0,,,,,408000000.0,6226000000.0,16017000000.0,7728000000.0,278000000.0,180000000.0,6634000000.0,1094000000.0,-98000000.0,996000000.0,23745000000.0,754800000.0,754800000.0,754800000.0
Johnson Controls International PLC,JCI,549300XQ6S1GYKGBL205,833444,2020.0,Q2,2020-01-01,2020-03-31,2020-05-01 11:06:09+00:00,0.28,0.28,0.26,0.28,,13000000.0,236000000.0,236000000.0,0.0,213000000.0,23000000.0,3643000000.0,5444000000.0,,,,,62000000.0,1451000000.0,3643000000.0,1801000000.0,59000000.0,20000000.0,1513000000.0,288000000.0,-39000000.0,249000000.0,5444000000.0,754800000.0,754800000.0,754800000.0
Johnson Controls International PLC,JCI,549300XQ6S1GYKGBL205,833444,2020.0,Q1TTM,2019-01-01,2019-12-31,,6.34,6.34,,6.32,,-276000000.0,5679000000.0,1344000000.0,4335000000.0,5478000000.0,201000000.0,16309000000.0,24080000000.0,,,,,346000000.0,6233000000.0,16309000000.0,7771000000.0,317000000.0,193000000.0,6579000000.0,1192000000.0,-124000000.0,1068000000.0,24080000000.0,769900000.0,769900000.0,769900000.0
Johnson Controls International PLC,JCI,549300XQ6S1GYKGBL205,833444,2020.0,Q1,2019-10-01,2019-12-31,2020-01-31 10:44:53+00:00,0.21,0.21,0.26,0.21,,65000000.0,191000000.0,191000000.0,0.0,159000000.0,32000000.0,3773000000.0,5576000000.0,,,,,111000000.0,1427000000.0,3773000000.0,1803000000.0,52000000.0,43000000.0,1538000000.0,265000000.0,-9000000.0,256000000.0,5576000000.0,769900000.0,769900000.0,769900000.0
