company_name,company_ticker,company_lei,company_cik,year,quarter,start_date,end_date,filing_date,basicdilutedeps,basiceps,dilutedeps,impairmentexpense,incometaxexpense,marketingexpense,netincome,netincomecontinuing,netincometocommon,netincometononcontrollinginterest,operatingcostofrevenue,operatingrevenue,otherincome,otheroperatingexpenses,rdexpense,restructuringcharge,sgaexpense,totalcostofrevenue,totalgrossprofit,totalinterestexpense,totalinterestincome,totaloperatingexpenses,totaloperatingincome,totalotherincome,totalpretaxincome,totalrevenue,weightedavebasicdilutedsharesos,weightedavebasicsharesos,weightedavedilutedsharesos
IPG Photonics Corp,IPGP,5493002KZ51CADQ94G15,1111928,2009.0,FY,2009-01-01,2009-12-31,2012-02-27 16:04:07+00:00,0.12,0.12,0.12,,2485000.0,15157000.0,5284000.0,5284000.0,5419000.0,-135000.0,121626000.0,185894000.0,-36000.0,1022000.0,18543000.0,,20489000.0,121626000.0,64268000.0,1252000.0,,55211000.0,9057000.0,-1288000.0,7769000.0,185894000.0,45200000.0,45488914.0,46595047.0
IPG Photonics Corp,IPGP,5493002KZ51CADQ94G15,1111928,2010.0,FY,2010-01-01,2010-12-31,2013-02-28 17:15:28+00:00,1.16,1.16,1.13,,24900000.0,19100000.0,54352000.0,54352000.0,53991000.0,361000.0,152798000.0,299256000.0,39000.0,-848000.0,19160000.0,,28645000.0,152798000.0,146458000.0,,-1188000.0,66057000.0,80401000.0,-1149000.0,79252000.0,299256000.0,46500000.0,46423543.0,47593534.0
IPG Photonics Corp,IPGP,5493002KZ51CADQ94G15,1111928,2010.0,Q3,2010-07-01,2010-09-30,2011-11-08 08:00:19+00:00,0.28,0.28,0.28,,6558000.0,4527000.0,13315000.0,13315000.0,13226000.0,89000.0,39878000.0,79809000.0,-322000.0,2078000.0,4981000.0,,7800000.0,39878000.0,39931000.0,350000.0,,19386000.0,20545000.0,-672000.0,19873000.0,79809000.0,47200000.0,46533000.0,47700000.0
IPG Photonics Corp,IPGP,5493002KZ51CADQ94G15,1111928,2010.0,Q2,2010-04-01,2010-06-30,2011-08-08 17:25:20+00:00,0.22,0.22,0.22,,5149000.0,4932000.0,10345000.0,10345000.0,10306000.0,39000.0,36797000.0,67258000.0,-26000.0,-2295000.0,4729000.0,,7384000.0,36797000.0,30461000.0,191000.0,,14750000.0,15711000.0,-217000.0,15494000.0,67258000.0,46800000.0,46220000.0,47333000.0
IPG Photonics Corp,IPGP,5493002KZ51CADQ94G15,1111928,2011.0,Q4,2011-10-01,2011-12-31,,0.66,0.66,0.65,,14327000.0,5280000.0,31855000.0,31855000.0,31086000.0,769000.0,57100000.0,123524000.0,414000.0,-1449000.0,6580000.0,,9943000.0,57100000.0,66424000.0,-170000.0,-472000.0,20354000.0,46070000.0,112000.0,46182000.0,123524000.0,47500000.0,47365000.0,48685000.0
IPG Photonics Corp,IPGP,5493002KZ51CADQ94G15,1111928,2011.0,FY,2011-01-01,2011-12-31,2014-02-28 16:03:09+00:00,2.48,2.48,2.41,,53575000.0,21731000.0,121009000.0,121009000.0,117759000.0,3250000.0,217227000.0,474482000.0,-257000.0,-2862000.0,25422000.0,,37442000.0,217227000.0,257255000.0,,-681000.0,81733000.0,175522000.0,-938000.0,174584000.0,474482000.0,47500000.0,47365000.0,48685000.0
IPG Photonics Corp,IPGP,5493002KZ51CADQ94G15,1111928,2011.0,Q3YTD,2011-01-01,2011-09-30,,1.82,1.82,1.76,,39248000.0,16451000.0,89154000.0,89154000.0,86673000.0,2481000.0,160127000.0,350958000.0,-671000.0,-1413000.0,18842000.0,,27499000.0,160127000.0,190831000.0,170000.0,-209000.0,61379000.0,129452000.0,-1050000.0,128402000.0,350958000.0,48300000.0,47483000.0,48747000.0
IPG Photonics Corp,IPGP,5493002KZ51CADQ94G15,1111928,2011.0,Q3,2011-07-01,2011-09-30,2012-11-06 16:19:08+00:00,0.68,0.68,0.66,,14899000.0,5656000.0,34269000.0,34269000.0,32869000.0,1400000.0,58605000.0,129064000.0,145000.0,-1927000.0,6501000.0,,10997000.0,58605000.0,70459000.0,,-209000.0,21227000.0,49232000.0,-64000.0,49168000.0,129064000.0,48300000.0,47483000.0,48747000.0
IPG Photonics Corp,IPGP,5493002KZ51CADQ94G15,1111928,2011.0,Q2YTD,2011-01-01,2011-06-30,,1.14,1.14,1.1,,24349000.0,10795000.0,54885000.0,54885000.0,53804000.0,1081000.0,101522000.0,221894000.0,-816000.0,514000.0,12341000.0,,16502000.0,101522000.0,120372000.0,170000.0,,40152000.0,80220000.0,-986000.0,79234000.0,221894000.0,47300000.0,47310000.0,48610000.0
IPG Photonics Corp,IPGP,5493002KZ51CADQ94G15,1111928,2011.0,Q2,2011-04-01,2011-06-30,2012-08-03 17:13:58+00:00,0.65,0.65,0.63,,13827000.0,5847000.0,31507000.0,31507000.0,30736000.0,771000.0,55230000.0,121936000.0,-618000.0,-206000.0,6610000.0,,8333000.0,55230000.0,66706000.0,170000.0,,20584000.0,46122000.0,-788000.0,45334000.0,121936000.0,47300000.0,47310000.0,48610000.0
IPG Photonics Corp,IPGP,5493002KZ51CADQ94G15,1111928,2011.0,Q1,2011-01-01,2011-03-31,2012-05-08 16:07:06+00:00,0.49,0.49,0.47,,10522000.0,4948000.0,23378000.0,23378000.0,23068000.0,310000.0,46292000.0,99958000.0,-198000.0,720000.0,5731000.0,,8169000.0,46292000.0,53666000.0,,,19568000.0,34098000.0,-198000.0,33900000.0,99958000.0,47100000.0,47099000.0,48690000.0
IPG Photonics Corp,IPGP,5493002KZ51CADQ94G15,1111928,2012.0,Q4,2012-10-01,2012-12-31,,0.67,0.67,0.67,,13114000.0,7074000.0,34912000.0,34912000.0,34912000.0,,69856000.0,145030000.0,989000.0,1634000.0,9270000.0,,9937000.0,69856000.0,75174000.0,,-222000.0,27915000.0,47259000.0,767000.0,48026000.0,145030000.0,50500000.0,50477000.0,51536000.0
IPG Photonics Corp,IPGP,5493002KZ51CADQ94G15,1111928,2012.0,FY,2012-01-01,2012-12-31,2015-03-02 08:00:33+00:00,2.87,2.87,2.81,,61471000.0,23845000.0,147744000.0,147744000.0,145004000.0,2740000.0,257801000.0,562528000.0,8000.0,1362000.0,31401000.0,,39231000.0,257801000.0,304727000.0,,319000.0,95839000.0,208888000.0,327000.0,209215000.0,562528000.0,50500000.0,50477000.0,51536000.0
IPG Photonics Corp,IPGP,5493002KZ51CADQ94G15,1111928,2012.0,Q3TTM,2011-10-01,2012-09-30,,2.86,2.86,2.79,,62684000.0,22051000.0,144687000.0,144687000.0,141178000.0,3509000.0,245045000.0,541022000.0,-567000.0,-1721000.0,28711000.0,,39237000.0,245045000.0,295977000.0,-170000.0,69000.0,88278000.0,207699000.0,-328000.0,207371000.0,541022000.0,51100000.0,51090000.0,52102000.0
IPG Photonics Corp,IPGP,5493002KZ51CADQ94G15,1111928,2012.0,Q3YTD,2012-01-01,2012-09-30,,2.2,2.2,2.14,,48357000.0,16771000.0,112832000.0,112832000.0,110092000.0,2740000.0,187945000.0,417498000.0,-981000.0,-272000.0,22131000.0,,29294000.0,187945000.0,229553000.0,,541000.0,67924000.0,161629000.0,-440000.0,161189000.0,417498000.0,51100000.0,51090000.0,52102000.0
IPG Photonics Corp,IPGP,5493002KZ51CADQ94G15,1111928,2012.0,Q3,2012-07-01,2012-09-30,2013-11-08 16:09:38+00:00,0.83,0.83,0.81,,17832000.0,5785000.0,42435000.0,42435000.0,42435000.0,0.0,70420000.0,156379000.0,205000.0,1796000.0,7762000.0,,10609000.0,70420000.0,85959000.0,,55000.0,25952000.0,60007000.0,260000.0,60267000.0,156379000.0,51100000.0,51090000.0,52102000.0
IPG Photonics Corp,IPGP,5493002KZ51CADQ94G15,1111928,2012.0,Q2TTM,2011-07-01,2012-06-30,,2.71,2.71,2.64,,59751000.0,21922000.0,136521000.0,136521000.0,131612000.0,4909000.0,233230000.0,513707000.0,-627000.0,-5444000.0,27450000.0,,39625000.0,233230000.0,280477000.0,-170000.0,-195000.0,83553000.0,196924000.0,-652000.0,196272000.0,513707000.0,51000000.0,50989000.0,52071000.0
IPG Photonics Corp,IPGP,5493002KZ51CADQ94G15,1111928,2012.0,Q2YTD,2012-01-01,2012-06-30,,1.37,1.37,1.33,,30525000.0,10986000.0,70397000.0,70397000.0,67657000.0,2740000.0,117525000.0,261119000.0,-1186000.0,-2068000.0,14369000.0,,18685000.0,117525000.0,143594000.0,,486000.0,41972000.0,101622000.0,-700000.0,100922000.0,261119000.0,51000000.0,50989000.0,52071000.0
IPG Photonics Corp,IPGP,5493002KZ51CADQ94G15,1111928,2012.0,Q2,2012-04-01,2012-06-30,2013-08-08 16:14:31+00:00,0.74,0.74,0.72,,17119000.0,5854000.0,39849000.0,39849000.0,37742000.0,2107000.0,63017000.0,137927000.0,-92000.0,-3354000.0,7229000.0,,8736000.0,63017000.0,74910000.0,,615000.0,18465000.0,56445000.0,523000.0,56968000.0,137927000.0,51000000.0,50989000.0,52071000.0
IPG Photonics Corp,IPGP,5493002KZ51CADQ94G15,1111928,2012.0,Q1TTM,2011-04-01,2012-03-31,,2.62,2.62,2.55,,56459000.0,21915000.0,128179000.0,128179000.0,124606000.0,3573000.0,225443000.0,497716000.0,-1153000.0,-2296000.0,26831000.0,,39222000.0,225443000.0,272273000.0,,-810000.0,85672000.0,186601000.0,-1963000.0,184638000.0,497716000.0,47500000.0,48446000.0,49582000.0
IPG Photonics Corp,IPGP,5493002KZ51CADQ94G15,1111928,2012.0,Q1,2012-01-01,2012-03-31,2013-05-10 08:31:54+00:00,0.63,0.63,0.61,,13406000.0,5132000.0,30548000.0,30548000.0,29915000.0,633000.0,54508000.0,123192000.0,-1094000.0,1286000.0,7140000.0,,9949000.0,54508000.0,68684000.0,,-129000.0,23507000.0,45177000.0,-1223000.0,43954000.0,123192000.0,47500000.0,48446000.0,49582000.0
IPG Photonics Corp,IPGP,5493002KZ51CADQ94G15,1111928,2013.0,FY,2013-01-01,2013-12-31,2016-02-26 16:49:51+00:00,3.02,3.02,2.97,,62521000.0,26692000.0,155780000.0,155780000.0,155780000.0,0.0,308136000.0,648034000.0,155000.0,2536000.0,41660000.0,,50863000.0,308136000.0,339898000.0,,-1000.0,121751000.0,218147000.0,154000.0,218301000.0,648034000.0,51600000.0,51548000.0,52375000.0
IPG Photonics Corp,IPGP,5493002KZ51CADQ94G15,1111928,2013.0,Q4,2013-10-01,2013-12-31,,0.71,0.71,0.69,,12388000.0,7178000.0,36595000.0,36595000.0,36595000.0,,84337000.0,165859000.0,106000.0,1564000.0,10878000.0,,13049000.0,84337000.0,81522000.0,,24000.0,32669000.0,48853000.0,130000.0,48983000.0,165859000.0,51600000.0,51548000.0,52375000.0
IPG Photonics Corp,IPGP,5493002KZ51CADQ94G15,1111928,2013.0,Q3TTM,2012-10-01,2013-09-30,,2.98,2.98,2.95,,63247000.0,26588000.0,154097000.0,154097000.0,154097000.0,,293655000.0,627205000.0,1038000.0,2606000.0,40052000.0,,47751000.0,293655000.0,333550000.0,,-247000.0,116997000.0,216553000.0,791000.0,217344000.0,627205000.0,51600000.0,51495000.0,52367000.0
IPG Photonics Corp,IPGP,5493002KZ51CADQ94G15,1111928,2013.0,Q3YTD,2013-01-01,2013-09-30,,2.31,2.31,2.28,,50133000.0,19514000.0,119185000.0,119185000.0,119185000.0,,223799000.0,482175000.0,49000.0,972000.0,30782000.0,,37814000.0,223799000.0,258376000.0,,-25000.0,89082000.0,169294000.0,24000.0,169318000.0,482175000.0,51600000.0,51495000.0,52367000.0
IPG Photonics Corp,IPGP,5493002KZ51CADQ94G15,1111928,2013.0,Q3,2013-07-01,2013-09-30,2014-11-07 16:35:16+00:00,0.82,0.82,0.81,,17716000.0,6801000.0,42338000.0,42338000.0,42338000.0,,79339000.0,172152000.0,218000.0,1563000.0,11501000.0,,13175000.0,79339000.0,92813000.0,,63000.0,33040000.0,59773000.0,281000.0,60054000.0,172152000.0,51600000.0,51495000.0,52367000.0
IPG Photonics Corp,IPGP,5493002KZ51CADQ94G15,1111928,2013.0,Q2TTM,2012-07-01,2013-06-30,,2.99,2.99,2.95,,63363000.0,25572000.0,154194000.0,154194000.0,154194000.0,,284736000.0,611432000.0,1025000.0,2839000.0,36313000.0,,45185000.0,284736000.0,326696000.0,,-255000.0,109909000.0,216787000.0,770000.0,217557000.0,611432000.0,51500000.0,51462000.0,52385000.0
IPG Photonics Corp,IPGP,5493002KZ51CADQ94G15,1111928,2013.0,Q2YTD,2013-01-01,2013-06-30,,1.49,1.49,1.47,,32417000.0,12713000.0,76847000.0,76847000.0,76847000.0,,144460000.0,310023000.0,-169000.0,-591000.0,19281000.0,,24639000.0,144460000.0,165563000.0,,-88000.0,56042000.0,109521000.0,-257000.0,109264000.0,310023000.0,51500000.0,51462000.0,52385000.0
IPG Photonics Corp,IPGP,5493002KZ51CADQ94G15,1111928,2013.0,Q2,2013-04-01,2013-06-30,2014-08-05 16:55:38+00:00,0.81,0.81,0.8,,17881000.0,6845000.0,41720000.0,41720000.0,41720000.0,,78249000.0,168171000.0,-239000.0,-110000.0,10483000.0,,12829000.0,78249000.0,89922000.0,,-35000.0,30047000.0,59875000.0,-274000.0,59601000.0,168171000.0,51500000.0,51462000.0,52385000.0
IPG Photonics Corp,IPGP,5493002KZ51CADQ94G15,1111928,2013.0,Q1TTM,2012-04-01,2013-03-31,,2.92,2.92,2.87,,62601000.0,24581000.0,152323000.0,152323000.0,150216000.0,2107000.0,269504000.0,581188000.0,1172000.0,-405000.0,33059000.0,,41092000.0,269504000.0,311684000.0,,395000.0,98327000.0,213357000.0,1567000.0,214924000.0,581188000.0,51700000.0,51407000.0,52350000.0
IPG Photonics Corp,IPGP,5493002KZ51CADQ94G15,1111928,2013.0,Q1,2013-01-01,2013-03-31,2014-05-06 17:09:52+00:00,0.68,0.68,0.67,,14536000.0,5868000.0,35127000.0,35127000.0,35127000.0,,66211000.0,141852000.0,70000.0,-481000.0,8798000.0,,11810000.0,66211000.0,75641000.0,,-53000.0,25995000.0,49646000.0,17000.0,49663000.0,141852000.0,51700000.0,51407000.0,52350000.0
IPG Photonics Corp,IPGP,5493002KZ51CADQ94G15,1111928,2014.0,FY,2014-01-01,2014-12-31,2017-02-27 16:51:36+00:00,3.85,3.85,3.79,,84029000.0,30637000.0,200445000.0,200445000.0,200445000.0,0.0,353314000.0,769832000.0,793000.0,-6618000.0,53403000.0,,55338000.0,353314000.0,416518000.0,,-77000.0,132760000.0,283758000.0,716000.0,284474000.0,769832000.0,52100000.0,52104000.0,52824000.0
IPG Photonics Corp,IPGP,5493002KZ51CADQ94G15,1111928,2014.0,Q4,2014-10-01,2014-12-31,,1.08,1.08,1.05,,23324000.0,7929000.0,56431000.0,56431000.0,56431000.0,,93485000.0,207402000.0,58000.0,-2579000.0,13810000.0,,15126000.0,93485000.0,113917000.0,,66000.0,34286000.0,79631000.0,124000.0,79755000.0,207402000.0,52100000.0,52104000.0,52824000.0
IPG Photonics Corp,IPGP,5493002KZ51CADQ94G15,1111928,2014.0,Q3TTM,2013-10-01,2014-09-30,,3.48,3.48,3.43,,73093000.0,29886000.0,180609000.0,180609000.0,180609000.0,,344166000.0,728289000.0,841000.0,-2475000.0,50471000.0,,53261000.0,344166000.0,384123000.0,,-119000.0,131143000.0,252980000.0,722000.0,253702000.0,728289000.0,52100000.0,52088000.0,52792000.0
IPG Photonics Corp,IPGP,5493002KZ51CADQ94G15,1111928,2014.0,Q3,2014-07-01,2014-09-30,2015-11-03 16:10:27+00:00,1.06,1.06,1.05,,22547000.0,7496000.0,55200000.0,55200000.0,55200000.0,0.0,90561000.0,199651000.0,162000.0,-3614000.0,13447000.0,,14172000.0,90561000.0,109090000.0,,-4000.0,31501000.0,77589000.0,158000.0,77747000.0,199651000.0,52100000.0,52088000.0,52792000.0
IPG Photonics Corp,IPGP,5493002KZ51CADQ94G15,1111928,2014.0,Q3YTD,2014-01-01,2014-09-30,,2.77,2.77,2.74,,60705000.0,22708000.0,144014000.0,144014000.0,144014000.0,,259829000.0,562430000.0,735000.0,-4039000.0,39593000.0,,40212000.0,259829000.0,302601000.0,,-143000.0,98474000.0,204127000.0,592000.0,204719000.0,562430000.0,52100000.0,52088000.0,52792000.0
IPG Photonics Corp,IPGP,5493002KZ51CADQ94G15,1111928,2014.0,Q2TTM,2013-07-01,2014-06-30,,3.24,3.24,3.19,,68262000.0,29191000.0,167747000.0,167747000.0,167747000.0,,332944000.0,700790000.0,897000.0,2702000.0,48525000.0,,52264000.0,332944000.0,367846000.0,,-52000.0,132682000.0,235164000.0,845000.0,236009000.0,700790000.0,51900000.0,52068000.0,52769000.0
IPG Photonics Corp,IPGP,5493002KZ51CADQ94G15,1111928,2014.0,Q2,2014-04-01,2014-06-30,2015-08-03 16:52:09+00:00,0.93,0.93,0.92,,20705000.0,8047000.0,48283000.0,48283000.0,48283000.0,0.0,87977000.0,192204000.0,239000.0,945000.0,13362000.0,,13124000.0,87977000.0,104227000.0,,0.0,35478000.0,68749000.0,239000.0,68988000.0,192204000.0,51900000.0,52068000.0,52769000.0
IPG Photonics Corp,IPGP,5493002KZ51CADQ94G15,1111928,2014.0,Q2YTD,2014-01-01,2014-06-30,,1.71,1.71,1.69,,38158000.0,15212000.0,88814000.0,88814000.0,88814000.0,,169268000.0,362779000.0,573000.0,-425000.0,26146000.0,,26040000.0,169268000.0,193511000.0,,-139000.0,66973000.0,126538000.0,434000.0,126972000.0,362779000.0,51900000.0,52068000.0,52769000.0
IPG Photonics Corp,IPGP,5493002KZ51CADQ94G15,1111928,2014.0,Q1TTM,2013-04-01,2014-03-31,,3.12,3.12,3.07,,65438000.0,27989000.0,161184000.0,161184000.0,161184000.0,,323216000.0,676757000.0,419000.0,1647000.0,45646000.0,,51969000.0,323216000.0,353541000.0,,-87000.0,127251000.0,226290000.0,332000.0,226622000.0,676757000.0,52000000.0,51970000.0,52724000.0
IPG Photonics Corp,IPGP,5493002KZ51CADQ94G15,1111928,2014.0,Q1,2014-01-01,2014-03-31,2015-05-06 16:40:50+00:00,0.78,0.78,0.77,,17453000.0,7165000.0,40531000.0,40531000.0,40531000.0,0.0,81291000.0,170575000.0,334000.0,-1370000.0,12784000.0,,12916000.0,81291000.0,89284000.0,,-139000.0,31495000.0,57789000.0,195000.0,57984000.0,170575000.0,52000000.0,51970000.0,52724000.0
IPG Photonics Corp,IPGP,5493002KZ51CADQ94G15,1111928,2015.0,FY,2015-01-01,2015-12-31,2018-02-27 17:43:31+00:00,4.6,4.6,4.53,,99590000.0,31868000.0,242027000.0,242027000.0,242154000.0,-127000.0,409388000.0,901265000.0,-125000.0,-2560000.0,63334000.0,,57192000.0,409388000.0,491877000.0,,-301000.0,149834000.0,342043000.0,-426000.0,341617000.0,901265000.0,52600000.0,52676000.0,53427000.0
IPG Photonics Corp,IPGP,5493002KZ51CADQ94G15,1111928,2015.0,Q4,2015-10-01,2015-12-31,,1.16,1.16,1.12,,21868000.0,8640000.0,60680000.0,60680000.0,60705000.0,-25000.0,101583000.0,223626000.0,-503000.0,-2100000.0,17769000.0,,14718000.0,101583000.0,122043000.0,,35000.0,39027000.0,83016000.0,-468000.0,82548000.0,223626000.0,52600000.0,52676000.0,53427000.0
IPG Photonics Corp,IPGP,5493002KZ51CADQ94G15,1111928,2015.0,Q3,2015-07-01,2015-09-30,2016-11-02 16:06:04+00:00,1.19,1.19,1.18,,26897000.0,7717000.0,62757000.0,62757000.0,62791000.0,-34000.0,110237000.0,243541000.0,132000.0,5125000.0,16221000.0,,14679000.0,110237000.0,133304000.0,,-40000.0,43742000.0,89562000.0,92000.0,89654000.0,243541000.0,52800000.0,52675000.0,53392000.0
IPG Photonics Corp,IPGP,5493002KZ51CADQ94G15,1111928,2015.0,Q3YTD,2015-01-01,2015-09-30,,3.44,3.44,3.41,,77722000.0,23228000.0,181347000.0,181347000.0,181449000.0,-102000.0,307805000.0,677639000.0,378000.0,-460000.0,45565000.0,,42474000.0,307805000.0,369834000.0,,-336000.0,110807000.0,259027000.0,42000.0,259069000.0,677639000.0,52800000.0,52675000.0,53392000.0
IPG Photonics Corp,IPGP,5493002KZ51CADQ94G15,1111928,2015.0,Q3TTM,2014-10-01,2015-09-30,,4.52,4.52,4.46,,101046000.0,31157000.0,237778000.0,237778000.0,237880000.0,-102000.0,401290000.0,885041000.0,436000.0,-3039000.0,59375000.0,,57600000.0,401290000.0,483751000.0,,-270000.0,145093000.0,338658000.0,166000.0,338824000.0,885041000.0,52800000.0,52675000.0,53392000.0
IPG Photonics Corp,IPGP,5493002KZ51CADQ94G15,1111928,2015.0,Q2,2015-04-01,2015-06-30,2016-08-08 17:15:16+00:00,1.16,1.16,1.15,,26248000.0,7962000.0,61244000.0,61244000.0,61299000.0,-55000.0,106435000.0,235138000.0,161000.0,3167000.0,15114000.0,,15017000.0,106435000.0,128703000.0,,-112000.0,41260000.0,87443000.0,49000.0,87492000.0,235138000.0,52800000.0,52657000.0,53442000.0
IPG Photonics Corp,IPGP,5493002KZ51CADQ94G15,1111928,2015.0,Q2YTD,2015-01-01,2015-06-30,,2.25,2.25,2.23,,50825000.0,15511000.0,118590000.0,118590000.0,118658000.0,-68000.0,197568000.0,434098000.0,246000.0,-5585000.0,29344000.0,,27795000.0,197568000.0,236530000.0,,-296000.0,67065000.0,169465000.0,-50000.0,169415000.0,434098000.0,52800000.0,52657000.0,53442000.0
IPG Photonics Corp,IPGP,5493002KZ51CADQ94G15,1111928,2015.0,Q2TTM,2014-07-01,2015-06-30,,4.39,4.39,4.33,,96696000.0,30936000.0,230221000.0,230221000.0,230289000.0,-68000.0,381614000.0,841151000.0,466000.0,-11778000.0,56601000.0,,57093000.0,381614000.0,459537000.0,,-234000.0,132852000.0,326685000.0,232000.0,326917000.0,841151000.0,52800000.0,52657000.0,53442000.0
IPG Photonics Corp,IPGP,5493002KZ51CADQ94G15,1111928,2015.0,Q1,2015-01-01,2015-03-31,2016-05-09 16:14:23+00:00,1.09,1.09,1.08,,24577000.0,7549000.0,57346000.0,57346000.0,57359000.0,-13000.0,91133000.0,198960000.0,85000.0,-8752000.0,14230000.0,,12778000.0,91133000.0,107827000.0,,-184000.0,25805000.0,82022000.0,-99000.0,81923000.0,198960000.0,52600000.0,52486000.0,53267000.0
IPG Photonics Corp,IPGP,5493002KZ51CADQ94G15,1111928,2015.0,Q1TTM,2014-04-01,2015-03-31,,4.16,4.16,4.1,,91153000.0,31021000.0,217260000.0,217260000.0,217273000.0,-13000.0,363156000.0,798217000.0,544000.0,-14000000.0,54849000.0,,55200000.0,363156000.0,435061000.0,,-122000.0,127070000.0,307991000.0,422000.0,308413000.0,798217000.0,52600000.0,52486000.0,53267000.0
IPG Photonics Corp,IPGP,5493002KZ51CADQ94G15,1111928,2016.0,FY,2016-01-01,2016-12-31,2019-02-27 16:33:14+00:00,4.91,4.91,4.85,,105849000.0,38393000.0,260716000.0,260716000.0,260752000.0,-36000.0,453933000.0,1006173000.0,948000.0,4496000.0,78552000.0,,66486000.0,453933000.0,552240000.0,,1304000.0,187927000.0,364313000.0,2252000.0,366565000.0,1006173000.0,53100000.0,53068000.0,53797000.0
IPG Photonics Corp,IPGP,5493002KZ51CADQ94G15,1111928,2016.0,Q4,2016-10-01,2016-12-31,,1.42,1.42,1.39,,31146000.0,10210000.0,75130000.0,75130000.0,75133000.0,-3000.0,124785000.0,280121000.0,606000.0,-1820000.0,22108000.0,,19637000.0,124785000.0,155336000.0,,469000.0,50135000.0,105201000.0,1075000.0,106276000.0,280121000.0,53100000.0,53068000.0,53797000.0
IPG Photonics Corp,IPGP,5493002KZ51CADQ94G15,1111928,2016.0,Q3,2016-07-01,2016-09-30,2017-11-07 16:37:11+00:00,1.3,1.3,1.29,,25426000.0,10460000.0,69227000.0,69227000.0,69235000.0,-8000.0,121226000.0,266017000.0,194000.0,2905000.0,20543000.0,,16797000.0,121226000.0,144791000.0,,373000.0,50705000.0,94086000.0,567000.0,94653000.0,266017000.0,53300000.0,53071000.0,53761000.0
IPG Photonics Corp,IPGP,5493002KZ51CADQ94G15,1111928,2016.0,Q3YTD,2016-01-01,2016-09-30,,3.49,3.49,3.46,,74703000.0,28183000.0,185586000.0,185586000.0,185619000.0,-33000.0,329148000.0,726052000.0,342000.0,6316000.0,56444000.0,,46849000.0,329148000.0,396904000.0,,835000.0,137792000.0,259112000.0,1177000.0,260289000.0,726052000.0,53300000.0,53071000.0,53761000.0
IPG Photonics Corp,IPGP,5493002KZ51CADQ94G15,1111928,2016.0,Q3TTM,2015-10-01,2016-09-30,,4.65,4.65,4.58,,96571000.0,36823000.0,246266000.0,246266000.0,246324000.0,-58000.0,430731000.0,949678000.0,-161000.0,4216000.0,74213000.0,,61567000.0,430731000.0,518947000.0,,870000.0,176819000.0,342128000.0,709000.0,342837000.0,949678000.0,53300000.0,53071000.0,53761000.0
IPG Photonics Corp,IPGP,5493002KZ51CADQ94G15,1111928,2016.0,Q2,2016-04-01,2016-06-30,2017-08-08 16:43:31+00:00,1.26,1.26,1.25,,28387000.0,9689000.0,67031000.0,67031000.0,67058000.0,-27000.0,115084000.0,252787000.0,141000.0,-1556000.0,18412000.0,,16151000.0,115084000.0,137703000.0,,270000.0,42696000.0,95007000.0,411000.0,95418000.0,252787000.0,53200000.0,53065000.0,53788000.0
IPG Photonics Corp,IPGP,5493002KZ51CADQ94G15,1111928,2016.0,Q2YTD,2016-01-01,2016-06-30,,2.19,2.19,2.17,,49277000.0,17723000.0,116359000.0,116359000.0,116384000.0,-25000.0,207922000.0,460035000.0,148000.0,3411000.0,35901000.0,,30052000.0,207922000.0,252113000.0,,462000.0,87087000.0,165026000.0,610000.0,165636000.0,460035000.0,53200000.0,53065000.0,53788000.0
IPG Photonics Corp,IPGP,5493002KZ51CADQ94G15,1111928,2016.0,Q2TTM,2015-07-01,2016-06-30,,4.54,4.54,4.47,,98042000.0,34080000.0,239796000.0,239796000.0,239880000.0,-84000.0,419742000.0,927202000.0,-223000.0,6436000.0,69891000.0,,59449000.0,419742000.0,507460000.0,,457000.0,169856000.0,337604000.0,234000.0,337838000.0,927202000.0,53200000.0,53065000.0,53788000.0
IPG Photonics Corp,IPGP,5493002KZ51CADQ94G15,1111928,2016.0,Q1,2016-01-01,2016-03-31,2017-05-08 16:26:55+00:00,0.93,0.93,0.92,,20890000.0,8034000.0,49328000.0,49328000.0,49326000.0,2000.0,92838000.0,207248000.0,7000.0,4967000.0,17489000.0,,13901000.0,92838000.0,114410000.0,,192000.0,44391000.0,70019000.0,199000.0,70218000.0,207248000.0,53000000.0,52898000.0,53621000.0
IPG Photonics Corp,IPGP,5493002KZ51CADQ94G15,1111928,2016.0,Q1TTM,2015-04-01,2016-03-31,,4.44,4.44,4.37,,95903000.0,32353000.0,234009000.0,234009000.0,234121000.0,-112000.0,411093000.0,909553000.0,-203000.0,11159000.0,66593000.0,,58315000.0,411093000.0,498460000.0,,75000.0,168420000.0,330040000.0,-128000.0,329912000.0,909553000.0,53000000.0,52898000.0,53621000.0
IPG Photonics Corp,IPGP,5493002KZ51CADQ94G15,1111928,2017.0,FY,2017-01-01,2017-12-31,2020-02-24 16:11:54+00:00,6.5,6.5,6.36,0.0,204283000.0,49801000.0,347588000.0,347588000.0,347614000.0,-26000.0,611978000.0,1408889000.0,22000.0,14460000.0,100870000.0,0.0,80668000.0,611978000.0,796911000.0,,737000.0,245799000.0,551112000.0,759000.0,551871000.0,1408889000.0,53500000.0,53495000.0,54699000.0
IPG Photonics Corp,IPGP,5493002KZ51CADQ94G15,1111928,2017.0,Q4,2017-10-01,2017-12-31,,0.99,0.99,0.96,,95466000.0,13454000.0,52956000.0,52956000.0,52956000.0,,152262000.0,361055000.0,69000.0,-1093000.0,26589000.0,,21576000.0,152262000.0,208793000.0,,86000.0,60526000.0,148267000.0,155000.0,148422000.0,361055000.0,53500000.0,53495000.0,54699000.0
IPG Photonics Corp,IPGP,5493002KZ51CADQ94G15,1111928,2017.0,Q3,2017-07-01,2017-09-30,2018-11-05 16:31:54+00:00,2.16,2.16,2.11,,44959000.0,13384000.0,115597000.0,115597000.0,115597000.0,0.0,168060000.0,392615000.0,459000.0,3917000.0,25541000.0,,21491000.0,168060000.0,224555000.0,,-125000.0,64333000.0,160222000.0,334000.0,160556000.0,392615000.0,53500000.0,53440000.0,54698000.0
IPG Photonics Corp,IPGP,5493002KZ51CADQ94G15,1111928,2017.0,Q3YTD,2017-01-01,2017-09-30,,5.51,5.51,5.4,,108817000.0,36347000.0,294632000.0,294632000.0,294658000.0,-26000.0,459716000.0,1047834000.0,-47000.0,15553000.0,74281000.0,,59092000.0,459716000.0,588118000.0,,651000.0,185273000.0,402845000.0,604000.0,403449000.0,1047834000.0,53500000.0,53440000.0,54698000.0
IPG Photonics Corp,IPGP,5493002KZ51CADQ94G15,1111928,2017.0,Q3TTM,2016-10-01,2017-09-30,,6.93,6.93,6.79,,139963000.0,46557000.0,369762000.0,369762000.0,369791000.0,-29000.0,584501000.0,1327955000.0,559000.0,13733000.0,96389000.0,,78729000.0,584501000.0,743454000.0,,1120000.0,235408000.0,508046000.0,1679000.0,509725000.0,1327955000.0,53500000.0,53440000.0,54698000.0
IPG Photonics Corp,IPGP,5493002KZ51CADQ94G15,1111928,2017.0,Q2,2017-04-01,2017-06-30,2018-08-09 16:14:58+00:00,1.95,1.95,1.91,,37530000.0,12136000.0,104103000.0,104103000.0,104116000.0,-13000.0,163077000.0,369373000.0,23000.0,7183000.0,25960000.0,,19875000.0,163077000.0,206296000.0,,468000.0,65154000.0,141142000.0,491000.0,141633000.0,369373000.0,53400000.0,53380000.0,54471000.0
IPG Photonics Corp,IPGP,5493002KZ51CADQ94G15,1111928,2017.0,Q2YTD,2017-01-01,2017-06-30,,3.35,3.35,3.29,,63858000.0,22963000.0,179035000.0,179035000.0,179061000.0,-26000.0,291656000.0,655219000.0,-506000.0,11636000.0,48740000.0,,37601000.0,291656000.0,363563000.0,,776000.0,120940000.0,242623000.0,270000.0,242893000.0,655219000.0,53400000.0,53380000.0,54471000.0
IPG Photonics Corp,IPGP,5493002KZ51CADQ94G15,1111928,2017.0,Q2TTM,2016-07-01,2017-06-30,,6.07,6.07,5.97,,120430000.0,43633000.0,323392000.0,323392000.0,323429000.0,-37000.0,537667000.0,1201357000.0,294000.0,12721000.0,91391000.0,,74035000.0,537667000.0,663690000.0,,1618000.0,221780000.0,441910000.0,1912000.0,443822000.0,1201357000.0,53400000.0,53380000.0,54471000.0
IPG Photonics Corp,IPGP,5493002KZ51CADQ94G15,1111928,2017.0,Q1,2017-01-01,2017-03-31,2018-05-04 16:05:38+00:00,1.4,1.4,1.38,,26328000.0,10827000.0,74932000.0,74932000.0,74945000.0,-13000.0,128579000.0,285846000.0,-529000.0,4453000.0,22780000.0,,17726000.0,128579000.0,157267000.0,,308000.0,55786000.0,101481000.0,-221000.0,101260000.0,285846000.0,53500000.0,53368000.0,54370000.0
IPG Photonics Corp,IPGP,5493002KZ51CADQ94G15,1111928,2017.0,Q1TTM,2016-04-01,2017-03-31,,5.38,5.38,5.31,,111287000.0,41186000.0,286320000.0,286320000.0,286371000.0,-51000.0,489674000.0,1084771000.0,412000.0,3982000.0,83843000.0,,70311000.0,489674000.0,595097000.0,,1420000.0,199322000.0,395775000.0,1832000.0,397607000.0,1084771000.0,53500000.0,53368000.0,54370000.0
IPG Photonics Corp,IPGP,5493002KZ51CADQ94G15,1111928,2018.0,FY,2018-01-01,2018-12-31,2020-02-24 16:11:54+00:00,7.55,7.55,7.38,0.0,130226000.0,57815000.0,404169000.0,404169000.0,404027000.0,142000.0,659606000.0,1459874000.0,1933000.0,-6150000.0,122769000.0,0.0,102429000.0,659606000.0,800268000.0,,9057000.0,276863000.0,523405000.0,10990000.0,534395000.0,1459874000.0,53500000.0,53522000.0,54726000.0
IPG Photonics Corp,IPGP,5493002KZ51CADQ94G15,1111928,2018.0,Q4,2018-10-01,2018-12-31,,1.42,1.42,1.4,,25399000.0,16284000.0,75466000.0,75466000.0,75559000.0,-93000.0,163304000.0,330051000.0,681000.0,-4661000.0,31501000.0,,27572000.0,163304000.0,166747000.0,,4133000.0,70696000.0,96051000.0,4814000.0,100865000.0,330051000.0,53500000.0,53522000.0,54726000.0
IPG Photonics Corp,IPGP,5493002KZ51CADQ94G15,1111928,2018.0,Q3,2018-07-01,2018-09-30,2019-11-05 16:17:21+00:00,1.88,1.88,1.84,,27418000.0,13479000.0,100752000.0,100752000.0,100517000.0,235000.0,161162000.0,356346000.0,423000.0,1688000.0,30909000.0,,25245000.0,161162000.0,195184000.0,,3884000.0,71321000.0,123863000.0,4307000.0,128170000.0,356346000.0,53500000.0,53571000.0,54696000.0
IPG Photonics Corp,IPGP,5493002KZ51CADQ94G15,1111928,2018.0,Q3YTD,2018-01-01,2018-09-30,,6.13,6.13,5.98,,104827000.0,41531000.0,328703000.0,328703000.0,328468000.0,235000.0,496302000.0,1129823000.0,1252000.0,-1489000.0,91268000.0,,74857000.0,496302000.0,633521000.0,,4924000.0,206167000.0,427354000.0,6176000.0,433530000.0,1129823000.0,53500000.0,53571000.0,54696000.0
IPG Photonics Corp,IPGP,5493002KZ51CADQ94G15,1111928,2018.0,Q3TTM,2017-10-01,2018-09-30,,7.12,7.12,6.94,,200293000.0,54985000.0,381659000.0,381659000.0,381424000.0,235000.0,648564000.0,1490878000.0,1321000.0,-2582000.0,117857000.0,,96433000.0,648564000.0,842314000.0,,5010000.0,266693000.0,575621000.0,6331000.0,581952000.0,1490878000.0,53500000.0,53571000.0,54696000.0
IPG Photonics Corp,IPGP,5493002KZ51CADQ94G15,1111928,2018.0,Q2,2018-04-01,2018-06-30,2019-08-06 16:10:34+00:00,2.27,2.27,2.21,,41889000.0,14536000.0,121617000.0,121617000.0,121617000.0,0.0,178638000.0,413613000.0,386000.0,2118000.0,31813000.0,,24117000.0,178638000.0,234975000.0,,729000.0,72584000.0,162391000.0,1115000.0,163506000.0,413613000.0,53600000.0,53662000.0,54992000.0
IPG Photonics Corp,IPGP,5493002KZ51CADQ94G15,1111928,2018.0,Q2YTD,2018-01-01,2018-06-30,,4.25,4.25,4.14,,77409000.0,28052000.0,227951000.0,227951000.0,227951000.0,,335140000.0,773477000.0,829000.0,-3177000.0,60359000.0,,49612000.0,335140000.0,438337000.0,,1040000.0,134846000.0,303491000.0,1869000.0,305360000.0,773477000.0,53600000.0,53662000.0,54992000.0
IPG Photonics Corp,IPGP,5493002KZ51CADQ94G15,1111928,2018.0,Q2TTM,2017-07-01,2018-06-30,,7.4,7.4,7.21,,217834000.0,54890000.0,396504000.0,396504000.0,396504000.0,,655462000.0,1527147000.0,1357000.0,-353000.0,112489000.0,,92679000.0,655462000.0,871685000.0,,1001000.0,259705000.0,611980000.0,2358000.0,614338000.0,1527147000.0,53600000.0,53662000.0,54992000.0
IPG Photonics Corp,IPGP,5493002KZ51CADQ94G15,1111928,2018.0,Q1,2018-01-01,2018-03-31,2019-05-08 16:08:40+00:00,1.98,1.98,1.93,,35520000.0,13516000.0,106334000.0,106334000.0,106334000.0,0.0,156502000.0,359864000.0,443000.0,-5295000.0,28546000.0,,25495000.0,156502000.0,203362000.0,,311000.0,62262000.0,141100000.0,754000.0,141854000.0,359864000.0,53700000.0,53694000.0,55182000.0
IPG Photonics Corp,IPGP,5493002KZ51CADQ94G15,1111928,2018.0,Q1TTM,2017-04-01,2018-03-31,,7.08,7.08,6.91,,213475000.0,52490000.0,378990000.0,378990000.0,379003000.0,-13000.0,639901000.0,1482907000.0,994000.0,4712000.0,106636000.0,,88437000.0,639901000.0,843006000.0,,740000.0,252275000.0,590731000.0,1734000.0,592465000.0,1482907000.0,53700000.0,53694000.0,55182000.0
IPG Photonics Corp,IPGP,5493002KZ51CADQ94G15,1111928,2019.0,Q4,2019-10-01,2019-12-31,,-0.08,-0.08,-0.08,37120000.0,7263000.0,18838000.0,-4303000.0,-4303000.0,-4450000.0,147000.0,182424000.0,306627000.0,216000.0,5332000.0,30469000.0,7130000.0,25071000.0,182424000.0,124203000.0,,2501000.0,123960000.0,243000.0,2717000.0,2960000.0,306627000.0,53000000.0,53061000.0,53839000.0
IPG Photonics Corp,IPGP,5493002KZ51CADQ94G15,1111928,2019.0,FY,2019-01-01,2019-12-31,2020-02-24 16:11:54+00:00,3.4,3.4,3.35,37120000.0,68115000.0,77745000.0,180261000.0,180261000.0,180234000.0,27000.0,708372000.0,1314581000.0,345000.0,12827000.0,129997000.0,7130000.0,107597000.0,708372000.0,606209000.0,,14238000.0,372416000.0,233793000.0,14583000.0,248376000.0,1314581000.0,53000000.0,53061000.0,53839000.0
IPG Photonics Corp,IPGP,5493002KZ51CADQ94G15,1111928,2019.0,Q3YTD,2019-01-01,2019-09-30,,3.48,3.48,3.43,,60852000.0,58907000.0,184564000.0,184564000.0,184684000.0,-120000.0,525948000.0,1007954000.0,129000.0,7495000.0,99528000.0,,82526000.0,525948000.0,482006000.0,,11737000.0,248456000.0,233550000.0,11866000.0,245416000.0,1007954000.0,53000000.0,52928000.0,53622000.0
IPG Photonics Corp,IPGP,5493002KZ51CADQ94G15,1111928,2019.0,Q3TTM,2018-10-01,2019-09-30,,4.9,4.9,4.83,,86251000.0,75191000.0,260030000.0,260030000.0,260243000.0,-213000.0,689252000.0,1338005000.0,810000.0,2834000.0,131029000.0,,110098000.0,689252000.0,648753000.0,,15870000.0,319152000.0,329601000.0,16680000.0,346281000.0,1338005000.0,53000000.0,52928000.0,53622000.0
IPG Photonics Corp,IPGP,5493002KZ51CADQ94G15,1111928,2019.0,Q3,2019-07-01,2019-09-30,2019-11-05 16:17:21+00:00,1.08,1.08,1.07,,20232000.0,18969000.0,57127000.0,57127000.0,57253000.0,-126000.0,176280000.0,329138000.0,-520000.0,808000.0,32160000.0,,26776000.0,176280000.0,152858000.0,,3734000.0,78713000.0,74145000.0,3214000.0,77359000.0,329138000.0,53000000.0,52928000.0,53622000.0
IPG Photonics Corp,IPGP,5493002KZ51CADQ94G15,1111928,2019.0,Q2YTD,2019-01-01,2019-06-30,,2.4,2.4,2.36,,40620000.0,39938000.0,127437000.0,127437000.0,127431000.0,6000.0,349668000.0,678816000.0,649000.0,6687000.0,67368000.0,,55750000.0,349668000.0,329148000.0,,8003000.0,169743000.0,159405000.0,8652000.0,168057000.0,678816000.0,53100000.0,53042000.0,53848000.0
IPG Photonics Corp,IPGP,5493002KZ51CADQ94G15,1111928,2019.0,Q2TTM,2018-07-01,2019-06-30,,5.7,5.7,5.6,,93437000.0,69701000.0,303655000.0,303655000.0,303507000.0,148000.0,674134000.0,1365213000.0,1753000.0,3714000.0,129778000.0,,108567000.0,674134000.0,691079000.0,,16020000.0,311760000.0,379319000.0,17773000.0,397092000.0,1365213000.0,53100000.0,53042000.0,53848000.0
IPG Photonics Corp,IPGP,5493002KZ51CADQ94G15,1111928,2019.0,Q2,2019-04-01,2019-06-30,2019-08-06 16:10:34+00:00,1.36,1.36,1.34,,23278000.0,20663000.0,72521000.0,72521000.0,72272000.0,249000.0,183532000.0,363769000.0,658000.0,5074000.0,34872000.0,,28538000.0,183532000.0,180237000.0,,4051000.0,89147000.0,91090000.0,4709000.0,95799000.0,363769000.0,53100000.0,53042000.0,53848000.0
IPG Photonics Corp,IPGP,5493002KZ51CADQ94G15,1111928,2019.0,Q1,2019-01-01,2019-03-31,2020-05-05 16:07:33+00:00,1.04,1.04,1.02,,17342000.0,19275000.0,54916000.0,54916000.0,55159000.0,-243000.0,166136000.0,315047000.0,-9000.0,1613000.0,32496000.0,,27212000.0,166136000.0,148911000.0,,3952000.0,80596000.0,68315000.0,3943000.0,72258000.0,315047000.0,53000000.0,53001000.0,53874000.0
IPG Photonics Corp,IPGP,5493002KZ51CADQ94G15,1111928,2019.0,Q1TTM,2018-04-01,2019-03-31,,6.61,6.61,6.47,,112048000.0,63574000.0,352751000.0,352751000.0,352852000.0,-101000.0,669240000.0,1415057000.0,1481000.0,758000.0,126719000.0,,104146000.0,669240000.0,745817000.0,,12698000.0,295197000.0,450620000.0,14179000.0,464799000.0,1415057000.0,53000000.0,53001000.0,53874000.0
IPG Photonics Corp,IPGP,5493002KZ51CADQ94G15,1111928,2020.0,Q1TTM,2019-04-01,2020-03-31,,3.05,3.05,3.01,37120000.0,62067000.0,77153000.0,162111000.0,162111000.0,161478000.0,633000.0,688602000.0,1248776000.0,545000.0,-8351000.0,129339000.0,7130000.0,107509000.0,688602000.0,560174000.0,,13359000.0,349900000.0,210274000.0,13904000.0,224178000.0,1248776000.0,52800000.0,53075000.0,53676000.0
IPG Photonics Corp,IPGP,5493002KZ51CADQ94G15,1111928,2020.0,Q1,2020-01-01,2020-03-31,2020-05-05 16:07:33+00:00,0.69,0.69,0.68,,11294000.0,18683000.0,36766000.0,36766000.0,36403000.0,363000.0,146366000.0,249242000.0,191000.0,-19565000.0,31838000.0,,27124000.0,146366000.0,102876000.0,,3073000.0,58080000.0,44796000.0,3264000.0,48060000.0,249242000.0,52800000.0,53075000.0,53676000.0
