company_name,company_ticker,company_lei,company_cik,year,quarter,start_date,end_date,filing_date,basicdilutedeps,basiceps,cashdividendspershare,dilutedeps,impairmentexpense,incometaxexpense,netincome,netincomecontinuing,netincomediscontinued,netincometocommon,operatingcostofrevenue,operatingrevenue,otherincome,otheroperatingexpenses,sgaexpense,totalcostofrevenue,totalgrossprofit,totalinterestexpense,totaloperatingexpenses,totaloperatingincome,totalotherincome,totalpretaxincome,totalrevenue,weightedavebasicdilutedsharesos,weightedavebasicsharesos,weightedavedilutedsharesos
Automatic Data Processing Inc,ADP,HGBOLILQXWER4SAL2I23,8670,2008.0,FY,2007-07-01,2008-06-30,2010-08-25 15:19:46+00:00,2.37,2.37,1.1,2.34,,647700000.0,1235700000.0,1155700000.0,80000000.0,1235700000.0,4657200000.0,8733700000.0,166500000.0,,2359100000.0,4657200000.0,4076500000.0,80500000.0,2359100000.0,1717400000.0,86000000.0,1803400000.0,8733700000.0,521400000.0,521500000.0,527200000.0
Automatic Data Processing Inc,ADP,HGBOLILQXWER4SAL2I23,8670,2009.0,FY,2008-07-01,2009-06-30,2010-08-25 15:19:46+00:00,2.65,2.65,1.28,2.63,,575000000.0,1332600000.0,1325100000.0,7500000.0,1332600000.0,4822700000.0,8838400000.0,108000000.0,,2190300000.0,4822700000.0,4015700000.0,33300000.0,2190300000.0,1825400000.0,74700000.0,1900100000.0,8838400000.0,502900000.0,503200000.0,505800000.0
Automatic Data Processing Inc,ADP,HGBOLILQXWER4SAL2I23,8670,2009.0,Q4,2009-04-01,2009-06-30,,0.7,0.7,0.33,0.7,,12500000.0,352700000.0,344600000.0,8100000.0,352700000.0,1183800000.0,2084900000.0,31100000.0,,571600000.0,1183800000.0,901100000.0,3500000.0,571600000.0,329500000.0,27600000.0,357100000.0,2084900000.0,502900000.0,503200000.0,505800000.0
Automatic Data Processing Inc,ADP,HGBOLILQXWER4SAL2I23,8670,2009.0,Q3YTD,2008-07-01,2009-03-31,,1.95,1.95,0.95,1.93,,562500000.0,979900000.0,980500000.0,-600000.0,979900000.0,3638900000.0,6753500000.0,76900000.0,,1618700000.0,3638900000.0,3114600000.0,29800000.0,1618700000.0,1495900000.0,47100000.0,1543000000.0,6753500000.0,503100000.0,501200000.0,502400000.0
Automatic Data Processing Inc,ADP,HGBOLILQXWER4SAL2I23,8670,2009.0,Q3,2009-01-01,2009-03-31,2010-05-06 16:13:23+00:00,0.8,0.8,0.33,0.8,,226400000.0,402500000.0,402100000.0,400000.0,402500000.0,1214700000.0,2368700000.0,-4100000.0,,518900000.0,1214700000.0,1154000000.0,2500000.0,518900000.0,635100000.0,-6600000.0,628500000.0,2368700000.0,503100000.0,501200000.0,502400000.0
Automatic Data Processing Inc,ADP,HGBOLILQXWER4SAL2I23,8670,2009.0,Q2YTD,2008-07-01,2008-12-31,,1.15,1.15,0.62,1.13,,336100000.0,577400000.0,578400000.0,-1000000.0,577400000.0,2424200000.0,4384800000.0,81000000.0,,1099800000.0,2424200000.0,1960600000.0,27300000.0,1099800000.0,860800000.0,53700000.0,914500000.0,4384800000.0,500800000.0,503400000.0,506100000.0
Automatic Data Processing Inc,ADP,HGBOLILQXWER4SAL2I23,8670,2009.0,Q2,2008-10-01,2008-12-31,2010-02-09 16:49:02+00:00,0.6,0.6,0.33,0.59,,172800000.0,300500000.0,300400000.0,100000.0,300500000.0,1187500000.0,2203300000.0,38600000.0,,573100000.0,1187500000.0,1015800000.0,8100000.0,573100000.0,442700000.0,30500000.0,473200000.0,2203300000.0,500800000.0,503400000.0,506100000.0
Automatic Data Processing Inc,ADP,HGBOLILQXWER4SAL2I23,8670,2009.0,Q1,2008-07-01,2008-09-30,2009-11-06 17:04:43+00:00,0.55,0.55,0.29,0.54,,163300000.0,276900000.0,278000000.0,-1100000.0,276900000.0,1236700000.0,2181500000.0,42400000.0,,526700000.0,1236700000.0,944800000.0,19200000.0,526700000.0,418100000.0,23200000.0,441300000.0,2181500000.0,503500000.0,507500000.0,513500000.0
Automatic Data Processing Inc,ADP,HGBOLILQXWER4SAL2I23,8670,2010.0,Q4,2010-04-01,2010-06-30,,0.42,0.42,0.34,0.42,,97000000.0,207900000.0,205800000.0,2100000.0,207900000.0,1274400000.0,2177300000.0,11300000.0,,609700000.0,1274400000.0,902900000.0,1700000.0,609700000.0,293200000.0,9600000.0,302800000.0,2177300000.0,500600000.0,500500000.0,503700000.0
Automatic Data Processing Inc,ADP,HGBOLILQXWER4SAL2I23,8670,2010.0,FY,2009-07-01,2010-06-30,2012-08-20 17:18:30+00:00,2.42,2.42,1.35,2.4,,655900000.0,1211400000.0,1207300000.0,4100000.0,1211400000.0,5029700000.0,8927700000.0,101200000.0,,2127400000.0,5029700000.0,3898000000.0,8600000.0,2127400000.0,1770600000.0,92600000.0,1863200000.0,8927700000.0,500600000.0,500500000.0,503700000.0
Automatic Data Processing Inc,ADP,HGBOLILQXWER4SAL2I23,8670,2010.0,Q3,2010-01-01,2010-03-31,2010-05-06 16:13:23+00:00,0.8,0.8,0.34,0.8,,231400000.0,403600000.0,401600000.0,2000000.0,403600000.0,1330700000.0,2443200000.0,26600000.0,,504900000.0,1330700000.0,1112500000.0,1200000.0,504900000.0,607600000.0,25400000.0,633000000.0,2443200000.0,504500000.0,502400000.0,505500000.0
Automatic Data Processing Inc,ADP,HGBOLILQXWER4SAL2I23,8670,2010.0,Q3YTD,2009-07-01,2010-03-31,,2.0,2.0,1.01,1.98,,558900000.0,1003500000.0,1001500000.0,2000000.0,1003500000.0,3755300000.0,6750400000.0,89900000.0,,1517700000.0,3755300000.0,2995100000.0,6900000.0,1517700000.0,1477400000.0,83000000.0,1560400000.0,6750400000.0,504500000.0,502400000.0,505500000.0
Automatic Data Processing Inc,ADP,HGBOLILQXWER4SAL2I23,8670,2010.0,Q3TTM,2009-04-01,2010-03-31,,2.7,2.7,1.34,2.68,,571400000.0,1356200000.0,1346100000.0,10100000.0,1356200000.0,4939100000.0,8835300000.0,121000000.0,,2089300000.0,4939100000.0,3896200000.0,10400000.0,2089300000.0,1806900000.0,110600000.0,1917500000.0,8835300000.0,504500000.0,502400000.0,505500000.0
Automatic Data Processing Inc,ADP,HGBOLILQXWER4SAL2I23,8670,2010.0,Q2,2009-10-01,2009-12-31,2010-02-09 16:49:02+00:00,0.63,0.63,0.34,0.62,,164300000.0,315800000.0,315800000.0,0.0,315800000.0,1231300000.0,2204400000.0,29600000.0,,520100000.0,1231300000.0,973100000.0,2500000.0,520100000.0,453000000.0,27100000.0,480100000.0,2204400000.0,501300000.0,502000000.0,506200000.0
Automatic Data Processing Inc,ADP,HGBOLILQXWER4SAL2I23,8670,2010.0,Q2YTD,2009-07-01,2009-12-31,,1.2,1.2,0.67,1.18,,327500000.0,599900000.0,599900000.0,,599900000.0,2424600000.0,4307200000.0,63300000.0,,1012800000.0,2424600000.0,1882600000.0,5700000.0,1012800000.0,869800000.0,57600000.0,927400000.0,4307200000.0,501300000.0,502000000.0,506200000.0
Automatic Data Processing Inc,ADP,HGBOLILQXWER4SAL2I23,8670,2010.0,Q2TTM,2009-01-01,2009-12-31,,2.7,2.7,1.33,2.68,,566400000.0,1355100000.0,1346600000.0,8500000.0,1355100000.0,4823100000.0,8760800000.0,90300000.0,,2103300000.0,4823100000.0,3937700000.0,11700000.0,2103300000.0,1834400000.0,78600000.0,1913000000.0,8760800000.0,501300000.0,502000000.0,506200000.0
Automatic Data Processing Inc,ADP,HGBOLILQXWER4SAL2I23,8670,2010.0,Q1,2009-07-01,2009-09-30,2009-11-06 17:04:43+00:00,0.57,0.57,0.33,0.56,,163200000.0,284100000.0,284100000.0,0.0,284100000.0,1193300000.0,2102800000.0,33700000.0,,492700000.0,1193300000.0,909500000.0,3200000.0,492700000.0,416800000.0,30500000.0,447300000.0,2102800000.0,498400000.0,501400000.0,503700000.0
Automatic Data Processing Inc,ADP,HGBOLILQXWER4SAL2I23,8670,2010.0,Q1TTM,2008-10-01,2009-09-30,,2.67,2.67,1.32,2.65,,574900000.0,1339800000.0,1331200000.0,8600000.0,1339800000.0,4779300000.0,8759700000.0,99300000.0,,2156300000.0,4779300000.0,3980400000.0,17300000.0,2156300000.0,1824100000.0,82000000.0,1906100000.0,8759700000.0,498400000.0,501400000.0,503700000.0
Automatic Data Processing Inc,ADP,HGBOLILQXWER4SAL2I23,8670,2011.0,Q4,2011-04-01,2011-06-30,,0.49,0.49,0.7,0.49,,111400000.0,241800000.0,232600000.0,9200000.0,241800000.0,1495600000.0,2460600000.0,32300000.0,,651600000.0,1495600000.0,965000000.0,1700000.0,651600000.0,313400000.0,30600000.0,344000000.0,2460600000.0,493800000.0,493500000.0,498300000.0
Automatic Data Processing Inc,ADP,HGBOLILQXWER4SAL2I23,8670,2011.0,FY,2010-07-01,2011-06-30,2013-08-19 12:00:04+00:00,2.54,2.54,1.42,2.52,0.0,673000000.0,1254200000.0,1245000000.0,9200000.0,1254200000.0,5708400000.0,9833000000.0,116600000.0,,2314600000.0,5708400000.0,4124600000.0,8600000.0,2314600000.0,1810000000.0,108000000.0,1918000000.0,9833000000.0,493800000.0,493500000.0,498300000.0
Automatic Data Processing Inc,ADP,HGBOLILQXWER4SAL2I23,8670,2011.0,Q3,2011-01-01,2011-03-31,2012-05-04 12:59:31+00:00,0.85,0.85,0.36,0.85,,229200000.0,423800000.0,423800000.0,,423800000.0,1520600000.0,2737300000.0,15000000.0,,577300000.0,1520600000.0,1216700000.0,1400000.0,577300000.0,639400000.0,13600000.0,653000000.0,2737300000.0,498600000.0,496200000.0,501300000.0
Automatic Data Processing Inc,ADP,HGBOLILQXWER4SAL2I23,8670,2011.0,Q3YTD,2010-07-01,2011-03-31,,2.05,2.05,0.72,2.03,,561600000.0,1012400000.0,1012400000.0,,1012400000.0,4212800000.0,7372400000.0,84300000.0,,1663000000.0,4212800000.0,3159600000.0,6900000.0,1663000000.0,1496600000.0,77400000.0,1574000000.0,7372400000.0,498600000.0,496200000.0,501300000.0
Automatic Data Processing Inc,ADP,HGBOLILQXWER4SAL2I23,8670,2011.0,Q3TTM,2010-04-01,2011-03-31,,2.47,2.47,1.06,2.45,,658600000.0,1220300000.0,1218200000.0,2100000.0,1220300000.0,5487200000.0,9549700000.0,95600000.0,,2272700000.0,5487200000.0,4062500000.0,8600000.0,2272700000.0,1789800000.0,87000000.0,1876800000.0,9549700000.0,498600000.0,496200000.0,501300000.0
Automatic Data Processing Inc,ADP,HGBOLILQXWER4SAL2I23,8670,2011.0,Q2,2010-10-01,2010-12-31,2012-02-07 16:10:28+00:00,0.63,0.63,0.36,0.62,,174500000.0,310100000.0,310100000.0,,310100000.0,1380300000.0,2405700000.0,32100000.0,,570100000.0,1380300000.0,1025400000.0,2800000.0,570100000.0,455300000.0,29300000.0,484600000.0,2405700000.0,492200000.0,492000000.0,496900000.0
Automatic Data Processing Inc,ADP,HGBOLILQXWER4SAL2I23,8670,2011.0,Q2YTD,2010-07-01,2010-12-31,,1.2,1.2,0.36,1.18,,332400000.0,588600000.0,588600000.0,,588600000.0,2692200000.0,4635100000.0,69300000.0,,1085700000.0,2692200000.0,1942900000.0,5500000.0,1085700000.0,857200000.0,63800000.0,921000000.0,4635100000.0,492200000.0,492000000.0,496900000.0
Automatic Data Processing Inc,ADP,HGBOLILQXWER4SAL2I23,8670,2011.0,Q2TTM,2010-01-01,2010-12-31,,2.42,2.42,1.04,2.4,,660800000.0,1200100000.0,1196000000.0,4100000.0,1200100000.0,5297300000.0,9255600000.0,107200000.0,,2200300000.0,5297300000.0,3958300000.0,8400000.0,2200300000.0,1758000000.0,98800000.0,1856800000.0,9255600000.0,492200000.0,492000000.0,496900000.0
Automatic Data Processing Inc,ADP,HGBOLILQXWER4SAL2I23,8670,2011.0,Q1,2010-07-01,2010-09-30,2011-11-04 12:01:04+00:00,0.57,0.57,,0.56,,157900000.0,278500000.0,278500000.0,,278500000.0,1311900000.0,2229400000.0,37200000.0,,515600000.0,1311900000.0,917500000.0,2700000.0,515600000.0,401900000.0,34500000.0,436400000.0,2229400000.0,488600000.0,491400000.0,494900000.0
Automatic Data Processing Inc,ADP,HGBOLILQXWER4SAL2I23,8670,2011.0,Q1TTM,2009-10-01,2010-09-30,,2.42,2.42,1.02,2.4,,650600000.0,1205800000.0,1201700000.0,4100000.0,1205800000.0,5148300000.0,9054300000.0,104700000.0,,2150300000.0,5148300000.0,3906000000.0,8100000.0,2150300000.0,1755700000.0,96600000.0,1852300000.0,9054300000.0,488600000.0,491400000.0,494900000.0
Automatic Data Processing Inc,ADP,HGBOLILQXWER4SAL2I23,8670,2012.0,Q4,2012-04-01,2012-06-30,,0.53,0.53,0.76,0.53,,132000000.0,258400000.0,245100000.0,13300000.0,258400000.0,1553200000.0,2566800000.0,29900000.0,,664100000.0,1553200000.0,1013600000.0,2300000.0,664100000.0,349500000.0,27600000.0,377100000.0,2566800000.0,487200000.0,487300000.0,492200000.0
Automatic Data Processing Inc,ADP,HGBOLILQXWER4SAL2I23,8670,2012.0,FY,2011-07-01,2012-06-30,2014-08-08 13:50:03+00:00,2.85,2.85,1.55,2.82,0.0,726500000.0,1388500000.0,1375200000.0,13300000.0,1388500000.0,6203900000.0,10595400000.0,170800000.0,0.0,2452900000.0,6203900000.0,4391500000.0,7700000.0,2452900000.0,1938600000.0,163100000.0,2101700000.0,10595400000.0,487200000.0,487300000.0,492200000.0
Automatic Data Processing Inc,ADP,HGBOLILQXWER4SAL2I23,8670,2012.0,Q3,2012-01-01,2012-03-31,2012-05-04 12:59:31+00:00,0.93,0.93,0.395,0.92,,233200000.0,452400000.0,452400000.0,,452400000.0,1624700000.0,2923100000.0,10500000.0,,622100000.0,1624700000.0,1298400000.0,1200000.0,622100000.0,676300000.0,9300000.0,685600000.0,2923100000.0,486500000.0,488500000.0,493200000.0
Automatic Data Processing Inc,ADP,HGBOLILQXWER4SAL2I23,8670,2012.0,Q3YTD,2011-07-01,2012-03-31,,2.32,2.32,0.79,2.29,,594500000.0,1130100000.0,1130100000.0,,1130100000.0,4650700000.0,8028600000.0,140900000.0,,1788800000.0,4650700000.0,3377900000.0,5400000.0,1788800000.0,1589100000.0,135500000.0,1724600000.0,8028600000.0,486500000.0,488500000.0,493200000.0
Automatic Data Processing Inc,ADP,HGBOLILQXWER4SAL2I23,8670,2012.0,Q3TTM,2011-04-01,2012-03-31,,2.81,2.81,1.49,2.78,,705900000.0,1371900000.0,1362700000.0,9200000.0,1371900000.0,6146300000.0,10489200000.0,173200000.0,,2440400000.0,6146300000.0,4342900000.0,7100000.0,2440400000.0,1902500000.0,166100000.0,2068600000.0,10489200000.0,486500000.0,488500000.0,493200000.0
Automatic Data Processing Inc,ADP,HGBOLILQXWER4SAL2I23,8670,2012.0,Q2,2011-10-01,2011-12-31,2012-02-07 16:10:28+00:00,0.77,0.77,0.395,0.76,,204700000.0,375000000.0,375000000.0,,375000000.0,1519900000.0,2583000000.0,96200000.0,,577500000.0,1519900000.0,1063100000.0,2100000.0,577500000.0,485600000.0,94100000.0,579700000.0,2583000000.0,487000000.0,486700000.0,492400000.0
Automatic Data Processing Inc,ADP,HGBOLILQXWER4SAL2I23,8670,2012.0,Q2YTD,2011-07-01,2011-12-31,,1.39,1.39,0.4,1.37,,361300000.0,677700000.0,677700000.0,,677700000.0,3026000000.0,5105500000.0,130400000.0,,1166700000.0,3026000000.0,2079500000.0,4200000.0,1166700000.0,912800000.0,126200000.0,1039000000.0,5105500000.0,487000000.0,486700000.0,492400000.0
Automatic Data Processing Inc,ADP,HGBOLILQXWER4SAL2I23,8670,2012.0,Q2TTM,2011-01-01,2011-12-31,,2.73,2.73,1.46,2.71,,701900000.0,1343300000.0,1334100000.0,9200000.0,1343300000.0,6042200000.0,10303400000.0,177700000.0,,2395600000.0,6042200000.0,4261200000.0,7300000.0,2395600000.0,1865600000.0,170400000.0,2036000000.0,10303400000.0,487000000.0,486700000.0,492400000.0
Automatic Data Processing Inc,ADP,HGBOLILQXWER4SAL2I23,8670,2012.0,Q1,2011-07-01,2011-09-30,2011-11-04 12:01:04+00:00,0.62,0.62,,0.61,,156600000.0,302700000.0,302700000.0,,302700000.0,1506100000.0,2522500000.0,34200000.0,,589200000.0,1506100000.0,1016400000.0,2100000.0,589200000.0,427200000.0,32100000.0,459300000.0,2522500000.0,488200000.0,487900000.0,493300000.0
Automatic Data Processing Inc,ADP,HGBOLILQXWER4SAL2I23,8670,2012.0,Q1TTM,2010-10-01,2011-09-30,,2.59,2.59,1.42,2.57,,671700000.0,1278400000.0,1269200000.0,9200000.0,1278400000.0,5902600000.0,10126100000.0,113600000.0,,2388200000.0,5902600000.0,4223500000.0,8000000.0,2388200000.0,1835300000.0,105600000.0,1940900000.0,10126100000.0,488200000.0,487900000.0,493300000.0
Automatic Data Processing Inc,ADP,HGBOLILQXWER4SAL2I23,8670,2013.0,Q4,2013-04-01,2013-06-30,,0.47,0.47,0.43,0.47,42700000.0,136000000.0,226900000.0,220900000.0,6000000.0,226900000.0,1681800000.0,2788000000.0,22100000.0,,726900000.0,1681800000.0,1106200000.0,1800000.0,769600000.0,336600000.0,20300000.0,356900000.0,2788000000.0,483000000.0,482700000.0,487100000.0
Automatic Data Processing Inc,ADP,HGBOLILQXWER4SAL2I23,8670,2013.0,FY,2012-07-01,2013-06-30,2014-08-08 13:50:03+00:00,2.91,2.91,1.7,2.89,42700000.0,718000000.0,1405800000.0,1358100000.0,47700000.0,1405800000.0,6638500000.0,11287600000.0,96200000.0,0.0,2617400000.0,6638500000.0,4649100000.0,9100000.0,2660100000.0,1989000000.0,87100000.0,2076100000.0,11287600000.0,483000000.0,482700000.0,487100000.0
Automatic Data Processing Inc,ADP,HGBOLILQXWER4SAL2I23,8670,2013.0,Q3,2013-01-01,2013-03-31,2013-05-03 12:02:06+00:00,1.0,1.0,0.435,0.99,,242100000.0,482700000.0,482700000.0,0.0,482700000.0,1745900000.0,3114300000.0,12000000.0,,654400000.0,1745900000.0,1368400000.0,1200000.0,654400000.0,714000000.0,10800000.0,724800000.0,3114300000.0,482700000.0,482700000.0,486500000.0
Automatic Data Processing Inc,ADP,HGBOLILQXWER4SAL2I23,8670,2013.0,Q3YTD,2012-07-01,2013-03-31,,2.44,2.44,1.27,2.42,,582000000.0,1178900000.0,1137200000.0,41700000.0,1178900000.0,4956700000.0,8499600000.0,74100000.0,,1890500000.0,4956700000.0,3542900000.0,7300000.0,1890500000.0,1652400000.0,66800000.0,1719200000.0,8499600000.0,482700000.0,482700000.0,486500000.0
Automatic Data Processing Inc,ADP,HGBOLILQXWER4SAL2I23,8670,2013.0,Q3TTM,2012-04-01,2013-03-31,,2.97,2.97,2.03,2.95,,714000000.0,1437300000.0,1382300000.0,55000000.0,1437300000.0,6509900000.0,11066400000.0,104000000.0,,2554600000.0,6509900000.0,4556500000.0,9600000.0,2554600000.0,2001900000.0,94400000.0,2096300000.0,11066400000.0,482700000.0,482700000.0,486500000.0
Automatic Data Processing Inc,ADP,HGBOLILQXWER4SAL2I23,8670,2013.0,Q2,2012-10-01,2012-12-31,2013-02-06 12:41:25+00:00,0.81,0.81,0.435,0.8,,176800000.0,390900000.0,352000000.0,38900000.0,390900000.0,1624300000.0,2747800000.0,33000000.0,,624700000.0,1624300000.0,1123500000.0,3000000.0,624700000.0,498800000.0,30000000.0,528800000.0,2747800000.0,482600000.0,482100000.0,486800000.0
Automatic Data Processing Inc,ADP,HGBOLILQXWER4SAL2I23,8670,2013.0,Q2YTD,2012-07-01,2012-12-31,,1.44,1.44,0.83,1.43,,339900000.0,696200000.0,654500000.0,41700000.0,696200000.0,3210800000.0,5385300000.0,62100000.0,,1236100000.0,3210800000.0,2174500000.0,6100000.0,1236100000.0,938400000.0,56000000.0,994400000.0,5385300000.0,482600000.0,482100000.0,486800000.0
Automatic Data Processing Inc,ADP,HGBOLILQXWER4SAL2I23,8670,2013.0,Q2TTM,2012-01-01,2012-12-31,,2.9,2.9,1.99,2.88,,705100000.0,1407000000.0,1352000000.0,55000000.0,1407000000.0,6388700000.0,10875200000.0,102500000.0,,2522300000.0,6388700000.0,4486500000.0,9600000.0,2522300000.0,1964200000.0,92900000.0,2057100000.0,10875200000.0,482600000.0,482100000.0,486800000.0
Automatic Data Processing Inc,ADP,HGBOLILQXWER4SAL2I23,8670,2013.0,Q1,2012-07-01,2012-09-30,2012-11-02 09:22:33+00:00,0.63,0.63,0.395,0.63,,163100000.0,305300000.0,302500000.0,2800000.0,305300000.0,1586500000.0,2637500000.0,29100000.0,,611400000.0,1586500000.0,1051000000.0,3100000.0,611400000.0,439600000.0,26000000.0,465600000.0,2637500000.0,484600000.0,483500000.0,488400000.0
Automatic Data Processing Inc,ADP,HGBOLILQXWER4SAL2I23,8670,2013.0,Q1TTM,2011-10-01,2012-09-30,,2.86,2.86,1.95,2.84,,733000000.0,1391100000.0,1375000000.0,16100000.0,1391100000.0,6284300000.0,10710400000.0,165700000.0,,2475100000.0,6284300000.0,4426100000.0,8700000.0,2475100000.0,1951000000.0,157000000.0,2108000000.0,10710400000.0,484600000.0,483500000.0,488400000.0
Automatic Data Processing Inc,ADP,HGBOLILQXWER4SAL2I23,8670,2014.0,FY,2013-07-01,2014-06-30,2016-08-05 15:09:42+00:00,3.17,3.17,1.88,3.14,,636600000.0,1515900000.0,1242600000.0,273300000.0,1515900000.0,6041000000.0,10226400000.0,70200000.0,,2370300000.0,6041000000.0,4185400000.0,6100000.0,2370300000.0,1815100000.0,64100000.0,1879200000.0,10226400000.0,478200000.0,478900000.0,483100000.0
Automatic Data Processing Inc,ADP,HGBOLILQXWER4SAL2I23,8670,2014.0,Q4,2014-04-01,2014-06-30,,0.61,0.61,0.48,0.6,,24400000.0,288700000.0,26600000.0,262100000.0,288700000.0,659800000.0,1084000000.0,11000000.0,,382900000.0,659800000.0,424200000.0,1300000.0,382900000.0,41300000.0,9700000.0,51000000.0,1084000000.0,478200000.0,478900000.0,483100000.0
Automatic Data Processing Inc,ADP,HGBOLILQXWER4SAL2I23,8670,2014.0,Q3,2014-01-01,2014-03-31,2014-05-01 16:01:05+00:00,1.09,1.09,0.48,1.08,,259400000.0,521600000.0,510400000.0,11200000.0,521600000.0,1884400000.0,3320000000.0,8300000.0,,673200000.0,1884400000.0,1435600000.0,900000.0,673200000.0,762400000.0,7400000.0,769800000.0,3320000000.0,478500000.0,478900000.0,483000000.0
Automatic Data Processing Inc,ADP,HGBOLILQXWER4SAL2I23,8670,2014.0,Q3YTD,2013-07-01,2014-03-31,,2.56,2.56,1.4,2.54,,612200000.0,1227200000.0,1216000000.0,11200000.0,1227200000.0,5381200000.0,9142400000.0,59200000.0,,1987400000.0,5381200000.0,3761200000.0,4800000.0,1987400000.0,1773800000.0,54400000.0,1828200000.0,9142400000.0,478500000.0,478900000.0,483000000.0
Automatic Data Processing Inc,ADP,HGBOLILQXWER4SAL2I23,8670,2014.0,Q3TTM,2013-04-01,2014-03-31,,3.03,3.03,1.83,3.01,42700000.0,748200000.0,1454100000.0,1436900000.0,17200000.0,1454100000.0,7063000000.0,11930400000.0,81300000.0,,2714300000.0,7063000000.0,4867400000.0,6600000.0,2757000000.0,2110400000.0,74700000.0,2185100000.0,11930400000.0,478500000.0,478900000.0,483000000.0
Automatic Data Processing Inc,ADP,HGBOLILQXWER4SAL2I23,8670,2014.0,Q2,2013-10-01,2013-12-31,2014-02-05 14:38:57+00:00,0.79,0.79,0.48,0.78,,184100000.0,377000000.0,377000000.0,0.0,377000000.0,1772400000.0,2982800000.0,28300000.0,,675600000.0,1772400000.0,1210400000.0,2000000.0,675600000.0,534800000.0,26300000.0,561100000.0,2982800000.0,477200000.0,478400000.0,482800000.0
Automatic Data Processing Inc,ADP,HGBOLILQXWER4SAL2I23,8670,2014.0,Q2YTD,2013-07-01,2013-12-31,,1.47,1.47,0.92,1.46,,352800000.0,705600000.0,705600000.0,,705600000.0,3496800000.0,5822400000.0,50900000.0,,1314200000.0,3496800000.0,2325600000.0,3900000.0,1314200000.0,1011400000.0,47000000.0,1058400000.0,5822400000.0,477200000.0,478400000.0,482800000.0
Automatic Data Processing Inc,ADP,HGBOLILQXWER4SAL2I23,8670,2014.0,Q2TTM,2013-01-01,2013-12-31,,2.94,2.94,1.78,2.92,42700000.0,730900000.0,1415200000.0,1409200000.0,6000000.0,1415200000.0,6924500000.0,11724700000.0,85000000.0,,2695500000.0,6924500000.0,4800200000.0,6900000.0,2738200000.0,2062000000.0,78100000.0,2140100000.0,11724700000.0,477200000.0,478400000.0,482800000.0
Automatic Data Processing Inc,ADP,HGBOLILQXWER4SAL2I23,8670,2014.0,Q1,2013-07-01,2013-09-30,2013-11-01 13:32:42+00:00,0.68,0.68,0.435,0.68,,168700000.0,328600000.0,328600000.0,0.0,328600000.0,1724400000.0,2839600000.0,22600000.0,,638600000.0,1724400000.0,1115200000.0,1900000.0,638600000.0,476600000.0,20700000.0,497300000.0,2839600000.0,483200000.0,480100000.0,484300000.0
Automatic Data Processing Inc,ADP,HGBOLILQXWER4SAL2I23,8670,2014.0,Q1TTM,2012-10-01,2013-09-30,,2.96,2.96,1.74,2.94,42700000.0,723600000.0,1429100000.0,1384200000.0,44900000.0,1429100000.0,6776400000.0,11489700000.0,89700000.0,,2644600000.0,6776400000.0,4713300000.0,7900000.0,2687300000.0,2026000000.0,81800000.0,2107800000.0,11489700000.0,483200000.0,480100000.0,484300000.0
Automatic Data Processing Inc,ADP,HGBOLILQXWER4SAL2I23,8670,2015.0,FY,2014-07-01,2015-06-30,2017-08-04 16:22:32+00:00,3.07,3.07,1.95,3.05,,694200000.0,1452500000.0,1376500000.0,76000000.0,1452500000.0,6427600000.0,10938500000.0,63200000.0,,2496900000.0,6427600000.0,4510900000.0,6500000.0,2496900000.0,2014000000.0,56700000.0,2070700000.0,10938500000.0,473100000.0,472600000.0,475800000.0
Automatic Data Processing Inc,ADP,HGBOLILQXWER4SAL2I23,8670,2015.0,Q4,2015-04-01,2015-06-30,,0.71,0.71,0.49,0.72,,124500000.0,336200000.0,257100000.0,79100000.0,336200000.0,1601700000.0,2694500000.0,15600000.0,,725200000.0,1601700000.0,1092800000.0,1600000.0,725200000.0,367600000.0,14000000.0,381600000.0,2694500000.0,473100000.0,472600000.0,475800000.0
Automatic Data Processing Inc,ADP,HGBOLILQXWER4SAL2I23,8670,2015.0,Q3,2015-01-01,2015-03-31,2016-05-05 11:51:57+00:00,1.04,1.04,0.49,1.03,,249600000.0,489600000.0,490300000.0,-700000.0,489600000.0,1684300000.0,3024300000.0,7900000.0,,607200000.0,1684300000.0,1340000000.0,800000.0,607200000.0,732800000.0,7100000.0,739900000.0,3024300000.0,470800000.0,470300000.0,474000000.0
Automatic Data Processing Inc,ADP,HGBOLILQXWER4SAL2I23,8670,2015.0,Q3YTD,2014-07-01,2015-03-31,,2.36,2.36,1.46,2.33,,569700000.0,1116300000.0,1119400000.0,-3100000.0,1116300000.0,4825900000.0,8244000000.0,47600000.0,,1771700000.0,4825900000.0,3418100000.0,4900000.0,1771700000.0,1646400000.0,42700000.0,1689100000.0,8244000000.0,470800000.0,470300000.0,474000000.0
Automatic Data Processing Inc,ADP,HGBOLILQXWER4SAL2I23,8670,2015.0,Q3TTM,2014-04-01,2015-03-31,,2.97,2.97,1.94,2.93,,594100000.0,1405000000.0,1146000000.0,259000000.0,1405000000.0,5485700000.0,9328000000.0,58600000.0,,2154600000.0,5485700000.0,3842300000.0,6200000.0,2154600000.0,1687700000.0,52400000.0,1740100000.0,9328000000.0,470800000.0,470300000.0,474000000.0
Automatic Data Processing Inc,ADP,HGBOLILQXWER4SAL2I23,8670,2015.0,Q2,2014-10-01,2014-12-31,2016-02-03 12:28:57+00:00,0.7,0.7,0.49,0.69,,166300000.0,331500000.0,332500000.0,-1000000.0,331500000.0,1583300000.0,2653600000.0,19200000.0,,588500000.0,1583300000.0,1070300000.0,2200000.0,588500000.0,481800000.0,17000000.0,498800000.0,2653600000.0,473600000.0,476600000.0,480300000.0
Automatic Data Processing Inc,ADP,HGBOLILQXWER4SAL2I23,8670,2015.0,Q2YTD,2014-07-01,2014-12-31,,1.32,1.32,0.97,1.3,,320100000.0,626700000.0,629100000.0,-2400000.0,626700000.0,3141600000.0,5219700000.0,39700000.0,,1164500000.0,3141600000.0,2078100000.0,4100000.0,1164500000.0,913600000.0,35600000.0,949200000.0,5219700000.0,473600000.0,476600000.0,480300000.0
Automatic Data Processing Inc,ADP,HGBOLILQXWER4SAL2I23,8670,2015.0,Q2TTM,2014-01-01,2014-12-31,,3.02,3.02,1.93,2.98,,603900000.0,1437000000.0,1166100000.0,270900000.0,1437000000.0,5685800000.0,9623700000.0,59000000.0,,2220600000.0,5685800000.0,3937900000.0,6300000.0,2220600000.0,1717300000.0,52700000.0,1770000000.0,9623700000.0,473600000.0,476600000.0,480300000.0
Automatic Data Processing Inc,ADP,HGBOLILQXWER4SAL2I23,8670,2015.0,Q1,2014-07-01,2014-09-30,2015-11-05 12:03:30+00:00,0.62,0.62,0.48,0.61,,153800000.0,295200000.0,296600000.0,-1400000.0,295200000.0,1558300000.0,2566100000.0,20500000.0,,576000000.0,1558300000.0,1007800000.0,1900000.0,576000000.0,431800000.0,18600000.0,450400000.0,2566100000.0,476100000.0,478400000.0,481700000.0
Automatic Data Processing Inc,ADP,HGBOLILQXWER4SAL2I23,8670,2015.0,Q1TTM,2013-10-01,2014-09-30,,3.11,3.11,1.92,3.07,,621700000.0,1482500000.0,1210600000.0,271900000.0,1482500000.0,5874900000.0,9952900000.0,68100000.0,,2307700000.0,5874900000.0,4078000000.0,6100000.0,2307700000.0,1770300000.0,62000000.0,1832300000.0,9952900000.0,476100000.0,478400000.0,481700000.0
Automatic Data Processing Inc,ADP,HGBOLILQXWER4SAL2I23,8670,2016.0,FY,2015-07-01,2016-06-30,2018-08-03 16:50:24+00:00,3.27,3.27,2.08,3.25,,741300000.0,1492500000.0,1493400000.0,-900000.0,1492500000.0,6840300000.0,11667800000.0,100400000.0,,2637000000.0,6840300000.0,4827500000.0,56200000.0,2637000000.0,2190500000.0,44200000.0,2234700000.0,11667800000.0,456400000.0,457000000.0,459100000.0
Automatic Data Processing Inc,ADP,HGBOLILQXWER4SAL2I23,8670,2016.0,Q4,2016-04-01,2016-06-30,,0.62,0.62,0.53,0.62,,145000000.0,282000000.0,282000000.0,,282000000.0,1698600000.0,2898200000.0,15700000.0,,770100000.0,1698600000.0,1199600000.0,18200000.0,770100000.0,429500000.0,-2500000.0,427000000.0,2898200000.0,456400000.0,457000000.0,459100000.0
Automatic Data Processing Inc,ADP,HGBOLILQXWER4SAL2I23,8670,2016.0,Q3,2016-01-01,2016-03-31,2017-05-04 14:35:22+00:00,1.17,1.17,0.53,1.17,,262300000.0,532500000.0,532500000.0,0.0,532500000.0,1812700000.0,3248600000.0,9600000.0,,634400000.0,1812700000.0,1435900000.0,16300000.0,634400000.0,801500000.0,-6700000.0,794800000.0,3248600000.0,455100000.0,454400000.0,456900000.0
Automatic Data Processing Inc,ADP,HGBOLILQXWER4SAL2I23,8670,2016.0,Q3YTD,2015-07-01,2016-03-31,,2.65,2.65,1.55,2.63,,596300000.0,1210500000.0,1211400000.0,-900000.0,1210500000.0,5141700000.0,8769600000.0,84700000.0,,1866900000.0,5141700000.0,3627900000.0,38000000.0,1866900000.0,1761000000.0,46700000.0,1807700000.0,8769600000.0,455100000.0,454400000.0,456900000.0
Automatic Data Processing Inc,ADP,HGBOLILQXWER4SAL2I23,8670,2016.0,Q3TTM,2015-04-01,2016-03-31,,3.36,3.36,2.04,3.35,,720800000.0,1546700000.0,1468500000.0,78200000.0,1546700000.0,6743400000.0,11464100000.0,100300000.0,,2592100000.0,6743400000.0,4720700000.0,39600000.0,2592100000.0,2128600000.0,60700000.0,2189300000.0,11464100000.0,455100000.0,454400000.0,456900000.0
Automatic Data Processing Inc,ADP,HGBOLILQXWER4SAL2I23,8670,2016.0,Q2,2015-10-01,2015-12-31,2017-02-01 16:20:28+00:00,0.75,0.75,0.53,0.74,,166500000.0,341400000.0,341400000.0,0.0,341400000.0,1682500000.0,2807000000.0,27400000.0,,627200000.0,1682500000.0,1124500000.0,16800000.0,627200000.0,497300000.0,10600000.0,507900000.0,2807000000.0,455200000.0,457600000.0,460300000.0
Automatic Data Processing Inc,ADP,HGBOLILQXWER4SAL2I23,8670,2016.0,Q2YTD,2015-07-01,2015-12-31,,1.48,1.48,1.02,1.46,,334000000.0,678000000.0,678900000.0,-900000.0,678000000.0,3329000000.0,5521000000.0,75100000.0,,1232500000.0,3329000000.0,2192000000.0,21700000.0,1232500000.0,959500000.0,53400000.0,1012900000.0,5521000000.0,455200000.0,457600000.0,460300000.0
Automatic Data Processing Inc,ADP,HGBOLILQXWER4SAL2I23,8670,2016.0,Q2TTM,2015-01-01,2015-12-31,,3.23,3.23,2.0,3.21,,708100000.0,1503800000.0,1426300000.0,77500000.0,1503800000.0,6615000000.0,11239800000.0,98600000.0,,2564900000.0,6615000000.0,4624800000.0,24100000.0,2564900000.0,2059900000.0,74500000.0,2134400000.0,11239800000.0,455200000.0,457600000.0,460300000.0
Automatic Data Processing Inc,ADP,HGBOLILQXWER4SAL2I23,8670,2016.0,Q1,2015-07-01,2015-09-30,2016-11-03 15:42:56+00:00,0.73,0.73,0.49,0.72,,167500000.0,336600000.0,337500000.0,-900000.0,336600000.0,1646500000.0,2714000000.0,47700000.0,,605300000.0,1646500000.0,1067500000.0,4900000.0,605300000.0,462200000.0,42800000.0,505000000.0,2714000000.0,461100000.0,462400000.0,465700000.0
Automatic Data Processing Inc,ADP,HGBOLILQXWER4SAL2I23,8670,2016.0,Q1TTM,2014-10-01,2015-09-30,,3.18,3.18,1.96,3.16,,707900000.0,1493900000.0,1417400000.0,76500000.0,1493900000.0,6515800000.0,11086400000.0,90400000.0,,2526200000.0,6515800000.0,4570600000.0,9500000.0,2526200000.0,2044400000.0,80900000.0,2125300000.0,11086400000.0,461100000.0,462400000.0,465700000.0
Automatic Data Processing Inc,ADP,HGBOLILQXWER4SAL2I23,8670,2017.0,FY,2016-07-01,2017-06-30,2019-08-09 16:04:22+00:00,3.99,3.99,2.24,3.97,,829100000.0,1787800000.0,1787800000.0,,1787800000.0,7244500000.0,12372000000.0,343200000.0,,2773800000.0,7244500000.0,5127500000.0,80000000.0,2773800000.0,2353700000.0,263200000.0,2616900000.0,12372000000.0,448100000.0,447800000.0,450300000.0
Automatic Data Processing Inc,ADP,HGBOLILQXWER4SAL2I23,8670,2017.0,Q4,2017-04-01,2017-06-30,,0.71,0.71,-1.67,0.72,,153800000.0,320300000.0,320300000.0,,320300000.0,1822100000.0,3057000000.0,82300000.0,,820300000.0,1822100000.0,1234900000.0,22800000.0,820300000.0,414600000.0,59500000.0,474100000.0,3057000000.0,448100000.0,447800000.0,450300000.0
Automatic Data Processing Inc,ADP,HGBOLILQXWER4SAL2I23,8670,2017.0,Q3,2017-01-01,2017-03-31,2018-05-04 10:30:40+00:00,1.32,1.32,0.57,1.31,,240000000.0,587900000.0,587900000.0,,587900000.0,1911000000.0,3410800000.0,9900000.0,,665000000.0,1911000000.0,1499800000.0,16800000.0,665000000.0,834800000.0,-6900000.0,827900000.0,3410800000.0,445400000.0,446500000.0,449200000.0
Automatic Data Processing Inc,ADP,HGBOLILQXWER4SAL2I23,8670,2017.0,Q3YTD,2016-07-01,2017-03-31,,3.28,3.28,1.67,3.25,,675300000.0,1467500000.0,1467500000.0,,1467500000.0,5422400000.0,9315000000.0,260900000.0,,1953500000.0,5422400000.0,3892600000.0,57200000.0,1953500000.0,1939100000.0,203700000.0,2142800000.0,9315000000.0,445400000.0,446500000.0,449200000.0
Automatic Data Processing Inc,ADP,HGBOLILQXWER4SAL2I23,8670,2017.0,Q3TTM,2016-04-01,2017-03-31,,3.9,3.9,2.2,3.87,,820300000.0,1749500000.0,1749500000.0,,1749500000.0,7121000000.0,12213200000.0,276600000.0,,2723600000.0,7121000000.0,5092200000.0,75400000.0,2723600000.0,2368600000.0,201200000.0,2569800000.0,12213200000.0,445400000.0,446500000.0,449200000.0
Automatic Data Processing Inc,ADP,HGBOLILQXWER4SAL2I23,8670,2017.0,Q2,2016-10-01,2016-12-31,2018-02-01 16:21:30+00:00,1.14,1.14,0.57,1.13,,275300000.0,510900000.0,510900000.0,,510900000.0,1767800000.0,2987300000.0,228000000.0,,640800000.0,1767800000.0,1219500000.0,20500000.0,640800000.0,578700000.0,207500000.0,786200000.0,2987300000.0,448200000.0,447900000.0,450300000.0
Automatic Data Processing Inc,ADP,HGBOLILQXWER4SAL2I23,8670,2017.0,Q2YTD,2016-07-01,2016-12-31,,1.96,1.96,1.1,1.94,,435300000.0,879600000.0,879600000.0,,879600000.0,3511400000.0,5904200000.0,251000000.0,,1288500000.0,3511400000.0,2392800000.0,40400000.0,1288500000.0,1104300000.0,210600000.0,1314900000.0,5904200000.0,448200000.0,447900000.0,450300000.0
Automatic Data Processing Inc,ADP,HGBOLILQXWER4SAL2I23,8670,2017.0,Q2TTM,2016-01-01,2016-12-31,,3.75,3.75,2.16,3.73,,842600000.0,1694100000.0,1694100000.0,,1694100000.0,7022700000.0,12051000000.0,276300000.0,,2693000000.0,7022700000.0,5028300000.0,74900000.0,2693000000.0,2335300000.0,201400000.0,2536700000.0,12051000000.0,448200000.0,447900000.0,450300000.0
Automatic Data Processing Inc,ADP,HGBOLILQXWER4SAL2I23,8670,2017.0,Q1,2016-07-01,2016-09-30,2017-11-02 16:57:30+00:00,0.82,0.82,0.53,0.81,,160000000.0,368700000.0,368700000.0,,368700000.0,1743600000.0,2916900000.0,23000000.0,,647700000.0,1743600000.0,1173300000.0,19900000.0,647700000.0,525600000.0,3100000.0,528700000.0,2916900000.0,449600000.0,452300000.0,455300000.0
Automatic Data Processing Inc,ADP,HGBOLILQXWER4SAL2I23,8670,2017.0,Q1TTM,2015-10-01,2016-09-30,,3.36,3.36,2.12,3.34,,733800000.0,1524600000.0,1524600000.0,,1524600000.0,6937400000.0,11870700000.0,75700000.0,,2679400000.0,6937400000.0,4933300000.0,71200000.0,2679400000.0,2253900000.0,4500000.0,2258400000.0,11870700000.0,449600000.0,452300000.0,455300000.0
Automatic Data Processing Inc,ADP,HGBOLILQXWER4SAL2I23,8670,2018.0,FY,2017-07-01,2018-06-30,2019-08-09 16:04:22+00:00,4.28,4.28,2.52,4.25,,397700000.0,1884900000.0,1884900000.0,,1884900000.0,7810900000.0,13327700000.0,-172100000.0,,2959400000.0,7810900000.0,5516800000.0,102700000.0,2959400000.0,2557400000.0,-274800000.0,2282600000.0,13327700000.0,440400000.0,440600000.0,443300000.0
Automatic Data Processing Inc,ADP,HGBOLILQXWER4SAL2I23,8670,2018.0,Q4,2018-04-01,2018-06-30,,0.33,0.33,-1.83,0.32,,114100000.0,140900000.0,140900000.0,,140900000.0,1942200000.0,3316200000.0,-280100000.0,,810300000.0,1942200000.0,1374000000.0,28600000.0,810300000.0,563700000.0,-308700000.0,255000000.0,3316200000.0,440400000.0,440600000.0,443300000.0
Automatic Data Processing Inc,ADP,HGBOLILQXWER4SAL2I23,8670,2018.0,Q3,2018-01-01,2018-03-31,2019-05-03 11:48:54+00:00,1.5,1.5,0.63,1.49,,214200000.0,661000000.0,661000000.0,,661000000.0,2079300000.0,3696000000.0,27200000.0,,750100000.0,2079300000.0,1616700000.0,18600000.0,750100000.0,866600000.0,8600000.0,875200000.0,3696000000.0,440700000.0,441000000.0,443400000.0
Automatic Data Processing Inc,ADP,HGBOLILQXWER4SAL2I23,8670,2018.0,Q3YTD,2017-07-01,2018-03-31,,3.95,3.95,1.83,3.93,,283600000.0,1744000000.0,1744000000.0,,1744000000.0,5868700000.0,10011500000.0,108000000.0,,2149100000.0,5868700000.0,4142800000.0,74100000.0,2149100000.0,1993700000.0,33900000.0,2027600000.0,10011500000.0,440700000.0,441000000.0,443400000.0
Automatic Data Processing Inc,ADP,HGBOLILQXWER4SAL2I23,8670,2018.0,Q3TTM,2017-04-01,2018-03-31,,4.66,4.66,0.16,4.65,,437400000.0,2064300000.0,2064300000.0,,2064300000.0,7690800000.0,13068500000.0,190300000.0,,2969400000.0,7690800000.0,5377700000.0,96900000.0,2969400000.0,2408300000.0,93400000.0,2501700000.0,13068500000.0,440700000.0,441000000.0,443400000.0
Automatic Data Processing Inc,ADP,HGBOLILQXWER4SAL2I23,8670,2018.0,Q2,2017-10-01,2017-12-31,2019-01-31 14:32:17+00:00,1.52,1.52,0.63,1.51,,-82900000.0,670400000.0,670400000.0,,670400000.0,1937900000.0,3238300000.0,38200000.0,,723600000.0,1937900000.0,1300400000.0,27500000.0,723600000.0,576800000.0,10700000.0,587500000.0,3238300000.0,441100000.0,441300000.0,443700000.0
Automatic Data Processing Inc,ADP,HGBOLILQXWER4SAL2I23,8670,2018.0,Q2YTD,2017-07-01,2017-12-31,,2.45,2.45,1.2,2.44,,69400000.0,1083000000.0,1083000000.0,,1083000000.0,3789400000.0,6315500000.0,80800000.0,,1399000000.0,3789400000.0,2526100000.0,55500000.0,1399000000.0,1127100000.0,25300000.0,1152400000.0,6315500000.0,441100000.0,441300000.0,443700000.0
Automatic Data Processing Inc,ADP,HGBOLILQXWER4SAL2I23,8670,2018.0,Q2TTM,2017-01-01,2017-12-31,,4.48,4.48,0.1,4.47,,463200000.0,1991200000.0,1991200000.0,,1991200000.0,7522500000.0,12783300000.0,173000000.0,,2884300000.0,7522500000.0,5260800000.0,95100000.0,2884300000.0,2376500000.0,77900000.0,2454400000.0,12783300000.0,441100000.0,441300000.0,443700000.0
Automatic Data Processing Inc,ADP,HGBOLILQXWER4SAL2I23,8670,2018.0,Q1,2017-07-01,2017-09-30,2018-11-01 16:53:24+00:00,0.93,0.93,0.57,0.93,,152300000.0,412600000.0,412600000.0,,412600000.0,1851500000.0,3077200000.0,42600000.0,,675400000.0,1851500000.0,1225700000.0,28000000.0,675400000.0,550300000.0,14600000.0,564900000.0,3077200000.0,443700000.0,442200000.0,445000000.0
Automatic Data Processing Inc,ADP,HGBOLILQXWER4SAL2I23,8670,2018.0,Q1TTM,2016-10-01,2017-09-30,,4.1,4.1,0.04,4.09,,821400000.0,1831700000.0,1831700000.0,,1831700000.0,7352400000.0,12532300000.0,362800000.0,,2801500000.0,7352400000.0,5179900000.0,88100000.0,2801500000.0,2378400000.0,274700000.0,2653100000.0,12532300000.0,443700000.0,442200000.0,445000000.0
Automatic Data Processing Inc,ADP,HGBOLILQXWER4SAL2I23,8670,2019.0,FY,2018-07-01,2019-06-30,2019-08-09 16:04:22+00:00,5.27,5.27,3.06,5.24,,712800000.0,2292800000.0,2292800000.0,,2292800000.0,8086600000.0,14175200000.0,111100000.0,,3064200000.0,8086600000.0,6088600000.0,129900000.0,3064200000.0,3024400000.0,-18800000.0,3005600000.0,14175200000.0,435100000.0,435000000.0,437600000.0
Automatic Data Processing Inc,ADP,HGBOLILQXWER4SAL2I23,8670,2019.0,Q4,2019-04-01,2019-06-30,,1.09,1.09,0.79,1.09,,157800000.0,475500000.0,475500000.0,,475500000.0,2066200000.0,3544300000.0,43600000.0,,854700000.0,2066200000.0,1478100000.0,33700000.0,854700000.0,623400000.0,9900000.0,633300000.0,3544300000.0,435100000.0,435000000.0,437600000.0
Automatic Data Processing Inc,ADP,HGBOLILQXWER4SAL2I23,8670,2019.0,Q3,2019-01-01,2019-03-31,2020-05-01 15:49:44+00:00,1.74,1.74,0.79,1.73,,230800000.0,753700000.0,753700000.0,,753700000.0,2092600000.0,3828200000.0,21000000.0,,750400000.0,2092600000.0,1735600000.0,21700000.0,750400000.0,985200000.0,-700000.0,984500000.0,3828200000.0,433200000.0,434100000.0,436600000.0
Automatic Data Processing Inc,ADP,HGBOLILQXWER4SAL2I23,8670,2019.0,Q3YTD,2018-07-01,2019-03-31,,4.18,4.18,2.27,4.15,,555000000.0,1817300000.0,1817300000.0,,1817300000.0,6020400000.0,10630900000.0,67500000.0,,2209500000.0,6020400000.0,4610500000.0,96200000.0,2209500000.0,2401000000.0,-28700000.0,2372300000.0,10630900000.0,433200000.0,434100000.0,436600000.0
Automatic Data Processing Inc,ADP,HGBOLILQXWER4SAL2I23,8670,2019.0,Q3TTM,2018-04-01,2019-03-31,,4.51,4.51,2.96,4.47,,669100000.0,1958200000.0,1958200000.0,,1958200000.0,7962600000.0,13947100000.0,-212600000.0,,3019800000.0,7962600000.0,5984500000.0,124800000.0,3019800000.0,2964700000.0,-337400000.0,2627300000.0,13947100000.0,433200000.0,434100000.0,436600000.0
Automatic Data Processing Inc,ADP,HGBOLILQXWER4SAL2I23,8670,2019.0,Q2,2018-10-01,2018-12-31,2020-01-31 14:47:28+00:00,1.28,1.28,0.79,1.27,,182800000.0,558200000.0,558200000.0,,558200000.0,2000200000.0,3492400000.0,32600000.0,,745200000.0,2000200000.0,1492200000.0,38600000.0,745200000.0,747000000.0,-6000000.0,741000000.0,3492400000.0,436100000.0,435700000.0,438000000.0
Automatic Data Processing Inc,ADP,HGBOLILQXWER4SAL2I23,8670,2019.0,Q2YTD,2018-07-01,2018-12-31,,2.44,2.44,1.48,2.42,,324200000.0,1063600000.0,1063600000.0,,1063600000.0,3927800000.0,6802700000.0,46500000.0,,1459100000.0,3927800000.0,2874900000.0,74500000.0,1459100000.0,1415800000.0,-28000000.0,1387800000.0,6802700000.0,436100000.0,435700000.0,438000000.0
Automatic Data Processing Inc,ADP,HGBOLILQXWER4SAL2I23,8670,2019.0,Q2TTM,2018-01-01,2018-12-31,,4.27,4.27,2.8,4.23,,652500000.0,1865500000.0,1865500000.0,,1865500000.0,7949300000.0,13814900000.0,-206400000.0,,3019500000.0,7949300000.0,5865600000.0,121700000.0,3019500000.0,2846100000.0,-328100000.0,2518000000.0,13814900000.0,436100000.0,435700000.0,438000000.0
Automatic Data Processing Inc,ADP,HGBOLILQXWER4SAL2I23,8670,2019.0,Q1,2018-07-01,2018-09-30,2019-11-04 15:17:10+00:00,1.16,1.16,0.69,1.15,,141400000.0,505400000.0,505400000.0,,505400000.0,1927600000.0,3310300000.0,13900000.0,,713900000.0,1927600000.0,1382700000.0,35900000.0,713900000.0,668800000.0,-22000000.0,646800000.0,3310300000.0,435700000.0,436800000.0,439900000.0
Automatic Data Processing Inc,ADP,HGBOLILQXWER4SAL2I23,8670,2019.0,Q1TTM,2017-10-01,2018-09-30,,4.51,4.51,2.64,4.47,,386800000.0,1977700000.0,1977700000.0,,1977700000.0,7887000000.0,13560800000.0,-200800000.0,,2997900000.0,7887000000.0,5673800000.0,110600000.0,2997900000.0,2675900000.0,-311400000.0,2364500000.0,13560800000.0,435700000.0,436800000.0,439900000.0
Automatic Data Processing Inc,ADP,HGBOLILQXWER4SAL2I23,8670,2020.0,Q3YTD,2019-07-01,2020-03-31,,4.77,4.77,2.61,4.74,,596400000.0,2054900000.0,2054900000.0,,2054900000.0,6378000000.0,11213000000.0,145200000.0,,2237400000.0,6378000000.0,4835000000.0,91500000.0,2237400000.0,2597600000.0,53700000.0,2651300000.0,11213000000.0,429800000.0,430000000.0,431800000.0
Automatic Data Processing Inc,ADP,HGBOLILQXWER4SAL2I23,8670,2020.0,Q3TTM,2019-04-01,2020-03-31,,5.86,5.86,3.4,5.83,,754200000.0,2530400000.0,2530400000.0,,2530400000.0,8444200000.0,14757300000.0,188800000.0,,3092100000.0,8444200000.0,6313100000.0,125200000.0,3092100000.0,3221000000.0,63600000.0,3284600000.0,14757300000.0,429800000.0,430000000.0,431800000.0
Automatic Data Processing Inc,ADP,HGBOLILQXWER4SAL2I23,8670,2020.0,Q3,2020-01-01,2020-03-31,2020-05-01 15:49:44+00:00,1.91,1.91,0.91,1.9,,255800000.0,820900000.0,820900000.0,,820900000.0,2239100000.0,4047800000.0,44600000.0,,756600000.0,2239100000.0,1808700000.0,20000000.0,756600000.0,1052100000.0,24600000.0,1076700000.0,4047800000.0,429800000.0,430000000.0,431800000.0
Automatic Data Processing Inc,ADP,HGBOLILQXWER4SAL2I23,8670,2020.0,Q2YTD,2019-07-01,2019-12-31,,2.86,2.86,1.7,2.84,,340600000.0,1234000000.0,1234000000.0,,1234000000.0,4138900000.0,7165200000.0,100600000.0,,1480800000.0,4138900000.0,3026300000.0,71500000.0,1480800000.0,1545500000.0,29100000.0,1574600000.0,7165200000.0,431500000.0,431500000.0,433300000.0
Automatic Data Processing Inc,ADP,HGBOLILQXWER4SAL2I23,8670,2020.0,Q2TTM,2019-01-01,2019-12-31,,5.69,5.69,3.28,5.66,,729200000.0,2463200000.0,2463200000.0,,2463200000.0,8297700000.0,14537700000.0,165200000.0,,3085900000.0,8297700000.0,6240000000.0,126900000.0,3085900000.0,3154100000.0,38300000.0,3192400000.0,14537700000.0,431500000.0,431500000.0,433300000.0
Automatic Data Processing Inc,ADP,HGBOLILQXWER4SAL2I23,8670,2020.0,Q2,2019-10-01,2019-12-31,2020-01-31 14:47:28+00:00,1.51,1.51,0.91,1.5,,183900000.0,651600000.0,651600000.0,,651600000.0,2094100000.0,3669500000.0,46000000.0,,754300000.0,2094100000.0,1575400000.0,31600000.0,754300000.0,821100000.0,14400000.0,835500000.0,3669500000.0,431500000.0,431500000.0,433300000.0
Automatic Data Processing Inc,ADP,HGBOLILQXWER4SAL2I23,8670,2020.0,Q1TTM,2018-10-01,2019-09-30,,5.46,5.46,3.16,5.43,,728100000.0,2369800000.0,2369800000.0,,2369800000.0,8203800000.0,14360600000.0,151800000.0,,3076800000.0,8203800000.0,6156800000.0,133900000.0,3076800000.0,3080000000.0,17900000.0,3097900000.0,14360600000.0,431400000.0,432700000.0,435400000.0
Automatic Data Processing Inc,ADP,HGBOLILQXWER4SAL2I23,8670,2020.0,Q1,2019-07-01,2019-09-30,2019-11-04 15:17:10+00:00,1.35,1.35,0.79,1.34,,156700000.0,582400000.0,582400000.0,,582400000.0,2044800000.0,3495700000.0,54600000.0,,726500000.0,2044800000.0,1450900000.0,39900000.0,726500000.0,724400000.0,14700000.0,739100000.0,3495700000.0,431400000.0,432700000.0,435400000.0
