company_name,company_ticker,company_lei,company_cik,year,quarter,start_date,end_date,filing_date,basicdilutedeps,basiceps,cashdividendspershare,depreciationexpense,dilutedeps,impairmentexpense,incometaxexpense,marketingexpense,netincome,netincomecontinuing,netincomediscontinued,netincometocommon,netincometononcontrollinginterest,operatingcostofrevenue,operatingrevenue,othergains,otherincome,otheroperatingexpenses,preferreddividends,rdexpense,sgaexpense,totalcostofrevenue,totalgrossprofit,totalinterestincome,totaloperatingexpenses,totaloperatingincome,totalotherincome,totalpretaxincome,totalrevenue,weightedavebasicdilutedsharesos,weightedavebasicsharesos,weightedavedilutedsharesos
Nabors Industries Ltd,NBR,,1163739,2007.0,FY,2007-01-01,2007-12-31,2010-02-26 17:09:23+00:00,3.08,3.08,,469669000.0,3.0,52332000.0,201496000.0,31165000.0,865282000.0,830258000.0,35024000.0,865702000.0,-420000.0,2764559000.0,4940681000.0,,,154920000.0,,,436282000.0,2764559000.0,2176122000.0,,1144368000.0,1031754000.0,,1031754000.0,4940681000.0,281100000.0,281238000.0,288226000.0
Nabors Industries Ltd,NBR,,1163739,2008.0,FY,2008-01-01,2008-12-31,2011-03-31 12:59:58+00:00,1.69,1.69,,614367000.0,1.65,191952000.0,209660000.0,22308000.0,479664000.0,521594000.0,-41930000.0,475737000.0,3927000.0,3100613000.0,5336406000.0,,,196718000.0,,,479194000.0,3100613000.0,2235793000.0,,1504539000.0,731254000.0,,731254000.0,5336406000.0,281500000.0,281622000.0,288236000.0
Nabors Industries Ltd,NBR,,1163739,2008.0,Q3,2008-07-01,2008-09-30,2009-10-30 15:48:39+00:00,0.69,0.69,,162198000.0,0.67,10875000.0,86821000.0,7656000.0,193983000.0,193983000.0,,193983000.0,,805533000.0,1440260000.0,,,50546000.0,,,122648000.0,805533000.0,634727000.0,,353923000.0,280804000.0,,280804000.0,1440260000.0,281100000.0,282389000.0,289149000.0
Nabors Industries Ltd,NBR,,1163739,2008.0,Q2,2008-04-01,2008-06-30,2009-07-31 17:17:55+00:00,0.63,0.63,,148813000.0,0.6,3158000.0,61230000.0,7343000.0,176413000.0,176413000.0,,176413000.0,,740178000.0,1303424000.0,,,49375000.0,,,116914000.0,740178000.0,563246000.0,,325603000.0,237643000.0,,237643000.0,1303424000.0,280000000.0,280851000.0,294487000.0
Nabors Industries Ltd,NBR,,1163739,2009.0,FY,2009-01-01,2009-12-31,2012-02-29 17:20:46+00:00,,-0.3,,663958000.0,-0.3,130525000.0,-63937000.0,,-85888000.0,132721000.0,-218609000.0,-85546000.0,-342000.0,1981504000.0,3532310000.0,,,266047000.0,,,421492000.0,1981504000.0,1550806000.0,,1482022000.0,68784000.0,,68784000.0,3532310000.0,,283326000.0,286502000.0
Nabors Industries Ltd,NBR,,1163739,2009.0,Q3,2009-07-01,2009-09-30,2010-11-05 16:27:13+00:00,0.1,0.1,,173701000.0,0.1,10516000.0,-15477000.0,2494000.0,30425000.0,53675000.0,-23250000.0,29530000.0,895000.0,431280000.0,804497000.0,,,66671000.0,,,81637000.0,431280000.0,373217000.0,,335019000.0,38198000.0,,38198000.0,804497000.0,295300000.0,283197000.0,287407000.0
Nabors Industries Ltd,NBR,,1163739,2009.0,Q2,2009-04-01,2009-06-30,2010-08-09 14:52:00+00:00,-0.68,-0.68,,165974000.0,-0.68,233772000.0,-14897000.0,2590000.0,-193206000.0,-193206000.0,,-192986000.0,-220000.0,453922000.0,877990000.0,,,66027000.0,,,163808000.0,453922000.0,424068000.0,,632171000.0,-208103000.0,,-208103000.0,877990000.0,283800000.0,283154000.0,283154000.0
Nabors Industries Ltd,NBR,,1163739,2010.0,Q4,2010-10-01,2010-12-31,,0.18,0.18,,215878000.0,0.18,-55367000.0,23796000.0,-15646000.0,51774000.0,199943000.0,-148169000.0,50481000.0,1293000.0,752230000.0,1291024000.0,-750000.0,,73677000.0,,,95763000.0,752230000.0,538794000.0,,314305000.0,224489000.0,,224489000.0,1291024000.0,287000000.0,285145000.0,289996000.0
Nabors Industries Ltd,NBR,,1163739,2010.0,FY,2010-01-01,2010-12-31,2013-03-01 13:31:02+00:00,0.33,0.33,,760962000.0,0.33,108530000.0,36950000.0,,94780000.0,255870000.0,-161090000.0,94695000.0,85000.0,2400519000.0,4175013000.0,-750000.0,,272712000.0,,,338720000.0,2400519000.0,1774494000.0,,1480924000.0,293570000.0,,293570000.0,4175013000.0,287000000.0,285145000.0,289996000.0
Nabors Industries Ltd,NBR,,1163739,2010.0,Q3YTD,2010-01-01,2010-09-30,,0.15,0.15,,545084000.0,0.15,163897000.0,13154000.0,15646000.0,43006000.0,55927000.0,-12921000.0,44214000.0,-1208000.0,1648289000.0,2883989000.0,,,199035000.0,,,242957000.0,1648289000.0,1235700000.0,,1166619000.0,69081000.0,,69081000.0,2883989000.0,282900000.0,285282000.0,285282000.0
Nabors Industries Ltd,NBR,,1163739,2010.0,Q3,2010-07-01,2010-09-30,2011-11-09 16:25:50+00:00,-0.14,-0.14,,198151000.0,-0.14,132506000.0,-4230000.0,5778000.0,-39154000.0,-31563000.0,-7591000.0,-39607000.0,453000.0,625561000.0,1080370000.0,,,66973000.0,,,87194000.0,625561000.0,454809000.0,,490602000.0,-35793000.0,,-35793000.0,1080370000.0,282900000.0,285282000.0,285282000.0
Nabors Industries Ltd,NBR,,1163739,2010.0,Q2YTD,2010-01-01,2010-06-30,,0.29,0.29,,346933000.0,0.29,31391000.0,17384000.0,9868000.0,82160000.0,87490000.0,-5330000.0,83821000.0,-1661000.0,1022728000.0,1803619000.0,,,132062000.0,,,155763000.0,1022728000.0,780891000.0,,676017000.0,104874000.0,,104874000.0,1803619000.0,290800000.0,285181000.0,289796000.0
Nabors Industries Ltd,NBR,,1163739,2010.0,Q2,2010-04-01,2010-06-30,2011-08-02 16:28:51+00:00,0.15,0.15,,175397000.0,0.15,11024000.0,8794000.0,4841000.0,43062000.0,43971000.0,-909000.0,43621000.0,-559000.0,517531000.0,907188000.0,,,65293000.0,,,80337000.0,517531000.0,389657000.0,,336892000.0,52765000.0,,52765000.0,907188000.0,290800000.0,285181000.0,289796000.0
Nabors Industries Ltd,NBR,,1163739,2010.0,Q1,2010-01-01,2010-03-31,2011-05-03 16:28:22+00:00,0.14,0.14,,171536000.0,0.14,20367000.0,8590000.0,5027000.0,39098000.0,43519000.0,-4421000.0,40200000.0,-1102000.0,505197000.0,896431000.0,,,66769000.0,,,75426000.0,505197000.0,391234000.0,,339125000.0,52109000.0,,52109000.0,896431000.0,287100000.0,284672000.0,290736000.0
Nabors Industries Ltd,NBR,,1163739,2011.0,Q4,2011-10-01,2011-12-31,,-0.11,-0.35,,233785000.0,-0.33,105574000.0,46323000.0,,-99605000.0,94541000.0,-194146000.0,-101005000.0,1400000.0,1050536000.0,1721816000.0,-750000.0,,60851000.0,,,129456000.0,1050536000.0,671280000.0,,529666000.0,141614000.0,,141614000.0,1721816000.0,292400000.0,287118000.0,292484000.0
Nabors Industries Ltd,NBR,,1163739,2011.0,FY,2011-01-01,2011-12-31,2014-03-03 17:16:54+00:00,0.85,0.87,,918122000.0,0.85,202546000.0,165083000.0,,249569000.0,347170000.0,-97601000.0,248524000.0,1045000.0,3738506000.0,6118867000.0,-3000000.0,,256632000.0,,,487808000.0,3738506000.0,2380361000.0,,1865108000.0,515253000.0,,515253000.0,6118867000.0,292400000.0,287118000.0,292484000.0
Nabors Industries Ltd,NBR,,1163739,2011.0,Q3YTD,2011-01-01,2011-09-30,,0.96,1.22,,684337000.0,1.18,96972000.0,118760000.0,,349174000.0,252629000.0,96545000.0,349529000.0,-355000.0,2687970000.0,4397051000.0,-2250000.0,,195781000.0,,,358352000.0,2687970000.0,1709081000.0,,1335442000.0,373639000.0,,373639000.0,4397051000.0,,287487000.0,291986000.0
Nabors Industries Ltd,NBR,,1163739,2011.0,Q3TTM,2010-10-01,2011-09-30,,1.14,1.4,,900215000.0,1.36,41605000.0,142556000.0,-15646000.0,400948000.0,452572000.0,-51624000.0,400010000.0,938000.0,3440200000.0,5688075000.0,-3000000.0,,269458000.0,,,454115000.0,3440200000.0,2247875000.0,,1649747000.0,598128000.0,,598128000.0,5688075000.0,,287487000.0,291986000.0
Nabors Industries Ltd,NBR,,1163739,2011.0,Q3,2011-07-01,2011-09-30,2012-11-02 11:03:55+00:00,,0.26,,234085000.0,0.25,86465000.0,37561000.0,,74964000.0,87190000.0,-12226000.0,74256000.0,708000.0,1019412000.0,1642954000.0,-750000.0,,58060000.0,,,119431000.0,1019412000.0,623542000.0,,498041000.0,125501000.0,,125501000.0,1642954000.0,,287487000.0,291986000.0
Nabors Industries Ltd,NBR,,1163739,2011.0,Q2YTD,2011-01-01,2011-06-30,,0.96,0.96,,450252000.0,0.93,10507000.0,81199000.0,,274210000.0,165439000.0,108771000.0,275273000.0,-1063000.0,1668558000.0,2754097000.0,-1500000.0,,137721000.0,,,238921000.0,1668558000.0,1085539000.0,,837401000.0,248138000.0,,248138000.0,2754097000.0,287200000.0,287311000.0,294298000.0
Nabors Industries Ltd,NBR,,1163739,2011.0,Q2TTM,2010-07-01,2011-06-30,,1.0,1.0,,864281000.0,0.97,87646000.0,100765000.0,-9868000.0,286830000.0,333819000.0,-46989000.0,286147000.0,683000.0,3046349000.0,5125491000.0,-2250000.0,,278371000.0,,,421878000.0,3046349000.0,2079142000.0,,1642308000.0,436834000.0,,436834000.0,5125491000.0,287200000.0,287311000.0,294298000.0
Nabors Industries Ltd,NBR,,1163739,2011.0,Q2,2011-04-01,2011-06-30,2012-08-03 16:47:38+00:00,0.67,0.67,,225042000.0,0.65,4348000.0,36773000.0,,192054000.0,70887000.0,121167000.0,192448000.0,-394000.0,827450000.0,1351975000.0,-750000.0,,63755000.0,,,122970000.0,827450000.0,524525000.0,,416115000.0,108410000.0,,108410000.0,1351975000.0,287200000.0,287311000.0,294298000.0
Nabors Industries Ltd,NBR,,1163739,2011.0,Q1TTM,2010-04-01,2011-03-31,,0.48,0.48,,814636000.0,0.47,94322000.0,72786000.0,-5027000.0,137838000.0,306903000.0,-169065000.0,137320000.0,518000.0,2736430000.0,4680704000.0,-1500000.0,,279909000.0,,,379245000.0,2736430000.0,1944274000.0,,1563085000.0,381189000.0,,381189000.0,4680704000.0,285600000.0,286114000.0,292689000.0
Nabors Industries Ltd,NBR,,1163739,2011.0,Q1,2011-01-01,2011-03-31,2012-05-04 16:45:13+00:00,0.29,0.29,,225210000.0,0.28,6159000.0,44426000.0,,82156000.0,94552000.0,-12396000.0,82825000.0,-669000.0,841108000.0,1402122000.0,-750000.0,,73966000.0,,,115951000.0,841108000.0,561014000.0,,421286000.0,139728000.0,,139728000.0,1402122000.0,285600000.0,286114000.0,292689000.0
Nabors Industries Ltd,NBR,,1163739,2012.0,FY,2012-01-01,2012-12-31,2015-03-02 16:30:27+00:00,0.57,0.57,,1039923000.0,0.56,153624000.0,40986000.0,,165448000.0,232974000.0,-67526000.0,164827000.0,621000.0,4367106000.0,6617470000.0,-3000000.0,,251904000.0,,,527953000.0,4367106000.0,2250364000.0,,1973404000.0,276960000.0,,276960000.0,6617470000.0,289200000.0,289965000.0,292323000.0
Nabors Industries Ltd,NBR,,1163739,2012.0,Q4,2012-10-01,2012-12-31,,0.56,0.1,,265649000.0,0.09,-15669000.0,13111000.0,,28944000.0,124520000.0,-95576000.0,27870000.0,1074000.0,952002000.0,1529692000.0,-750000.0,,62015000.0,,,127314000.0,952002000.0,577690000.0,,439309000.0,138381000.0,,138381000.0,1529692000.0,289200000.0,289965000.0,292323000.0
Nabors Industries Ltd,NBR,,1163739,2012.0,Q3YTD,2012-01-01,2012-09-30,,0.01,0.47,,774274000.0,0.47,169293000.0,27875000.0,,136504000.0,108454000.0,28050000.0,136957000.0,-453000.0,3415104000.0,5087778000.0,-2250000.0,,189889000.0,,,400639000.0,3415104000.0,1672674000.0,,1534095000.0,138579000.0,,138579000.0,5087778000.0,291000000.0,290367000.0,292501000.0
Nabors Industries Ltd,NBR,,1163739,2012.0,Q3TTM,2011-10-01,2012-09-30,,-0.1,0.12,,1008059000.0,0.14,274867000.0,74198000.0,,36899000.0,202995000.0,-166096000.0,35952000.0,947000.0,4465640000.0,6809594000.0,-3000000.0,,250740000.0,,,530095000.0,4465640000.0,2343954000.0,,2063761000.0,280193000.0,,280193000.0,6809594000.0,291000000.0,290367000.0,292501000.0
Nabors Industries Ltd,NBR,,1163739,2012.0,Q3,2012-07-01,2012-09-30,2013-11-01 17:28:33+00:00,0.26,0.26,,265637000.0,0.26,10216000.0,-4977000.0,,76644000.0,64489000.0,12155000.0,75656000.0,988000.0,1107032000.0,1637604000.0,-750000.0,,63776000.0,,,130681000.0,1107032000.0,530572000.0,,470310000.0,60262000.0,,60262000.0,1637604000.0,291000000.0,290367000.0,292501000.0
Nabors Industries Ltd,NBR,,1163739,2012.0,Q2YTD,2012-01-01,2012-06-30,,-0.25,0.21,,508637000.0,0.21,159077000.0,32852000.0,,59860000.0,43965000.0,15895000.0,61301000.0,-1441000.0,2308072000.0,3450174000.0,-1500000.0,,126113000.0,,,269958000.0,2308072000.0,1142102000.0,,1063785000.0,78317000.0,,78317000.0,3450174000.0,291200000.0,290311000.0,290311000.0
Nabors Industries Ltd,NBR,,1163739,2012.0,Q2TTM,2011-07-01,2012-06-30,,-0.36,0.12,,976507000.0,0.13,351116000.0,116736000.0,,35219000.0,225696000.0,-190477000.0,34552000.0,667000.0,4378020000.0,6814944000.0,-3000000.0,,245024000.0,,,518845000.0,4378020000.0,2436924000.0,,2091492000.0,345432000.0,,345432000.0,6814944000.0,291200000.0,290311000.0,290311000.0
Nabors Industries Ltd,NBR,,1163739,2012.0,Q2,2012-04-01,2012-06-30,2013-08-02 16:11:50+00:00,-0.25,-0.25,,261016000.0,-0.25,160917000.0,-36192000.0,,-73963000.0,-98653000.0,24690000.0,-72789000.0,-1174000.0,1123256000.0,1608165000.0,-750000.0,,63459000.0,,,133612000.0,1123256000.0,484909000.0,,619004000.0,-134095000.0,,-134095000.0,1608165000.0,291200000.0,290311000.0,290311000.0
Nabors Industries Ltd,NBR,,1163739,2012.0,Q1TTM,2011-04-01,2012-03-31,,0.56,1.04,,940533000.0,1.03,194547000.0,189701000.0,,301236000.0,395236000.0,-94000000.0,299789000.0,1447000.0,4082214000.0,6558754000.0,-3000000.0,,245320000.0,,,508203000.0,4082214000.0,2476540000.0,,1888603000.0,587937000.0,,587937000.0,6558754000.0,,288538000.0,291709000.0
Nabors Industries Ltd,NBR,,1163739,2012.0,Q1,2012-01-01,2012-03-31,2013-05-01 17:41:08+00:00,,0.46,,247621000.0,0.46,-1840000.0,69044000.0,,133823000.0,142618000.0,-8795000.0,134090000.0,-267000.0,1184816000.0,1842009000.0,-750000.0,,62654000.0,,,136346000.0,1184816000.0,657193000.0,,444781000.0,212412000.0,,212412000.0,1842009000.0,,288538000.0,291709000.0
Nabors Industries Ltd,NBR,,1163739,2013.0,FY,2013-01-01,2013-12-31,2016-02-26 17:22:20+00:00,0.47,0.47,,1086677000.0,0.47,287241000.0,-55181000.0,,147162000.0,158341000.0,-11179000.0,139982000.0,7180000.0,3981828000.0,6152054000.0,-3000000.0,-37977000.0,223418000.0,,45440000.0,479890000.0,3981828000.0,2170226000.0,96577000.0,2122666000.0,47560000.0,58600000.0,106160000.0,6152054000.0,297800000.0,294182000.0,296592000.0
Nabors Industries Ltd,NBR,,1163739,2013.0,Q4,2013-10-01,2013-12-31,,0.48,0.49,,277658000.0,0.5,-27245000.0,-26383000.0,,151629000.0,128516000.0,23113000.0,150603000.0,1026000.0,1032841000.0,1509919000.0,-750000.0,-37977000.0,47075000.0,,45440000.0,89867000.0,1032841000.0,477078000.0,96577000.0,432795000.0,44283000.0,58600000.0,102883000.0,1509919000.0,297800000.0,294182000.0,296592000.0
Nabors Industries Ltd,NBR,,1163739,2013.0,Q3YTD,2013-01-01,2013-09-30,,-0.01,-0.02,,809019000.0,-0.03,314486000.0,-28798000.0,,-4467000.0,29825000.0,-34292000.0,-10621000.0,6154000.0,2948987000.0,4642135000.0,-2250000.0,,176343000.0,,,390023000.0,2948987000.0,1693148000.0,,1689871000.0,3277000.0,,3277000.0,4642135000.0,,295076000.0,295076000.0
Nabors Industries Ltd,NBR,,1163739,2013.0,Q3TTM,2012-10-01,2013-09-30,,0.55,0.08,,1074668000.0,0.06,298817000.0,-15687000.0,,24477000.0,154345000.0,-129868000.0,17249000.0,7228000.0,3900989000.0,6171827000.0,-3000000.0,,238358000.0,,,517337000.0,3900989000.0,2270838000.0,,2129180000.0,141658000.0,,141658000.0,6171827000.0,,295076000.0,295076000.0
Nabors Industries Ltd,NBR,,1163739,2013.0,Q3,2013-07-01,2013-09-30,2014-11-10 17:10:04+00:00,,-0.35,,273444000.0,-0.35,245507000.0,-44684000.0,,-104940000.0,-90510000.0,-14430000.0,-105381000.0,441000.0,981685000.0,1550194000.0,-750000.0,,56059000.0,,,127943000.0,981685000.0,568509000.0,,702953000.0,-134444000.0,,-134444000.0,1550194000.0,,295076000.0,295076000.0
Nabors Industries Ltd,NBR,,1163739,2013.0,Q2YTD,2013-01-01,2013-06-30,,-0.01,0.33,,535575000.0,0.32,68979000.0,15886000.0,,100473000.0,120335000.0,-19862000.0,94760000.0,5713000.0,1967302000.0,3091941000.0,-1500000.0,,120284000.0,,,262080000.0,1967302000.0,1124639000.0,,986918000.0,137721000.0,,137721000.0,3091941000.0,436100000.0,294747000.0,297119000.0
Nabors Industries Ltd,NBR,,1163739,2013.0,Q2TTM,2012-07-01,2013-06-30,,0.81,0.69,,1066861000.0,0.67,63526000.0,24020000.0,,206061000.0,309344000.0,-103283000.0,198286000.0,7775000.0,4026336000.0,6259237000.0,-3000000.0,,246075000.0,,,520075000.0,4026336000.0,2232901000.0,,1896537000.0,336364000.0,,336364000.0,6259237000.0,436100000.0,294747000.0,297119000.0
Nabors Industries Ltd,NBR,,1163739,2013.0,Q2,2013-04-01,2013-06-30,2014-08-06 17:29:45+00:00,-0.01,-0.01,,266210000.0,-0.01,9242000.0,6032000.0,,1255000.0,28128000.0,-26873000.0,-4361000.0,5616000.0,972310000.0,1474147000.0,-750000.0,,60273000.0,,,131202000.0,972310000.0,501837000.0,,466927000.0,34910000.0,,34910000.0,1474147000.0,436100000.0,294747000.0,297119000.0
Nabors Industries Ltd,NBR,,1163739,2013.0,Q1TTM,2012-04-01,2013-03-31,,0.57,0.45,,1061667000.0,0.43,215201000.0,-18204000.0,,130843000.0,182563000.0,-51720000.0,129858000.0,985000.0,4177282000.0,6393255000.0,-3000000.0,,249261000.0,,,522485000.0,4177282000.0,2215973000.0,,2048614000.0,167359000.0,,167359000.0,6393255000.0,,291687000.0,294170000.0
Nabors Industries Ltd,NBR,,1163739,2013.0,Q1,2013-01-01,2013-03-31,2014-05-09 16:25:59+00:00,,0.34,,269365000.0,0.33,59737000.0,9854000.0,,99218000.0,92207000.0,7011000.0,99121000.0,97000.0,994992000.0,1617794000.0,-750000.0,,60011000.0,,,130878000.0,994992000.0,622802000.0,,519991000.0,102811000.0,,102811000.0,1617794000.0,,291687000.0,294170000.0
Nabors Industries Ltd,NBR,,1163739,2014.0,FY,2014-01-01,2014-12-31,2017-02-27 19:17:56+00:00,-2.28,-2.28,,1145100000.0,-2.28,1005110000.0,62666000.0,,-669244000.0,-669265000.0,21000.0,-670659000.0,1415000.0,4505064000.0,6797896000.0,-1984000.0,-31386000.0,177948000.0,,49698000.0,500036000.0,4505064000.0,2292832000.0,11831000.0,2877892000.0,-585060000.0,-19555000.0,-604615000.0,6797896000.0,294100000.0,290694000.0,290694000.0
Nabors Industries Ltd,NBR,,1163739,2014.0,Q4,2014-10-01,2014-12-31,,-3.02,-3.02,,293572000.0,-3.0,988643000.0,-23609000.0,,-890868000.0,-886401000.0,-4467000.0,-891070000.0,202000.0,1194844000.0,1775361000.0,,-31386000.0,133138000.0,,49698000.0,93173000.0,1194844000.0,580517000.0,99083000.0,1558224000.0,-977707000.0,67697000.0,-910010000.0,1775361000.0,294100000.0,290694000.0,290694000.0
Nabors Industries Ltd,NBR,,1163739,2014.0,Q3,2014-07-01,2014-09-30,2015-11-06 17:27:15+00:00,0.36,0.36,,286581000.0,0.35,-1513000.0,61511000.0,,106435000.0,102430000.0,4005000.0,106048000.0,387000.0,1181986000.0,1810911000.0,,,,,,138967000.0,1181986000.0,628925000.0,-40949000.0,424035000.0,204890000.0,-40949000.0,163941000.0,1810911000.0,294600000.0,292621000.0,295005000.0
Nabors Industries Ltd,NBR,,1163739,2014.0,Q3YTD,2014-01-01,2014-09-30,,0.74,0.74,,851528000.0,0.72,16467000.0,86275000.0,,221624000.0,217136000.0,4488000.0,220411000.0,1213000.0,3310220000.0,5022535000.0,-1984000.0,,44810000.0,,,406863000.0,3310220000.0,1712315000.0,-87252000.0,1319668000.0,392647000.0,-87252000.0,305395000.0,5022535000.0,294600000.0,292621000.0,295005000.0
Nabors Industries Ltd,NBR,,1163739,2014.0,Q3TTM,2013-10-01,2014-09-30,,1.22,1.23,,1129186000.0,1.22,-10778000.0,59892000.0,,373253000.0,345652000.0,27601000.0,371014000.0,2239000.0,4343061000.0,6532454000.0,-2734000.0,-37977000.0,91885000.0,,45440000.0,496730000.0,4343061000.0,2189393000.0,9325000.0,1752463000.0,436930000.0,-28652000.0,408278000.0,6532454000.0,294600000.0,292621000.0,295005000.0
Nabors Industries Ltd,NBR,,1163739,2014.0,Q2YTD,2014-01-01,2014-06-30,,0.38,0.38,,564947000.0,0.37,17980000.0,24764000.0,,115189000.0,114706000.0,483000.0,114363000.0,826000.0,2128234000.0,3211624000.0,-1984000.0,,44810000.0,,,267896000.0,2128234000.0,1083390000.0,-46303000.0,895633000.0,187757000.0,-46303000.0,141454000.0,3211624000.0,306900000.0,297984000.0,300981000.0
Nabors Industries Ltd,NBR,,1163739,2014.0,Q2TTM,2013-07-01,2014-06-30,,0.86,0.52,,1116049000.0,0.52,236242000.0,-46303000.0,,161878000.0,152712000.0,9166000.0,159585000.0,2293000.0,4142760000.0,6271737000.0,-3484000.0,-37977000.0,147944000.0,,45440000.0,485706000.0,4142760000.0,2128977000.0,50274000.0,2031381000.0,97596000.0,12297000.0,109893000.0,6271737000.0,306900000.0,297984000.0,300981000.0
Nabors Industries Ltd,NBR,,1163739,2014.0,Q2,2014-04-01,2014-06-30,2015-08-05 15:59:17+00:00,0.21,0.21,,282820000.0,0.21,16504000.0,10756000.0,,64697000.0,65729000.0,-1032000.0,64444000.0,253000.0,1066495000.0,1623471000.0,-1234000.0,,,,,133630000.0,1066495000.0,556976000.0,-46303000.0,432954000.0,124022000.0,-46303000.0,77719000.0,1623471000.0,306900000.0,297984000.0,300981000.0
Nabors Industries Ltd,NBR,,1163739,2014.0,Q1,2014-01-01,2014-03-31,2015-05-04 16:33:20+00:00,0.17,0.17,,282127000.0,0.16,1476000.0,14008000.0,,50492000.0,48977000.0,1515000.0,49919000.0,573000.0,1061739000.0,1588153000.0,-750000.0,,44810000.0,,,134266000.0,1061739000.0,526414000.0,,462679000.0,63735000.0,,63735000.0,1588153000.0,293600000.0,296210000.0,299050000.0
Nabors Industries Ltd,NBR,,1163739,2014.0,Q1TTM,2013-04-01,2014-03-31,,0.64,0.3,,1099439000.0,0.3,228980000.0,-51027000.0,,98436000.0,115111000.0,-16675000.0,90780000.0,7656000.0,4048575000.0,6122413000.0,-3000000.0,-37977000.0,208217000.0,,45440000.0,483278000.0,4048575000.0,2073838000.0,96577000.0,2065354000.0,8484000.0,58600000.0,67084000.0,6122413000.0,293600000.0,296210000.0,299050000.0
Nabors Industries Ltd,NBR,,1163739,2015.0,FY,2015-01-01,2015-12-31,2018-03-01 15:25:17+00:00,-1.29,-1.29,0.24,970459000.0,-1.29,368967000.0,-98038000.0,,-372294000.0,-329497000.0,-42797000.0,-372675000.0,381000.0,2371436000.0,3789356000.0,,39172000.0,181928000.0,,41253000.0,324328000.0,2371436000.0,1417920000.0,2308000.0,1886935000.0,-469015000.0,41480000.0,-427535000.0,3789356000.0,288900000.0,282982000.0,282982000.0
Nabors Industries Ltd,NBR,,1163739,2015.0,Q4,2015-10-01,2015-12-31,,-0.57,-0.57,0.24,231137000.0,-0.56,368967000.0,-62880000.0,,-162820000.0,-161090000.0,-1730000.0,-163654000.0,834000.0,445130000.0,693505000.0,,244399000.0,46410000.0,,9354000.0,61056000.0,445130000.0,248375000.0,180000.0,716924000.0,-468549000.0,244579000.0,-223970000.0,693505000.0,288900000.0,282982000.0,282982000.0
Nabors Industries Ltd,NBR,,1163739,2015.0,Q3,2015-07-01,2015-09-30,2016-11-02 06:29:24+00:00,-1.02,-1.02,,240107000.0,-1.02,,-80898000.0,,-296154000.0,-250879000.0,-45275000.0,-295834000.0,-320000.0,518174000.0,812453000.0,,-259731000.0,44448000.0,,9716000.0,72032000.0,518174000.0,294279000.0,-22000.0,366303000.0,-72024000.0,-259753000.0,-331777000.0,812453000.0,290000000.0,284112000.0,284112000.0
Nabors Industries Ltd,NBR,,1163739,2015.0,Q3YTD,2015-01-01,2015-09-30,,-0.72,-0.72,,739322000.0,-0.73,,-35158000.0,,-209474000.0,-168407000.0,-41067000.0,-209021000.0,-453000.0,1926306000.0,3095851000.0,,-205227000.0,135518000.0,,31899000.0,263272000.0,1926306000.0,1169545000.0,2128000.0,1170011000.0,-466000.0,-203099000.0,-203565000.0,3095851000.0,290000000.0,284112000.0,284112000.0
Nabors Industries Ltd,NBR,,1163739,2015.0,Q3TTM,2014-10-01,2015-09-30,,-3.74,-3.74,,1032894000.0,-3.73,988643000.0,-58767000.0,,-1100342000.0,-1054808000.0,-45534000.0,-1100091000.0,-251000.0,3121150000.0,4871212000.0,,-236613000.0,268656000.0,,81597000.0,356445000.0,3121150000.0,1750062000.0,101211000.0,2728235000.0,-978173000.0,-135402000.0,-1113575000.0,4871212000.0,290000000.0,284112000.0,284112000.0
Nabors Industries Ltd,NBR,,1163739,2015.0,Q2,2015-04-01,2015-06-30,2016-08-03 16:47:02+00:00,-0.13,-0.13,,218196000.0,-0.13,,66445000.0,,-36865000.0,-41890000.0,5025000.0,-36821000.0,-44000.0,488522000.0,862189000.0,,-1338000.0,44469000.0,,10480000.0,75810000.0,488522000.0,373667000.0,1181000.0,348955000.0,24712000.0,-157000.0,24555000.0,862189000.0,283200000.0,286085000.0,286085000.0
Nabors Industries Ltd,NBR,,1163739,2015.0,Q2YTD,2015-01-01,2015-06-30,,0.3,0.3,,499215000.0,0.29,,45740000.0,,86680000.0,82472000.0,4208000.0,86813000.0,-133000.0,1408132000.0,2283398000.0,,54504000.0,91070000.0,,22183000.0,191240000.0,1408132000.0,875266000.0,2150000.0,803708000.0,71558000.0,56654000.0,128212000.0,2283398000.0,283200000.0,286085000.0,286085000.0
Nabors Industries Ltd,NBR,,1163739,2015.0,Q2TTM,2014-07-01,2015-06-30,,-2.36,-2.36,,1079368000.0,-2.36,987130000.0,83642000.0,,-697753000.0,-701499000.0,3746000.0,-698209000.0,456000.0,3784962000.0,5869670000.0,,23118000.0,224208000.0,,71881000.0,423380000.0,3784962000.0,2084708000.0,60284000.0,2785967000.0,-701259000.0,83402000.0,-617857000.0,5869670000.0,283200000.0,286085000.0,286085000.0
Nabors Industries Ltd,NBR,,1163739,2015.0,Q1,2015-01-01,2015-03-31,2016-05-03 16:50:34+00:00,0.43,0.43,,281019000.0,0.42,,-20705000.0,,123545000.0,124362000.0,-817000.0,123634000.0,-89000.0,919610000.0,1421209000.0,,55842000.0,46601000.0,,11703000.0,115430000.0,919610000.0,501599000.0,969000.0,454753000.0,46846000.0,56811000.0,103657000.0,1421209000.0,287500000.0,285361000.0,286173000.0
Nabors Industries Ltd,NBR,,1163739,2015.0,Q1TTM,2014-04-01,2015-03-31,,-2.02,-2.02,,1143992000.0,-2.02,1003634000.0,27953000.0,,-596191000.0,-593880000.0,-2311000.0,-596944000.0,753000.0,4362935000.0,6630952000.0,-1234000.0,24456000.0,179739000.0,,61401000.0,481200000.0,4362935000.0,2268017000.0,12800000.0,2869966000.0,-601949000.0,37256000.0,-564693000.0,6630952000.0,287500000.0,285361000.0,286173000.0
Nabors Industries Ltd,NBR,,1163739,2016.0,FY,2016-01-01,2016-12-31,2019-02-28 17:14:00+00:00,-3.64,-3.64,0.24,871631000.0,-3.64,498499000.0,-186831000.0,,-1029607000.0,-1011244000.0,-18363000.0,-1029742000.0,135000.0,1344298000.0,2005925000.0,,-44174000.0,185360000.0,,33582000.0,227639000.0,1344298000.0,661627000.0,1183000.0,1816711000.0,-1155084000.0,-42991000.0,-1198075000.0,2005925000.0,282900000.0,276475000.0,276475000.0
Nabors Industries Ltd,NBR,,1163739,2016.0,Q4,2016-10-01,2016-12-31,,-1.19,-1.19,0.06,216187000.0,-1.19,498499000.0,-62533000.0,,-334462000.0,-330196000.0,-4266000.0,-335587000.0,1125000.0,331560000.0,538952000.0,,223229000.0,47557000.0,,8764000.0,52603000.0,331560000.0,207392000.0,260000.0,823610000.0,-616218000.0,223489000.0,-392729000.0,538952000.0,282900000.0,276475000.0,276475000.0
Nabors Industries Ltd,NBR,,1163739,2016.0,Q3,2016-07-01,2016-09-30,2017-11-03 16:59:53+00:00,-0.39,-0.39,0.06,220713000.0,-0.39,,-31051000.0,,-110026000.0,-97839000.0,-12187000.0,-111211000.0,1185000.0,306436000.0,519731000.0,,-10392000.0,46836000.0,,8476000.0,56078000.0,306436000.0,213295000.0,310000.0,332103000.0,-118808000.0,-10082000.0,-128890000.0,519731000.0,285200000.0,276707000.0,276707000.0
Nabors Industries Ltd,NBR,,1163739,2016.0,Q3YTD,2016-01-01,2016-09-30,,-2.45,-2.45,0.18,655444000.0,-2.45,,-124298000.0,,-695145000.0,-681048000.0,-14097000.0,-694155000.0,-990000.0,1012738000.0,1466973000.0,,-267403000.0,137803000.0,,24818000.0,175036000.0,1012738000.0,454235000.0,923000.0,993101000.0,-538866000.0,-266480000.0,-805346000.0,1466973000.0,285200000.0,276707000.0,276707000.0
Nabors Industries Ltd,NBR,,1163739,2016.0,Q3TTM,2015-10-01,2016-09-30,,-3.02,-3.02,0.42,886581000.0,-3.01,368967000.0,-187178000.0,,-857965000.0,-842138000.0,-15827000.0,-857809000.0,-156000.0,1457868000.0,2160478000.0,,-23004000.0,184213000.0,,34172000.0,236092000.0,1457868000.0,702610000.0,1103000.0,1710025000.0,-1007415000.0,-21901000.0,-1029316000.0,2160478000.0,285200000.0,276707000.0,276707000.0
Nabors Industries Ltd,NBR,,1163739,2016.0,Q2,2016-04-01,2016-06-30,2017-08-03 16:50:53+00:00,-0.65,-0.65,0.06,218913000.0,-0.65,,-41183000.0,,-187549000.0,-186565000.0,-984000.0,-184650000.0,-2899000.0,341279000.0,516822000.0,,-74607000.0,45237000.0,,8180000.0,56624000.0,341279000.0,175543000.0,270000.0,328954000.0,-153411000.0,-74337000.0,-227748000.0,516822000.0,284100000.0,276550000.0,276550000.0
Nabors Industries Ltd,NBR,,1163739,2016.0,Q2YTD,2016-01-01,2016-06-30,,-2.06,-2.06,0.12,434731000.0,-2.06,,-93247000.0,,-585119000.0,-583209000.0,-1910000.0,-582944000.0,-2175000.0,706302000.0,947242000.0,,-257011000.0,90967000.0,,16342000.0,118958000.0,706302000.0,240940000.0,613000.0,660998000.0,-420058000.0,-256398000.0,-676456000.0,947242000.0,284100000.0,276550000.0,276550000.0
Nabors Industries Ltd,NBR,,1163739,2016.0,Q2TTM,2015-07-01,2016-06-30,,-3.65,-3.65,0.36,905975000.0,-3.64,368967000.0,-237025000.0,,-1044093000.0,-995178000.0,-48915000.0,-1042432000.0,-1661000.0,1669606000.0,2453200000.0,,-272343000.0,181825000.0,,35412000.0,252046000.0,1669606000.0,783594000.0,771000.0,1744225000.0,-960631000.0,-271572000.0,-1232203000.0,2453200000.0,284100000.0,276550000.0,276550000.0
Nabors Industries Ltd,NBR,,1163739,2016.0,Q1,2016-01-01,2016-03-31,2017-04-28 17:24:49+00:00,-1.41,-1.41,0.06,215818000.0,-1.41,,-52064000.0,,-397570000.0,-396644000.0,-926000.0,-398294000.0,724000.0,365023000.0,430420000.0,,-182404000.0,45730000.0,,8162000.0,62334000.0,365023000.0,65397000.0,343000.0,332044000.0,-266647000.0,-182061000.0,-448708000.0,430420000.0,282500000.0,275851000.0,275851000.0
Nabors Industries Ltd,NBR,,1163739,2016.0,Q1TTM,2015-04-01,2016-03-31,,-3.13,-3.13,0.3,905258000.0,-3.12,368967000.0,-129397000.0,,-893409000.0,-850503000.0,-42906000.0,-894603000.0,1194000.0,1816849000.0,2798567000.0,,-199074000.0,181057000.0,,37712000.0,271232000.0,1816849000.0,981718000.0,1682000.0,1764226000.0,-782508000.0,-197392000.0,-979900000.0,2798567000.0,282500000.0,275851000.0,275851000.0
Nabors Industries Ltd,NBR,,1163739,2017.0,FY,2017-01-01,2017-12-31,2020-02-25 16:53:45+00:00,-1.9,-1.9,0.24,842943000.0,-1.9,44536000.0,-82970000.0,,-540633000.0,-497114000.0,-43519000.0,-546811000.0,6178000.0,1718069000.0,2564292000.0,,-14880000.0,222889000.0,,51069000.0,251184000.0,1718069000.0,846223000.0,1194000.0,1412621000.0,-566398000.0,-13686000.0,-580084000.0,2564292000.0,287800000.0,280653000.0,280653000.0
Nabors Industries Ltd,NBR,,1163739,2017.0,Q4,2017-10-01,2017-12-31,,-0.4,-0.4,0.12,214106000.0,-0.4,44536000.0,-23156000.0,,-115167000.0,-114725000.0,-442000.0,-116344000.0,1177000.0,471641000.0,708070000.0,,14293000.0,57076000.0,,15009000.0,59070000.0,471641000.0,236429000.0,1194000.0,389797000.0,-153368000.0,15487000.0,-137881000.0,708070000.0,287800000.0,280653000.0,280653000.0
Nabors Industries Ltd,NBR,,1163739,2017.0,Q3,2017-07-01,2017-09-30,2018-11-06 19:06:38+00:00,-0.52,-0.52,,217075000.0,-0.52,,-14709000.0,,-146419000.0,-119285000.0,-27134000.0,-148532000.0,2113000.0,441263000.0,662480000.0,,-5559000.0,54607000.0,,12960000.0,65010000.0,441263000.0,221217000.0,,349652000.0,-128435000.0,-5559000.0,-133994000.0,662480000.0,285600000.0,279313000.0,279313000.0
Nabors Industries Ltd,NBR,,1163739,2017.0,Q3YTD,2017-01-01,2017-09-30,,-1.5,-1.5,0.12,628837000.0,-1.5,,-59814000.0,,-425466000.0,-382389000.0,-43077000.0,-430467000.0,5001000.0,1246428000.0,1856222000.0,,-29173000.0,165813000.0,,36060000.0,192114000.0,1246428000.0,609794000.0,,1022824000.0,-413030000.0,-29173000.0,-442203000.0,1856222000.0,285600000.0,279313000.0,279313000.0
Nabors Industries Ltd,NBR,,1163739,2017.0,Q3TTM,2016-10-01,2017-09-30,,-2.69,-2.69,0.18,845024000.0,-2.69,498499000.0,-122347000.0,,-759928000.0,-712585000.0,-47343000.0,-766054000.0,6126000.0,1577988000.0,2395174000.0,,194056000.0,213370000.0,,44824000.0,244717000.0,1577988000.0,817186000.0,260000.0,1846434000.0,-1029248000.0,194316000.0,-834932000.0,2395174000.0,285600000.0,279313000.0,279313000.0
Nabors Industries Ltd,NBR,,1163739,2017.0,Q2,2017-04-01,2017-06-30,2018-08-01 17:30:27+00:00,-0.46,-0.46,0.06,208090000.0,-0.46,,-19496000.0,,-130980000.0,-115476000.0,-15504000.0,-132951000.0,1971000.0,417521000.0,630469000.0,,-10104000.0,54688000.0,,11343000.0,63695000.0,417521000.0,212948000.0,,337816000.0,-124868000.0,-10104000.0,-134972000.0,630469000.0,289000000.0,278916000.0,278916000.0
Nabors Industries Ltd,NBR,,1163739,2017.0,Q2YTD,2017-01-01,2017-06-30,,-0.98,-0.98,0.12,411762000.0,-0.98,,-45105000.0,,-279047000.0,-263104000.0,-15943000.0,-281935000.0,2888000.0,805165000.0,1193742000.0,,-23614000.0,111206000.0,,23100000.0,127104000.0,805165000.0,388577000.0,,673172000.0,-284595000.0,-23614000.0,-308209000.0,1193742000.0,289000000.0,278916000.0,278916000.0
Nabors Industries Ltd,NBR,,1163739,2017.0,Q2TTM,2016-07-01,2017-06-30,,-2.56,-2.56,0.24,848662000.0,-2.56,498499000.0,-138689000.0,,-723535000.0,-691139000.0,-32396000.0,-728733000.0,5198000.0,1443161000.0,2252425000.0,,189223000.0,205599000.0,,40340000.0,235785000.0,1443161000.0,809264000.0,570000.0,1828885000.0,-1019621000.0,189793000.0,-829828000.0,2252425000.0,289000000.0,278916000.0,278916000.0
Nabors Industries Ltd,NBR,,1163739,2017.0,Q1,2017-01-01,2017-03-31,2018-05-02 18:28:13+00:00,-0.52,-0.52,0.06,203672000.0,-0.52,,-25609000.0,,-148067000.0,-147628000.0,-439000.0,-148984000.0,917000.0,387644000.0,563273000.0,,-13510000.0,56518000.0,,11757000.0,63409000.0,387644000.0,175629000.0,,335356000.0,-159727000.0,-13510000.0,-173237000.0,563273000.0,286500000.0,277781000.0,277781000.0
Nabors Industries Ltd,NBR,,1163739,2017.0,Q1TTM,2016-04-01,2017-03-31,,-2.75,-2.75,0.24,859485000.0,-2.75,498499000.0,-160376000.0,,-780104000.0,-762228000.0,-17876000.0,-780432000.0,328000.0,1366919000.0,2138778000.0,,124720000.0,196148000.0,,37177000.0,228714000.0,1366919000.0,771859000.0,840000.0,1820023000.0,-1048164000.0,125560000.0,-922604000.0,2138778000.0,286500000.0,277781000.0,277781000.0
Nabors Industries Ltd,NBR,,1163739,2018.0,FY,2018-01-01,2018-12-31,2020-02-25 16:53:45+00:00,-1.99,-1.99,0.24,866870000.0,-1.99,144446000.0,79269000.0,,-612726000.0,-598063000.0,-14663000.0,-653253000.0,28222000.0,1976974000.0,3057620000.0,,-29532000.0,227124000.0,12305000.0,56147000.0,265822000.0,1976974000.0,1080646000.0,-9499000.0,1560409000.0,-479763000.0,-39031000.0,-518794000.0,3057620000.0,328300000.0,334397000.0,334397000.0
Nabors Industries Ltd,NBR,,1163739,2018.0,Q4,2018-10-01,2018-12-31,,-0.57,-0.57,0.06,226643000.0,-0.57,61056000.0,21957000.0,,-165622000.0,-165551000.0,-71000.0,-187730000.0,17796000.0,510402000.0,786121000.0,,1675000.0,53731000.0,4312000.0,13444000.0,56615000.0,510402000.0,275719000.0,-9499000.0,411489000.0,-135770000.0,-7824000.0,-143594000.0,786121000.0,328300000.0,334397000.0,334397000.0
Nabors Industries Ltd,NBR,,1163739,2018.0,Q3,2018-07-01,2018-09-30,2019-11-01 16:07:03+00:00,-0.35,-0.35,0.06,208517000.0,-0.35,13770000.0,10489000.0,,-107643000.0,-93710000.0,-13933000.0,-118890000.0,6934000.0,497194000.0,778083000.0,,-9137000.0,51415000.0,4313000.0,14458000.0,66813000.0,497194000.0,280889000.0,,354973000.0,-74084000.0,-9137000.0,-83221000.0,778083000.0,339700000.0,350194000.0,350194000.0
Nabors Industries Ltd,NBR,,1163739,2018.0,Q3YTD,2018-01-01,2018-09-30,,-1.42,-1.42,0.18,640227000.0,-1.42,83390000.0,57312000.0,,-447104000.0,-432512000.0,-14592000.0,-465523000.0,10426000.0,1466572000.0,2271499000.0,,-31207000.0,173393000.0,7993000.0,42703000.0,209207000.0,1466572000.0,804927000.0,,1148920000.0,-343993000.0,-31207000.0,-375200000.0,2271499000.0,339700000.0,350194000.0,350194000.0
Nabors Industries Ltd,NBR,,1163739,2018.0,Q3TTM,2017-10-01,2018-09-30,,-1.82,-1.82,0.3,854333000.0,-1.82,127926000.0,34156000.0,,-562271000.0,-547237000.0,-15034000.0,-581867000.0,11603000.0,1938213000.0,2979569000.0,,-16914000.0,230469000.0,7993000.0,57712000.0,268277000.0,1938213000.0,1041356000.0,1194000.0,1538717000.0,-497361000.0,-15720000.0,-513081000.0,2979569000.0,339700000.0,350194000.0,350194000.0
Nabors Industries Ltd,NBR,,1163739,2018.0,Q2,2018-04-01,2018-06-30,2019-07-31 19:29:18+00:00,-0.61,-0.61,0.06,218262000.0,-0.61,69620000.0,23278000.0,,-195799000.0,-195215000.0,-584000.0,-202432000.0,2953000.0,493975000.0,758755000.0,,-7981000.0,60592000.0,3680000.0,12439000.0,67823000.0,493975000.0,264780000.0,,428736000.0,-163956000.0,-7981000.0,-171937000.0,758755000.0,331900000.0,328372000.0,328372000.0
Nabors Industries Ltd,NBR,,1163739,2018.0,Q2YTD,2018-01-01,2018-06-30,,-1.07,-1.07,0.12,431710000.0,-1.07,69620000.0,46823000.0,,-339461000.0,-338802000.0,-659000.0,-346633000.0,3492000.0,969378000.0,1493416000.0,,-22070000.0,121978000.0,3680000.0,28245000.0,142394000.0,969378000.0,524038000.0,,793947000.0,-269909000.0,-22070000.0,-291979000.0,1493416000.0,331900000.0,328372000.0,328372000.0
Nabors Industries Ltd,NBR,,1163739,2018.0,Q2TTM,2017-07-01,2018-06-30,,-1.99,-1.99,0.24,862891000.0,-1.99,114156000.0,8958000.0,,-601047000.0,-572812000.0,-28235000.0,-611509000.0,6782000.0,1882282000.0,2863966000.0,,-13336000.0,233661000.0,3680000.0,56214000.0,266474000.0,1882282000.0,981684000.0,1194000.0,1533396000.0,-551712000.0,-12142000.0,-563854000.0,2863966000.0,331900000.0,328372000.0,328372000.0
Nabors Industries Ltd,NBR,,1163739,2018.0,Q1,2018-01-01,2018-03-31,2019-05-01 17:09:20+00:00,-0.46,-0.46,0.06,213448000.0,-0.46,,23545000.0,,-143662000.0,-143587000.0,-75000.0,-144201000.0,539000.0,475403000.0,734661000.0,,-14089000.0,61386000.0,,15806000.0,74571000.0,475403000.0,259258000.0,,365211000.0,-105953000.0,-14089000.0,-120042000.0,734661000.0,313500000.0,308788000.0,308788000.0
Nabors Industries Ltd,NBR,,1163739,2018.0,Q1TTM,2017-04-01,2018-03-31,,-1.84,-1.84,0.24,852719000.0,-1.84,44536000.0,-33816000.0,,-536228000.0,-493073000.0,-43155000.0,-542028000.0,5800000.0,1805828000.0,2735680000.0,,-15459000.0,227757000.0,,55118000.0,262346000.0,1805828000.0,929852000.0,1194000.0,1442476000.0,-512624000.0,-14265000.0,-526889000.0,2735680000.0,313500000.0,308788000.0,308788000.0
Nabors Industries Ltd,NBR,,1163739,2019.0,Q4,2019-10-01,2019-12-31,,-0.76,-0.76,0.02,225824000.0,-0.76,184272000.0,26476000.0,,-284511000.0,-284533000.0,22000.0,-266993000.0,-21827000.0,436249000.0,715229000.0,,-2818000.0,49177000.0,4309000.0,12915000.0,62572000.0,436249000.0,278980000.0,541000.0,534760000.0,-255780000.0,-2277000.0,-258057000.0,715229000.0,341300000.0,351617000.0,351617000.0
Nabors Industries Ltd,NBR,,1163739,2019.0,FY,2019-01-01,2019-12-31,2020-02-25 16:53:45+00:00,-2.11,-2.11,0.04,876091000.0,-2.11,290471000.0,91576000.0,,-680510000.0,-680498000.0,-12000.0,-720129000.0,22375000.0,1929331000.0,3043378000.0,,-33224000.0,204311000.0,17244000.0,50359000.0,258731000.0,1929331000.0,1114047000.0,10218000.0,1679963000.0,-565916000.0,-23006000.0,-588922000.0,3043378000.0,341300000.0,351617000.0,351617000.0
Nabors Industries Ltd,NBR,,1163739,2019.0,Q3YTD,2019-01-01,2019-09-30,,-1.29,-1.29,0.13,650267000.0,-1.29,106199000.0,65100000.0,,-395999000.0,-395965000.0,-34000.0,-453136000.0,44202000.0,1493082000.0,2328149000.0,,-30406000.0,155134000.0,12935000.0,37444000.0,196159000.0,1493082000.0,835067000.0,9677000.0,1145203000.0,-310136000.0,-20729000.0,-330865000.0,2328149000.0,333100000.0,352026000.0,352026000.0
Nabors Industries Ltd,NBR,,1163739,2019.0,Q3TTM,2018-10-01,2019-09-30,,-1.82,-1.82,0.21,876910000.0,-1.82,167255000.0,87057000.0,,-561621000.0,-561516000.0,-105000.0,-640866000.0,61998000.0,2003484000.0,3114270000.0,,-28731000.0,208865000.0,17247000.0,50888000.0,252774000.0,2003484000.0,1110786000.0,178000.0,1556692000.0,-445906000.0,-28553000.0,-474459000.0,3114270000.0,333100000.0,352026000.0,352026000.0
Nabors Industries Ltd,NBR,,1163739,2019.0,Q3,2019-07-01,2019-09-30,2019-11-01 16:07:03+00:00,-0.37,-0.37,0.01,221557000.0,-0.37,3629000.0,23903000.0,,-99631000.0,-99788000.0,157000.0,-123238000.0,19297000.0,475461000.0,756639000.0,,-5005000.0,51291000.0,4310000.0,12004000.0,63577000.0,475461000.0,281178000.0,,352058000.0,-70880000.0,-5005000.0,-75885000.0,756639000.0,333100000.0,352026000.0,352026000.0
Nabors Industries Ltd,NBR,,1163739,2019.0,Q2YTD,2019-01-01,2019-06-30,,-0.94,-0.94,0.1,428710000.0,-0.94,102570000.0,41197000.0,,-296368000.0,-296177000.0,-191000.0,-329898000.0,24905000.0,1017621000.0,1571510000.0,,-25401000.0,103843000.0,8625000.0,25440000.0,132582000.0,1017621000.0,553889000.0,9677000.0,793145000.0,-239256000.0,-15724000.0,-254980000.0,1571510000.0,340800000.0,351543000.0,351543000.0
Nabors Industries Ltd,NBR,,1163739,2019.0,Q2TTM,2018-07-01,2019-06-30,,-1.81,-1.81,0.25,863870000.0,-1.81,177396000.0,73643000.0,,-569633000.0,-555438000.0,-14195000.0,-636518000.0,49635000.0,2025217000.0,3135714000.0,,-32863000.0,208989000.0,17250000.0,53342000.0,256010000.0,2025217000.0,1110497000.0,178000.0,1559607000.0,-449110000.0,-32685000.0,-481795000.0,3135714000.0,340800000.0,351543000.0,351543000.0
Nabors Industries Ltd,NBR,,1163739,2019.0,Q2,2019-04-01,2019-06-30,2019-07-31 19:29:18+00:00,-0.61,-0.61,0.01,218319000.0,-0.61,102570000.0,11398000.0,,-192835000.0,-192801000.0,-34000.0,-207876000.0,10729000.0,496664000.0,771875000.0,,-7899000.0,51491000.0,4312000.0,11920000.0,64415000.0,496664000.0,275211000.0,,448715000.0,-173504000.0,-7899000.0,-181403000.0,771875000.0,340800000.0,351543000.0,351543000.0
Nabors Industries Ltd,NBR,,1163739,2019.0,Q1,2019-01-01,2019-03-31,2020-05-08 17:19:29+00:00,-18.13,-18.13,0.01,210391000.0,-18.13,,29799000.0,,-103533000.0,-103376000.0,-157000.0,-122022000.0,14176000.0,520957000.0,799635000.0,,-17502000.0,52352000.0,4313000.0,13520000.0,68167000.0,520957000.0,278678000.0,9677000.0,344430000.0,-65752000.0,-7825000.0,-73577000.0,799635000.0,6700000.0,7015000.0,7015000.0
Nabors Industries Ltd,NBR,,1163739,2019.0,Q1TTM,2018-04-01,2019-03-31,,-89.96,-89.96,13.19,863813000.0,-89.96,144446000.0,85523000.0,,-572597000.0,-557852000.0,-14745000.0,-631074000.0,41859000.0,2022528000.0,3122594000.0,,-32945000.0,218090000.0,16618000.0,53861000.0,259418000.0,2022528000.0,1100066000.0,178000.0,1539628000.0,-439562000.0,-32767000.0,-472329000.0,3122594000.0,6700000.0,7015000.0,7015000.0
Nabors Industries Ltd,NBR,,1163739,2020.0,Q1TTM,2019-04-01,2020-03-31,,-140.91,-140.91,7.68,892763000.0,-140.91,566905000.0,79470000.0,,-951339000.0,-951391000.0,52000.0,-993586000.0,25664000.0,1870214000.0,2962107000.0,,1388000.0,206681000.0,16583000.0,48248000.0,247948000.0,1870214000.0,1091893000.0,-2657000.0,1962545000.0,-870652000.0,-1269000.0,-871921000.0,2962107000.0,7000000.0,7051000.0,7051000.0
Nabors Industries Ltd,NBR,,1163739,2020.0,Q1,2020-01-01,2020-03-31,2020-05-08 17:19:29+00:00,-56.73,-56.73,0.01,227063000.0,-56.73,276434000.0,17693000.0,,-374362000.0,-374269000.0,-93000.0,-395479000.0,17465000.0,461840000.0,718364000.0,,17110000.0,54722000.0,3652000.0,11409000.0,57384000.0,461840000.0,256524000.0,-3198000.0,627012000.0,-370488000.0,13912000.0,-356576000.0,718364000.0,7000000.0,7051000.0,7051000.0
