company_name,company_ticker,company_lei,company_cik,year,quarter,start_date,end_date,filing_date,amortizationexpense,basicdilutedeps,basiceps,cashdividendspershare,dilutedeps,incometaxexpense,netincome,netincomecontinuing,netincomediscontinued,netincometocommon,netincometononcontrollinginterest,operatingcostofrevenue,operatingrevenue,otherincome,rdexpense,sgaexpense,totalcostofrevenue,totalgrossprofit,totalinterestexpense,totaloperatingexpenses,totaloperatingincome,totalotherincome,totalpretaxincome,totalrevenue,weightedavebasicdilutedsharesos,weightedavebasicsharesos,weightedavedilutedsharesos
Westinghouse Air Brake Technologies Corp,WAB,06BTX5UWZD0GQ5N5Y745,943452,2008.0,FY,2008-01-01,2008-12-31,2011-02-25 13:05:53+00:00,5092000.0,2.69,2.69,0.04,2.66,73746000.0,130551000.0,130554000.0,-3000.0,130551000.0,,1147563000.0,1574749000.0,292000.0,38981000.0,170597000.0,1147563000.0,427186000.0,8508000.0,214670000.0,212516000.0,-8216000.0,204300000.0,1574749000.0,48500000.0,48232000.0,48847000.0
Westinghouse Air Brake Technologies Corp,WAB,06BTX5UWZD0GQ5N5Y745,943452,2009.0,FY,2009-01-01,2009-12-31,2012-02-24 13:05:42+00:00,9849000.0,2.41,2.41,0.04,2.39,48304000.0,115055000.0,115055000.0,,115055000.0,,1008290000.0,1401616000.0,1000.0,42447000.0,160998000.0,1008290000.0,393326000.0,16674000.0,213294000.0,180032000.0,-16673000.0,163359000.0,1401616000.0,47700000.0,47499000.0,47977000.0
Westinghouse Air Brake Technologies Corp,WAB,06BTX5UWZD0GQ5N5Y745,943452,2009.0,Q3,2009-07-01,2009-09-30,2010-11-08 09:44:17+00:00,1748000.0,0.58,0.58,,0.57,15118000.0,27348000.0,27348000.0,,27348000.0,,235629000.0,330455000.0,394000.0,10157000.0,37162000.0,235629000.0,94826000.0,3687000.0,49067000.0,45759000.0,-3293000.0,42466000.0,330455000.0,47200000.0,47289000.0,47752000.0
Westinghouse Air Brake Technologies Corp,WAB,06BTX5UWZD0GQ5N5Y745,943452,2009.0,Q2,2009-04-01,2009-06-30,2010-08-05 15:05:11+00:00,2059000.0,0.65,0.65,,0.64,2232000.0,30836000.0,30836000.0,,30836000.0,,242350000.0,334013000.0,-134000.0,10765000.0,42112000.0,242350000.0,91663000.0,3525000.0,54936000.0,36727000.0,-3659000.0,33068000.0,334013000.0,47400000.0,47487000.0,48013000.0
Westinghouse Air Brake Technologies Corp,WAB,06BTX5UWZD0GQ5N5Y745,943452,2010.0,Q4,2010-10-01,2010-12-31,,3504000.0,0.65,0.65,0.01,0.65,16812000.0,30980000.0,30980000.0,,30980000.0,,275253000.0,393241000.0,366000.0,9721000.0,53414000.0,275253000.0,117988000.0,3923000.0,66639000.0,51349000.0,-3557000.0,47792000.0,393241000.0,47900000.0,47597000.0,48005000.0
Westinghouse Air Brake Technologies Corp,WAB,06BTX5UWZD0GQ5N5Y745,943452,2010.0,FY,2010-01-01,2010-12-31,2013-02-22 13:30:54+00:00,10173000.0,2.57,2.57,0.04,2.56,63728000.0,123099000.0,123099000.0,,123099000.0,,1057934000.0,1507012000.0,-60000.0,40203000.0,195892000.0,1057934000.0,449078000.0,15923000.0,246268000.0,202810000.0,-15983000.0,186827000.0,1507012000.0,47900000.0,47597000.0,48005000.0
Westinghouse Air Brake Technologies Corp,WAB,06BTX5UWZD0GQ5N5Y745,943452,2010.0,Q3YTD,2010-01-01,2010-09-30,,6669000.0,1.93,1.93,0.03,1.93,46916000.0,92119000.0,92119000.0,,92119000.0,,782681000.0,1113771000.0,-426000.0,30482000.0,142478000.0,782681000.0,331090000.0,12000000.0,179629000.0,151461000.0,-12426000.0,139035000.0,1113771000.0,47700000.0,47677000.0,48064000.0
Westinghouse Air Brake Technologies Corp,WAB,06BTX5UWZD0GQ5N5Y745,943452,2010.0,Q3,2010-07-01,2010-09-30,2011-11-09 12:42:16+00:00,2638000.0,0.64,0.64,,0.63,15302000.0,30544000.0,30544000.0,,30544000.0,,266470000.0,375707000.0,-791000.0,9362000.0,46604000.0,266470000.0,109237000.0,3996000.0,58604000.0,50633000.0,-4787000.0,45846000.0,375707000.0,47700000.0,47677000.0,48064000.0
Westinghouse Air Brake Technologies Corp,WAB,06BTX5UWZD0GQ5N5Y745,943452,2010.0,Q2YTD,2010-01-01,2010-06-30,,4031000.0,1.29,1.29,0.02,1.29,31614000.0,61575000.0,61575000.0,,61575000.0,,516211000.0,738064000.0,365000.0,21120000.0,95874000.0,516211000.0,221853000.0,8004000.0,121025000.0,100828000.0,-7639000.0,93189000.0,738064000.0,48000000.0,47725000.0,48089000.0
Westinghouse Air Brake Technologies Corp,WAB,06BTX5UWZD0GQ5N5Y745,943452,2010.0,Q2,2010-04-01,2010-06-30,2011-08-04 13:41:08+00:00,2144000.0,0.65,0.65,,0.65,15435000.0,31211000.0,31211000.0,,31211000.0,,260673000.0,374137000.0,1086000.0,10425000.0,51243000.0,260673000.0,113464000.0,4092000.0,63812000.0,49652000.0,-3006000.0,46646000.0,374137000.0,48000000.0,47725000.0,48089000.0
Westinghouse Air Brake Technologies Corp,WAB,06BTX5UWZD0GQ5N5Y745,943452,2010.0,Q1,2010-01-01,2010-03-31,2011-05-09 09:34:49+00:00,1887000.0,0.64,0.64,0.01,0.63,16179000.0,30364000.0,30364000.0,,30364000.0,,255538000.0,363927000.0,-721000.0,10695000.0,44631000.0,255538000.0,108389000.0,3912000.0,57213000.0,51176000.0,-4633000.0,46543000.0,363927000.0,47400000.0,47461000.0,47895000.0
Westinghouse Air Brake Technologies Corp,WAB,06BTX5UWZD0GQ5N5Y745,943452,2011.0,Q4,2011-10-01,2011-12-31,,4447000.0,0.48,0.48,0.02,0.48,23579000.0,46263000.0,46263000.0,,46263000.0,,387305000.0,534639000.0,1099000.0,9279000.0,61099000.0,387305000.0,147334000.0,3766000.0,74825000.0,72509000.0,-2667000.0,69842000.0,534639000.0,96100000.0,95639000.0,96657000.0
Westinghouse Air Brake Technologies Corp,WAB,06BTX5UWZD0GQ5N5Y745,943452,2011.0,FY,2011-01-01,2011-12-31,2014-02-21 16:09:45+00:00,14996000.0,1.77,1.77,0.04,1.76,85165000.0,170149000.0,170149000.0,,170149000.0,,1397213000.0,1967637000.0,-380000.0,37193000.0,247534000.0,1397213000.0,570424000.0,15007000.0,299723000.0,270701000.0,-15387000.0,255314000.0,1967637000.0,96100000.0,95639000.0,96657000.0
Westinghouse Air Brake Technologies Corp,WAB,06BTX5UWZD0GQ5N5Y745,943452,2011.0,Q3YTD,2011-01-01,2011-09-30,,10549000.0,2.59,2.59,0.05,2.59,61586000.0,123886000.0,123886000.0,,123886000.0,,1009908000.0,1432998000.0,-1479000.0,27914000.0,186435000.0,1009908000.0,423090000.0,11241000.0,224898000.0,198192000.0,-12720000.0,185472000.0,1432998000.0,48000000.0,47874000.0,48366000.0
Westinghouse Air Brake Technologies Corp,WAB,06BTX5UWZD0GQ5N5Y745,943452,2011.0,Q3TTM,2010-10-01,2011-09-30,,14053000.0,3.23,3.23,0.06,3.23,78398000.0,154866000.0,154866000.0,,154866000.0,,1285161000.0,1826239000.0,-1113000.0,37635000.0,239849000.0,1285161000.0,541078000.0,15164000.0,291537000.0,249541000.0,-16277000.0,233264000.0,1826239000.0,48000000.0,47874000.0,48366000.0
Westinghouse Air Brake Technologies Corp,WAB,06BTX5UWZD0GQ5N5Y745,943452,2011.0,Q3,2011-07-01,2011-09-30,2012-11-02 11:59:06+00:00,4128000.0,0.97,0.97,,0.96,23560000.0,46600000.0,46600000.0,,46600000.0,,351689000.0,498840000.0,-1529000.0,9894000.0,57676000.0,351689000.0,147151000.0,3764000.0,71698000.0,75453000.0,-5293000.0,70160000.0,498840000.0,48000000.0,47874000.0,48366000.0
Westinghouse Air Brake Technologies Corp,WAB,06BTX5UWZD0GQ5N5Y745,943452,2011.0,Q2YTD,2011-01-01,2011-06-30,,6421000.0,1.61,1.61,0.02,1.61,38026000.0,77286000.0,77286000.0,,77286000.0,,658219000.0,934158000.0,50000.0,18020000.0,128759000.0,658219000.0,275939000.0,7477000.0,153200000.0,122739000.0,-7427000.0,115312000.0,934158000.0,48400000.0,47950000.0,48463000.0
Westinghouse Air Brake Technologies Corp,WAB,06BTX5UWZD0GQ5N5Y745,943452,2011.0,Q2TTM,2010-07-01,2011-06-30,,12563000.0,2.89,2.89,0.04,2.89,70140000.0,138810000.0,138810000.0,,138810000.0,,1199942000.0,1703106000.0,-375000.0,37103000.0,228777000.0,1199942000.0,503164000.0,15396000.0,278443000.0,224721000.0,-15771000.0,208950000.0,1703106000.0,48400000.0,47950000.0,48463000.0
Westinghouse Air Brake Technologies Corp,WAB,06BTX5UWZD0GQ5N5Y745,943452,2011.0,Q2,2011-04-01,2011-06-30,2012-08-02 14:47:13+00:00,3307000.0,0.75,0.75,,0.75,15825000.0,36334000.0,36334000.0,,36334000.0,,336155000.0,478899000.0,-410000.0,9132000.0,73943000.0,336155000.0,142744000.0,3793000.0,86382000.0,56362000.0,-4203000.0,52159000.0,478899000.0,48400000.0,47950000.0,48463000.0
Westinghouse Air Brake Technologies Corp,WAB,06BTX5UWZD0GQ5N5Y745,943452,2011.0,Q1TTM,2010-04-01,2011-03-31,,11400000.0,2.8,2.8,0.04,2.8,69750000.0,133687000.0,133687000.0,,133687000.0,,1124460000.0,1598344000.0,1121000.0,38396000.0,206077000.0,1124460000.0,473884000.0,15695000.0,255873000.0,218011000.0,-14574000.0,203437000.0,1598344000.0,48200000.0,47738000.0,48251000.0
Westinghouse Air Brake Technologies Corp,WAB,06BTX5UWZD0GQ5N5Y745,943452,2011.0,Q1,2011-01-01,2011-03-31,2012-05-03 10:40:57+00:00,3114000.0,0.85,0.85,0.01,0.85,22201000.0,40952000.0,40952000.0,,40952000.0,,322064000.0,455259000.0,460000.0,8888000.0,54816000.0,322064000.0,133195000.0,3684000.0,66818000.0,66377000.0,-3224000.0,63153000.0,455259000.0,48200000.0,47738000.0,48251000.0
Westinghouse Air Brake Technologies Corp,WAB,06BTX5UWZD0GQ5N5Y745,943452,2012.0,Q4,2012-10-01,2012-12-31,,4984000.0,0.68,0.68,0.03,0.68,32363000.0,64765000.0,64765000.0,,64765000.0,,429920000.0,610400000.0,614000.0,10260000.0,64774000.0,429920000.0,180480000.0,3948000.0,80018000.0,100462000.0,-3334000.0,97128000.0,610400000.0,96100000.0,95469000.0,96742000.0
Westinghouse Air Brake Technologies Corp,WAB,06BTX5UWZD0GQ5N5Y745,943452,2012.0,FY,2012-01-01,2012-12-31,2015-02-20 14:12:04+00:00,15272000.0,2.62,2.62,0.08,2.6,125626000.0,251732000.0,251732000.0,,251732000.0,,1696555000.0,2391122000.0,-670000.0,41307000.0,245709000.0,1696555000.0,694567000.0,14251000.0,302288000.0,392279000.0,-14921000.0,377358000.0,2391122000.0,96100000.0,95469000.0,96742000.0
Westinghouse Air Brake Technologies Corp,WAB,06BTX5UWZD0GQ5N5Y745,943452,2012.0,Q3YTD,2012-01-01,2012-09-30,,10288000.0,1.96,1.96,0.06,1.96,93263000.0,186967000.0,186967000.0,,186967000.0,,1266635000.0,1780722000.0,-1284000.0,31047000.0,180935000.0,1266635000.0,514087000.0,10303000.0,222270000.0,291817000.0,-11587000.0,280230000.0,1780722000.0,95400000.0,95286000.0,96542000.0
Westinghouse Air Brake Technologies Corp,WAB,06BTX5UWZD0GQ5N5Y745,943452,2012.0,Q3TTM,2011-10-01,2012-09-30,,14735000.0,2.45,2.45,0.07,2.45,116842000.0,233230000.0,233230000.0,,233230000.0,,1653940000.0,2315361000.0,-185000.0,40326000.0,242034000.0,1653940000.0,661421000.0,14069000.0,297095000.0,364326000.0,-14254000.0,350072000.0,2315361000.0,95400000.0,95286000.0,96542000.0
Westinghouse Air Brake Technologies Corp,WAB,06BTX5UWZD0GQ5N5Y745,943452,2012.0,Q3,2012-07-01,2012-09-30,2013-10-31 17:14:17+00:00,3941000.0,0.66,0.66,,0.65,29385000.0,62994000.0,62994000.0,,62994000.0,,416314000.0,587593000.0,-1393000.0,10753000.0,59743000.0,416314000.0,171279000.0,3070000.0,74437000.0,96842000.0,-4463000.0,92379000.0,587593000.0,95400000.0,95286000.0,96542000.0
Westinghouse Air Brake Technologies Corp,WAB,06BTX5UWZD0GQ5N5Y745,943452,2012.0,Q2YTD,2012-01-01,2012-06-30,,6347000.0,1.3,1.3,0.03,1.3,63878000.0,123973000.0,123973000.0,,123973000.0,,850321000.0,1193129000.0,109000.0,20294000.0,121192000.0,850321000.0,342808000.0,7233000.0,147833000.0,194975000.0,-7124000.0,187851000.0,1193129000.0,96600000.0,95671000.0,96844000.0
Westinghouse Air Brake Technologies Corp,WAB,06BTX5UWZD0GQ5N5Y745,943452,2012.0,Q2TTM,2011-07-01,2012-06-30,,14922000.0,2.27,2.27,0.06,2.27,111017000.0,216836000.0,216836000.0,,216836000.0,,1589315000.0,2226608000.0,-321000.0,39467000.0,239967000.0,1589315000.0,637293000.0,14763000.0,294356000.0,342937000.0,-15084000.0,327853000.0,2226608000.0,96600000.0,95671000.0,96844000.0
Westinghouse Air Brake Technologies Corp,WAB,06BTX5UWZD0GQ5N5Y745,943452,2012.0,Q2,2012-04-01,2012-06-30,2013-07-26 17:12:20+00:00,3254000.0,0.67,0.67,,0.67,32867000.0,64712000.0,64712000.0,,64712000.0,,436393000.0,609820000.0,223000.0,10145000.0,59163000.0,436393000.0,173427000.0,3509000.0,72562000.0,100865000.0,-3286000.0,97579000.0,609820000.0,96600000.0,95671000.0,96844000.0
Westinghouse Air Brake Technologies Corp,WAB,06BTX5UWZD0GQ5N5Y745,943452,2012.0,Q1TTM,2011-04-01,2012-03-31,,14975000.0,3.95,3.95,0.1,3.95,93975000.0,188458000.0,188458000.0,,188458000.0,,1489077000.0,2095687000.0,-954000.0,38454000.0,254747000.0,1489077000.0,606610000.0,15047000.0,308176000.0,298434000.0,-16001000.0,282433000.0,2095687000.0,47800000.0,47707000.0,48341000.0
Westinghouse Air Brake Technologies Corp,WAB,06BTX5UWZD0GQ5N5Y745,943452,2012.0,Q1,2012-01-01,2012-03-31,2013-05-02 14:43:39+00:00,3093000.0,1.24,1.24,0.03,1.22,31011000.0,59261000.0,59261000.0,,59261000.0,,413928000.0,583309000.0,-114000.0,10149000.0,62029000.0,413928000.0,169381000.0,3724000.0,75271000.0,94110000.0,-3838000.0,90272000.0,583309000.0,47800000.0,47707000.0,48341000.0
Westinghouse Air Brake Technologies Corp,WAB,06BTX5UWZD0GQ5N5Y745,943452,2013.0,FY,2013-01-01,2013-12-31,2016-02-19 14:03:28+00:00,17710000.0,3.05,3.05,0.13,3.01,128852000.0,292235000.0,292235000.0,,292235000.0,,1802365000.0,2566392000.0,-882000.0,46300000.0,262718000.0,1802365000.0,764027000.0,15341000.0,326728000.0,437310000.0,-16223000.0,421087000.0,2566392000.0,95800000.0,95463000.0,96832000.0
Westinghouse Air Brake Technologies Corp,WAB,06BTX5UWZD0GQ5N5Y745,943452,2013.0,Q4,2013-10-01,2013-12-31,,5011000.0,0.78,0.78,0.04,0.78,33501000.0,74041000.0,74041000.0,,74041000.0,,481357000.0,681482000.0,951000.0,12765000.0,71142000.0,481357000.0,200125000.0,4627000.0,88918000.0,111218000.0,-3676000.0,107542000.0,681482000.0,95800000.0,95463000.0,96832000.0
Westinghouse Air Brake Technologies Corp,WAB,06BTX5UWZD0GQ5N5Y745,943452,2013.0,Q3YTD,2013-01-01,2013-09-30,,12699000.0,2.28,2.28,0.09,2.28,95351000.0,218194000.0,218194000.0,,218194000.0,,1321008000.0,1884910000.0,-1833000.0,33535000.0,191576000.0,1321008000.0,563902000.0,10714000.0,237810000.0,326092000.0,-12547000.0,313545000.0,1884910000.0,96000000.0,95848000.0,97174000.0
Westinghouse Air Brake Technologies Corp,WAB,06BTX5UWZD0GQ5N5Y745,943452,2013.0,Q3TTM,2012-10-01,2013-09-30,,17683000.0,2.95,2.95,0.12,2.95,127714000.0,282959000.0,282959000.0,,282959000.0,,1750928000.0,2495310000.0,-1219000.0,43795000.0,256350000.0,1750928000.0,744382000.0,14662000.0,317828000.0,426554000.0,-15881000.0,410673000.0,2495310000.0,96000000.0,95848000.0,97174000.0
Westinghouse Air Brake Technologies Corp,WAB,06BTX5UWZD0GQ5N5Y745,943452,2013.0,Q3,2013-07-01,2013-09-30,2014-10-30 15:53:44+00:00,3939000.0,0.77,0.77,,0.76,30441000.0,73943000.0,73943000.0,,73943000.0,,443265000.0,631398000.0,-1658000.0,10921000.0,63402000.0,443265000.0,188133000.0,3829000.0,78262000.0,109871000.0,-5487000.0,104384000.0,631398000.0,96000000.0,95848000.0,97174000.0
Westinghouse Air Brake Technologies Corp,WAB,06BTX5UWZD0GQ5N5Y745,943452,2013.0,Q2YTD,2013-01-01,2013-06-30,,8760000.0,1.51,1.51,0.05,1.51,64910000.0,144251000.0,144251000.0,,144251000.0,,877743000.0,1253512000.0,-175000.0,22614000.0,128174000.0,877743000.0,375769000.0,6885000.0,159548000.0,216221000.0,-7060000.0,209161000.0,1253512000.0,95700000.0,95762000.0,97102000.0
Westinghouse Air Brake Technologies Corp,WAB,06BTX5UWZD0GQ5N5Y745,943452,2013.0,Q2TTM,2012-07-01,2013-06-30,,17685000.0,2.84,2.84,0.1,2.84,126658000.0,272010000.0,272010000.0,,272010000.0,,1723977000.0,2451505000.0,-954000.0,43627000.0,252691000.0,1723977000.0,727528000.0,13903000.0,314003000.0,413525000.0,-14857000.0,398668000.0,2451505000.0,95700000.0,95762000.0,97102000.0
Westinghouse Air Brake Technologies Corp,WAB,06BTX5UWZD0GQ5N5Y745,943452,2013.0,Q2,2013-04-01,2013-06-30,2014-07-31 15:27:13+00:00,5173000.0,0.78,0.78,,0.77,35051000.0,74638000.0,74638000.0,,74638000.0,,445121000.0,638002000.0,406000.0,11280000.0,63874000.0,445121000.0,192881000.0,3271000.0,80327000.0,112554000.0,-2865000.0,109689000.0,638002000.0,95700000.0,95762000.0,97102000.0
Westinghouse Air Brake Technologies Corp,WAB,06BTX5UWZD0GQ5N5Y745,943452,2013.0,Q1TTM,2012-04-01,2013-03-31,,15766000.0,2.76,2.76,0.09,2.76,124474000.0,262084000.0,262084000.0,,262084000.0,,1715249000.0,2423323000.0,-1137000.0,42492000.0,247980000.0,1715249000.0,708074000.0,14141000.0,306238000.0,401836000.0,-15278000.0,386558000.0,2423323000.0,95400000.0,95025000.0,96572000.0
Westinghouse Air Brake Technologies Corp,WAB,06BTX5UWZD0GQ5N5Y745,943452,2013.0,Q1,2013-01-01,2013-03-31,2014-05-01 15:33:48+00:00,3587000.0,0.73,0.73,0.025,0.72,29859000.0,69613000.0,69613000.0,,69613000.0,,432622000.0,615510000.0,-581000.0,11334000.0,64300000.0,432622000.0,182888000.0,3614000.0,79221000.0,103667000.0,-4195000.0,99472000.0,615510000.0,95400000.0,95025000.0,96572000.0
Westinghouse Air Brake Technologies Corp,WAB,06BTX5UWZD0GQ5N5Y745,943452,2014.0,FY,2014-01-01,2014-12-31,2017-02-28 09:55:44+00:00,22448000.0,3.66,3.66,0.2,3.62,156175000.0,351680000.0,351680000.0,,351680000.0,0.0,2108472000.0,3044454000.0,-1680000.0,61900000.0,324539000.0,2108472000.0,935982000.0,17574000.0,408887000.0,527109000.0,-19254000.0,507855000.0,3044454000.0,96100000.0,95781000.0,96885000.0
Westinghouse Air Brake Technologies Corp,WAB,06BTX5UWZD0GQ5N5Y745,943452,2014.0,Q4,2014-10-01,2014-12-31,,5889000.0,0.97,0.97,0.06,0.97,38520000.0,92686000.0,92686000.0,,92686000.0,,566569000.0,820866000.0,-1752000.0,18342000.0,93117000.0,566569000.0,254297000.0,4005000.0,117348000.0,136963000.0,-5757000.0,131206000.0,820866000.0,96100000.0,95781000.0,96885000.0
Westinghouse Air Brake Technologies Corp,WAB,06BTX5UWZD0GQ5N5Y745,943452,2014.0,Q3,2014-07-01,2014-09-30,2015-10-29 14:18:13+00:00,6731000.0,0.94,0.94,,0.93,41074000.0,90155000.0,90155000.0,,90155000.0,,549813000.0,797271000.0,-154000.0,16391000.0,88359000.0,549813000.0,247458000.0,4594000.0,111481000.0,135977000.0,-4748000.0,131229000.0,797271000.0,95900000.0,95935000.0,97004000.0
Westinghouse Air Brake Technologies Corp,WAB,06BTX5UWZD0GQ5N5Y745,943452,2014.0,Q3YTD,2014-01-01,2014-09-30,,16559000.0,2.7,2.7,0.19,2.7,117655000.0,258994000.0,258994000.0,,258994000.0,,1541903000.0,2223588000.0,72000.0,43558000.0,231422000.0,1541903000.0,681685000.0,13569000.0,291539000.0,390146000.0,-13497000.0,376649000.0,2223588000.0,95900000.0,95935000.0,97004000.0
Westinghouse Air Brake Technologies Corp,WAB,06BTX5UWZD0GQ5N5Y745,943452,2014.0,Q3TTM,2013-10-01,2014-09-30,,21570000.0,3.47,3.47,0.23,3.47,151156000.0,333035000.0,333035000.0,,333035000.0,,2023260000.0,2905070000.0,1023000.0,56323000.0,302564000.0,2023260000.0,881810000.0,18196000.0,380457000.0,501364000.0,-17173000.0,484191000.0,2905070000.0,95900000.0,95935000.0,97004000.0
Westinghouse Air Brake Technologies Corp,WAB,06BTX5UWZD0GQ5N5Y745,943452,2014.0,Q2YTD,2014-01-01,2014-06-30,,9828000.0,1.76,1.76,0.13,1.76,76581000.0,168839000.0,168839000.0,,168839000.0,,992090000.0,1426317000.0,226000.0,27167000.0,143063000.0,992090000.0,434227000.0,8975000.0,180058000.0,254169000.0,-8749000.0,245420000.0,1426317000.0,96400000.0,96048000.0,97058000.0
Westinghouse Air Brake Technologies Corp,WAB,06BTX5UWZD0GQ5N5Y745,943452,2014.0,Q2TTM,2013-07-01,2014-06-30,,18778000.0,3.3,3.3,0.21,3.3,140523000.0,316823000.0,316823000.0,,316823000.0,,1916712000.0,2739197000.0,-481000.0,50853000.0,277607000.0,1916712000.0,822485000.0,17431000.0,347238000.0,475258000.0,-17912000.0,457346000.0,2739197000.0,96400000.0,96048000.0,97058000.0
Westinghouse Air Brake Technologies Corp,WAB,06BTX5UWZD0GQ5N5Y745,943452,2014.0,Q2,2014-04-01,2014-06-30,2015-07-30 13:59:11+00:00,5132000.0,0.92,0.92,,0.91,39336000.0,88705000.0,88705000.0,,88705000.0,,506410000.0,731068000.0,243000.0,14221000.0,72982000.0,506410000.0,224658000.0,4525000.0,92335000.0,132323000.0,-4282000.0,128041000.0,731068000.0,96400000.0,96048000.0,97058000.0
Westinghouse Air Brake Technologies Corp,WAB,06BTX5UWZD0GQ5N5Y745,943452,2014.0,Q1TTM,2013-04-01,2014-03-31,,18819000.0,3.17,3.17,0.19,3.17,136238000.0,302756000.0,302756000.0,,302756000.0,,1855423000.0,2646131000.0,-318000.0,47912000.0,268499000.0,1855423000.0,790708000.0,16177000.0,335230000.0,455489000.0,-16495000.0,438994000.0,2646131000.0,95400000.0,95529000.0,96805000.0
Westinghouse Air Brake Technologies Corp,WAB,06BTX5UWZD0GQ5N5Y745,943452,2014.0,Q1,2014-01-01,2014-03-31,2015-04-30 12:14:06+00:00,4696000.0,0.84,0.84,0.04,0.83,37245000.0,80134000.0,80134000.0,,80134000.0,,485680000.0,695249000.0,-17000.0,12946000.0,70081000.0,485680000.0,209569000.0,4450000.0,87723000.0,121846000.0,-4467000.0,117379000.0,695249000.0,95400000.0,95529000.0,96805000.0
Westinghouse Air Brake Technologies Corp,WAB,06BTX5UWZD0GQ5N5Y745,943452,2015.0,FY,2015-01-01,2015-12-31,2018-02-26 16:30:27+00:00,21700000.0,4.14,4.14,0.28,4.1,186740000.0,398628000.0,398628000.0,,398628000.0,0.0,2260182000.0,3307998000.0,-5311000.0,71200000.0,347373000.0,2260182000.0,1047816000.0,16888000.0,440273000.0,607567000.0,-22199000.0,585368000.0,3307998000.0,96300000.0,96074000.0,97006000.0
Westinghouse Air Brake Technologies Corp,WAB,06BTX5UWZD0GQ5N5Y745,943452,2015.0,Q4,2015-10-01,2015-12-31,,5691000.0,1.06,1.06,0.22,1.05,47619000.0,101779000.0,101779000.0,,101779000.0,,565221000.0,832849000.0,2379000.0,19348000.0,91404000.0,565221000.0,267628000.0,4190000.0,116443000.0,151209000.0,-1811000.0,149398000.0,832849000.0,96300000.0,96074000.0,97006000.0
Westinghouse Air Brake Technologies Corp,WAB,06BTX5UWZD0GQ5N5Y745,943452,2015.0,Q3,2015-07-01,2015-09-30,2016-11-07 15:09:47+00:00,5546000.0,1.03,1.03,,1.02,45609000.0,99181000.0,99181000.0,,99181000.0,,552458000.0,809527000.0,-2937000.0,17239000.0,82206000.0,552458000.0,257069000.0,4351000.0,104991000.0,152078000.0,-7288000.0,144790000.0,809527000.0,96300000.0,96369000.0,97368000.0
Westinghouse Air Brake Technologies Corp,WAB,06BTX5UWZD0GQ5N5Y745,943452,2015.0,Q3YTD,2015-01-01,2015-09-30,,16009000.0,3.08,3.08,0.2,3.08,139121000.0,296849000.0,296849000.0,,296849000.0,,1694961000.0,2475149000.0,-7690000.0,51852000.0,255969000.0,1694961000.0,780188000.0,12698000.0,323830000.0,456358000.0,-20388000.0,435970000.0,2475149000.0,96300000.0,96369000.0,97368000.0
Westinghouse Air Brake Technologies Corp,WAB,06BTX5UWZD0GQ5N5Y745,943452,2015.0,Q3TTM,2014-10-01,2015-09-30,,21898000.0,4.04,4.04,0.26,4.04,177641000.0,389535000.0,389535000.0,,389535000.0,,2261530000.0,3296015000.0,-9442000.0,70194000.0,349086000.0,2261530000.0,1034485000.0,16703000.0,441178000.0,593321000.0,-26145000.0,567176000.0,3296015000.0,96300000.0,96369000.0,97368000.0
Westinghouse Air Brake Technologies Corp,WAB,06BTX5UWZD0GQ5N5Y745,943452,2015.0,Q2,2015-04-01,2015-06-30,2016-07-28 14:58:16+00:00,5162000.0,1.05,1.05,,1.04,48428000.0,101504000.0,101504000.0,,101504000.0,,579264000.0,847028000.0,-1887000.0,17750000.0,88992000.0,579264000.0,267764000.0,4041000.0,111904000.0,155860000.0,-5928000.0,149932000.0,847028000.0,96700000.0,96338000.0,97435000.0
Westinghouse Air Brake Technologies Corp,WAB,06BTX5UWZD0GQ5N5Y745,943452,2015.0,Q2YTD,2015-01-01,2015-06-30,,10463000.0,2.05,2.05,0.12,2.05,93512000.0,197668000.0,197668000.0,,197668000.0,,1142503000.0,1665622000.0,-4753000.0,34613000.0,173763000.0,1142503000.0,523119000.0,8347000.0,218839000.0,304280000.0,-13100000.0,291180000.0,1665622000.0,96700000.0,96338000.0,97435000.0
Westinghouse Air Brake Technologies Corp,WAB,06BTX5UWZD0GQ5N5Y745,943452,2015.0,Q2TTM,2014-07-01,2015-06-30,,23083000.0,3.95,3.95,0.24,3.95,173106000.0,380509000.0,380509000.0,,380509000.0,,2258885000.0,3283759000.0,-6659000.0,69346000.0,355239000.0,2258885000.0,1024874000.0,16946000.0,447668000.0,577220000.0,-23605000.0,553615000.0,3283759000.0,96700000.0,96338000.0,97435000.0
Westinghouse Air Brake Technologies Corp,WAB,06BTX5UWZD0GQ5N5Y745,943452,2015.0,Q1,2015-01-01,2015-03-31,2016-04-28 12:11:12+00:00,5301000.0,1.0,1.0,0.06,0.99,45084000.0,96164000.0,96164000.0,,96164000.0,,563239000.0,818594000.0,-2866000.0,16863000.0,84771000.0,563239000.0,255355000.0,4306000.0,106935000.0,148420000.0,-7172000.0,141248000.0,818594000.0,96200000.0,96243000.0,97385000.0
Westinghouse Air Brake Technologies Corp,WAB,06BTX5UWZD0GQ5N5Y745,943452,2015.0,Q1TTM,2014-04-01,2015-03-31,,23053000.0,3.82,3.82,0.22,3.82,164014000.0,367710000.0,367710000.0,,367710000.0,,2186031000.0,3167799000.0,-4529000.0,65817000.0,339229000.0,2186031000.0,981768000.0,17430000.0,428099000.0,553683000.0,-21959000.0,531724000.0,3167799000.0,96200000.0,96243000.0,97385000.0
Westinghouse Air Brake Technologies Corp,WAB,06BTX5UWZD0GQ5N5Y745,943452,2016.0,FY,2016-01-01,2016-12-31,2019-02-27 13:55:48+00:00,22698000.0,3.37,3.37,0.36,3.34,99433000.0,313404000.0,313404000.0,,304887000.0,8500000.0,2006949000.0,2931188000.0,6528000.0,71400000.0,373559000.0,2006949000.0,924239000.0,50298000.0,467657000.0,456607000.0,-43770000.0,412837000.0,2931188000.0,90500000.0,90359000.0,91141000.0
Westinghouse Air Brake Technologies Corp,WAB,06BTX5UWZD0GQ5N5Y745,943452,2016.0,Q4,2016-10-01,2016-12-31,,6598000.0,0.42,0.42,0.28,0.41,-13268000.0,46328000.0,46328000.0,,37811000.0,8500000.0,540793000.0,759982000.0,6415000.0,19129000.0,132441000.0,540793000.0,219189000.0,34401000.0,158168000.0,61046000.0,-27986000.0,33060000.0,759982000.0,90500000.0,90359000.0,91141000.0
Westinghouse Air Brake Technologies Corp,WAB,06BTX5UWZD0GQ5N5Y745,943452,2016.0,Q3,2016-07-01,2016-09-30,2017-11-01 14:59:34+00:00,5300000.0,0.92,0.92,,0.91,32799000.0,82428000.0,82428000.0,,82428000.0,0.0,463093000.0,675574000.0,1188000.0,16289000.0,70757000.0,463093000.0,212481000.0,6057000.0,92346000.0,120096000.0,-4869000.0,115227000.0,675574000.0,89600000.0,89589000.0,90293000.0
Westinghouse Air Brake Technologies Corp,WAB,06BTX5UWZD0GQ5N5Y745,943452,2016.0,Q3YTD,2016-01-01,2016-09-30,,16100000.0,2.95,2.95,0.08,2.93,112701000.0,267076000.0,267076000.0,,267076000.0,,1466156000.0,2171206000.0,113000.0,52271000.0,241118000.0,1466156000.0,705050000.0,15897000.0,309489000.0,395561000.0,-15784000.0,379777000.0,2171206000.0,89600000.0,89589000.0,90293000.0
Westinghouse Air Brake Technologies Corp,WAB,06BTX5UWZD0GQ5N5Y745,943452,2016.0,Q3TTM,2015-10-01,2016-09-30,,21791000.0,4.01,4.01,0.3,3.98,160320000.0,368855000.0,368855000.0,,368855000.0,,2031377000.0,3004055000.0,2492000.0,71619000.0,332522000.0,2031377000.0,972678000.0,20087000.0,425932000.0,546770000.0,-17595000.0,529175000.0,3004055000.0,89600000.0,89589000.0,90293000.0
Westinghouse Air Brake Technologies Corp,WAB,06BTX5UWZD0GQ5N5Y745,943452,2016.0,Q2,2016-04-01,2016-06-30,2017-08-03 09:44:08+00:00,5500000.0,1.0,1.0,,1.0,36601000.0,90485000.0,90485000.0,,90485000.0,0.0,486212000.0,723601000.0,-1229000.0,18029000.0,80610000.0,486212000.0,237389000.0,4969000.0,104139000.0,133284000.0,-6198000.0,127086000.0,723601000.0,90500000.0,89846000.0,90559000.0
Westinghouse Air Brake Technologies Corp,WAB,06BTX5UWZD0GQ5N5Y745,943452,2016.0,Q2YTD,2016-01-01,2016-06-30,,10800000.0,2.03,2.03,0.08,2.02,79902000.0,184648000.0,184648000.0,,184648000.0,,1003063000.0,1495632000.0,-1075000.0,35982000.0,170361000.0,1003063000.0,492569000.0,9840000.0,217143000.0,275465000.0,-10915000.0,264550000.0,1495632000.0,90500000.0,89846000.0,90559000.0
Westinghouse Air Brake Technologies Corp,WAB,06BTX5UWZD0GQ5N5Y745,943452,2016.0,Q2TTM,2015-07-01,2016-06-30,,22037000.0,4.12,4.12,0.3,4.09,173130000.0,385608000.0,385608000.0,,385608000.0,,2120742000.0,3138008000.0,-1633000.0,72569000.0,343971000.0,2120742000.0,1017266000.0,18381000.0,438577000.0,578752000.0,-20014000.0,558738000.0,3138008000.0,90500000.0,89846000.0,90559000.0
Westinghouse Air Brake Technologies Corp,WAB,06BTX5UWZD0GQ5N5Y745,943452,2016.0,Q1,2016-01-01,2016-03-31,2017-05-04 16:58:20+00:00,5300000.0,1.03,1.03,0.08,1.02,43301000.0,94163000.0,94163000.0,,94163000.0,0.0,516851000.0,772031000.0,154000.0,17953000.0,89751000.0,516851000.0,255180000.0,4871000.0,113004000.0,142181000.0,-4717000.0,137464000.0,772031000.0,91400000.0,91258000.0,92149000.0
Westinghouse Air Brake Technologies Corp,WAB,06BTX5UWZD0GQ5N5Y745,943452,2016.0,Q1TTM,2015-04-01,2016-03-31,,21699000.0,4.35,4.35,0.31,4.35,184957000.0,396627000.0,396627000.0,,396627000.0,,2213794000.0,3261435000.0,-2291000.0,72290000.0,352353000.0,2213794000.0,1047641000.0,17453000.0,446342000.0,601328000.0,-19744000.0,581584000.0,3261435000.0,91400000.0,91258000.0,92149000.0
Westinghouse Air Brake Technologies Corp,WAB,06BTX5UWZD0GQ5N5Y745,943452,2017.0,FY,2017-01-01,2017-12-31,2020-02-24 15:43:54+00:00,36500000.0,2.74,2.74,0.44,2.72,89800000.0,262300000.0,262300000.0,,262300000.0,0.0,2816400000.0,3881700000.0,8900000.0,95200000.0,512500000.0,2816400000.0,1065300000.0,77900000.0,644200000.0,421100000.0,-69000000.0,352100000.0,3881700000.0,95700000.0,95500000.0,96100000.0
Westinghouse Air Brake Technologies Corp,WAB,06BTX5UWZD0GQ5N5Y745,943452,2017.0,Q4,2017-10-01,2017-12-31,,9455000.0,0.52,0.52,0.34,0.5,25024000.0,49697000.0,49697000.0,,48987000.0,760000.0,807055000.0,1075482000.0,3596000.0,23689000.0,143712000.0,807055000.0,268427000.0,20440000.0,176856000.0,91565000.0,-16844000.0,74721000.0,1075482000.0,95700000.0,95500000.0,96100000.0
Westinghouse Air Brake Technologies Corp,WAB,06BTX5UWZD0GQ5N5Y745,943452,2017.0,Q3,2017-07-01,2017-09-30,2018-10-30 16:16:50+00:00,8645000.0,0.7,0.7,,0.7,12746000.0,68439000.0,68439000.0,,67399000.0,1040000.0,704728000.0,957931000.0,-443000.0,24709000.0,118183000.0,704728000.0,253203000.0,20038000.0,151537000.0,101666000.0,-20481000.0,81185000.0,957931000.0,96300000.0,95709000.0,96316000.0
Westinghouse Air Brake Technologies Corp,WAB,06BTX5UWZD0GQ5N5Y745,943452,2017.0,Q3YTD,2017-01-01,2017-09-30,,27045000.0,2.22,2.22,0.1,2.22,64776000.0,212603000.0,212603000.0,,213313000.0,-760000.0,2009345000.0,2806218000.0,5304000.0,71511000.0,368788000.0,2009345000.0,796873000.0,57460000.0,467344000.0,329535000.0,-52156000.0,277379000.0,2806218000.0,96300000.0,95709000.0,96316000.0
Westinghouse Air Brake Technologies Corp,WAB,06BTX5UWZD0GQ5N5Y745,943452,2017.0,Q3TTM,2016-10-01,2017-09-30,,33643000.0,2.64,2.64,0.38,2.63,51508000.0,258931000.0,258931000.0,,251124000.0,7740000.0,2550138000.0,3566200000.0,11719000.0,90640000.0,501229000.0,2550138000.0,1016062000.0,91861000.0,625512000.0,390581000.0,-80142000.0,310439000.0,3566200000.0,96300000.0,95709000.0,96316000.0
Westinghouse Air Brake Technologies Corp,WAB,06BTX5UWZD0GQ5N5Y745,943452,2017.0,Q2,2017-04-01,2017-06-30,2018-07-31 15:58:30+00:00,9400000.0,0.75,0.75,,0.75,24569000.0,72160000.0,72160000.0,,72025000.0,100000.0,658290000.0,932253000.0,936000.0,23338000.0,127918000.0,658290000.0,273963000.0,17564000.0,160656000.0,113357000.0,-16628000.0,96729000.0,932253000.0,96000000.0,95641000.0,96284000.0
Westinghouse Air Brake Technologies Corp,WAB,06BTX5UWZD0GQ5N5Y745,943452,2017.0,Q2YTD,2017-01-01,2017-06-30,,18400000.0,1.52,1.52,0.1,1.52,52030000.0,144164000.0,144164000.0,,145914000.0,-1800000.0,1304617000.0,1848287000.0,5747000.0,46802000.0,250605000.0,1304617000.0,543670000.0,37422000.0,315807000.0,227869000.0,-31675000.0,196194000.0,1848287000.0,96000000.0,95641000.0,96284000.0
Westinghouse Air Brake Technologies Corp,WAB,06BTX5UWZD0GQ5N5Y745,943452,2017.0,Q2TTM,2016-07-01,2017-06-30,,30298000.0,2.86,2.86,0.38,2.84,71561000.0,272920000.0,272920000.0,,266153000.0,6700000.0,2308503000.0,3283843000.0,13350000.0,82220000.0,453803000.0,2308503000.0,975340000.0,77880000.0,566321000.0,409011000.0,-64530000.0,344481000.0,3283843000.0,96000000.0,95641000.0,96284000.0
Westinghouse Air Brake Technologies Corp,WAB,06BTX5UWZD0GQ5N5Y745,943452,2017.0,Q1,2017-01-01,2017-03-31,2018-05-04 16:52:21+00:00,9000000.0,0.77,0.77,0.1,0.77,27461000.0,72004000.0,72004000.0,,73889000.0,-1900000.0,646327000.0,916034000.0,4811000.0,23464000.0,122687000.0,646327000.0,269707000.0,19858000.0,155151000.0,114512000.0,-15047000.0,99465000.0,916034000.0,96000000.0,95243000.0,95991000.0
Westinghouse Air Brake Technologies Corp,WAB,06BTX5UWZD0GQ5N5Y745,943452,2017.0,Q1TTM,2016-04-01,2017-03-31,,26398000.0,3.11,3.11,0.38,3.09,83593000.0,291245000.0,291245000.0,,284613000.0,6600000.0,2136425000.0,3075191000.0,11185000.0,76911000.0,406495000.0,2136425000.0,938766000.0,65285000.0,509804000.0,428938000.0,-54100000.0,374838000.0,3075191000.0,96000000.0,95243000.0,95991000.0
Westinghouse Air Brake Technologies Corp,WAB,06BTX5UWZD0GQ5N5Y745,943452,2018.0,FY,2018-01-01,2018-12-31,2020-02-24 15:43:54+00:00,39800000.0,3.06,3.06,0.48,3.05,75900000.0,291700000.0,291700000.0,,294900000.0,-3200000.0,3129600000.0,4363500000.0,6400000.0,87500000.0,633200000.0,3129600000.0,1233900000.0,112200000.0,760500000.0,473400000.0,-105800000.0,367600000.0,4363500000.0,96400000.0,96000000.0,96500000.0
Westinghouse Air Brake Technologies Corp,WAB,06BTX5UWZD0GQ5N5Y745,943452,2018.0,Q4,2018-10-01,2018-12-31,,9600000.0,0.35,0.35,0.12,0.35,22673000.0,34872000.0,34872000.0,,34418000.0,454000.0,820791000.0,1117843000.0,443000.0,25963000.0,168042000.0,820791000.0,297052000.0,36296000.0,203605000.0,93398000.0,-35853000.0,57545000.0,1117843000.0,96400000.0,96000000.0,96500000.0
Westinghouse Air Brake Technologies Corp,WAB,06BTX5UWZD0GQ5N5Y745,943452,2018.0,Q3,2018-07-01,2018-09-30,2019-11-01 12:05:24+00:00,9900000.0,0.91,0.91,0.12,0.91,16600000.0,86100000.0,86100000.0,,87700000.0,-1600000.0,775800000.0,1077800000.0,1200000.0,20100000.0,146800000.0,775800000.0,302000000.0,23700000.0,176800000.0,125200000.0,-22500000.0,102700000.0,1077800000.0,96400000.0,96200000.0,96600000.0
Westinghouse Air Brake Technologies Corp,WAB,06BTX5UWZD0GQ5N5Y745,943452,2018.0,Q3YTD,2018-01-01,2018-09-30,,30200000.0,2.71,2.71,0.36,2.7,53227000.0,256828000.0,256828000.0,,260482000.0,-3654000.0,2308809000.0,3245657000.0,5957000.0,61537000.0,465158000.0,2308809000.0,936848000.0,75904000.0,556895000.0,380002000.0,-69947000.0,310055000.0,3245657000.0,96400000.0,96200000.0,96600000.0
Westinghouse Air Brake Technologies Corp,WAB,06BTX5UWZD0GQ5N5Y745,943452,2018.0,Q3TTM,2017-10-01,2018-09-30,,39655000.0,3.23,3.23,0.7,3.2,78251000.0,306525000.0,306525000.0,,309469000.0,-2894000.0,3115864000.0,4321139000.0,9553000.0,85226000.0,608870000.0,3115864000.0,1205275000.0,96344000.0,733751000.0,471567000.0,-86791000.0,384776000.0,4321139000.0,96400000.0,96200000.0,96600000.0
Westinghouse Air Brake Technologies Corp,WAB,06BTX5UWZD0GQ5N5Y745,943452,2018.0,Q2,2018-04-01,2018-06-30,2019-08-01 13:25:23+00:00,9900000.0,0.88,0.88,0.12,0.87,10503000.0,83271000.0,83271000.0,,84416000.0,-1145000.0,787713000.0,1111680000.0,2171000.0,19388000.0,171157000.0,787713000.0,323967000.0,31920000.0,200445000.0,123523000.0,-29749000.0,93774000.0,1111680000.0,95900000.0,95992000.0,96575000.0
Westinghouse Air Brake Technologies Corp,WAB,06BTX5UWZD0GQ5N5Y745,943452,2018.0,Q2YTD,2018-01-01,2018-06-30,,20300000.0,1.8,1.8,0.24,1.79,36627000.0,170728000.0,170728000.0,,172782000.0,-2054000.0,1533009000.0,2167857000.0,4757000.0,41437000.0,318358000.0,1533009000.0,634848000.0,52204000.0,380095000.0,254802000.0,-47447000.0,207355000.0,2167857000.0,95900000.0,95992000.0,96575000.0
Westinghouse Air Brake Technologies Corp,WAB,06BTX5UWZD0GQ5N5Y745,943452,2018.0,Q2TTM,2017-07-01,2018-06-30,,38400000.0,3.02,3.02,0.58,2.99,74397000.0,288864000.0,288864000.0,,289168000.0,-254000.0,3044792000.0,4201270000.0,7910000.0,89835000.0,580253000.0,3044792000.0,1156478000.0,92682000.0,708488000.0,448033000.0,-84772000.0,363261000.0,4201270000.0,95900000.0,95992000.0,96575000.0
Westinghouse Air Brake Technologies Corp,WAB,06BTX5UWZD0GQ5N5Y745,943452,2018.0,Q1,2018-01-01,2018-03-31,2019-05-09 12:29:40+00:00,10400000.0,0.92,0.92,0.12,0.92,26124000.0,87457000.0,87457000.0,,88366000.0,-909000.0,745296000.0,1056177000.0,2586000.0,22049000.0,147201000.0,745296000.0,310881000.0,20284000.0,179650000.0,131279000.0,-17698000.0,113581000.0,1056177000.0,96100000.0,95810000.0,96371000.0
Westinghouse Air Brake Technologies Corp,WAB,06BTX5UWZD0GQ5N5Y745,943452,2018.0,Q1TTM,2017-04-01,2018-03-31,,37900000.0,2.89,2.89,0.46,2.87,88463000.0,277753000.0,277753000.0,,276777000.0,991000.0,2915369000.0,4021843000.0,6675000.0,93785000.0,537014000.0,2915369000.0,1106474000.0,78326000.0,668699000.0,437867000.0,-71651000.0,366216000.0,4021843000.0,96100000.0,95810000.0,96371000.0
Westinghouse Air Brake Technologies Corp,WAB,06BTX5UWZD0GQ5N5Y745,943452,2019.0,Q4,2019-10-01,2019-12-31,,65500000.0,0.89,0.89,0.12,0.86,37700000.0,137046000.0,137046000.0,,135865000.0,1200000.0,1693492000.0,2368416000.0,6923000.0,59680000.0,323641000.0,1693492000.0,674924000.0,58240000.0,448821000.0,226063000.0,-51317000.0,174746000.0,2368416000.0,171000000.0,170500000.0,177300000.0
Westinghouse Air Brake Technologies Corp,WAB,06BTX5UWZD0GQ5N5Y745,943452,2019.0,FY,2019-01-01,2019-12-31,2020-02-24 15:43:54+00:00,238400000.0,1.91,1.91,0.48,1.84,120300000.0,326500000.0,326500000.0,,326700000.0,-200000.0,5922000000.0,8200000000.0,2800000.0,209900000.0,1166600000.0,5922000000.0,2278000000.0,219100000.0,1614900000.0,663100000.0,-216300000.0,446800000.0,8200000000.0,171000000.0,170500000.0,177300000.0
Westinghouse Air Brake Technologies Corp,WAB,06BTX5UWZD0GQ5N5Y745,943452,2019.0,Q3YTD,2019-01-01,2019-09-30,,172900000.0,1.02,1.02,0.36,0.98,82600000.0,189454000.0,189454000.0,,190835000.0,-1400000.0,4228508000.0,5831584000.0,-4123000.0,150220000.0,842959000.0,4228508000.0,1603076000.0,160860000.0,1166079000.0,437037000.0,-164983000.0,272054000.0,5831584000.0,189800000.0,189600000.0,191500000.0
Westinghouse Air Brake Technologies Corp,WAB,06BTX5UWZD0GQ5N5Y745,943452,2019.0,Q3TTM,2018-10-01,2019-09-30,,182500000.0,1.37,1.37,0.48,1.33,105273000.0,224326000.0,224326000.0,,225253000.0,-946000.0,5049299000.0,6949427000.0,-3680000.0,176183000.0,1011001000.0,5049299000.0,1900128000.0,197156000.0,1369684000.0,530435000.0,-200836000.0,329599000.0,6949427000.0,189800000.0,189600000.0,191500000.0
Westinghouse Air Brake Technologies Corp,WAB,06BTX5UWZD0GQ5N5Y745,943452,2019.0,Q3,2019-07-01,2019-09-30,2019-11-01 12:05:24+00:00,79500000.0,0.48,0.48,0.12,0.48,22700000.0,90600000.0,90600000.0,,91100000.0,-500000.0,1402300000.0,2001700000.0,1900000.0,58600000.0,292200000.0,1402300000.0,599400000.0,57700000.0,430300000.0,169100000.0,-55800000.0,113300000.0,2001700000.0,189800000.0,189600000.0,191500000.0
Westinghouse Air Brake Technologies Corp,WAB,06BTX5UWZD0GQ5N5Y745,943452,2019.0,Q2YTD,2019-01-01,2019-06-30,,93400000.0,0.54,0.54,0.24,0.5,59900000.0,98854000.0,98854000.0,,99735000.0,-900000.0,2826208000.0,3829884000.0,-6023000.0,91620000.0,550759000.0,2826208000.0,1003676000.0,103160000.0,735779000.0,267937000.0,-109183000.0,158754000.0,3829884000.0,179700000.0,177348000.0,191453000.0
Westinghouse Air Brake Technologies Corp,WAB,06BTX5UWZD0GQ5N5Y745,943452,2019.0,Q2TTM,2018-07-01,2019-06-30,,112900000.0,1.8,1.8,0.48,1.76,99173000.0,219826000.0,219826000.0,,221853000.0,-2046000.0,4422799000.0,6025527000.0,-4380000.0,137683000.0,865601000.0,4422799000.0,1602728000.0,163156000.0,1116184000.0,486535000.0,-167536000.0,318999000.0,6025527000.0,179700000.0,177348000.0,191453000.0
Westinghouse Air Brake Technologies Corp,WAB,06BTX5UWZD0GQ5N5Y745,943452,2019.0,Q2,2019-04-01,2019-06-30,2019-08-01 13:25:23+00:00,66000000.0,0.58,0.58,0.12,0.54,41400000.0,102854000.0,102854000.0,,104235000.0,-1400000.0,1621608000.0,2236284000.0,2177000.0,57120000.0,290959000.0,1621608000.0,614676000.0,58560000.0,414079000.0,200637000.0,-56383000.0,144254000.0,2236284000.0,179700000.0,177348000.0,191453000.0
Westinghouse Air Brake Technologies Corp,WAB,06BTX5UWZD0GQ5N5Y745,943452,2019.0,Q1,2019-01-01,2019-03-31,2020-05-06 11:45:49+00:00,27400000.0,-0.04,-0.04,0.12,-0.04,18500000.0,-4000000.0,-4000000.0,,-4500000.0,500000.0,1204600000.0,1593600000.0,-8200000.0,34500000.0,259800000.0,1204600000.0,389000000.0,44600000.0,321700000.0,67300000.0,-52800000.0,14500000.0,1593600000.0,112500000.0,121200000.0,121200000.0
Westinghouse Air Brake Technologies Corp,WAB,06BTX5UWZD0GQ5N5Y745,943452,2019.0,Q1TTM,2018-04-01,2019-03-31,,56800000.0,2.1,2.1,0.48,2.09,68276000.0,200243000.0,200243000.0,,202034000.0,-1791000.0,3588904000.0,4900923000.0,-4386000.0,99951000.0,745799000.0,3588904000.0,1312019000.0,136516000.0,902550000.0,409421000.0,-140902000.0,268519000.0,4900923000.0,112500000.0,121200000.0,121200000.0
Westinghouse Air Brake Technologies Corp,WAB,06BTX5UWZD0GQ5N5Y745,943452,2020.0,Q1TTM,2019-04-01,2020-03-31,,280000000.0,2.53,2.53,0.48,2.46,139800000.0,441700000.0,441700000.0,,442800000.0,-1100000.0,6068600000.0,8536300000.0,-3800000.0,224400000.0,1150200000.0,6068600000.0,2467700000.0,227800000.0,1654600000.0,813100000.0,-231600000.0,581500000.0,8536300000.0,192400000.0,190800000.0,191400000.0
Westinghouse Air Brake Technologies Corp,WAB,06BTX5UWZD0GQ5N5Y745,943452,2020.0,Q1,2020-01-01,2020-03-31,2020-05-06 11:45:49+00:00,69000000.0,0.58,0.58,0.12,0.58,38000000.0,111200000.0,111200000.0,,111600000.0,-400000.0,1351200000.0,1929900000.0,-14800000.0,49000000.0,243400000.0,1351200000.0,578700000.0,53300000.0,361400000.0,217300000.0,-68100000.0,149200000.0,1929900000.0,192400000.0,190800000.0,191400000.0
