company_name,company_ticker,company_lei,company_cik,year,quarter,start_date,end_date,filing_date,amortizationexpense,basicdilutedeps,basiceps,dilutedeps,impairmentexpense,incometaxexpense,marketingexpense,netincome,netincomecontinuing,netincomediscontinued,netincometocommon,operatingcostofrevenue,operatingrevenue,otherincome,otheroperatingexpenses,otherspecialcharges,rdexpense,restructuringcharge,sgaexpense,totalcostofrevenue,totalgrossprofit,totalinterestexpense,totalinterestincome,totaloperatingexpenses,totaloperatingincome,totalotherincome,totalpretaxincome,totalrevenue,weightedavebasicdilutedsharesos,weightedavebasicsharesos,weightedavedilutedsharesos
Zebra Technologies Corp,ZBRA,PO0I32GKZ3HZMMDPZZ08,877212,2008.0,FY,2008-01-01,2008-12-31,2011-02-24 15:56:49+00:00,18575000.0,-0.6,-0.6,-0.6,157600000.0,26508000.0,126325000.0,-38421000.0,-38421000.0,,-38421000.0,497395000.0,976700000.0,2152000.0,,-5302000.0,95800000.0,20009000.0,81644000.0,497395000.0,479305000.0,,1281000.0,494651000.0,-15346000.0,3433000.0,-11913000.0,976700000.0,64000000.0,64524000.0,64524000.0
Zebra Technologies Corp,ZBRA,PO0I32GKZ3HZMMDPZZ08,877212,2009.0,FY,2009-01-01,2009-12-31,2012-02-23 16:15:56+00:00,2954000.0,0.79,0.79,0.79,,23828000.0,92043000.0,47104000.0,48491000.0,-1387000.0,47104000.0,420895000.0,738482000.0,-891000.0,,0.0,66477000.0,9902000.0,75932000.0,420895000.0,317587000.0,,2931000.0,247308000.0,70279000.0,2040000.0,72319000.0,738482000.0,59600000.0,59306000.0,59425000.0
Zebra Technologies Corp,ZBRA,PO0I32GKZ3HZMMDPZZ08,877212,2009.0,Q3,2009-07-05,2009-10-03,2010-11-05 12:28:48+00:00,2649000.0,0.19,0.19,0.19,,5229000.0,26395000.0,11111000.0,11111000.0,,11111000.0,109080000.0,200778000.0,289000.0,,,21454000.0,3515000.0,22447000.0,109080000.0,91698000.0,,813000.0,76460000.0,15238000.0,1102000.0,16340000.0,200778000.0,58500000.0,58954000.0,59083000.0
Zebra Technologies Corp,ZBRA,PO0I32GKZ3HZMMDPZZ08,877212,2009.0,Q2,2009-04-05,2009-07-04,2010-08-17 13:10:43+00:00,2575000.0,0.15,0.15,0.15,-1058000.0,4238000.0,24398000.0,9011000.0,9011000.0,,9011000.0,105940000.0,187676000.0,-150000.0,,,20949000.0,3643000.0,18077000.0,105940000.0,81736000.0,,247000.0,68584000.0,13152000.0,97000.0,13249000.0,187676000.0,60100000.0,59271000.0,59352000.0
Zebra Technologies Corp,ZBRA,PO0I32GKZ3HZMMDPZZ08,877212,2010.0,Q4,2010-10-03,2010-12-31,,891000.0,0.5,0.5,0.5,,13117000.0,31942000.0,28217000.0,29635000.0,-1418000.0,28217000.0,119663000.0,234019000.0,-845000.0,,-1082000.0,21736000.0,30000.0,17809000.0,119663000.0,114356000.0,,567000.0,71326000.0,43030000.0,-278000.0,42752000.0,234019000.0,57200000.0,57143000.0,57428000.0
Zebra Technologies Corp,ZBRA,PO0I32GKZ3HZMMDPZZ08,877212,2010.0,FY,2010-01-01,2010-12-31,2013-02-21 15:16:18+00:00,3211000.0,1.78,1.78,1.77,0.0,44993000.0,112365000.0,101778000.0,104614000.0,-2836000.0,101778000.0,473584000.0,894359000.0,-1286000.0,,-1082000.0,82575000.0,2262000.0,73229000.0,473584000.0,420775000.0,,2678000.0,272560000.0,148215000.0,1392000.0,149607000.0,894359000.0,57200000.0,57143000.0,57428000.0
Zebra Technologies Corp,ZBRA,PO0I32GKZ3HZMMDPZZ08,877212,2010.0,Q3YTD,2010-01-01,2010-10-02,,2320000.0,1.28,1.28,1.27,,31876000.0,80423000.0,73561000.0,74979000.0,-1418000.0,73561000.0,353921000.0,660340000.0,-441000.0,,,60839000.0,2232000.0,55420000.0,353921000.0,306419000.0,,2111000.0,201234000.0,105185000.0,1670000.0,106855000.0,660340000.0,56900000.0,56739000.0,56998000.0
Zebra Technologies Corp,ZBRA,PO0I32GKZ3HZMMDPZZ08,877212,2010.0,Q3,2010-07-04,2010-10-02,2011-11-08 13:05:45+00:00,839000.0,0.46,0.46,0.46,,13411000.0,28068000.0,26151000.0,27247000.0,-1096000.0,26151000.0,120560000.0,229807000.0,-308000.0,,,21862000.0,0.0,18147000.0,120560000.0,109247000.0,,635000.0,68916000.0,40331000.0,327000.0,40658000.0,229807000.0,56900000.0,56739000.0,56998000.0
Zebra Technologies Corp,ZBRA,PO0I32GKZ3HZMMDPZZ08,877212,2010.0,Q2YTD,2010-01-01,2010-07-03,,1481000.0,0.82,0.82,0.81,,18465000.0,52355000.0,47410000.0,47732000.0,-322000.0,47410000.0,233361000.0,430533000.0,-133000.0,,,38977000.0,2232000.0,37273000.0,233361000.0,197172000.0,,1476000.0,132318000.0,64854000.0,1343000.0,66197000.0,430533000.0,58100000.0,57489000.0,57737000.0
Zebra Technologies Corp,ZBRA,PO0I32GKZ3HZMMDPZZ08,877212,2010.0,Q2,2010-04-04,2010-07-03,2011-08-05 16:32:21+00:00,740000.0,0.39,0.39,0.39,,10331000.0,27682000.0,22677000.0,22185000.0,492000.0,22677000.0,119149000.0,218558000.0,-31000.0,,,20653000.0,466000.0,17955000.0,119149000.0,99409000.0,,634000.0,67496000.0,31913000.0,603000.0,32516000.0,218558000.0,58100000.0,57489000.0,57737000.0
Zebra Technologies Corp,ZBRA,PO0I32GKZ3HZMMDPZZ08,877212,2010.0,Q1,2010-01-01,2010-04-03,2011-05-05 14:25:40+00:00,741000.0,0.43,0.43,0.42,,8134000.0,24673000.0,24733000.0,25547000.0,-814000.0,24733000.0,114212000.0,211975000.0,-102000.0,,,18324000.0,1766000.0,19318000.0,114212000.0,97763000.0,,842000.0,64822000.0,32941000.0,740000.0,33681000.0,211975000.0,57500000.0,58016000.0,58265000.0
Zebra Technologies Corp,ZBRA,PO0I32GKZ3HZMMDPZZ08,877212,2011.0,Q4,2011-10-02,2011-12-31,,806000.0,0.69,0.69,0.68,,8253000.0,36377000.0,35044000.0,32859000.0,2185000.0,35044000.0,125788000.0,247308000.0,-1605000.0,,,23174000.0,67000.0,18973000.0,125788000.0,121520000.0,,594000.0,79397000.0,42123000.0,-1011000.0,41112000.0,247308000.0,53900000.0,53854000.0,54191000.0
Zebra Technologies Corp,ZBRA,PO0I32GKZ3HZMMDPZZ08,877212,2011.0,FY,2011-01-01,2011-12-31,2014-02-20 16:22:13+00:00,3320000.0,3.24,3.24,3.22,0.0,49376000.0,127797000.0,174643000.0,130343000.0,44300000.0,174643000.0,496719000.0,983488000.0,-4261000.0,,,89926000.0,2345000.0,81345000.0,496719000.0,486769000.0,,1944000.0,304733000.0,182036000.0,-2317000.0,179719000.0,983488000.0,53900000.0,53854000.0,54191000.0
Zebra Technologies Corp,ZBRA,PO0I32GKZ3HZMMDPZZ08,877212,2011.0,Q3TTM,2010-10-03,2011-10-01,,3405000.0,3.05,3.05,3.04,,54240000.0,123362000.0,167816000.0,127119000.0,40697000.0,167816000.0,490594000.0,970199000.0,-3501000.0,,-1082000.0,88488000.0,2308000.0,80181000.0,490594000.0,479605000.0,,1917000.0,296662000.0,182943000.0,-1584000.0,181359000.0,970199000.0,53600000.0,53339000.0,53628000.0
Zebra Technologies Corp,ZBRA,PO0I32GKZ3HZMMDPZZ08,877212,2011.0,Q3YTD,2011-01-01,2011-10-01,,2514000.0,2.55,2.55,2.54,,41123000.0,91420000.0,139599000.0,97484000.0,42115000.0,139599000.0,370931000.0,736180000.0,-2656000.0,,,66752000.0,2278000.0,62372000.0,370931000.0,365249000.0,,1350000.0,225336000.0,139913000.0,-1306000.0,138607000.0,736180000.0,53600000.0,53339000.0,53628000.0
Zebra Technologies Corp,ZBRA,PO0I32GKZ3HZMMDPZZ08,877212,2011.0,Q3,2011-07-03,2011-10-01,2012-11-07 13:20:50+00:00,843000.0,0.84,0.84,0.84,0.0,13795000.0,31942000.0,45001000.0,34187000.0,10814000.0,45001000.0,129785000.0,253338000.0,-1032000.0,,,22584000.0,326000.0,18978000.0,129785000.0,123553000.0,,134000.0,74673000.0,48880000.0,-898000.0,47982000.0,253338000.0,53600000.0,53339000.0,53628000.0
Zebra Technologies Corp,ZBRA,PO0I32GKZ3HZMMDPZZ08,877212,2011.0,Q2TTM,2010-07-04,2011-07-02,,3401000.0,2.67,2.67,2.66,,53856000.0,119488000.0,148966000.0,120179000.0,28787000.0,148966000.0,481369000.0,946668000.0,-2777000.0,,-1082000.0,87766000.0,1982000.0,79350000.0,481369000.0,465299000.0,,2418000.0,290905000.0,174394000.0,-359000.0,174035000.0,946668000.0,54900000.0,54546000.0,54958000.0
Zebra Technologies Corp,ZBRA,PO0I32GKZ3HZMMDPZZ08,877212,2011.0,Q2YTD,2011-01-01,2011-07-02,,1671000.0,1.71,1.71,1.7,,27328000.0,59478000.0,94598000.0,63297000.0,31301000.0,94598000.0,241146000.0,482842000.0,-1624000.0,,,44168000.0,1952000.0,43394000.0,241146000.0,241696000.0,,1216000.0,150663000.0,91033000.0,-408000.0,90625000.0,482842000.0,54900000.0,54546000.0,54958000.0
Zebra Technologies Corp,ZBRA,PO0I32GKZ3HZMMDPZZ08,877212,2011.0,Q2,2011-04-03,2011-07-02,2012-08-01 13:45:48+00:00,836000.0,0.6,0.6,0.6,,13082000.0,30950000.0,32964000.0,33169000.0,-205000.0,32964000.0,123843000.0,245541000.0,-1076000.0,,,22487000.0,66000.0,20688000.0,123843000.0,121698000.0,,656000.0,75027000.0,46671000.0,-420000.0,46251000.0,245541000.0,54900000.0,54546000.0,54958000.0
Zebra Technologies Corp,ZBRA,PO0I32GKZ3HZMMDPZZ08,877212,2011.0,Q1TTM,2010-04-04,2011-04-02,,3305000.0,2.46,2.46,2.45,,51105000.0,116220000.0,138679000.0,109195000.0,29484000.0,138679000.0,476675000.0,919685000.0,-1732000.0,,-1082000.0,85932000.0,2382000.0,76617000.0,476675000.0,443010000.0,,2396000.0,283374000.0,159636000.0,664000.0,160300000.0,919685000.0,55500000.0,55353000.0,55774000.0
Zebra Technologies Corp,ZBRA,PO0I32GKZ3HZMMDPZZ08,877212,2011.0,Q1,2011-01-01,2011-04-02,2012-05-02 13:35:08+00:00,835000.0,1.11,1.11,1.1,,14246000.0,28528000.0,61634000.0,30128000.0,31506000.0,61634000.0,117303000.0,237301000.0,-548000.0,,,21681000.0,1886000.0,22706000.0,117303000.0,119998000.0,,560000.0,75636000.0,44362000.0,12000.0,44374000.0,237301000.0,55500000.0,55353000.0,55774000.0
Zebra Technologies Corp,ZBRA,PO0I32GKZ3HZMMDPZZ08,877212,2012.0,Q4,2012-09-30,2012-12-31,,1463000.0,0.68,0.68,0.68,,9263000.0,33313000.0,34990000.0,34799000.0,191000.0,34990000.0,128719000.0,253179000.0,-375000.0,,,22605000.0,1997000.0,20964000.0,128719000.0,124460000.0,207000.0,526000.0,80342000.0,44118000.0,-56000.0,44062000.0,253179000.0,51600000.0,51566000.0,51843000.0
Zebra Technologies Corp,ZBRA,PO0I32GKZ3HZMMDPZZ08,877212,2012.0,FY,2012-01-01,2012-12-31,2015-03-17 17:16:17+00:00,4673000.0,2.38,2.38,2.37,9114000.0,42277000.0,129906000.0,122904000.0,121897000.0,1007000.0,122904000.0,504524000.0,996168000.0,-2455000.0,,,87364000.0,4069000.0,92167000.0,504524000.0,491644000.0,207000.0,2485000.0,327293000.0,164351000.0,-177000.0,164174000.0,996168000.0,51600000.0,51566000.0,51843000.0
Zebra Technologies Corp,ZBRA,PO0I32GKZ3HZMMDPZZ08,877212,2012.0,Q3TTM,2011-10-02,2012-09-29,,4016000.0,2.39,2.39,2.37,9114000.0,41267000.0,132970000.0,122958000.0,119957000.0,3001000.0,122958000.0,501593000.0,990297000.0,-3685000.0,,,87933000.0,2139000.0,90176000.0,501593000.0,488704000.0,,2553000.0,326348000.0,162356000.0,-1132000.0,161224000.0,990297000.0,51100000.0,51566000.0,51809000.0
Zebra Technologies Corp,ZBRA,PO0I32GKZ3HZMMDPZZ08,877212,2012.0,Q3YTD,2012-01-01,2012-09-29,,3210000.0,1.7,1.7,1.69,9114000.0,33014000.0,96593000.0,87914000.0,87098000.0,816000.0,87914000.0,375805000.0,742989000.0,-2080000.0,,,64759000.0,2072000.0,71203000.0,375805000.0,367184000.0,,1959000.0,246951000.0,120233000.0,-121000.0,120112000.0,742989000.0,51100000.0,51566000.0,51809000.0
Zebra Technologies Corp,ZBRA,PO0I32GKZ3HZMMDPZZ08,877212,2012.0,Q3,2012-07-01,2012-09-29,2013-11-05 15:36:09+00:00,1670000.0,0.53,0.53,0.52,9114000.0,11917000.0,32321000.0,27097000.0,26581000.0,516000.0,27097000.0,125113000.0,252037000.0,-808000.0,,,22007000.0,566000.0,22481000.0,125113000.0,126924000.0,,541000.0,88159000.0,38765000.0,-267000.0,38498000.0,252037000.0,51100000.0,51566000.0,51809000.0
Zebra Technologies Corp,ZBRA,PO0I32GKZ3HZMMDPZZ08,877212,2012.0,Q2TTM,2011-07-03,2012-06-30,,3189000.0,2.7,2.7,2.69,,43145000.0,132591000.0,140862000.0,127563000.0,13299000.0,140862000.0,506265000.0,991598000.0,-3909000.0,,,88510000.0,1899000.0,86673000.0,506265000.0,485333000.0,,2146000.0,312862000.0,172471000.0,-1763000.0,170708000.0,991598000.0,52000000.0,51771000.0,52030000.0
Zebra Technologies Corp,ZBRA,PO0I32GKZ3HZMMDPZZ08,877212,2012.0,Q2YTD,2012-01-01,2012-06-30,,1540000.0,1.17,1.17,1.17,,21097000.0,64272000.0,60817000.0,60517000.0,300000.0,60817000.0,250692000.0,490952000.0,-1272000.0,,,42752000.0,1506000.0,48722000.0,250692000.0,240260000.0,,1418000.0,158792000.0,81468000.0,146000.0,81614000.0,490952000.0,52000000.0,51771000.0,52030000.0
Zebra Technologies Corp,ZBRA,PO0I32GKZ3HZMMDPZZ08,877212,2012.0,Q2,2012-04-01,2012-06-30,2013-08-06 14:16:04+00:00,770000.0,0.59,0.59,0.59,,9366000.0,32158000.0,30653000.0,30353000.0,300000.0,30653000.0,126700000.0,247077000.0,-566000.0,,,22336000.0,1252000.0,24402000.0,126700000.0,120377000.0,,826000.0,80918000.0,39459000.0,260000.0,39719000.0,247077000.0,52000000.0,51771000.0,52030000.0
Zebra Technologies Corp,ZBRA,PO0I32GKZ3HZMMDPZZ08,877212,2012.0,Q1TTM,2011-04-03,2012-03-31,,3255000.0,2.71,2.71,2.7,,46861000.0,131383000.0,143173000.0,130379000.0,12794000.0,143173000.0,503408000.0,990062000.0,-4419000.0,,,88661000.0,713000.0,82959000.0,503408000.0,486654000.0,,1976000.0,306971000.0,179683000.0,-2443000.0,177240000.0,990062000.0,52000000.0,51998000.0,52301000.0
Zebra Technologies Corp,ZBRA,PO0I32GKZ3HZMMDPZZ08,877212,2012.0,Q1,2012-01-01,2012-03-31,2013-05-02 12:54:38+00:00,770000.0,0.58,0.58,0.58,,11731000.0,32114000.0,30164000.0,30164000.0,,30164000.0,123992000.0,243875000.0,-706000.0,,,20416000.0,254000.0,24320000.0,123992000.0,119883000.0,,592000.0,77874000.0,42009000.0,-114000.0,41895000.0,243875000.0,52000000.0,51998000.0,52301000.0
Zebra Technologies Corp,ZBRA,PO0I32GKZ3HZMMDPZZ08,877212,2013.0,FY,2013-01-01,2013-12-31,2016-11-14 17:21:38+00:00,7000000.0,2.65,2.65,2.63,,30000000.0,138000000.0,134000000.0,134000000.0,,134000000.0,535000000.0,1038000000.0,4000000.0,,,91000000.0,11000000.0,96000000.0,535000000.0,503000000.0,0.0,,343000000.0,160000000.0,4000000.0,164000000.0,1038000000.0,50600000.0,50692942.0,51063189.0
Zebra Technologies Corp,ZBRA,PO0I32GKZ3HZMMDPZZ08,877212,2013.0,Q4,2013-09-29,2013-12-31,,1443000.0,0.83,0.83,0.81,,9079000.0,36260000.0,41292000.0,41300000.0,-8000.0,41292000.0,143962000.0,284380000.0,3264000.0,,,23565000.0,6117000.0,24218000.0,143962000.0,140418000.0,,-1700000.0,91603000.0,48815000.0,1564000.0,50379000.0,284380000.0,50600000.0,50692942.0,51063189.0
Zebra Technologies Corp,ZBRA,PO0I32GKZ3HZMMDPZZ08,877212,2013.0,Q3TTM,2012-09-30,2013-09-28,,7020000.0,2.5,2.5,2.5,,30184000.0,135053000.0,127698000.0,127499000.0,199000.0,127698000.0,519757000.0,1006799000.0,361000.0,,,90040000.0,6880000.0,92746000.0,519757000.0,487042000.0,207000.0,2226000.0,331739000.0,155303000.0,2380000.0,157683000.0,1006799000.0,50800000.0,50590000.0,50924000.0
Zebra Technologies Corp,ZBRA,PO0I32GKZ3HZMMDPZZ08,877212,2013.0,Q3YTD,2013-01-01,2013-09-28,,5557000.0,1.82,1.82,1.82,,20921000.0,101740000.0,92708000.0,92700000.0,8000.0,92708000.0,391038000.0,753620000.0,736000.0,,,67435000.0,4883000.0,71782000.0,391038000.0,362582000.0,,1700000.0,251397000.0,111185000.0,2436000.0,113621000.0,753620000.0,50800000.0,50590000.0,50924000.0
Zebra Technologies Corp,ZBRA,PO0I32GKZ3HZMMDPZZ08,877212,2013.0,Q3,2013-06-30,2013-09-28,2014-11-05 12:56:00+00:00,1831000.0,0.76,0.76,0.76,,8541000.0,34395000.0,38600000.0,38600000.0,0.0,38600000.0,134913000.0,263523000.0,-178000.0,,,22376000.0,787000.0,22452000.0,134913000.0,128610000.0,,550000.0,81841000.0,46769000.0,372000.0,47141000.0,263523000.0,50800000.0,50590000.0,50924000.0
Zebra Technologies Corp,ZBRA,PO0I32GKZ3HZMMDPZZ08,877212,2013.0,Q2TTM,2012-07-01,2013-06-29,,6859000.0,2.27,2.27,2.26,9114000.0,33560000.0,132979000.0,116195000.0,115480000.0,715000.0,116195000.0,509957000.0,995313000.0,-269000.0,,,89671000.0,6659000.0,92775000.0,509957000.0,485356000.0,207000.0,2217000.0,338057000.0,147299000.0,1741000.0,149040000.0,995313000.0,50900000.0,50900000.0,51283000.0
Zebra Technologies Corp,ZBRA,PO0I32GKZ3HZMMDPZZ08,877212,2013.0,Q2YTD,2013-01-01,2013-06-29,,3726000.0,1.06,1.06,1.06,,12380000.0,67345000.0,54108000.0,54100000.0,8000.0,54108000.0,256125000.0,490097000.0,914000.0,,,45059000.0,4096000.0,49330000.0,256125000.0,233972000.0,,1150000.0,169556000.0,64416000.0,2064000.0,66480000.0,490097000.0,50900000.0,50900000.0,51283000.0
Zebra Technologies Corp,ZBRA,PO0I32GKZ3HZMMDPZZ08,877212,2013.0,Q2,2013-03-31,2013-06-29,2014-08-05 15:43:31+00:00,1863000.0,0.6,0.6,0.6,,7158000.0,33830000.0,30566000.0,30558000.0,8000.0,30566000.0,132253000.0,253160000.0,1002000.0,,,23201000.0,1719000.0,24053000.0,132253000.0,120907000.0,,473000.0,84666000.0,36241000.0,1475000.0,37716000.0,253160000.0,50900000.0,50900000.0,51283000.0
Zebra Technologies Corp,ZBRA,PO0I32GKZ3HZMMDPZZ08,877212,2013.0,Q1TTM,2012-04-01,2013-03-30,,5766000.0,2.26,2.26,2.25,9114000.0,35768000.0,131307000.0,116282000.0,115275000.0,1007000.0,116282000.0,504404000.0,989230000.0,-1837000.0,,,88806000.0,6192000.0,93124000.0,504404000.0,484826000.0,207000.0,2570000.0,334309000.0,150517000.0,526000.0,151043000.0,989230000.0,51200000.0,50980000.0,51366000.0
Zebra Technologies Corp,ZBRA,PO0I32GKZ3HZMMDPZZ08,877212,2013.0,Q1,2013-01-01,2013-03-30,2014-05-06 14:14:56+00:00,1863000.0,0.46,0.46,0.46,,5222000.0,33515000.0,23542000.0,23542000.0,,23542000.0,123872000.0,236937000.0,-88000.0,,,21858000.0,2377000.0,25277000.0,123872000.0,113065000.0,,677000.0,84890000.0,28175000.0,589000.0,28764000.0,236937000.0,51200000.0,50980000.0,51366000.0
Zebra Technologies Corp,ZBRA,PO0I32GKZ3HZMMDPZZ08,877212,2014.0,FY,2014-01-01,2014-12-31,2017-02-27 16:58:23+00:00,54000000.0,0.64,0.64,0.63,0.0,-15000000.0,213000000.0,32000000.0,32000000.0,,32000000.0,893000000.0,1671000000.0,-10000000.0,,,151000000.0,133000000.0,138000000.0,893000000.0,778000000.0,62000000.0,,689000000.0,89000000.0,-72000000.0,17000000.0,1671000000.0,50000000.0,50789173.0,51379698.0
Zebra Technologies Corp,ZBRA,PO0I32GKZ3HZMMDPZZ08,877212,2014.0,Q4,2014-09-28,2014-12-31,,46064000.0,-1.02,-1.02,-1.02,,-40240000.0,105048000.0,-52108000.0,-52108000.0,,-52108000.0,454652000.0,791039000.0,-4966000.0,,,79208000.0,71949000.0,58547000.0,454652000.0,336387000.0,61982000.0,-971000.0,360816000.0,-24429000.0,-67919000.0,-92348000.0,791039000.0,50000000.0,50789173.0,51379698.0
Zebra Technologies Corp,ZBRA,PO0I32GKZ3HZMMDPZZ08,877212,2014.0,Q3TTM,2013-09-29,2014-09-27,,9379000.0,2.49,2.49,2.46,,34319000.0,144212000.0,125400000.0,125408000.0,-8000.0,125400000.0,582310000.0,1164341000.0,-1770000.0,,,95357000.0,67168000.0,103671000.0,582310000.0,582031000.0,18000.0,-729000.0,419787000.0,162244000.0,-2517000.0,159727000.0,1164341000.0,51500000.0,50835000.0,51461000.0
Zebra Technologies Corp,ZBRA,PO0I32GKZ3HZMMDPZZ08,877212,2014.0,Q3,2014-06-29,2014-09-27,2015-11-12 16:19:46+00:00,2597000.0,0.29,0.29,0.29,,9861000.0,36781000.0,14945000.0,14945000.0,,14945000.0,151766000.0,303272000.0,-2321000.0,,,25225000.0,35206000.0,24741000.0,151766000.0,151506000.0,,171000.0,124550000.0,26956000.0,-2150000.0,24806000.0,303272000.0,51500000.0,50835000.0,51461000.0
Zebra Technologies Corp,ZBRA,PO0I32GKZ3HZMMDPZZ08,877212,2014.0,Q3YTD,2014-01-01,2014-09-27,,7936000.0,1.66,1.66,1.65,,25240000.0,107952000.0,84108000.0,84108000.0,,84108000.0,438348000.0,879961000.0,-5034000.0,,,71792000.0,61051000.0,79453000.0,438348000.0,441613000.0,18000.0,971000.0,328184000.0,113429000.0,-4081000.0,109348000.0,879961000.0,51500000.0,50835000.0,51461000.0
Zebra Technologies Corp,ZBRA,PO0I32GKZ3HZMMDPZZ08,877212,2014.0,Q2TTM,2013-06-30,2014-06-28,,8613000.0,2.96,2.96,2.93,,32999000.0,141826000.0,149055000.0,149063000.0,-8000.0,149055000.0,565457000.0,1124592000.0,373000.0,,,92508000.0,32749000.0,101382000.0,565457000.0,559135000.0,18000.0,-350000.0,377078000.0,182057000.0,5000.0,182062000.0,1124592000.0,51000000.0,50606000.0,51278000.0
Zebra Technologies Corp,ZBRA,PO0I32GKZ3HZMMDPZZ08,877212,2014.0,Q2,2014-03-30,2014-06-28,2015-08-13 15:24:07+00:00,2667000.0,0.54,0.54,0.54,,3440000.0,35755000.0,27557000.0,27557000.0,,27557000.0,146252000.0,288421000.0,-2447000.0,,,23710000.0,20651000.0,26321000.0,146252000.0,142169000.0,0.0,379000.0,109104000.0,33065000.0,-2068000.0,30997000.0,288421000.0,51000000.0,50606000.0,51278000.0
Zebra Technologies Corp,ZBRA,PO0I32GKZ3HZMMDPZZ08,877212,2014.0,Q2YTD,2014-01-01,2014-06-28,,5339000.0,1.37,1.37,1.36,,15379000.0,71171000.0,69163000.0,69163000.0,,69163000.0,286582000.0,576689000.0,-2713000.0,,,46567000.0,25845000.0,54712000.0,286582000.0,290107000.0,18000.0,800000.0,203634000.0,86473000.0,-1931000.0,84542000.0,576689000.0,51000000.0,50606000.0,51278000.0
Zebra Technologies Corp,ZBRA,PO0I32GKZ3HZMMDPZZ08,877212,2014.0,Q1TTM,2013-03-31,2014-03-29,,7809000.0,3.02,3.02,2.99,,36717000.0,139901000.0,152064000.0,152064000.0,,152064000.0,551458000.0,1089331000.0,3822000.0,,,91999000.0,13817000.0,99114000.0,551458000.0,537873000.0,18000.0,-256000.0,352640000.0,185233000.0,3548000.0,188781000.0,1089331000.0,50100000.0,50402000.0,50974000.0
Zebra Technologies Corp,ZBRA,PO0I32GKZ3HZMMDPZZ08,877212,2014.0,Q1,2014-01-01,2014-03-29,2015-05-14 11:25:52+00:00,2672000.0,0.83,0.83,0.82,,11939000.0,35416000.0,41606000.0,41606000.0,,41606000.0,140330000.0,288268000.0,-266000.0,,,22857000.0,5194000.0,28391000.0,140330000.0,147938000.0,18000.0,421000.0,94530000.0,53408000.0,137000.0,53545000.0,288268000.0,50100000.0,50402000.0,50974000.0
Zebra Technologies Corp,ZBRA,PO0I32GKZ3HZMMDPZZ08,877212,2015.0,FY,2015-01-01,2015-12-31,2018-02-22 16:30:50+00:00,251000000.0,-3.1,-3.1,-3.1,0.0,-22000000.0,494000000.0,-158000000.0,-158000000.0,,-158000000.0,2006000000.0,3650000000.0,-24000000.0,,,394000000.0,185000000.0,283000000.0,2006000000.0,1644000000.0,193000000.0,,1607000000.0,37000000.0,-217000000.0,-180000000.0,3650000000.0,51000000.0,50996297.0,50996297.0
Zebra Technologies Corp,ZBRA,PO0I32GKZ3HZMMDPZZ08,877212,2015.0,Q4,2015-10-04,2015-12-31,,61000000.0,-0.53,-0.53,-0.53,,-17000000.0,127000000.0,-27000000.0,-27000000.0,,-27000000.0,523000000.0,951000000.0,-4000000.0,,,98000000.0,56000000.0,80000000.0,523000000.0,428000000.0,193000000.0,147000000.0,422000000.0,6000000.0,-50000000.0,-44000000.0,951000000.0,51000000.0,50996297.0,50996297.0
Zebra Technologies Corp,ZBRA,PO0I32GKZ3HZMMDPZZ08,877212,2015.0,Q3,2015-07-05,2015-10-03,2016-11-15 09:36:02+00:00,59000000.0,-0.57,-0.57,-0.57,0.0,4000000.0,120000000.0,-29000000.0,-29000000.0,,-29000000.0,502000000.0,916000000.0,-4000000.0,,,100000000.0,43000000.0,67000000.0,502000000.0,414000000.0,,-46000000.0,389000000.0,25000000.0,-50000000.0,-25000000.0,916000000.0,50900000.0,51151541.0,51151541.0
Zebra Technologies Corp,ZBRA,PO0I32GKZ3HZMMDPZZ08,877212,2015.0,Q3YTD,2015-01-01,2015-10-03,,190000000.0,-2.57,-2.57,-2.57,,-5000000.0,367000000.0,-131000000.0,-131000000.0,,-131000000.0,1483000000.0,2699000000.0,-20000000.0,,,296000000.0,129000000.0,203000000.0,1483000000.0,1216000000.0,,-147000000.0,1185000000.0,31000000.0,-167000000.0,-136000000.0,2699000000.0,50900000.0,51151541.0,51151541.0
Zebra Technologies Corp,ZBRA,PO0I32GKZ3HZMMDPZZ08,877212,2015.0,Q3TTM,2014-09-28,2015-10-03,,236064000.0,-3.59,-3.59,-3.59,,-45240000.0,472048000.0,-183108000.0,-183108000.0,,-183108000.0,1937652000.0,3490039000.0,-24966000.0,,,375208000.0,200949000.0,261547000.0,1937652000.0,1552387000.0,61982000.0,-147971000.0,1545816000.0,6571000.0,-234919000.0,-228348000.0,3490039000.0,50900000.0,51151541.0,51151541.0
Zebra Technologies Corp,ZBRA,PO0I32GKZ3HZMMDPZZ08,877212,2015.0,Q2,2015-04-05,2015-07-04,2016-11-14 17:49:30+00:00,63000000.0,-1.5,-1.5,-1.5,,24000000.0,125000000.0,-77000000.0,-77000000.0,,-77000000.0,497000000.0,890000000.0,11000000.0,,,100000000.0,49000000.0,70000000.0,497000000.0,393000000.0,,-50000000.0,407000000.0,-14000000.0,-39000000.0,-53000000.0,890000000.0,51300000.0,50917161.0,50917161.0
Zebra Technologies Corp,ZBRA,PO0I32GKZ3HZMMDPZZ08,877212,2015.0,Q2YTD,2015-01-01,2015-07-04,,131000000.0,-2.0,-2.0,-2.0,,-9000000.0,247000000.0,-102000000.0,-102000000.0,,-102000000.0,981000000.0,1783000000.0,-16000000.0,,,196000000.0,86000000.0,136000000.0,981000000.0,802000000.0,,-101000000.0,796000000.0,6000000.0,-117000000.0,-111000000.0,1783000000.0,51300000.0,50917161.0,50917161.0
Zebra Technologies Corp,ZBRA,PO0I32GKZ3HZMMDPZZ08,877212,2015.0,Q2TTM,2014-06-29,2015-07-04,,179661000.0,-2.73,-2.73,-2.73,,-39379000.0,388829000.0,-139163000.0,-139163000.0,,-139163000.0,1587418000.0,2877311000.0,-23287000.0,,,300433000.0,193155000.0,219288000.0,1587418000.0,1289893000.0,61982000.0,-101800000.0,1281366000.0,8527000.0,-187069000.0,-178542000.0,2877311000.0,51300000.0,50917161.0,50917161.0
Zebra Technologies Corp,ZBRA,PO0I32GKZ3HZMMDPZZ08,877212,2015.0,Q1,2015-01-01,2015-04-04,2016-11-14 17:41:56+00:00,68000000.0,-0.5,-0.5,-0.5,,-33000000.0,122000000.0,-25000000.0,-25000000.0,,-25000000.0,484000000.0,893000000.0,-27000000.0,,,96000000.0,37000000.0,66000000.0,484000000.0,409000000.0,,-51000000.0,389000000.0,20000000.0,-78000000.0,-58000000.0,893000000.0,50000000.0,50666970.0,50666970.0
Zebra Technologies Corp,ZBRA,PO0I32GKZ3HZMMDPZZ08,877212,2015.0,Q1TTM,2014-03-30,2015-04-04,,119328000.0,-0.69,-0.69,-0.69,,-59939000.0,299584000.0,-34606000.0,-34606000.0,,-34606000.0,1236670000.0,2275732000.0,-36734000.0,,,224143000.0,164806000.0,175609000.0,1236670000.0,1039062000.0,61982000.0,-51421000.0,983470000.0,55592000.0,-150137000.0,-94545000.0,2275732000.0,50000000.0,50666970.0,50666970.0
Zebra Technologies Corp,ZBRA,PO0I32GKZ3HZMMDPZZ08,877212,2016.0,FY,2016-01-01,2016-12-31,2019-02-14 16:46:52+00:00,229000000.0,-2.65,-2.65,-2.65,62000000.0,8000000.0,444000000.0,-137000000.0,-137000000.0,,-137000000.0,1932000000.0,3574000000.0,-16000000.0,,,376000000.0,144000000.0,307000000.0,1932000000.0,1642000000.0,193000000.0,,1562000000.0,80000000.0,-209000000.0,-129000000.0,3574000000.0,51579112.0,51579112.0,51579112.0
Zebra Technologies Corp,ZBRA,PO0I32GKZ3HZMMDPZZ08,877212,2016.0,Q4,2016-10-02,2016-12-31,,51000000.0,0.34,0.34,0.34,,3000000.0,107000000.0,17000000.0,17000000.0,,17000000.0,510000000.0,942000000.0,-3000000.0,,,92000000.0,29000000.0,82000000.0,510000000.0,432000000.0,193000000.0,145000000.0,361000000.0,71000000.0,-51000000.0,20000000.0,942000000.0,51579112.0,51579112.0,51579112.0
Zebra Technologies Corp,ZBRA,PO0I32GKZ3HZMMDPZZ08,877212,2016.0,Q3,2016-07-03,2016-10-01,2017-11-07 16:06:25+00:00,59000000.0,-1.61,-1.61,-1.61,62000000.0,6000000.0,112000000.0,-83000000.0,-83000000.0,,-83000000.0,490000000.0,904000000.0,-7000000.0,,,96000000.0,35000000.0,74000000.0,490000000.0,414000000.0,,-46000000.0,438000000.0,-24000000.0,-53000000.0,-77000000.0,904000000.0,51600000.0,51690204.0,51690204.0
Zebra Technologies Corp,ZBRA,PO0I32GKZ3HZMMDPZZ08,877212,2016.0,Q3YTD,2016-01-01,2016-10-01,,178000000.0,-2.99,-2.99,-2.99,62000000.0,5000000.0,337000000.0,-154000000.0,-154000000.0,,-154000000.0,1422000000.0,2632000000.0,-13000000.0,,,284000000.0,115000000.0,225000000.0,1422000000.0,1210000000.0,,-145000000.0,1201000000.0,9000000.0,-158000000.0,-149000000.0,2632000000.0,51600000.0,51690204.0,51690204.0
Zebra Technologies Corp,ZBRA,PO0I32GKZ3HZMMDPZZ08,877212,2016.0,Q3TTM,2015-10-04,2016-10-01,,239000000.0,-3.52,-3.52,-3.52,62000000.0,-12000000.0,464000000.0,-181000000.0,-181000000.0,,-181000000.0,1945000000.0,3583000000.0,-17000000.0,,,382000000.0,171000000.0,305000000.0,1945000000.0,1638000000.0,193000000.0,2000000.0,1623000000.0,15000000.0,-208000000.0,-193000000.0,3583000000.0,51600000.0,51690204.0,51690204.0
Zebra Technologies Corp,ZBRA,PO0I32GKZ3HZMMDPZZ08,877212,2016.0,Q2,2016-04-03,2016-07-02,2017-08-08 16:13:54+00:00,60000000.0,-0.88,-0.88,-0.88,,12000000.0,112000000.0,-45000000.0,-45000000.0,,-45000000.0,473000000.0,879000000.0,-7000000.0,,,95000000.0,39000000.0,77000000.0,473000000.0,406000000.0,,-49000000.0,383000000.0,23000000.0,-56000000.0,-33000000.0,879000000.0,51100000.0,51533236.0,51533236.0
Zebra Technologies Corp,ZBRA,PO0I32GKZ3HZMMDPZZ08,877212,2016.0,Q2YTD,2016-01-01,2016-07-02,,119000000.0,-1.38,-1.38,-1.38,,-1000000.0,225000000.0,-71000000.0,-71000000.0,,-71000000.0,932000000.0,1728000000.0,-6000000.0,,,188000000.0,80000000.0,151000000.0,932000000.0,796000000.0,,-99000000.0,763000000.0,33000000.0,-105000000.0,-72000000.0,1728000000.0,51100000.0,51533236.0,51533236.0
Zebra Technologies Corp,ZBRA,PO0I32GKZ3HZMMDPZZ08,877212,2016.0,Q2TTM,2015-07-05,2016-07-02,,239000000.0,-2.48,-2.48,-2.48,,-14000000.0,472000000.0,-127000000.0,-127000000.0,,-127000000.0,1957000000.0,3595000000.0,-14000000.0,,,386000000.0,179000000.0,298000000.0,1957000000.0,1638000000.0,193000000.0,2000000.0,1574000000.0,64000000.0,-205000000.0,-141000000.0,3595000000.0,51100000.0,51533236.0,51533236.0
Zebra Technologies Corp,ZBRA,PO0I32GKZ3HZMMDPZZ08,877212,2016.0,Q1,2016-01-01,2016-04-02,2017-05-09 16:09:54+00:00,59000000.0,-0.5,-0.5,-0.5,,-13000000.0,113000000.0,-26000000.0,-26000000.0,,-26000000.0,459000000.0,849000000.0,1000000.0,,,93000000.0,41000000.0,74000000.0,459000000.0,390000000.0,,-50000000.0,380000000.0,10000000.0,-49000000.0,-39000000.0,849000000.0,52000000.0,51299632.0,51299632.0
Zebra Technologies Corp,ZBRA,PO0I32GKZ3HZMMDPZZ08,877212,2016.0,Q1TTM,2015-04-05,2016-04-02,,242000000.0,-3.1,-3.1,-3.1,,-2000000.0,485000000.0,-159000000.0,-159000000.0,,-159000000.0,1981000000.0,3606000000.0,4000000.0,,,391000000.0,189000000.0,291000000.0,1981000000.0,1625000000.0,193000000.0,1000000.0,1598000000.0,27000000.0,-188000000.0,-161000000.0,3606000000.0,52000000.0,51299632.0,51299632.0
Zebra Technologies Corp,ZBRA,PO0I32GKZ3HZMMDPZZ08,877212,2017.0,FY,2017-01-01,2017-12-31,2020-02-13 16:03:58+00:00,184000000.0,0.33,0.33,0.32,,71000000.0,448000000.0,17000000.0,17000000.0,,17000000.0,4024000000.0,7444000000.0,-7000000.0,1710000000.0,,389000000.0,66000000.0,301000000.0,4024000000.0,3420000000.0,227000000.0,,3098000000.0,322000000.0,-234000000.0,88000000.0,7444000000.0,53021761.0,53021761.0,53021761.0
Zebra Technologies Corp,ZBRA,PO0I32GKZ3HZMMDPZZ08,877212,2017.0,Q4,2017-10-01,2017-12-31,,33000000.0,0.07,0.07,0.07,,74000000.0,112000000.0,4000000.0,4000000.0,,4000000.0,2569000000.0,4748000000.0,-4000000.0,1710000000.0,,98000000.0,6000000.0,87000000.0,2569000000.0,2179000000.0,227000000.0,176000000.0,2046000000.0,133000000.0,-55000000.0,78000000.0,4748000000.0,53021761.0,53021761.0,53021761.0
Zebra Technologies Corp,ZBRA,PO0I32GKZ3HZMMDPZZ08,877212,2017.0,Q3,2017-07-02,2017-09-30,2018-11-06 16:11:58+00:00,49000000.0,-0.23,-0.23,-0.23,,5000000.0,113000000.0,-12000000.0,-12000000.0,,-12000000.0,506000000.0,935000000.0,-3000000.0,,,96000000.0,9000000.0,71000000.0,506000000.0,429000000.0,,-95000000.0,338000000.0,91000000.0,-98000000.0,-7000000.0,935000000.0,52220868.0,52220868.0,52220868.0
Zebra Technologies Corp,ZBRA,PO0I32GKZ3HZMMDPZZ08,877212,2017.0,Q3YTD,2017-01-01,2017-09-30,,151000000.0,0.26,0.26,0.25,,-3000000.0,336000000.0,13000000.0,13000000.0,,13000000.0,1455000000.0,2696000000.0,-3000000.0,,,291000000.0,60000000.0,214000000.0,1455000000.0,1241000000.0,,-176000000.0,1052000000.0,189000000.0,-179000000.0,10000000.0,2696000000.0,52220868.0,52220868.0,52220868.0
Zebra Technologies Corp,ZBRA,PO0I32GKZ3HZMMDPZZ08,877212,2017.0,Q3TTM,2016-10-02,2017-09-30,,202000000.0,0.6,0.6,0.59,,,443000000.0,30000000.0,30000000.0,,30000000.0,1965000000.0,3638000000.0,-6000000.0,,,383000000.0,89000000.0,296000000.0,1965000000.0,1673000000.0,193000000.0,-31000000.0,1413000000.0,260000000.0,-230000000.0,30000000.0,3638000000.0,52220868.0,52220868.0,52220868.0
Zebra Technologies Corp,ZBRA,PO0I32GKZ3HZMMDPZZ08,877212,2017.0,Q2,2017-04-02,2017-07-01,2018-08-07 16:14:30+00:00,52000000.0,0.33,0.33,0.32,,2000000.0,114000000.0,17000000.0,17000000.0,,17000000.0,485000000.0,896000000.0,1000000.0,,,99000000.0,20000000.0,68000000.0,485000000.0,411000000.0,,-40000000.0,353000000.0,58000000.0,-39000000.0,19000000.0,896000000.0,51500000.0,51996353.0,53128657.0
Zebra Technologies Corp,ZBRA,PO0I32GKZ3HZMMDPZZ08,877212,2017.0,Q2YTD,2017-01-01,2017-07-01,,102000000.0,0.49,0.49,0.48,,-8000000.0,223000000.0,25000000.0,25000000.0,,25000000.0,949000000.0,1761000000.0,,,,195000000.0,51000000.0,143000000.0,949000000.0,812000000.0,,-81000000.0,714000000.0,98000000.0,-81000000.0,17000000.0,1761000000.0,51500000.0,51996353.0,53128657.0
Zebra Technologies Corp,ZBRA,PO0I32GKZ3HZMMDPZZ08,877212,2017.0,Q2TTM,2016-07-03,2017-07-01,,212000000.0,-0.78,-0.78,-0.79,62000000.0,1000000.0,442000000.0,-41000000.0,-41000000.0,,-41000000.0,1949000000.0,3607000000.0,-10000000.0,,,383000000.0,115000000.0,299000000.0,1949000000.0,1658000000.0,193000000.0,18000000.0,1513000000.0,145000000.0,-185000000.0,-40000000.0,3607000000.0,51500000.0,51996353.0,53128657.0
Zebra Technologies Corp,ZBRA,PO0I32GKZ3HZMMDPZZ08,877212,2017.0,Q1,2017-01-01,2017-04-01,2018-05-08 16:13:19+00:00,50000000.0,0.16,0.16,0.16,,-10000000.0,109000000.0,8000000.0,8000000.0,,8000000.0,464000000.0,865000000.0,-1000000.0,,,96000000.0,31000000.0,75000000.0,464000000.0,401000000.0,,-41000000.0,361000000.0,40000000.0,-42000000.0,-2000000.0,865000000.0,50000000.0,51842025.0,52946883.0
Zebra Technologies Corp,ZBRA,PO0I32GKZ3HZMMDPZZ08,877212,2017.0,Q1TTM,2016-04-03,2017-04-01,,220000000.0,-1.99,-1.99,-1.99,62000000.0,11000000.0,440000000.0,-103000000.0,-103000000.0,,-103000000.0,1937000000.0,3590000000.0,-18000000.0,,,379000000.0,134000000.0,308000000.0,1937000000.0,1653000000.0,193000000.0,9000000.0,1543000000.0,110000000.0,-202000000.0,-92000000.0,3590000000.0,50000000.0,51842025.0,52946883.0
Zebra Technologies Corp,ZBRA,PO0I32GKZ3HZMMDPZZ08,877212,2018.0,FY,2018-01-01,2018-12-31,2020-02-13 16:03:58+00:00,97000000.0,7.86,7.86,7.76,,103000000.0,483000000.0,421000000.0,421000000.0,,421000000.0,4474000000.0,8436000000.0,5000000.0,1981000000.0,,444000000.0,19000000.0,328000000.0,4474000000.0,3962000000.0,91000000.0,,3352000000.0,610000000.0,-86000000.0,524000000.0,8436000000.0,53591655.0,53591655.0,53591655.0
Zebra Technologies Corp,ZBRA,PO0I32GKZ3HZMMDPZZ08,877212,2018.0,Q4,2018-09-30,2018-12-31,,26000000.0,2.14,2.14,2.12,,33000000.0,122000000.0,115000000.0,115000000.0,,115000000.0,2835000000.0,5355000000.0,8000000.0,1981000000.0,,121000000.0,2000000.0,89000000.0,2835000000.0,2520000000.0,91000000.0,52000000.0,2341000000.0,179000000.0,-31000000.0,148000000.0,5355000000.0,53591655.0,53591655.0,53591655.0
Zebra Technologies Corp,ZBRA,PO0I32GKZ3HZMMDPZZ08,877212,2018.0,Q3,2018-07-01,2018-09-29,2019-10-29 21:11:39+00:00,25000000.0,2.37,2.37,2.34,,16000000.0,120000000.0,127000000.0,127000000.0,,127000000.0,587000000.0,1092000000.0,-1000000.0,,,113000000.0,10000000.0,75000000.0,587000000.0,505000000.0,,-18000000.0,343000000.0,162000000.0,-19000000.0,143000000.0,1092000000.0,53740174.0,53740174.0,53740174.0
Zebra Technologies Corp,ZBRA,PO0I32GKZ3HZMMDPZZ08,877212,2018.0,Q3YTD,2018-01-01,2018-09-29,,71000000.0,5.72,5.72,5.64,,70000000.0,361000000.0,306000000.0,306000000.0,,306000000.0,1639000000.0,3081000000.0,-3000000.0,,,323000000.0,17000000.0,239000000.0,1639000000.0,1442000000.0,,-52000000.0,1011000000.0,431000000.0,-55000000.0,376000000.0,3081000000.0,53740174.0,53740174.0,53740174.0
Zebra Technologies Corp,ZBRA,PO0I32GKZ3HZMMDPZZ08,877212,2018.0,Q3TTM,2017-10-01,2018-09-29,,104000000.0,5.79,5.79,5.71,,144000000.0,473000000.0,310000000.0,310000000.0,,310000000.0,4208000000.0,7829000000.0,-7000000.0,1710000000.0,,421000000.0,23000000.0,326000000.0,4208000000.0,3621000000.0,227000000.0,124000000.0,3057000000.0,564000000.0,-110000000.0,454000000.0,7829000000.0,53740174.0,53740174.0,53740174.0
Zebra Technologies Corp,ZBRA,PO0I32GKZ3HZMMDPZZ08,877212,2018.0,Q2,2018-04-01,2018-06-30,2019-07-30 16:17:21+00:00,23000000.0,1.31,1.31,1.29,,30000000.0,121000000.0,70000000.0,70000000.0,,70000000.0,540000000.0,1012000000.0,-2000000.0,,,109000000.0,1000000.0,93000000.0,540000000.0,472000000.0,,-23000000.0,347000000.0,125000000.0,-25000000.0,100000000.0,1012000000.0,53537876.0,53537876.0,53537876.0
Zebra Technologies Corp,ZBRA,PO0I32GKZ3HZMMDPZZ08,877212,2018.0,Q2YTD,2018-01-01,2018-06-30,,46000000.0,3.35,3.35,3.3,,54000000.0,241000000.0,179000000.0,179000000.0,,179000000.0,1052000000.0,1989000000.0,-2000000.0,,,210000000.0,7000000.0,164000000.0,1052000000.0,937000000.0,,-34000000.0,668000000.0,269000000.0,-36000000.0,233000000.0,1989000000.0,53537876.0,53537876.0,53537876.0
Zebra Technologies Corp,ZBRA,PO0I32GKZ3HZMMDPZZ08,877212,2018.0,Q2TTM,2017-07-02,2018-06-30,,128000000.0,3.19,3.19,3.14,,133000000.0,466000000.0,171000000.0,171000000.0,,171000000.0,4127000000.0,7672000000.0,-9000000.0,1710000000.0,,404000000.0,22000000.0,322000000.0,4127000000.0,3545000000.0,227000000.0,47000000.0,3052000000.0,493000000.0,-189000000.0,304000000.0,7672000000.0,53537876.0,53537876.0,53537876.0
Zebra Technologies Corp,ZBRA,PO0I32GKZ3HZMMDPZZ08,877212,2018.0,Q1,2018-01-01,2018-03-31,2019-04-30 16:22:48+00:00,23000000.0,2.04,2.04,2.01,,24000000.0,120000000.0,109000000.0,109000000.0,,109000000.0,512000000.0,977000000.0,0.0,,,101000000.0,6000000.0,71000000.0,512000000.0,465000000.0,,-11000000.0,321000000.0,144000000.0,-11000000.0,133000000.0,977000000.0,53286249.0,53286249.0,53286249.0
Zebra Technologies Corp,ZBRA,PO0I32GKZ3HZMMDPZZ08,877212,2018.0,Q1TTM,2017-04-02,2018-03-31,,157000000.0,2.21,2.21,2.17,,105000000.0,459000000.0,118000000.0,118000000.0,,118000000.0,4072000000.0,7556000000.0,-6000000.0,1710000000.0,,394000000.0,41000000.0,297000000.0,4072000000.0,3484000000.0,227000000.0,30000000.0,3058000000.0,426000000.0,-203000000.0,223000000.0,7556000000.0,53286249.0,53286249.0,53286249.0
Zebra Technologies Corp,ZBRA,PO0I32GKZ3HZMMDPZZ08,877212,2019.0,Q4,2019-09-29,2019-12-31,,19000000.0,3.14,3.14,3.09,,10000000.0,130000000.0,169000000.0,169000000.0,,169000000.0,3033000000.0,5677000000.0,-5000000.0,2100000000.0,,118000000.0,10000000.0,79000000.0,3033000000.0,2644000000.0,89000000.0,85000000.0,2456000000.0,188000000.0,-9000000.0,179000000.0,5677000000.0,53991249.0,53991249.0,53991249.0
Zebra Technologies Corp,ZBRA,PO0I32GKZ3HZMMDPZZ08,877212,2019.0,FY,2019-01-01,2019-12-31,2020-02-13 16:03:58+00:00,103000000.0,10.08,10.08,9.97,,54000000.0,503000000.0,544000000.0,544000000.0,,544000000.0,4770000000.0,8970000000.0,-5000000.0,2100000000.0,,447000000.0,32000000.0,323000000.0,4770000000.0,4200000000.0,89000000.0,,3508000000.0,692000000.0,-94000000.0,598000000.0,8970000000.0,53991249.0,53991249.0,53991249.0
Zebra Technologies Corp,ZBRA,PO0I32GKZ3HZMMDPZZ08,877212,2019.0,Q3YTD,2019-01-01,2019-09-28,,84000000.0,6.94,6.94,6.88,,44000000.0,373000000.0,375000000.0,375000000.0,,375000000.0,1737000000.0,3293000000.0,,,,329000000.0,22000000.0,244000000.0,1737000000.0,1556000000.0,,-85000000.0,1052000000.0,504000000.0,-85000000.0,419000000.0,3293000000.0,54085500.0,54085500.0,54085500.0
Zebra Technologies Corp,ZBRA,PO0I32GKZ3HZMMDPZZ08,877212,2019.0,Q3TTM,2018-09-30,2019-09-28,,110000000.0,9.08,9.08,9.0,,77000000.0,495000000.0,490000000.0,490000000.0,,490000000.0,4572000000.0,8648000000.0,8000000.0,1981000000.0,,450000000.0,24000000.0,333000000.0,4572000000.0,4076000000.0,91000000.0,-33000000.0,3393000000.0,683000000.0,-116000000.0,567000000.0,8648000000.0,54085500.0,54085500.0,54085500.0
Zebra Technologies Corp,ZBRA,PO0I32GKZ3HZMMDPZZ08,877212,2019.0,Q3,2019-06-30,2019-09-28,2019-10-29 21:11:39+00:00,26000000.0,2.52,2.52,2.5,,23000000.0,124000000.0,136000000.0,136000000.0,,136000000.0,595000000.0,1130000000.0,2000000.0,,,110000000.0,12000000.0,78000000.0,595000000.0,535000000.0,,-28000000.0,350000000.0,185000000.0,-26000000.0,159000000.0,1130000000.0,54085500.0,54085500.0,54085500.0
Zebra Technologies Corp,ZBRA,PO0I32GKZ3HZMMDPZZ08,877212,2019.0,Q2YTD,2019-01-01,2019-06-29,,58000000.0,4.42,4.42,4.38,,21000000.0,249000000.0,239000000.0,239000000.0,,239000000.0,1142000000.0,2163000000.0,-2000000.0,,,219000000.0,10000000.0,166000000.0,1142000000.0,1021000000.0,,-57000000.0,702000000.0,319000000.0,-59000000.0,260000000.0,2163000000.0,54027576.0,54027576.0,54027576.0
Zebra Technologies Corp,ZBRA,PO0I32GKZ3HZMMDPZZ08,877212,2019.0,Q2TTM,2018-07-01,2019-06-29,,109000000.0,8.93,8.93,8.84,,70000000.0,491000000.0,481000000.0,481000000.0,,481000000.0,4564000000.0,8610000000.0,5000000.0,1981000000.0,,453000000.0,22000000.0,330000000.0,4564000000.0,4046000000.0,91000000.0,-23000000.0,3386000000.0,660000000.0,-109000000.0,551000000.0,8610000000.0,54027576.0,54027576.0,54027576.0
Zebra Technologies Corp,ZBRA,PO0I32GKZ3HZMMDPZZ08,877212,2019.0,Q2,2019-03-31,2019-06-29,2019-07-30 16:17:21+00:00,30000000.0,2.28,2.28,2.26,,5000000.0,127000000.0,124000000.0,124000000.0,,124000000.0,577000000.0,1097000000.0,2000000.0,,,108000000.0,5000000.0,90000000.0,577000000.0,520000000.0,,-33000000.0,360000000.0,160000000.0,-31000000.0,129000000.0,1097000000.0,54027576.0,54027576.0,54027576.0
Zebra Technologies Corp,ZBRA,PO0I32GKZ3HZMMDPZZ08,877212,2019.0,Q1,2019-01-01,2019-03-30,2020-04-28 16:02:32+00:00,28000000.0,2.14,2.14,2.12,,16000000.0,122000000.0,115000000.0,115000000.0,,115000000.0,565000000.0,1066000000.0,-4000000.0,,,111000000.0,5000000.0,76000000.0,565000000.0,501000000.0,,-24000000.0,342000000.0,159000000.0,-28000000.0,131000000.0,1066000000.0,53905426.0,53905426.0,53905426.0
Zebra Technologies Corp,ZBRA,PO0I32GKZ3HZMMDPZZ08,877212,2019.0,Q1TTM,2018-04-01,2019-03-30,,102000000.0,7.96,7.96,7.87,,95000000.0,485000000.0,427000000.0,427000000.0,,427000000.0,4527000000.0,8525000000.0,1000000.0,1981000000.0,,454000000.0,18000000.0,333000000.0,4527000000.0,3998000000.0,91000000.0,-13000000.0,3373000000.0,625000000.0,-103000000.0,522000000.0,8525000000.0,53905426.0,53905426.0,53905426.0
Zebra Technologies Corp,ZBRA,PO0I32GKZ3HZMMDPZZ08,877212,2020.0,Q1TTM,2019-03-31,2020-03-28,,91000000.0,9.6,9.6,9.5,,52000000.0,503000000.0,518000000.0,518000000.0,,518000000.0,4784000000.0,8956000000.0,-4000000.0,2100000000.0,,441000000.0,32000000.0,321000000.0,4784000000.0,4172000000.0,89000000.0,-21000000.0,3488000000.0,684000000.0,-114000000.0,570000000.0,8956000000.0,53760873.0,53760873.0,53760873.0
Zebra Technologies Corp,ZBRA,PO0I32GKZ3HZMMDPZZ08,877212,2020.0,Q1,2020-01-01,2020-03-28,2020-04-28 16:02:32+00:00,16000000.0,1.66,1.66,1.65,,14000000.0,122000000.0,89000000.0,89000000.0,,89000000.0,579000000.0,1052000000.0,-3000000.0,,,105000000.0,5000000.0,74000000.0,579000000.0,473000000.0,,-45000000.0,322000000.0,151000000.0,-48000000.0,103000000.0,1052000000.0,53760873.0,53760873.0,53760873.0
