company_name,company_ticker,company_lei,company_cik,year,quarter,start_date,end_date,filing_date,basicdilutedeps,basiceps,cashdividendspershare,depreciationexpense,dilutedeps,impairmentexpense,incometaxexpense,netincome,netincomecontinuing,netincometocommon,netincometononcontrollinginterest,operatingcostofrevenue,operatingrevenue,otherincome,otheroperatingexpenses,otherspecialcharges,restructuringcharge,sgaexpense,totalcostofrevenue,totalgrossprofit,totalinterestexpense,totalinterestincome,totaloperatingexpenses,totaloperatingincome,totalotherincome,totalpretaxincome,totalrevenue,weightedavebasicdilutedsharesos,weightedavebasicsharesos,weightedavedilutedsharesos
Republic Services Inc,RSG,NKNQHM6BLECKVOQP7O46,1060391,2007.0,FY,2007-01-01,2007-12-31,2010-02-24 16:17:26+00:00,1.53,1.53,0.55,305500000.0,1.51,0.0,177900000.0,290200000.0,290200000.0,290200000.0,0.0,2003900000.0,3176200000.0,14100000.0,17100000.0,,0.0,313700000.0,2003900000.0,1172300000.0,94800000.0,12800000.0,636300000.0,536000000.0,-67900000.0,468100000.0,3176200000.0,189700000.0,190100000.0,192000000.0
Republic Services Inc,RSG,NKNQHM6BLECKVOQP7O46,1060391,2008.0,FY,2008-01-01,2008-12-31,2011-02-18 16:11:53+00:00,0.38,0.38,0.72,354100000.0,0.37,89800000.0,85400000.0,73900000.0,73900000.0,73800000.0,100000.0,2416700000.0,3685100000.0,-1600000.0,23900000.0,,82700000.0,434700000.0,2416700000.0,1268400000.0,131900000.0,9600000.0,985200000.0,283200000.0,-123900000.0,159300000.0,3685100000.0,194200000.0,196700000.0,198400000.0
Republic Services Inc,RSG,NKNQHM6BLECKVOQP7O46,1060391,2008.0,Q3,2008-07-01,2008-09-30,2009-11-03 19:59:02+00:00,0.49,0.49,0.19,77300000.0,0.48,,56700000.0,88700000.0,88700000.0,88700000.0,0.0,499500000.0,834000000.0,-1600000.0,4600000.0,0.0,0.0,85600000.0,499500000.0,334500000.0,22600000.0,2600000.0,167500000.0,167000000.0,-21600000.0,145400000.0,834000000.0,181000000.0,182300000.0,184100000.0
Republic Services Inc,RSG,NKNQHM6BLECKVOQP7O46,1060391,2008.0,Q2,2008-04-01,2008-06-30,2009-08-07 06:32:30+00:00,0.22,0.22,0.17,76200000.0,0.22,,27000000.0,40700000.0,40700000.0,40700000.0,0.0,577500000.0,827500000.0,700000.0,4500000.0,0.0,0.0,83700000.0,577500000.0,250000000.0,21100000.0,2500000.0,164400000.0,85600000.0,-17900000.0,67700000.0,827500000.0,185000000.0,182000000.0,183900000.0
Republic Services Inc,RSG,NKNQHM6BLECKVOQP7O46,1060391,2009.0,Q4,2009-10-01,2009-12-31,,0.38,0.08,0.19,211000000.0,0.09,7300000.0,44600000.0,35900000.0,35900000.0,35600000.0,300000.0,1201100000.0,1999000000.0,400000.0,21400000.0,,7300000.0,221700000.0,1201100000.0,797900000.0,249400000.0,300000.0,468700000.0,329200000.0,-248700000.0,80500000.0,1999000000.0,380800000.0,379700000.0,381000000.0
Republic Services Inc,RSG,NKNQHM6BLECKVOQP7O46,1060391,2009.0,FY,2009-01-01,2009-12-31,2012-02-17 13:58:44+00:00,1.3,1.3,0.76,869700000.0,1.3,-137000000.0,368500000.0,496500000.0,496500000.0,495000000.0,1500000.0,4844200000.0,8199100000.0,3200000.0,88800000.0,,63200000.0,880400000.0,4844200000.0,3354900000.0,730000000.0,2000000.0,1765100000.0,1589800000.0,-724800000.0,865000000.0,8199100000.0,380800000.0,379700000.0,381000000.0
Republic Services Inc,RSG,NKNQHM6BLECKVOQP7O46,1060391,2009.0,Q3YTD,2009-01-01,2009-09-30,,1.21,1.21,0.57,658700000.0,1.21,-144300000.0,323900000.0,460600000.0,460600000.0,459400000.0,1200000.0,3643100000.0,6200100000.0,2800000.0,67400000.0,,55900000.0,658700000.0,3643100000.0,2557000000.0,480600000.0,1700000.0,1296400000.0,1260600000.0,-476100000.0,784500000.0,6200100000.0,376600000.0,379732000.0,381134000.0
Republic Services Inc,RSG,NKNQHM6BLECKVOQP7O46,1060391,2009.0,Q3,2009-07-01,2009-09-30,2010-11-04 19:47:53+00:00,0.32,0.32,0.19,218300000.0,0.32,900000.0,91100000.0,121000000.0,121000000.0,120500000.0,500000.0,1207500000.0,2073500000.0,1300000.0,22200000.0,,12300000.0,225400000.0,1207500000.0,866000000.0,176600000.0,500000.0,479100000.0,386900000.0,-174800000.0,212100000.0,2073500000.0,376600000.0,379732000.0,381134000.0
Republic Services Inc,RSG,NKNQHM6BLECKVOQP7O46,1060391,2009.0,Q2YTD,2009-01-01,2009-06-30,,0.89,0.89,0.38,440400000.0,0.89,-145200000.0,232800000.0,339600000.0,339600000.0,338900000.0,700000.0,2435600000.0,4126600000.0,1500000.0,45200000.0,,43600000.0,433300000.0,2435600000.0,1691000000.0,304000000.0,1200000.0,817300000.0,873700000.0,-301300000.0,572400000.0,4126600000.0,376500000.0,379169000.0,379932000.0
Republic Services Inc,RSG,NKNQHM6BLECKVOQP7O46,1060391,2009.0,Q2,2009-04-01,2009-06-30,2010-07-29 18:04:23+00:00,0.6,0.6,0.19,218600000.0,0.59,-150100000.0,145800000.0,226200000.0,226200000.0,225900000.0,300000.0,1226900000.0,2066100000.0,1300000.0,21900000.0,,12300000.0,215800000.0,1226900000.0,839200000.0,150500000.0,500000.0,318500000.0,520700000.0,-148700000.0,372000000.0,2066100000.0,376500000.0,379169000.0,379932000.0
Republic Services Inc,RSG,NKNQHM6BLECKVOQP7O46,1060391,2009.0,Q1,2009-01-01,2009-03-31,2010-04-29 20:51:48+00:00,,0.3,0.19,221800000.0,0.3,4900000.0,87000000.0,113400000.0,113400000.0,113000000.0,400000.0,1208700000.0,2060500000.0,200000.0,23300000.0,,31300000.0,217500000.0,1208700000.0,851800000.0,153500000.0,700000.0,498800000.0,353000000.0,-152600000.0,200400000.0,2060500000.0,,378900000.0,379900000.0
Republic Services Inc,RSG,NKNQHM6BLECKVOQP7O46,1060391,2010.0,Q4,2010-10-01,2010-12-31,,0.38,0.38,0.2,205300000.0,0.38,-8000000.0,112900000.0,147900000.0,147900000.0,147600000.0,300000.0,1184800000.0,2020800000.0,700000.0,20000000.0,,1800000.0,227500000.0,1184800000.0,836000000.0,129500000.0,200000.0,446600000.0,389400000.0,-128600000.0,260800000.0,2020800000.0,383700000.0,382985000.0,385111000.0
Republic Services Inc,RSG,NKNQHM6BLECKVOQP7O46,1060391,2010.0,FY,2010-01-01,2010-12-31,2013-02-15 15:24:35+00:00,1.32,1.32,0.78,833700000.0,1.32,19100000.0,369500000.0,507500000.0,507500000.0,506500000.0,1000000.0,4764800000.0,8106600000.0,5400000.0,80500000.0,0.0,11400000.0,858000000.0,4764800000.0,3341800000.0,668200000.0,700000.0,1802700000.0,1539100000.0,-662100000.0,877000000.0,8106600000.0,383700000.0,382985000.0,385111000.0
Republic Services Inc,RSG,NKNQHM6BLECKVOQP7O46,1060391,2010.0,Q3YTD,2010-01-01,2010-09-30,,0.94,0.94,0.58,628400000.0,0.94,27100000.0,256600000.0,359600000.0,359600000.0,358900000.0,700000.0,3580000000.0,6085800000.0,4700000.0,60500000.0,,9600000.0,630500000.0,3580000000.0,2505800000.0,538700000.0,500000.0,1356100000.0,1149700000.0,-533500000.0,616200000.0,6085800000.0,383400000.0,384007000.0,386078000.0
Republic Services Inc,RSG,NKNQHM6BLECKVOQP7O46,1060391,2010.0,Q3TTM,2009-10-01,2010-09-30,,1.32,1.02,0.77,839400000.0,1.03,34400000.0,301200000.0,395500000.0,395500000.0,394500000.0,1000000.0,4781100000.0,8084800000.0,5100000.0,81900000.0,,16900000.0,852200000.0,4781100000.0,3303700000.0,788100000.0,800000.0,1824800000.0,1478900000.0,-782200000.0,696700000.0,8084800000.0,383400000.0,384007000.0,386078000.0
Republic Services Inc,RSG,NKNQHM6BLECKVOQP7O46,1060391,2010.0,Q3,2010-07-01,2010-09-30,2011-10-27 17:56:35+00:00,0.35,0.35,0.2,211600000.0,0.35,25500000.0,95200000.0,134500000.0,134500000.0,134200000.0,300000.0,1224900000.0,2061700000.0,3100000.0,20100000.0,,2600000.0,209400000.0,1224900000.0,836800000.0,141400000.0,400000.0,469200000.0,367600000.0,-137900000.0,229700000.0,2061700000.0,383400000.0,384007000.0,386078000.0
Republic Services Inc,RSG,NKNQHM6BLECKVOQP7O46,1060391,2010.0,Q2,2010-04-01,2010-06-30,2011-07-28 17:58:27+00:00,0.42,0.42,0.19,213800000.0,0.42,1100000.0,110400000.0,159900000.0,159900000.0,159700000.0,200000.0,1218300000.0,2066400000.0,-100000.0,20200000.0,,1400000.0,210800000.0,1218300000.0,848100000.0,130500000.0,100000.0,447300000.0,400800000.0,-130500000.0,270300000.0,2066400000.0,380200000.0,382509000.0,384710000.0
Republic Services Inc,RSG,NKNQHM6BLECKVOQP7O46,1060391,2010.0,Q2YTD,2010-01-01,2010-06-30,,0.59,0.59,0.38,416800000.0,0.59,1600000.0,161400000.0,225100000.0,225100000.0,224700000.0,400000.0,2355100000.0,4024100000.0,1600000.0,40400000.0,,7000000.0,421100000.0,2355100000.0,1669000000.0,397300000.0,100000.0,886900000.0,782100000.0,-395600000.0,386500000.0,4024100000.0,380200000.0,382509000.0,384710000.0
Republic Services Inc,RSG,NKNQHM6BLECKVOQP7O46,1060391,2010.0,Q2TTM,2009-07-01,2010-06-30,,1.29,0.99,0.76,846100000.0,1.0,9800000.0,297100000.0,382000000.0,382000000.0,380800000.0,1200000.0,4763700000.0,8096600000.0,3300000.0,84000000.0,,26600000.0,868200000.0,4763700000.0,3332900000.0,823300000.0,900000.0,1834700000.0,1498200000.0,-819100000.0,679100000.0,8096600000.0,380200000.0,382509000.0,384710000.0
Republic Services Inc,RSG,NKNQHM6BLECKVOQP7O46,1060391,2010.0,Q1,2010-01-01,2010-03-31,2011-04-28 18:10:41+00:00,0.17,0.17,0.19,203000000.0,0.17,500000.0,51000000.0,65200000.0,65200000.0,65000000.0,200000.0,1136800000.0,1957700000.0,1700000.0,20200000.0,,5600000.0,210300000.0,1136800000.0,820900000.0,266800000.0,,439600000.0,381300000.0,-265100000.0,116200000.0,1957700000.0,382400000.0,381400000.0,383300000.0
Republic Services Inc,RSG,NKNQHM6BLECKVOQP7O46,1060391,2010.0,Q1TTM,2009-04-01,2010-03-31,,1.47,1.17,0.76,850900000.0,1.17,-141400000.0,332500000.0,448300000.0,448300000.0,447000000.0,1300000.0,4772300000.0,8096300000.0,4700000.0,85700000.0,,37500000.0,873200000.0,4772300000.0,3324000000.0,843300000.0,1300000.0,1705900000.0,1618100000.0,-837300000.0,780800000.0,8096300000.0,382400000.0,381400000.0,383300000.0
Republic Services Inc,RSG,NKNQHM6BLECKVOQP7O46,1060391,2011.0,Q4,2011-10-01,2011-12-31,,0.52,0.52,0.22,214200000.0,0.51,3300000.0,68000000.0,191000000.0,191000000.0,191000000.0,,1207600000.0,2025200000.0,500000.0,19400000.0,,,213900000.0,1207600000.0,817600000.0,108300000.0,,450800000.0,366800000.0,-107800000.0,259000000.0,2025200000.0,375300000.0,375961000.0,377605000.0
Republic Services Inc,RSG,NKNQHM6BLECKVOQP7O46,1060391,2011.0,FY,2011-01-01,2011-12-31,2014-02-12 18:22:42+00:00,1.57,1.57,0.84,843600000.0,1.56,28100000.0,317400000.0,588900000.0,588900000.0,589200000.0,-300000.0,4865100000.0,8192900000.0,4300000.0,78000000.0,0.0,0.0,825400000.0,4865100000.0,3327800000.0,651000000.0,300000.0,1775100000.0,1552700000.0,-646400000.0,906300000.0,8192900000.0,375300000.0,375961000.0,377605000.0
Republic Services Inc,RSG,NKNQHM6BLECKVOQP7O46,1060391,2011.0,Q3YTD,2011-01-01,2011-09-30,,1.05,1.05,0.62,629400000.0,1.05,24800000.0,249400000.0,397900000.0,397900000.0,398200000.0,-300000.0,3657500000.0,6167700000.0,3800000.0,58600000.0,,,611500000.0,3657500000.0,2510200000.0,542700000.0,300000.0,1324300000.0,1185900000.0,-538600000.0,647300000.0,6167700000.0,372100000.0,373182000.0,374695000.0
Republic Services Inc,RSG,NKNQHM6BLECKVOQP7O46,1060391,2011.0,Q3TTM,2010-10-01,2011-09-30,,1.43,1.43,0.82,834700000.0,1.43,16800000.0,362300000.0,545800000.0,545800000.0,545800000.0,,4842300000.0,8188500000.0,4500000.0,78600000.0,,1800000.0,839000000.0,4842300000.0,3346200000.0,672200000.0,500000.0,1770900000.0,1575300000.0,-667200000.0,908100000.0,8188500000.0,372100000.0,373182000.0,374695000.0
Republic Services Inc,RSG,NKNQHM6BLECKVOQP7O46,1060391,2011.0,Q3,2011-07-01,2011-09-30,2012-11-01 20:04:00+00:00,0.52,0.52,0.22,215000000.0,0.52,5800000.0,102400000.0,193600000.0,193600000.0,193500000.0,100000.0,1260000000.0,2116200000.0,1800000.0,19400000.0,0.0,,207500000.0,1260000000.0,856200000.0,114300000.0,0.0,447700000.0,408500000.0,-112500000.0,296000000.0,2116200000.0,372100000.0,373182000.0,374695000.0
Republic Services Inc,RSG,NKNQHM6BLECKVOQP7O46,1060391,2011.0,Q2YTD,2011-01-01,2011-06-30,,0.53,0.53,0.4,414400000.0,0.53,19000000.0,147000000.0,204300000.0,204300000.0,204700000.0,-400000.0,2397500000.0,4051500000.0,2000000.0,39200000.0,,,404000000.0,2397500000.0,1654000000.0,428400000.0,300000.0,876600000.0,777400000.0,-426100000.0,351300000.0,4051500000.0,387500000.0,378197000.0,380166000.0
Republic Services Inc,RSG,NKNQHM6BLECKVOQP7O46,1060391,2011.0,Q2TTM,2010-07-01,2011-06-30,,1.26,1.26,0.8,831300000.0,1.26,36500000.0,355100000.0,486700000.0,486700000.0,486500000.0,200000.0,4807200000.0,8134000000.0,5800000.0,79300000.0,,4400000.0,840900000.0,4807200000.0,3326800000.0,699300000.0,900000.0,1792400000.0,1534400000.0,-692600000.0,841800000.0,8134000000.0,387500000.0,378197000.0,380166000.0
Republic Services Inc,RSG,NKNQHM6BLECKVOQP7O46,1060391,2011.0,Q2,2011-04-01,2011-06-30,2012-07-27 12:48:39+00:00,0.12,0.12,0.2,208600000.0,0.12,19400000.0,45100000.0,46200000.0,46200000.0,46500000.0,-300000.0,1237800000.0,2086600000.0,900000.0,19500000.0,,,200100000.0,1237800000.0,848800000.0,310900000.0,100000.0,447600000.0,401200000.0,-309900000.0,91300000.0,2086600000.0,387500000.0,378197000.0,380166000.0
Republic Services Inc,RSG,NKNQHM6BLECKVOQP7O46,1060391,2011.0,Q1TTM,2010-04-01,2011-03-31,,1.56,1.56,0.79,836500000.0,1.56,18200000.0,420400000.0,600400000.0,600400000.0,599700000.0,700000.0,4787700000.0,8113800000.0,4800000.0,80000000.0,,5800000.0,851600000.0,4787700000.0,3326100000.0,518900000.0,900000.0,1792100000.0,1534000000.0,-513200000.0,1020800000.0,8113800000.0,385900000.0,382172000.0,383980000.0
Republic Services Inc,RSG,NKNQHM6BLECKVOQP7O46,1060391,2011.0,Q1,2011-01-01,2011-03-31,2012-04-27 13:49:11+00:00,0.41,0.41,0.2,205800000.0,0.41,-400000.0,101900000.0,158100000.0,158100000.0,158200000.0,-100000.0,1159700000.0,1964900000.0,1100000.0,19700000.0,,,203900000.0,1159700000.0,805200000.0,117500000.0,200000.0,429000000.0,376200000.0,-116200000.0,260000000.0,1964900000.0,385900000.0,382172000.0,383980000.0
Republic Services Inc,RSG,NKNQHM6BLECKVOQP7O46,1060391,2012.0,Q4,2012-10-01,2012-12-31,,0.34,0.34,0.24,216400000.0,0.35,700000.0,72100000.0,127000000.0,127000000.0,127000000.0,,1283500000.0,2028400000.0,2300000.0,19300000.0,1200000.0,11100000.0,207400000.0,1283500000.0,744900000.0,92200000.0,200000.0,456100000.0,288800000.0,-89700000.0,199100000.0,2028400000.0,366500000.0,366883000.0,368020000.0
Republic Services Inc,RSG,NKNQHM6BLECKVOQP7O46,1060391,2012.0,FY,2012-01-01,2012-12-31,2015-02-23 17:27:05+00:00,1.56,1.56,0.91,848500000.0,1.55,-2700000.0,251800000.0,572100000.0,572100000.0,571800000.0,300000.0,5005700000.0,8118300000.0,3400000.0,78400000.0,35800000.0,11100000.0,820900000.0,5005700000.0,3112600000.0,501100000.0,1000000.0,1792000000.0,1320600000.0,-496700000.0,823900000.0,8118300000.0,366500000.0,366883000.0,368020000.0
Republic Services Inc,RSG,NKNQHM6BLECKVOQP7O46,1060391,2012.0,Q3YTD,2012-01-01,2012-09-30,,1.22,1.22,0.68,632100000.0,1.2,-3400000.0,179700000.0,445100000.0,445100000.0,444800000.0,300000.0,3722200000.0,6089900000.0,1100000.0,59100000.0,34600000.0,,613500000.0,3722200000.0,2367700000.0,408900000.0,800000.0,1335900000.0,1031800000.0,-407000000.0,624800000.0,6089900000.0,363600000.0,365404000.0,366431000.0
Republic Services Inc,RSG,NKNQHM6BLECKVOQP7O46,1060391,2012.0,Q3TTM,2011-10-01,2012-09-30,,1.74,1.74,0.9,846300000.0,1.71,-100000.0,247700000.0,636100000.0,636100000.0,635800000.0,300000.0,4929800000.0,8115100000.0,1600000.0,78500000.0,34600000.0,,827400000.0,4929800000.0,3185300000.0,517200000.0,800000.0,1786700000.0,1398600000.0,-514800000.0,883800000.0,8115100000.0,363600000.0,365404000.0,366431000.0
Republic Services Inc,RSG,NKNQHM6BLECKVOQP7O46,1060391,2012.0,Q3,2012-07-01,2012-09-30,2013-10-31 18:22:33+00:00,0.42,0.42,0.235,203500000.0,0.42,200000.0,70300000.0,152800000.0,152800000.0,152700000.0,100000.0,1280500000.0,2046900000.0,400000.0,19700000.0,31300000.0,0.0,193800000.0,1280500000.0,766400000.0,95500000.0,300000.0,448500000.0,317900000.0,-94800000.0,223100000.0,2046900000.0,363600000.0,365404000.0,366431000.0
Republic Services Inc,RSG,NKNQHM6BLECKVOQP7O46,1060391,2012.0,Q2,2012-04-01,2012-06-30,2013-07-25 18:25:10+00:00,0.41,0.41,0.22,214900000.0,0.4,0.0,29100000.0,149500000.0,149500000.0,149200000.0,300000.0,1238500000.0,2060600000.0,500000.0,19700000.0,3200000.0,0.0,197300000.0,1238500000.0,822100000.0,209100000.0,200000.0,435100000.0,387000000.0,-208400000.0,178600000.0,2060600000.0,363900000.0,367886000.0,368871000.0
Republic Services Inc,RSG,NKNQHM6BLECKVOQP7O46,1060391,2012.0,Q2YTD,2012-01-01,2012-06-30,,0.8,0.8,0.44,428600000.0,0.78,-3600000.0,109400000.0,292300000.0,292300000.0,292100000.0,200000.0,2441700000.0,4043000000.0,700000.0,39400000.0,3300000.0,,419700000.0,2441700000.0,1601300000.0,313400000.0,500000.0,887400000.0,713900000.0,-312200000.0,401700000.0,4043000000.0,363900000.0,367886000.0,368871000.0
Republic Services Inc,RSG,NKNQHM6BLECKVOQP7O46,1060391,2012.0,Q2TTM,2011-07-01,2012-06-30,,1.84,1.84,0.88,857800000.0,1.81,5500000.0,279800000.0,676900000.0,676900000.0,676600000.0,300000.0,4909300000.0,8184400000.0,3000000.0,78200000.0,3300000.0,,841100000.0,4909300000.0,3275100000.0,536000000.0,500000.0,1785900000.0,1489200000.0,-532500000.0,956700000.0,8184400000.0,363900000.0,367886000.0,368871000.0
Republic Services Inc,RSG,NKNQHM6BLECKVOQP7O46,1060391,2012.0,Q1TTM,2011-04-01,2012-03-31,,1.55,1.55,0.86,851500000.0,1.53,24900000.0,295800000.0,573600000.0,573600000.0,573900000.0,-300000.0,4908600000.0,8210400000.0,3400000.0,78000000.0,100000.0,,843900000.0,4908600000.0,3301800000.0,637800000.0,400000.0,1798400000.0,1503400000.0,-634000000.0,869400000.0,8210400000.0,366400000.0,370997000.0,372490000.0
Republic Services Inc,RSG,NKNQHM6BLECKVOQP7O46,1060391,2012.0,Q1,2012-01-01,2012-03-31,2013-04-25 17:58:49+00:00,0.39,0.39,0.22,213700000.0,0.38,-3600000.0,80300000.0,142800000.0,142800000.0,142900000.0,-100000.0,1203200000.0,1982400000.0,200000.0,19700000.0,100000.0,0.0,222400000.0,1203200000.0,779200000.0,104300000.0,300000.0,452300000.0,326900000.0,-103800000.0,223100000.0,1982400000.0,366400000.0,370997000.0,372490000.0
Republic Services Inc,RSG,NKNQHM6BLECKVOQP7O46,1060391,2013.0,FY,2013-01-01,2013-12-31,2016-02-11 19:33:57+00:00,1.63,1.63,0.99,877400000.0,1.62,-1900000.0,262100000.0,589100000.0,589100000.0,588900000.0,200000.0,5234700000.0,8417200000.0,2300000.0,76600000.0,157700000.0,8600000.0,853800000.0,5234700000.0,3182500000.0,362100000.0,700000.0,1972200000.0,1210300000.0,-359100000.0,851200000.0,8417200000.0,361300000.0,362054000.0,363422000.0
Republic Services Inc,RSG,NKNQHM6BLECKVOQP7O46,1060391,2013.0,Q4,2013-10-01,2013-12-31,,0.66,0.66,0.26,226400000.0,0.66,,76700000.0,236700000.0,236700000.0,236600000.0,100000.0,1284000000.0,2141500000.0,800000.0,19000000.0,,,209500000.0,1284000000.0,857500000.0,90200000.0,200000.0,454900000.0,402600000.0,-89200000.0,313400000.0,2141500000.0,361300000.0,362054000.0,363422000.0
Republic Services Inc,RSG,NKNQHM6BLECKVOQP7O46,1060391,2013.0,Q3YTD,2013-01-01,2013-09-30,,0.97,0.97,0.73,651000000.0,0.96,-1900000.0,185400000.0,352400000.0,352400000.0,352300000.0,100000.0,3950700000.0,6275700000.0,1500000.0,57600000.0,157700000.0,8600000.0,644300000.0,3950700000.0,2325000000.0,271900000.0,500000.0,1517300000.0,807700000.0,-269900000.0,537800000.0,6275700000.0,364700000.0,361672000.0,363002000.0
Republic Services Inc,RSG,NKNQHM6BLECKVOQP7O46,1060391,2013.0,Q3TTM,2012-10-01,2013-09-30,,1.31,1.31,0.97,867400000.0,1.31,-1200000.0,257500000.0,479400000.0,479400000.0,479300000.0,100000.0,5234200000.0,8304100000.0,3800000.0,76900000.0,158900000.0,19700000.0,851700000.0,5234200000.0,3069900000.0,364100000.0,700000.0,1973400000.0,1096500000.0,-359600000.0,736900000.0,8304100000.0,364700000.0,361672000.0,363002000.0
Republic Services Inc,RSG,NKNQHM6BLECKVOQP7O46,1060391,2013.0,Q3,2013-07-01,2013-09-30,2014-10-30 18:21:08+00:00,0.47,0.47,0.26,224400000.0,0.47,0.0,92300000.0,171100000.0,171100000.0,171400000.0,-300000.0,1317600000.0,2165400000.0,1000000.0,19200000.0,41600000.0,700000.0,209600000.0,1317600000.0,847800000.0,90000000.0,100000.0,495500000.0,352300000.0,-88900000.0,263400000.0,2165400000.0,364700000.0,361672000.0,363002000.0
Republic Services Inc,RSG,NKNQHM6BLECKVOQP7O46,1060391,2013.0,Q2YTD,2013-01-01,2013-06-30,,0.5,0.5,0.47,426600000.0,0.49,-1900000.0,93100000.0,181300000.0,181300000.0,180900000.0,400000.0,2633100000.0,4110300000.0,500000.0,38400000.0,116100000.0,7900000.0,434700000.0,2633100000.0,1477200000.0,181900000.0,400000.0,1021800000.0,455400000.0,-181000000.0,274400000.0,4110300000.0,351900000.0,362948000.0,364387000.0
Republic Services Inc,RSG,NKNQHM6BLECKVOQP7O46,1060391,2013.0,Q2TTM,2012-07-01,2013-06-30,,1.26,1.26,0.94,846500000.0,1.26,-1000000.0,235500000.0,461100000.0,461100000.0,460600000.0,500000.0,5197100000.0,8185600000.0,3200000.0,77400000.0,148600000.0,19000000.0,835900000.0,5197100000.0,2988500000.0,369600000.0,900000.0,1926400000.0,1062100000.0,-365500000.0,696600000.0,8185600000.0,351900000.0,362948000.0,364387000.0
Republic Services Inc,RSG,NKNQHM6BLECKVOQP7O46,1060391,2013.0,Q2,2013-04-01,2013-06-30,2014-07-24 17:59:16+00:00,0.16,0.16,0.235,217000000.0,0.15,-800000.0,34700000.0,56400000.0,56400000.0,56300000.0,100000.0,1410000000.0,2111700000.0,300000.0,19200000.0,53900000.0,3000000.0,228200000.0,1410000000.0,701700000.0,90500000.0,100000.0,520500000.0,181200000.0,-90100000.0,91100000.0,2111700000.0,351900000.0,362948000.0,364387000.0
Republic Services Inc,RSG,NKNQHM6BLECKVOQP7O46,1060391,2013.0,Q1TTM,2012-04-01,2013-03-31,,1.51,1.51,0.93,844400000.0,1.51,-200000.0,229900000.0,554200000.0,554200000.0,553500000.0,700000.0,5025600000.0,8134500000.0,3400000.0,77900000.0,97900000.0,16000000.0,805000000.0,5025600000.0,3108900000.0,488200000.0,1000000.0,1841000000.0,1267900000.0,-483800000.0,784100000.0,8134500000.0,366500000.0,362662000.0,364092000.0
Republic Services Inc,RSG,NKNQHM6BLECKVOQP7O46,1060391,2013.0,Q1,2013-01-01,2013-03-31,2014-04-24 17:55:10+00:00,0.34,0.34,0.235,209600000.0,0.34,-1100000.0,58400000.0,124900000.0,124900000.0,124600000.0,300000.0,1223100000.0,1998600000.0,200000.0,19200000.0,62200000.0,4900000.0,206500000.0,1223100000.0,775500000.0,91400000.0,300000.0,501300000.0,274200000.0,-90900000.0,183300000.0,1998600000.0,366500000.0,362662000.0,364092000.0
Republic Services Inc,RSG,NKNQHM6BLECKVOQP7O46,1060391,2014.0,FY,2014-01-01,2014-12-31,2017-02-16 19:15:45+00:00,1.54,1.54,1.08,906900000.0,1.53,20000000.0,337400000.0,547900000.0,547900000.0,547600000.0,300000.0,5643100000.0,8803300000.0,1700000.0,78000000.0,1500000.0,1800000.0,918900000.0,5643100000.0,3160200000.0,350100000.0,600000.0,1927100000.0,1233100000.0,-347800000.0,885300000.0,8803300000.0,355600000.0,356700000.0,358100000.0
Republic Services Inc,RSG,NKNQHM6BLECKVOQP7O46,1060391,2014.0,Q4,2014-10-01,2014-12-31,,0.15,0.15,0.28,227900000.0,0.14,20000000.0,28500000.0,50500000.0,50500000.0,50300000.0,200000.0,1540400000.0,2229000000.0,400000.0,19600000.0,-300000.0,,255100000.0,1540400000.0,688600000.0,87800000.0,100000.0,522300000.0,166300000.0,-87300000.0,79000000.0,2229000000.0,355600000.0,356700000.0,358100000.0
Republic Services Inc,RSG,NKNQHM6BLECKVOQP7O46,1060391,2014.0,Q3,2014-07-01,2014-09-30,2015-10-29 18:08:52+00:00,0.52,0.52,0.28,235600000.0,0.52,,109600000.0,185800000.0,185800000.0,185800000.0,0.0,1401100000.0,2267900000.0,-100000.0,19500000.0,300000.0,0.0,229000000.0,1401100000.0,866800000.0,87000000.0,100000.0,484400000.0,382400000.0,-87000000.0,295400000.0,2267900000.0,357300000.0,356252000.0,357740000.0
Republic Services Inc,RSG,NKNQHM6BLECKVOQP7O46,1060391,2014.0,Q3YTD,2014-01-01,2014-09-30,,1.39,1.39,0.8,679000000.0,1.39,,308900000.0,497400000.0,497400000.0,497300000.0,100000.0,4102700000.0,6574300000.0,1300000.0,58400000.0,1800000.0,1800000.0,663800000.0,4102700000.0,2471600000.0,262300000.0,500000.0,1404800000.0,1066800000.0,-260500000.0,806300000.0,6574300000.0,357300000.0,356252000.0,357740000.0
Republic Services Inc,RSG,NKNQHM6BLECKVOQP7O46,1060391,2014.0,Q3TTM,2013-10-01,2014-09-30,,2.05,2.05,1.06,905400000.0,2.05,,385600000.0,734100000.0,734100000.0,733900000.0,200000.0,5386700000.0,8715800000.0,2100000.0,77400000.0,1800000.0,1800000.0,873300000.0,5386700000.0,3329100000.0,352500000.0,700000.0,1859700000.0,1469400000.0,-349700000.0,1119700000.0,8715800000.0,357300000.0,356252000.0,357740000.0
Republic Services Inc,RSG,NKNQHM6BLECKVOQP7O46,1060391,2014.0,Q2YTD,2014-01-01,2014-06-30,,0.87,0.87,0.52,443400000.0,0.87,,199300000.0,311600000.0,311600000.0,311500000.0,100000.0,2701600000.0,4306400000.0,1400000.0,38900000.0,1500000.0,1800000.0,434800000.0,2701600000.0,1604800000.0,175300000.0,400000.0,920400000.0,684400000.0,-173500000.0,510900000.0,4306400000.0,358000000.0,356213000.0,357582000.0
Republic Services Inc,RSG,NKNQHM6BLECKVOQP7O46,1060391,2014.0,Q2TTM,2013-07-01,2014-06-30,,2.0,2.0,1.04,894200000.0,2.0,,368300000.0,719400000.0,719400000.0,719500000.0,-100000.0,5303200000.0,8613300000.0,3200000.0,77100000.0,43100000.0,2500000.0,853900000.0,5303200000.0,3310100000.0,355500000.0,700000.0,1870800000.0,1439300000.0,-351600000.0,1087700000.0,8613300000.0,358000000.0,356213000.0,357582000.0
Republic Services Inc,RSG,NKNQHM6BLECKVOQP7O46,1060391,2014.0,Q2,2014-04-01,2014-06-30,2015-07-23 19:55:32+00:00,0.5,0.5,0.26,230300000.0,0.5,,111700000.0,179000000.0,179000000.0,179000000.0,0.0,1376900000.0,2229200000.0,400000.0,19400000.0,1500000.0,1800000.0,221000000.0,1376900000.0,852300000.0,88300000.0,300000.0,474000000.0,378300000.0,-87600000.0,290700000.0,2229200000.0,358000000.0,356213000.0,357582000.0
Republic Services Inc,RSG,NKNQHM6BLECKVOQP7O46,1060391,2014.0,Q1,2014-01-01,2014-03-31,2015-04-23 18:10:11+00:00,0.37,0.37,0.26,213100000.0,0.37,,87600000.0,132600000.0,132600000.0,132500000.0,100000.0,1324700000.0,2077200000.0,1000000.0,19500000.0,,,213800000.0,1324700000.0,752500000.0,87000000.0,100000.0,446400000.0,306100000.0,-85900000.0,220200000.0,2077200000.0,358100000.0,359779000.0,360968000.0
Republic Services Inc,RSG,NKNQHM6BLECKVOQP7O46,1060391,2014.0,Q1TTM,2013-04-01,2014-03-31,,1.66,1.66,1.02,880900000.0,1.65,-800000.0,291300000.0,596800000.0,596800000.0,596800000.0,,5336300000.0,8495800000.0,3100000.0,76900000.0,95500000.0,3700000.0,861100000.0,5336300000.0,3159500000.0,357700000.0,500000.0,1917300000.0,1242200000.0,-354100000.0,888100000.0,8495800000.0,358100000.0,359779000.0,360968000.0
Republic Services Inc,RSG,NKNQHM6BLECKVOQP7O46,1060391,2015.0,FY,2015-01-01,2015-12-31,2018-02-08 21:50:43+00:00,2.14,2.14,1.16,970600000.0,2.13,0.0,445500000.0,750400000.0,750400000.0,749906000.0,500000.0,5518600000.0,9115000000.0,1200000.0,79400000.0,4500000.0,0.0,983100000.0,5518600000.0,3596400000.0,364900000.0,800000.0,2037600000.0,1558800000.0,-362900000.0,1195900000.0,9115000000.0,350400000.0,350000000.0,351388000.0
Republic Services Inc,RSG,NKNQHM6BLECKVOQP7O46,1060391,2015.0,Q4,2015-10-01,2015-12-31,,0.49,0.49,0.3,244200000.0,0.49,,89500000.0,172400000.0,172400000.0,172206000.0,200000.0,1403700000.0,2290200000.0,700000.0,20300000.0,4500000.0,,263600000.0,1403700000.0,886500000.0,93000000.0,300000.0,532600000.0,353900000.0,-92000000.0,261900000.0,2290200000.0,350400000.0,350000000.0,351388000.0
Republic Services Inc,RSG,NKNQHM6BLECKVOQP7O46,1060391,2015.0,Q3,2015-07-01,2015-09-30,2016-10-27 18:31:38+00:00,0.62,0.62,0.3,247100000.0,0.61,,135600000.0,215200000.0,215200000.0,215000000.0,200000.0,1390200000.0,2344000000.0,-400000.0,19700000.0,0.0,0.0,244100000.0,1390200000.0,953800000.0,91800000.0,100000.0,510900000.0,442900000.0,-92100000.0,350800000.0,2344000000.0,346800000.0,348900000.0,350281000.0
Republic Services Inc,RSG,NKNQHM6BLECKVOQP7O46,1060391,2015.0,Q3YTD,2015-01-01,2015-09-30,,1.65,1.65,0.86,726400000.0,1.64,,356000000.0,578000000.0,578000000.0,577700000.0,300000.0,4114900000.0,6824800000.0,500000.0,59100000.0,,,719500000.0,4114900000.0,2709900000.0,271900000.0,500000.0,1505000000.0,1204900000.0,-270900000.0,934000000.0,6824800000.0,346800000.0,348900000.0,350281000.0
Republic Services Inc,RSG,NKNQHM6BLECKVOQP7O46,1060391,2015.0,Q3TTM,2014-10-01,2015-09-30,,1.8,1.8,1.14,954300000.0,1.78,20000000.0,384500000.0,628500000.0,628500000.0,628000000.0,500000.0,5655300000.0,9053800000.0,900000.0,78700000.0,-300000.0,,974600000.0,5655300000.0,3398500000.0,359700000.0,600000.0,2027300000.0,1371200000.0,-358200000.0,1013000000.0,9053800000.0,346800000.0,348900000.0,350281000.0
Republic Services Inc,RSG,NKNQHM6BLECKVOQP7O46,1060391,2015.0,Q2,2015-04-01,2015-06-30,2016-07-28 18:29:43+00:00,0.54,0.54,0.28,245900000.0,0.54,,108400000.0,190300000.0,190300000.0,190300000.0,0.0,1420400000.0,2311400000.0,900000.0,19700000.0,0.0,0.0,236200000.0,1420400000.0,891000000.0,91500000.0,100000.0,501800000.0,389200000.0,-90500000.0,298700000.0,2311400000.0,352400000.0,350700000.0,352000000.0
Republic Services Inc,RSG,NKNQHM6BLECKVOQP7O46,1060391,2015.0,Q2YTD,2015-01-01,2015-06-30,,1.03,1.03,0.56,479300000.0,1.03,,220400000.0,362800000.0,362800000.0,362700000.0,100000.0,2724700000.0,4480800000.0,900000.0,39400000.0,,,475400000.0,2724700000.0,1756100000.0,180100000.0,400000.0,994100000.0,762000000.0,-178800000.0,583200000.0,4480800000.0,352400000.0,350700000.0,352000000.0
Republic Services Inc,RSG,NKNQHM6BLECKVOQP7O46,1060391,2015.0,Q2TTM,2014-07-01,2015-06-30,,1.7,1.7,1.12,942800000.0,1.69,20000000.0,358500000.0,599100000.0,599100000.0,598800000.0,300000.0,5666200000.0,8977700000.0,1200000.0,78500000.0,,,959500000.0,5666200000.0,3311500000.0,354900000.0,600000.0,2000800000.0,1310700000.0,-353100000.0,957600000.0,8977700000.0,352400000.0,350700000.0,352000000.0
Republic Services Inc,RSG,NKNQHM6BLECKVOQP7O46,1060391,2015.0,Q1,2015-01-01,2015-03-31,2016-04-28 18:26:22+00:00,0.49,0.49,0.28,233400000.0,0.49,,112000000.0,172500000.0,172500000.0,172400000.0,100000.0,1304300000.0,2169400000.0,0.0,19700000.0,0.0,0.0,239200000.0,1304300000.0,865100000.0,88600000.0,300000.0,492300000.0,372800000.0,-88300000.0,284500000.0,2169400000.0,351800000.0,353301000.0,354800000.0
Republic Services Inc,RSG,NKNQHM6BLECKVOQP7O46,1060391,2015.0,Q1TTM,2014-04-01,2015-03-31,,1.66,1.66,1.1,927200000.0,1.65,20000000.0,361800000.0,587800000.0,587800000.0,587500000.0,300000.0,5622700000.0,8895500000.0,700000.0,78200000.0,1500000.0,1800000.0,944300000.0,5622700000.0,3272800000.0,351700000.0,800000.0,1973000000.0,1299800000.0,-350200000.0,949600000.0,8895500000.0,351800000.0,353301000.0,354800000.0
Republic Services Inc,RSG,NKNQHM6BLECKVOQP7O46,1060391,2016.0,FY,2016-01-01,2016-12-31,2019-02-07 21:08:41+00:00,1.79,1.79,1.24,991100000.0,1.78,-100000.0,352700000.0,613200000.0,613200000.0,612588000.0,600000.0,5764000000.0,9387700000.0,1100000.0,79100000.0,5600000.0,40700000.0,969800000.0,5764000000.0,3623700000.0,567500000.0,-5200000.0,2086200000.0,1537500000.0,-571600000.0,965900000.0,9387700000.0,342200000.0,343024000.0,344390000.0
Republic Services Inc,RSG,NKNQHM6BLECKVOQP7O46,1060391,2016.0,Q4,2016-10-01,2016-12-31,,0.56,0.56,0.32,245400000.0,0.56,-100000.0,105100000.0,189600000.0,189600000.0,189488000.0,100000.0,1465200000.0,2379100000.0,-1100000.0,19800000.0,,7100000.0,249700000.0,1465200000.0,913900000.0,90100000.0,-6100000.0,521900000.0,392000000.0,-97300000.0,294700000.0,2379100000.0,342200000.0,343024000.0,344390000.0
Republic Services Inc,RSG,NKNQHM6BLECKVOQP7O46,1060391,2016.0,Q3,2016-07-01,2016-09-30,2017-11-02 21:07:30+00:00,0.25,0.25,0.32,252400000.0,0.25,0.0,41200000.0,85700000.0,85700000.0,85600000.0,100000.0,1476700000.0,2409300000.0,1300000.0,19700000.0,0.0,7200000.0,235400000.0,1476700000.0,932600000.0,292500000.0,200000.0,514700000.0,417900000.0,-291000000.0,126900000.0,2409300000.0,342400000.0,342611000.0,344000000.0
Republic Services Inc,RSG,NKNQHM6BLECKVOQP7O46,1060391,2016.0,Q3YTD,2016-01-01,2016-09-30,,1.23,1.23,0.92,745700000.0,1.22,,247600000.0,423600000.0,423600000.0,423100000.0,500000.0,4298800000.0,7008600000.0,2200000.0,59300000.0,5600000.0,33600000.0,720100000.0,4298800000.0,2709800000.0,477400000.0,900000.0,1564300000.0,1145500000.0,-474300000.0,671200000.0,7008600000.0,342400000.0,342611000.0,344000000.0
Republic Services Inc,RSG,NKNQHM6BLECKVOQP7O46,1060391,2016.0,Q3TTM,2015-10-01,2016-09-30,,1.72,1.72,1.22,989900000.0,1.71,,337100000.0,596000000.0,596000000.0,595306000.0,700000.0,5702500000.0,9298800000.0,2900000.0,79600000.0,10100000.0,33600000.0,983700000.0,5702500000.0,3596300000.0,570400000.0,1200000.0,2096900000.0,1499400000.0,-566300000.0,933100000.0,9298800000.0,342400000.0,342611000.0,344000000.0
Republic Services Inc,RSG,NKNQHM6BLECKVOQP7O46,1060391,2016.0,Q2,2016-04-01,2016-06-30,2017-07-27 17:57:04+00:00,0.53,0.53,0.3,250100000.0,0.52,0.0,110700000.0,181000000.0,181000000.0,180800000.0,200000.0,1440700000.0,2350700000.0,1600000.0,19800000.0,0.0,14500000.0,243500000.0,1440700000.0,910000000.0,92200000.0,200000.0,527900000.0,382100000.0,-90400000.0,291700000.0,2350700000.0,341100000.0,343900000.0,345220000.0
Republic Services Inc,RSG,NKNQHM6BLECKVOQP7O46,1060391,2016.0,Q2YTD,2016-01-01,2016-06-30,,0.98,0.98,0.6,493300000.0,0.97,,206400000.0,337900000.0,337900000.0,337500000.0,400000.0,2822100000.0,4599300000.0,900000.0,39600000.0,5600000.0,26400000.0,484700000.0,2822100000.0,1777200000.0,184900000.0,700000.0,1049600000.0,727600000.0,-183300000.0,544300000.0,4599300000.0,341100000.0,343900000.0,345220000.0
Republic Services Inc,RSG,NKNQHM6BLECKVOQP7O46,1060391,2016.0,Q2TTM,2015-07-01,2016-06-30,,2.09,2.09,1.2,984600000.0,2.07,,431500000.0,725500000.0,725500000.0,724706000.0,800000.0,5616000000.0,9233500000.0,1200000.0,79600000.0,10100000.0,26400000.0,992400000.0,5616000000.0,3617500000.0,369700000.0,1100000.0,2093100000.0,1524400000.0,-367400000.0,1157000000.0,9233500000.0,341100000.0,343900000.0,345220000.0
Republic Services Inc,RSG,NKNQHM6BLECKVOQP7O46,1060391,2016.0,Q1,2016-01-01,2016-03-31,2017-04-27 18:05:32+00:00,0.45,0.45,0.3,243200000.0,0.45,0.0,95700000.0,156900000.0,156900000.0,156700000.0,200000.0,1381400000.0,2248600000.0,-700000.0,19800000.0,5600000.0,11900000.0,241200000.0,1381400000.0,867200000.0,92700000.0,500000.0,521700000.0,345500000.0,-92900000.0,252600000.0,2248600000.0,348200000.0,345403000.0,346725000.0
Republic Services Inc,RSG,NKNQHM6BLECKVOQP7O46,1060391,2016.0,Q1TTM,2015-04-01,2016-03-31,,2.1,2.1,1.18,980400000.0,2.09,,429200000.0,734800000.0,734800000.0,734206000.0,600000.0,5595700000.0,9194200000.0,500000.0,79500000.0,10100000.0,11900000.0,985100000.0,5595700000.0,3598500000.0,369000000.0,1000000.0,2067000000.0,1531500000.0,-367500000.0,1164000000.0,9194200000.0,348200000.0,345403000.0,346725000.0
Republic Services Inc,RSG,NKNQHM6BLECKVOQP7O46,1060391,2017.0,FY,2017-01-01,2017-12-31,2020-02-13 22:00:11+00:00,3.79,3.79,1.33,1036300000.0,3.77,-33900000.0,3100000.0,1279000000.0,1279000000.0,1278400000.0,600000.0,6214600000.0,10041500000.0,2700000.0,79800000.0,1200000.0,17600000.0,1057400000.0,6214600000.0,3826900000.0,362700000.0,-26400000.0,2158400000.0,1668500000.0,-386400000.0,1282100000.0,10041500000.0,337300000.0,337100000.0,339000000.0
Republic Services Inc,RSG,NKNQHM6BLECKVOQP7O46,1060391,2017.0,Q4,2017-10-01,2017-12-31,,1.98,1.98,0.35,267300000.0,1.96,-6800000.0,-368700000.0,664500000.0,664500000.0,664500000.0,,1593000000.0,2560000000.0,1900000.0,19900000.0,100000.0,5400000.0,274300000.0,1593000000.0,967000000.0,93800000.0,-19100000.0,560200000.0,406800000.0,-111000000.0,295800000.0,2560000000.0,337300000.0,337100000.0,339000000.0
Republic Services Inc,RSG,NKNQHM6BLECKVOQP7O46,1060391,2017.0,Q3,2017-07-01,2017-09-30,2018-10-25 20:19:04+00:00,0.66,0.66,0.345,260800000.0,0.66,-17400000.0,133400000.0,223300000.0,223300000.0,223200000.0,100000.0,1580100000.0,2562000000.0,500000.0,20000000.0,0.0,3700000.0,266700000.0,1580100000.0,981900000.0,90000000.0,-1900000.0,533800000.0,448100000.0,-91400000.0,356700000.0,2562000000.0,338200000.0,336549000.0,338474000.0
Republic Services Inc,RSG,NKNQHM6BLECKVOQP7O46,1060391,2017.0,Q3YTD,2017-01-01,2017-09-30,,1.81,1.81,0.99,769000000.0,1.81,-27100000.0,371800000.0,614500000.0,614500000.0,613900000.0,600000.0,4621600000.0,7481500000.0,800000.0,59900000.0,1100000.0,12200000.0,783100000.0,4621600000.0,2859900000.0,268900000.0,-7300000.0,1598200000.0,1261700000.0,-275400000.0,986300000.0,7481500000.0,338200000.0,336549000.0,338474000.0
Republic Services Inc,RSG,NKNQHM6BLECKVOQP7O46,1060391,2017.0,Q3TTM,2016-10-01,2017-09-30,,2.37,2.37,1.31,1014400000.0,2.37,-27200000.0,476900000.0,804100000.0,804100000.0,803388000.0,700000.0,6086800000.0,9860600000.0,-300000.0,79700000.0,1100000.0,19300000.0,1032800000.0,6086800000.0,3773800000.0,359000000.0,-13400000.0,2120100000.0,1653700000.0,-372700000.0,1281000000.0,9860600000.0,338200000.0,336549000.0,338474000.0
Republic Services Inc,RSG,NKNQHM6BLECKVOQP7O46,1060391,2017.0,Q2,2017-04-01,2017-06-30,2018-07-26 21:35:39+00:00,0.6,0.6,0.32,258300000.0,0.6,-1400000.0,130000000.0,203400000.0,203400000.0,202900000.0,500000.0,1557400000.0,2526700000.0,200000.0,19900000.0,0.0,4100000.0,262900000.0,1557400000.0,969300000.0,89500000.0,-2800000.0,543800000.0,425500000.0,-92100000.0,333400000.0,2526700000.0,338200000.0,338100000.0,340000000.0
Republic Services Inc,RSG,NKNQHM6BLECKVOQP7O46,1060391,2017.0,Q2YTD,2017-01-01,2017-06-30,,1.15,1.15,0.64,508200000.0,1.15,-9700000.0,238400000.0,391200000.0,391200000.0,390700000.0,500000.0,3041500000.0,4919500000.0,300000.0,39900000.0,1100000.0,8500000.0,516400000.0,3041500000.0,1878000000.0,178900000.0,-5400000.0,1064400000.0,813600000.0,-184000000.0,629600000.0,4919500000.0,338200000.0,338100000.0,340000000.0
Republic Services Inc,RSG,NKNQHM6BLECKVOQP7O46,1060391,2017.0,Q2TTM,2016-07-01,2017-06-30,,1.96,1.96,1.28,1006000000.0,1.96,-9800000.0,384700000.0,666500000.0,666500000.0,665788000.0,700000.0,5983400000.0,9707900000.0,500000.0,79400000.0,1100000.0,22800000.0,1001500000.0,5983400000.0,3724500000.0,561500000.0,-11300000.0,2101000000.0,1623500000.0,-572300000.0,1051200000.0,9707900000.0,338200000.0,338100000.0,340000000.0
Republic Services Inc,RSG,NKNQHM6BLECKVOQP7O46,1060391,2017.0,Q1,2017-01-01,2017-03-31,2018-05-02 21:31:01+00:00,0.55,0.55,0.32,249900000.0,0.55,-8300000.0,108400000.0,187800000.0,187800000.0,187800000.0,0.0,1484100000.0,2392800000.0,100000.0,20000000.0,1100000.0,4400000.0,253500000.0,1484100000.0,908700000.0,89400000.0,-2600000.0,520600000.0,388100000.0,-91900000.0,296200000.0,2392800000.0,341500000.0,339868000.0,341876000.0
Republic Services Inc,RSG,NKNQHM6BLECKVOQP7O46,1060391,2017.0,Q1TTM,2016-04-01,2017-03-31,,1.89,1.89,1.26,997800000.0,1.88,-8400000.0,365400000.0,644100000.0,644100000.0,643688000.0,400000.0,5866700000.0,9531900000.0,1900000.0,79300000.0,1100000.0,33200000.0,982100000.0,5866700000.0,3665200000.0,564200000.0,-8300000.0,2085100000.0,1580100000.0,-570600000.0,1009500000.0,9531900000.0,341500000.0,339868000.0,341876000.0
Republic Services Inc,RSG,NKNQHM6BLECKVOQP7O46,1060391,2018.0,FY,2018-01-01,2018-12-31,2020-02-13 22:00:11+00:00,3.17,3.17,1.44,1033400000.0,3.16,-44900000.0,283300000.0,1037600000.0,1037600000.0,1036900000.0,700000.0,6150000000.0,10040900000.0,3400000.0,80700000.0,0.0,26400000.0,1059500000.0,6150000000.0,3890900000.0,384100000.0,-34200000.0,2155100000.0,1735800000.0,-414900000.0,1320900000.0,10040900000.0,327100000.0,326900000.0,328400000.0
Republic Services Inc,RSG,NKNQHM6BLECKVOQP7O46,1060391,2018.0,Q4,2018-10-01,2018-12-31,,0.92,0.92,0.38,252400000.0,0.92,-39600000.0,56300000.0,301100000.0,301100000.0,300900000.0,200000.0,1525600000.0,2529900000.0,200000.0,20000000.0,,3900000.0,284500000.0,1525600000.0,1004300000.0,96500000.0,-29400000.0,521200000.0,483100000.0,-125700000.0,357400000.0,2529900000.0,327100000.0,326900000.0,328400000.0
Republic Services Inc,RSG,NKNQHM6BLECKVOQP7O46,1060391,2018.0,Q3,2018-07-01,2018-09-30,2019-10-30 21:51:56+00:00,0.81,0.81,0.375,262400000.0,0.81,-4600000.0,77400000.0,262900000.0,262900000.0,263400000.0,-500000.0,1577400000.0,2565700000.0,1100000.0,20100000.0,,9200000.0,260900000.0,1577400000.0,988300000.0,96000000.0,-5100000.0,548000000.0,440300000.0,-100000000.0,340300000.0,2565700000.0,325200000.0,325483000.0,326944000.0
Republic Services Inc,RSG,NKNQHM6BLECKVOQP7O46,1060391,2018.0,Q3YTD,2018-01-01,2018-09-30,,2.25,2.25,1.07,781000000.0,2.24,-5300000.0,227000000.0,736500000.0,736500000.0,736000000.0,500000.0,4624400000.0,7511000000.0,3200000.0,60700000.0,,22500000.0,775000000.0,4624400000.0,2886600000.0,287600000.0,-4800000.0,1633900000.0,1252700000.0,-289200000.0,963500000.0,7511000000.0,325200000.0,325483000.0,326944000.0
Republic Services Inc,RSG,NKNQHM6BLECKVOQP7O46,1060391,2018.0,Q3TTM,2017-10-01,2018-09-30,,4.23,4.23,1.41,1048300000.0,4.2,-12100000.0,-141700000.0,1401000000.0,1401000000.0,1400500000.0,500000.0,6217400000.0,10071000000.0,5100000.0,80600000.0,100000.0,27900000.0,1049300000.0,6217400000.0,3853600000.0,381400000.0,-23900000.0,2194100000.0,1659500000.0,-400200000.0,1259300000.0,10071000000.0,325200000.0,325483000.0,326944000.0
Republic Services Inc,RSG,NKNQHM6BLECKVOQP7O46,1060391,2018.0,Q2,2018-04-01,2018-06-30,2019-07-25 21:50:29+00:00,0.72,0.72,0.345,255500000.0,0.71,0.0,76900000.0,235700000.0,235700000.0,234900000.0,800000.0,1577200000.0,2517800000.0,1100000.0,20200000.0,,3800000.0,252900000.0,1577200000.0,940600000.0,96800000.0,100000.0,532400000.0,408200000.0,-95600000.0,312600000.0,2517800000.0,326300000.0,327365000.0,328830000.0
Republic Services Inc,RSG,NKNQHM6BLECKVOQP7O46,1060391,2018.0,Q2YTD,2018-01-01,2018-06-30,,1.44,1.44,0.69,518600000.0,1.43,-700000.0,149600000.0,473600000.0,473600000.0,472600000.0,1000000.0,3047000000.0,4945300000.0,2100000.0,40600000.0,,13300000.0,514100000.0,3047000000.0,1898300000.0,191600000.0,300000.0,1085900000.0,812400000.0,-189200000.0,623200000.0,4945300000.0,326300000.0,327365000.0,328830000.0
Republic Services Inc,RSG,NKNQHM6BLECKVOQP7O46,1060391,2018.0,Q2TTM,2017-07-01,2018-06-30,,4.08,4.08,1.38,1046700000.0,4.05,-24900000.0,-85700000.0,1361400000.0,1361400000.0,1360300000.0,1100000.0,6220100000.0,10067300000.0,4500000.0,80500000.0,100000.0,22400000.0,1055100000.0,6220100000.0,3847200000.0,375400000.0,-20700000.0,2179900000.0,1667300000.0,-391600000.0,1275700000.0,10067300000.0,326300000.0,327365000.0,328830000.0
Republic Services Inc,RSG,NKNQHM6BLECKVOQP7O46,1060391,2018.0,Q1,2018-01-01,2018-03-31,2019-04-25 21:45:26+00:00,0.72,0.72,0.345,263100000.0,0.72,-700000.0,72700000.0,237900000.0,237900000.0,237700000.0,200000.0,1469800000.0,2427500000.0,1000000.0,20400000.0,,9500000.0,261200000.0,1469800000.0,957700000.0,94800000.0,200000.0,553500000.0,404200000.0,-93600000.0,310600000.0,2427500000.0,330100000.0,330655000.0,332208000.0
Republic Services Inc,RSG,NKNQHM6BLECKVOQP7O46,1060391,2018.0,Q1TTM,2017-04-01,2018-03-31,,3.96,3.96,1.36,1049500000.0,3.94,-26300000.0,-32600000.0,1329100000.0,1329100000.0,1328300000.0,800000.0,6200300000.0,10076200000.0,3600000.0,80200000.0,100000.0,22700000.0,1065100000.0,6200300000.0,3875900000.0,368100000.0,-23600000.0,2191300000.0,1684600000.0,-388100000.0,1296500000.0,10076200000.0,330100000.0,330655000.0,332208000.0
Republic Services Inc,RSG,NKNQHM6BLECKVOQP7O46,1060391,2019.0,Q4,2019-10-01,2019-12-31,,0.9,0.9,0.41,257500000.0,0.9,8800000.0,-5100000.0,290000000.0,290000000.0,289300000.0,700000.0,1543900000.0,2576600000.0,4800000.0,20400000.0,,1200000.0,285600000.0,1543900000.0,1032700000.0,95100000.0,-84000000.0,573500000.0,459200000.0,-174300000.0,284900000.0,2576600000.0,321300000.0,321100000.0,322000000.0
Republic Services Inc,RSG,NKNQHM6BLECKVOQP7O46,1060391,2019.0,FY,2019-01-01,2019-12-31,2020-02-13 22:00:11+00:00,3.34,3.34,1.56,1040500000.0,3.33,-14700000.0,222000000.0,1073800000.0,1073800000.0,1073300000.0,500000.0,6298400000.0,10299400000.0,6400000.0,81900000.0,0.0,14200000.0,1091900000.0,6298400000.0,4001000000.0,392000000.0,-105800000.0,2213800000.0,1787200000.0,-491400000.0,1295800000.0,10299400000.0,321300000.0,321100000.0,322000000.0
Republic Services Inc,RSG,NKNQHM6BLECKVOQP7O46,1060391,2019.0,Q3YTD,2019-01-01,2019-09-30,,2.44,2.44,1.16,783000000.0,2.43,-23500000.0,227100000.0,783800000.0,783800000.0,784000000.0,-200000.0,4754500000.0,7722800000.0,1600000.0,61500000.0,,13000000.0,806300000.0,4754500000.0,2968300000.0,296900000.0,-21800000.0,1640300000.0,1328000000.0,-317100000.0,1010900000.0,7722800000.0,320800000.0,320633000.0,321710000.0
Republic Services Inc,RSG,NKNQHM6BLECKVOQP7O46,1060391,2019.0,Q3TTM,2018-10-01,2019-09-30,,3.36,3.36,1.53,1035400000.0,3.35,-63100000.0,283400000.0,1084900000.0,1084900000.0,1084900000.0,,6280100000.0,10252700000.0,1800000.0,81500000.0,,16900000.0,1090800000.0,6280100000.0,3972600000.0,393400000.0,-51200000.0,2161500000.0,1811100000.0,-442800000.0,1368300000.0,10252700000.0,320800000.0,320633000.0,321710000.0
Republic Services Inc,RSG,NKNQHM6BLECKVOQP7O46,1060391,2019.0,Q3,2019-07-01,2019-09-30,2019-10-30 21:51:56+00:00,0.93,0.93,0.405,267300000.0,0.93,-24000000.0,71500000.0,298000000.0,298000000.0,298300000.0,-300000.0,1631400000.0,2646900000.0,1700000.0,20500000.0,,8500000.0,275400000.0,1631400000.0,1015500000.0,98000000.0,-2000000.0,547700000.0,467800000.0,-98300000.0,369500000.0,2646900000.0,320800000.0,320633000.0,321710000.0
Republic Services Inc,RSG,NKNQHM6BLECKVOQP7O46,1060391,2019.0,Q2YTD,2019-01-01,2019-06-30,,1.51,1.51,0.75,515700000.0,1.5,500000.0,155600000.0,485800000.0,485800000.0,485700000.0,100000.0,3123100000.0,5075900000.0,-100000.0,41000000.0,,4500000.0,530900000.0,3123100000.0,1952800000.0,198900000.0,-19800000.0,1092600000.0,860200000.0,-218800000.0,641400000.0,5075900000.0,322400000.0,321718000.0,322765000.0
Republic Services Inc,RSG,NKNQHM6BLECKVOQP7O46,1060391,2019.0,Q2TTM,2018-07-01,2019-06-30,,3.24,3.24,1.5,1030500000.0,3.23,-43700000.0,289300000.0,1049800000.0,1049800000.0,1050000000.0,-200000.0,6226100000.0,10171500000.0,1200000.0,81100000.0,,17600000.0,1076300000.0,6226100000.0,3945400000.0,391400000.0,-54300000.0,2161800000.0,1783600000.0,-444500000.0,1339100000.0,10171500000.0,322400000.0,321718000.0,322765000.0
Republic Services Inc,RSG,NKNQHM6BLECKVOQP7O46,1060391,2019.0,Q2,2019-04-01,2019-06-30,2019-07-25 21:50:29+00:00,0.78,0.78,0.375,264200000.0,0.78,200000.0,77700000.0,250900000.0,250900000.0,251500000.0,-600000.0,1617000000.0,2605300000.0,-200000.0,20500000.0,,1500000.0,264500000.0,1617000000.0,988300000.0,98500000.0,-10100000.0,550900000.0,437400000.0,-108800000.0,328600000.0,2605300000.0,322400000.0,321718000.0,322765000.0
Republic Services Inc,RSG,NKNQHM6BLECKVOQP7O46,1060391,2019.0,Q1,2019-01-01,2019-03-31,2020-05-05 20:29:41+00:00,0.73,0.73,0.375,251500000.0,0.72,300000.0,77900000.0,234900000.0,234900000.0,234200000.0,700000.0,1506100000.0,2470600000.0,100000.0,20500000.0,0.0,3000000.0,266400000.0,1506100000.0,964500000.0,100400000.0,-9700000.0,541700000.0,422800000.0,-110000000.0,312800000.0,2470600000.0,320800000.0,322300000.0,323500000.0
Republic Services Inc,RSG,NKNQHM6BLECKVOQP7O46,1060391,2019.0,Q1TTM,2018-04-01,2019-03-31,,3.18,3.18,1.47,1021800000.0,3.16,-43900000.0,288500000.0,1034600000.0,1034600000.0,1033400000.0,1200000.0,6186300000.0,10084000000.0,2500000.0,80800000.0,,19900000.0,1064700000.0,6186300000.0,3897700000.0,389700000.0,-44100000.0,2143300000.0,1754400000.0,-431300000.0,1323100000.0,10084000000.0,320800000.0,322300000.0,323500000.0
Republic Services Inc,RSG,NKNQHM6BLECKVOQP7O46,1060391,2020.0,Q1TTM,2019-04-01,2020-03-31,,3.38,3.38,1.59,1057600000.0,3.38,-18900000.0,219900000.0,1085700000.0,1085700000.0,1085400000.0,300000.0,6342400000.0,10382700000.0,5400000.0,82300000.0,4300000.0,15000000.0,1102600000.0,6342400000.0,4040300000.0,388200000.0,-109000000.0,2242900000.0,1797400000.0,-491800000.0,1305600000.0,10382700000.0,319900000.0,319600000.0,320200000.0
Republic Services Inc,RSG,NKNQHM6BLECKVOQP7O46,1060391,2020.0,Q1,2020-01-01,2020-03-31,2020-05-05 20:29:41+00:00,0.77,0.77,0.405,268600000.0,0.77,-3900000.0,75800000.0,246800000.0,246800000.0,246300000.0,500000.0,1550100000.0,2553900000.0,-900000.0,20900000.0,4300000.0,3800000.0,277100000.0,1550100000.0,1003800000.0,96600000.0,-12900000.0,570800000.0,433000000.0,-110400000.0,322600000.0,2553900000.0,319900000.0,319600000.0,320200000.0
