company_name,company_ticker,company_lei,company_cik,year,quarter,start_date,end_date,filing_date,basicdilutedeps,basiceps,cashdividendspershare,dilutedeps,impairmentexpense,incometaxexpense,netincome,netincomecontinuing,netincometocommon,netincometononcontrollinginterest,operatingcostofrevenue,operatingrevenue,otherincome,sgaexpense,totalcostofrevenue,totalgrossprofit,totalinterestexpense,totalinterestincome,totaloperatingexpenses,totaloperatingincome,totalotherincome,totalpretaxincome,totalrevenue,weightedavebasicdilutedsharesos,weightedavebasicsharesos,weightedavedilutedsharesos
Hormel Foods Corp,HRL,MSD54751OJP1FS2ND863,48465,2008.0,FY,2007-10-29,2008-10-26,2010-12-21 15:05:51+00:00,2.11,2.11,0.74,2.08,,172036000.0,288635000.0,288635000.0,285500000.0,3135000.0,5692974000.0,6754903000.0,,552503000.0,5692974000.0,1061929000.0,28023000.0,-20732000.0,552503000.0,509426000.0,-48755000.0,460671000.0,6754903000.0,135300000.0,135360000.0,137128000.0
Hormel Foods Corp,HRL,MSD54751OJP1FS2ND863,48465,2009.0,FY,2008-10-27,2009-10-25,2011-12-21 16:38:13+00:00,1.28,1.28,0.38,1.27,,182169000.0,345978000.0,345978000.0,342813000.0,3165000.0,5434800000.0,6533671000.0,,567085000.0,5434800000.0,1098871000.0,27995000.0,24356000.0,567085000.0,531786000.0,-3639000.0,528147000.0,6533671000.0,267800000.0,268454000.0,270979000.0
Hormel Foods Corp,HRL,MSD54751OJP1FS2ND863,48465,2009.0,Q3,2009-04-27,2009-07-26,2010-09-03 09:10:13+00:00,0.57,0.57,0.19,0.57,,40882000.0,78095000.0,78095000.0,77169000.0,926000.0,1314116000.0,1574440000.0,,142010000.0,1314116000.0,260324000.0,6963000.0,7626000.0,142010000.0,118314000.0,663000.0,118977000.0,1574440000.0,135400000.0,134255000.0,135720000.0
Hormel Foods Corp,HRL,MSD54751OJP1FS2ND863,48465,2010.0,Q4,2010-07-26,2010-10-31,,0.45,0.45,0.1,0.45,,65468000.0,122608000.0,122608000.0,121148000.0,1460000.0,1708066000.0,2063039000.0,,166456000.0,1708066000.0,354973000.0,6961000.0,7273000.0,166456000.0,188517000.0,312000.0,188076000.0,2063039000.0,267300000.0,266732000.0,270698000.0
Hormel Foods Corp,HRL,MSD54751OJP1FS2ND863,48465,2010.0,FY,2009-10-26,2010-10-31,2012-12-19 08:55:47+00:00,1.48,1.48,0.42,1.46,,224775000.0,399776000.0,399776000.0,395587000.0,4189000.0,5981977000.0,7220719000.0,,605293000.0,5981977000.0,1238742000.0,26589000.0,17691000.0,605293000.0,633449000.0,-8898000.0,624551000.0,7220719000.0,267300000.0,266732000.0,270698000.0
Hormel Foods Corp,HRL,MSD54751OJP1FS2ND863,48465,2010.0,Q3YTD,2009-10-26,2010-07-25,,1.03,1.03,0.31,1.03,,159307000.0,277168000.0,277168000.0,274439000.0,2729000.0,4273911000.0,5157680000.0,,438837000.0,4273911000.0,883769000.0,19628000.0,10418000.0,438837000.0,444932000.0,-9210000.0,436475000.0,5157680000.0,266800000.0,266401000.0,270326000.0
Hormel Foods Corp,HRL,MSD54751OJP1FS2ND863,48465,2010.0,Q3,2010-04-26,2010-07-25,2011-09-09 17:21:19+00:00,0.32,0.32,0.105,0.32,,48067000.0,86364000.0,86364000.0,85370000.0,994000.0,1445536000.0,1730451000.0,,146523000.0,1445536000.0,284915000.0,6493000.0,2222000.0,146523000.0,138392000.0,-4271000.0,134431000.0,1730451000.0,266800000.0,266401000.0,270326000.0
Hormel Foods Corp,HRL,MSD54751OJP1FS2ND863,48465,2010.0,Q2YTD,2009-10-26,2010-04-25,,0.71,0.71,0.2,0.71,,111240000.0,190804000.0,190804000.0,189069000.0,1735000.0,2828375000.0,3427229000.0,,292314000.0,2828375000.0,598854000.0,13135000.0,8196000.0,292314000.0,306540000.0,-4939000.0,302044000.0,3427229000.0,268500000.0,267187000.0,271157000.0
Hormel Foods Corp,HRL,MSD54751OJP1FS2ND863,48465,2010.0,Q2,2010-01-25,2010-04-25,2011-06-10 11:08:34+00:00,0.29,0.29,0.105,0.29,,53951000.0,78535000.0,78535000.0,77862000.0,673000.0,1419315000.0,1699782000.0,,146782000.0,1419315000.0,280467000.0,6574000.0,5375000.0,146782000.0,133685000.0,-1199000.0,132486000.0,1699782000.0,268500000.0,267187000.0,271157000.0
Hormel Foods Corp,HRL,MSD54751OJP1FS2ND863,48465,2010.0,Q1,2009-10-26,2010-01-24,2011-03-11 12:32:03+00:00,0.42,0.42,0.105,0.41,,57289000.0,112269000.0,112269000.0,111207000.0,1062000.0,1409060000.0,1727447000.0,,145532000.0,1409060000.0,318387000.0,6561000.0,2821000.0,145532000.0,172855000.0,-3740000.0,169558000.0,1727447000.0,264800000.0,267178000.0,270712000.0
Hormel Foods Corp,HRL,MSD54751OJP1FS2ND863,48465,2011.0,FY,2010-11-01,2011-10-30,2013-12-18 09:11:45+00:00,1.78,1.78,0.51,1.74,,239640000.0,479196000.0,479196000.0,474195000.0,5001000.0,6560976000.0,7895089000.0,,618586000.0,6560976000.0,1334113000.0,22662000.0,26757000.0,618586000.0,715527000.0,4095000.0,718836000.0,7895089000.0,266400000.0,266394000.0,271915000.0
Hormel Foods Corp,HRL,MSD54751OJP1FS2ND863,48465,2011.0,Q3YTD,2010-11-01,2011-07-31,,1.34,1.34,0.36,1.34,,177796000.0,360701000.0,360701000.0,356886000.0,3815000.0,4793104000.0,5791191000.0,,461892000.0,4793104000.0,998087000.0,19389000.0,21111000.0,461892000.0,536195000.0,1722000.0,538497000.0,5791191000.0,266200000.0,266925000.0,272759000.0
Hormel Foods Corp,HRL,MSD54751OJP1FS2ND863,48465,2011.0,Q3TTM,2010-07-26,2011-07-31,,1.79,1.79,0.46,1.79,,243264000.0,483309000.0,483309000.0,478034000.0,5275000.0,6501170000.0,7854230000.0,,628348000.0,6501170000.0,1353060000.0,26350000.0,28384000.0,628348000.0,724712000.0,2034000.0,726573000.0,7854230000.0,266200000.0,266925000.0,272759000.0
Hormel Foods Corp,HRL,MSD54751OJP1FS2ND863,48465,2011.0,Q3,2011-05-02,2011-07-31,2012-09-07 15:56:10+00:00,0.37,0.37,0.1275,0.36,,41374000.0,99964000.0,99964000.0,98481000.0,1483000.0,1612737000.0,1910592000.0,,156595000.0,1612737000.0,297855000.0,5623000.0,5562000.0,156595000.0,141260000.0,-61000.0,141338000.0,1910592000.0,266200000.0,266925000.0,272759000.0
Hormel Foods Corp,HRL,MSD54751OJP1FS2ND863,48465,2011.0,Q2YTD,2010-11-01,2011-05-01,,0.97,0.97,0.23,0.97,,136422000.0,260737000.0,260737000.0,258405000.0,2332000.0,3180367000.0,3880599000.0,,305297000.0,3180367000.0,700232000.0,13766000.0,15549000.0,305297000.0,394935000.0,1783000.0,397159000.0,3880599000.0,267300000.0,267207000.0,272847000.0
Hormel Foods Corp,HRL,MSD54751OJP1FS2ND863,48465,2011.0,Q2TTM,2010-04-26,2011-05-01,,1.74,1.74,0.44,1.74,,249957000.0,469709000.0,469709000.0,464923000.0,4786000.0,6333969000.0,7674089000.0,,618276000.0,6333969000.0,1340120000.0,27220000.0,25044000.0,618276000.0,721844000.0,-2176000.0,719666000.0,7674089000.0,267300000.0,267207000.0,272847000.0
Hormel Foods Corp,HRL,MSD54751OJP1FS2ND863,48465,2011.0,Q2,2011-01-31,2011-05-01,2012-06-08 13:19:46+00:00,0.41,0.41,0.1275,0.4,,56846000.0,110702000.0,110702000.0,109579000.0,1123000.0,1632814000.0,1959041000.0,,160136000.0,1632814000.0,326227000.0,7187000.0,8644000.0,160136000.0,166091000.0,1457000.0,167548000.0,1959041000.0,267300000.0,267207000.0,272847000.0
Hormel Foods Corp,HRL,MSD54751OJP1FS2ND863,48465,2011.0,Q1TTM,2010-01-25,2011-01-30,,1.63,1.63,0.42,1.63,,247062000.0,437542000.0,437542000.0,433206000.0,4336000.0,6120470000.0,7414830000.0,,604922000.0,6120470000.0,1294360000.0,26607000.0,21775000.0,604922000.0,689438000.0,-4832000.0,684604000.0,7414830000.0,265800000.0,266560000.0,271740000.0
Hormel Foods Corp,HRL,MSD54751OJP1FS2ND863,48465,2011.0,Q1,2010-11-01,2011-01-30,2012-03-09 12:45:26+00:00,0.56,0.56,0.1275,0.55,,79576000.0,150035000.0,150035000.0,148826000.0,1209000.0,1547553000.0,1921558000.0,,145161000.0,1547553000.0,374005000.0,6579000.0,6905000.0,145161000.0,228844000.0,326000.0,229611000.0,1921558000.0,265800000.0,266560000.0,271740000.0
Hormel Foods Corp,HRL,MSD54751OJP1FS2ND863,48465,2012.0,Q4,2012-07-30,2012-10-28,,0.5,0.5,0.15,0.5,,66452000.0,134286000.0,134286000.0,132601000.0,1685000.0,1818405000.0,2170184000.0,,159685000.0,1818405000.0,351779000.0,3155000.0,12643000.0,159685000.0,192094000.0,9488000.0,200738000.0,2170184000.0,263200000.0,263466000.0,268891000.0
Hormel Foods Corp,HRL,MSD54751OJP1FS2ND863,48465,2012.0,FY,2011-10-31,2012-10-28,2014-12-17 12:12:17+00:00,1.9,1.9,0.6,1.86,,253374000.0,504961000.0,504961000.0,500050000.0,4911000.0,6898819000.0,8230670000.0,,605868000.0,6898819000.0,1331851000.0,12859000.0,45211000.0,605868000.0,725983000.0,32352000.0,758335000.0,8230670000.0,263200000.0,263466000.0,268891000.0
Hormel Foods Corp,HRL,MSD54751OJP1FS2ND863,48465,2012.0,Q3YTD,2011-10-31,2012-07-29,,1.4,1.4,0.43,1.4,,186922000.0,370675000.0,370675000.0,367449000.0,3226000.0,5080414000.0,6060486000.0,,446183000.0,5080414000.0,980072000.0,9704000.0,32568000.0,446183000.0,533889000.0,22864000.0,557597000.0,6060486000.0,264700000.0,263359000.0,268746000.0
Hormel Foods Corp,HRL,MSD54751OJP1FS2ND863,48465,2012.0,Q3TTM,2011-08-01,2012-07-29,,1.84,1.84,0.56,1.84,,248766000.0,489170000.0,489170000.0,484758000.0,4412000.0,6848286000.0,8164384000.0,,602877000.0,6848286000.0,1316098000.0,12977000.0,38214000.0,602877000.0,713221000.0,25237000.0,737936000.0,8164384000.0,264700000.0,263359000.0,268746000.0
Hormel Foods Corp,HRL,MSD54751OJP1FS2ND863,48465,2012.0,Q3,2012-04-30,2012-07-29,2013-09-06 08:09:33+00:00,0.42,0.42,0.15,0.41,,57087000.0,112407000.0,112407000.0,111167000.0,1240000.0,1701132000.0,2008188000.0,,145022000.0,1701132000.0,307056000.0,3207000.0,9823000.0,145022000.0,162034000.0,6616000.0,169494000.0,2008188000.0,264700000.0,263359000.0,268746000.0
Hormel Foods Corp,HRL,MSD54751OJP1FS2ND863,48465,2012.0,Q2YTD,2011-10-31,2012-04-29,,0.97,0.97,0.28,0.97,,129835000.0,258268000.0,258268000.0,256282000.0,1986000.0,3379282000.0,4052298000.0,,301161000.0,3379282000.0,673016000.0,6497000.0,22745000.0,301161000.0,371855000.0,16248000.0,388103000.0,4052298000.0,261000000.0,263610000.0,269061000.0
Hormel Foods Corp,HRL,MSD54751OJP1FS2ND863,48465,2012.0,Q2TTM,2011-05-02,2012-04-29,,1.79,1.79,0.54,1.79,,233053000.0,476727000.0,476727000.0,472072000.0,4655000.0,6759891000.0,8066788000.0,,614450000.0,6759891000.0,1306897000.0,15393000.0,33953000.0,614450000.0,692447000.0,18560000.0,709780000.0,8066788000.0,261000000.0,263610000.0,269061000.0
Hormel Foods Corp,HRL,MSD54751OJP1FS2ND863,48465,2012.0,Q2,2012-01-30,2012-04-29,2013-06-07 07:51:06+00:00,0.49,0.49,0.15,0.48,,64859000.0,128935000.0,128935000.0,127887000.0,1048000.0,1677252000.0,2012859000.0,,148684000.0,1677252000.0,335607000.0,3283000.0,10154000.0,148684000.0,186923000.0,6871000.0,193794000.0,2012859000.0,261000000.0,263610000.0,269061000.0
Hormel Foods Corp,HRL,MSD54751OJP1FS2ND863,48465,2012.0,Q1TTM,2011-01-31,2012-01-29,,1.72,1.72,0.51,1.72,,225040000.0,458494000.0,458494000.0,453764000.0,4730000.0,6715453000.0,8012970000.0,,625902000.0,6715453000.0,1297517000.0,19297000.0,32443000.0,625902000.0,671615000.0,13146000.0,683534000.0,8012970000.0,262000000.0,263946000.0,269608000.0
Hormel Foods Corp,HRL,MSD54751OJP1FS2ND863,48465,2012.0,Q1,2011-10-31,2012-01-29,2013-03-08 08:09:54+00:00,0.49,0.49,0.15,0.48,,64976000.0,129333000.0,129333000.0,128395000.0,938000.0,1702030000.0,2039439000.0,,152477000.0,1702030000.0,337409000.0,3214000.0,12591000.0,152477000.0,184932000.0,9377000.0,194309000.0,2039439000.0,262000000.0,263946000.0,269608000.0
Hormel Foods Corp,HRL,MSD54751OJP1FS2ND863,48465,2013.0,FY,2012-10-29,2013-10-27,2015-12-16 14:45:31+00:00,1.99,1.99,0.68,1.95,,268431000.0,530076000.0,530076000.0,526211000.0,3865000.0,7338838000.0,8751654000.0,4971000.0,627340000.0,7338838000.0,1412816000.0,12453000.0,20513000.0,627340000.0,785476000.0,13031000.0,798507000.0,8751654000.0,264400000.0,264317000.0,270224000.0
Hormel Foods Corp,HRL,MSD54751OJP1FS2ND863,48465,2013.0,Q4,2013-07-29,2013-10-27,,0.6,0.6,0.18,0.6,,81122000.0,158485000.0,158485000.0,157340000.0,1145000.0,1937686000.0,2323202000.0,4971000.0,147444000.0,1937686000.0,385516000.0,3095000.0,-341000.0,147444000.0,238072000.0,1535000.0,239607000.0,2323202000.0,264400000.0,264317000.0,270224000.0
Hormel Foods Corp,HRL,MSD54751OJP1FS2ND863,48465,2013.0,Q3YTD,2012-10-29,2013-07-28,,1.39,1.39,0.49,1.39,,187309000.0,371591000.0,371591000.0,368871000.0,2720000.0,5401152000.0,6428452000.0,,479896000.0,5401152000.0,1027300000.0,9358000.0,20854000.0,479896000.0,547404000.0,11496000.0,558900000.0,6428452000.0,264300000.0,264605000.0,270769000.0
Hormel Foods Corp,HRL,MSD54751OJP1FS2ND863,48465,2013.0,Q3TTM,2012-07-30,2013-07-28,,1.9,1.9,0.64,1.9,,253761000.0,505877000.0,505877000.0,501472000.0,4405000.0,7219557000.0,8598636000.0,,639581000.0,7219557000.0,1379079000.0,12513000.0,33497000.0,639581000.0,739498000.0,20984000.0,759638000.0,8598636000.0,264300000.0,264605000.0,270769000.0
Hormel Foods Corp,HRL,MSD54751OJP1FS2ND863,48465,2013.0,Q3,2013-04-29,2013-07-28,2014-09-05 08:08:07+00:00,0.43,0.43,0.17,0.42,,63171000.0,113905000.0,113905000.0,113635000.0,270000.0,1829219000.0,2159525000.0,,150999000.0,1829219000.0,330306000.0,3122000.0,891000.0,150999000.0,179307000.0,-2231000.0,177076000.0,2159525000.0,264300000.0,264605000.0,270769000.0
Hormel Foods Corp,HRL,MSD54751OJP1FS2ND863,48465,2013.0,Q2YTD,2012-10-29,2013-04-28,,0.96,0.96,0.32,0.96,,124138000.0,257686000.0,257686000.0,255236000.0,2450000.0,3571933000.0,4268927000.0,,328897000.0,3571933000.0,696994000.0,6236000.0,19963000.0,328897000.0,368097000.0,13727000.0,381824000.0,4268927000.0,267100000.0,264868000.0,270780000.0
Hormel Foods Corp,HRL,MSD54751OJP1FS2ND863,48465,2013.0,Q2TTM,2012-04-30,2013-04-28,,1.88,1.88,0.62,1.88,,247677000.0,504379000.0,504379000.0,499004000.0,5375000.0,7091470000.0,8447299000.0,,633604000.0,7091470000.0,1355829000.0,12598000.0,42429000.0,633604000.0,722225000.0,29831000.0,752056000.0,8447299000.0,267100000.0,264868000.0,270780000.0
Hormel Foods Corp,HRL,MSD54751OJP1FS2ND863,48465,2013.0,Q2,2013-01-28,2013-04-28,2014-06-06 08:19:21+00:00,0.47,0.47,0.17,0.46,,58262000.0,126641000.0,126641000.0,125520000.0,1121000.0,1799885000.0,2152686000.0,,173066000.0,1799885000.0,352801000.0,3142000.0,8310000.0,173066000.0,179735000.0,5168000.0,184903000.0,2152686000.0,267100000.0,264868000.0,270780000.0
Hormel Foods Corp,HRL,MSD54751OJP1FS2ND863,48465,2013.0,Q1TTM,2012-01-30,2013-01-27,,1.9,1.9,0.6,1.9,,254274000.0,506673000.0,506673000.0,501371000.0,5302000.0,6968837000.0,8307472000.0,,609222000.0,6968837000.0,1338635000.0,12739000.0,44273000.0,609222000.0,729413000.0,31534000.0,760947000.0,8307472000.0,264700000.0,263944000.0,269140000.0
Hormel Foods Corp,HRL,MSD54751OJP1FS2ND863,48465,2013.0,Q1,2012-10-29,2013-01-27,2014-03-07 12:32:36+00:00,0.49,0.49,0.17,0.48,,65876000.0,131045000.0,131045000.0,129716000.0,1329000.0,1772048000.0,2116241000.0,,155831000.0,1772048000.0,344193000.0,3094000.0,11653000.0,155831000.0,188362000.0,8559000.0,196921000.0,2116241000.0,264700000.0,263944000.0,269140000.0
Hormel Foods Corp,HRL,MSD54751OJP1FS2ND863,48465,2014.0,FY,2013-10-28,2014-10-26,2016-12-21 13:07:21+00:00,1.14,1.14,0.4,1.12,0.0,316126000.0,606026000.0,606026000.0,602677000.0,3349000.0,7751273000.0,9316256000.0,3236000.0,650948000.0,7751273000.0,1564983000.0,12704000.0,17585000.0,650948000.0,914035000.0,8117000.0,922152000.0,9316256000.0,528700000.0,527624000.0,540431000.0
Hormel Foods Corp,HRL,MSD54751OJP1FS2ND863,48465,2014.0,Q4,2014-07-28,2014-10-26,,0.32,0.32,0.1,0.32,,88894000.0,171848000.0,171848000.0,171264000.0,584000.0,2120187000.0,2543771000.0,1633000.0,165939000.0,2120187000.0,423584000.0,3392000.0,5723000.0,165939000.0,257645000.0,3964000.0,260742000.0,2543771000.0,528700000.0,527624000.0,540431000.0
Hormel Foods Corp,HRL,MSD54751OJP1FS2ND863,48465,2014.0,Q3YTD,2013-10-28,2014-07-27,,1.63,1.63,0.57,1.63,,227232000.0,434178000.0,434178000.0,431413000.0,2765000.0,5631086000.0,6772485000.0,1603000.0,485009000.0,5631086000.0,1141399000.0,9312000.0,11862000.0,485009000.0,656390000.0,4153000.0,661410000.0,6772485000.0,265300000.0,263983000.0,270400000.0
Hormel Foods Corp,HRL,MSD54751OJP1FS2ND863,48465,2014.0,Q3TTM,2013-07-29,2014-07-27,,2.23,2.23,0.75,2.23,,308354000.0,592663000.0,592663000.0,588753000.0,3910000.0,7568772000.0,9095687000.0,6574000.0,632453000.0,7568772000.0,1526915000.0,12407000.0,11521000.0,632453000.0,894462000.0,5688000.0,901017000.0,9095687000.0,265300000.0,263983000.0,270400000.0
Hormel Foods Corp,HRL,MSD54751OJP1FS2ND863,48465,2014.0,Q3,2014-04-28,2014-07-27,2015-09-04 08:23:21+00:00,0.52,0.52,0.2,0.51,,73968000.0,139014000.0,139014000.0,137975000.0,1039000.0,1920948000.0,2284947000.0,1603000.0,153035000.0,1920948000.0,363999000.0,3125000.0,3540000.0,153035000.0,210964000.0,2018000.0,212982000.0,2284947000.0,265300000.0,263983000.0,270400000.0
Hormel Foods Corp,HRL,MSD54751OJP1FS2ND863,48465,2014.0,Q2YTD,2013-10-28,2014-04-27,,1.11,1.11,0.37,1.11,,153264000.0,295164000.0,295164000.0,293438000.0,1726000.0,3710138000.0,4487538000.0,,331974000.0,3710138000.0,777400000.0,6187000.0,8322000.0,331974000.0,445426000.0,2135000.0,448428000.0,4487538000.0,264300000.0,263926000.0,270410000.0
Hormel Foods Corp,HRL,MSD54751OJP1FS2ND863,48465,2014.0,Q2TTM,2013-04-29,2014-04-27,,2.14,2.14,0.73,2.14,,297557000.0,567554000.0,567554000.0,564413000.0,3141000.0,7477043000.0,8970265000.0,4971000.0,630417000.0,7477043000.0,1493222000.0,12404000.0,8872000.0,630417000.0,862805000.0,1439000.0,865111000.0,8970265000.0,264300000.0,263926000.0,270410000.0
Hormel Foods Corp,HRL,MSD54751OJP1FS2ND863,48465,2014.0,Q2,2014-01-27,2014-04-27,2015-06-05 09:43:48+00:00,0.53,0.53,0.2,0.52,,72451000.0,140706000.0,140706000.0,140090000.0,616000.0,1866108000.0,2244866000.0,,165785000.0,1866108000.0,378758000.0,3093000.0,3583000.0,165785000.0,212973000.0,490000.0,213157000.0,2244866000.0,264300000.0,263926000.0,270410000.0
Hormel Foods Corp,HRL,MSD54751OJP1FS2ND863,48465,2014.0,Q1TTM,2013-01-28,2014-01-26,,2.08,2.08,0.7,2.08,,283368000.0,553489000.0,553489000.0,549843000.0,3646000.0,7410820000.0,8878085000.0,4971000.0,637698000.0,7410820000.0,1467265000.0,12453000.0,13599000.0,637698000.0,829567000.0,6117000.0,836857000.0,8878085000.0,264400000.0,263752000.0,270224000.0
Hormel Foods Corp,HRL,MSD54751OJP1FS2ND863,48465,2014.0,Q1,2013-10-28,2014-01-26,2015-03-06 09:13:58+00:00,0.58,0.58,0.2,0.57,,80813000.0,154458000.0,154458000.0,153348000.0,1110000.0,1844030000.0,2242672000.0,,166189000.0,1844030000.0,398642000.0,3094000.0,4739000.0,166189000.0,232453000.0,1645000.0,235271000.0,2242672000.0,264400000.0,263752000.0,270224000.0
Hormel Foods Corp,HRL,MSD54751OJP1FS2ND863,48465,2015.0,FY,2014-10-27,2015-10-25,2017-12-20 11:45:48+00:00,1.3,1.3,0.5,1.27,21537000.0,369879000.0,687264000.0,687264000.0,686088000.0,1176000.0,7455282000.0,9263863000.0,,743611000.0,7455282000.0,1808581000.0,13111000.0,23887000.0,765148000.0,1043433000.0,10776000.0,1057143000.0,9263863000.0,527800000.0,528143000.0,541002000.0
Hormel Foods Corp,HRL,MSD54751OJP1FS2ND863,48465,2015.0,Q4,2015-07-27,2015-10-25,,0.35,0.35,0.13,0.35,21537000.0,101713000.0,187443000.0,187443000.0,187231000.0,212000.0,1905828000.0,2400858000.0,-189000.0,188952000.0,1905828000.0,495030000.0,3821000.0,7957000.0,210489000.0,284541000.0,3947000.0,289156000.0,2400858000.0,527800000.0,528143000.0,541002000.0
Hormel Foods Corp,HRL,MSD54751OJP1FS2ND863,48465,2015.0,Q3,2015-04-27,2015-07-26,2016-09-02 10:47:50+00:00,0.28,0.28,0.125,0.27,,81263000.0,146956000.0,146956000.0,146938000.0,18000.0,1779197000.0,2188587000.0,189000.0,184627000.0,1779197000.0,409390000.0,3129000.0,6396000.0,184627000.0,224763000.0,3456000.0,228219000.0,2188587000.0,524800000.0,528516000.0,541204000.0
Hormel Foods Corp,HRL,MSD54751OJP1FS2ND863,48465,2015.0,Q3YTD,2014-10-27,2015-07-26,,0.94,0.94,0.37,0.94,,268166000.0,499821000.0,499821000.0,498857000.0,964000.0,5549454000.0,6863005000.0,189000.0,554659000.0,5549454000.0,1313551000.0,9290000.0,15930000.0,554659000.0,758892000.0,6829000.0,767987000.0,6863005000.0,524800000.0,528516000.0,541204000.0
Hormel Foods Corp,HRL,MSD54751OJP1FS2ND863,48465,2015.0,Q3TTM,2014-07-28,2015-07-26,,1.27,1.27,0.48,1.27,,357060000.0,671669000.0,671669000.0,670121000.0,1548000.0,7669641000.0,9406776000.0,1822000.0,720598000.0,7669641000.0,1737135000.0,12682000.0,21653000.0,720598000.0,1016537000.0,10793000.0,1028729000.0,9406776000.0,524800000.0,528516000.0,541204000.0
Hormel Foods Corp,HRL,MSD54751OJP1FS2ND863,48465,2015.0,Q2,2015-01-26,2015-04-26,2016-06-03 15:33:47+00:00,0.34,0.34,0.125,0.33,,95296000.0,180435000.0,180435000.0,180201000.0,234000.0,1819789000.0,2279345000.0,,189733000.0,1819789000.0,459556000.0,3083000.0,7874000.0,189733000.0,269823000.0,4791000.0,275731000.0,2279345000.0,530000000.0,528056000.0,540888000.0
Hormel Foods Corp,HRL,MSD54751OJP1FS2ND863,48465,2015.0,Q2YTD,2014-10-27,2015-04-26,,0.67,0.67,0.25,0.67,,186903000.0,352865000.0,352865000.0,351919000.0,946000.0,3770257000.0,4674418000.0,,370032000.0,3770257000.0,904161000.0,6161000.0,9534000.0,370032000.0,534129000.0,3373000.0,539768000.0,4674418000.0,530000000.0,528056000.0,540888000.0
Hormel Foods Corp,HRL,MSD54751OJP1FS2ND863,48465,2015.0,Q2TTM,2014-04-28,2015-04-26,,1.25,1.25,0.45,1.25,,349765000.0,663727000.0,663727000.0,661158000.0,2569000.0,7811392000.0,9503136000.0,3236000.0,689006000.0,7811392000.0,1691744000.0,12678000.0,18797000.0,689006000.0,1002738000.0,9355000.0,1013492000.0,9503136000.0,530000000.0,528056000.0,540888000.0
Hormel Foods Corp,HRL,MSD54751OJP1FS2ND863,48465,2015.0,Q1,2014-10-27,2015-01-25,2016-03-04 12:06:35+00:00,0.33,0.33,0.125,0.32,,91607000.0,172430000.0,172430000.0,171718000.0,712000.0,1950468000.0,2395073000.0,,180299000.0,1950468000.0,444605000.0,3078000.0,1660000.0,180299000.0,264306000.0,-1418000.0,264037000.0,2395073000.0,520400000.0,527352000.0,540123000.0
Hormel Foods Corp,HRL,MSD54751OJP1FS2ND863,48465,2015.0,Q1TTM,2014-01-27,2015-01-25,,1.18,1.18,0.41,1.18,,326920000.0,623998000.0,623998000.0,621047000.0,2951000.0,7857711000.0,9468657000.0,3236000.0,665058000.0,7857711000.0,1610946000.0,12688000.0,14506000.0,665058000.0,945888000.0,5054000.0,950918000.0,9468657000.0,520400000.0,527352000.0,540123000.0
Hormel Foods Corp,HRL,MSD54751OJP1FS2ND863,48465,2016.0,FY,2015-10-26,2016-10-30,2018-12-07 13:50:30+00:00,1.68,1.68,0.58,1.64,991000.0,426698000.0,890517000.0,890517000.0,890052000.0,465000.0,7365049000.0,9523224000.0,,871974000.0,7365049000.0,2158175000.0,12871000.0,44876000.0,872965000.0,1285210000.0,32005000.0,1317215000.0,9523224000.0,529800000.0,529290000.0,542473000.0
Hormel Foods Corp,HRL,MSD54751OJP1FS2ND863,48465,2016.0,Q4,2016-07-25,2016-10-30,,0.46,0.46,0.15,0.46,,120543000.0,244190000.0,244190000.0,243940000.0,250000.0,2029421000.0,2627941000.0,-1446000.0,244006000.0,2029421000.0,598520000.0,3288000.0,14953000.0,244006000.0,354514000.0,10219000.0,364733000.0,2627941000.0,529800000.0,529290000.0,542473000.0
Hormel Foods Corp,HRL,MSD54751OJP1FS2ND863,48465,2016.0,Q3,2016-04-25,2016-07-24,2017-09-08 12:14:14+00:00,0.37,0.37,0.145,0.36,,78341000.0,195776000.0,195776000.0,195654000.0,122000.0,1827091000.0,2302376000.0,,206876000.0,1827091000.0,475285000.0,3147000.0,8855000.0,206876000.0,268409000.0,5708000.0,274117000.0,2302376000.0,528800000.0,529660000.0,542163000.0
Hormel Foods Corp,HRL,MSD54751OJP1FS2ND863,48465,2016.0,Q3YTD,2015-10-26,2016-07-24,,1.22,1.22,0.41,1.22,991000.0,306155000.0,646327000.0,646327000.0,646112000.0,215000.0,5335628000.0,6895283000.0,1446000.0,627968000.0,5335628000.0,1559655000.0,9583000.0,29923000.0,628959000.0,930696000.0,21786000.0,952482000.0,6895283000.0,528800000.0,529660000.0,542163000.0
Hormel Foods Corp,HRL,MSD54751OJP1FS2ND863,48465,2016.0,Q3TTM,2015-07-27,2016-07-24,,1.57,1.57,0.54,1.57,22528000.0,407868000.0,833770000.0,833770000.0,833343000.0,427000.0,7241456000.0,9296141000.0,1257000.0,816920000.0,7241456000.0,2054685000.0,13404000.0,37880000.0,839448000.0,1215237000.0,25733000.0,1241638000.0,9296141000.0,528800000.0,529660000.0,542163000.0
Hormel Foods Corp,HRL,MSD54751OJP1FS2ND863,48465,2016.0,Q2,2016-01-25,2016-04-24,2017-06-09 09:59:41+00:00,0.41,0.41,0.145,0.4,991000.0,108813000.0,215384000.0,215384000.0,215397000.0,-13000.0,1773876000.0,2300235000.0,3409000.0,211144000.0,1773876000.0,526359000.0,3029000.0,9593000.0,212135000.0,314224000.0,9973000.0,324197000.0,2300235000.0,525400000.0,529898000.0,543769000.0
Hormel Foods Corp,HRL,MSD54751OJP1FS2ND863,48465,2016.0,Q2YTD,2015-10-26,2016-04-24,,0.85,0.85,0.27,0.85,991000.0,227814000.0,450551000.0,450551000.0,450458000.0,93000.0,3508537000.0,4592907000.0,1446000.0,421092000.0,3508537000.0,1084370000.0,6436000.0,21068000.0,422083000.0,662287000.0,16078000.0,678365000.0,4592907000.0,525400000.0,529898000.0,543769000.0
Hormel Foods Corp,HRL,MSD54751OJP1FS2ND863,48465,2016.0,Q2TTM,2015-04-27,2016-04-24,,1.48,1.48,0.52,1.48,22528000.0,410790000.0,784950000.0,784950000.0,784627000.0,323000.0,7193562000.0,9182352000.0,1446000.0,794671000.0,7193562000.0,1988790000.0,13386000.0,35421000.0,817199000.0,1171591000.0,23481000.0,1195740000.0,9182352000.0,525400000.0,529898000.0,543769000.0
Hormel Foods Corp,HRL,MSD54751OJP1FS2ND863,48465,2016.0,Q1,2015-10-26,2016-01-24,2017-03-10 09:53:08+00:00,0.44,0.44,0.145,0.43,,119001000.0,235167000.0,235167000.0,235061000.0,106000.0,1734661000.0,2292672000.0,-1963000.0,209948000.0,1734661000.0,558011000.0,3407000.0,11475000.0,209948000.0,348063000.0,6105000.0,354168000.0,2292672000.0,534200000.0,528862000.0,542737000.0
Hormel Foods Corp,HRL,MSD54751OJP1FS2ND863,48465,2016.0,Q1TTM,2015-01-26,2016-01-24,,1.42,1.42,0.52,1.42,21537000.0,397273000.0,750001000.0,750001000.0,749431000.0,570000.0,7239475000.0,9161462000.0,-1963000.0,773260000.0,7239475000.0,1921987000.0,13440000.0,33702000.0,794797000.0,1127190000.0,18299000.0,1147274000.0,9161462000.0,534200000.0,528862000.0,542737000.0
Hormel Foods Corp,HRL,MSD54751OJP1FS2ND863,48465,2017.0,FY,2016-10-31,2017-10-29,2019-12-06 14:57:28+00:00,1.6,1.6,0.68,1.57,180000.0,431542000.0,847103000.0,847103000.0,846735000.0,368000.0,7170883000.0,9167519000.0,14586000.0,759304000.0,7170883000.0,1996636000.0,12683000.0,39590000.0,759484000.0,1237152000.0,41493000.0,1278645000.0,9167519000.0,529200000.0,528363000.0,539116000.0
Hormel Foods Corp,HRL,MSD54751OJP1FS2ND863,48465,2017.0,Q4,2017-07-31,2017-10-29,,0.41,0.41,0.17,0.41,180000.0,111646000.0,218363000.0,218363000.0,218154000.0,209000.0,1987581000.0,2492608000.0,11768000.0,191418000.0,1987581000.0,505027000.0,3577000.0,8389000.0,191598000.0,313429000.0,16580000.0,330009000.0,2492608000.0,529200000.0,528363000.0,539116000.0
Hormel Foods Corp,HRL,MSD54751OJP1FS2ND863,48465,2017.0,Q3,2017-05-01,2017-07-30,2018-09-07 15:04:17+00:00,0.35,0.35,0.17,0.34,,95473000.0,182551000.0,182551000.0,182508000.0,43000.0,1754966000.0,2207375000.0,,176660000.0,1754966000.0,452409000.0,3057000.0,5332000.0,176660000.0,275749000.0,2275000.0,278024000.0,2207375000.0,521500000.0,528165000.0,538814000.0
Hormel Foods Corp,HRL,MSD54751OJP1FS2ND863,48465,2017.0,Q3YTD,2016-10-31,2017-07-30,,1.19,1.19,0.49,1.19,,319896000.0,628740000.0,628740000.0,628581000.0,159000.0,5183302000.0,6674911000.0,2818000.0,567886000.0,5183302000.0,1491609000.0,9106000.0,31201000.0,567886000.0,923723000.0,24913000.0,948636000.0,6674911000.0,521500000.0,528165000.0,538814000.0
Hormel Foods Corp,HRL,MSD54751OJP1FS2ND863,48465,2017.0,Q3TTM,2016-07-25,2017-07-30,,1.65,1.65,0.63,1.65,,440439000.0,872930000.0,872930000.0,872521000.0,409000.0,7212723000.0,9302852000.0,1372000.0,811892000.0,7212723000.0,2090129000.0,12394000.0,46154000.0,811892000.0,1278237000.0,35132000.0,1313369000.0,9302852000.0,521500000.0,528165000.0,538814000.0
Hormel Foods Corp,HRL,MSD54751OJP1FS2ND863,48465,2017.0,Q2,2017-01-30,2017-04-30,2018-06-08 12:25:24+00:00,0.4,0.4,0.17,0.39,,104941000.0,210886000.0,210886000.0,210926000.0,-40000.0,1700389000.0,2187309000.0,2818000.0,181009000.0,1700389000.0,486920000.0,3023000.0,10121000.0,181009000.0,305911000.0,9916000.0,315827000.0,2187309000.0,527300000.0,528712000.0,539635000.0
Hormel Foods Corp,HRL,MSD54751OJP1FS2ND863,48465,2017.0,Q2YTD,2016-10-31,2017-04-30,,0.84,0.84,0.31,0.84,,224423000.0,446189000.0,446189000.0,446073000.0,116000.0,3428336000.0,4467536000.0,2818000.0,391226000.0,3428336000.0,1039200000.0,6049000.0,25869000.0,391226000.0,647974000.0,22638000.0,670612000.0,4467536000.0,527300000.0,528712000.0,539635000.0
Hormel Foods Corp,HRL,MSD54751OJP1FS2ND863,48465,2017.0,Q2TTM,2016-04-25,2017-04-30,,1.68,1.68,0.61,1.68,,423307000.0,886155000.0,886155000.0,885667000.0,488000.0,7284848000.0,9397853000.0,1372000.0,842108000.0,7284848000.0,2113005000.0,12484000.0,49677000.0,842108000.0,1270897000.0,38565000.0,1309462000.0,9397853000.0,527300000.0,528712000.0,539635000.0
Hormel Foods Corp,HRL,MSD54751OJP1FS2ND863,48465,2017.0,Q1,2016-10-31,2017-01-29,2018-03-09 09:13:15+00:00,0.44,0.44,0.17,0.44,,119482000.0,235303000.0,235303000.0,235147000.0,156000.0,1727947000.0,2280227000.0,,210217000.0,1727947000.0,552280000.0,3026000.0,15748000.0,210217000.0,342063000.0,12722000.0,354785000.0,2280227000.0,534400000.0,528585000.0,540064000.0
Hormel Foods Corp,HRL,MSD54751OJP1FS2ND863,48465,2017.0,Q1TTM,2016-01-25,2017-01-29,,1.68,1.68,0.58,1.68,991000.0,427179000.0,890653000.0,890653000.0,890138000.0,515000.0,7358335000.0,9510779000.0,1963000.0,872243000.0,7358335000.0,2152444000.0,12490000.0,49149000.0,873234000.0,1279210000.0,38622000.0,1317832000.0,9510779000.0,534400000.0,528585000.0,540064000.0
Hormel Foods Corp,HRL,MSD54751OJP1FS2ND863,48465,2018.0,FY,2017-10-30,2018-10-28,2019-12-06 14:57:28+00:00,1.91,1.91,0.75,1.86,17279000.0,168702000.0,1012582000.0,1012582000.0,1012140000.0,442000.0,7566227000.0,9545700000.0,27817000.0,841205000.0,7566227000.0,1979473000.0,26494000.0,58972000.0,858484000.0,1120989000.0,60295000.0,1181284000.0,9545700000.0,529900000.0,530742000.0,543869000.0
Hormel Foods Corp,HRL,MSD54751OJP1FS2ND863,48465,2018.0,Q4,2018-07-30,2018-10-28,,0.49,0.49,0.38,0.47,17279000.0,60008000.0,261496000.0,261496000.0,261406000.0,90000.0,1991369000.0,2524697000.0,8257000.0,205287000.0,1991369000.0,533328000.0,6329000.0,8814000.0,222566000.0,310762000.0,10742000.0,321504000.0,2524697000.0,529900000.0,530742000.0,543869000.0
Hormel Foods Corp,HRL,MSD54751OJP1FS2ND863,48465,2018.0,Q3,2018-04-30,2018-07-29,2019-09-03 14:30:55+00:00,0.4,0.4,0.1875,0.39,,47379000.0,210353000.0,210353000.0,210243000.0,110000.0,1904096000.0,2359142000.0,9477000.0,211497000.0,1904096000.0,455046000.0,8435000.0,13141000.0,211497000.0,243549000.0,14183000.0,257732000.0,2359142000.0,525600000.0,530606000.0,543762000.0
Hormel Foods Corp,HRL,MSD54751OJP1FS2ND863,48465,2018.0,Q3YTD,2017-10-30,2018-07-29,,1.41,1.41,0.54,1.41,,108694000.0,751086000.0,751086000.0,750734000.0,352000.0,5574858000.0,7021003000.0,19560000.0,635918000.0,5574858000.0,1446145000.0,20165000.0,50158000.0,635918000.0,810227000.0,49553000.0,859780000.0,7021003000.0,525600000.0,530606000.0,543762000.0
Hormel Foods Corp,HRL,MSD54751OJP1FS2ND863,48465,2018.0,Q3TTM,2017-07-31,2018-07-29,,1.83,1.83,0.71,1.83,180000.0,220340000.0,969449000.0,969449000.0,968888000.0,561000.0,7562439000.0,9513611000.0,31328000.0,827336000.0,7562439000.0,1951172000.0,23742000.0,58547000.0,827516000.0,1123656000.0,66133000.0,1189789000.0,9513611000.0,525600000.0,530606000.0,543762000.0
Hormel Foods Corp,HRL,MSD54751OJP1FS2ND863,48465,2018.0,Q2,2018-01-29,2018-04-29,2019-06-04 12:55:54+00:00,0.45,0.45,0.1875,0.44,,59361000.0,237522000.0,237522000.0,237384000.0,138000.0,1837765000.0,2330568000.0,2144000.0,204549000.0,1837765000.0,492803000.0,7001000.0,13486000.0,204549000.0,288254000.0,8629000.0,296883000.0,2330568000.0,527500000.0,529799000.0,542811000.0
Hormel Foods Corp,HRL,MSD54751OJP1FS2ND863,48465,2018.0,Q2YTD,2017-10-30,2018-04-29,,1.02,1.02,0.36,1.02,,61315000.0,540733000.0,540733000.0,540491000.0,242000.0,3670762000.0,4661861000.0,10083000.0,424421000.0,3670762000.0,991099000.0,11730000.0,37017000.0,424421000.0,566678000.0,35370000.0,602048000.0,4661861000.0,527500000.0,529799000.0,542811000.0
Hormel Foods Corp,HRL,MSD54751OJP1FS2ND863,48465,2018.0,Q2TTM,2017-05-01,2018-04-29,,1.78,1.78,0.7,1.78,180000.0,268434000.0,941647000.0,941647000.0,941153000.0,494000.0,7413309000.0,9361844000.0,21851000.0,792499000.0,7413309000.0,1948535000.0,18364000.0,50738000.0,792679000.0,1155856000.0,54225000.0,1210081000.0,9361844000.0,527500000.0,529799000.0,542811000.0
Hormel Foods Corp,HRL,MSD54751OJP1FS2ND863,48465,2018.0,Q1,2017-10-30,2018-01-28,2019-03-05 17:24:42+00:00,0.57,0.57,,0.56,,1954000.0,303211000.0,303211000.0,303107000.0,104000.0,1832997000.0,2331293000.0,7939000.0,219872000.0,1832997000.0,498296000.0,4729000.0,23531000.0,219872000.0,278424000.0,26741000.0,305165000.0,2331293000.0,531800000.0,529453000.0,543482000.0
Hormel Foods Corp,HRL,MSD54751OJP1FS2ND863,48465,2018.0,Q1TTM,2017-01-30,2018-01-28,,1.73,1.73,0.68,1.73,180000.0,314014000.0,915011000.0,915011000.0,914695000.0,316000.0,7275933000.0,9218585000.0,22525000.0,768959000.0,7275933000.0,1942652000.0,14386000.0,47373000.0,769139000.0,1173513000.0,55512000.0,1229025000.0,9218585000.0,531800000.0,529453000.0,543482000.0
Hormel Foods Corp,HRL,MSD54751OJP1FS2ND863,48465,2019.0,Q4,2019-07-29,2019-10-27,,0.48,0.48,0.42,0.47,,68128000.0,255566000.0,255566000.0,255503000.0,63000.0,2007790000.0,2501513000.0,5793000.0,183795000.0,2007790000.0,493723000.0,3095000.0,11068000.0,183795000.0,309928000.0,13766000.0,323694000.0,2501513000.0,534900000.0,534578000.0,545232000.0
Hormel Foods Corp,HRL,MSD54751OJP1FS2ND863,48465,2019.0,FY,2018-10-29,2019-10-27,2019-12-06 14:57:28+00:00,1.83,1.83,0.84,1.8,0.0,230567000.0,979148000.0,979148000.0,978806000.0,342000.0,7612669000.0,9497317000.0,31520000.0,727584000.0,7612669000.0,1884648000.0,18070000.0,39201000.0,727584000.0,1157064000.0,52651000.0,1209715000.0,9497317000.0,534900000.0,534578000.0,545232000.0
Hormel Foods Corp,HRL,MSD54751OJP1FS2ND863,48465,2019.0,Q3YTD,2018-10-29,2019-07-28,,1.35,1.35,0.42,1.33,,162439000.0,723582000.0,723582000.0,723303000.0,279000.0,5604879000.0,6995804000.0,25727000.0,543789000.0,5604879000.0,1390925000.0,14975000.0,28133000.0,543789000.0,847136000.0,38885000.0,886021000.0,6995804000.0,539100000.0,534188000.0,543678000.0
Hormel Foods Corp,HRL,MSD54751OJP1FS2ND863,48465,2019.0,Q3TTM,2018-07-30,2019-07-28,,1.84,1.84,0.8,1.8,17279000.0,222447000.0,985078000.0,985078000.0,984709000.0,369000.0,7596248000.0,9520501000.0,33984000.0,749076000.0,7596248000.0,1924253000.0,21304000.0,36947000.0,766355000.0,1157898000.0,49627000.0,1207525000.0,9520501000.0,539100000.0,534188000.0,543678000.0
Hormel Foods Corp,HRL,MSD54751OJP1FS2ND863,48465,2019.0,Q3,2019-04-29,2019-07-28,2019-09-03 14:30:55+00:00,0.37,0.37,0.21,0.37,,61573000.0,199427000.0,199427000.0,199449000.0,-22000.0,1857263000.0,2290705000.0,7556000.0,180169000.0,1857263000.0,433442000.0,3213000.0,3384000.0,180169000.0,253273000.0,7727000.0,261000000.0,2290705000.0,539100000.0,534188000.0,543678000.0
Hormel Foods Corp,HRL,MSD54751OJP1FS2ND863,48465,2019.0,Q2,2019-01-28,2019-04-28,2020-06-02 12:59:24+00:00,0.53,0.53,,0.52,,35410000.0,282636000.0,282636000.0,282429000.0,207000.0,1875595000.0,2344744000.0,11297000.0,170076000.0,1875595000.0,469149000.0,5615000.0,13291000.0,170076000.0,299073000.0,18973000.0,318046000.0,2344744000.0,532900000.0,535480000.0,546330000.0
Hormel Foods Corp,HRL,MSD54751OJP1FS2ND863,48465,2019.0,Q2YTD,2018-10-29,2019-04-28,,0.98,0.98,0.21,0.96,,100866000.0,524155000.0,524155000.0,523854000.0,301000.0,3747616000.0,4705099000.0,18171000.0,363620000.0,3747616000.0,957483000.0,11762000.0,24749000.0,363620000.0,593863000.0,31158000.0,625021000.0,4705099000.0,532900000.0,535480000.0,546330000.0
Hormel Foods Corp,HRL,MSD54751OJP1FS2ND863,48465,2019.0,Q2TTM,2018-04-30,2019-04-28,,1.87,1.87,0.77,1.82,17279000.0,208253000.0,996004000.0,996004000.0,995503000.0,501000.0,7643081000.0,9588938000.0,35905000.0,780404000.0,7643081000.0,1945857000.0,26526000.0,46704000.0,797683000.0,1148174000.0,56083000.0,1204257000.0,9588938000.0,532900000.0,535480000.0,546330000.0
Hormel Foods Corp,HRL,MSD54751OJP1FS2ND863,48465,2019.0,Q1,2018-10-29,2019-01-27,2020-03-03 11:08:03+00:00,0.45,0.45,0.21,0.44,,65456000.0,241519000.0,241519000.0,241425000.0,94000.0,1872021000.0,2360355000.0,6874000.0,193544000.0,1872021000.0,488334000.0,6147000.0,11458000.0,193544000.0,294790000.0,12185000.0,306975000.0,2360355000.0,536500000.0,534495000.0,547118000.0
Hormel Foods Corp,HRL,MSD54751OJP1FS2ND863,48465,2019.0,Q1TTM,2018-01-29,2019-01-27,,1.78,1.78,0.75,1.78,17279000.0,232204000.0,950890000.0,950890000.0,950458000.0,432000.0,7605251000.0,9574762000.0,26752000.0,814877000.0,7605251000.0,1969511000.0,27912000.0,46899000.0,832156000.0,1137355000.0,45739000.0,1183094000.0,9574762000.0,536500000.0,534495000.0,547118000.0
Hormel Foods Corp,HRL,MSD54751OJP1FS2ND863,48465,2020.0,Q2YTD,2019-10-28,2020-04-26,,0.87,0.87,0.23,0.87,,106082000.0,470568000.0,470569000.0,470606000.0,-38000.0,3861127000.0,4806899000.0,9777000.0,389433000.0,3861127000.0,945773000.0,7074000.0,17609000.0,389433000.0,556340000.0,20312000.0,576651000.0,4806899000.0,542200000.0,538119000.0,546373000.0
Hormel Foods Corp,HRL,MSD54751OJP1FS2ND863,48465,2020.0,Q2TTM,2019-04-29,2020-04-26,,1.72,1.72,0.86,1.71,,235783000.0,925561000.0,925562000.0,925558000.0,3000.0,7726180000.0,9599117000.0,23126000.0,753397000.0,7726180000.0,1872938000.0,13382000.0,32061000.0,753397000.0,1119541000.0,41805000.0,1161345000.0,9599117000.0,542200000.0,538119000.0,546373000.0
Hormel Foods Corp,HRL,MSD54751OJP1FS2ND863,48465,2020.0,Q2,2020-01-27,2020-04-26,2020-06-02 12:59:24+00:00,0.42,0.42,,0.42,,58873000.0,227615000.0,227616000.0,227734000.0,-119000.0,1945113000.0,2422465000.0,-3474000.0,193912000.0,1945113000.0,477352000.0,3497000.0,10021000.0,193912000.0,283440000.0,3050000.0,286489000.0,2422465000.0,542200000.0,538119000.0,546373000.0
Hormel Foods Corp,HRL,MSD54751OJP1FS2ND863,48465,2020.0,Q1TTM,2019-01-28,2020-01-26,,1.83,1.83,0.86,1.81,,212320000.0,980582000.0,980582000.0,980253000.0,329000.0,7656662000.0,9521396000.0,37897000.0,729561000.0,7656662000.0,1864735000.0,15500000.0,35331000.0,729561000.0,1135174000.0,57728000.0,1192902000.0,9521396000.0,539700000.0,535075000.0,544815000.0
Hormel Foods Corp,HRL,MSD54751OJP1FS2ND863,48465,2020.0,Q1,2019-10-28,2020-01-26,2020-03-03 11:08:03+00:00,0.45,0.45,0.2325,0.45,,47209000.0,242953000.0,242953000.0,242872000.0,81000.0,1916014000.0,2384434000.0,13251000.0,195521000.0,1916014000.0,468421000.0,3577000.0,7588000.0,195521000.0,272900000.0,17262000.0,290162000.0,2384434000.0,539700000.0,535075000.0,544815000.0
