company_name,company_ticker,company_lei,company_cik,year,quarter,start_date,end_date,filing_date,basicdilutedeps,basiceps,dilutedeps,impairmentexpense,incometaxexpense,netincome,netincomecontinuing,netincometocommon,netincometononcontrollinginterest,operatingcostofrevenue,operatingrevenue,otherincome,rdexpense,sgaexpense,totalcostofrevenue,totalgrossprofit,totalinterestexpense,totaloperatingexpenses,totaloperatingincome,totalotherincome,totalpretaxincome,totalrevenue,weightedavebasicdilutedsharesos,weightedavebasicsharesos,weightedavedilutedsharesos
Bio Rad Laboratories Inc,BIO,549300ZC1GPV35XYDK53,12208,2008.0,FY,2008-01-01,2008-12-31,2011-02-28 15:24:26+00:00,3.3,3.3,3.24,,,,,,,,,,,,,,,,,,,,27112000.0,27112000.0,27112000.0
Bio Rad Laboratories Inc,BIO,549300ZC1GPV35XYDK53,12208,2009.0,FY,2009-01-01,2009-12-31,2011-02-28 15:24:26+00:00,5.28,5.28,5.2,,,,,,,,,,,,,,,,,,,,27404000.0,27404000.0,27404000.0
Bio Rad Laboratories Inc,BIO,549300ZC1GPV35XYDK53,12208,2009.0,Q3,2009-07-01,2009-09-30,2010-11-09 14:58:29+00:00,1.4,1.4,1.38,,,,,,,,,,,,,,,,,,,,27431000.0,27431000.0,27431000.0
Bio Rad Laboratories Inc,BIO,549300ZC1GPV35XYDK53,12208,2009.0,Q2,2009-04-01,2009-06-30,2010-08-06 12:56:51+00:00,1.39,1.39,1.37,,,,,,,,,,,,,,,,,,,,27370000.0,27370000.0,27370000.0
Bio Rad Laboratories Inc,BIO,549300ZC1GPV35XYDK53,12208,2010.0,Q4,2010-10-01,2010-12-31,,2.44,2.44,2.41,,18921000.0,151543000.0,151543000.0,150629000.0,914000.0,638523000.0,1472884000.0,-1025000.0,132003000.0,481596000.0,638523000.0,834361000.0,49273000.0,613599000.0,220762000.0,-50298000.0,170464000.0,1472884000.0,27700000.0,27665000.0,28151000.0
Bio Rad Laboratories Inc,BIO,549300ZC1GPV35XYDK53,12208,2010.0,FY,2010-01-01,2010-12-31,2013-03-18 16:27:34+00:00,6.7,6.7,6.59,,33348000.0,186935000.0,186935000.0,185490000.0,1445000.0,835630000.0,1927118000.0,-9000.0,172266000.0,635213000.0,835630000.0,1091488000.0,63717000.0,807479000.0,284009000.0,-63726000.0,220283000.0,1927118000.0,27700000.0,27665000.0,28151000.0
Bio Rad Laboratories Inc,BIO,549300ZC1GPV35XYDK53,12208,2010.0,Q3,2010-07-01,2010-09-30,2010-11-09 14:58:29+00:00,1.62,1.62,1.59,,,,,,,,,,,,,,,,,,,,27697000.0,27697000.0,27697000.0
Bio Rad Laboratories Inc,BIO,549300ZC1GPV35XYDK53,12208,2010.0,Q3YTD,2010-01-01,2010-09-30,,4.26,4.26,4.18,,14427000.0,35392000.0,35392000.0,34861000.0,531000.0,197107000.0,454234000.0,1016000.0,40263000.0,153617000.0,197107000.0,257127000.0,14444000.0,193880000.0,63247000.0,-13428000.0,49819000.0,454234000.0,27697000.0,27697000.0,27697000.0
Bio Rad Laboratories Inc,BIO,549300ZC1GPV35XYDK53,12208,2010.0,Q2,2010-04-01,2010-06-30,2010-08-06 12:56:51+00:00,1.37,1.37,1.35,,,,,,,,,,,,,,,,,,,,27606000.0,27606000.0,27606000.0
Bio Rad Laboratories Inc,BIO,549300ZC1GPV35XYDK53,12208,2010.0,Q2YTD,2010-01-01,2010-06-30,,2.64,2.64,2.59,,14427000.0,35392000.0,35392000.0,34861000.0,531000.0,197107000.0,454234000.0,1016000.0,40263000.0,153617000.0,197107000.0,257127000.0,14444000.0,193880000.0,63247000.0,-13428000.0,49819000.0,454234000.0,27606000.0,27606000.0,27606000.0
Bio Rad Laboratories Inc,BIO,549300ZC1GPV35XYDK53,12208,2010.0,Q1,2010-01-01,2010-03-31,2011-05-06 14:45:36+00:00,1.27,1.27,1.24,,14427000.0,35392000.0,35392000.0,34861000.0,531000.0,197107000.0,454234000.0,1016000.0,40263000.0,153617000.0,197107000.0,257127000.0,14444000.0,193880000.0,63247000.0,-13428000.0,49819000.0,454234000.0,27400000.0,27545000.0,28072000.0
Bio Rad Laboratories Inc,BIO,549300ZC1GPV35XYDK53,12208,2011.0,FY,2011-01-01,2011-12-31,2014-03-17 18:31:45+00:00,6.39,6.39,6.29,,67034000.0,178813000.0,178813000.0,179013000.0,-200000.0,894700000.0,2073529000.0,-6259000.0,177604000.0,695984000.0,894700000.0,1178829000.0,53135000.0,873588000.0,305241000.0,-59394000.0,245847000.0,2073529000.0,28000000.0,28031000.0,28468000.0
Bio Rad Laboratories Inc,BIO,549300ZC1GPV35XYDK53,12208,2011.0,Q4,2011-10-01,2011-12-31,,2.15,2.15,2.11,,24003000.0,59991000.0,59991000.0,60029000.0,-38000.0,238332000.0,550238000.0,-34000.0,41277000.0,174614000.0,238332000.0,311906000.0,11987000.0,215891000.0,96015000.0,-12021000.0,83994000.0,550238000.0,28000000.0,28031000.0,28468000.0
Bio Rad Laboratories Inc,BIO,549300ZC1GPV35XYDK53,12208,2011.0,Q3,2011-07-01,2011-09-30,2011-11-03 13:35:18+00:00,1.63,1.63,1.61,,9911000.0,45862000.0,45862000.0,45897000.0,-35000.0,220338000.0,516514000.0,-5808000.0,45387000.0,176867000.0,220338000.0,296176000.0,12341000.0,222254000.0,73922000.0,-18149000.0,55773000.0,516514000.0,28200000.0,28072000.0,28456000.0
Bio Rad Laboratories Inc,BIO,549300ZC1GPV35XYDK53,12208,2011.0,Q3YTD,2011-01-01,2011-09-30,,4.24,4.24,4.18,,43031000.0,118822000.0,118822000.0,118984000.0,-162000.0,656368000.0,1523291000.0,-6225000.0,136327000.0,521370000.0,656368000.0,866923000.0,41148000.0,657697000.0,209226000.0,-47373000.0,161853000.0,1523291000.0,28200000.0,28072000.0,28456000.0
Bio Rad Laboratories Inc,BIO,549300ZC1GPV35XYDK53,12208,2011.0,Q3TTM,2010-10-01,2011-09-30,,6.68,6.68,6.59,,61952000.0,270365000.0,270365000.0,269613000.0,752000.0,1294891000.0,2996175000.0,-7250000.0,268330000.0,1002966000.0,1294891000.0,1701284000.0,90421000.0,1271296000.0,429988000.0,-97671000.0,332317000.0,2996175000.0,28200000.0,28072000.0,28456000.0
Bio Rad Laboratories Inc,BIO,549300ZC1GPV35XYDK53,12208,2011.0,Q2,2011-04-01,2011-06-30,2011-08-03 17:46:59+00:00,1.43,1.43,1.41,,17797000.0,40022000.0,40022000.0,40048000.0,-26000.0,228520000.0,521656000.0,1674000.0,48210000.0,176740000.0,228520000.0,293136000.0,12041000.0,224950000.0,68186000.0,-10367000.0,57819000.0,521656000.0,28000000.0,28014000.0,28495000.0
Bio Rad Laboratories Inc,BIO,549300ZC1GPV35XYDK53,12208,2011.0,Q2YTD,2011-01-01,2011-06-30,,2.61,2.61,2.57,,33120000.0,72960000.0,72960000.0,73087000.0,-127000.0,436030000.0,1006777000.0,-417000.0,90940000.0,344503000.0,436030000.0,570747000.0,28807000.0,435443000.0,135304000.0,-29224000.0,106080000.0,1006777000.0,28000000.0,28014000.0,28495000.0
Bio Rad Laboratories Inc,BIO,549300ZC1GPV35XYDK53,12208,2011.0,Q2TTM,2010-07-01,2011-06-30,,6.67,6.67,6.57,,52041000.0,224503000.0,224503000.0,223716000.0,787000.0,1074553000.0,2479661000.0,-1442000.0,222943000.0,826099000.0,1074553000.0,1405108000.0,78080000.0,1049042000.0,356066000.0,-79522000.0,276544000.0,2479661000.0,28000000.0,28014000.0,28495000.0
Bio Rad Laboratories Inc,BIO,549300ZC1GPV35XYDK53,12208,2011.0,Q1,2011-01-01,2011-03-31,2011-05-06 14:45:36+00:00,1.18,1.18,1.16,,15323000.0,32938000.0,32938000.0,33039000.0,-101000.0,207510000.0,485121000.0,-2091000.0,42730000.0,167763000.0,207510000.0,277611000.0,16766000.0,210493000.0,67118000.0,-18857000.0,48261000.0,485121000.0,28000000.0,27904000.0,28389000.0
Bio Rad Laboratories Inc,BIO,549300ZC1GPV35XYDK53,12208,2011.0,Q1TTM,2010-04-01,2011-03-31,,6.61,6.61,6.51,,34244000.0,184481000.0,184481000.0,183668000.0,813000.0,846033000.0,1958005000.0,-3116000.0,174733000.0,649359000.0,846033000.0,1111972000.0,66039000.0,824092000.0,287880000.0,-69155000.0,218725000.0,1958005000.0,28000000.0,27904000.0,28389000.0
Bio Rad Laboratories Inc,BIO,549300ZC1GPV35XYDK53,12208,2012.0,Q4,2012-10-01,2012-12-31,,1.54,1.54,1.52,,20649000.0,43666000.0,43666000.0,43745000.0,-79000.0,258673000.0,573839000.0,5659000.0,54941000.0,187955000.0,258673000.0,315166000.0,13614000.0,242896000.0,72270000.0,-7955000.0,64315000.0,573839000.0,28300000.0,28290000.0,28642000.0
Bio Rad Laboratories Inc,BIO,549300ZC1GPV35XYDK53,12208,2012.0,FY,2012-01-01,2012-12-31,2015-03-02 15:01:26+00:00,5.85,5.85,5.78,,64361000.0,165546000.0,165546000.0,165477000.0,69000.0,914077000.0,2069235000.0,16843000.0,209204000.0,681778000.0,914077000.0,1155158000.0,51112000.0,890982000.0,264176000.0,-34269000.0,229907000.0,2069235000.0,28300000.0,28290000.0,28642000.0
Bio Rad Laboratories Inc,BIO,549300ZC1GPV35XYDK53,12208,2012.0,Q3,2012-07-01,2012-09-30,2012-11-08 16:08:57+00:00,1.5,1.5,1.48,,11023000.0,42371000.0,42371000.0,42384000.0,-13000.0,225187000.0,498697000.0,1063000.0,49004000.0,160274000.0,225187000.0,273510000.0,11901000.0,209278000.0,64232000.0,-10838000.0,53394000.0,498697000.0,28300000.0,28312000.0,28645000.0
Bio Rad Laboratories Inc,BIO,549300ZC1GPV35XYDK53,12208,2012.0,Q3YTD,2012-01-01,2012-09-30,,4.31,4.31,4.26,,43712000.0,121880000.0,121880000.0,121732000.0,148000.0,655404000.0,1495396000.0,11184000.0,154263000.0,493823000.0,655404000.0,839992000.0,37498000.0,648086000.0,191906000.0,-26314000.0,165592000.0,1495396000.0,28300000.0,28312000.0,28645000.0
Bio Rad Laboratories Inc,BIO,549300ZC1GPV35XYDK53,12208,2012.0,Q3TTM,2011-10-01,2012-09-30,,6.46,6.46,6.37,,67715000.0,181871000.0,181871000.0,181761000.0,110000.0,893736000.0,2045634000.0,11150000.0,195540000.0,668437000.0,893736000.0,1151898000.0,49485000.0,863977000.0,287921000.0,-38335000.0,249586000.0,2045634000.0,28300000.0,28312000.0,28645000.0
Bio Rad Laboratories Inc,BIO,549300ZC1GPV35XYDK53,12208,2012.0,Q2,2012-04-01,2012-06-30,2012-08-09 12:37:45+00:00,1.71,1.71,1.69,,17454000.0,48565000.0,48565000.0,48343000.0,222000.0,222522000.0,510422000.0,5112000.0,52336000.0,162256000.0,222522000.0,287900000.0,12401000.0,214592000.0,73308000.0,-7289000.0,66019000.0,510422000.0,28300000.0,28250000.0,28610000.0
Bio Rad Laboratories Inc,BIO,549300ZC1GPV35XYDK53,12208,2012.0,Q2YTD,2012-01-01,2012-06-30,,2.81,2.81,2.78,,32689000.0,79509000.0,79509000.0,79348000.0,161000.0,430217000.0,996699000.0,10121000.0,105259000.0,333549000.0,430217000.0,566482000.0,25597000.0,438808000.0,127674000.0,-15476000.0,112198000.0,996699000.0,28300000.0,28250000.0,28610000.0
Bio Rad Laboratories Inc,BIO,549300ZC1GPV35XYDK53,12208,2012.0,Q2TTM,2011-07-01,2012-06-30,,6.59,6.59,6.5,,66603000.0,185362000.0,185362000.0,185274000.0,88000.0,888887000.0,2063451000.0,4279000.0,191923000.0,685030000.0,888887000.0,1174564000.0,49925000.0,876953000.0,297611000.0,-45646000.0,251965000.0,2063451000.0,28300000.0,28250000.0,28610000.0
Bio Rad Laboratories Inc,BIO,549300ZC1GPV35XYDK53,12208,2012.0,Q1,2012-01-01,2012-03-31,2012-05-10 14:41:07+00:00,1.1,1.1,1.09,,15235000.0,30944000.0,30944000.0,31005000.0,-61000.0,207695000.0,486277000.0,5009000.0,52923000.0,171293000.0,207695000.0,278582000.0,13196000.0,224216000.0,54366000.0,-8187000.0,46179000.0,486277000.0,28200000.0,28201000.0,28553000.0
Bio Rad Laboratories Inc,BIO,549300ZC1GPV35XYDK53,12208,2012.0,Q1TTM,2011-04-01,2012-03-31,,6.31,6.31,6.22,,66946000.0,176819000.0,176819000.0,176979000.0,-160000.0,894885000.0,2074685000.0,841000.0,187797000.0,699514000.0,894885000.0,1179800000.0,49565000.0,887311000.0,292489000.0,-48724000.0,243765000.0,2074685000.0,28200000.0,28201000.0,28553000.0
Bio Rad Laboratories Inc,BIO,549300ZC1GPV35XYDK53,12208,2013.0,FY,2013-01-01,2013-12-31,2014-03-17 18:31:45+00:00,2.72,2.72,2.69,,34574000.0,77811000.0,77811000.0,77790000.0,21000.0,954216000.0,2132694000.0,4200000.0,210952000.0,798070000.0,954216000.0,1178478000.0,61271000.0,1009022000.0,169456000.0,-57071000.0,112385000.0,2132694000.0,28600000.0,28586000.0,28906000.0
Bio Rad Laboratories Inc,BIO,549300ZC1GPV35XYDK53,12208,2013.0,Q4,2013-10-01,2013-12-31,,1.08,1.08,1.06,,15320000.0,30788000.0,30788000.0,30788000.0,,279886000.0,602635000.0,-788000.0,54250000.0,214584000.0,279886000.0,322749000.0,7019000.0,268834000.0,53915000.0,-7807000.0,46108000.0,602635000.0,28600000.0,28586000.0,28906000.0
Bio Rad Laboratories Inc,BIO,549300ZC1GPV35XYDK53,12208,2013.0,Q3YTD,2013-01-01,2013-09-30,,1.64,1.64,1.63,,19254000.0,47023000.0,47023000.0,47002000.0,21000.0,674330000.0,1530059000.0,4988000.0,156702000.0,583486000.0,674330000.0,855729000.0,54252000.0,740188000.0,115541000.0,-49264000.0,66277000.0,1530059000.0,28400000.0,28603000.0,28603000.0
Bio Rad Laboratories Inc,BIO,549300ZC1GPV35XYDK53,12208,2013.0,Q3TTM,2012-10-01,2013-09-30,,3.18,3.18,3.15,,39903000.0,90689000.0,90689000.0,90747000.0,-58000.0,933003000.0,2103898000.0,10647000.0,211643000.0,771441000.0,933003000.0,1170895000.0,67866000.0,983084000.0,187811000.0,-57219000.0,130592000.0,2103898000.0,28400000.0,28603000.0,28603000.0
Bio Rad Laboratories Inc,BIO,549300ZC1GPV35XYDK53,12208,2013.0,Q3,2013-07-01,2013-09-30,2014-11-07 13:58:29+00:00,-0.25,-0.25,-0.25,,1883000.0,-7099000.0,-7099000.0,-7099000.0,0.0,220850000.0,505066000.0,-2663000.0,52920000.0,202238000.0,220850000.0,284216000.0,31611000.0,255158000.0,29058000.0,-34274000.0,-5216000.0,505066000.0,28400000.0,28603000.0,28603000.0
Bio Rad Laboratories Inc,BIO,549300ZC1GPV35XYDK53,12208,2013.0,Q2YTD,2013-01-01,2013-06-30,,1.89,1.89,1.88,,17371000.0,54122000.0,54122000.0,54101000.0,21000.0,453480000.0,1024993000.0,7651000.0,103782000.0,381248000.0,453480000.0,571513000.0,22641000.0,485030000.0,86483000.0,-14990000.0,71493000.0,1024993000.0,28600000.0,28538000.0,28868000.0
Bio Rad Laboratories Inc,BIO,549300ZC1GPV35XYDK53,12208,2013.0,Q2TTM,2012-07-01,2013-06-30,,4.93,4.93,4.88,,49043000.0,140159000.0,140159000.0,140230000.0,-71000.0,937340000.0,2097529000.0,14373000.0,207727000.0,729477000.0,937340000.0,1160189000.0,48156000.0,937204000.0,222985000.0,-33783000.0,189202000.0,2097529000.0,28600000.0,28538000.0,28868000.0
Bio Rad Laboratories Inc,BIO,549300ZC1GPV35XYDK53,12208,2013.0,Q2,2013-04-01,2013-06-30,2014-08-06 17:17:06+00:00,1.21,1.21,1.2,,14442000.0,34602000.0,34602000.0,34602000.0,0.0,225220000.0,525321000.0,7779000.0,51841000.0,195331000.0,225220000.0,300101000.0,11664000.0,247172000.0,52929000.0,-3885000.0,49044000.0,525321000.0,28600000.0,28538000.0,28868000.0
Bio Rad Laboratories Inc,BIO,549300ZC1GPV35XYDK53,12208,2013.0,Q1,2013-01-01,2013-03-31,2013-05-10 16:51:39+00:00,0.68,0.68,0.68,,2929000.0,19520000.0,19520000.0,19499000.0,21000.0,228260000.0,499672000.0,-128000.0,51941000.0,185917000.0,228260000.0,271412000.0,10977000.0,237858000.0,33554000.0,-11105000.0,22449000.0,499672000.0,28700000.0,28494000.0,28817000.0
Bio Rad Laboratories Inc,BIO,549300ZC1GPV35XYDK53,12208,2013.0,Q1TTM,2012-04-01,2013-03-31,,5.43,5.43,5.37,,52055000.0,154122000.0,154122000.0,153971000.0,151000.0,934642000.0,2082630000.0,11706000.0,208222000.0,696402000.0,934642000.0,1147988000.0,48893000.0,904624000.0,243364000.0,-37187000.0,206177000.0,2082630000.0,28700000.0,28494000.0,28817000.0
Bio Rad Laboratories Inc,BIO,549300ZC1GPV35XYDK53,12208,2014.0,FY,2014-01-01,2014-12-31,2017-02-28 20:11:41+00:00,3.08,3.08,3.05,0.0,42700000.0,88800000.0,88900000.0,88800000.0,,996527000.0,2175000000.0,3695000.0,220333000.0,808200000.0,996527000.0,1178517000.0,22131000.0,1028533000.0,149984000.0,-18436000.0,131600000.0,2175000000.0,28800000.0,28876000.0,29133000.0
Bio Rad Laboratories Inc,BIO,549300ZC1GPV35XYDK53,12208,2014.0,Q4,2014-10-01,2014-12-31,,1.35,1.35,1.34,,6697000.0,38992000.0,39092000.0,38992000.0,,280814000.0,598180000.0,151000.0,59287000.0,207537000.0,280814000.0,317410000.0,5000000.0,266824000.0,50586000.0,-4849000.0,45789000.0,598180000.0,28800000.0,28876000.0,29133000.0
Bio Rad Laboratories Inc,BIO,549300ZC1GPV35XYDK53,12208,2014.0,Q3,2014-07-01,2014-09-30,2015-11-04 18:15:23+00:00,0.4,0.4,0.39,,10967000.0,11509000.0,11509000.0,11509000.0,,242068000.0,530644000.0,-3054000.0,52786000.0,202550000.0,242068000.0,288576000.0,7710000.0,255336000.0,33240000.0,-10764000.0,22476000.0,530644000.0,28800000.0,28884000.0,29141000.0
Bio Rad Laboratories Inc,BIO,549300ZC1GPV35XYDK53,12208,2014.0,Q3YTD,2014-01-01,2014-09-30,,1.73,1.73,1.71,,36003000.0,49808000.0,49808000.0,49808000.0,,715713000.0,1576820000.0,3544000.0,161046000.0,600663000.0,715713000.0,861107000.0,17131000.0,761709000.0,99398000.0,-13587000.0,85811000.0,1576820000.0,28800000.0,28884000.0,29141000.0
Bio Rad Laboratories Inc,BIO,549300ZC1GPV35XYDK53,12208,2014.0,Q3TTM,2013-10-01,2014-09-30,,2.81,2.81,2.77,,51323000.0,80596000.0,80596000.0,80596000.0,,995599000.0,2179455000.0,2756000.0,215296000.0,815247000.0,995599000.0,1183856000.0,24150000.0,1030543000.0,153313000.0,-21394000.0,131919000.0,2179455000.0,28800000.0,28884000.0,29141000.0
Bio Rad Laboratories Inc,BIO,549300ZC1GPV35XYDK53,12208,2014.0,Q2YTD,2014-01-01,2014-06-30,,1.33,1.33,1.32,,25036000.0,38299000.0,38299000.0,38299000.0,,473645000.0,1046176000.0,6598000.0,108260000.0,398113000.0,473645000.0,572531000.0,9421000.0,506373000.0,66158000.0,-2823000.0,63335000.0,1046176000.0,28800000.0,28826000.0,29092000.0
Bio Rad Laboratories Inc,BIO,549300ZC1GPV35XYDK53,12208,2014.0,Q2TTM,2013-07-01,2014-06-30,,2.16,2.16,2.13,,42239000.0,61988000.0,61988000.0,61988000.0,,974381000.0,2153877000.0,3147000.0,215430000.0,814935000.0,974381000.0,1179496000.0,48051000.0,1030365000.0,149131000.0,-44904000.0,104227000.0,2153877000.0,28800000.0,28826000.0,29092000.0
Bio Rad Laboratories Inc,BIO,549300ZC1GPV35XYDK53,12208,2014.0,Q2,2014-04-01,2014-06-30,2015-08-07 13:15:54+00:00,1.1,1.1,1.09,,17166000.0,31631000.0,31631000.0,31631000.0,,239590000.0,536832000.0,8674000.0,55717000.0,195838000.0,239590000.0,297242000.0,5564000.0,251555000.0,45687000.0,3110000.0,48797000.0,536832000.0,28800000.0,28826000.0,29092000.0
Bio Rad Laboratories Inc,BIO,549300ZC1GPV35XYDK53,12208,2014.0,Q1TTM,2013-04-01,2014-03-31,,2.27,2.27,2.24,,39515000.0,64959000.0,64959000.0,64959000.0,,960011000.0,2142366000.0,2252000.0,211554000.0,814428000.0,960011000.0,1182355000.0,54151000.0,1025982000.0,156373000.0,-51899000.0,104474000.0,2142366000.0,29000000.0,28791000.0,29059000.0
Bio Rad Laboratories Inc,BIO,549300ZC1GPV35XYDK53,12208,2014.0,Q1,2014-01-01,2014-03-31,2015-05-06 16:33:51+00:00,0.23,0.23,0.23,,7870000.0,6668000.0,6668000.0,6668000.0,,234055000.0,509344000.0,-2076000.0,52543000.0,202275000.0,234055000.0,275289000.0,3857000.0,254818000.0,20471000.0,-5933000.0,14538000.0,509344000.0,29000000.0,28791000.0,29059000.0
Bio Rad Laboratories Inc,BIO,549300ZC1GPV35XYDK53,12208,2015.0,FY,2015-01-01,2015-12-31,2018-04-13 17:50:43+00:00,3.74,3.74,3.71,0.0,36600000.0,109200000.0,109200000.0,109200000.0,,897771000.0,2019400000.0,851000.0,192972000.0,761990000.0,897771000.0,1121670000.0,21692000.0,954962000.0,166708000.0,-20841000.0,145800000.0,2019400000.0,29200000.0,29186000.0,29409000.0
Bio Rad Laboratories Inc,BIO,549300ZC1GPV35XYDK53,12208,2015.0,Q4,2015-10-01,2015-12-31,,1.56,1.56,1.54,,8562000.0,45604000.0,45604000.0,45589000.0,,262042000.0,570516000.0,801000.0,55887000.0,193145000.0,262042000.0,308515000.0,6034000.0,249032000.0,59483000.0,-5233000.0,54166000.0,570516000.0,29200000.0,29186000.0,29409000.0
Bio Rad Laboratories Inc,BIO,549300ZC1GPV35XYDK53,12208,2015.0,Q3,2015-07-01,2015-09-30,2016-11-02 17:25:21+00:00,0.59,0.59,0.59,,8045000.0,17355000.0,17355000.0,17370000.0,,206509000.0,469961000.0,-1466000.0,43336000.0,187445000.0,206509000.0,263452000.0,5822000.0,230781000.0,32671000.0,-7288000.0,25400000.0,469961000.0,29400000.0,29195000.0,29439000.0
Bio Rad Laboratories Inc,BIO,549300ZC1GPV35XYDK53,12208,2015.0,Q3YTD,2015-01-01,2015-09-30,,2.18,2.18,2.17,,28038000.0,63596000.0,63596000.0,63611000.0,,635729000.0,1448884000.0,50000.0,137085000.0,568845000.0,635729000.0,813155000.0,15658000.0,705930000.0,107225000.0,-15608000.0,91634000.0,1448884000.0,29400000.0,29195000.0,29439000.0
Bio Rad Laboratories Inc,BIO,549300ZC1GPV35XYDK53,12208,2015.0,Q3TTM,2014-10-01,2015-09-30,,3.53,3.53,3.51,,34735000.0,102588000.0,102688000.0,102603000.0,,916543000.0,2047064000.0,201000.0,196372000.0,776382000.0,916543000.0,1130565000.0,20658000.0,972754000.0,157811000.0,-20457000.0,137423000.0,2047064000.0,29400000.0,29195000.0,29439000.0
Bio Rad Laboratories Inc,BIO,549300ZC1GPV35XYDK53,12208,2015.0,Q2,2015-04-01,2015-06-30,2016-08-05 17:20:02+00:00,0.98,0.98,0.97,,11117000.0,28423000.0,28423000.0,28423000.0,,226505000.0,506102000.0,4169000.0,46547000.0,192845000.0,226505000.0,279597000.0,4834000.0,239392000.0,40205000.0,-665000.0,39540000.0,506102000.0,29000000.0,29136000.0,29381000.0
Bio Rad Laboratories Inc,BIO,549300ZC1GPV35XYDK53,12208,2015.0,Q2YTD,2015-01-01,2015-06-30,,1.59,1.59,1.58,,19993000.0,46241000.0,46241000.0,46241000.0,,429220000.0,978923000.0,1516000.0,93749000.0,381400000.0,429220000.0,549703000.0,9836000.0,475149000.0,74554000.0,-8320000.0,66234000.0,978923000.0,29000000.0,29136000.0,29381000.0
Bio Rad Laboratories Inc,BIO,549300ZC1GPV35XYDK53,12208,2015.0,Q2TTM,2014-07-01,2015-06-30,,3.34,3.34,3.31,,37657000.0,96742000.0,96842000.0,96742000.0,,952102000.0,2107747000.0,-1387000.0,205822000.0,791487000.0,952102000.0,1155689000.0,22546000.0,997309000.0,158380000.0,-23933000.0,134499000.0,2107747000.0,29000000.0,29136000.0,29381000.0
Bio Rad Laboratories Inc,BIO,549300ZC1GPV35XYDK53,12208,2015.0,Q1,2015-01-01,2015-03-31,2016-05-06 16:06:29+00:00,0.61,0.61,0.61,,8876000.0,17818000.0,17818000.0,17818000.0,,202715000.0,472821000.0,-2653000.0,47202000.0,188555000.0,202715000.0,270106000.0,5002000.0,235757000.0,34349000.0,-7655000.0,26694000.0,472821000.0,29200000.0,29092000.0,29289000.0
Bio Rad Laboratories Inc,BIO,549300ZC1GPV35XYDK53,12208,2015.0,Q1TTM,2014-04-01,2015-03-31,,3.46,3.46,3.43,,43706000.0,99950000.0,100050000.0,99950000.0,,965187000.0,2138477000.0,3118000.0,214992000.0,794480000.0,965187000.0,1173334000.0,23276000.0,1009472000.0,163862000.0,-20158000.0,143756000.0,2138477000.0,29200000.0,29092000.0,29289000.0
Bio Rad Laboratories Inc,BIO,549300ZC1GPV35XYDK53,12208,2016.0,FY,2016-01-01,2016-12-31,2019-03-29 21:07:23+00:00,0.88,0.88,0.88,62300000.0,15600000.0,26000000.0,26000000.0,26000000.0,,929744000.0,2068172000.0,9258000.0,205708000.0,814697000.0,929744000.0,1138428000.0,23380000.0,1082705000.0,55718000.0,-14122000.0,41600000.0,2068172000.0,29500000.0,29440000.0,29646000.0
Bio Rad Laboratories Inc,BIO,549300ZC1GPV35XYDK53,12208,2016.0,Q4,2016-10-01,2016-12-31,,-0.78,-0.78,-0.77,59940000.0,-5452000.0,-22743000.0,-22748000.0,-22695000.0,,256755000.0,571453000.0,-966000.0,57387000.0,217993000.0,256755000.0,314698000.0,6534000.0,335320000.0,-20627000.0,-7500000.0,-28200000.0,571453000.0,29500000.0,29440000.0,29646000.0
Bio Rad Laboratories Inc,BIO,549300ZC1GPV35XYDK53,12208,2016.0,Q3,2016-07-01,2016-09-30,2017-11-09 16:12:24+00:00,0.63,0.63,0.62,0.0,4283000.0,18417000.0,18417000.0,18405000.0,,229276000.0,508745000.0,190000.0,49924000.0,201452000.0,229276000.0,279469000.0,5634000.0,251376000.0,28093000.0,-5444000.0,22700000.0,508745000.0,29200000.0,29444000.0,29671000.0
Bio Rad Laboratories Inc,BIO,549300ZC1GPV35XYDK53,12208,2016.0,Q3YTD,2016-01-01,2016-09-30,,1.66,1.66,1.65,2360000.0,21052000.0,48743000.0,48748000.0,48695000.0,,672989000.0,1496719000.0,10224000.0,148321000.0,596704000.0,672989000.0,823730000.0,16846000.0,747385000.0,76345000.0,-6622000.0,69800000.0,1496719000.0,29200000.0,29444000.0,29671000.0
Bio Rad Laboratories Inc,BIO,549300ZC1GPV35XYDK53,12208,2016.0,Q3TTM,2015-10-01,2016-09-30,,3.22,3.22,3.19,2360000.0,29614000.0,94347000.0,94352000.0,94284000.0,,935031000.0,2067235000.0,11025000.0,204208000.0,789849000.0,935031000.0,1132245000.0,22880000.0,996417000.0,135828000.0,-11855000.0,123966000.0,2067235000.0,29200000.0,29444000.0,29671000.0
Bio Rad Laboratories Inc,BIO,549300ZC1GPV35XYDK53,12208,2016.0,Q2,2016-04-01,2016-06-30,2017-08-07 15:28:32+00:00,0.61,0.61,0.61,2360000.0,8850000.0,18050000.0,18050000.0,18014000.0,,236545000.0,516777000.0,9963000.0,49811000.0,205536000.0,236545000.0,280232000.0,5632000.0,257707000.0,22525000.0,4331000.0,26900000.0,516777000.0,29500000.0,29398000.0,29589000.0
Bio Rad Laboratories Inc,BIO,549300ZC1GPV35XYDK53,12208,2016.0,Q2YTD,2016-01-01,2016-06-30,,1.03,1.03,1.03,2360000.0,16769000.0,30326000.0,30331000.0,30290000.0,,443713000.0,987974000.0,10034000.0,98397000.0,395252000.0,443713000.0,544261000.0,11212000.0,496009000.0,48252000.0,-1178000.0,47100000.0,987974000.0,29500000.0,29398000.0,29589000.0
Bio Rad Laboratories Inc,BIO,549300ZC1GPV35XYDK53,12208,2016.0,Q2TTM,2015-07-01,2016-06-30,,3.18,3.18,3.16,2360000.0,33376000.0,93285000.0,93290000.0,93249000.0,,912264000.0,2028451000.0,9369000.0,197620000.0,775842000.0,912264000.0,1116228000.0,23068000.0,975822000.0,140406000.0,-13699000.0,126666000.0,2028451000.0,29500000.0,29398000.0,29589000.0
Bio Rad Laboratories Inc,BIO,549300ZC1GPV35XYDK53,12208,2016.0,Q1,2016-01-01,2016-03-31,2017-05-08 18:17:59+00:00,0.42,0.42,0.42,,7919000.0,12276000.0,12281000.0,12276000.0,,207168000.0,471197000.0,71000.0,48586000.0,189716000.0,207168000.0,264029000.0,5580000.0,238302000.0,25727000.0,-5509000.0,20200000.0,471197000.0,29200000.0,29364000.0,29506000.0
Bio Rad Laboratories Inc,BIO,549300ZC1GPV35XYDK53,12208,2016.0,Q1TTM,2015-04-01,2016-03-31,,3.55,3.55,3.52,,35643000.0,103658000.0,103663000.0,103658000.0,,902224000.0,2017776000.0,3575000.0,194356000.0,763151000.0,902224000.0,1115593000.0,22270000.0,957507000.0,158086000.0,-18695000.0,139306000.0,2017776000.0,29200000.0,29364000.0,29506000.0
Bio Rad Laboratories Inc,BIO,549300ZC1GPV35XYDK53,12208,2017.0,FY,2017-01-01,2017-12-31,2020-03-02 07:53:45+00:00,4.12,4.12,4.07,11506000.0,-24444000.0,122249000.0,122249000.0,122249000.0,,972450000.0,2160153000.0,1569000.0,250157000.0,806790000.0,972450000.0,1187703000.0,23014000.0,1068453000.0,119250000.0,-21445000.0,97805000.0,2160153000.0,29700000.0,29655000.0,30034000.0
Bio Rad Laboratories Inc,BIO,549300ZC1GPV35XYDK53,12208,2017.0,Q4,2017-10-01,2017-12-31,,2.79,2.79,2.76,11506000.0,-36784000.0,82747000.0,82789000.0,82747000.0,,276038000.0,621253000.0,-4225000.0,76041000.0,201730000.0,276038000.0,345257000.0,5781000.0,289277000.0,55980000.0,-10006000.0,46005000.0,621253000.0,29700000.0,29655000.0,30034000.0
Bio Rad Laboratories Inc,BIO,549300ZC1GPV35XYDK53,12208,2017.0,Q3,2017-07-01,2017-09-30,2018-11-02 19:47:07+00:00,0.74,0.74,0.73,,8521000.0,22067000.0,22079000.0,22067000.0,,235133000.0,534100000.0,-2263000.0,62077000.0,198169000.0,235133000.0,299008000.0,5872000.0,260246000.0,38762000.0,-8135000.0,30600000.0,534100000.0,29800000.0,29660000.0,30052000.0
Bio Rad Laboratories Inc,BIO,549300ZC1GPV35XYDK53,12208,2017.0,Q3YTD,2017-01-01,2017-09-30,,1.33,1.33,1.31,,12340000.0,39502000.0,39460000.0,39502000.0,,696412000.0,1538900000.0,5794000.0,174116000.0,605060000.0,696412000.0,842446000.0,17233000.0,779176000.0,63270000.0,-11439000.0,51800000.0,1538900000.0,29800000.0,29660000.0,30052000.0
Bio Rad Laboratories Inc,BIO,549300ZC1GPV35XYDK53,12208,2017.0,Q3TTM,2016-10-01,2017-09-30,,0.55,0.55,0.54,59940000.0,6888000.0,16759000.0,16712000.0,16807000.0,,953167000.0,2110353000.0,4828000.0,231503000.0,823053000.0,953167000.0,1157144000.0,23767000.0,1114496000.0,42643000.0,-18939000.0,23600000.0,2110353000.0,29800000.0,29660000.0,30052000.0
Bio Rad Laboratories Inc,BIO,549300ZC1GPV35XYDK53,12208,2017.0,Q2,2017-04-01,2017-06-30,2018-08-09 13:48:41+00:00,0.17,0.17,0.17,,-3915000.0,5035000.0,5015000.0,5035000.0,,231291000.0,504700000.0,8846000.0,62587000.0,212489000.0,231291000.0,273375000.0,6045000.0,275076000.0,-1701000.0,2801000.0,1100000.0,504700000.0,29600000.0,29613000.0,30006000.0
Bio Rad Laboratories Inc,BIO,549300ZC1GPV35XYDK53,12208,2017.0,Q2YTD,2017-01-01,2017-06-30,,0.59,0.59,0.58,,3819000.0,17435000.0,17381000.0,17435000.0,,461279000.0,1004800000.0,8057000.0,112039000.0,406891000.0,461279000.0,543438000.0,11361000.0,518930000.0,24508000.0,-3304000.0,21200000.0,1004800000.0,29600000.0,29613000.0,30006000.0
Bio Rad Laboratories Inc,BIO,549300ZC1GPV35XYDK53,12208,2017.0,Q2TTM,2016-07-01,2017-06-30,,0.44,0.44,0.43,59940000.0,2650000.0,13109000.0,13050000.0,13145000.0,,947310000.0,2084998000.0,7281000.0,219350000.0,826336000.0,947310000.0,1137605000.0,23529000.0,1105626000.0,31974000.0,-16248000.0,15700000.0,2084998000.0,29600000.0,29613000.0,30006000.0
Bio Rad Laboratories Inc,BIO,549300ZC1GPV35XYDK53,12208,2017.0,Q1,2017-01-01,2017-03-31,2018-05-10 17:00:09+00:00,0.42,0.42,0.41,,7734000.0,12400000.0,12366000.0,12400000.0,,229988000.0,500100000.0,-789000.0,49452000.0,194402000.0,229988000.0,270063000.0,5316000.0,243854000.0,26209000.0,-6105000.0,20100000.0,500100000.0,29500000.0,29580000.0,29911000.0
Bio Rad Laboratories Inc,BIO,549300ZC1GPV35XYDK53,12208,2017.0,Q1TTM,2016-04-01,2017-03-31,,0.88,0.88,0.87,62300000.0,15415000.0,26124000.0,26085000.0,26124000.0,,952564000.0,2097075000.0,8398000.0,206574000.0,819383000.0,952564000.0,1144462000.0,23116000.0,1088257000.0,56200000.0,-14718000.0,41500000.0,2097075000.0,29500000.0,29580000.0,29911000.0
Bio Rad Laboratories Inc,BIO,549300ZC1GPV35XYDK53,12208,2018.0,FY,2018-01-01,2018-12-31,2020-03-02 07:53:45+00:00,12.25,12.25,12.1,292513000.0,147045000.0,365614000.0,365614000.0,365614000.0,,1066264000.0,2289415000.0,639962000.0,199196000.0,834783000.0,1066264000.0,1223151000.0,23962000.0,1326492000.0,-103341000.0,616000000.0,512659000.0,2289415000.0,29800000.0,29836000.0,30228000.0
Bio Rad Laboratories Inc,BIO,549300ZC1GPV35XYDK53,12208,2018.0,Q4,2018-10-01,2018-12-31,,-27.81,-27.81,-27.43,292513000.0,-212718000.0,-828529000.0,-828529000.0,-828529000.0,,284282000.0,616847000.0,-808054000.0,53074000.0,214032000.0,284282000.0,332565000.0,6139000.0,559619000.0,-227054000.0,-814193000.0,-1041247000.0,616847000.0,29800000.0,29836000.0,30228000.0
Bio Rad Laboratories Inc,BIO,549300ZC1GPV35XYDK53,12208,2018.0,Q3,2018-07-01,2018-09-30,2019-11-01 17:01:23+00:00,9.02,9.02,8.89,,80805000.0,269326000.0,269326000.0,269326000.0,,258422000.0,545138000.0,319920000.0,49245000.0,201196000.0,258422000.0,286716000.0,6064000.0,250441000.0,36275000.0,313856000.0,350131000.0,545138000.0,29900000.0,29863000.0,30292000.0
Bio Rad Laboratories Inc,BIO,549300ZC1GPV35XYDK53,12208,2018.0,Q3YTD,2018-01-01,2018-09-30,,40.06,40.06,39.53,,359763000.0,1194143000.0,1194143000.0,1194143000.0,,781982000.0,1672568000.0,1448016000.0,146122000.0,620751000.0,781982000.0,890586000.0,17823000.0,766873000.0,123713000.0,1430193000.0,1553906000.0,1672568000.0,29900000.0,29863000.0,30292000.0
Bio Rad Laboratories Inc,BIO,549300ZC1GPV35XYDK53,12208,2018.0,Q3TTM,2017-10-01,2018-09-30,,42.85,42.85,42.29,11506000.0,322979000.0,1276890000.0,1276932000.0,1276890000.0,,1058020000.0,2293821000.0,1443791000.0,222163000.0,822481000.0,1058020000.0,1235843000.0,23604000.0,1056150000.0,179693000.0,1420187000.0,1599911000.0,2293821000.0,29900000.0,29863000.0,30292000.0
Bio Rad Laboratories Inc,BIO,549300ZC1GPV35XYDK53,12208,2018.0,Q2,2018-04-01,2018-06-30,2019-08-06 14:03:10+00:00,8.99,8.99,8.87,,72043000.0,268043000.0,268043000.0,268043000.0,,274244000.0,575911000.0,302271000.0,47450000.0,210425000.0,274244000.0,301667000.0,5977000.0,257875000.0,43792000.0,296294000.0,340086000.0,575911000.0,29800000.0,29814000.0,30219000.0
Bio Rad Laboratories Inc,BIO,549300ZC1GPV35XYDK53,12208,2018.0,Q2YTD,2018-01-01,2018-06-30,,31.04,31.04,30.64,,278958000.0,924817000.0,924817000.0,924817000.0,,523560000.0,1127430000.0,1128096000.0,96877000.0,419555000.0,523560000.0,603870000.0,11759000.0,516432000.0,87438000.0,1116337000.0,1203775000.0,1127430000.0,29800000.0,29814000.0,30219000.0
Bio Rad Laboratories Inc,BIO,549300ZC1GPV35XYDK53,12208,2018.0,Q2TTM,2017-07-01,2018-06-30,,34.57,34.57,34.13,11506000.0,250695000.0,1029631000.0,1029685000.0,1029631000.0,,1034731000.0,2282783000.0,1121608000.0,234995000.0,819454000.0,1034731000.0,1248135000.0,23412000.0,1065955000.0,182180000.0,1098196000.0,1280380000.0,2282783000.0,29800000.0,29814000.0,30219000.0
Bio Rad Laboratories Inc,BIO,549300ZC1GPV35XYDK53,12208,2018.0,Q1,2018-01-01,2018-03-31,2019-05-10 16:08:23+00:00,22.05,22.05,21.77,,206915000.0,656774000.0,656774000.0,656774000.0,,249316000.0,551519000.0,825825000.0,49427000.0,209130000.0,249316000.0,302203000.0,5782000.0,258557000.0,43646000.0,820043000.0,863689000.0,551519000.0,29800000.0,29787000.0,30171000.0
Bio Rad Laboratories Inc,BIO,549300ZC1GPV35XYDK53,12208,2018.0,Q1TTM,2017-04-01,2018-03-31,,25.75,25.75,25.43,11506000.0,174737000.0,766623000.0,766657000.0,766623000.0,,991778000.0,2211572000.0,828183000.0,250132000.0,821518000.0,991778000.0,1219843000.0,23480000.0,1083156000.0,136687000.0,804703000.0,941394000.0,2211572000.0,29800000.0,29787000.0,30171000.0
Bio Rad Laboratories Inc,BIO,549300ZC1GPV35XYDK53,12208,2019.0,Q4,2019-10-01,2019-12-31,,18.5,18.5,18.35,,145944000.0,553486000.0,553486000.0,553486000.0,,293989000.0,624407000.0,646289000.0,57069000.0,214165000.0,293989000.0,330439000.0,6064000.0,271234000.0,59205000.0,640225000.0,699430000.0,624407000.0,29800000.0,29843000.0,30184000.0
Bio Rad Laboratories Inc,BIO,549300ZC1GPV35XYDK53,12208,2019.0,FY,2019-01-01,2019-12-31,2020-03-02 07:53:45+00:00,58.93,58.93,58.27,0.0,502406000.0,1758675000.0,1758675000.0,1758675000.0,,1054663000.0,2311659000.0,2054836000.0,202710000.0,824625000.0,1054663000.0,1256996000.0,23416000.0,1027335000.0,229661000.0,2031420000.0,2261081000.0,2311659000.0,29800000.0,29843000.0,30184000.0
Bio Rad Laboratories Inc,BIO,549300ZC1GPV35XYDK53,12208,2019.0,Q3,2019-07-01,2019-09-30,2019-11-01 17:01:23+00:00,-8.68,-8.68,-8.68,,-76400000.0,-258816000.0,-258816000.0,-258816000.0,,253607000.0,560633000.0,-387151000.0,47944000.0,201622000.0,253607000.0,307026000.0,5525000.0,249566000.0,57460000.0,-392676000.0,-335216000.0,560633000.0,29800000.0,29831000.0,29831000.0
Bio Rad Laboratories Inc,BIO,549300ZC1GPV35XYDK53,12208,2019.0,Q3YTD,2019-01-01,2019-09-30,,40.43,40.43,39.92,,356462000.0,1205189000.0,1205189000.0,1205189000.0,,760674000.0,1687252000.0,1408547000.0,145641000.0,610460000.0,760674000.0,926557000.0,17352000.0,756101000.0,170456000.0,1391195000.0,1561651000.0,1687252000.0,29800000.0,29831000.0,29831000.0
Bio Rad Laboratories Inc,BIO,549300ZC1GPV35XYDK53,12208,2019.0,Q3TTM,2018-10-01,2019-09-30,,12.62,12.62,12.49,292513000.0,143744000.0,376660000.0,376660000.0,376660000.0,,1044956000.0,2304099000.0,600493000.0,198715000.0,824492000.0,1044956000.0,1259122000.0,23491000.0,1315720000.0,-56598000.0,577002000.0,520404000.0,2304099000.0,29800000.0,29831000.0,29831000.0
Bio Rad Laboratories Inc,BIO,549300ZC1GPV35XYDK53,12208,2019.0,Q2,2019-04-01,2019-06-30,2019-08-06 14:03:10+00:00,20.08,20.08,19.86,,170791000.0,598810000.0,598810000.0,598810000.0,,264850000.0,572619000.0,719052000.0,50122000.0,201257000.0,264850000.0,307769000.0,5841000.0,251379000.0,56390000.0,713211000.0,769601000.0,572619000.0,29800000.0,29814000.0,30154000.0
Bio Rad Laboratories Inc,BIO,549300ZC1GPV35XYDK53,12208,2019.0,Q2YTD,2019-01-01,2019-06-30,,49.11,49.11,48.6,,432862000.0,1464005000.0,1464005000.0,1464005000.0,,507067000.0,1126619000.0,1795698000.0,97697000.0,408838000.0,507067000.0,619531000.0,11827000.0,506535000.0,112996000.0,1783871000.0,1896867000.0,1126619000.0,29800000.0,29814000.0,30154000.0
Bio Rad Laboratories Inc,BIO,549300ZC1GPV35XYDK53,12208,2019.0,Q2TTM,2018-07-01,2019-06-30,,30.32,30.32,30.06,292513000.0,300949000.0,904802000.0,904802000.0,904802000.0,,1049771000.0,2288604000.0,1307564000.0,200016000.0,824066000.0,1049771000.0,1238812000.0,24030000.0,1316595000.0,-77783000.0,1283534000.0,1205751000.0,2288604000.0,29800000.0,29814000.0,30154000.0
Bio Rad Laboratories Inc,BIO,549300ZC1GPV35XYDK53,12208,2019.0,Q1,2019-01-01,2019-03-31,2020-05-07 21:55:32+00:00,29.03,29.03,28.74,,262071000.0,865195000.0,865195000.0,865195000.0,,242217000.0,554000000.0,1076646000.0,47575000.0,207581000.0,242217000.0,311762000.0,5986000.0,255156000.0,56606000.0,1070660000.0,1127266000.0,554000000.0,29800000.0,29801000.0,30104000.0
Bio Rad Laboratories Inc,BIO,549300ZC1GPV35XYDK53,12208,2019.0,Q1TTM,2018-04-01,2019-03-31,,19.23,19.23,19.07,292513000.0,202201000.0,574035000.0,574035000.0,574035000.0,,1059165000.0,2291896000.0,890783000.0,197344000.0,833234000.0,1059165000.0,1232710000.0,24166000.0,1323091000.0,-90381000.0,866617000.0,776236000.0,2291896000.0,29800000.0,29801000.0,30104000.0
Bio Rad Laboratories Inc,BIO,549300ZC1GPV35XYDK53,12208,2020.0,Q1TTM,2019-04-01,2020-03-31,,52.87,52.87,52.25,,453122000.0,1579392000.0,1579392000.0,1579392000.0,,1066722000.0,2329259000.0,1808206000.0,204438000.0,810736000.0,1066722000.0,1262602000.0,23120000.0,1015174000.0,247428000.0,1785086000.0,2032514000.0,2329259000.0,29900000.0,29865000.0,30196000.0
Bio Rad Laboratories Inc,BIO,549300ZC1GPV35XYDK53,12208,2020.0,Q1,2020-01-01,2020-03-31,2020-05-07 21:55:32+00:00,22.97,22.97,22.72,,212787000.0,685912000.0,685912000.0,685912000.0,,254276000.0,571600000.0,830016000.0,49303000.0,193692000.0,254276000.0,317368000.0,5690000.0,242995000.0,74373000.0,824326000.0,898699000.0,571600000.0,29900000.0,29865000.0,30196000.0
