company_name,company_ticker,company_lei,company_cik,year,quarter,start_date,end_date,filing_date,basicdilutedeps,basiceps,cashdividendspershare,dilutedeps,impairmentexpense,incometaxexpense,netincome,netincomecontinuing,netincomediscontinued,netincometocommon,operatingcostofrevenue,operatingrevenue,otherincome,otheroperatingexpenses,restructuringcharge,sgaexpense,totalcostofrevenue,totalgrossprofit,totalinterestexpense,totaloperatingexpenses,totaloperatingincome,totalotherincome,totalpretaxincome,totalrevenue,weightedavebasicdilutedsharesos,weightedavebasicsharesos,weightedavedilutedsharesos
Lockheed Martin Corp,LMT,DPRBOZP0K5RM2YE8UU08,936468,2007.0,FY,2007-01-01,2007-12-31,2010-02-25 15:13:34+00:00,7.29,7.29,,7.1,,1335000000.0,3033000000.0,3033000000.0,,3033000000.0,37353000000.0,41862000000.0,193000000.0,-293000000.0,,275000000.0,37353000000.0,4509000000.0,352000000.0,-18000000.0,4527000000.0,-159000000.0,4368000000.0,41862000000.0,416000000.0,416000000.0,427200000.0
Lockheed Martin Corp,LMT,DPRBOZP0K5RM2YE8UU08,936468,2008.0,FY,2008-01-01,2008-12-31,2011-02-24 18:26:38+00:00,8.05,8.05,1.83,7.86,,1459000000.0,3217000000.0,3167000000.0,50000000.0,3217000000.0,36798000000.0,41372000000.0,-91000000.0,-475000000.0,,,36798000000.0,4574000000.0,332000000.0,-475000000.0,5049000000.0,-423000000.0,4626000000.0,41372000000.0,399700000.0,399700000.0,399700000.0
Lockheed Martin Corp,LMT,DPRBOZP0K5RM2YE8UU08,936468,2008.0,Q3,2008-06-30,2008-09-28,2009-10-22 17:51:13+00:00,1.97,1.97,0.42,1.92,,362000000.0,782000000.0,782000000.0,,782000000.0,9400000000.0,10577000000.0,-13000000.0,-120000000.0,,55000000.0,9400000000.0,1177000000.0,85000000.0,-65000000.0,1242000000.0,-98000000.0,1144000000.0,10577000000.0,397000000.0,397000000.0,407300000.0
Lockheed Martin Corp,LMT,DPRBOZP0K5RM2YE8UU08,936468,2008.0,Q2,2008-03-31,2008-06-29,2009-07-22 17:09:08+00:00,2.21,2.21,0.42,2.15,,423000000.0,882000000.0,882000000.0,,882000000.0,9804000000.0,11039000000.0,34000000.0,-172000000.0,,44000000.0,9804000000.0,1235000000.0,92000000.0,-128000000.0,1363000000.0,-58000000.0,1305000000.0,11039000000.0,399100000.0,399100000.0,410200000.0
Lockheed Martin Corp,LMT,DPRBOZP0K5RM2YE8UU08,936468,2009.0,Q4,2009-09-28,2009-12-31,,2.05,2.05,0.63,2.01,,308000000.0,776000000.0,770000000.0,6000000.0,776000000.0,10570000000.0,11202000000.0,25000000.0,-8000000.0,,-502000000.0,10570000000.0,632000000.0,89000000.0,-510000000.0,1142000000.0,-64000000.0,1078000000.0,11202000000.0,384800000.0,384800000.0,384800000.0
Lockheed Martin Corp,LMT,DPRBOZP0K5RM2YE8UU08,936468,2009.0,FY,2009-01-01,2009-12-31,2012-02-23 14:21:16+00:00,7.73,7.73,2.34,7.64,,1215000000.0,2973000000.0,2967000000.0,6000000.0,2973000000.0,39720000000.0,43867000000.0,123000000.0,-220000000.0,,,39720000000.0,4147000000.0,308000000.0,-220000000.0,4367000000.0,-185000000.0,4182000000.0,43867000000.0,384800000.0,384800000.0,384800000.0
Lockheed Martin Corp,LMT,DPRBOZP0K5RM2YE8UU08,936468,2009.0,Q3,2009-06-29,2009-09-27,2009-10-22 17:51:13+00:00,2.09,2.09,0.57,2.07,,275000000.0,797000000.0,797000000.0,,797000000.0,9884000000.0,11056000000.0,54000000.0,-89000000.0,,176000000.0,9884000000.0,1172000000.0,67000000.0,87000000.0,1085000000.0,-13000000.0,1072000000.0,11056000000.0,381300000.0,381300000.0,385000000.0
Lockheed Martin Corp,LMT,DPRBOZP0K5RM2YE8UU08,936468,2009.0,Q3YTD,2009-01-01,2009-09-27,,5.68,5.68,1.71,5.63,,907000000.0,2197000000.0,2197000000.0,,2197000000.0,29150000000.0,32665000000.0,98000000.0,-212000000.0,,502000000.0,29150000000.0,3515000000.0,219000000.0,290000000.0,3225000000.0,-121000000.0,3104000000.0,32665000000.0,381300000.0,381300000.0,385000000.0
Lockheed Martin Corp,LMT,DPRBOZP0K5RM2YE8UU08,936468,2009.0,Q2,2009-03-30,2009-06-28,2009-07-22 17:09:08+00:00,1.9,1.9,0.57,1.88,,320000000.0,734000000.0,734000000.0,,734000000.0,10047000000.0,11236000000.0,47000000.0,-71000000.0,,177000000.0,10047000000.0,1189000000.0,76000000.0,106000000.0,1083000000.0,-29000000.0,1054000000.0,11236000000.0,386300000.0,386300000.0,390400000.0
Lockheed Martin Corp,LMT,DPRBOZP0K5RM2YE8UU08,936468,2009.0,Q2YTD,2009-01-01,2009-06-28,,3.59,3.59,1.14,3.56,,632000000.0,1400000000.0,1400000000.0,,1400000000.0,19266000000.0,21609000000.0,44000000.0,-123000000.0,,326000000.0,19266000000.0,2343000000.0,152000000.0,203000000.0,2140000000.0,-108000000.0,2032000000.0,21609000000.0,386300000.0,386300000.0,390400000.0
Lockheed Martin Corp,LMT,DPRBOZP0K5RM2YE8UU08,936468,2009.0,Q1,2009-01-01,2009-03-29,2010-04-21 15:53:43+00:00,1.69,1.69,0.57,1.68,,312000000.0,666000000.0,666000000.0,,666000000.0,9219000000.0,10373000000.0,-3000000.0,-52000000.0,,149000000.0,9219000000.0,1154000000.0,76000000.0,97000000.0,1057000000.0,-79000000.0,978000000.0,10373000000.0,394100000.0,394100000.0,396400000.0
Lockheed Martin Corp,LMT,DPRBOZP0K5RM2YE8UU08,936468,2010.0,Q4,2010-09-27,2010-12-31,,2.6,2.6,0.75,2.57,,210000000.0,935000000.0,775000000.0,160000000.0,935000000.0,11477000000.0,12217000000.0,-28000000.0,-49000000.0,220000000.0,-530000000.0,11477000000.0,740000000.0,86000000.0,-359000000.0,1099000000.0,-114000000.0,985000000.0,12217000000.0,364200000.0,364200000.0,364200000.0
Lockheed Martin Corp,LMT,DPRBOZP0K5RM2YE8UU08,936468,2010.0,FY,2010-01-01,2010-12-31,2013-02-28 11:47:11+00:00,7.9,7.9,2.64,7.81,,1164000000.0,2878000000.0,2614000000.0,264000000.0,2878000000.0,41607000000.0,45671000000.0,18000000.0,-261000000.0,220000000.0,,41607000000.0,4064000000.0,345000000.0,-41000000.0,4105000000.0,-327000000.0,3778000000.0,45671000000.0,364200000.0,364200000.0,364200000.0
Lockheed Martin Corp,LMT,DPRBOZP0K5RM2YE8UU08,936468,2010.0,Q3,2010-06-28,2010-09-26,2010-10-21 16:14:46+00:00,1.59,1.59,0.63,1.57,,276000000.0,571000000.0,565000000.0,6000000.0,571000000.0,10374000000.0,11375000000.0,37000000.0,-91000000.0,,203000000.0,10374000000.0,1001000000.0,85000000.0,112000000.0,889000000.0,-48000000.0,841000000.0,11375000000.0,359100000.0,359100000.0,363700000.0
Lockheed Martin Corp,LMT,DPRBOZP0K5RM2YE8UU08,936468,2010.0,Q3YTD,2010-01-01,2010-09-26,,5.3,5.3,1.89,5.24,,954000000.0,1943000000.0,1839000000.0,104000000.0,1943000000.0,30130000000.0,33454000000.0,46000000.0,-212000000.0,,530000000.0,30130000000.0,3324000000.0,259000000.0,318000000.0,3006000000.0,-213000000.0,2793000000.0,33454000000.0,359100000.0,359100000.0,363700000.0
Lockheed Martin Corp,LMT,DPRBOZP0K5RM2YE8UU08,936468,2010.0,Q3TTM,2009-09-28,2010-09-26,,7.35,7.35,2.52,7.25,,1262000000.0,2719000000.0,2609000000.0,110000000.0,2719000000.0,40700000000.0,44656000000.0,71000000.0,-220000000.0,,28000000.0,40700000000.0,3956000000.0,348000000.0,-192000000.0,4148000000.0,-277000000.0,3871000000.0,44656000000.0,359100000.0,359100000.0,363700000.0
Lockheed Martin Corp,LMT,DPRBOZP0K5RM2YE8UU08,936468,2010.0,Q2,2010-03-29,2010-06-27,2010-07-29 15:33:06+00:00,2.25,2.25,0.63,2.22,,303000000.0,825000000.0,727000000.0,98000000.0,825000000.0,10233000000.0,11442000000.0,-19000000.0,-75000000.0,,149000000.0,10233000000.0,1209000000.0,86000000.0,74000000.0,1135000000.0,-105000000.0,1030000000.0,11442000000.0,366700000.0,366700000.0,371600000.0
Lockheed Martin Corp,LMT,DPRBOZP0K5RM2YE8UU08,936468,2010.0,Q2YTD,2010-01-01,2010-06-27,,3.71,3.71,1.26,3.67,,678000000.0,1372000000.0,1274000000.0,98000000.0,1372000000.0,19756000000.0,22079000000.0,9000000.0,-121000000.0,,327000000.0,19756000000.0,2323000000.0,174000000.0,206000000.0,2117000000.0,-165000000.0,1952000000.0,22079000000.0,366700000.0,366700000.0,371600000.0
Lockheed Martin Corp,LMT,DPRBOZP0K5RM2YE8UU08,936468,2010.0,Q2TTM,2009-06-29,2010-06-27,,7.85,7.85,2.46,7.75,,1261000000.0,2945000000.0,2841000000.0,104000000.0,2945000000.0,40210000000.0,44337000000.0,88000000.0,-218000000.0,,1000000.0,40210000000.0,4127000000.0,330000000.0,-217000000.0,4344000000.0,-242000000.0,4102000000.0,44337000000.0,366700000.0,366700000.0,371600000.0
Lockheed Martin Corp,LMT,DPRBOZP0K5RM2YE8UU08,936468,2010.0,Q1,2010-01-01,2010-03-28,2010-04-21 15:53:43+00:00,1.46,1.46,0.63,1.45,,375000000.0,547000000.0,547000000.0,,547000000.0,9523000000.0,10637000000.0,28000000.0,-46000000.0,,178000000.0,9523000000.0,1114000000.0,88000000.0,132000000.0,982000000.0,-60000000.0,922000000.0,10637000000.0,374700000.0,374700000.0,377200000.0
Lockheed Martin Corp,LMT,DPRBOZP0K5RM2YE8UU08,936468,2010.0,Q1TTM,2009-03-30,2010-03-28,,7.5,7.5,2.4,7.41,,1278000000.0,2854000000.0,2848000000.0,6000000.0,2854000000.0,40024000000.0,44131000000.0,154000000.0,-214000000.0,,29000000.0,40024000000.0,4107000000.0,320000000.0,-185000000.0,4292000000.0,-166000000.0,4126000000.0,44131000000.0,374700000.0,374700000.0,377200000.0
Lockheed Martin Corp,LMT,DPRBOZP0K5RM2YE8UU08,936468,2011.0,Q4,2011-09-26,2011-12-31,,2.1,2.1,1.0,2.07,,275000000.0,683000000.0,712000000.0,-29000000.0,683000000.0,11845000000.0,12196000000.0,-60000000.0,-94000000.0,136000000.0,-834000000.0,11845000000.0,351000000.0,96000000.0,-792000000.0,1143000000.0,-156000000.0,987000000.0,12196000000.0,335900000.0,335900000.0,335900000.0
Lockheed Martin Corp,LMT,DPRBOZP0K5RM2YE8UU08,936468,2011.0,FY,2011-01-01,2011-12-31,2014-02-14 16:51:11+00:00,7.9,7.9,3.25,7.81,,964000000.0,2655000000.0,2667000000.0,-12000000.0,2655000000.0,42619000000.0,46499000000.0,-35000000.0,-276000000.0,136000000.0,,42619000000.0,3880000000.0,354000000.0,-140000000.0,4020000000.0,-389000000.0,3631000000.0,46499000000.0,335900000.0,335900000.0,335900000.0
Lockheed Martin Corp,LMT,DPRBOZP0K5RM2YE8UU08,936468,2011.0,Q3,2011-06-27,2011-09-25,2012-10-25 17:02:00+00:00,2.12,2.12,0.75,2.1,,284000000.0,700000000.0,665000000.0,35000000.0,700000000.0,10844000000.0,12119000000.0,-3000000.0,-45000000.0,,279000000.0,10844000000.0,1275000000.0,89000000.0,234000000.0,1041000000.0,-92000000.0,949000000.0,12119000000.0,330200000.0,330200000.0,333300000.0
Lockheed Martin Corp,LMT,DPRBOZP0K5RM2YE8UU08,936468,2011.0,Q3YTD,2011-01-01,2011-09-25,,5.8,5.8,2.25,5.74,,689000000.0,1972000000.0,1955000000.0,17000000.0,1972000000.0,30774000000.0,34303000000.0,25000000.0,-182000000.0,,834000000.0,30774000000.0,3529000000.0,258000000.0,652000000.0,2877000000.0,-233000000.0,2644000000.0,34303000000.0,330200000.0,330200000.0,333300000.0
Lockheed Martin Corp,LMT,DPRBOZP0K5RM2YE8UU08,936468,2011.0,Q3TTM,2010-09-27,2011-09-25,,8.4,8.4,3.0,8.31,,899000000.0,2907000000.0,2730000000.0,177000000.0,2907000000.0,42251000000.0,46520000000.0,-3000000.0,-231000000.0,220000000.0,304000000.0,42251000000.0,4269000000.0,344000000.0,293000000.0,3976000000.0,-347000000.0,3629000000.0,46520000000.0,330200000.0,330200000.0,333300000.0
Lockheed Martin Corp,LMT,DPRBOZP0K5RM2YE8UU08,936468,2011.0,Q2,2011-03-28,2011-06-26,2011-07-27 16:57:52+00:00,2.16,2.16,0.75,2.14,,167000000.0,742000000.0,742000000.0,0.0,742000000.0,10398000000.0,11551000000.0,9000000.0,-87000000.0,,256000000.0,10398000000.0,1153000000.0,84000000.0,169000000.0,984000000.0,-75000000.0,909000000.0,11551000000.0,343500000.0,343500000.0,346700000.0
Lockheed Martin Corp,LMT,DPRBOZP0K5RM2YE8UU08,936468,2011.0,Q2YTD,2011-01-01,2011-06-26,,3.68,3.68,1.5,3.64,,405000000.0,1272000000.0,1290000000.0,-18000000.0,1272000000.0,19930000000.0,22184000000.0,28000000.0,-137000000.0,,555000000.0,19930000000.0,2254000000.0,169000000.0,418000000.0,1836000000.0,-141000000.0,1695000000.0,22184000000.0,343500000.0,343500000.0,346700000.0
Lockheed Martin Corp,LMT,DPRBOZP0K5RM2YE8UU08,936468,2011.0,Q2TTM,2010-06-28,2011-06-26,,7.87,7.87,2.88,7.78,,891000000.0,2778000000.0,2630000000.0,148000000.0,2778000000.0,41781000000.0,45776000000.0,37000000.0,-277000000.0,220000000.0,228000000.0,41781000000.0,3995000000.0,340000000.0,171000000.0,3824000000.0,-303000000.0,3521000000.0,45776000000.0,343500000.0,343500000.0,346700000.0
Lockheed Martin Corp,LMT,DPRBOZP0K5RM2YE8UU08,936468,2011.0,Q1,2011-01-01,2011-03-27,2011-04-27 17:18:56+00:00,1.52,1.52,0.75,1.5,,238000000.0,530000000.0,548000000.0,-18000000.0,530000000.0,9532000000.0,10633000000.0,19000000.0,-50000000.0,,299000000.0,9532000000.0,1101000000.0,85000000.0,249000000.0,852000000.0,-66000000.0,786000000.0,10633000000.0,348700000.0,348700000.0,353300000.0
Lockheed Martin Corp,LMT,DPRBOZP0K5RM2YE8UU08,936468,2011.0,Q1TTM,2010-03-29,2011-03-27,,7.96,7.96,2.76,7.86,,1027000000.0,2861000000.0,2615000000.0,246000000.0,2861000000.0,41616000000.0,45667000000.0,9000000.0,-265000000.0,220000000.0,121000000.0,41616000000.0,4051000000.0,342000000.0,76000000.0,3975000000.0,-333000000.0,3642000000.0,45667000000.0,348700000.0,348700000.0,353300000.0
Lockheed Martin Corp,LMT,DPRBOZP0K5RM2YE8UU08,936468,2012.0,Q4,2012-10-01,2012-12-31,,1.76,1.76,1.15,1.74,,389000000.0,569000000.0,569000000.0,,569000000.0,11933000000.0,12099000000.0,-48000000.0,-66000000.0,,-868000000.0,11933000000.0,166000000.0,94000000.0,-934000000.0,1100000000.0,-142000000.0,958000000.0,12099000000.0,323700000.0,323700000.0,323700000.0
Lockheed Martin Corp,LMT,DPRBOZP0K5RM2YE8UU08,936468,2012.0,FY,2012-01-01,2012-12-31,2015-02-09 12:39:42+00:00,8.48,8.48,4.15,8.36,,1327000000.0,2745000000.0,2745000000.0,,2745000000.0,42986000000.0,47182000000.0,21000000.0,-238000000.0,,,42986000000.0,4196000000.0,383000000.0,-238000000.0,4434000000.0,-362000000.0,4072000000.0,47182000000.0,323700000.0,323700000.0,323700000.0
Lockheed Martin Corp,LMT,DPRBOZP0K5RM2YE8UU08,936468,2012.0,Q3,2012-06-25,2012-09-30,2012-10-25 17:02:00+00:00,2.25,2.25,1.0,2.21,,319000000.0,727000000.0,727000000.0,0.0,727000000.0,10590000000.0,11869000000.0,45000000.0,-117000000.0,,298000000.0,10590000000.0,1279000000.0,97000000.0,181000000.0,1098000000.0,-52000000.0,1046000000.0,11869000000.0,323100000.0,323100000.0,329000000.0
Lockheed Martin Corp,LMT,DPRBOZP0K5RM2YE8UU08,936468,2012.0,Q3YTD,2012-01-01,2012-09-30,,6.72,6.72,3.0,6.62,,938000000.0,2176000000.0,2176000000.0,,2176000000.0,31053000000.0,35083000000.0,69000000.0,-172000000.0,,868000000.0,31053000000.0,4030000000.0,289000000.0,696000000.0,3334000000.0,-220000000.0,3114000000.0,35083000000.0,323100000.0,323100000.0,329000000.0
Lockheed Martin Corp,LMT,DPRBOZP0K5RM2YE8UU08,936468,2012.0,Q3TTM,2011-09-26,2012-09-30,,8.82,8.82,4.0,8.69,,1213000000.0,2859000000.0,2888000000.0,-29000000.0,2859000000.0,42898000000.0,47279000000.0,9000000.0,-266000000.0,136000000.0,34000000.0,42898000000.0,4381000000.0,385000000.0,-96000000.0,4477000000.0,-376000000.0,4101000000.0,47279000000.0,323100000.0,323100000.0,329000000.0
Lockheed Martin Corp,LMT,DPRBOZP0K5RM2YE8UU08,936468,2012.0,Q2,2012-03-26,2012-06-24,2013-07-24 16:57:01+00:00,2.41,2.41,1.0,2.38,,336000000.0,781000000.0,781000000.0,,781000000.0,10466000000.0,11921000000.0,21000000.0,-20000000.0,,283000000.0,10466000000.0,1455000000.0,96000000.0,263000000.0,1192000000.0,-75000000.0,1117000000.0,11921000000.0,324100000.0,324100000.0,328200000.0
Lockheed Martin Corp,LMT,DPRBOZP0K5RM2YE8UU08,936468,2012.0,Q2YTD,2012-01-01,2012-06-24,,4.47,4.47,2.0,4.41,,619000000.0,1449000000.0,1449000000.0,,1449000000.0,20463000000.0,23214000000.0,24000000.0,-55000000.0,,570000000.0,20463000000.0,2751000000.0,192000000.0,515000000.0,2236000000.0,-168000000.0,2068000000.0,23214000000.0,324100000.0,324100000.0,328200000.0
Lockheed Martin Corp,LMT,DPRBOZP0K5RM2YE8UU08,936468,2012.0,Q2TTM,2011-06-27,2012-06-24,,8.69,8.69,3.75,8.58,,1178000000.0,2832000000.0,2826000000.0,6000000.0,2832000000.0,43152000000.0,47529000000.0,-39000000.0,-194000000.0,136000000.0,15000000.0,43152000000.0,4377000000.0,377000000.0,-43000000.0,4420000000.0,-416000000.0,4004000000.0,47529000000.0,324100000.0,324100000.0,328200000.0
Lockheed Martin Corp,LMT,DPRBOZP0K5RM2YE8UU08,936468,2012.0,Q1,2012-01-01,2012-03-25,2013-04-24 18:27:54+00:00,2.06,2.06,1.0,2.03,,283000000.0,668000000.0,668000000.0,,668000000.0,9997000000.0,11293000000.0,3000000.0,-35000000.0,,287000000.0,9997000000.0,1296000000.0,96000000.0,252000000.0,1044000000.0,-93000000.0,951000000.0,11293000000.0,324300000.0,324300000.0,329100000.0
Lockheed Martin Corp,LMT,DPRBOZP0K5RM2YE8UU08,936468,2012.0,Q1TTM,2011-03-28,2012-03-25,,8.44,8.44,3.5,8.34,,1009000000.0,2793000000.0,2787000000.0,6000000.0,2793000000.0,43084000000.0,47159000000.0,-51000000.0,-261000000.0,136000000.0,-12000000.0,43084000000.0,4075000000.0,365000000.0,-137000000.0,4212000000.0,-416000000.0,3796000000.0,47159000000.0,324300000.0,324300000.0,329100000.0
Lockheed Martin Corp,LMT,DPRBOZP0K5RM2YE8UU08,936468,2013.0,FY,2013-01-01,2013-12-31,2014-02-14 16:51:11+00:00,9.29,9.29,4.78,9.13,195000000.0,1205000000.0,2981000000.0,2950000000.0,31000000.0,2981000000.0,40135000000.0,45358000000.0,,-318000000.0,,841000000.0,40135000000.0,5223000000.0,350000000.0,718000000.0,4505000000.0,-350000000.0,4155000000.0,45358000000.0,320900000.0,320900000.0,320900000.0
Lockheed Martin Corp,LMT,DPRBOZP0K5RM2YE8UU08,936468,2013.0,Q4,2013-09-30,2013-12-31,,1.52,1.52,1.33,1.5,195000000.0,258000000.0,488000000.0,488000000.0,,488000000.0,9953000000.0,11533000000.0,-2000000.0,-96000000.0,,647000000.0,9953000000.0,1580000000.0,86000000.0,746000000.0,834000000.0,-88000000.0,746000000.0,11533000000.0,320900000.0,320900000.0,320900000.0
Lockheed Martin Corp,LMT,DPRBOZP0K5RM2YE8UU08,936468,2013.0,Q3YTD,2013-01-01,2013-09-29,,7.77,7.77,3.45,7.63,,947000000.0,2493000000.0,2462000000.0,31000000.0,2493000000.0,30182000000.0,33825000000.0,2000000.0,-222000000.0,,194000000.0,30182000000.0,3643000000.0,264000000.0,-28000000.0,3671000000.0,-262000000.0,3409000000.0,33825000000.0,321300000.0,321300000.0,321300000.0
Lockheed Martin Corp,LMT,DPRBOZP0K5RM2YE8UU08,936468,2013.0,Q3TTM,2012-10-01,2013-09-29,,9.53,9.53,4.6,9.37,,1336000000.0,3062000000.0,3031000000.0,31000000.0,3062000000.0,42115000000.0,45924000000.0,-46000000.0,-288000000.0,,-674000000.0,42115000000.0,3809000000.0,358000000.0,-962000000.0,4771000000.0,-404000000.0,4367000000.0,45924000000.0,321300000.0,321300000.0,321300000.0
Lockheed Martin Corp,LMT,DPRBOZP0K5RM2YE8UU08,936468,2013.0,Q3,2013-07-01,2013-09-29,2014-10-23 17:59:30+00:00,2.72,2.72,1.15,2.66,,331000000.0,873000000.0,842000000.0,31000000.0,873000000.0,10163000000.0,11347000000.0,3000000.0,-70000000.0,,,10163000000.0,1184000000.0,84000000.0,-70000000.0,1254000000.0,-81000000.0,1173000000.0,11347000000.0,321300000.0,321300000.0,321300000.0
Lockheed Martin Corp,LMT,DPRBOZP0K5RM2YE8UU08,936468,2013.0,Q2YTD,2013-01-01,2013-06-30,,5.05,5.05,2.3,4.97,,616000000.0,1620000000.0,1620000000.0,,1620000000.0,20019000000.0,22478000000.0,-1000000.0,-152000000.0,,194000000.0,20019000000.0,2459000000.0,180000000.0,42000000.0,2417000000.0,-181000000.0,2236000000.0,22478000000.0,320800000.0,320800000.0,320800000.0
Lockheed Martin Corp,LMT,DPRBOZP0K5RM2YE8UU08,936468,2013.0,Q2TTM,2012-06-25,2013-06-30,,9.06,9.06,4.45,8.92,,1324000000.0,2916000000.0,2916000000.0,,2916000000.0,42542000000.0,46446000000.0,-4000000.0,-335000000.0,,-376000000.0,42542000000.0,3904000000.0,371000000.0,-711000000.0,4615000000.0,-375000000.0,4240000000.0,46446000000.0,320800000.0,320800000.0,320800000.0
Lockheed Martin Corp,LMT,DPRBOZP0K5RM2YE8UU08,936468,2013.0,Q2,2013-04-01,2013-06-30,2014-07-23 12:42:09+00:00,2.68,2.68,1.15,2.64,,352000000.0,859000000.0,859000000.0,,859000000.0,10184000000.0,11408000000.0,1000000.0,-74000000.0,,,10184000000.0,1224000000.0,88000000.0,-74000000.0,1298000000.0,-87000000.0,1211000000.0,11408000000.0,320800000.0,320800000.0,320800000.0
Lockheed Martin Corp,LMT,DPRBOZP0K5RM2YE8UU08,936468,2013.0,Q1,2013-01-01,2013-03-31,2013-04-24 18:27:54+00:00,2.37,2.37,1.15,2.33,,264000000.0,761000000.0,761000000.0,,761000000.0,9835000000.0,11070000000.0,-2000000.0,-78000000.0,,194000000.0,9835000000.0,1235000000.0,92000000.0,116000000.0,1119000000.0,-94000000.0,1025000000.0,11070000000.0,321100000.0,321100000.0,326600000.0
Lockheed Martin Corp,LMT,DPRBOZP0K5RM2YE8UU08,936468,2013.0,Q1TTM,2012-03-26,2013-03-31,,8.79,8.79,4.3,8.66,,1308000000.0,2838000000.0,2838000000.0,,2838000000.0,42824000000.0,46959000000.0,16000000.0,-281000000.0,,-93000000.0,42824000000.0,4135000000.0,379000000.0,-374000000.0,4509000000.0,-363000000.0,4146000000.0,46959000000.0,321100000.0,321100000.0,326600000.0
Lockheed Martin Corp,LMT,DPRBOZP0K5RM2YE8UU08,936468,2014.0,FY,2014-01-01,2014-12-31,2017-02-09 16:32:41+00:00,11.41,11.41,5.49,11.21,,1424000000.0,3614000000.0,3253000000.0,361000000.0,3614000000.0,35263000000.0,39946000000.0,5000000.0,-329000000.0,,,35263000000.0,4683000000.0,340000000.0,-329000000.0,5012000000.0,-335000000.0,4677000000.0,39946000000.0,316800000.0,316800000.0,316800000.0
Lockheed Martin Corp,LMT,DPRBOZP0K5RM2YE8UU08,936468,2014.0,Q4,2014-09-29,2014-12-31,,2.87,2.87,1.5,2.82,,134000000.0,904000000.0,543000000.0,361000000.0,904000000.0,6180000000.0,6876000000.0,2000000.0,-66000000.0,,,6180000000.0,696000000.0,87000000.0,-66000000.0,762000000.0,-85000000.0,677000000.0,6876000000.0,316800000.0,316800000.0,316800000.0
Lockheed Martin Corp,LMT,DPRBOZP0K5RM2YE8UU08,936468,2014.0,Q3,2014-06-30,2014-09-28,2015-10-22 16:12:10+00:00,2.81,2.81,1.33,2.76,,423000000.0,888000000.0,888000000.0,,888000000.0,9839000000.0,11114000000.0,1000000.0,-117000000.0,,,9839000000.0,1275000000.0,82000000.0,-117000000.0,1392000000.0,-81000000.0,1311000000.0,11114000000.0,316300000.0,316300000.0,316300000.0
Lockheed Martin Corp,LMT,DPRBOZP0K5RM2YE8UU08,936468,2014.0,Q3YTD,2014-01-01,2014-09-28,,8.54,8.54,3.99,8.39,,1290000000.0,2710000000.0,2710000000.0,,2710000000.0,29083000000.0,33070000000.0,3000000.0,-263000000.0,,,29083000000.0,3987000000.0,253000000.0,-263000000.0,4250000000.0,-250000000.0,4000000000.0,33070000000.0,316300000.0,316300000.0,316300000.0
Lockheed Martin Corp,LMT,DPRBOZP0K5RM2YE8UU08,936468,2014.0,Q3TTM,2013-09-30,2014-09-28,,10.06,10.06,5.32,9.89,195000000.0,1548000000.0,3198000000.0,3198000000.0,,3198000000.0,39036000000.0,44603000000.0,1000000.0,-359000000.0,,647000000.0,39036000000.0,5567000000.0,339000000.0,483000000.0,5084000000.0,-338000000.0,4746000000.0,44603000000.0,316300000.0,316300000.0,316300000.0
Lockheed Martin Corp,LMT,DPRBOZP0K5RM2YE8UU08,936468,2014.0,Q2YTD,2014-01-01,2014-06-29,,5.73,5.73,2.66,5.63,,867000000.0,1822000000.0,1822000000.0,,1822000000.0,19244000000.0,21956000000.0,2000000.0,-146000000.0,,,19244000000.0,2712000000.0,171000000.0,-146000000.0,2858000000.0,-169000000.0,2689000000.0,21956000000.0,316800000.0,316800000.0,316800000.0
Lockheed Martin Corp,LMT,DPRBOZP0K5RM2YE8UU08,936468,2014.0,Q2TTM,2013-07-01,2014-06-29,,9.97,9.97,5.14,9.79,195000000.0,1456000000.0,3183000000.0,3152000000.0,31000000.0,3183000000.0,39360000000.0,44836000000.0,3000000.0,-312000000.0,,647000000.0,39360000000.0,5476000000.0,341000000.0,530000000.0,4946000000.0,-338000000.0,4608000000.0,44836000000.0,316800000.0,316800000.0,316800000.0
Lockheed Martin Corp,LMT,DPRBOZP0K5RM2YE8UU08,936468,2014.0,Q2,2014-03-31,2014-06-29,2015-07-22 17:04:59+00:00,2.81,2.81,1.33,2.76,,452000000.0,889000000.0,889000000.0,,889000000.0,9965000000.0,11306000000.0,,-85000000.0,,,9965000000.0,1341000000.0,85000000.0,-85000000.0,1426000000.0,-85000000.0,1341000000.0,11306000000.0,316800000.0,316800000.0,316800000.0
Lockheed Martin Corp,LMT,DPRBOZP0K5RM2YE8UU08,936468,2014.0,Q1TTM,2013-04-01,2014-03-30,,9.84,9.84,4.96,9.67,195000000.0,1356000000.0,3153000000.0,3122000000.0,31000000.0,3153000000.0,39579000000.0,44938000000.0,4000000.0,-301000000.0,,647000000.0,39579000000.0,5359000000.0,344000000.0,541000000.0,4818000000.0,-340000000.0,4478000000.0,44938000000.0,319100000.0,319100000.0,319100000.0
Lockheed Martin Corp,LMT,DPRBOZP0K5RM2YE8UU08,936468,2014.0,Q1,2014-01-01,2014-03-30,2015-04-22 15:25:13+00:00,2.92,2.92,1.33,2.87,,415000000.0,933000000.0,933000000.0,,933000000.0,9279000000.0,10650000000.0,2000000.0,-61000000.0,,,9279000000.0,1371000000.0,86000000.0,-61000000.0,1432000000.0,-84000000.0,1348000000.0,10650000000.0,319100000.0,319100000.0,319100000.0
Lockheed Martin Corp,LMT,DPRBOZP0K5RM2YE8UU08,936468,2015.0,FY,2015-01-01,2015-12-31,2018-02-16 16:37:09+00:00,11.62,11.62,,11.46,,1173000000.0,3605000000.0,3126000000.0,479000000.0,3605000000.0,36044000000.0,40536000000.0,30000000.0,-220000000.0,,,36044000000.0,4492000000.0,443000000.0,-220000000.0,4712000000.0,-413000000.0,4299000000.0,40536000000.0,310200000.0,310200000.0,314600000.0
Lockheed Martin Corp,LMT,DPRBOZP0K5RM2YE8UU08,936468,2015.0,Q4,2015-09-28,2015-12-31,,3.06,3.06,-4.5,3.01,,38000000.0,933000000.0,563000000.0,370000000.0,933000000.0,7961000000.0,8722000000.0,24000000.0,42000000.0,,,7961000000.0,761000000.0,142000000.0,42000000.0,719000000.0,-118000000.0,601000000.0,8722000000.0,310200000.0,310200000.0,314600000.0
Lockheed Martin Corp,LMT,DPRBOZP0K5RM2YE8UU08,936468,2015.0,Q3,2015-06-29,2015-09-27,2016-10-27 16:30:11+00:00,2.8,2.8,1.5,2.77,,333000000.0,865000000.0,756000000.0,109000000.0,865000000.0,8963000000.0,10060000000.0,1000000.0,-95000000.0,,,8963000000.0,1097000000.0,104000000.0,-95000000.0,1192000000.0,-103000000.0,1089000000.0,10060000000.0,308400000.0,308400000.0,308400000.0
Lockheed Martin Corp,LMT,DPRBOZP0K5RM2YE8UU08,936468,2015.0,Q3YTD,2015-01-01,2015-09-27,,8.56,8.56,4.5,8.45,,1135000000.0,2672000000.0,2563000000.0,109000000.0,2672000000.0,28083000000.0,31814000000.0,6000000.0,-262000000.0,,,28083000000.0,3731000000.0,301000000.0,-262000000.0,3993000000.0,-295000000.0,3698000000.0,31814000000.0,308400000.0,308400000.0,308400000.0
Lockheed Martin Corp,LMT,DPRBOZP0K5RM2YE8UU08,936468,2015.0,Q3TTM,2014-09-29,2015-09-27,,11.43,11.43,6.0,11.27,,1269000000.0,3576000000.0,3106000000.0,470000000.0,3576000000.0,34263000000.0,38690000000.0,8000000.0,-328000000.0,,,34263000000.0,4427000000.0,388000000.0,-328000000.0,4755000000.0,-380000000.0,4375000000.0,38690000000.0,308400000.0,308400000.0,308400000.0
Lockheed Martin Corp,LMT,DPRBOZP0K5RM2YE8UU08,936468,2015.0,Q2,2015-03-30,2015-06-28,2016-07-20 17:01:59+00:00,2.98,2.98,1.5,2.94,,414000000.0,929000000.0,929000000.0,,929000000.0,10272000000.0,11643000000.0,2000000.0,-74000000.0,,,10272000000.0,1371000000.0,104000000.0,-74000000.0,1445000000.0,-102000000.0,1343000000.0,11643000000.0,312000000.0,312000000.0,312000000.0
Lockheed Martin Corp,LMT,DPRBOZP0K5RM2YE8UU08,936468,2015.0,Q2YTD,2015-01-01,2015-06-28,,5.76,5.76,3.0,5.68,,802000000.0,1807000000.0,1807000000.0,,1807000000.0,19120000000.0,21754000000.0,5000000.0,-167000000.0,,,19120000000.0,2634000000.0,197000000.0,-167000000.0,2801000000.0,-192000000.0,2609000000.0,21754000000.0,312000000.0,312000000.0,312000000.0
Lockheed Martin Corp,LMT,DPRBOZP0K5RM2YE8UU08,936468,2015.0,Q2TTM,2014-06-30,2015-06-28,,11.44,11.44,5.83,11.26,,1359000000.0,3599000000.0,3238000000.0,361000000.0,3599000000.0,35139000000.0,39744000000.0,8000000.0,-350000000.0,,,35139000000.0,4605000000.0,366000000.0,-350000000.0,4955000000.0,-358000000.0,4597000000.0,39744000000.0,312000000.0,312000000.0,312000000.0
Lockheed Martin Corp,LMT,DPRBOZP0K5RM2YE8UU08,936468,2015.0,Q1,2015-01-01,2015-03-29,2016-04-27 15:24:10+00:00,2.78,2.78,1.5,2.74,,388000000.0,878000000.0,878000000.0,,878000000.0,8848000000.0,10111000000.0,3000000.0,-93000000.0,,,8848000000.0,1263000000.0,93000000.0,-93000000.0,1356000000.0,-90000000.0,1266000000.0,10111000000.0,315400000.0,315400000.0,315400000.0
Lockheed Martin Corp,LMT,DPRBOZP0K5RM2YE8UU08,936468,2015.0,Q1TTM,2014-03-31,2015-03-29,,11.27,11.27,5.66,11.08,,1397000000.0,3559000000.0,3198000000.0,361000000.0,3559000000.0,34832000000.0,39407000000.0,6000000.0,-361000000.0,,,34832000000.0,4575000000.0,347000000.0,-361000000.0,4936000000.0,-341000000.0,4595000000.0,39407000000.0,315400000.0,315400000.0,315400000.0
Lockheed Martin Corp,LMT,DPRBOZP0K5RM2YE8UU08,936468,2016.0,FY,2016-01-01,2016-12-31,2019-02-08 11:38:57+00:00,17.71,17.28,6.77,17.07,,1093000000.0,5173000000.0,3661000000.0,1512000000.0,5173000000.0,41889000000.0,47290000000.0,-471000000.0,-487000000.0,,,41889000000.0,5401000000.0,663000000.0,-487000000.0,5888000000.0,-1134000000.0,4754000000.0,47290000000.0,299300000.0,299300000.0,299300000.0
Lockheed Martin Corp,LMT,DPRBOZP0K5RM2YE8UU08,936468,2016.0,Q4,2016-09-26,2016-12-31,,3.37,2.94,1.82,2.91,,256000000.0,859000000.0,867000000.0,-8000000.0,859000000.0,12102000000.0,13794000000.0,-473000000.0,-75000000.0,,,12102000000.0,1692000000.0,171000000.0,-75000000.0,1767000000.0,-644000000.0,1123000000.0,13794000000.0,299300000.0,299300000.0,299300000.0
Lockheed Martin Corp,LMT,DPRBOZP0K5RM2YE8UU08,936468,2016.0,Q3,2016-06-27,2016-09-25,2017-10-26 16:21:39+00:00,8.02,8.02,1.65,7.93,,338000000.0,2395000000.0,1089000000.0,1306000000.0,2395000000.0,10167000000.0,11551000000.0,1000000.0,-204000000.0,,,10167000000.0,1384000000.0,162000000.0,-204000000.0,1588000000.0,-161000000.0,1427000000.0,11551000000.0,298500000.0,298500000.0,298500000.0
Lockheed Martin Corp,LMT,DPRBOZP0K5RM2YE8UU08,936468,2016.0,Q3YTD,2016-01-01,2016-09-25,,14.34,14.34,4.95,14.16,,837000000.0,4314000000.0,2794000000.0,1520000000.0,4314000000.0,29787000000.0,33496000000.0,2000000.0,-412000000.0,,,29787000000.0,3709000000.0,492000000.0,-412000000.0,4121000000.0,-490000000.0,3631000000.0,33496000000.0,298500000.0,298500000.0,298500000.0
Lockheed Martin Corp,LMT,DPRBOZP0K5RM2YE8UU08,936468,2016.0,Q3TTM,2015-09-28,2016-09-25,,17.4,17.4,0.45,17.17,,875000000.0,5247000000.0,3357000000.0,1890000000.0,5247000000.0,37748000000.0,42218000000.0,26000000.0,-370000000.0,,,37748000000.0,4470000000.0,634000000.0,-370000000.0,4840000000.0,-608000000.0,4232000000.0,42218000000.0,298500000.0,298500000.0,298500000.0
Lockheed Martin Corp,LMT,DPRBOZP0K5RM2YE8UU08,936468,2016.0,Q2,2016-03-28,2016-06-26,2017-07-20 16:33:01+00:00,3.37,3.37,1.65,3.32,,311000000.0,1021000000.0,899000000.0,122000000.0,1021000000.0,10347000000.0,11577000000.0,,-145000000.0,,,10347000000.0,1230000000.0,165000000.0,-145000000.0,1375000000.0,-165000000.0,1210000000.0,11577000000.0,303100000.0,303100000.0,303100000.0
Lockheed Martin Corp,LMT,DPRBOZP0K5RM2YE8UU08,936468,2016.0,Q2YTD,2016-01-01,2016-06-26,,6.32,6.32,3.3,6.23,,499000000.0,1919000000.0,1705000000.0,214000000.0,1919000000.0,19620000000.0,21945000000.0,1000000.0,-208000000.0,,,19620000000.0,2325000000.0,330000000.0,-208000000.0,2533000000.0,-329000000.0,2204000000.0,21945000000.0,303100000.0,303100000.0,303100000.0
Lockheed Martin Corp,LMT,DPRBOZP0K5RM2YE8UU08,936468,2016.0,Q2TTM,2015-06-29,2016-06-26,,12.18,12.18,0.3,12.01,,870000000.0,3717000000.0,3024000000.0,693000000.0,3717000000.0,36544000000.0,40727000000.0,26000000.0,-261000000.0,,,36544000000.0,4183000000.0,576000000.0,-261000000.0,4444000000.0,-550000000.0,3894000000.0,40727000000.0,303100000.0,303100000.0,303100000.0
Lockheed Martin Corp,LMT,DPRBOZP0K5RM2YE8UU08,936468,2016.0,Q1,2016-01-01,2016-03-27,2017-04-26 15:14:00+00:00,2.95,2.95,1.65,2.91,,188000000.0,898000000.0,806000000.0,92000000.0,898000000.0,9273000000.0,10368000000.0,1000000.0,-63000000.0,,,9273000000.0,1095000000.0,165000000.0,-63000000.0,1158000000.0,-164000000.0,994000000.0,10368000000.0,304500000.0,304500000.0,304500000.0
Lockheed Martin Corp,LMT,DPRBOZP0K5RM2YE8UU08,936468,2016.0,Q1TTM,2015-03-30,2016-03-27,,11.79,11.79,0.15,11.63,,973000000.0,3625000000.0,3054000000.0,571000000.0,3625000000.0,36469000000.0,40793000000.0,28000000.0,-190000000.0,,,36469000000.0,4324000000.0,515000000.0,-190000000.0,4514000000.0,-487000000.0,4027000000.0,40793000000.0,304500000.0,304500000.0,304500000.0
Lockheed Martin Corp,LMT,DPRBOZP0K5RM2YE8UU08,936468,2017.0,FY,2017-01-01,2017-12-31,2020-02-07 11:44:16+00:00,6.82,6.82,7.46,6.75,,3356000000.0,1963000000.0,1890000000.0,73000000.0,1963000000.0,43589000000.0,49960000000.0,-847000000.0,-373000000.0,,,43589000000.0,6371000000.0,651000000.0,-373000000.0,6744000000.0,-1498000000.0,5246000000.0,49960000000.0,287800000.0,287800000.0,290800000.0
Lockheed Martin Corp,LMT,DPRBOZP0K5RM2YE8UU08,936468,2017.0,Q4,2017-09-25,2017-12-31,,-2.35,-2.56,-5.46,-2.54,,2389000000.0,-744000000.0,-817000000.0,73000000.0,-744000000.0,12135000000.0,13844000000.0,-203000000.0,-240000000.0,,,12135000000.0,1709000000.0,174000000.0,-240000000.0,1949000000.0,-377000000.0,1572000000.0,13844000000.0,287800000.0,287800000.0,290800000.0
Lockheed Martin Corp,LMT,DPRBOZP0K5RM2YE8UU08,936468,2017.0,Q3,2017-06-26,2017-09-24,2018-10-25 17:21:51+00:00,3.27,3.35,1.82,3.32,,334000000.0,963000000.0,963000000.0,,963000000.0,10741000000.0,12341000000.0,-218000000.0,-77000000.0,,,10741000000.0,1600000000.0,162000000.0,-77000000.0,1677000000.0,-380000000.0,1297000000.0,12341000000.0,287100000.0,287100000.0,287100000.0
Lockheed Martin Corp,LMT,DPRBOZP0K5RM2YE8UU08,936468,2017.0,Q3YTD,2017-01-01,2017-09-24,,9.17,9.38,5.46,9.29,,967000000.0,2707000000.0,2707000000.0,,2707000000.0,31454000000.0,36116000000.0,-644000000.0,-133000000.0,,,31454000000.0,4662000000.0,477000000.0,-133000000.0,4795000000.0,-1121000000.0,3674000000.0,36116000000.0,287100000.0,287100000.0,287100000.0
Lockheed Martin Corp,LMT,DPRBOZP0K5RM2YE8UU08,936468,2017.0,Q3TTM,2016-09-26,2017-09-24,,12.54,12.32,7.28,12.2,,1223000000.0,3566000000.0,3574000000.0,-8000000.0,3566000000.0,43556000000.0,49910000000.0,-1117000000.0,-208000000.0,,,43556000000.0,6354000000.0,648000000.0,-208000000.0,6562000000.0,-1765000000.0,4797000000.0,49910000000.0,287100000.0,287100000.0,287100000.0
Lockheed Martin Corp,LMT,DPRBOZP0K5RM2YE8UU08,936468,2017.0,Q2,2017-03-27,2017-06-25,2018-07-24 16:19:20+00:00,3.27,3.31,1.82,3.28,,387000000.0,955000000.0,955000000.0,,955000000.0,10907000000.0,12563000000.0,-214000000.0,-60000000.0,,,10907000000.0,1656000000.0,160000000.0,-60000000.0,1716000000.0,-374000000.0,1342000000.0,12563000000.0,288500000.0,288500000.0,288500000.0
Lockheed Martin Corp,LMT,DPRBOZP0K5RM2YE8UU08,936468,2017.0,Q2YTD,2017-01-01,2017-06-25,,5.9,6.03,3.64,5.97,,633000000.0,1744000000.0,1744000000.0,,1744000000.0,20713000000.0,23775000000.0,-426000000.0,-56000000.0,,,20713000000.0,3062000000.0,315000000.0,-56000000.0,3118000000.0,-741000000.0,2377000000.0,23775000000.0,288500000.0,288500000.0,288500000.0
Lockheed Martin Corp,LMT,DPRBOZP0K5RM2YE8UU08,936468,2017.0,Q2TTM,2016-06-27,2017-06-25,,17.29,16.99,7.11,16.81,,1227000000.0,4998000000.0,3700000000.0,1298000000.0,4998000000.0,42982000000.0,49120000000.0,-898000000.0,-335000000.0,,,42982000000.0,6138000000.0,648000000.0,-335000000.0,6473000000.0,-1546000000.0,4927000000.0,49120000000.0,288500000.0,288500000.0,288500000.0
Lockheed Martin Corp,LMT,DPRBOZP0K5RM2YE8UU08,936468,2017.0,Q1,2017-01-01,2017-03-26,2018-04-25 15:10:20+00:00,2.63,2.72,1.82,2.69,,246000000.0,789000000.0,789000000.0,,789000000.0,9806000000.0,11212000000.0,-212000000.0,4000000.0,,,9806000000.0,1406000000.0,155000000.0,4000000.0,1402000000.0,-367000000.0,1035000000.0,11212000000.0,290000000.0,290000000.0,290000000.0
Lockheed Martin Corp,LMT,DPRBOZP0K5RM2YE8UU08,936468,2017.0,Q1TTM,2016-03-28,2017-03-26,,17.39,17.05,6.94,16.85,,1151000000.0,5064000000.0,3644000000.0,1420000000.0,5064000000.0,42422000000.0,48134000000.0,-684000000.0,-420000000.0,,,42422000000.0,5712000000.0,653000000.0,-420000000.0,6132000000.0,-1337000000.0,4795000000.0,48134000000.0,290000000.0,290000000.0,290000000.0
Lockheed Martin Corp,LMT,DPRBOZP0K5RM2YE8UU08,936468,2018.0,FY,2018-01-01,2018-12-31,2020-02-07 11:44:16+00:00,17.74,17.74,8.2,17.59,,792000000.0,5046000000.0,5046000000.0,0.0,5046000000.0,46488000000.0,53762000000.0,-828000000.0,-60000000.0,,,46488000000.0,7274000000.0,668000000.0,-60000000.0,7334000000.0,-1496000000.0,5838000000.0,53762000000.0,284400000.0,284400000.0,286900000.0
Lockheed Martin Corp,LMT,DPRBOZP0K5RM2YE8UU08,936468,2018.0,Q4,2018-10-01,2018-12-31,,4.43,4.43,-6.0,4.38,,230000000.0,1253000000.0,1253000000.0,,1253000000.0,12469000000.0,14411000000.0,-197000000.0,91000000.0,,,12469000000.0,1942000000.0,171000000.0,91000000.0,1851000000.0,-368000000.0,1483000000.0,14411000000.0,284400000.0,284400000.0,286900000.0
Lockheed Martin Corp,LMT,DPRBOZP0K5RM2YE8UU08,936468,2018.0,Q3,2018-06-25,2018-09-30,2019-10-24 18:46:44+00:00,5.18,5.18,2.0,5.14,,102000000.0,1473000000.0,1473000000.0,,1473000000.0,12397000000.0,14318000000.0,-211000000.0,-42000000.0,,,12397000000.0,1921000000.0,177000000.0,-42000000.0,1963000000.0,-388000000.0,1575000000.0,14318000000.0,284400000.0,284400000.0,286600000.0
Lockheed Martin Corp,LMT,DPRBOZP0K5RM2YE8UU08,936468,2018.0,Q3YTD,2018-01-01,2018-09-30,,13.31,13.31,6.0,13.21,,562000000.0,3793000000.0,3793000000.0,,3793000000.0,34019000000.0,39351000000.0,-631000000.0,-151000000.0,,,34019000000.0,5332000000.0,497000000.0,-151000000.0,5483000000.0,-1128000000.0,4355000000.0,39351000000.0,284400000.0,284400000.0,286600000.0
Lockheed Martin Corp,LMT,DPRBOZP0K5RM2YE8UU08,936468,2018.0,Q3TTM,2017-09-25,2018-09-30,,10.96,10.75,0.54,10.67,,2951000000.0,3049000000.0,2976000000.0,73000000.0,3049000000.0,46154000000.0,53195000000.0,-834000000.0,-391000000.0,,,46154000000.0,7041000000.0,671000000.0,-391000000.0,7432000000.0,-1505000000.0,5927000000.0,53195000000.0,284400000.0,284400000.0,286600000.0
Lockheed Martin Corp,LMT,DPRBOZP0K5RM2YE8UU08,936468,2018.0,Q2,2018-03-26,2018-06-24,2019-07-23 16:07:43+00:00,4.08,4.08,2.0,4.05,,257000000.0,1163000000.0,1163000000.0,,1163000000.0,11645000000.0,13398000000.0,-210000000.0,-42000000.0,,,11645000000.0,1753000000.0,165000000.0,-42000000.0,1795000000.0,-375000000.0,1420000000.0,13398000000.0,285000000.0,285000000.0,287200000.0
Lockheed Martin Corp,LMT,DPRBOZP0K5RM2YE8UU08,936468,2018.0,Q2YTD,2018-01-01,2018-06-24,,8.13,8.13,4.0,8.07,,460000000.0,2320000000.0,2320000000.0,,2320000000.0,21622000000.0,25033000000.0,-420000000.0,-109000000.0,,,21622000000.0,3411000000.0,320000000.0,-109000000.0,3520000000.0,-740000000.0,2780000000.0,25033000000.0,285000000.0,285000000.0,287200000.0
Lockheed Martin Corp,LMT,DPRBOZP0K5RM2YE8UU08,936468,2018.0,Q2TTM,2017-06-26,2018-06-24,,9.05,8.92,0.36,8.85,,3183000000.0,2539000000.0,2466000000.0,73000000.0,2539000000.0,44498000000.0,51218000000.0,-841000000.0,-426000000.0,,,44498000000.0,6720000000.0,656000000.0,-426000000.0,7146000000.0,-1497000000.0,5649000000.0,51218000000.0,285000000.0,285000000.0,287200000.0
Lockheed Martin Corp,LMT,DPRBOZP0K5RM2YE8UU08,936468,2018.0,Q1,2018-01-01,2018-03-25,2019-04-24 16:05:32+00:00,4.05,4.05,2.0,4.02,,203000000.0,1157000000.0,1157000000.0,,1157000000.0,9977000000.0,11635000000.0,-210000000.0,-67000000.0,,,9977000000.0,1658000000.0,155000000.0,-67000000.0,1725000000.0,-365000000.0,1360000000.0,11635000000.0,285700000.0,285700000.0,287800000.0
Lockheed Martin Corp,LMT,DPRBOZP0K5RM2YE8UU08,936468,2018.0,Q1TTM,2017-03-27,2018-03-25,,8.24,8.15,0.18,8.08,,3313000000.0,2331000000.0,2258000000.0,73000000.0,2331000000.0,43760000000.0,50383000000.0,-845000000.0,-444000000.0,,,43760000000.0,6623000000.0,651000000.0,-444000000.0,7067000000.0,-1496000000.0,5571000000.0,50383000000.0,285700000.0,285700000.0,287800000.0
Lockheed Martin Corp,LMT,DPRBOZP0K5RM2YE8UU08,936468,2019.0,Q4,2019-09-30,2019-12-31,,5.33,5.33,-6.6,5.3,,334000000.0,1498000000.0,1498000000.0,,1498000000.0,1607000000.0,1542000000.0,-160000000.0,-2214000000.0,,,1607000000.0,-65000000.0,157000000.0,-2214000000.0,2149000000.0,-317000000.0,1832000000.0,1542000000.0,282000000.0,282000000.0,283800000.0
Lockheed Martin Corp,LMT,DPRBOZP0K5RM2YE8UU08,936468,2019.0,FY,2019-01-01,2019-12-31,2020-02-07 11:44:16+00:00,22.09,22.09,9.0,21.95,,1011000000.0,6230000000.0,6230000000.0,0.0,6230000000.0,51445000000.0,59812000000.0,-651000000.0,-178000000.0,,,51445000000.0,8367000000.0,653000000.0,-178000000.0,8545000000.0,-1304000000.0,7241000000.0,59812000000.0,282000000.0,282000000.0,283800000.0
Lockheed Martin Corp,LMT,DPRBOZP0K5RM2YE8UU08,936468,2019.0,Q3,2019-07-01,2019-09-29,2019-10-24 18:46:44+00:00,5.7,5.7,2.2,5.66,,173000000.0,1608000000.0,1608000000.0,,1608000000.0,13108000000.0,15171000000.0,-162000000.0,-42000000.0,,,13108000000.0,2063000000.0,162000000.0,-42000000.0,2105000000.0,-324000000.0,1781000000.0,15171000000.0,282100000.0,282100000.0,284100000.0
Lockheed Martin Corp,LMT,DPRBOZP0K5RM2YE8UU08,936468,2019.0,Q3YTD,2019-01-01,2019-09-29,,16.76,16.76,6.6,16.65,,677000000.0,4732000000.0,4732000000.0,,4732000000.0,49838000000.0,58270000000.0,-491000000.0,2036000000.0,,,49838000000.0,8432000000.0,496000000.0,2036000000.0,6396000000.0,-987000000.0,5409000000.0,58270000000.0,282100000.0,282100000.0,284100000.0
Lockheed Martin Corp,LMT,DPRBOZP0K5RM2YE8UU08,936468,2019.0,Q3TTM,2018-10-01,2019-09-29,,21.19,21.19,0.6,21.03,,907000000.0,5985000000.0,5985000000.0,,5985000000.0,62307000000.0,72681000000.0,-688000000.0,2127000000.0,,,62307000000.0,10374000000.0,667000000.0,2127000000.0,8247000000.0,-1355000000.0,6892000000.0,72681000000.0,282100000.0,282100000.0,284100000.0
Lockheed Martin Corp,LMT,DPRBOZP0K5RM2YE8UU08,936468,2019.0,Q2YTD,2019-01-01,2019-06-30,,11.06,11.06,4.4,10.99,,504000000.0,3124000000.0,3124000000.0,,3124000000.0,36730000000.0,43099000000.0,-329000000.0,2078000000.0,,,36730000000.0,6369000000.0,334000000.0,2078000000.0,4291000000.0,-663000000.0,3628000000.0,43099000000.0,282300000.0,282300000.0,284000000.0
Lockheed Martin Corp,LMT,DPRBOZP0K5RM2YE8UU08,936468,2019.0,Q2TTM,2018-06-25,2019-06-30,,20.67,20.67,0.4,20.51,,836000000.0,5850000000.0,5850000000.0,,5850000000.0,61596000000.0,71828000000.0,-737000000.0,2127000000.0,,,61596000000.0,10232000000.0,682000000.0,2127000000.0,8105000000.0,-1419000000.0,6686000000.0,71828000000.0,282300000.0,282300000.0,284000000.0
Lockheed Martin Corp,LMT,DPRBOZP0K5RM2YE8UU08,936468,2019.0,Q2,2019-04-01,2019-06-30,2019-07-23 16:07:43+00:00,5.03,5.03,2.2,5.0,,263000000.0,1420000000.0,1420000000.0,,1420000000.0,12434000000.0,14427000000.0,-162000000.0,-15000000.0,,,12434000000.0,1993000000.0,163000000.0,-15000000.0,2008000000.0,-325000000.0,1683000000.0,14427000000.0,282300000.0,282300000.0,284000000.0
Lockheed Martin Corp,LMT,DPRBOZP0K5RM2YE8UU08,936468,2019.0,Q1,2019-01-01,2019-03-31,2020-04-22 16:09:41+00:00,6.03,6.03,2.2,5.99,,241000000.0,1704000000.0,1704000000.0,,1704000000.0,24296000000.0,28672000000.0,-167000000.0,2093000000.0,,,24296000000.0,4376000000.0,171000000.0,2093000000.0,2283000000.0,-338000000.0,1945000000.0,28672000000.0,282500000.0,282500000.0,282500000.0
Lockheed Martin Corp,LMT,DPRBOZP0K5RM2YE8UU08,936468,2019.0,Q1TTM,2018-03-26,2019-03-31,,19.72,19.72,0.2,19.56,,830000000.0,5593000000.0,5593000000.0,,5593000000.0,60807000000.0,70799000000.0,-785000000.0,2100000000.0,,,60807000000.0,9992000000.0,684000000.0,2100000000.0,7892000000.0,-1469000000.0,6423000000.0,70799000000.0,282500000.0,282500000.0,282500000.0
Lockheed Martin Corp,LMT,DPRBOZP0K5RM2YE8UU08,936468,2020.0,Q1TTM,2019-04-01,2020-03-29,,22.16,22.16,0.2,22.04,,1083000000.0,6243000000.0,6243000000.0,,6243000000.0,54269000000.0,62442000000.0,-428000000.0,-211000000.0,,,54269000000.0,8173000000.0,630000000.0,-211000000.0,8384000000.0,-1058000000.0,7326000000.0,62442000000.0,281300000.0,281300000.0,281300000.0
Lockheed Martin Corp,LMT,DPRBOZP0K5RM2YE8UU08,936468,2020.0,Q1,2020-01-01,2020-03-29,2020-04-22 16:09:41+00:00,6.1,6.1,2.4,6.08,,313000000.0,1717000000.0,1717000000.0,,1717000000.0,27120000000.0,31302000000.0,56000000.0,2060000000.0,,,27120000000.0,4182000000.0,148000000.0,2060000000.0,2122000000.0,-92000000.0,2030000000.0,31302000000.0,281300000.0,281300000.0,281300000.0
