company_name,company_ticker,company_lei,company_cik,year,quarter,start_date,end_date,filing_date,basicdilutedeps,basiceps,cashdividendspershare,dilutedeps,impairmentexpense,incometaxexpense,netincome,netincomecontinuing,netincomediscontinued,netincometocommon,netincometononcontrollinginterest,operatingcostofrevenue,operatingrevenue,othergains,otherincome,otheroperatingexpenses,otherspecialcharges,rdexpense,restructuringcharge,sgaexpense,totalcostofrevenue,totalgrossprofit,totalinterestexpense,totalinterestincome,totaloperatingexpenses,totaloperatingincome,totalotherincome,totalpretaxincome,totalrevenue,weightedavebasicdilutedsharesos,weightedavebasicsharesos,weightedavedilutedsharesos
Air Products and Chemicals Inc,APD,7QEON6Y1RL5XR3R1W237,2969,2007.0,FY,2006-10-01,2007-09-30,2009-11-25 13:58:55+00:00,4.79,4.79,1.48,4.64,,287200000.0,1035600000.0,1019600000.0,16000000.0,1035600000.0,,6698900000.0,9148200000.0,-20800000.0,,-42300000.0,-26500000.0,129000000.0,13700000.0,999800000.0,6698900000.0,2449300000.0,162400000.0,114400000.0,1073700000.0,1375600000.0,-48000000.0,1327600000.0,9148200000.0,216200000.0,216200000.0,223200000.0
Air Products and Chemicals Inc,APD,7QEON6Y1RL5XR3R1W237,2969,2008.0,FY,2007-10-01,2008-09-30,2010-11-23 06:04:42+00:00,4.29,4.29,1.7,4.15,,365300000.0,938100000.0,1113500000.0,-175400000.0,909700000.0,28400000.0,7693100000.0,10414500000.0,,,-25800000.0,30300000.0,130700000.0,,1090400000.0,7693100000.0,2721400000.0,162000000.0,145000000.0,1225600000.0,1495800000.0,-17000000.0,1478800000.0,10414500000.0,212100000.0,212200000.0,219200000.0
Air Products and Chemicals Inc,APD,7QEON6Y1RL5XR3R1W237,2969,2009.0,Q4,2009-07-01,2009-09-30,,2.14,1.16,0.45,1.14,,86300000.0,243900000.0,246000000.0,-2100000.0,243900000.0,,1545000000.0,2129300000.0,,,-9300000.0,2700000.0,29400000.0,,233500000.0,1545000000.0,584300000.0,27900000.0,32200000.0,256300000.0,328000000.0,4300000.0,332300000.0,2129300000.0,209700000.0,209900000.0,213500000.0
Air Products and Chemicals Inc,APD,7QEON6Y1RL5XR3R1W237,2969,2009.0,FY,2008-10-01,2009-09-30,2011-11-22 16:13:06+00:00,3.01,3.01,1.79,2.96,,185300000.0,642700000.0,651300000.0,-8600000.0,631300000.0,11400000.0,6042100000.0,8256200000.0,,,-23000000.0,32900000.0,116300000.0,298200000.0,943400000.0,6042100000.0,2214100000.0,121900000.0,112200000.0,1367800000.0,846300000.0,-9700000.0,836600000.0,8256200000.0,209700000.0,209900000.0,213500000.0
Air Products and Chemicals Inc,APD,7QEON6Y1RL5XR3R1W237,2969,2009.0,Q3YTD,2008-10-01,2009-06-30,,0.87,1.85,1.34,1.82,,99000000.0,398800000.0,405300000.0,-6500000.0,387400000.0,11400000.0,4497100000.0,6126900000.0,,,-13700000.0,30200000.0,86900000.0,298200000.0,709900000.0,4497100000.0,1629800000.0,94000000.0,80000000.0,1111500000.0,518300000.0,-14000000.0,504300000.0,6126900000.0,209600000.0,209800000.0,214000000.0
Air Products and Chemicals Inc,APD,7QEON6Y1RL5XR3R1W237,2969,2009.0,Q3,2009-04-01,2009-06-30,2010-07-26 15:45:44+00:00,0.54,0.54,0.45,0.53,,25400000.0,118000000.0,119400000.0,-1400000.0,113200000.0,4800000.0,1427500000.0,1976200000.0,,,-5700000.0,30200000.0,24100000.0,124000000.0,232300000.0,1427500000.0,548700000.0,27500000.0,28500000.0,404900000.0,143800000.0,1000000.0,144800000.0,1976200000.0,209600000.0,209800000.0,214000000.0
Air Products and Chemicals Inc,APD,7QEON6Y1RL5XR3R1W237,2969,2009.0,Q2YTD,2008-10-01,2009-03-31,,0.33,1.31,0.89,1.29,,73600000.0,280800000.0,285900000.0,-5100000.0,274200000.0,6600000.0,3069600000.0,4150700000.0,,,-8000000.0,,62800000.0,174200000.0,477600000.0,3069600000.0,1081100000.0,66500000.0,51500000.0,706600000.0,374500000.0,-15000000.0,359500000.0,4150700000.0,,209600000.0,212300000.0
Air Products and Chemicals Inc,APD,7QEON6Y1RL5XR3R1W237,2969,2009.0,Q2,2009-01-01,2009-03-31,2010-04-26 09:39:29+00:00,,0.98,0.45,0.97,,66500000.0,207200000.0,190900000.0,16300000.0,205600000.0,1600000.0,1439900000.0,1955400000.0,,,-5100000.0,,29600000.0,,230600000.0,1439900000.0,515500000.0,30000000.0,27000000.0,255100000.0,260400000.0,-3000000.0,257400000.0,1955400000.0,,209600000.0,212300000.0
Air Products and Chemicals Inc,APD,7QEON6Y1RL5XR3R1W237,2969,2009.0,Q1,2008-10-01,2008-12-31,2010-01-26 11:00:40+00:00,0.33,0.33,0.44,0.32,,7100000.0,73600000.0,95000000.0,-21400000.0,68600000.0,5000000.0,1629700000.0,2195300000.0,,,-2900000.0,,33200000.0,174200000.0,247000000.0,1629700000.0,565600000.0,36500000.0,24500000.0,451500000.0,114100000.0,-12000000.0,102100000.0,2195300000.0,207900000.0,209400000.0,212100000.0
Air Products and Chemicals Inc,APD,7QEON6Y1RL5XR3R1W237,2969,2010.0,Q4,2010-07-01,2010-09-30,,1.28,1.28,0.49,1.25,,59700000.0,278000000.0,190500000.0,87500000.0,272100000.0,5900000.0,1480600000.0,1941300000.0,,,-13100000.0,35300000.0,31900000.0,,160900000.0,1480600000.0,460700000.0,30800000.0,35300000.0,215000000.0,245700000.0,4500000.0,250200000.0,1941300000.0,212200000.0,212200000.0,217100000.0
Air Products and Chemicals Inc,APD,7QEON6Y1RL5XR3R1W237,2969,2010.0,FY,2009-10-01,2010-09-30,2012-11-20 11:53:42+00:00,4.85,4.85,1.92,4.74,,305700000.0,1054500000.0,967000000.0,87500000.0,1029100000.0,25400000.0,6288900000.0,8616100000.0,,,-42900000.0,101100000.0,114700000.0,0.0,886600000.0,6288900000.0,2327200000.0,121900000.0,126900000.0,1059500000.0,1267700000.0,5000000.0,1272700000.0,8616100000.0,212200000.0,212200000.0,217100000.0
Air Products and Chemicals Inc,APD,7QEON6Y1RL5XR3R1W237,2969,2010.0,Q3YTD,2009-10-01,2010-06-30,,3.57,3.57,1.43,3.49,,246000000.0,776500000.0,776500000.0,,757000000.0,19500000.0,4808300000.0,6674800000.0,,,-29800000.0,65800000.0,82800000.0,,725700000.0,4808300000.0,1866500000.0,91100000.0,91600000.0,844500000.0,1022000000.0,500000.0,1022500000.0,6674800000.0,212800000.0,212300000.0,216900000.0
Air Products and Chemicals Inc,APD,7QEON6Y1RL5XR3R1W237,2969,2010.0,Q3TTM,2009-07-01,2010-06-30,,5.71,4.73,1.88,4.63,,332300000.0,1020400000.0,1022500000.0,-2100000.0,1000900000.0,19500000.0,6353300000.0,8804100000.0,,,-39100000.0,68500000.0,112200000.0,,959200000.0,6353300000.0,2450800000.0,119000000.0,123800000.0,1100800000.0,1350000000.0,4800000.0,1354800000.0,8804100000.0,212800000.0,212300000.0,216900000.0
Air Products and Chemicals Inc,APD,7QEON6Y1RL5XR3R1W237,2969,2010.0,Q3,2010-04-01,2010-06-30,2011-07-27 16:10:28+00:00,1.19,1.19,0.49,1.17,,77600000.0,261300000.0,261300000.0,,253200000.0,8100000.0,1611000000.0,2252300000.0,,,-8000000.0,42400000.0,29300000.0,,241200000.0,1611000000.0,641300000.0,30000000.0,32500000.0,304900000.0,336400000.0,2500000.0,338900000.0,2252300000.0,212800000.0,212300000.0,216900000.0
Air Products and Chemicals Inc,APD,7QEON6Y1RL5XR3R1W237,2969,2010.0,Q2,2010-01-01,2010-03-31,2011-04-26 15:38:32+00:00,1.19,1.19,0.49,1.16,,84900000.0,258400000.0,258400000.0,,252000000.0,6400000.0,1628700000.0,2249000000.0,,,-10400000.0,23400000.0,26300000.0,,240400000.0,1628700000.0,620300000.0,29500000.0,32200000.0,279700000.0,340600000.0,2700000.0,343300000.0,2249000000.0,211800000.0,212100000.0,216900000.0
Air Products and Chemicals Inc,APD,7QEON6Y1RL5XR3R1W237,2969,2010.0,Q2YTD,2009-10-01,2010-03-31,,2.38,2.38,0.94,2.32,,168400000.0,515200000.0,515200000.0,,503800000.0,11400000.0,3197300000.0,4422500000.0,,,-21800000.0,23400000.0,53500000.0,,484500000.0,3197300000.0,1225200000.0,61100000.0,59100000.0,539600000.0,685600000.0,-2000000.0,683600000.0,4422500000.0,211800000.0,212100000.0,216900000.0
Air Products and Chemicals Inc,APD,7QEON6Y1RL5XR3R1W237,2969,2010.0,Q2TTM,2009-04-01,2010-03-31,,5.06,4.08,1.84,3.99,,280100000.0,877100000.0,880600000.0,-3500000.0,860900000.0,16200000.0,6169800000.0,8528000000.0,,,-36800000.0,56300000.0,107000000.0,124000000.0,950300000.0,6169800000.0,2358200000.0,116500000.0,119800000.0,1200800000.0,1157400000.0,3300000.0,1160700000.0,8528000000.0,211800000.0,212100000.0,216900000.0
Air Products and Chemicals Inc,APD,7QEON6Y1RL5XR3R1W237,2969,2010.0,Q1,2009-10-01,2009-12-31,2011-01-25 20:22:58+00:00,1.19,1.19,0.45,1.16,,83500000.0,256800000.0,256800000.0,,251800000.0,5000000.0,1568600000.0,2173500000.0,,,-11400000.0,,27200000.0,,244100000.0,1568600000.0,604900000.0,31600000.0,26900000.0,259900000.0,345000000.0,-4700000.0,340300000.0,2173500000.0,211600000.0,211700000.0,217000000.0
Air Products and Chemicals Inc,APD,7QEON6Y1RL5XR3R1W237,2969,2010.0,Q1TTM,2009-01-01,2009-12-31,,3.87,3.87,1.8,3.8,,261700000.0,825900000.0,813100000.0,12800000.0,814500000.0,11400000.0,5981000000.0,8234400000.0,,,-31500000.0,32900000.0,110300000.0,124000000.0,940500000.0,5981000000.0,2253400000.0,117000000.0,114600000.0,1176200000.0,1077200000.0,-2400000.0,1074800000.0,8234400000.0,211600000.0,211700000.0,217000000.0
Air Products and Chemicals Inc,APD,7QEON6Y1RL5XR3R1W237,2969,2011.0,FY,2010-10-01,2011-09-30,2013-11-26 09:38:11+00:00,5.75,5.75,,5.63,,375300000.0,1261500000.0,1171600000.0,89900000.0,1224200000.0,37300000.0,7098300000.0,9673700000.0,,,-41700000.0,48500000.0,118800000.0,0.0,941700000.0,7098300000.0,2575400000.0,115500000.0,154300000.0,1067300000.0,1508100000.0,38800000.0,1546900000.0,9673700000.0,212900000.0,213000000.0,217600000.0
Air Products and Chemicals Inc,APD,7QEON6Y1RL5XR3R1W237,2969,2011.0,Q4,2011-07-01,2011-09-30,,3.08,3.08,-1.07,3.01,,190600000.0,674100000.0,602800000.0,71300000.0,651300000.0,22800000.0,3629600000.0,4879000000.0,,,-21100000.0,,61700000.0,,455100000.0,3629600000.0,1249400000.0,55100000.0,94800000.0,495700000.0,753700000.0,39700000.0,793400000.0,4879000000.0,212900000.0,213000000.0,217600000.0
Air Products and Chemicals Inc,APD,7QEON6Y1RL5XR3R1W237,2969,2011.0,Q3YTD,2010-10-01,2011-06-30,,2.67,2.67,1.07,2.62,,184700000.0,587400000.0,568800000.0,18600000.0,572900000.0,14500000.0,3468700000.0,4794700000.0,,,-20600000.0,48500000.0,57100000.0,,486600000.0,3468700000.0,1326000000.0,60400000.0,59500000.0,571600000.0,754400000.0,-900000.0,753500000.0,4794700000.0,,,
Air Products and Chemicals Inc,APD,7QEON6Y1RL5XR3R1W237,2969,2011.0,Q3TTM,2010-07-01,2011-06-30,,3.95,3.95,1.56,3.87,,244400000.0,865400000.0,759300000.0,106100000.0,845000000.0,20400000.0,4949300000.0,6736000000.0,,,-33700000.0,83800000.0,89000000.0,,647500000.0,4949300000.0,1786700000.0,91200000.0,94800000.0,786600000.0,1000100000.0,3600000.0,1003700000.0,6736000000.0,,,
Air Products and Chemicals Inc,APD,7QEON6Y1RL5XR3R1W237,2969,2011.0,Q2YTD,2010-10-01,2011-03-31,,2.67,2.67,1.07,2.62,,184700000.0,587400000.0,568800000.0,18600000.0,572900000.0,14500000.0,3468700000.0,4794700000.0,,,-20600000.0,48500000.0,57100000.0,,486600000.0,3468700000.0,1326000000.0,60400000.0,59500000.0,571600000.0,754400000.0,-900000.0,753500000.0,4794700000.0,214300000.0,213800000.0,218800000.0
Air Products and Chemicals Inc,APD,7QEON6Y1RL5XR3R1W237,2969,2011.0,Q2TTM,2010-04-01,2011-03-31,,5.14,5.14,2.05,5.04,,322000000.0,1126700000.0,1020600000.0,106100000.0,1098200000.0,28500000.0,6560300000.0,8988300000.0,,,-41700000.0,126200000.0,118300000.0,,888700000.0,6560300000.0,2428000000.0,121200000.0,127300000.0,1091500000.0,1336500000.0,6100000.0,1342600000.0,8988300000.0,214300000.0,213800000.0,218800000.0
Air Products and Chemicals Inc,APD,7QEON6Y1RL5XR3R1W237,2969,2011.0,Q2,2011-01-01,2011-03-31,2012-04-27 08:51:01+00:00,1.42,1.42,0.58,1.39,,103200000.0,311500000.0,292900000.0,18600000.0,304300000.0,7200000.0,1748200000.0,2403000000.0,,,-13900000.0,5000000.0,27900000.0,0.0,242000000.0,1748200000.0,654800000.0,29400000.0,31700000.0,261000000.0,393800000.0,2300000.0,396100000.0,2403000000.0,214300000.0,213800000.0,218800000.0
Air Products and Chemicals Inc,APD,7QEON6Y1RL5XR3R1W237,2969,2011.0,Q1TTM,2010-01-01,2010-12-31,,4.91,4.91,1.96,4.81,,303700000.0,1073600000.0,986100000.0,87500000.0,1045900000.0,27700000.0,6440800000.0,8834300000.0,,,-38200000.0,144600000.0,116700000.0,,887100000.0,6440800000.0,2393500000.0,121300000.0,127800000.0,1110200000.0,1283300000.0,6500000.0,1289800000.0,8834300000.0,214900000.0,214200000.0,219200000.0
Air Products and Chemicals Inc,APD,7QEON6Y1RL5XR3R1W237,2969,2011.0,Q1,2010-10-01,2010-12-31,2012-01-27 15:00:59+00:00,1.25,1.25,0.49,1.23,,81500000.0,275900000.0,275900000.0,,268600000.0,7300000.0,1720500000.0,2391700000.0,,,-6700000.0,43500000.0,29200000.0,,244600000.0,1720500000.0,671200000.0,31000000.0,27800000.0,310600000.0,360600000.0,-3200000.0,357400000.0,2391700000.0,214900000.0,214200000.0,219200000.0
Air Products and Chemicals Inc,APD,7QEON6Y1RL5XR3R1W237,2969,2012.0,FY,2011-10-01,2012-09-30,2014-11-24 13:55:10+00:00,5.53,5.53,,5.44,0.0,287300000.0,1193300000.0,1025200000.0,168100000.0,1167300000.0,26000000.0,7051900000.0,9611700000.0,,,-47100000.0,-76100000.0,126400000.0,327400000.0,946800000.0,7051900000.0,2559800000.0,123700000.0,153800000.0,1277400000.0,1282400000.0,30100000.0,1312500000.0,9611700000.0,211100000.0,211200000.0,214700000.0
Air Products and Chemicals Inc,APD,7QEON6Y1RL5XR3R1W237,2969,2012.0,Q4,2012-07-01,2012-09-30,,0.66,0.66,-1.86,0.64,,17800000.0,142300000.0,140700000.0,1600000.0,138700000.0,3600000.0,1923000000.0,2605800000.0,,,-9600000.0,9800000.0,36000000.0,240600000.0,248100000.0,1923000000.0,682800000.0,38900000.0,39500000.0,524900000.0,157900000.0,600000.0,158500000.0,2605800000.0,211100000.0,211200000.0,214700000.0
Air Products and Chemicals Inc,APD,7QEON6Y1RL5XR3R1W237,2969,2012.0,Q3YTD,2011-10-01,2012-06-30,,4.87,4.87,1.86,4.8,,269500000.0,1051000000.0,884500000.0,166500000.0,1028600000.0,22400000.0,5128900000.0,7005900000.0,,,-37500000.0,-85900000.0,90400000.0,86800000.0,698700000.0,5128900000.0,1877000000.0,84800000.0,114300000.0,752500000.0,1124500000.0,29500000.0,1154000000.0,7005900000.0,211600000.0,211500000.0,214700000.0
Air Products and Chemicals Inc,APD,7QEON6Y1RL5XR3R1W237,2969,2012.0,Q3TTM,2011-07-01,2012-06-30,,7.95,7.95,0.79,7.81,,460100000.0,1725100000.0,1487300000.0,237800000.0,1679900000.0,45200000.0,8758500000.0,11884900000.0,,,-58600000.0,-85900000.0,152100000.0,86800000.0,1153800000.0,8758500000.0,3126400000.0,139900000.0,209100000.0,1248200000.0,1878200000.0,69200000.0,1947400000.0,11884900000.0,211600000.0,211500000.0,214700000.0
Air Products and Chemicals Inc,APD,7QEON6Y1RL5XR3R1W237,2969,2012.0,Q3,2012-04-01,2012-06-30,2013-07-24 16:48:52+00:00,2.29,2.29,0.64,2.26,,133300000.0,492500000.0,365200000.0,127300000.0,484500000.0,8000000.0,1690800000.0,2340100000.0,,,-10500000.0,-85900000.0,32500000.0,0.0,230400000.0,1690800000.0,649300000.0,26000000.0,41700000.0,166500000.0,482800000.0,15700000.0,498500000.0,2340100000.0,211600000.0,211500000.0,214700000.0
Air Products and Chemicals Inc,APD,7QEON6Y1RL5XR3R1W237,2969,2012.0,Q2YTD,2011-10-01,2012-03-31,,2.58,2.58,1.22,2.54,,136200000.0,558500000.0,519300000.0,39200000.0,544100000.0,14400000.0,3438100000.0,4665800000.0,,,-27000000.0,,57900000.0,86800000.0,468300000.0,3438100000.0,1227700000.0,58800000.0,72600000.0,586000000.0,641700000.0,13800000.0,655500000.0,4665800000.0,211400000.0,211100000.0,215000000.0
Air Products and Chemicals Inc,APD,7QEON6Y1RL5XR3R1W237,2969,2012.0,Q2TTM,2011-04-01,2012-03-31,,5.66,5.66,0.15,5.55,,326800000.0,1232600000.0,1122100000.0,110500000.0,1195400000.0,37200000.0,7067700000.0,9544800000.0,,,-48100000.0,,119600000.0,86800000.0,923400000.0,7067700000.0,2477100000.0,113900000.0,167400000.0,1081700000.0,1395400000.0,53500000.0,1448900000.0,9544800000.0,211400000.0,211100000.0,215000000.0
Air Products and Chemicals Inc,APD,7QEON6Y1RL5XR3R1W237,2969,2012.0,Q2,2012-01-01,2012-03-31,2013-04-25 10:01:23+00:00,1.4,1.4,0.64,1.38,,8800000.0,302200000.0,285200000.0,17000000.0,296000000.0,6200000.0,1715800000.0,2344300000.0,,,-13300000.0,,29800000.0,86800000.0,237300000.0,1715800000.0,628500000.0,29400000.0,35500000.0,340600000.0,287900000.0,6100000.0,294000000.0,2344300000.0,211400000.0,211100000.0,215000000.0
Air Products and Chemicals Inc,APD,7QEON6Y1RL5XR3R1W237,2969,2012.0,Q1TTM,2011-01-01,2011-12-31,,5.68,5.68,0.09,5.56,,421200000.0,1241900000.0,1129800000.0,112100000.0,1203700000.0,38200000.0,7100100000.0,9603500000.0,,,-48700000.0,5000000.0,117700000.0,,928100000.0,7100100000.0,2503400000.0,113900000.0,163600000.0,1002100000.0,1501300000.0,49700000.0,1551000000.0,9603500000.0,210300000.0,210300000.0,213900000.0
Air Products and Chemicals Inc,APD,7QEON6Y1RL5XR3R1W237,2969,2012.0,Q1,2011-10-01,2011-12-31,2013-01-25 11:07:02+00:00,1.18,1.18,0.58,1.16,,127400000.0,256300000.0,234100000.0,22200000.0,248100000.0,8200000.0,1722300000.0,2321500000.0,,,-13700000.0,,28100000.0,,231000000.0,1722300000.0,599200000.0,29400000.0,37100000.0,245400000.0,353800000.0,7700000.0,361500000.0,2321500000.0,210300000.0,210300000.0,213900000.0
Air Products and Chemicals Inc,APD,7QEON6Y1RL5XR3R1W237,2969,2013.0,FY,2012-10-01,2013-09-30,2015-11-24 11:03:53+00:00,4.74,4.74,2.77,4.68,0.0,307900000.0,1032500000.0,1042500000.0,-10000000.0,994200000.0,38300000.0,7472100000.0,10180400000.0,,,-60100000.0,12400000.0,133700000.0,231600000.0,1066300000.0,7472100000.0,2708300000.0,141800000.0,167800000.0,1383900000.0,1324400000.0,26000000.0,1350400000.0,10180400000.0,209700000.0,209700000.0,212300000.0
Air Products and Chemicals Inc,APD,7QEON6Y1RL5XR3R1W237,2969,2013.0,Q4,2013-07-01,2013-09-30,,0.64,0.64,0.71,0.63,,25800000.0,147300000.0,160400000.0,-13100000.0,137100000.0,10200000.0,1882900000.0,2586500000.0,,,-14400000.0,12400000.0,34600000.0,231600000.0,260200000.0,1882900000.0,703600000.0,35400000.0,42400000.0,524400000.0,179200000.0,7000000.0,186200000.0,2586500000.0,209700000.0,209700000.0,212300000.0
Air Products and Chemicals Inc,APD,7QEON6Y1RL5XR3R1W237,2969,2013.0,Q3YTD,2012-10-01,2013-06-30,,4.1,4.1,2.06,4.05,,282100000.0,885200000.0,882100000.0,3100000.0,857100000.0,28100000.0,5589200000.0,7593900000.0,,,-45700000.0,,99100000.0,,806100000.0,5589200000.0,2004700000.0,106400000.0,125400000.0,859500000.0,1145200000.0,19000000.0,1164200000.0,7593900000.0,209000000.0,209400000.0,211900000.0
Air Products and Chemicals Inc,APD,7QEON6Y1RL5XR3R1W237,2969,2013.0,Q3TTM,2012-07-01,2013-06-30,,4.76,4.76,0.2,4.69,,299900000.0,1027500000.0,1022800000.0,4700000.0,995800000.0,31700000.0,7512200000.0,10199700000.0,,,-55300000.0,9800000.0,135100000.0,240600000.0,1054200000.0,7512200000.0,2687500000.0,145300000.0,164900000.0,1384400000.0,1303100000.0,19600000.0,1322700000.0,10199700000.0,209000000.0,209400000.0,211900000.0
Air Products and Chemicals Inc,APD,7QEON6Y1RL5XR3R1W237,2969,2013.0,Q3,2013-04-01,2013-06-30,2014-07-24 15:02:09+00:00,1.38,1.38,0.71,1.36,,94100000.0,298400000.0,297800000.0,600000.0,288400000.0,10000000.0,1875500000.0,2547300000.0,,,-16100000.0,,33500000.0,,271300000.0,1875500000.0,671800000.0,35400000.0,44200000.0,288700000.0,383100000.0,8800000.0,391900000.0,2547300000.0,209000000.0,209400000.0,211900000.0
Air Products and Chemicals Inc,APD,7QEON6Y1RL5XR3R1W237,2969,2013.0,Q2YTD,2012-10-01,2013-03-31,,2.72,2.72,1.35,2.69,,188000000.0,586800000.0,584300000.0,2500000.0,568700000.0,18100000.0,3713700000.0,5046600000.0,,,-29600000.0,,65600000.0,,534800000.0,3713700000.0,1332900000.0,71000000.0,81200000.0,570800000.0,762100000.0,10200000.0,772300000.0,5046600000.0,208900000.0,208400000.0,211000000.0
Air Products and Chemicals Inc,APD,7QEON6Y1RL5XR3R1W237,2969,2013.0,Q2TTM,2012-04-01,2013-03-31,,5.67,5.67,0.13,5.59,,339100000.0,1221600000.0,1090200000.0,131400000.0,1191900000.0,29700000.0,7327500000.0,9992500000.0,,,-49700000.0,-76100000.0,134100000.0,240600000.0,1013300000.0,7327500000.0,2665000000.0,135900000.0,162400000.0,1262200000.0,1402800000.0,26500000.0,1429300000.0,9992500000.0,208900000.0,208400000.0,211000000.0
Air Products and Chemicals Inc,APD,7QEON6Y1RL5XR3R1W237,2969,2013.0,Q2,2013-01-01,2013-03-31,2014-04-24 11:21:47+00:00,1.39,1.39,0.71,1.38,,95800000.0,299600000.0,298500000.0,1100000.0,290400000.0,9200000.0,1813600000.0,2484200000.0,,,-18000000.0,,32300000.0,,266600000.0,1813600000.0,670600000.0,35200000.0,39800000.0,280900000.0,389700000.0,4600000.0,394300000.0,2484200000.0,208900000.0,208400000.0,211000000.0
Air Products and Chemicals Inc,APD,7QEON6Y1RL5XR3R1W237,2969,2013.0,Q1TTM,2012-01-01,2012-12-31,,5.68,5.68,0.06,5.59,,252100000.0,1224200000.0,1076900000.0,147300000.0,1197500000.0,26700000.0,7229700000.0,9852600000.0,,,-45000000.0,-76100000.0,131600000.0,327400000.0,984000000.0,7229700000.0,2622900000.0,130100000.0,158100000.0,1321900000.0,1301000000.0,28000000.0,1329000000.0,9852600000.0,209200000.0,210000000.0,212600000.0
Air Products and Chemicals Inc,APD,7QEON6Y1RL5XR3R1W237,2969,2013.0,Q1,2012-10-01,2012-12-31,2014-01-29 10:17:35+00:00,1.33,1.33,0.64,1.31,,92200000.0,287200000.0,285800000.0,1400000.0,278300000.0,8900000.0,1900100000.0,2562400000.0,,,-11600000.0,,33300000.0,,268200000.0,1900100000.0,662300000.0,35800000.0,41400000.0,289900000.0,372400000.0,5600000.0,378000000.0,2562400000.0,209200000.0,210000000.0,212600000.0
Air Products and Chemicals Inc,APD,7QEON6Y1RL5XR3R1W237,2969,2014.0,FY,2013-10-01,2014-09-30,2016-11-21 13:23:28+00:00,4.66,4.66,3.02,4.61,310100000.0,369400000.0,993100000.0,996000000.0,-2900000.0,991700000.0,1400000.0,7629900000.0,10439000000.0,,,-52800000.0,5500000.0,139800000.0,12700000.0,1054700000.0,7629900000.0,2809100000.0,125100000.0,151400000.0,1470000000.0,1339100000.0,26300000.0,1365400000.0,10439000000.0,212800000.0,212700000.0,215200000.0
Air Products and Chemicals Inc,APD,7QEON6Y1RL5XR3R1W237,2969,2014.0,Q4,2014-07-01,2014-09-30,,0.49,0.49,0.77,0.48,310100000.0,80700000.0,79000000.0,85000000.0,-6000000.0,104000000.0,-25000000.0,1927700000.0,2677000000.0,,,-11700000.0,5500000.0,39300000.0,12700000.0,238400000.0,1927700000.0,749300000.0,29000000.0,39700000.0,594300000.0,155000000.0,10700000.0,165700000.0,2677000000.0,212800000.0,212700000.0,215200000.0
Air Products and Chemicals Inc,APD,7QEON6Y1RL5XR3R1W237,2969,2014.0,Q3YTD,2013-10-01,2014-06-30,,4.17,4.17,2.25,4.13,,288700000.0,914100000.0,911000000.0,3100000.0,887700000.0,26400000.0,5702200000.0,7762000000.0,,,-41100000.0,,100500000.0,,816300000.0,5702200000.0,2059800000.0,96100000.0,111700000.0,875700000.0,1184100000.0,15600000.0,1199700000.0,7762000000.0,213600000.0,212900000.0,215400000.0
Air Products and Chemicals Inc,APD,7QEON6Y1RL5XR3R1W237,2969,2014.0,Q3TTM,2013-07-01,2014-06-30,,4.81,4.81,2.96,4.76,,314500000.0,1061400000.0,1071400000.0,-10000000.0,1024800000.0,36600000.0,7585100000.0,10348500000.0,,,-55500000.0,12400000.0,135100000.0,231600000.0,1076500000.0,7585100000.0,2763400000.0,131500000.0,154100000.0,1400100000.0,1363300000.0,22600000.0,1385900000.0,10348500000.0,213600000.0,212900000.0,215400000.0
Air Products and Chemicals Inc,APD,7QEON6Y1RL5XR3R1W237,2969,2014.0,Q3,2014-04-01,2014-06-30,2015-07-30 12:55:48+00:00,1.47,1.47,0.77,1.46,,102100000.0,323500000.0,323500000.0,0.0,314000000.0,9500000.0,1918700000.0,2634600000.0,,,-3700000.0,0.0,33800000.0,0.0,272000000.0,1918700000.0,715900000.0,31300000.0,43100000.0,302100000.0,413800000.0,11800000.0,425600000.0,2634600000.0,213600000.0,212900000.0,215400000.0
Air Products and Chemicals Inc,APD,7QEON6Y1RL5XR3R1W237,2969,2014.0,Q2YTD,2013-10-01,2014-03-31,,2.7,2.7,1.48,2.67,,186600000.0,590600000.0,587500000.0,3100000.0,573700000.0,16900000.0,3783500000.0,5127400000.0,,,-37400000.0,,66700000.0,,544300000.0,3783500000.0,1343900000.0,64800000.0,68600000.0,573600000.0,770300000.0,3800000.0,774100000.0,5127400000.0,213200000.0,212400000.0,214900000.0
Air Products and Chemicals Inc,APD,7QEON6Y1RL5XR3R1W237,2969,2014.0,Q2TTM,2013-04-01,2014-03-31,,4.72,4.72,2.9,4.66,,306500000.0,1036300000.0,1045700000.0,-9400000.0,999200000.0,37100000.0,7541900000.0,10261200000.0,,,-67900000.0,12400000.0,134800000.0,231600000.0,1075800000.0,7541900000.0,2719300000.0,135600000.0,155200000.0,1386700000.0,1332600000.0,19600000.0,1352200000.0,10261200000.0,213200000.0,212400000.0,214900000.0
Air Products and Chemicals Inc,APD,7QEON6Y1RL5XR3R1W237,2969,2014.0,Q2,2014-01-01,2014-03-31,2015-04-30 12:10:31+00:00,1.33,1.33,0.77,1.32,,92100000.0,291500000.0,291500000.0,0.0,283500000.0,8000000.0,1917600000.0,2581900000.0,,,-17000000.0,0.0,33200000.0,0.0,263400000.0,1917600000.0,664300000.0,31500000.0,30400000.0,279600000.0,384700000.0,-1100000.0,383600000.0,2581900000.0,213200000.0,212400000.0,214900000.0
Air Products and Chemicals Inc,APD,7QEON6Y1RL5XR3R1W237,2969,2014.0,Q1TTM,2013-01-01,2013-12-31,,4.78,4.78,2.84,4.72,,310200000.0,1044400000.0,1052700000.0,-8300000.0,1006100000.0,38300000.0,7437900000.0,10163500000.0,,,-68900000.0,12400000.0,133900000.0,231600000.0,1079000000.0,7437900000.0,2725600000.0,139300000.0,164600000.0,1388000000.0,1337600000.0,25300000.0,1362900000.0,10163500000.0,211800000.0,211800000.0,214300000.0
Air Products and Chemicals Inc,APD,7QEON6Y1RL5XR3R1W237,2969,2014.0,Q1,2013-10-01,2013-12-31,2015-01-30 09:13:37+00:00,1.37,1.37,0.71,1.35,,94500000.0,299100000.0,296000000.0,3100000.0,290200000.0,8900000.0,1865900000.0,2545500000.0,,,-20400000.0,0.0,33500000.0,0.0,280900000.0,1865900000.0,679600000.0,33300000.0,38200000.0,294000000.0,385600000.0,4900000.0,390500000.0,2545500000.0,211800000.0,211800000.0,214300000.0
Air Products and Chemicals Inc,APD,7QEON6Y1RL5XR3R1W237,2969,2015.0,FY,2014-10-01,2015-09-30,2017-11-16 08:20:11+00:00,5.95,5.95,3.2,5.88,0.0,300200000.0,1317600000.0,965900000.0,351700000.0,1277900000.0,39700000.0,5598200000.0,7824300000.0,,0.0,-38000000.0,1400000.0,76400000.0,180100000.0,773000000.0,5598200000.0,2226100000.0,119400000.0,152300000.0,992900000.0,1233200000.0,32900000.0,1266100000.0,7824300000.0,214800000.0,214900000.0,217300000.0
Air Products and Chemicals Inc,APD,7QEON6Y1RL5XR3R1W237,2969,2015.0,Q4,2015-07-01,2015-09-30,,1.6,1.6,0.81,1.58,,1900000.0,350000000.0,-5300000.0,355300000.0,344500000.0,5500000.0,353800000.0,378800000.0,,,-20500000.0,5100000.0,-28200000.0,34100000.0,33000000.0,353800000.0,25000000.0,38700000.0,33800000.0,23500000.0,1500000.0,-4900000.0,-3400000.0,378800000.0,214800000.0,214900000.0,217300000.0
Air Products and Chemicals Inc,APD,7QEON6Y1RL5XR3R1W237,2969,2015.0,Q3,2015-04-01,2015-06-30,2016-07-28 18:53:24+00:00,1.48,1.48,0.81,1.47,,104100000.0,333200000.0,334900000.0,-1700000.0,318800000.0,14400000.0,1715200000.0,2470200000.0,,,-4500000.0,1600000.0,33400000.0,58200000.0,241500000.0,1715200000.0,755000000.0,28200000.0,42400000.0,330200000.0,424800000.0,14200000.0,439000000.0,2470200000.0,215400000.0,215200000.0,217400000.0
Air Products and Chemicals Inc,APD,7QEON6Y1RL5XR3R1W237,2969,2015.0,Q3YTD,2014-10-01,2015-06-30,,4.35,4.35,2.39,4.3,,298300000.0,967600000.0,971200000.0,-3600000.0,933400000.0,34200000.0,5244400000.0,7445500000.0,,,-17500000.0,-3700000.0,104600000.0,146000000.0,740000000.0,5244400000.0,2201100000.0,80700000.0,118500000.0,969400000.0,1231700000.0,37800000.0,1269500000.0,7445500000.0,215400000.0,215200000.0,217400000.0
Air Products and Chemicals Inc,APD,7QEON6Y1RL5XR3R1W237,2969,2015.0,Q3TTM,2014-07-01,2015-06-30,,4.84,4.84,3.16,4.78,310100000.0,379000000.0,1046600000.0,1056200000.0,-9600000.0,1037400000.0,9200000.0,7172100000.0,10122500000.0,,,-29200000.0,1800000.0,143900000.0,158700000.0,978400000.0,7172100000.0,2950400000.0,109700000.0,158200000.0,1563700000.0,1386700000.0,48500000.0,1435200000.0,10122500000.0,215400000.0,215200000.0,217400000.0
Air Products and Chemicals Inc,APD,7QEON6Y1RL5XR3R1W237,2969,2015.0,Q2,2015-01-01,2015-03-31,2016-04-28 14:24:04+00:00,1.35,1.35,0.81,1.33,,87700000.0,296900000.0,298800000.0,-1900000.0,290000000.0,6900000.0,1698200000.0,2414500000.0,,,-4700000.0,12600000.0,35800000.0,55400000.0,240300000.0,1698200000.0,716300000.0,23400000.0,33000000.0,339400000.0,376900000.0,9600000.0,386500000.0,2414500000.0,214800000.0,214900000.0,217400000.0
Air Products and Chemicals Inc,APD,7QEON6Y1RL5XR3R1W237,2969,2015.0,Q2YTD,2014-10-01,2015-03-31,,2.87,2.87,1.58,2.83,,194200000.0,634400000.0,636300000.0,-1900000.0,614600000.0,19800000.0,3529200000.0,4975300000.0,,,-13000000.0,-5300000.0,71200000.0,87800000.0,498500000.0,3529200000.0,1446100000.0,52500000.0,76100000.0,639200000.0,806900000.0,23600000.0,830500000.0,4975300000.0,214800000.0,214900000.0,217400000.0
Air Products and Chemicals Inc,APD,7QEON6Y1RL5XR3R1W237,2969,2015.0,Q2TTM,2014-04-01,2015-03-31,,4.83,4.83,3.12,4.77,310100000.0,377000000.0,1036900000.0,1044800000.0,-7900000.0,1032600000.0,4300000.0,7375600000.0,10286900000.0,,,-28400000.0,200000.0,144300000.0,100500000.0,1008900000.0,7375600000.0,2911300000.0,112800000.0,158900000.0,1535600000.0,1375700000.0,46100000.0,1421800000.0,10286900000.0,214800000.0,214900000.0,217400000.0
Air Products and Chemicals Inc,APD,7QEON6Y1RL5XR3R1W237,2969,2015.0,Q1,2014-10-01,2014-12-31,2016-01-29 12:02:28+00:00,1.52,1.52,0.77,1.5,,106500000.0,337500000.0,337500000.0,0.0,324600000.0,12900000.0,1831000000.0,2560800000.0,,,-8300000.0,-17900000.0,35400000.0,32400000.0,258200000.0,1831000000.0,729800000.0,29100000.0,43100000.0,299800000.0,430000000.0,14000000.0,444000000.0,2560800000.0,213600000.0,214200000.0,216600000.0
Air Products and Chemicals Inc,APD,7QEON6Y1RL5XR3R1W237,2969,2015.0,Q1TTM,2014-01-01,2014-12-31,,4.81,4.81,3.08,4.76,310100000.0,381400000.0,1031500000.0,1037500000.0,-6000000.0,1026100000.0,5400000.0,7595000000.0,10454300000.0,,,-40700000.0,-12400000.0,141700000.0,45100000.0,1032000000.0,7595000000.0,2859300000.0,120900000.0,156300000.0,1475800000.0,1383500000.0,35400000.0,1418900000.0,10454300000.0,213600000.0,214200000.0,216600000.0
Air Products and Chemicals Inc,APD,7QEON6Y1RL5XR3R1W237,2969,2016.0,FY,2015-10-01,2016-09-30,2018-11-20 14:47:42+00:00,2.92,2.92,3.39,2.89,0.0,432600000.0,661500000.0,1122000000.0,-460500000.0,631100000.0,30400000.0,5177300000.0,7503700000.0,,-5400000.0,1200000.0,,71800000.0,34500000.0,683800000.0,5177300000.0,2326400000.0,122100000.0,147000000.0,791300000.0,1535100000.0,19500000.0,1554600000.0,7503700000.0,216100000.0,216400000.0,218300000.0
Air Products and Chemicals Inc,APD,7QEON6Y1RL5XR3R1W237,2969,2016.0,Q4,2016-07-01,2016-09-30,,1.83,1.83,-2.53,1.8,,96800000.0,400900000.0,294400000.0,106500000.0,394000000.0,6900000.0,1348200000.0,1945500000.0,,-5400000.0,1600000.0,-3000000.0,18000000.0,10600000.0,173700000.0,1348200000.0,597300000.0,39100000.0,39300000.0,200900000.0,396400000.0,-5200000.0,391200000.0,1945500000.0,216100000.0,216400000.0,218300000.0
Air Products and Chemicals Inc,APD,7QEON6Y1RL5XR3R1W237,2969,2016.0,Q3,2016-04-01,2016-06-30,2017-08-01 13:34:14+00:00,1.6,1.6,0.86,1.59,0.0,145900000.0,354100000.0,255700000.0,98400000.0,346800000.0,7300000.0,1320200000.0,1914500000.0,,0.0,-1600000.0,1000000.0,18700000.0,13200000.0,168400000.0,1320200000.0,594300000.0,35100000.0,42100000.0,199700000.0,394600000.0,7000000.0,401600000.0,1914500000.0,216800000.0,216600000.0,218500000.0
Air Products and Chemicals Inc,APD,7QEON6Y1RL5XR3R1W237,2969,2016.0,Q3YTD,2015-10-01,2016-06-30,,1.09,1.09,2.53,1.09,,335800000.0,260600000.0,827600000.0,-567000000.0,237100000.0,23500000.0,3829100000.0,5558200000.0,,,-400000.0,3000000.0,53800000.0,23900000.0,510100000.0,3829100000.0,1729100000.0,83000000.0,107700000.0,590400000.0,1138700000.0,24700000.0,1163400000.0,5558200000.0,216800000.0,216600000.0,218500000.0
Air Products and Chemicals Inc,APD,7QEON6Y1RL5XR3R1W237,2969,2016.0,Q3TTM,2015-07-01,2016-06-30,,2.69,2.69,3.34,2.67,,337700000.0,610600000.0,822300000.0,-211700000.0,581600000.0,29000000.0,4182900000.0,5937000000.0,,,-20900000.0,8100000.0,25600000.0,58000000.0,543100000.0,4182900000.0,1754100000.0,121700000.0,141500000.0,613900000.0,1140200000.0,19800000.0,1160000000.0,5937000000.0,216800000.0,216600000.0,218500000.0
Air Products and Chemicals Inc,APD,7QEON6Y1RL5XR3R1W237,2969,2016.0,Q2,2016-01-01,2016-03-31,2017-04-27 14:07:47+00:00,-2.19,-2.19,0.86,-2.17,,93500000.0,-465500000.0,284700000.0,-750200000.0,-473300000.0,7800000.0,1213000000.0,1777400000.0,,0.0,-5900000.0,2000000.0,18200000.0,10700000.0,167800000.0,1213000000.0,564400000.0,25700000.0,32300000.0,192800000.0,371600000.0,6600000.0,378200000.0,1777400000.0,216100000.0,216100000.0,217900000.0
Air Products and Chemicals Inc,APD,7QEON6Y1RL5XR3R1W237,2969,2016.0,Q2YTD,2015-10-01,2016-03-31,,-0.51,-0.51,1.67,-0.5,,189900000.0,-93500000.0,571900000.0,-665400000.0,-109700000.0,16200000.0,2508900000.0,3643700000.0,,,1200000.0,2000000.0,35100000.0,10700000.0,341700000.0,2508900000.0,1134800000.0,47900000.0,65600000.0,390700000.0,744100000.0,17700000.0,761800000.0,3643700000.0,216100000.0,216100000.0,217900000.0
Air Products and Chemicals Inc,APD,7QEON6Y1RL5XR3R1W237,2969,2016.0,Q2TTM,2015-04-01,2016-03-31,,2.57,2.57,3.29,2.55,,295900000.0,589700000.0,901500000.0,-311800000.0,553600000.0,36100000.0,4577900000.0,6492700000.0,,,-23800000.0,8700000.0,40300000.0,103000000.0,616200000.0,4577900000.0,1914800000.0,114800000.0,141800000.0,744400000.0,1170400000.0,27000000.0,1197400000.0,6492700000.0,216100000.0,216100000.0,217900000.0
Air Products and Chemicals Inc,APD,7QEON6Y1RL5XR3R1W237,2969,2016.0,Q1,2015-10-01,2015-12-31,2017-01-27 14:01:39+00:00,1.68,1.68,0.81,1.67,,96400000.0,372000000.0,287200000.0,84800000.0,363600000.0,8400000.0,1295900000.0,1866300000.0,,,7100000.0,,16900000.0,0.0,173900000.0,1295900000.0,570400000.0,22200000.0,33300000.0,197900000.0,372500000.0,11100000.0,383600000.0,1866300000.0,216400000.0,215800000.0,217600000.0
Air Products and Chemicals Inc,APD,7QEON6Y1RL5XR3R1W237,2969,2016.0,Q1TTM,2015-01-01,2015-12-31,,6.11,6.11,3.24,6.05,,290100000.0,1352100000.0,915600000.0,436500000.0,1316900000.0,35200000.0,5063100000.0,7129800000.0,,,-22600000.0,19300000.0,57900000.0,147700000.0,688700000.0,5063100000.0,2066700000.0,112500000.0,142500000.0,891000000.0,1175700000.0,30000000.0,1205700000.0,7129800000.0,216400000.0,215800000.0,217600000.0
Air Products and Chemicals Inc,APD,7QEON6Y1RL5XR3R1W237,2969,2017.0,FY,2016-10-01,2017-09-30,2019-11-26 13:55:27+00:00,13.76,13.76,3.71,13.65,162100000.0,260900000.0,3021200000.0,1155200000.0,1866000000.0,3000400000.0,20800000.0,5751500000.0,8187600000.0,,16600000.0,-88500000.0,0.0,57600000.0,151400000.0,713500000.0,5751500000.0,2436100000.0,120600000.0,80100000.0,996100000.0,1440000000.0,-23900000.0,1416100000.0,8187600000.0,218100000.0,218000000.0,219800000.0
Air Products and Chemicals Inc,APD,7QEON6Y1RL5XR3R1W237,2969,2017.0,Q4,2017-07-01,2017-09-30,,2.13,2.13,0.95,2.12,,-1300000.0,475000000.0,480500000.0,-5500000.0,468700000.0,6300000.0,1545000000.0,2203100000.0,,7800000.0,-48000000.0,,13200000.0,48400000.0,187100000.0,1545000000.0,658100000.0,30800000.0,44800000.0,200700000.0,457400000.0,21800000.0,479200000.0,2203100000.0,218100000.0,218000000.0,219800000.0
Air Products and Chemicals Inc,APD,7QEON6Y1RL5XR3R1W237,2969,2017.0,Q3,2017-04-01,2017-06-30,2018-07-26 15:24:52+00:00,0.47,0.47,0.95,0.46,162100000.0,89300000.0,104100000.0,106400000.0,-2300000.0,101900000.0,2200000.0,1486000000.0,2121900000.0,,3700000.0,-26300000.0,,14600000.0,42700000.0,184100000.0,1486000000.0,635900000.0,29800000.0,-36900000.0,377200000.0,258700000.0,-63000000.0,195700000.0,2121900000.0,216800000.0,218100000.0,219800000.0
Air Products and Chemicals Inc,APD,7QEON6Y1RL5XR3R1W237,2969,2017.0,Q3YTD,2016-10-01,2017-06-30,,11.63,11.63,2.76,11.53,162100000.0,262200000.0,2546200000.0,674700000.0,1871500000.0,2531700000.0,14500000.0,4206500000.0,5984500000.0,,8800000.0,-40500000.0,,44400000.0,103000000.0,526400000.0,4206500000.0,1778000000.0,89800000.0,35300000.0,795400000.0,982600000.0,-45700000.0,936900000.0,5984500000.0,216800000.0,218100000.0,219800000.0
Air Products and Chemicals Inc,APD,7QEON6Y1RL5XR3R1W237,2969,2017.0,Q3TTM,2016-07-01,2017-06-30,,13.46,13.46,0.23,13.33,162100000.0,359000000.0,2947100000.0,969100000.0,1978000000.0,2925700000.0,21400000.0,5554700000.0,7930000000.0,,3400000.0,-38900000.0,-3000000.0,62400000.0,113600000.0,700100000.0,5554700000.0,2375300000.0,128900000.0,74600000.0,996300000.0,1379000000.0,-50900000.0,1328100000.0,7930000000.0,216800000.0,218100000.0,219800000.0
Air Products and Chemicals Inc,APD,7QEON6Y1RL5XR3R1W237,2969,2017.0,Q2,2017-01-01,2017-03-31,2018-04-26 13:44:13+00:00,9.78,9.78,0.95,9.7,,94500000.0,2135700000.0,310100000.0,1825600000.0,2130000000.0,5700000.0,1403800000.0,1980100000.0,,5300000.0,-22000000.0,,14800000.0,10300000.0,177600000.0,1403800000.0,576300000.0,30500000.0,34200000.0,180700000.0,395600000.0,9000000.0,404600000.0,1980100000.0,217800000.0,217900000.0,219700000.0
Air Products and Chemicals Inc,APD,7QEON6Y1RL5XR3R1W237,2969,2017.0,Q2YTD,2016-10-01,2017-03-31,,11.16,11.16,1.81,11.07,,172900000.0,2442100000.0,568300000.0,1873800000.0,2429800000.0,12300000.0,2720500000.0,3862600000.0,,5100000.0,-14200000.0,,29800000.0,60300000.0,342300000.0,2720500000.0,1142100000.0,60000000.0,72200000.0,418200000.0,723900000.0,17300000.0,741200000.0,3862600000.0,217800000.0,217900000.0,219700000.0
Air Products and Chemicals Inc,APD,7QEON6Y1RL5XR3R1W237,2969,2017.0,Q2TTM,2016-04-01,2017-03-31,,14.59,14.59,0.14,14.46,,415600000.0,3197100000.0,1118400000.0,2078700000.0,3170600000.0,26500000.0,5388900000.0,7722600000.0,,-300000.0,-14200000.0,-2000000.0,66500000.0,84100000.0,684400000.0,5388900000.0,2333700000.0,134200000.0,153600000.0,818800000.0,1514900000.0,19100000.0,1534000000.0,7722600000.0,217800000.0,217900000.0,219700000.0
Air Products and Chemicals Inc,APD,7QEON6Y1RL5XR3R1W237,2969,2017.0,Q1,2016-10-01,2016-12-31,2018-01-26 12:35:42+00:00,1.38,1.38,0.86,1.37,,78400000.0,306400000.0,258200000.0,48200000.0,299800000.0,6600000.0,1316700000.0,1882500000.0,,-200000.0,7800000.0,,15000000.0,50000000.0,164700000.0,1316700000.0,565800000.0,29500000.0,38000000.0,237500000.0,328300000.0,8300000.0,336600000.0,1882500000.0,217200000.0,217700000.0,219700000.0
Air Products and Chemicals Inc,APD,7QEON6Y1RL5XR3R1W237,2969,2017.0,Q1TTM,2016-01-01,2016-12-31,,2.62,2.62,0.05,2.59,,414600000.0,595900000.0,1093000000.0,-497100000.0,567300000.0,28600000.0,5198100000.0,7519900000.0,,-5600000.0,1900000.0,,69900000.0,84500000.0,674600000.0,5198100000.0,2321800000.0,129400000.0,151700000.0,830900000.0,1490900000.0,16700000.0,1507600000.0,7519900000.0,217200000.0,217700000.0,219700000.0
Air Products and Chemicals Inc,APD,7QEON6Y1RL5XR3R1W237,2969,2018.0,FY,2017-10-01,2018-09-30,2019-11-26 13:55:27+00:00,6.83,6.83,4.25,6.78,0.0,524300000.0,1532900000.0,1490700000.0,42200000.0,1497800000.0,35100000.0,6189500000.0,8930200000.0,,5100000.0,-50200000.0,0.0,64500000.0,0.0,760800000.0,6189500000.0,2740700000.0,130500000.0,174800000.0,775100000.0,1965600000.0,49400000.0,2015000000.0,8930200000.0,219300000.0,219300000.0,220800000.0
Air Products and Chemicals Inc,APD,7QEON6Y1RL5XR3R1W237,2969,2018.0,Q4,2018-07-01,2018-09-30,,2.06,2.06,4.25,2.04,,69200000.0,459700000.0,459700000.0,,452900000.0,6800000.0,1565800000.0,2298900000.0,,-28600000.0,-7000000.0,,20400000.0,,186000000.0,1565800000.0,733100000.0,35400000.0,59200000.0,199400000.0,533700000.0,-4800000.0,528900000.0,2298900000.0,219300000.0,219300000.0,220800000.0
Air Products and Chemicals Inc,APD,7QEON6Y1RL5XR3R1W237,2969,2018.0,Q3,2018-04-01,2018-06-30,2019-07-25 13:01:31+00:00,2.16,2.16,,2.15,0.0,107100000.0,487900000.0,444700000.0,43200000.0,473900000.0,14000000.0,1545400000.0,2259000000.0,,12800000.0,-5800000.0,0.0,15000000.0,0.0,188600000.0,1545400000.0,713600000.0,34900000.0,58100000.0,197800000.0,515800000.0,36000000.0,551800000.0,2259000000.0,219400000.0,219500000.0,220900000.0
Air Products and Chemicals Inc,APD,7QEON6Y1RL5XR3R1W237,2969,2018.0,Q3YTD,2017-10-01,2018-06-30,,4.77,4.77,,4.74,,455100000.0,1073200000.0,1031000000.0,42200000.0,1044900000.0,28300000.0,4623700000.0,6631300000.0,,33700000.0,-43200000.0,,44100000.0,,574800000.0,4623700000.0,2007600000.0,95100000.0,115600000.0,575700000.0,1431900000.0,54200000.0,1486100000.0,6631300000.0,219400000.0,219500000.0,220900000.0
Air Products and Chemicals Inc,APD,7QEON6Y1RL5XR3R1W237,2969,2018.0,Q3TTM,2017-07-01,2018-06-30,,6.9,6.9,0.95,6.86,,453800000.0,1548200000.0,1511500000.0,36700000.0,1513600000.0,34600000.0,6168700000.0,8834400000.0,,41500000.0,-91200000.0,,57300000.0,48400000.0,761900000.0,6168700000.0,2665700000.0,125900000.0,160400000.0,776400000.0,1889300000.0,76000000.0,1965300000.0,8834400000.0,219400000.0,219500000.0,220900000.0
Air Products and Chemicals Inc,APD,7QEON6Y1RL5XR3R1W237,2969,2018.0,Q2,2018-01-01,2018-03-31,2019-04-24 13:03:37+00:00,1.9,1.9,,1.89,0.0,56200000.0,423600000.0,423600000.0,0.0,416400000.0,7200000.0,1506500000.0,2155700000.0,,11100000.0,-15300000.0,,14500000.0,,194600000.0,1506500000.0,649200000.0,30400000.0,43700000.0,193800000.0,455400000.0,24400000.0,479800000.0,2155700000.0,219200000.0,219400000.0,220800000.0
Air Products and Chemicals Inc,APD,7QEON6Y1RL5XR3R1W237,2969,2018.0,Q2YTD,2017-10-01,2018-03-31,,2.61,2.61,,2.59,,348000000.0,585300000.0,586300000.0,-1000000.0,571000000.0,14300000.0,3078300000.0,4372300000.0,,20900000.0,-37400000.0,,29100000.0,,386200000.0,3078300000.0,1294000000.0,60200000.0,57500000.0,377900000.0,916100000.0,18200000.0,934300000.0,4372300000.0,219200000.0,219400000.0,220800000.0
Air Products and Chemicals Inc,APD,7QEON6Y1RL5XR3R1W237,2969,2018.0,Q2TTM,2017-04-01,2018-03-31,,5.21,5.21,1.9,5.17,162100000.0,436000000.0,1164400000.0,1173200000.0,-8800000.0,1141600000.0,22800000.0,6109300000.0,8697300000.0,,32400000.0,-111700000.0,,56900000.0,91100000.0,757400000.0,6109300000.0,2588000000.0,120800000.0,65400000.0,955800000.0,1632200000.0,-23000000.0,1609200000.0,8697300000.0,219200000.0,219400000.0,220800000.0
Air Products and Chemicals Inc,APD,7QEON6Y1RL5XR3R1W237,2969,2018.0,Q1,2017-10-01,2017-12-31,2019-01-25 13:51:25+00:00,0.71,0.71,0.95,0.7,,291800000.0,161700000.0,162700000.0,-1000000.0,154600000.0,7100000.0,1571800000.0,2216600000.0,,9800000.0,-22100000.0,,14600000.0,,191600000.0,1571800000.0,644800000.0,29800000.0,13800000.0,184100000.0,460700000.0,-6200000.0,454500000.0,2216600000.0,217700000.0,218900000.0,220400000.0
Air Products and Chemicals Inc,APD,7QEON6Y1RL5XR3R1W237,2969,2018.0,Q1TTM,2017-01-01,2017-12-31,,13.09,13.09,2.85,12.98,162100000.0,474300000.0,2876500000.0,1059700000.0,1816800000.0,2855200000.0,21300000.0,6006600000.0,8521700000.0,,26600000.0,-118400000.0,,57200000.0,101400000.0,740400000.0,6006600000.0,2515100000.0,120900000.0,55900000.0,942700000.0,1572400000.0,-38400000.0,1534000000.0,8521700000.0,217700000.0,218900000.0,220400000.0
Air Products and Chemicals Inc,APD,7QEON6Y1RL5XR3R1W237,2969,2019.0,Q4,2019-07-01,2019-09-30,,2.29,2.29,2.32,2.27,,131200000.0,518700000.0,518700000.0,,503200000.0,15500000.0,1490800000.0,2283200000.0,,16900000.0,-15600000.0,,22900000.0,,181900000.0,1490800000.0,792400000.0,30100000.0,59900000.0,189200000.0,603200000.0,46700000.0,649900000.0,2283200000.0,220300000.0,220300000.0,221600000.0
Air Products and Chemicals Inc,APD,7QEON6Y1RL5XR3R1W237,2969,2019.0,FY,2018-10-01,2019-09-30,2019-11-26 13:55:27+00:00,7.99,7.99,4.58,7.94,29000000.0,480100000.0,1809400000.0,1809400000.0,0.0,1760000000.0,49400000.0,5975500000.0,8918900000.0,,66700000.0,-49300000.0,-29100000.0,72900000.0,25500000.0,750000000.0,5975500000.0,2943400000.0,137000000.0,215400000.0,799000000.0,2144400000.0,145100000.0,2289500000.0,8918900000.0,220300000.0,220300000.0,221600000.0
Air Products and Chemicals Inc,APD,7QEON6Y1RL5XR3R1W237,2969,2019.0,Q3,2019-04-01,2019-06-30,2019-07-25 13:01:31+00:00,2.21,2.21,,2.2,0.0,109300000.0,500200000.0,500200000.0,0.0,488000000.0,12200000.0,1466000000.0,2224000000.0,,17600000.0,-14700000.0,-29100000.0,18100000.0,25500000.0,188500000.0,1466000000.0,758000000.0,34200000.0,56400000.0,188300000.0,569700000.0,39800000.0,609500000.0,2224000000.0,220800000.0,220600000.0,221900000.0
Air Products and Chemicals Inc,APD,7QEON6Y1RL5XR3R1W237,2969,2019.0,Q3YTD,2018-10-01,2019-06-30,,5.7,5.7,2.26,5.67,29000000.0,348900000.0,1290700000.0,1290700000.0,,1256800000.0,33900000.0,4484700000.0,6635700000.0,,49800000.0,-33700000.0,-29100000.0,50000000.0,25500000.0,568100000.0,4484700000.0,2151000000.0,106900000.0,155500000.0,609800000.0,1541200000.0,98400000.0,1639600000.0,6635700000.0,220800000.0,220600000.0,221900000.0
Air Products and Chemicals Inc,APD,7QEON6Y1RL5XR3R1W237,2969,2019.0,Q3TTM,2018-07-01,2019-06-30,,7.76,7.76,6.51,7.71,29000000.0,418100000.0,1750400000.0,1750400000.0,,1709700000.0,40700000.0,6050500000.0,8934600000.0,,21200000.0,-40700000.0,-29100000.0,70400000.0,25500000.0,754100000.0,6050500000.0,2884100000.0,142300000.0,214700000.0,809200000.0,2074900000.0,93600000.0,2168500000.0,8934600000.0,220800000.0,220600000.0,221900000.0
Air Products and Chemicals Inc,APD,7QEON6Y1RL5XR3R1W237,2969,2019.0,Q2,2019-01-01,2019-03-31,2020-04-23 12:19:50+00:00,1.91,1.91,1.16,1.9,0.0,107500000.0,433500000.0,433500000.0,0.0,421300000.0,12200000.0,1474700000.0,2187700000.0,,13700000.0,-10400000.0,0.0,16900000.0,,190000000.0,1474700000.0,713000000.0,35400000.0,46200000.0,196500000.0,516500000.0,24500000.0,541000000.0,2187700000.0,220600000.0,220200000.0,221400000.0
Air Products and Chemicals Inc,APD,7QEON6Y1RL5XR3R1W237,2969,2019.0,Q2YTD,2018-10-01,2019-03-31,,3.49,3.49,2.26,3.47,29000000.0,239600000.0,790500000.0,790500000.0,,768800000.0,21700000.0,3018700000.0,4411700000.0,,32200000.0,-19000000.0,,31900000.0,,379600000.0,3018700000.0,1393000000.0,72700000.0,99100000.0,421500000.0,971500000.0,58600000.0,1030100000.0,4411700000.0,220600000.0,220200000.0,221400000.0
Air Products and Chemicals Inc,APD,7QEON6Y1RL5XR3R1W237,2969,2019.0,Q2TTM,2018-04-01,2019-03-31,,7.71,7.71,6.51,7.66,29000000.0,415900000.0,1738100000.0,1694900000.0,43200000.0,1695600000.0,42500000.0,6129900000.0,8969600000.0,,16400000.0,-31800000.0,,67300000.0,,754200000.0,6129900000.0,2839700000.0,143000000.0,216400000.0,818700000.0,2021000000.0,89800000.0,2110800000.0,8969600000.0,220600000.0,220200000.0,221400000.0
Air Products and Chemicals Inc,APD,7QEON6Y1RL5XR3R1W237,2969,2019.0,Q1,2018-10-01,2018-12-31,2020-01-24 12:25:43+00:00,1.58,1.58,1.1,1.57,29000000.0,132100000.0,357000000.0,357000000.0,,347500000.0,9500000.0,1544000000.0,2224000000.0,,18500000.0,-8600000.0,,15000000.0,,189600000.0,1544000000.0,680000000.0,37300000.0,52900000.0,225000000.0,455000000.0,34100000.0,489100000.0,2224000000.0,219900000.0,219900000.0,221000000.0
Air Products and Chemicals Inc,APD,7QEON6Y1RL5XR3R1W237,2969,2019.0,Q1TTM,2018-01-01,2018-12-31,,7.7,7.7,5.35,7.65,29000000.0,364600000.0,1728200000.0,1685000000.0,43200000.0,1690700000.0,37500000.0,6161700000.0,8937600000.0,,13800000.0,-36700000.0,,64900000.0,,758800000.0,6161700000.0,2775900000.0,138000000.0,213900000.0,816000000.0,1959900000.0,89700000.0,2049600000.0,8937600000.0,219900000.0,219900000.0,221000000.0
Air Products and Chemicals Inc,APD,7QEON6Y1RL5XR3R1W237,2969,2020.0,Q2YTD,2019-10-01,2020-03-31,,4.31,4.31,2.5,4.29,,269200000.0,979300000.0,993600000.0,-14300000.0,953400000.0,25900000.0,2946700000.0,4471000000.0,,16200000.0,-20400000.0,-33800000.0,36900000.0,,403400000.0,2946700000.0,1524300000.0,38000000.0,146400000.0,386100000.0,1138200000.0,124600000.0,1262800000.0,4471000000.0,221200000.0,221200000.0,222300000.0
Air Products and Chemicals Inc,APD,7QEON6Y1RL5XR3R1W237,2969,2020.0,Q2TTM,2019-04-01,2020-03-31,,8.81,8.81,4.82,8.76,,509700000.0,1998200000.0,2012500000.0,-14300000.0,1944600000.0,53600000.0,5903500000.0,8978200000.0,,50700000.0,-50700000.0,-62900000.0,77900000.0,25500000.0,773800000.0,5903500000.0,3074700000.0,102300000.0,262700000.0,763600000.0,2311100000.0,211100000.0,2522200000.0,8978200000.0,221200000.0,221200000.0,222300000.0
Air Products and Chemicals Inc,APD,7QEON6Y1RL5XR3R1W237,2969,2020.0,Q2,2020-01-01,2020-03-31,2020-04-23 12:19:50+00:00,2.16,2.16,1.34,2.15,0.0,148500000.0,490400000.0,504700000.0,-14300000.0,477800000.0,12600000.0,1460100000.0,2216300000.0,,7100000.0,-8100000.0,-33800000.0,19200000.0,,201700000.0,1460100000.0,756200000.0,19300000.0,88200000.0,179000000.0,577200000.0,76000000.0,653200000.0,2216300000.0,221200000.0,221200000.0,222300000.0
Air Products and Chemicals Inc,APD,7QEON6Y1RL5XR3R1W237,2969,2020.0,Q1TTM,2019-01-01,2019-12-31,,8.56,8.56,4.64,8.51,,468700000.0,1941300000.0,1941300000.0,,1888100000.0,53200000.0,5918100000.0,8949600000.0,,57300000.0,-53000000.0,-29100000.0,75600000.0,25500000.0,762100000.0,5918100000.0,3031500000.0,118400000.0,220700000.0,781100000.0,2250400000.0,159600000.0,2410000000.0,8949600000.0,221200000.0,220900000.0,222200000.0
Air Products and Chemicals Inc,APD,7QEON6Y1RL5XR3R1W237,2969,2020.0,Q1,2019-10-01,2019-12-31,2020-01-24 12:25:43+00:00,2.15,2.15,1.16,2.14,0.0,120700000.0,488900000.0,488900000.0,,475600000.0,13300000.0,1486600000.0,2254700000.0,,9100000.0,-12300000.0,,17700000.0,,201700000.0,1486600000.0,768100000.0,18700000.0,58200000.0,207100000.0,561000000.0,48600000.0,609600000.0,2254700000.0,221200000.0,220900000.0,222200000.0
