company_name,company_ticker,company_lei,company_cik,year,quarter,start_date,end_date,filing_date,basicdilutedeps,basiceps,cashdividendspershare,depreciationexpense,dilutedeps,impairmentexpense,incometaxexpense,netincome,netincomecontinuing,netincomediscontinued,netincometocommon,netincometononcontrollinginterest,operatingcostofrevenue,operatingrevenue,otheradjustmentstoconsolidatednetincome,otherincome,otheroperatingexpenses,otherspecialcharges,restructuringcharge,sgaexpense,totalcostofrevenue,totalgrossprofit,totalinterestexpense,totalinterestincome,totaloperatingexpenses,totaloperatingincome,totalotherincome,totalpretaxincome,totalrevenue,weightedavebasicdilutedsharesos,weightedavebasicsharesos,weightedavedilutedsharesos
Tapstone Energy Inc,TE,O7KLLUCLFHPD07BN2U20,350563,2008.0,FY,2008-01-01,2008-12-31,2011-02-28 14:34:19+00:00,0.77,0.77,0.795,266100000.0,0.77,0.0,94400000.0,162400000.0,162400000.0,,162400000.0,0.0,2215900000.0,3375300000.0,,27800000.0,211500000.0,900000.0,0.0,295900000.0,2215900000.0,1159400000.0,228900000.0,72900000.0,774400000.0,385000000.0,-128200000.0,256800000.0,3375300000.0,210900000.0,210600000.0,211400000.0
Tapstone Energy Inc,TE,O7KLLUCLFHPD07BN2U20,350563,2009.0,FY,2009-01-01,2009-12-31,2012-02-24 16:36:36+00:00,1.0,1.0,0.8,287900000.0,1.0,0.0,98600000.0,213900000.0,213900000.0,,213900000.0,0.0,1788900000.0,3310500000.0,,32600000.0,412000000.0,,25700000.0,335800000.0,1788900000.0,1521600000.0,227000000.0,46700000.0,1061400000.0,460200000.0,-147700000.0,312500000.0,3310500000.0,213900000.0,211800000.0,213100000.0
Tapstone Energy Inc,TE,O7KLLUCLFHPD07BN2U20,350563,2009.0,Q3,2009-07-01,2009-09-30,2010-11-05 07:06:56+00:00,0.3,0.3,0.2,72800000.0,0.3,0.0,27900000.0,64800000.0,64800000.0,,64800000.0,0.0,516800000.0,896300000.0,,3700000.0,56100000.0,,25000000.0,90600000.0,516800000.0,379500000.0,57300000.0,11300000.0,244500000.0,135000000.0,-42300000.0,92700000.0,896300000.0,216000000.0,211900000.0,213200000.0
Tapstone Energy Inc,TE,O7KLLUCLFHPD07BN2U20,350563,2009.0,Q2,2009-04-01,2009-06-30,2010-08-06 09:54:49+00:00,0.29,0.29,0.2,71300000.0,0.29,,27300000.0,60900000.0,60900000.0,,60900000.0,0.0,489600000.0,825200000.0,,8600000.0,55900000.0,,0.0,85300000.0,489600000.0,335600000.0,56400000.0,12900000.0,212500000.0,123100000.0,-34900000.0,88200000.0,825200000.0,210000000.0,211700000.0,212500000.0
Tapstone Energy Inc,TE,O7KLLUCLFHPD07BN2U20,350563,2010.0,FY,2010-01-01,2010-12-31,2013-02-26 11:50:04+00:00,1.12,1.12,0.815,305600000.0,1.11,,109600000.0,239600000.0,211600000.0,28000000.0,239000000.0,,1754400000.0,3363500000.0,,13100000.0,224500000.0,,,498000000.0,1754400000.0,1609100000.0,270100000.0,-2800000.0,1028100000.0,581000000.0,-259800000.0,321200000.0,3363500000.0,213400000.0,212600000.0,214800000.0
Tapstone Energy Inc,TE,O7KLLUCLFHPD07BN2U20,350563,2010.0,Q3YTD,2010-01-01,2010-09-30,,0.85,0.85,0.61,233700000.0,0.85,-2900000.0,135900000.0,182800000.0,182800000.0,,182300000.0,500000.0,1381600000.0,2712900000.0,,17600000.0,266500000.0,,1500000.0,334000000.0,1381600000.0,1331300000.0,207900000.0,10500000.0,832800000.0,498500000.0,-179800000.0,318700000.0,2712900000.0,212500000.0,212800000.0,215100000.0
Tapstone Energy Inc,TE,O7KLLUCLFHPD07BN2U20,350563,2010.0,Q3,2010-07-01,2010-09-30,2011-11-04 13:06:15+00:00,0.24,0.24,0.205,78800000.0,0.24,-2900000.0,65500000.0,51100000.0,51100000.0,,51000000.0,100000.0,450600000.0,901800000.0,,10700000.0,102000000.0,,,113600000.0,450600000.0,451200000.0,57400000.0,3600000.0,291500000.0,159700000.0,-43100000.0,116600000.0,901800000.0,212500000.0,212800000.0,215100000.0
Tapstone Energy Inc,TE,O7KLLUCLFHPD07BN2U20,350563,2010.0,Q2YTD,2010-01-01,2010-06-30,,0.61,0.61,0.41,154900000.0,0.61,,70400000.0,131700000.0,131700000.0,,131300000.0,400000.0,931000000.0,1811100000.0,,6900000.0,164500000.0,,1500000.0,220400000.0,931000000.0,880100000.0,150500000.0,6900000.0,541300000.0,338800000.0,-136700000.0,202100000.0,1811100000.0,215700000.0,212500000.0,214700000.0
Tapstone Energy Inc,TE,O7KLLUCLFHPD07BN2U20,350563,2010.0,Q2,2010-04-01,2010-06-30,2011-08-05 13:58:19+00:00,0.35,0.35,0.205,77900000.0,0.35,,36100000.0,75700000.0,75700000.0,,75500000.0,200000.0,431500000.0,898800000.0,,2500000.0,103800000.0,,,115700000.0,431500000.0,467300000.0,64800000.0,4200000.0,297400000.0,169900000.0,-58100000.0,111800000.0,898800000.0,215700000.0,212500000.0,214700000.0
Tapstone Energy Inc,TE,O7KLLUCLFHPD07BN2U20,350563,2010.0,Q1,2010-01-01,2010-03-31,2011-05-05 14:26:58+00:00,0.26,0.26,0.2,77000000.0,0.26,,34300000.0,56000000.0,56000000.0,,55800000.0,200000.0,499500000.0,912300000.0,,4400000.0,60700000.0,,1500000.0,104700000.0,499500000.0,412800000.0,85700000.0,2700000.0,243900000.0,168900000.0,-78600000.0,90300000.0,912300000.0,214600000.0,212200000.0,213900000.0
Tapstone Energy Inc,TE,O7KLLUCLFHPD07BN2U20,350563,2011.0,FY,2011-01-01,2011-12-31,2014-02-28 16:21:40+00:00,1.27,1.27,0.85,317200000.0,1.27,,142700000.0,272900000.0,250800000.0,22100000.0,272600000.0,,1641800000.0,3209900000.0,,7700000.0,223700000.0,,,444000000.0,1641800000.0,1568100000.0,197400000.0,,984900000.0,583200000.0,-189700000.0,393500000.0,3209900000.0,214600000.0,213600000.0,215100000.0
Tapstone Energy Inc,TE,O7KLLUCLFHPD07BN2U20,350563,2011.0,Q3TTM,2010-10-01,2011-09-30,,1.29,1.29,0.84,313400000.0,1.28,2900000.0,95100000.0,276300000.0,244200000.0,32100000.0,276100000.0,-400000.0,1623400000.0,3210200000.0,,1600000.0,226200000.0,,-1500000.0,480000000.0,1623400000.0,1586800000.0,214800000.0,-13300000.0,1021000000.0,565800000.0,-226500000.0,339300000.0,3210200000.0,214800000.0,213800000.0,215300000.0
Tapstone Energy Inc,TE,O7KLLUCLFHPD07BN2U20,350563,2011.0,Q3YTD,2011-01-01,2011-09-30,,1.02,1.02,0.64,241500000.0,1.02,,121400000.0,219500000.0,215400000.0,4100000.0,219400000.0,100000.0,1250600000.0,2559600000.0,,6100000.0,268200000.0,,,316000000.0,1250600000.0,1309000000.0,152600000.0,,825700000.0,483300000.0,-146500000.0,336800000.0,2559600000.0,214800000.0,213800000.0,215300000.0
Tapstone Energy Inc,TE,O7KLLUCLFHPD07BN2U20,350563,2011.0,Q3,2011-07-01,2011-09-30,2012-11-02 12:05:27+00:00,0.42,0.42,0.215,80500000.0,0.42,,48900000.0,90200000.0,86100000.0,4100000.0,90200000.0,,449600000.0,877800000.0,,2500000.0,56700000.0,,,109700000.0,449600000.0,428200000.0,48800000.0,,246900000.0,181300000.0,-46300000.0,135000000.0,877800000.0,214800000.0,213800000.0,215300000.0
Tapstone Energy Inc,TE,O7KLLUCLFHPD07BN2U20,350563,2011.0,Q2TTM,2010-07-01,2011-06-30,,1.11,1.11,0.83,311700000.0,1.1,,111700000.0,237200000.0,209200000.0,28000000.0,236900000.0,-300000.0,1624400000.0,3234200000.0,,9800000.0,271500000.0,,-1500000.0,483900000.0,1624400000.0,1609800000.0,223400000.0,-9700000.0,1065600000.0,544200000.0,-223300000.0,320900000.0,3234200000.0,215300000.0,213600000.0,215200000.0
Tapstone Energy Inc,TE,O7KLLUCLFHPD07BN2U20,350563,2011.0,Q2YTD,2011-01-01,2011-06-30,,0.6,0.6,0.42,161000000.0,0.6,,72500000.0,129300000.0,129300000.0,,129200000.0,100000.0,801000000.0,1681800000.0,,3600000.0,211500000.0,,,206300000.0,801000000.0,880800000.0,103800000.0,,578800000.0,302000000.0,-100200000.0,201800000.0,1681800000.0,215300000.0,213600000.0,215200000.0
Tapstone Energy Inc,TE,O7KLLUCLFHPD07BN2U20,350563,2011.0,Q2,2011-04-01,2011-06-30,2012-08-03 09:46:53+00:00,0.36,0.36,0.215,81200000.0,0.36,,44100000.0,77600000.0,77600000.0,,77500000.0,100000.0,422900000.0,885700000.0,,1800000.0,104000000.0,,,106500000.0,422900000.0,462800000.0,51200000.0,,291700000.0,171100000.0,-49400000.0,121700000.0,885700000.0,215300000.0,213600000.0,215200000.0
Tapstone Energy Inc,TE,O7KLLUCLFHPD07BN2U20,350563,2011.0,Q1TTM,2010-04-01,2011-03-31,,1.1,1.1,0.82,308400000.0,1.09,,103700000.0,235300000.0,207300000.0,28000000.0,234900000.0,-200000.0,1633000000.0,3247300000.0,,10500000.0,271300000.0,,-1500000.0,493100000.0,1633000000.0,1614300000.0,237000000.0,-5500000.0,1071300000.0,543000000.0,-232000000.0,311000000.0,3247300000.0,215400000.0,213000000.0,215000000.0
Tapstone Energy Inc,TE,O7KLLUCLFHPD07BN2U20,350563,2011.0,Q1,2011-01-01,2011-03-31,2012-05-04 15:06:17+00:00,0.24,0.24,0.205,79800000.0,0.24,,28400000.0,51700000.0,51700000.0,,51700000.0,0.0,378100000.0,796100000.0,,1800000.0,107500000.0,,,99800000.0,378100000.0,418000000.0,52600000.0,,287100000.0,130900000.0,-50800000.0,80100000.0,796100000.0,215400000.0,213000000.0,215000000.0
Tapstone Energy Inc,TE,O7KLLUCLFHPD07BN2U20,350563,2012.0,Q4,2012-10-01,2012-12-31,,0.21,0.21,0.22,42700000.0,0.22,,7600000.0,45000000.0,-3400000.0,48700000.0,45100000.0,,-141200000.0,79500000.0,-300000.0,1700000.0,14900000.0,,,123800000.0,-141200000.0,220700000.0,36800000.0,,181400000.0,39300000.0,-35100000.0,4200000.0,79500000.0,214800000.0,214300000.0,215000000.0
Tapstone Energy Inc,TE,O7KLLUCLFHPD07BN2U20,350563,2012.0,FY,2012-01-01,2012-12-31,2015-02-27 09:32:08+00:00,0.99,0.99,0.88,289600000.0,0.99,,120800000.0,212700000.0,197000000.0,16000000.0,212700000.0,,955700000.0,2387700000.0,,9100000.0,185700000.0,,,470400000.0,955700000.0,1432000000.0,177600000.0,,945700000.0,486300000.0,-168500000.0,317800000.0,2387700000.0,214800000.0,214300000.0,215000000.0
Tapstone Energy Inc,TE,O7KLLUCLFHPD07BN2U20,350563,2012.0,Q3TTM,2011-10-01,2012-09-30,,1.03,1.03,0.87,322600000.0,1.02,,134500000.0,221100000.0,235800000.0,-14700000.0,220800000.0,-100000.0,1488100000.0,2958500000.0,,9000000.0,126300000.0,,,474600000.0,1488100000.0,1470400000.0,185600000.0,,923500000.0,546900000.0,-176600000.0,370300000.0,2958500000.0,220000000.0,214500000.0,215400000.0
Tapstone Energy Inc,TE,O7KLLUCLFHPD07BN2U20,350563,2012.0,Q3YTD,2012-01-01,2012-09-30,,0.78,0.78,0.66,246900000.0,0.77,,113200000.0,167700000.0,200400000.0,-32700000.0,167600000.0,,1096900000.0,2308200000.0,,7400000.0,170800000.0,,,346600000.0,1096900000.0,1211300000.0,140800000.0,,764300000.0,447000000.0,-133400000.0,313600000.0,2308200000.0,220000000.0,214500000.0,215400000.0
Tapstone Energy Inc,TE,O7KLLUCLFHPD07BN2U20,350563,2012.0,Q3,2012-07-01,2012-09-30,2013-11-01 14:22:15+00:00,0.2,0.2,0.22,83400000.0,0.2,,51700000.0,44100000.0,90200000.0,-46100000.0,44000000.0,,416900000.0,858600000.0,,3400000.0,58300000.0,,,116900000.0,416900000.0,441700000.0,44600000.0,,258600000.0,183100000.0,-41200000.0,141900000.0,858600000.0,220000000.0,214500000.0,215400000.0
Tapstone Energy Inc,TE,O7KLLUCLFHPD07BN2U20,350563,2012.0,Q2TTM,2011-07-01,2012-06-30,,1.25,1.25,0.87,319700000.0,1.24,,131700000.0,267200000.0,231700000.0,35500000.0,267000000.0,-100000.0,1520800000.0,2977700000.0,,8100000.0,124700000.0,,,467400000.0,1520800000.0,1456900000.0,189800000.0,,911800000.0,545100000.0,-181700000.0,363400000.0,2977700000.0,215000000.0,214300000.0,215200000.0
Tapstone Energy Inc,TE,O7KLLUCLFHPD07BN2U20,350563,2012.0,Q2YTD,2012-01-01,2012-06-30,,0.58,0.58,0.44,163500000.0,0.57,,61500000.0,123600000.0,110200000.0,13400000.0,123600000.0,,680000000.0,1449600000.0,,4000000.0,112500000.0,,,229700000.0,680000000.0,769600000.0,96200000.0,,505700000.0,263900000.0,-92200000.0,171700000.0,1449600000.0,215000000.0,214300000.0,215200000.0
Tapstone Energy Inc,TE,O7KLLUCLFHPD07BN2U20,350563,2012.0,Q2,2012-04-01,2012-06-30,2013-08-02 11:18:13+00:00,0.34,0.34,0.22,82300000.0,0.34,,37400000.0,73100000.0,65600000.0,7500000.0,73100000.0,,348800000.0,752500000.0,,1800000.0,56500000.0,,,115800000.0,348800000.0,403700000.0,47900000.0,,254600000.0,149100000.0,-46100000.0,103000000.0,752500000.0,215000000.0,214300000.0,215200000.0
Tapstone Energy Inc,TE,O7KLLUCLFHPD07BN2U20,350563,2012.0,Q1TTM,2011-04-01,2012-03-31,,1.27,1.27,0.87,318600000.0,1.26,,138400000.0,271700000.0,243700000.0,28000000.0,271400000.0,,1594900000.0,3110900000.0,,8100000.0,172200000.0,,,458100000.0,1594900000.0,1516000000.0,193100000.0,,948900000.0,567100000.0,-185000000.0,382100000.0,3110900000.0,210400000.0,213900000.0,215300000.0
Tapstone Energy Inc,TE,O7KLLUCLFHPD07BN2U20,350563,2012.0,Q1,2012-01-01,2012-03-31,2013-05-03 10:39:20+00:00,0.24,0.24,0.22,81200000.0,0.23,,24100000.0,50500000.0,44600000.0,5900000.0,50500000.0,,331200000.0,697100000.0,,2200000.0,56000000.0,,,113900000.0,331200000.0,365900000.0,48300000.0,,251100000.0,114800000.0,-46100000.0,68700000.0,697100000.0,210400000.0,213900000.0,215300000.0
Tapstone Energy Inc,TE,O7KLLUCLFHPD07BN2U20,350563,2013.0,FY,2013-01-01,2013-12-31,2016-02-26 13:48:12+00:00,0.92,0.92,0.88,291800000.0,0.92,,112600000.0,197700000.0,188700000.0,9000000.0,197700000.0,,887100000.0,2355100000.0,,4500000.0,184700000.0,,,536900000.0,887100000.0,1468000000.0,157800000.0,,1013400000.0,454600000.0,-153300000.0,301300000.0,2355100000.0,214900000.0,215000000.0,215500000.0
Tapstone Energy Inc,TE,O7KLLUCLFHPD07BN2U20,350563,2013.0,Q4,2013-10-01,2013-12-31,,0.2,0.2,0.22,49800000.0,0.2,,22300000.0,42000000.0,31600000.0,10400000.0,42000000.0,,-3600000.0,316000000.0,,-2600000.0,29200000.0,,,151300000.0,-3600000.0,319600000.0,32800000.0,,230300000.0,89300000.0,-35400000.0,53900000.0,316000000.0,214900000.0,215000000.0,215500000.0
Tapstone Energy Inc,TE,O7KLLUCLFHPD07BN2U20,350563,2013.0,Q3TTM,2012-10-01,2013-09-30,,0.93,0.93,0.88,284700000.0,0.94,,97900000.0,200700000.0,153700000.0,47300000.0,200800000.0,,749500000.0,2118600000.0,,8800000.0,170400000.0,,,509400000.0,749500000.0,1369100000.0,161800000.0,,964500000.0,404600000.0,-153000000.0,251600000.0,2118600000.0,216600000.0,215200000.0,215600000.0
Tapstone Energy Inc,TE,O7KLLUCLFHPD07BN2U20,350563,2013.0,Q3YTD,2013-01-01,2013-09-30,,0.72,0.72,0.66,242000000.0,0.72,,90300000.0,155700000.0,157100000.0,-1400000.0,155700000.0,,890700000.0,2039100000.0,,7100000.0,155500000.0,,,385600000.0,890700000.0,1148400000.0,125000000.0,,783100000.0,365300000.0,-117900000.0,247400000.0,2039100000.0,216600000.0,215200000.0,215600000.0
Tapstone Energy Inc,TE,O7KLLUCLFHPD07BN2U20,350563,2013.0,Q3,2013-07-01,2013-09-30,2014-10-31 10:17:42+00:00,0.29,0.29,0.22,76100000.0,0.29,,38900000.0,62800000.0,64300000.0,-1500000.0,62800000.0,,245200000.0,642100000.0,,1400000.0,48600000.0,,,130500000.0,245200000.0,396900000.0,39900000.0,,255200000.0,141700000.0,-38500000.0,103200000.0,642100000.0,216600000.0,215200000.0,215600000.0
Tapstone Energy Inc,TE,O7KLLUCLFHPD07BN2U20,350563,2013.0,Q2TTM,2012-07-01,2013-06-30,,0.84,0.84,0.88,292000000.0,0.85,,110700000.0,182000000.0,179600000.0,2700000.0,182000000.0,,921200000.0,2335100000.0,,10800000.0,180100000.0,,,495800000.0,921200000.0,1413900000.0,166500000.0,,967900000.0,446000000.0,-155700000.0,290300000.0,2335100000.0,214200000.0,215000000.0,215500000.0
Tapstone Energy Inc,TE,O7KLLUCLFHPD07BN2U20,350563,2013.0,Q2YTD,2013-01-01,2013-06-30,,0.43,0.43,0.44,165900000.0,0.43,,51400000.0,92900000.0,92800000.0,100000.0,92900000.0,,645500000.0,1397000000.0,,5700000.0,106900000.0,,,255100000.0,645500000.0,751500000.0,85100000.0,,527900000.0,223600000.0,-79400000.0,144200000.0,1397000000.0,214200000.0,215000000.0,215500000.0
Tapstone Energy Inc,TE,O7KLLUCLFHPD07BN2U20,350563,2013.0,Q2,2013-04-01,2013-06-30,2014-08-01 16:16:41+00:00,0.24,0.24,0.22,83900000.0,0.24,,28200000.0,51400000.0,51600000.0,-200000.0,51400000.0,,345900000.0,735900000.0,,3000000.0,53600000.0,,,133000000.0,345900000.0,390000000.0,42700000.0,,270500000.0,119500000.0,-39700000.0,79800000.0,735900000.0,214200000.0,215000000.0,215500000.0
Tapstone Energy Inc,TE,O7KLLUCLFHPD07BN2U20,350563,2013.0,Q1TTM,2012-04-01,2013-03-31,,0.94,0.94,0.88,290400000.0,0.95,,119900000.0,203700000.0,193600000.0,10400000.0,203700000.0,,924100000.0,2351700000.0,,9600000.0,183000000.0,,,478600000.0,924100000.0,1427600000.0,171700000.0,,952000000.0,475600000.0,-162100000.0,313500000.0,2351700000.0,218400000.0,214600000.0,215600000.0
Tapstone Energy Inc,TE,O7KLLUCLFHPD07BN2U20,350563,2013.0,Q1,2013-01-01,2013-03-31,2014-05-02 08:01:11+00:00,0.19,0.19,0.22,82000000.0,0.19,,23200000.0,41500000.0,41200000.0,300000.0,41500000.0,,299600000.0,661100000.0,,2700000.0,53300000.0,,,122100000.0,299600000.0,361500000.0,42400000.0,,257400000.0,104100000.0,-39700000.0,64400000.0,661100000.0,218400000.0,214600000.0,215600000.0
Tapstone Energy Inc,TE,O7KLLUCLFHPD07BN2U20,350563,2014.0,FY,2014-01-01,2014-12-31,2016-02-26 13:48:12+00:00,0.58,0.58,0.88,315300000.0,0.58,,138900000.0,130400000.0,206400000.0,-76000000.0,130400000.0,,973400000.0,2566400000.0,,11000000.0,195000000.0,,,577300000.0,973400000.0,1593000000.0,171100000.0,,1087600000.0,505400000.0,-160100000.0,345300000.0,2566400000.0,224800000.0,223100000.0,223700000.0
Tapstone Energy Inc,TE,O7KLLUCLFHPD07BN2U20,350563,2014.0,Q4,2014-10-01,2014-12-31,,0.04,0.04,0.22,85300000.0,0.04,,40900000.0,10800000.0,27400000.0,-16600000.0,10800000.0,,280000000.0,695500000.0,,4100000.0,48700000.0,,,169400000.0,280000000.0,415500000.0,47900000.0,,303400000.0,112100000.0,-43800000.0,68300000.0,695500000.0,224800000.0,223100000.0,223700000.0
Tapstone Energy Inc,TE,O7KLLUCLFHPD07BN2U20,350563,2014.0,Q3TTM,2013-10-01,2014-09-30,,0.74,0.74,0.88,279800000.0,0.74,,120300000.0,161600000.0,210600000.0,-49000000.0,161600000.0,,689800000.0,2186900000.0,,4300000.0,175500000.0,,,559200000.0,689800000.0,1497100000.0,156000000.0,,1014500000.0,482600000.0,-151700000.0,330900000.0,2186900000.0,277500000.0,277500000.0,277500000.0
Tapstone Energy Inc,TE,O7KLLUCLFHPD07BN2U20,350563,2014.0,Q3,2014-07-01,2014-09-30,2015-11-05 08:31:42+00:00,0.04,0.04,0.22,78600000.0,0.04,,33700000.0,11100000.0,73000000.0,-61900000.0,11100000.0,,259800000.0,687200000.0,,3900000.0,50400000.0,,,152700000.0,259800000.0,427400000.0,42900000.0,,281700000.0,145700000.0,-39000000.0,106700000.0,687200000.0,277500000.0,277500000.0,277500000.0
Tapstone Energy Inc,TE,O7KLLUCLFHPD07BN2U20,350563,2014.0,Q3YTD,2014-01-01,2014-09-30,,0.54,0.54,0.66,230000000.0,0.54,,98000000.0,119600000.0,179000000.0,-59400000.0,119600000.0,,693400000.0,1870900000.0,,6900000.0,146300000.0,,,407900000.0,693400000.0,1177500000.0,123200000.0,,784200000.0,393300000.0,-116300000.0,277000000.0,1870900000.0,277500000.0,277500000.0,277500000.0
Tapstone Energy Inc,TE,O7KLLUCLFHPD07BN2U20,350563,2014.0,Q2TTM,2013-07-01,2014-06-30,,0.99,0.99,0.88,277300000.0,0.99,,125500000.0,213300000.0,201900000.0,11400000.0,213300000.0,,675200000.0,2141800000.0,,1800000.0,173700000.0,,,537000000.0,675200000.0,1466600000.0,153000000.0,,988000000.0,478600000.0,-151200000.0,327400000.0,2141800000.0,215400000.0,215400000.0,215400000.0
Tapstone Energy Inc,TE,O7KLLUCLFHPD07BN2U20,350563,2014.0,Q2,2014-04-01,2014-06-30,2015-08-05 17:01:33+00:00,0.27,0.27,0.22,75500000.0,0.27,,35200000.0,58400000.0,57600000.0,800000.0,58400000.0,,218700000.0,605700000.0,,1500000.0,48100000.0,,,131400000.0,218700000.0,387000000.0,40700000.0,,255000000.0,132000000.0,-39200000.0,92800000.0,605700000.0,215400000.0,215400000.0,215400000.0
Tapstone Energy Inc,TE,O7KLLUCLFHPD07BN2U20,350563,2014.0,Q2YTD,2014-01-01,2014-06-30,,0.5,0.5,0.44,151400000.0,0.5,,64300000.0,108500000.0,106000000.0,2500000.0,108500000.0,,433600000.0,1183700000.0,,3000000.0,95900000.0,,,255200000.0,433600000.0,750100000.0,80300000.0,,502500000.0,247600000.0,-77300000.0,170300000.0,1183700000.0,215400000.0,215400000.0,215400000.0
Tapstone Energy Inc,TE,O7KLLUCLFHPD07BN2U20,350563,2014.0,Q1TTM,2013-04-01,2014-03-31,,0.96,0.96,0.88,285700000.0,0.96,,118500000.0,206300000.0,195900000.0,10400000.0,206300000.0,,802400000.0,2272000000.0,,3300000.0,179200000.0,,,538600000.0,802400000.0,1469600000.0,155000000.0,,1003500000.0,466100000.0,-151700000.0,314400000.0,2272000000.0,217800000.0,215200000.0,215700000.0
Tapstone Energy Inc,TE,O7KLLUCLFHPD07BN2U20,350563,2014.0,Q1,2014-01-01,2014-03-31,2015-05-01 07:31:09+00:00,0.23,0.23,0.22,75900000.0,0.23,,29100000.0,50100000.0,48400000.0,1700000.0,50100000.0,,214900000.0,578000000.0,,1500000.0,47800000.0,,,123800000.0,214900000.0,363100000.0,39600000.0,,247500000.0,115600000.0,-38100000.0,77500000.0,578000000.0,217800000.0,215200000.0,215700000.0
Tapstone Energy Inc,TE,O7KLLUCLFHPD07BN2U20,350563,2015.0,Q4,2015-10-01,2015-12-31,,0.44,0.44,0.45,88700000.0,0.44,,33200000.0,50500000.0,51000000.0,-500000.0,50500000.0,,242000000.0,676100000.0,,4200000.0,50800000.0,,-15400000.0,184000000.0,242000000.0,434100000.0,46000000.0,,308100000.0,126000000.0,-41800000.0,84200000.0,676100000.0,234500000.0,233100000.0,234500000.0
Tapstone Energy Inc,TE,O7KLLUCLFHPD07BN2U20,350563,2015.0,FY,2015-01-01,2015-12-31,2016-02-26 13:48:12+00:00,0.74,0.74,0.9,349000000.0,0.74,,155300000.0,173500000.0,241200000.0,-67700000.0,173500000.0,,989100000.0,2743500000.0,,20800000.0,207400000.0,,,635900000.0,989100000.0,1754400000.0,186400000.0,,1192300000.0,562100000.0,-165600000.0,396500000.0,2743500000.0,234500000.0,233100000.0,234500000.0
Tapstone Energy Inc,TE,O7KLLUCLFHPD07BN2U20,350563,2015.0,Q3,2015-07-01,2015-09-30,2016-11-07 18:03:44+00:00,,,,87800000.0,,,41700000.0,53200000.0,64900000.0,-11700000.0,53200000.0,,242400000.0,693800000.0,,6100000.0,51500000.0,,15400000.0,150100000.0,242400000.0,451400000.0,46100000.0,,304800000.0,146600000.0,-40000000.0,106600000.0,693800000.0,,,
Tapstone Energy Inc,TE,O7KLLUCLFHPD07BN2U20,350563,2015.0,Q3YTD,2015-01-01,2015-09-30,,0.3,0.3,0.45,260300000.0,0.3,,122100000.0,123000000.0,190200000.0,-67200000.0,123000000.0,,747100000.0,2067400000.0,,16600000.0,156600000.0,,15400000.0,451900000.0,747100000.0,1320300000.0,140400000.0,,884200000.0,436100000.0,-123800000.0,312300000.0,2067400000.0,,,
Tapstone Energy Inc,TE,O7KLLUCLFHPD07BN2U20,350563,2015.0,Q3TTM,2014-10-01,2015-09-30,,0.34,0.34,0.67,345600000.0,0.34,,163000000.0,133800000.0,217600000.0,-83800000.0,133800000.0,,1027100000.0,2762900000.0,,20700000.0,205300000.0,,15400000.0,621300000.0,1027100000.0,1735800000.0,188300000.0,,1187600000.0,548200000.0,-167600000.0,380600000.0,2762900000.0,,,
Tapstone Energy Inc,TE,O7KLLUCLFHPD07BN2U20,350563,2015.0,Q2,2015-04-01,2015-06-30,2016-08-08 18:02:13+00:00,0.05,0.05,0.225,87000000.0,0.05,,40500000.0,11800000.0,61500000.0,-49700000.0,11800000.0,,240500000.0,680600000.0,,5100000.0,53300000.0,,0.0,156500000.0,240500000.0,440100000.0,46400000.0,,296800000.0,143300000.0,-41300000.0,102000000.0,680600000.0,233000000.0,233000000.0,233000000.0
Tapstone Energy Inc,TE,O7KLLUCLFHPD07BN2U20,350563,2015.0,Q2YTD,2015-01-01,2015-06-30,,0.3,0.3,0.45,172500000.0,0.3,,80400000.0,69800000.0,125300000.0,-55500000.0,69800000.0,,504700000.0,1373600000.0,,10500000.0,105100000.0,,,301800000.0,504700000.0,868900000.0,94300000.0,,579400000.0,289500000.0,-83800000.0,205700000.0,1373600000.0,233000000.0,233000000.0,233000000.0
Tapstone Energy Inc,TE,O7KLLUCLFHPD07BN2U20,350563,2015.0,Q2TTM,2014-07-01,2015-06-30,,0.38,0.38,0.89,336400000.0,0.38,,155000000.0,91700000.0,225700000.0,-134000000.0,91700000.0,,1044500000.0,2756300000.0,,18500000.0,204200000.0,,,623900000.0,1044500000.0,1711800000.0,185100000.0,,1164500000.0,547300000.0,-166600000.0,380700000.0,2756300000.0,233000000.0,233000000.0,233000000.0
Tapstone Energy Inc,TE,O7KLLUCLFHPD07BN2U20,350563,2015.0,Q1,2015-01-01,2015-03-31,2016-05-05 11:30:40+00:00,0.25,0.25,0.225,85500000.0,0.25,,39900000.0,58000000.0,63800000.0,-5800000.0,58000000.0,,264200000.0,693000000.0,,5400000.0,51800000.0,,,145300000.0,264200000.0,428800000.0,47900000.0,,282600000.0,146200000.0,-42500000.0,103700000.0,693000000.0,232800000.0,232800000.0,232800000.0
Tapstone Energy Inc,TE,O7KLLUCLFHPD07BN2U20,350563,2015.0,Q1TTM,2014-04-01,2015-03-31,,0.6,0.6,0.89,324900000.0,0.6,,149700000.0,138300000.0,221800000.0,-83500000.0,138300000.0,,1022700000.0,2681400000.0,,14900000.0,199000000.0,,,598800000.0,1022700000.0,1658700000.0,179400000.0,,1122700000.0,536000000.0,-164500000.0,371500000.0,2681400000.0,232800000.0,232800000.0,232800000.0
Tapstone Energy Inc,TE,O7KLLUCLFHPD07BN2U20,350563,2016.0,Q3YTD,2016-01-01,2016-09-30,,0.34,0.34,0.46,272000000.0,0.34,,77200000.0,148500000.0,148600000.0,-300000.0,148500000.0,,707400000.0,2038500000.0,,19700000.0,161200000.0,,109300000.0,451900000.0,707400000.0,1331100000.0,130600000.0,,994400000.0,336700000.0,-110900000.0,225800000.0,2038500000.0,,,
Tapstone Energy Inc,TE,O7KLLUCLFHPD07BN2U20,350563,2016.0,Q3TTM,2015-10-01,2016-09-30,,0.78,0.78,0.91,360700000.0,0.78,,110400000.0,199000000.0,199600000.0,-800000.0,199000000.0,,949400000.0,2714600000.0,,23900000.0,212000000.0,,93900000.0,635900000.0,949400000.0,1765200000.0,176600000.0,,1302500000.0,462700000.0,-152700000.0,310000000.0,2714600000.0,,,
Tapstone Energy Inc,TE,O7KLLUCLFHPD07BN2U20,350563,2016.0,Q3,2016-07-01,2016-09-30,2016-11-07 18:03:44+00:00,,,,92000000.0,,,17200000.0,69400000.0,69400000.0,-200000.0,69400000.0,,265000000.0,726700000.0,,8600000.0,56300000.0,,37900000.0,153600000.0,265000000.0,461700000.0,43900000.0,,339800000.0,121900000.0,-35300000.0,86600000.0,726700000.0,,,
Tapstone Energy Inc,TE,O7KLLUCLFHPD07BN2U20,350563,2016.0,Q2YTD,2016-01-01,2016-06-30,,0.34,0.34,0.46,180000000.0,0.34,,60000000.0,79100000.0,79200000.0,-100000.0,79100000.0,,442400000.0,1311800000.0,,11100000.0,104900000.0,,71400000.0,298300000.0,442400000.0,869400000.0,86700000.0,,654600000.0,214800000.0,-75600000.0,139200000.0,1311800000.0,176700000.0,176700000.0,176700000.0
Tapstone Energy Inc,TE,O7KLLUCLFHPD07BN2U20,350563,2016.0,Q2TTM,2015-07-01,2016-06-30,,0.78,0.78,0.91,356500000.0,0.78,,134900000.0,182800000.0,195100000.0,-12300000.0,182800000.0,,926800000.0,2681700000.0,,21400000.0,207200000.0,,71400000.0,632400000.0,926800000.0,1754900000.0,178800000.0,,1267500000.0,487400000.0,-157400000.0,330000000.0,2681700000.0,176700000.0,176700000.0,176700000.0
Tapstone Energy Inc,TE,O7KLLUCLFHPD07BN2U20,350563,2016.0,Q2,2016-04-01,2016-06-30,2016-08-08 18:02:13+00:00,0.03,0.03,0.23,90200000.0,0.03,,24300000.0,5300000.0,5500000.0,-200000.0,5300000.0,,216000000.0,652300000.0,,6900000.0,52000000.0,,71400000.0,156000000.0,216000000.0,436300000.0,43800000.0,,369600000.0,66700000.0,-36900000.0,29800000.0,652300000.0,176700000.0,176700000.0,176700000.0
Tapstone Energy Inc,TE,O7KLLUCLFHPD07BN2U20,350563,2016.0,Q1TTM,2015-04-01,2016-03-31,,0.8,0.8,0.91,353300000.0,0.8,,151100000.0,189300000.0,251100000.0,-61800000.0,189300000.0,,951300000.0,2710000000.0,,19600000.0,208500000.0,,,632900000.0,951300000.0,1758700000.0,181400000.0,,1194700000.0,564000000.0,-161800000.0,402200000.0,2710000000.0,234000000.0,234000000.0,234000000.0
Tapstone Energy Inc,TE,O7KLLUCLFHPD07BN2U20,350563,2016.0,Q1,2016-01-01,2016-03-31,2016-05-05 11:30:40+00:00,0.31,0.31,0.23,89800000.0,0.31,,35700000.0,73800000.0,73700000.0,100000.0,73800000.0,,226400000.0,659500000.0,,4200000.0,52900000.0,,,142300000.0,226400000.0,433100000.0,42900000.0,,285000000.0,148100000.0,-38700000.0,109400000.0,659500000.0,234000000.0,234000000.0,234000000.0
