company_name,company_ticker,company_lei,company_cik,year,quarter,start_date,end_date,filing_date,basicdilutedeps,basiceps,cashdividendspershare,depreciationexpense,dilutedeps,impairmentexpense,incometaxexpense,netincome,netincomecontinuing,netincomediscontinued,netincometocommon,netincometononcontrollinginterest,operatingcostofrevenue,operatingrevenue,othercostofrevenue,otherincome,otheroperatingexpenses,otherspecialcharges,preferreddividends,restructuringcharge,sgaexpense,totalcostofrevenue,totalgrossprofit,totalinterestexpense,totalinterestincome,totaloperatingexpenses,totaloperatingincome,totalotherincome,totalpretaxincome,totalrevenue,weightedavebasicdilutedsharesos,weightedavebasicsharesos,weightedavedilutedsharesos
Tenet Healthcare Corp,THC,0W9AIBT6U6ADJ2I8HK17,70318,2008.0,FY,2008-01-01,2008-12-31,2011-02-25 07:32:50+00:00,0.05,0.05,,371000000.0,0.05,,-25000000.0,32000000.0,79000000.0,-47000000.0,25000000.0,7000000.0,5290000000.0,8585000000.0,628000000.0,,,41000000.0,0.0,16000000.0,1928000000.0,5918000000.0,2667000000.0,418000000.0,161000000.0,2356000000.0,311000000.0,-257000000.0,54000000.0,8585000000.0,500000000.0,476349000.0,478606000.0
Tenet Healthcare Corp,THC,0W9AIBT6U6ADJ2I8HK17,70318,2009.0,FY,2009-01-01,2009-12-31,2012-02-28 07:41:50+00:00,0.38,0.38,,386000000.0,0.37,,-23000000.0,197000000.0,228000000.0,-31000000.0,181000000.0,10000000.0,5426000000.0,9014000000.0,696000000.0,,0.0,31000000.0,6000000.0,27000000.0,1910000000.0,6122000000.0,2892000000.0,348000000.0,15000000.0,2354000000.0,538000000.0,-333000000.0,205000000.0,9014000000.0,476300000.0,480240000.0,507277000.0
Tenet Healthcare Corp,THC,0W9AIBT6U6ADJ2I8HK17,70318,2009.0,Q3,2009-07-01,2009-09-30,2010-11-02 07:32:08+00:00,-0.01,-0.01,,97000000.0,-0.01,,3000000.0,-1000000.0,4000000.0,-5000000.0,-3000000.0,2000000.0,1343000000.0,2262000000.0,193000000.0,,,3000000.0,0.0,7000000.0,486000000.0,1536000000.0,726000000.0,128000000.0,2000000.0,593000000.0,133000000.0,-126000000.0,7000000.0,2262000000.0,300000000.0,481008000.0,498084000.0
Tenet Healthcare Corp,THC,0W9AIBT6U6ADJ2I8HK17,70318,2009.0,Q2,2009-04-01,2009-06-30,2010-08-03 07:31:41+00:00,-0.03,-0.03,,98000000.0,-0.03,,4000000.0,-14000000.0,3000000.0,-17000000.0,-15000000.0,1000000.0,1344000000.0,2229000000.0,167000000.0,,,9000000.0,0.0,1000000.0,472000000.0,1511000000.0,718000000.0,141000000.0,10000000.0,580000000.0,138000000.0,-131000000.0,7000000.0,2229000000.0,500000000.0,480447000.0,488244000.0
Tenet Healthcare Corp,THC,0W9AIBT6U6ADJ2I8HK17,70318,2010.0,Q4,2010-10-01,2010-12-31,,0.61,0.61,0.07,87000000.0,0.61,,2000000.0,82000000.0,60000000.0,22000000.0,74000000.0,2000000.0,1256000000.0,2088000000.0,178000000.0,,,6000000.0,6000000.0,9000000.0,387000000.0,1434000000.0,654000000.0,103000000.0,,489000000.0,165000000.0,-103000000.0,62000000.0,2088000000.0,121100000.0,121080000.0,140158000.0
Tenet Healthcare Corp,THC,0W9AIBT6U6ADJ2I8HK17,70318,2010.0,FY,2010-01-01,2010-12-31,2013-02-26 07:40:15+00:00,9.24,9.24,,380000000.0,8.16,,-977000000.0,1152000000.0,1135000000.0,17000000.0,1119000000.0,9000000.0,5372000000.0,8992000000.0,727000000.0,,0.0,12000000.0,24000000.0,10000000.0,1857000000.0,6099000000.0,2893000000.0,481000000.0,5000000.0,2259000000.0,634000000.0,-476000000.0,158000000.0,8992000000.0,121100000.0,121080000.0,140158000.0
Tenet Healthcare Corp,THC,0W9AIBT6U6ADJ2I8HK17,70318,2010.0,Q3YTD,2010-01-01,2010-09-30,,2.15,2.15,0.05,293000000.0,2.15,,-979000000.0,1070000000.0,1075000000.0,-5000000.0,1045000000.0,7000000.0,4116000000.0,6904000000.0,549000000.0,,,6000000.0,18000000.0,1000000.0,1470000000.0,4665000000.0,2239000000.0,378000000.0,5000000.0,1770000000.0,469000000.0,-373000000.0,96000000.0,6904000000.0,485400000.0,485210000.0,559850000.0
Tenet Healthcare Corp,THC,0W9AIBT6U6ADJ2I8HK17,70318,2010.0,Q3,2010-07-01,2010-09-30,2011-11-01 07:34:27+00:00,1.92,1.92,,101000000.0,1.68,,-1002000000.0,940000000.0,940000000.0,0.0,932000000.0,2000000.0,1367000000.0,2262000000.0,187000000.0,,,2000000.0,6000000.0,3000000.0,505000000.0,1554000000.0,708000000.0,162000000.0,3000000.0,611000000.0,97000000.0,-159000000.0,-62000000.0,2262000000.0,485400000.0,485210000.0,559850000.0
Tenet Healthcare Corp,THC,0W9AIBT6U6ADJ2I8HK17,70318,2010.0,Q2YTD,2010-01-01,2010-06-30,,0.23,0.23,0.03,192000000.0,0.23,,23000000.0,130000000.0,135000000.0,-5000000.0,113000000.0,5000000.0,2749000000.0,4642000000.0,362000000.0,,,4000000.0,12000000.0,-2000000.0,965000000.0,3111000000.0,1531000000.0,216000000.0,2000000.0,1159000000.0,372000000.0,-214000000.0,158000000.0,4642000000.0,500000000.0,484610000.0,502549000.0
Tenet Healthcare Corp,THC,0W9AIBT6U6ADJ2I8HK17,70318,2010.0,Q2,2010-04-01,2010-06-30,2011-08-02 07:33:50+00:00,0.05,0.05,,97000000.0,0.05,,20000000.0,35000000.0,45000000.0,-10000000.0,25000000.0,4000000.0,1364000000.0,2303000000.0,173000000.0,,,2000000.0,6000000.0,-2000000.0,498000000.0,1537000000.0,766000000.0,107000000.0,1000000.0,595000000.0,171000000.0,-106000000.0,65000000.0,2303000000.0,500000000.0,484610000.0,502549000.0
Tenet Healthcare Corp,THC,0W9AIBT6U6ADJ2I8HK17,70318,2010.0,Q1,2010-01-01,2010-03-31,2011-05-03 07:33:45+00:00,0.18,0.18,,95000000.0,0.17,,3000000.0,95000000.0,90000000.0,5000000.0,88000000.0,1000000.0,1385000000.0,2339000000.0,189000000.0,,,2000000.0,6000000.0,0.0,467000000.0,1574000000.0,765000000.0,109000000.0,1000000.0,564000000.0,201000000.0,-108000000.0,93000000.0,2339000000.0,488900000.0,481917000.0,559228000.0
Tenet Healthcare Corp,THC,0W9AIBT6U6ADJ2I8HK17,70318,2011.0,Q4,2011-10-01,2011-12-31,,-0.65,-0.65,0.07,97000000.0,-0.65,20000000.0,-13000000.0,-66000000.0,-54000000.0,-12000000.0,-76000000.0,4000000.0,1369000000.0,2301000000.0,178000000.0,,-5000000.0,31000000.0,6000000.0,-18000000.0,479000000.0,1547000000.0,754000000.0,217000000.0,,604000000.0,150000000.0,-217000000.0,-67000000.0,2301000000.0,118400000.0,117182000.0,121295000.0
Tenet Healthcare Corp,THC,0W9AIBT6U6ADJ2I8HK17,70318,2011.0,FY,2011-01-01,2011-12-31,2014-02-24 16:51:30+00:00,0.49,0.49,,398000000.0,0.48,20000000.0,61000000.0,94000000.0,103000000.0,-9000000.0,58000000.0,12000000.0,5563000000.0,9371000000.0,717000000.0,,-55000000.0,55000000.0,24000000.0,,2020000000.0,6280000000.0,3091000000.0,492000000.0,3000000.0,2438000000.0,653000000.0,-489000000.0,164000000.0,9371000000.0,118400000.0,117182000.0,121295000.0
Tenet Healthcare Corp,THC,0W9AIBT6U6ADJ2I8HK17,70318,2011.0,Q3YTD,2011-01-01,2011-09-30,,1.14,1.14,0.22,301000000.0,1.14,,74000000.0,160000000.0,157000000.0,3000000.0,134000000.0,8000000.0,4194000000.0,7070000000.0,539000000.0,,-50000000.0,24000000.0,18000000.0,18000000.0,1541000000.0,4733000000.0,2337000000.0,275000000.0,3000000.0,1834000000.0,503000000.0,-272000000.0,231000000.0,7070000000.0,120000000.0,117188000.0,120908000.0
Tenet Healthcare Corp,THC,0W9AIBT6U6ADJ2I8HK17,70318,2011.0,Q3TTM,2010-10-01,2011-09-30,,1.77,1.77,0.29,388000000.0,1.77,,76000000.0,242000000.0,217000000.0,25000000.0,208000000.0,10000000.0,5450000000.0,9158000000.0,717000000.0,,-50000000.0,30000000.0,24000000.0,27000000.0,1928000000.0,6167000000.0,2991000000.0,378000000.0,3000000.0,2323000000.0,668000000.0,-375000000.0,293000000.0,9158000000.0,120000000.0,117188000.0,120908000.0
Tenet Healthcare Corp,THC,0W9AIBT6U6ADJ2I8HK17,70318,2011.0,Q3,2011-07-01,2011-09-30,2012-11-07 08:07:50+00:00,0.05,0.05,,100000000.0,0.05,,4000000.0,15000000.0,17000000.0,-2000000.0,6000000.0,3000000.0,1381000000.0,2289000000.0,189000000.0,,0.0,5000000.0,6000000.0,8000000.0,527000000.0,1570000000.0,719000000.0,59000000.0,1000000.0,640000000.0,79000000.0,-58000000.0,21000000.0,2289000000.0,120000000.0,117188000.0,120908000.0
Tenet Healthcare Corp,THC,0W9AIBT6U6ADJ2I8HK17,70318,2011.0,Q2YTD,2011-01-01,2011-06-30,,0.26,0.26,0.03,201000000.0,0.26,,70000000.0,145000000.0,140000000.0,5000000.0,128000000.0,5000000.0,2813000000.0,4781000000.0,350000000.0,,-50000000.0,19000000.0,12000000.0,10000000.0,1014000000.0,3163000000.0,1618000000.0,216000000.0,2000000.0,1194000000.0,424000000.0,-214000000.0,210000000.0,4781000000.0,500000000.0,486794000.0,503748000.0
Tenet Healthcare Corp,THC,0W9AIBT6U6ADJ2I8HK17,70318,2011.0,Q2TTM,2010-07-01,2011-06-30,,2.33,2.33,0.07,389000000.0,2.33,,-930000000.0,1167000000.0,1140000000.0,27000000.0,1134000000.0,9000000.0,5436000000.0,9131000000.0,715000000.0,,-50000000.0,27000000.0,24000000.0,22000000.0,1906000000.0,6151000000.0,2980000000.0,481000000.0,5000000.0,2294000000.0,686000000.0,-476000000.0,210000000.0,9131000000.0,500000000.0,486794000.0,503748000.0
Tenet Healthcare Corp,THC,0W9AIBT6U6ADJ2I8HK17,70318,2011.0,Q2,2011-04-01,2011-06-30,2012-08-07 08:10:12+00:00,0.11,0.11,,100000000.0,0.11,,19000000.0,63000000.0,49000000.0,14000000.0,55000000.0,2000000.0,1374000000.0,2300000000.0,168000000.0,,-25000000.0,8000000.0,6000000.0,2000000.0,508000000.0,1542000000.0,758000000.0,98000000.0,1000000.0,593000000.0,165000000.0,-97000000.0,68000000.0,2300000000.0,500000000.0,486794000.0,503748000.0
Tenet Healthcare Corp,THC,0W9AIBT6U6ADJ2I8HK17,70318,2011.0,Q1TTM,2010-04-01,2011-03-31,,2.27,2.27,0.07,386000000.0,2.27,,-929000000.0,1139000000.0,1136000000.0,3000000.0,1104000000.0,11000000.0,5426000000.0,9134000000.0,720000000.0,,-25000000.0,21000000.0,24000000.0,18000000.0,1896000000.0,6146000000.0,2988000000.0,490000000.0,5000000.0,2296000000.0,692000000.0,-485000000.0,207000000.0,9134000000.0,486700000.0,486902000.0,565181000.0
Tenet Healthcare Corp,THC,0W9AIBT6U6ADJ2I8HK17,70318,2011.0,Q1,2011-01-01,2011-03-31,2012-05-08 07:43:57+00:00,0.15,0.15,,101000000.0,0.14,,51000000.0,82000000.0,91000000.0,-9000000.0,73000000.0,3000000.0,1439000000.0,2481000000.0,182000000.0,,-25000000.0,11000000.0,6000000.0,8000000.0,506000000.0,1621000000.0,860000000.0,118000000.0,1000000.0,601000000.0,259000000.0,-117000000.0,142000000.0,2481000000.0,486700000.0,486902000.0,565181000.0
Tenet Healthcare Corp,THC,0W9AIBT6U6ADJ2I8HK17,70318,2012.0,Q4,2012-10-01,2012-12-31,,0.47,0.47,0.07,116000000.0,0.47,10000000.0,35000000.0,54000000.0,62000000.0,-8000000.0,49000000.0,5000000.0,1479000000.0,2531000000.0,200000000.0,,-27000000.0,2000000.0,,-3000000.0,543000000.0,1679000000.0,852000000.0,113000000.0,-1000000.0,641000000.0,211000000.0,-114000000.0,97000000.0,2531000000.0,104400000.0,104200000.0,108926000.0
Tenet Healthcare Corp,THC,0W9AIBT6U6ADJ2I8HK17,70318,2012.0,FY,2012-01-01,2012-12-31,2015-02-23 16:43:49+00:00,1.35,1.35,,430000000.0,1.3,19000000.0,125000000.0,133000000.0,209000000.0,-76000000.0,141000000.0,-19000000.0,5809000000.0,9904000000.0,785000000.0,,-40000000.0,5000000.0,11000000.0,,2147000000.0,6594000000.0,3310000000.0,416000000.0,1000000.0,2561000000.0,749000000.0,-415000000.0,334000000.0,9904000000.0,104400000.0,104200000.0,108926000.0
Tenet Healthcare Corp,THC,0W9AIBT6U6ADJ2I8HK17,70318,2012.0,Q3YTD,2012-01-01,2012-09-30,,0.88,0.88,0.21,314000000.0,0.88,9000000.0,90000000.0,79000000.0,147000000.0,-68000000.0,92000000.0,-24000000.0,4330000000.0,7373000000.0,585000000.0,,-13000000.0,3000000.0,11000000.0,3000000.0,1604000000.0,4915000000.0,2458000000.0,303000000.0,2000000.0,1920000000.0,538000000.0,-301000000.0,237000000.0,7373000000.0,105300000.0,104244000.0,107311000.0
Tenet Healthcare Corp,THC,0W9AIBT6U6ADJ2I8HK17,70318,2012.0,Q3TTM,2011-10-01,2012-09-30,,0.15,0.15,0.29,411000000.0,0.15,29000000.0,77000000.0,13000000.0,93000000.0,-80000000.0,16000000.0,-20000000.0,5699000000.0,9674000000.0,763000000.0,,-18000000.0,34000000.0,17000000.0,-15000000.0,2083000000.0,6462000000.0,3212000000.0,520000000.0,2000000.0,2524000000.0,688000000.0,-518000000.0,170000000.0,9674000000.0,105300000.0,104244000.0,107311000.0
Tenet Healthcare Corp,THC,0W9AIBT6U6ADJ2I8HK17,70318,2012.0,Q3,2012-07-01,2012-09-30,2013-11-04 17:14:54+00:00,0.38,0.38,,110000000.0,0.37,6000000.0,18000000.0,32000000.0,33000000.0,-1000000.0,40000000.0,-9000000.0,1426000000.0,2427000000.0,206000000.0,,-13000000.0,0.0,1000000.0,,539000000.0,1632000000.0,795000000.0,103000000.0,1000000.0,642000000.0,153000000.0,-102000000.0,51000000.0,2427000000.0,105300000.0,104244000.0,107311000.0
Tenet Healthcare Corp,THC,0W9AIBT6U6ADJ2I8HK17,70318,2012.0,Q2YTD,2012-01-01,2012-06-30,,0.5,0.5,0.17,204000000.0,0.5,3000000.0,72000000.0,47000000.0,114000000.0,-67000000.0,52000000.0,-15000000.0,2904000000.0,4946000000.0,379000000.0,,,3000000.0,10000000.0,3000000.0,1065000000.0,3283000000.0,1663000000.0,200000000.0,1000000.0,1278000000.0,385000000.0,-199000000.0,186000000.0,4946000000.0,100000000.0,103753000.0,106927000.0
Tenet Healthcare Corp,THC,0W9AIBT6U6ADJ2I8HK17,70318,2012.0,Q2TTM,2011-07-01,2012-06-30,,-0.17,-0.17,0.35,401000000.0,-0.17,23000000.0,63000000.0,-4000000.0,77000000.0,-81000000.0,-18000000.0,-8000000.0,5654000000.0,9536000000.0,746000000.0,,-5000000.0,39000000.0,22000000.0,-7000000.0,2071000000.0,6400000000.0,3136000000.0,476000000.0,2000000.0,2522000000.0,614000000.0,-474000000.0,140000000.0,9536000000.0,100000000.0,103753000.0,106927000.0
Tenet Healthcare Corp,THC,0W9AIBT6U6ADJ2I8HK17,70318,2012.0,Q2,2012-04-01,2012-06-30,2013-08-06 07:37:36+00:00,-0.06,-0.06,,104000000.0,-0.06,3000000.0,30000000.0,-20000000.0,48000000.0,-68000000.0,-6000000.0,-18000000.0,1443000000.0,2455000000.0,190000000.0,,0.0,1000000.0,4000000.0,,534000000.0,1633000000.0,822000000.0,102000000.0,0.0,642000000.0,180000000.0,-102000000.0,78000000.0,2455000000.0,100000000.0,103753000.0,106927000.0
Tenet Healthcare Corp,THC,0W9AIBT6U6ADJ2I8HK17,70318,2012.0,Q1TTM,2011-04-01,2012-03-31,,0.42,0.42,0.34,397000000.0,0.42,20000000.0,52000000.0,79000000.0,78000000.0,1000000.0,43000000.0,12000000.0,5585000000.0,9381000000.0,724000000.0,,-30000000.0,46000000.0,24000000.0,-5000000.0,2045000000.0,6309000000.0,3072000000.0,472000000.0,3000000.0,2473000000.0,599000000.0,-469000000.0,130000000.0,9381000000.0,103600000.0,102843000.0,121218000.0
Tenet Healthcare Corp,THC,0W9AIBT6U6ADJ2I8HK17,70318,2012.0,Q1,2012-01-01,2012-03-31,2013-04-30 08:29:23+00:00,0.56,0.56,,100000000.0,0.53,,42000000.0,67000000.0,66000000.0,1000000.0,58000000.0,3000000.0,1461000000.0,2491000000.0,189000000.0,,,2000000.0,6000000.0,3000000.0,531000000.0,1650000000.0,841000000.0,98000000.0,1000000.0,636000000.0,205000000.0,-97000000.0,108000000.0,2491000000.0,103600000.0,102843000.0,121218000.0
Tenet Healthcare Corp,THC,0W9AIBT6U6ADJ2I8HK17,70318,2013.0,FY,2013-01-01,2013-12-31,2016-02-22 17:19:55+00:00,-1.32,-1.32,,545000000.0,-1.32,103000000.0,-65000000.0,-104000000.0,-93000000.0,-11000000.0,-134000000.0,30000000.0,7155000000.0,12059000000.0,972000000.0,,-96000000.0,31000000.0,,,2701000000.0,8127000000.0,3932000000.0,822000000.0,16000000.0,3284000000.0,648000000.0,-806000000.0,-158000000.0,12059000000.0,101500000.0,101648000.0,101648000.0
Tenet Healthcare Corp,THC,0W9AIBT6U6ADJ2I8HK17,70318,2013.0,Q4,2013-10-01,2013-12-31,,-0.24,-0.24,0.09,191000000.0,-0.24,58000000.0,-8000000.0,-14000000.0,-7000000.0,-7000000.0,-24000000.0,10000000.0,2498000000.0,4218000000.0,348000000.0,,-48000000.0,28000000.0,,,991000000.0,2846000000.0,1372000000.0,182000000.0,15000000.0,1220000000.0,152000000.0,-167000000.0,-15000000.0,4218000000.0,101500000.0,101648000.0,101648000.0
Tenet Healthcare Corp,THC,0W9AIBT6U6ADJ2I8HK17,70318,2013.0,Q3,2013-07-01,2013-09-30,2014-11-03 17:18:04+00:00,0.28,0.28,,119000000.0,0.27,20000000.0,16000000.0,36000000.0,41000000.0,-5000000.0,28000000.0,8000000.0,1559000000.0,2618000000.0,210000000.0,,-14000000.0,1000000.0,,,575000000.0,1769000000.0,849000000.0,91000000.0,,701000000.0,148000000.0,-91000000.0,57000000.0,2618000000.0,100000000.0,100894000.0,103098000.0
Tenet Healthcare Corp,THC,0W9AIBT6U6ADJ2I8HK17,70318,2013.0,Q3YTD,2013-01-01,2013-09-30,,-1.09,-1.09,0.18,354000000.0,-1.09,45000000.0,-57000000.0,-90000000.0,-86000000.0,-4000000.0,-110000000.0,20000000.0,4657000000.0,7841000000.0,624000000.0,,-48000000.0,3000000.0,,,1710000000.0,5281000000.0,2560000000.0,640000000.0,1000000.0,2064000000.0,496000000.0,-639000000.0,-143000000.0,7841000000.0,100000000.0,100894000.0,103098000.0
Tenet Healthcare Corp,THC,0W9AIBT6U6ADJ2I8HK17,70318,2013.0,Q3TTM,2012-10-01,2013-09-30,,-0.6,-0.6,0.25,470000000.0,-0.6,55000000.0,-22000000.0,-36000000.0,-24000000.0,-12000000.0,-61000000.0,25000000.0,6136000000.0,10372000000.0,824000000.0,,-75000000.0,5000000.0,,-3000000.0,2253000000.0,6960000000.0,3412000000.0,753000000.0,,2705000000.0,707000000.0,-753000000.0,-46000000.0,10372000000.0,100000000.0,100894000.0,103098000.0
Tenet Healthcare Corp,THC,0W9AIBT6U6ADJ2I8HK17,70318,2013.0,Q2YTD,2013-01-01,2013-06-30,,-1.34,-1.34,0.1,235000000.0,-1.34,25000000.0,-73000000.0,-126000000.0,-127000000.0,1000000.0,-138000000.0,12000000.0,3098000000.0,5223000000.0,414000000.0,,-34000000.0,2000000.0,,,1135000000.0,3512000000.0,1711000000.0,549000000.0,1000000.0,1363000000.0,348000000.0,-548000000.0,-200000000.0,5223000000.0,102000000.0,103010000.0,103010000.0
Tenet Healthcare Corp,THC,0W9AIBT6U6ADJ2I8HK17,70318,2013.0,Q2TTM,2012-07-01,2013-06-30,,-0.48,-0.48,0.2,461000000.0,-0.48,41000000.0,-20000000.0,-40000000.0,-32000000.0,-8000000.0,-49000000.0,8000000.0,6003000000.0,10181000000.0,820000000.0,,-74000000.0,4000000.0,1000000.0,-3000000.0,2217000000.0,6823000000.0,3358000000.0,765000000.0,1000000.0,2646000000.0,712000000.0,-764000000.0,-52000000.0,10181000000.0,102000000.0,103010000.0,103010000.0
Tenet Healthcare Corp,THC,0W9AIBT6U6ADJ2I8HK17,70318,2013.0,Q2,2013-04-01,2013-06-30,2014-08-04 16:21:59+00:00,-0.49,-0.49,,121000000.0,-0.49,11000000.0,-20000000.0,-43000000.0,-46000000.0,3000000.0,-50000000.0,7000000.0,1553000000.0,2629000000.0,207000000.0,,-34000000.0,2000000.0,,,567000000.0,1760000000.0,869000000.0,269000000.0,1000000.0,667000000.0,202000000.0,-268000000.0,-66000000.0,2629000000.0,102000000.0,103010000.0,103010000.0
Tenet Healthcare Corp,THC,0W9AIBT6U6ADJ2I8HK17,70318,2013.0,Q1TTM,2012-04-01,2013-03-31,,-0.05,-0.05,0.25,444000000.0,-0.05,33000000.0,30000000.0,-17000000.0,62000000.0,-79000000.0,-5000000.0,-17000000.0,5893000000.0,10007000000.0,803000000.0,,-40000000.0,3000000.0,5000000.0,-3000000.0,2184000000.0,6696000000.0,3311000000.0,598000000.0,,2621000000.0,690000000.0,-598000000.0,92000000.0,10007000000.0,103500000.0,104103000.0,104103000.0
Tenet Healthcare Corp,THC,0W9AIBT6U6ADJ2I8HK17,70318,2013.0,Q1,2013-01-01,2013-03-31,2014-05-05 17:25:29+00:00,-0.85,-0.85,,114000000.0,-0.85,14000000.0,-53000000.0,-83000000.0,-81000000.0,-2000000.0,-88000000.0,5000000.0,1545000000.0,2594000000.0,207000000.0,,0.0,0.0,,,568000000.0,1752000000.0,842000000.0,280000000.0,,696000000.0,146000000.0,-280000000.0,-134000000.0,2594000000.0,103500000.0,104103000.0,104103000.0
Tenet Healthcare Corp,THC,0W9AIBT6U6ADJ2I8HK17,70318,2014.0,FY,2014-01-01,2014-12-31,2017-02-27 16:44:45+00:00,0.12,0.12,,849000000.0,0.12,153000000.0,49000000.0,76000000.0,98000000.0,-22000000.0,12000000.0,64000000.0,10653000000.0,17908000000.0,1305000000.0,,-104000000.0,25000000.0,,,4114000000.0,11958000000.0,5950000000.0,778000000.0,12000000.0,5037000000.0,913000000.0,-766000000.0,147000000.0,17908000000.0,100000000.0,97801000.0,100287000.0
Tenet Healthcare Corp,THC,0W9AIBT6U6ADJ2I8HK17,70318,2014.0,Q4,2014-10-01,2014-12-31,,0.62,0.62,0.15,240000000.0,0.62,63000000.0,60000000.0,81000000.0,81000000.0,,61000000.0,20000000.0,2806000000.0,4820000000.0,356000000.0,,-32000000.0,6000000.0,,,1048000000.0,3162000000.0,1658000000.0,196000000.0,4000000.0,1325000000.0,333000000.0,-192000000.0,141000000.0,4820000000.0,100000000.0,97801000.0,100287000.0
Tenet Healthcare Corp,THC,0W9AIBT6U6ADJ2I8HK17,70318,2014.0,Q3YTD,2014-01-01,2014-09-30,,-0.5,-0.5,0.31,609000000.0,-0.5,90000000.0,-11000000.0,-5000000.0,17000000.0,-22000000.0,-49000000.0,44000000.0,7847000000.0,13088000000.0,949000000.0,,-72000000.0,19000000.0,,,3066000000.0,8796000000.0,4292000000.0,582000000.0,8000000.0,3712000000.0,580000000.0,-574000000.0,6000000.0,13088000000.0,100000000.0,98036000.0,100926000.0
Tenet Healthcare Corp,THC,0W9AIBT6U6ADJ2I8HK17,70318,2014.0,Q3TTM,2013-10-01,2014-09-30,,-0.74,-0.74,0.4,800000000.0,-0.74,148000000.0,-19000000.0,-19000000.0,10000000.0,-29000000.0,-73000000.0,54000000.0,10345000000.0,17306000000.0,1297000000.0,,-120000000.0,47000000.0,,,4057000000.0,11642000000.0,5664000000.0,764000000.0,23000000.0,4932000000.0,732000000.0,-741000000.0,-9000000.0,17306000000.0,100000000.0,98036000.0,100926000.0
Tenet Healthcare Corp,THC,0W9AIBT6U6ADJ2I8HK17,70318,2014.0,Q3,2014-07-01,2014-09-30,2015-11-02 16:42:58+00:00,0.09,0.09,,207000000.0,0.09,37000000.0,-18000000.0,18000000.0,19000000.0,-1000000.0,9000000.0,9000000.0,2693000000.0,4424000000.0,249000000.0,,-5000000.0,4000000.0,,,1032000000.0,2942000000.0,1482000000.0,210000000.0,4000000.0,1275000000.0,207000000.0,-206000000.0,1000000.0,4424000000.0,100000000.0,98036000.0,100926000.0
Tenet Healthcare Corp,THC,0W9AIBT6U6ADJ2I8HK17,70318,2014.0,Q2YTD,2014-01-01,2014-06-30,,-0.59,-0.59,0.2,402000000.0,-0.59,53000000.0,7000000.0,-23000000.0,-2000000.0,-21000000.0,-58000000.0,35000000.0,5154000000.0,8664000000.0,700000000.0,,-67000000.0,15000000.0,,,2034000000.0,5854000000.0,2810000000.0,372000000.0,4000000.0,2437000000.0,373000000.0,-368000000.0,5000000.0,8664000000.0,96300000.0,97677000.0,97677000.0
Tenet Healthcare Corp,THC,0W9AIBT6U6ADJ2I8HK17,70318,2014.0,Q2TTM,2013-07-01,2014-06-30,,-0.55,-0.55,0.38,712000000.0,-0.55,131000000.0,15000000.0,-1000000.0,32000000.0,-33000000.0,-54000000.0,53000000.0,9211000000.0,15500000000.0,1258000000.0,,-129000000.0,44000000.0,,,3600000000.0,10469000000.0,5031000000.0,645000000.0,19000000.0,4358000000.0,673000000.0,-626000000.0,47000000.0,15500000000.0,96300000.0,97677000.0,97677000.0
Tenet Healthcare Corp,THC,0W9AIBT6U6ADJ2I8HK17,70318,2014.0,Q2,2014-04-01,2014-06-30,2015-08-03 16:54:23+00:00,-0.27,-0.27,,209000000.0,-0.27,32000000.0,8000000.0,-7000000.0,9000000.0,-16000000.0,-26000000.0,19000000.0,2605000000.0,4358000000.0,320000000.0,,-58000000.0,12000000.0,,,1035000000.0,2925000000.0,1433000000.0,190000000.0,4000000.0,1230000000.0,203000000.0,-186000000.0,17000000.0,4358000000.0,96300000.0,97677000.0,97677000.0
Tenet Healthcare Corp,THC,0W9AIBT6U6ADJ2I8HK17,70318,2014.0,Q1TTM,2013-04-01,2014-03-31,,-0.8,-0.8,0.33,624000000.0,-0.8,110000000.0,-13000000.0,-37000000.0,-23000000.0,-14000000.0,-78000000.0,41000000.0,8159000000.0,13771000000.0,1145000000.0,,-105000000.0,34000000.0,,,3132000000.0,9304000000.0,4467000000.0,724000000.0,16000000.0,3795000000.0,672000000.0,-708000000.0,-36000000.0,13771000000.0,97000000.0,97161000.0,97161000.0
Tenet Healthcare Corp,THC,0W9AIBT6U6ADJ2I8HK17,70318,2014.0,Q1,2014-01-01,2014-03-31,2015-05-04 16:35:25+00:00,-0.33,-0.33,,193000000.0,-0.33,21000000.0,-1000000.0,-16000000.0,-11000000.0,-5000000.0,-32000000.0,16000000.0,2549000000.0,4306000000.0,380000000.0,,-9000000.0,3000000.0,,,999000000.0,2929000000.0,1377000000.0,182000000.0,,1207000000.0,170000000.0,-182000000.0,-12000000.0,4306000000.0,97000000.0,97161000.0,97161000.0
Tenet Healthcare Corp,THC,0W9AIBT6U6ADJ2I8HK17,70318,2015.0,FY,2015-01-01,2015-12-31,2018-02-26 16:30:06+00:00,-1.41,-1.41,,797000000.0,-1.41,318000000.0,68000000.0,78000000.0,76000000.0,2000000.0,-140000000.0,218000000.0,11953000000.0,20111000000.0,1477000000.0,-20000000.0,-72000000.0,105000000.0,,,4555000000.0,13430000000.0,6681000000.0,913000000.0,99000000.0,5703000000.0,978000000.0,-834000000.0,144000000.0,20111000000.0,99300000.0,99167000.0,99167000.0
Tenet Healthcare Corp,THC,0W9AIBT6U6ADJ2I8HK17,70318,2015.0,Q4,2015-10-01,2015-12-31,,-0.99,-0.99,,208000000.0,-0.98,52000000.0,68000000.0,2000000.0,-1000000.0,3000000.0,-97000000.0,99000000.0,3239000000.0,5417000000.0,391000000.0,-20000000.0,-26000000.0,38000000.0,,,1230000000.0,3630000000.0,1787000000.0,249000000.0,51000000.0,1502000000.0,285000000.0,-218000000.0,67000000.0,5417000000.0,99300000.0,99167000.0,99167000.0
Tenet Healthcare Corp,THC,0W9AIBT6U6ADJ2I8HK17,70318,2015.0,Q3,2015-07-01,2015-09-30,2016-10-31 16:36:04+00:00,-0.29,-0.29,,185000000.0,-0.29,44000000.0,11000000.0,28000000.0,29000000.0,-1000000.0,-29000000.0,57000000.0,3010000000.0,5063000000.0,371000000.0,,-7000000.0,50000000.0,,,1151000000.0,3381000000.0,1682000000.0,248000000.0,29000000.0,1423000000.0,259000000.0,-219000000.0,40000000.0,5063000000.0,100000000.0,99537000.0,99537000.0
Tenet Healthcare Corp,THC,0W9AIBT6U6ADJ2I8HK17,70318,2015.0,Q3YTD,2015-01-01,2015-09-30,,-0.42,-0.42,,589000000.0,-0.43,266000000.0,,76000000.0,77000000.0,-1000000.0,-43000000.0,119000000.0,8714000000.0,14694000000.0,1086000000.0,,-46000000.0,67000000.0,,,3325000000.0,9800000000.0,4894000000.0,664000000.0,48000000.0,4201000000.0,693000000.0,-616000000.0,77000000.0,14694000000.0,100000000.0,99537000.0,99537000.0
Tenet Healthcare Corp,THC,0W9AIBT6U6ADJ2I8HK17,70318,2015.0,Q3TTM,2014-10-01,2015-09-30,,0.18,0.18,0.8,829000000.0,0.18,329000000.0,60000000.0,157000000.0,158000000.0,-1000000.0,18000000.0,139000000.0,11520000000.0,19514000000.0,1442000000.0,,-78000000.0,73000000.0,,,4373000000.0,12962000000.0,6552000000.0,860000000.0,52000000.0,5526000000.0,1026000000.0,-808000000.0,218000000.0,19514000000.0,100000000.0,99537000.0,99537000.0
Tenet Healthcare Corp,THC,0W9AIBT6U6ADJ2I8HK17,70318,2015.0,Q2,2015-04-01,2015-06-30,2016-08-01 17:27:53+00:00,-0.61,-0.61,,197000000.0,-0.61,193000000.0,-27000000.0,-28000000.0,-27000000.0,-1000000.0,-61000000.0,33000000.0,2892000000.0,4844000000.0,352000000.0,,-33000000.0,14000000.0,,,1081000000.0,3244000000.0,1600000000.0,217000000.0,15000000.0,1452000000.0,148000000.0,-202000000.0,-54000000.0,4844000000.0,100000000.0,99244000.0,99244000.0
Tenet Healthcare Corp,THC,0W9AIBT6U6ADJ2I8HK17,70318,2015.0,Q2YTD,2015-01-01,2015-06-30,,-0.13,-0.13,,404000000.0,-0.14,222000000.0,-11000000.0,48000000.0,48000000.0,,-14000000.0,62000000.0,5704000000.0,9631000000.0,715000000.0,,-39000000.0,17000000.0,,,2174000000.0,6419000000.0,3212000000.0,416000000.0,19000000.0,2778000000.0,434000000.0,-397000000.0,37000000.0,9631000000.0,100000000.0,99244000.0,99244000.0
Tenet Healthcare Corp,THC,0W9AIBT6U6ADJ2I8HK17,70318,2015.0,Q2TTM,2014-07-01,2015-06-30,,0.56,0.56,0.48,851000000.0,0.56,322000000.0,31000000.0,147000000.0,148000000.0,-1000000.0,56000000.0,91000000.0,11203000000.0,18875000000.0,1320000000.0,,-76000000.0,27000000.0,,,4254000000.0,12523000000.0,6352000000.0,822000000.0,27000000.0,5378000000.0,974000000.0,-795000000.0,179000000.0,18875000000.0,100000000.0,99244000.0,99244000.0
Tenet Healthcare Corp,THC,0W9AIBT6U6ADJ2I8HK17,70318,2015.0,Q1,2015-01-01,2015-03-31,2016-05-02 16:35:10+00:00,0.48,0.48,,207000000.0,0.47,29000000.0,16000000.0,76000000.0,75000000.0,1000000.0,47000000.0,29000000.0,2812000000.0,4787000000.0,363000000.0,,-6000000.0,3000000.0,,,1093000000.0,3175000000.0,1612000000.0,199000000.0,4000000.0,1326000000.0,286000000.0,-195000000.0,91000000.0,4787000000.0,97900000.0,98699000.0,100872000.0
Tenet Healthcare Corp,THC,0W9AIBT6U6ADJ2I8HK17,70318,2015.0,Q1TTM,2014-04-01,2015-03-31,,0.92,0.92,0.46,863000000.0,0.92,161000000.0,66000000.0,168000000.0,184000000.0,-16000000.0,91000000.0,77000000.0,10916000000.0,18389000000.0,1288000000.0,,-101000000.0,25000000.0,,,4208000000.0,12204000000.0,6185000000.0,795000000.0,16000000.0,5156000000.0,1029000000.0,-779000000.0,250000000.0,18389000000.0,97900000.0,98699000.0,100872000.0
Tenet Healthcare Corp,THC,0W9AIBT6U6ADJ2I8HK17,70318,2016.0,FY,2016-01-01,2016-12-31,2019-02-25 16:34:09+00:00,-1.93,-1.93,,850000000.0,-1.93,202000000.0,67000000.0,176000000.0,181000000.0,-5000000.0,-192000000.0,368000000.0,12452000000.0,21070000000.0,1449000000.0,-20000000.0,-32000000.0,142000000.0,,,4891000000.0,13901000000.0,7169000000.0,979000000.0,131000000.0,6053000000.0,1116000000.0,-868000000.0,248000000.0,21070000000.0,99500000.0,99321000.0,99321000.0
Tenet Healthcare Corp,THC,0W9AIBT6U6ADJ2I8HK17,70318,2016.0,Q4,2016-10-01,2016-12-31,,-0.79,-0.79,,218000000.0,-0.79,121000000.0,6000000.0,23000000.0,23000000.0,,-79000000.0,102000000.0,3089000000.0,5214000000.0,354000000.0,-2000000.0,-9000000.0,2000000.0,,,1205000000.0,3443000000.0,1771000000.0,249000000.0,46000000.0,1537000000.0,234000000.0,-205000000.0,29000000.0,5214000000.0,99500000.0,99321000.0,99321000.0
Tenet Healthcare Corp,THC,0W9AIBT6U6ADJ2I8HK17,70318,2016.0,Q3,2016-07-01,2016-09-30,2017-11-06 17:47:01+00:00,-0.08,-0.08,,205000000.0,-0.08,31000000.0,10000000.0,80000000.0,79000000.0,1000000.0,-8000000.0,88000000.0,3075000000.0,5216000000.0,367000000.0,-7000000.0,-2000000.0,1000000.0,,,1231000000.0,3442000000.0,1774000000.0,243000000.0,31000000.0,1466000000.0,308000000.0,-219000000.0,89000000.0,5216000000.0,100000000.0,99523000.0,99523000.0
Tenet Healthcare Corp,THC,0W9AIBT6U6ADJ2I8HK17,70318,2016.0,Q3YTD,2016-01-01,2016-09-30,,-1.14,-1.14,,632000000.0,-1.14,81000000.0,61000000.0,153000000.0,158000000.0,-5000000.0,-113000000.0,266000000.0,9363000000.0,15856000000.0,1095000000.0,-18000000.0,-23000000.0,140000000.0,,,3686000000.0,10458000000.0,5398000000.0,730000000.0,85000000.0,4516000000.0,882000000.0,-663000000.0,219000000.0,15856000000.0,100000000.0,99523000.0,99523000.0
Tenet Healthcare Corp,THC,0W9AIBT6U6ADJ2I8HK17,70318,2016.0,Q3TTM,2015-10-01,2016-09-30,,-2.13,-2.13,,840000000.0,-2.12,133000000.0,129000000.0,155000000.0,157000000.0,-2000000.0,-210000000.0,365000000.0,12602000000.0,21273000000.0,1486000000.0,-38000000.0,-49000000.0,178000000.0,,,4916000000.0,14088000000.0,7185000000.0,979000000.0,136000000.0,6018000000.0,1167000000.0,-881000000.0,286000000.0,21273000000.0,100000000.0,99523000.0,99523000.0
Tenet Healthcare Corp,THC,0W9AIBT6U6ADJ2I8HK17,70318,2016.0,Q2,2016-04-01,2016-06-30,2017-08-07 17:10:35+00:00,-0.46,-0.46,,215000000.0,-0.46,22000000.0,-16000000.0,39000000.0,41000000.0,-2000000.0,-46000000.0,85000000.0,3082000000.0,5220000000.0,352000000.0,-5000000.0,-21000000.0,113000000.0,,,1213000000.0,3434000000.0,1786000000.0,244000000.0,30000000.0,1542000000.0,244000000.0,-219000000.0,25000000.0,5220000000.0,100000000.0,99341000.0,99341000.0
Tenet Healthcare Corp,THC,0W9AIBT6U6ADJ2I8HK17,70318,2016.0,Q2YTD,2016-01-01,2016-06-30,,-1.06,-1.06,,427000000.0,-1.06,50000000.0,51000000.0,73000000.0,79000000.0,-6000000.0,-105000000.0,178000000.0,6288000000.0,10640000000.0,728000000.0,-11000000.0,-21000000.0,139000000.0,,,2455000000.0,7016000000.0,3624000000.0,487000000.0,54000000.0,3050000000.0,574000000.0,-444000000.0,130000000.0,10640000000.0,100000000.0,99341000.0,99341000.0
Tenet Healthcare Corp,THC,0W9AIBT6U6ADJ2I8HK17,70318,2016.0,Q2TTM,2015-07-01,2016-06-30,,-2.34,-2.34,,820000000.0,-2.33,146000000.0,130000000.0,103000000.0,107000000.0,-4000000.0,-231000000.0,334000000.0,12537000000.0,21120000000.0,1490000000.0,-31000000.0,-54000000.0,227000000.0,,,4836000000.0,14027000000.0,7093000000.0,984000000.0,134000000.0,5975000000.0,1118000000.0,-881000000.0,237000000.0,21120000000.0,100000000.0,99341000.0,99341000.0
Tenet Healthcare Corp,THC,0W9AIBT6U6ADJ2I8HK17,70318,2016.0,Q1,2016-01-01,2016-03-31,2017-05-01 16:39:13+00:00,-0.6,-0.6,,212000000.0,-0.6,28000000.0,67000000.0,34000000.0,38000000.0,-4000000.0,-59000000.0,93000000.0,3206000000.0,5420000000.0,376000000.0,-6000000.0,,26000000.0,,,1242000000.0,3582000000.0,1838000000.0,243000000.0,24000000.0,1508000000.0,330000000.0,-225000000.0,105000000.0,5420000000.0,98300000.0,98768000.0,98768000.0
Tenet Healthcare Corp,THC,0W9AIBT6U6ADJ2I8HK17,70318,2016.0,Q1TTM,2015-04-01,2016-03-31,,-2.49,-2.49,,802000000.0,-2.48,317000000.0,119000000.0,36000000.0,39000000.0,-3000000.0,-246000000.0,282000000.0,12347000000.0,20744000000.0,1490000000.0,-26000000.0,-66000000.0,128000000.0,,,4704000000.0,13837000000.0,6907000000.0,957000000.0,119000000.0,5885000000.0,1022000000.0,-864000000.0,158000000.0,20744000000.0,98300000.0,98768000.0,98768000.0
Tenet Healthcare Corp,THC,0W9AIBT6U6ADJ2I8HK17,70318,2017.0,FY,2017-01-01,2017-12-31,2020-02-24 16:28:48+00:00,-7.0,-7.0,,870000000.0,-7.0,541000000.0,219000000.0,-320000000.0,-320000000.0,0.0,-704000000.0,384000000.0,12359000000.0,20613000000.0,1434000000.0,-22000000.0,,-121000000.0,,,4561000000.0,13793000000.0,6820000000.0,1192000000.0,144000000.0,5851000000.0,969000000.0,-1070000000.0,-101000000.0,20613000000.0,100600000.0,100592000.0,100592000.0
Tenet Healthcare Corp,THC,0W9AIBT6U6ADJ2I8HK17,70318,2017.0,Q4,2017-10-01,2017-12-31,,-2.28,-2.28,,208000000.0,-2.28,138000000.0,324000000.0,-99000000.0,-100000000.0,1000000.0,-229000000.0,130000000.0,3084000000.0,5303000000.0,325000000.0,-8000000.0,8000000.0,9000000.0,,,1095000000.0,3409000000.0,1894000000.0,253000000.0,49000000.0,1458000000.0,436000000.0,-212000000.0,224000000.0,5303000000.0,100600000.0,100592000.0,100592000.0
Tenet Healthcare Corp,THC,0W9AIBT6U6ADJ2I8HK17,70318,2017.0,Q3,2017-07-01,2017-09-30,2018-11-05 16:27:21+00:00,-3.64,-3.64,,219000000.0,-3.64,329000000.0,-60000000.0,-289000000.0,-288000000.0,-1000000.0,-367000000.0,78000000.0,3004000000.0,4941000000.0,355000000.0,-4000000.0,-1000000.0,-98000000.0,,,1120000000.0,3359000000.0,1582000000.0,395000000.0,38000000.0,1569000000.0,13000000.0,-361000000.0,-348000000.0,4941000000.0,100800000.0,100812000.0,100812000.0
Tenet Healthcare Corp,THC,0W9AIBT6U6ADJ2I8HK17,70318,2017.0,Q3YTD,2017-01-01,2017-09-30,,-4.72,-4.72,,662000000.0,-4.72,403000000.0,-105000000.0,-221000000.0,-220000000.0,-1000000.0,-475000000.0,254000000.0,9275000000.0,15310000000.0,1109000000.0,-14000000.0,-8000000.0,-130000000.0,,,3466000000.0,10384000000.0,4926000000.0,939000000.0,95000000.0,4393000000.0,533000000.0,-858000000.0,-325000000.0,15310000000.0,100800000.0,100812000.0,100812000.0
Tenet Healthcare Corp,THC,0W9AIBT6U6ADJ2I8HK17,70318,2017.0,Q3TTM,2016-10-01,2017-09-30,,-5.51,-5.51,,880000000.0,-5.51,524000000.0,-99000000.0,-198000000.0,-197000000.0,-1000000.0,-554000000.0,356000000.0,12364000000.0,20524000000.0,1463000000.0,-16000000.0,-17000000.0,-128000000.0,,,4671000000.0,13827000000.0,6697000000.0,1188000000.0,141000000.0,5930000000.0,767000000.0,-1063000000.0,-296000000.0,20524000000.0,100800000.0,100812000.0,100812000.0
Tenet Healthcare Corp,THC,0W9AIBT6U6ADJ2I8HK17,70318,2017.0,Q2,2017-04-01,2017-06-30,2018-08-06 16:23:57+00:00,-0.55,-0.55,,222000000.0,-0.55,41000000.0,-12000000.0,32000000.0,31000000.0,1000000.0,-55000000.0,87000000.0,3126000000.0,5173000000.0,371000000.0,-5000000.0,-6000000.0,-22000000.0,,,1159000000.0,3497000000.0,1676000000.0,286000000.0,28000000.0,1394000000.0,282000000.0,-263000000.0,19000000.0,5173000000.0,100000000.0,100612000.0,100612000.0
Tenet Healthcare Corp,THC,0W9AIBT6U6ADJ2I8HK17,70318,2017.0,Q2YTD,2017-01-01,2017-06-30,,-1.08,-1.08,,443000000.0,-1.08,74000000.0,-45000000.0,68000000.0,68000000.0,,-108000000.0,176000000.0,6271000000.0,10369000000.0,754000000.0,-10000000.0,-7000000.0,-32000000.0,,,2346000000.0,7025000000.0,3344000000.0,544000000.0,57000000.0,2824000000.0,520000000.0,-497000000.0,23000000.0,10369000000.0,100000000.0,100612000.0,100612000.0
Tenet Healthcare Corp,THC,0W9AIBT6U6ADJ2I8HK17,70318,2017.0,Q2TTM,2016-07-01,2017-06-30,,-1.95,-1.95,,866000000.0,-1.95,226000000.0,-29000000.0,171000000.0,170000000.0,1000000.0,-195000000.0,366000000.0,12435000000.0,20799000000.0,1475000000.0,-19000000.0,-18000000.0,-29000000.0,,,4782000000.0,13910000000.0,6889000000.0,1036000000.0,134000000.0,5827000000.0,1062000000.0,-921000000.0,141000000.0,20799000000.0,100000000.0,100612000.0,100612000.0
Tenet Healthcare Corp,THC,0W9AIBT6U6ADJ2I8HK17,70318,2017.0,Q1,2017-01-01,2017-03-31,2018-04-30 16:23:46+00:00,-0.53,-0.53,,221000000.0,-0.53,33000000.0,-33000000.0,36000000.0,37000000.0,-1000000.0,-53000000.0,89000000.0,3145000000.0,5196000000.0,383000000.0,-5000000.0,-1000000.0,-10000000.0,,,1187000000.0,3528000000.0,1668000000.0,258000000.0,29000000.0,1430000000.0,238000000.0,-234000000.0,4000000.0,5196000000.0,100000000.0,100000000.0,100000000.0
Tenet Healthcare Corp,THC,0W9AIBT6U6ADJ2I8HK17,70318,2017.0,Q1TTM,2016-04-01,2017-03-31,,-1.86,-1.86,,859000000.0,-1.86,207000000.0,-33000000.0,178000000.0,180000000.0,-2000000.0,-186000000.0,364000000.0,12391000000.0,20846000000.0,1456000000.0,-19000000.0,-33000000.0,106000000.0,,,4836000000.0,13847000000.0,6999000000.0,994000000.0,136000000.0,5975000000.0,1024000000.0,-877000000.0,147000000.0,20846000000.0,100000000.0,100000000.0,100000000.0
Tenet Healthcare Corp,THC,0W9AIBT6U6ADJ2I8HK17,70318,2018.0,FY,2018-01-01,2018-12-31,2020-02-24 16:28:48+00:00,1.09,1.09,,802000000.0,1.07,209000000.0,176000000.0,466000000.0,463000000.0,3000000.0,111000000.0,355000000.0,11638000000.0,18313000000.0,,-5000000.0,,-89000000.0,,,4256000000.0,11638000000.0,6675000000.0,1003000000.0,150000000.0,5178000000.0,1497000000.0,-858000000.0,639000000.0,18313000000.0,101800000.0,102110000.0,103881000.0
Tenet Healthcare Corp,THC,0W9AIBT6U6ADJ2I8HK17,70318,2018.0,Q4,2018-10-01,2018-12-31,,-0.05,-0.05,,200000000.0,-0.05,86000000.0,56000000.0,102000000.0,102000000.0,,-5000000.0,107000000.0,2912000000.0,4619000000.0,,-3000000.0,1000000.0,-6000000.0,,,1075000000.0,2912000000.0,1707000000.0,243000000.0,53000000.0,1356000000.0,351000000.0,-193000000.0,158000000.0,4619000000.0,101800000.0,102110000.0,103881000.0
Tenet Healthcare Corp,THC,0W9AIBT6U6ADJ2I8HK17,70318,2018.0,Q3,2018-07-01,2018-09-30,2019-11-04 16:28:16+00:00,-0.09,-0.09,,204000000.0,-0.09,46000000.0,6000000.0,65000000.0,65000000.0,0.0,-9000000.0,74000000.0,2842000000.0,4489000000.0,,0.0,0.0,16000000.0,,,1094000000.0,2842000000.0,1647000000.0,249000000.0,33000000.0,1360000000.0,287000000.0,-216000000.0,71000000.0,4489000000.0,100000000.0,102402000.0,102402000.0
Tenet Healthcare Corp,THC,0W9AIBT6U6ADJ2I8HK17,70318,2018.0,Q3YTD,2018-01-01,2018-09-30,,1.14,1.14,,602000000.0,1.12,123000000.0,120000000.0,364000000.0,361000000.0,3000000.0,116000000.0,248000000.0,8726000000.0,13694000000.0,,-2000000.0,-1000000.0,-83000000.0,,,3181000000.0,8726000000.0,4968000000.0,760000000.0,97000000.0,3822000000.0,1146000000.0,-665000000.0,481000000.0,13694000000.0,100000000.0,102402000.0,102402000.0
Tenet Healthcare Corp,THC,0W9AIBT6U6ADJ2I8HK17,70318,2018.0,Q3TTM,2017-10-01,2018-09-30,,-1.14,-1.14,,810000000.0,-1.16,261000000.0,444000000.0,265000000.0,261000000.0,4000000.0,-113000000.0,378000000.0,11810000000.0,18997000000.0,325000000.0,-10000000.0,7000000.0,-74000000.0,,,4276000000.0,12135000000.0,6862000000.0,1013000000.0,146000000.0,5280000000.0,1582000000.0,-877000000.0,705000000.0,18997000000.0,100000000.0,102402000.0,102402000.0
Tenet Healthcare Corp,THC,0W9AIBT6U6ADJ2I8HK17,70318,2018.0,Q2,2018-04-01,2018-06-30,2019-08-05 16:26:29+00:00,0.25,0.25,,194000000.0,0.25,30000000.0,44000000.0,108000000.0,106000000.0,2000000.0,26000000.0,82000000.0,2883000000.0,4506000000.0,,-1000000.0,0.0,5000000.0,,,1027000000.0,2883000000.0,1623000000.0,255000000.0,39000000.0,1256000000.0,367000000.0,-217000000.0,150000000.0,4506000000.0,104000000.0,102147000.0,104177000.0
Tenet Healthcare Corp,THC,0W9AIBT6U6ADJ2I8HK17,70318,2018.0,Q2YTD,2018-01-01,2018-06-30,,1.23,1.23,,398000000.0,1.21,77000000.0,114000000.0,299000000.0,296000000.0,3000000.0,125000000.0,174000000.0,5884000000.0,9205000000.0,,-2000000.0,-1000000.0,-99000000.0,,,2087000000.0,5884000000.0,3321000000.0,511000000.0,64000000.0,2462000000.0,859000000.0,-449000000.0,410000000.0,9205000000.0,104000000.0,102147000.0,104177000.0
Tenet Healthcare Corp,THC,0W9AIBT6U6ADJ2I8HK17,70318,2018.0,Q2TTM,2017-07-01,2018-06-30,,-4.69,-4.69,,825000000.0,-4.71,544000000.0,378000000.0,-89000000.0,-92000000.0,3000000.0,-471000000.0,382000000.0,11972000000.0,19449000000.0,680000000.0,-14000000.0,6000000.0,-188000000.0,,,4302000000.0,12652000000.0,6797000000.0,1159000000.0,151000000.0,5489000000.0,1308000000.0,-1022000000.0,286000000.0,19449000000.0,104000000.0,102147000.0,104177000.0
Tenet Healthcare Corp,THC,0W9AIBT6U6ADJ2I8HK17,70318,2018.0,Q1,2018-01-01,2018-03-31,2019-04-29 16:22:00+00:00,0.98,0.98,,204000000.0,0.96,47000000.0,70000000.0,191000000.0,190000000.0,1000000.0,99000000.0,92000000.0,3001000000.0,4699000000.0,,-1000000.0,-1000000.0,-104000000.0,,,1060000000.0,3001000000.0,1698000000.0,256000000.0,25000000.0,1206000000.0,492000000.0,-232000000.0,260000000.0,4699000000.0,101000000.0,101392000.0,102656000.0
Tenet Healthcare Corp,THC,0W9AIBT6U6ADJ2I8HK17,70318,2018.0,Q1TTM,2017-04-01,2018-03-31,,-5.49,-5.49,,853000000.0,-5.51,555000000.0,322000000.0,-165000000.0,-167000000.0,2000000.0,-552000000.0,387000000.0,12215000000.0,20116000000.0,1051000000.0,-18000000.0,,-215000000.0,,,4434000000.0,13266000000.0,6850000000.0,1190000000.0,140000000.0,5627000000.0,1223000000.0,-1068000000.0,155000000.0,20116000000.0,101000000.0,101392000.0,102656000.0
Tenet Healthcare Corp,THC,0W9AIBT6U6ADJ2I8HK17,70318,2019.0,Q4,2019-10-01,2019-12-31,,-0.06,-0.06,,223000000.0,-0.05,84000000.0,83000000.0,122000000.0,122000000.0,,-5000000.0,127000000.0,3034000000.0,4806000000.0,,-2000000.0,,38000000.0,,,1038000000.0,3034000000.0,1772000000.0,243000000.0,61000000.0,1383000000.0,389000000.0,-184000000.0,205000000.0,4806000000.0,103600000.0,103398000.0,103398000.0
Tenet Healthcare Corp,THC,0W9AIBT6U6ADJ2I8HK17,70318,2019.0,FY,2019-01-01,2019-12-31,2020-02-24 16:28:48+00:00,-2.24,-2.24,,850000000.0,-2.24,185000000.0,153000000.0,154000000.0,143000000.0,11000000.0,-232000000.0,386000000.0,11761000000.0,18479000000.0,,-5000000.0,,156000000.0,,,4189000000.0,11761000000.0,6718000000.0,1212000000.0,175000000.0,5380000000.0,1338000000.0,-1042000000.0,296000000.0,18479000000.0,103600000.0,103398000.0,103398000.0
Tenet Healthcare Corp,THC,0W9AIBT6U6ADJ2I8HK17,70318,2019.0,Q3YTD,2019-01-01,2019-09-30,,-2.18,-2.18,,627000000.0,-2.19,101000000.0,70000000.0,32000000.0,21000000.0,11000000.0,-227000000.0,259000000.0,8727000000.0,13673000000.0,,-3000000.0,,118000000.0,,,3151000000.0,8727000000.0,4946000000.0,969000000.0,114000000.0,3997000000.0,949000000.0,-858000000.0,91000000.0,13673000000.0,103600000.0,103558000.0,103558000.0
Tenet Healthcare Corp,THC,0W9AIBT6U6ADJ2I8HK17,70318,2019.0,Q3TTM,2018-10-01,2019-09-30,,-2.23,-2.23,,827000000.0,-2.24,187000000.0,126000000.0,134000000.0,123000000.0,11000000.0,-232000000.0,366000000.0,11639000000.0,18292000000.0,,-6000000.0,1000000.0,112000000.0,,,4226000000.0,11639000000.0,6653000000.0,1212000000.0,167000000.0,5353000000.0,1300000000.0,-1051000000.0,249000000.0,18292000000.0,103600000.0,103558000.0,103558000.0
Tenet Healthcare Corp,THC,0W9AIBT6U6ADJ2I8HK17,70318,2019.0,Q3,2019-07-01,2019-09-30,2019-11-04 16:28:16+00:00,-2.24,-2.24,,205000000.0,-2.24,46000000.0,20000000.0,-152000000.0,-153000000.0,1000000.0,-232000000.0,80000000.0,2934000000.0,4568000000.0,,-3000000.0,0.0,85000000.0,,,1042000000.0,2934000000.0,1634000000.0,424000000.0,38000000.0,1378000000.0,256000000.0,-389000000.0,-133000000.0,4568000000.0,103600000.0,103558000.0,103558000.0
Tenet Healthcare Corp,THC,0W9AIBT6U6ADJ2I8HK17,70318,2019.0,Q2YTD,2019-01-01,2019-06-30,,0.06,0.06,,422000000.0,0.05,55000000.0,50000000.0,184000000.0,174000000.0,10000000.0,5000000.0,179000000.0,5793000000.0,9105000000.0,,,,33000000.0,,,2109000000.0,5793000000.0,3312000000.0,545000000.0,76000000.0,2619000000.0,693000000.0,-469000000.0,224000000.0,9105000000.0,100000000.0,103198000.0,104629000.0
Tenet Healthcare Corp,THC,0W9AIBT6U6ADJ2I8HK17,70318,2019.0,Q2TTM,2018-07-01,2019-06-30,,-0.08,-0.08,,826000000.0,-0.09,187000000.0,112000000.0,351000000.0,341000000.0,10000000.0,-9000000.0,360000000.0,11547000000.0,18213000000.0,,-3000000.0,1000000.0,43000000.0,,,4278000000.0,11547000000.0,6666000000.0,1037000000.0,162000000.0,5335000000.0,1331000000.0,-878000000.0,453000000.0,18213000000.0,100000000.0,103198000.0,104629000.0
Tenet Healthcare Corp,THC,0W9AIBT6U6ADJ2I8HK17,70318,2019.0,Q2,2019-04-01,2019-06-30,2019-08-05 16:26:29+00:00,0.17,0.17,,214000000.0,0.16,36000000.0,30000000.0,112000000.0,110000000.0,2000000.0,17000000.0,95000000.0,2901000000.0,4560000000.0,,-1000000.0,0.0,19000000.0,,,1044000000.0,2901000000.0,1659000000.0,247000000.0,42000000.0,1313000000.0,346000000.0,-206000000.0,140000000.0,4560000000.0,100000000.0,103198000.0,104629000.0
Tenet Healthcare Corp,THC,0W9AIBT6U6ADJ2I8HK17,70318,2019.0,Q1,2019-01-01,2019-03-31,2020-05-04 16:20:36+00:00,-0.11,-0.11,,208000000.0,-0.11,19000000.0,20000000.0,72000000.0,64000000.0,8000000.0,-12000000.0,84000000.0,2892000000.0,4545000000.0,,1000000.0,,14000000.0,,,1065000000.0,2892000000.0,1653000000.0,298000000.0,34000000.0,1306000000.0,347000000.0,-263000000.0,84000000.0,4545000000.0,109100000.0,102788000.0,102788000.0
Tenet Healthcare Corp,THC,0W9AIBT6U6ADJ2I8HK17,70318,2019.0,Q1TTM,2018-04-01,2019-03-31,,,,,806000000.0,,181000000.0,126000000.0,347000000.0,337000000.0,10000000.0,,347000000.0,11529000000.0,18159000000.0,,-3000000.0,1000000.0,29000000.0,,,4261000000.0,11529000000.0,6630000000.0,1045000000.0,159000000.0,5278000000.0,1352000000.0,-889000000.0,463000000.0,18159000000.0,109100000.0,102788000.0,102788000.0
Tenet Healthcare Corp,THC,0W9AIBT6U6ADJ2I8HK17,70318,2020.0,Q1TTM,2019-04-01,2020-03-31,,-1.24,-1.24,,845000000.0,-1.25,221000000.0,58000000.0,241000000.0,239000000.0,2000000.0,-127000000.0,368000000.0,11819000000.0,18454000000.0,,-5000000.0,,142000000.0,,,4137000000.0,11819000000.0,6635000000.0,1157000000.0,169000000.0,5345000000.0,1290000000.0,-993000000.0,297000000.0,18454000000.0,104500000.0,104353000.0,105733000.0
Tenet Healthcare Corp,THC,0W9AIBT6U6ADJ2I8HK17,70318,2020.0,Q1,2020-01-01,2020-03-31,2020-05-04 16:20:36+00:00,0.89,0.89,,203000000.0,0.88,55000000.0,-75000000.0,159000000.0,160000000.0,-1000000.0,93000000.0,66000000.0,2950000000.0,4520000000.0,,1000000.0,,0.0,,,1013000000.0,2950000000.0,1570000000.0,243000000.0,28000000.0,1271000000.0,299000000.0,-214000000.0,85000000.0,4520000000.0,104500000.0,104353000.0,105733000.0
