company_name,company_ticker,company_lei,company_cik,year,quarter,start_date,end_date,filing_date,amortizationexpense,basicdilutedeps,basiceps,cashdividendspershare,dilutedeps,impairmentexpense,incometaxexpense,netincome,netincomecontinuing,netincomediscontinued,netincometocommon,operatingcostofrevenue,operatingrevenue,otherincome,otherspecialcharges,rdexpense,totalcostofrevenue,totalgrossprofit,totalinterestexpense,totaloperatingexpenses,totaloperatingincome,totalotherincome,totalpretaxincome,totalrevenue,weightedavebasicdilutedsharesos,weightedavebasicsharesos,weightedavedilutedsharesos
Illinois Tool Works Inc,ITW,76NA4I14SZCFAYMNSV04,49826,2007.0,FY,2007-01-01,2007-12-31,2010-02-26 12:51:03+00:00,145702000.0,3.39,3.39,,3.36,2154000.0,756249000.0,1869862000.0,1827691000.0,42171000.0,1869862000.0,10430965000.0,16110267000.0,58269000.0,,2903680000.0,10430965000.0,5679302000.0,102095000.0,3051536000.0,2627766000.0,-43826000.0,2583940000.0,16110267000.0,551600000.0,551600000.0,556500000.0
Illinois Tool Works Inc,ITW,76NA4I14SZCFAYMNSV04,49826,2008.0,FY,2008-01-01,2008-12-31,2011-02-28 14:40:22+00:00,184410000.0,2.93,2.93,1.15,2.91,1575000.0,660445000.0,1519003000.0,1691093000.0,-172090000.0,1519003000.0,11186871000.0,17100341000.0,4710000.0,,3226199000.0,11186871000.0,5913470000.0,154458000.0,3412184000.0,2501286000.0,-149748000.0,2351538000.0,17100341000.0,518609000.0,518609000.0,518609000.0
Illinois Tool Works Inc,ITW,76NA4I14SZCFAYMNSV04,49826,2008.0,Q3,2008-07-01,2008-09-30,2009-10-30 13:08:42+00:00,50491000.0,0.88,0.88,0.59,0.87,0.0,184935000.0,453518000.0,464586000.0,-11068000.0,453518000.0,2936599000.0,4464621000.0,16763000.0,,806533000.0,2936599000.0,1528022000.0,38240000.0,857024000.0,670998000.0,-21477000.0,649521000.0,4464621000.0,515400000.0,517914000.0,521086000.0
Illinois Tool Works Inc,ITW,76NA4I14SZCFAYMNSV04,49826,2008.0,Q2,2008-04-01,2008-06-30,2009-08-07 16:54:18+00:00,42303000.0,1.01,1.01,0.56,1.01,0.0,216161000.0,528090000.0,528704000.0,-614000.0,528090000.0,2941457000.0,4555881000.0,24294000.0,,814962000.0,2941457000.0,1614424000.0,36588000.0,857265000.0,757159000.0,-12294000.0,744865000.0,4555881000.0,522900000.0,521488000.0,525209000.0
Illinois Tool Works Inc,ITW,76NA4I14SZCFAYMNSV04,49826,2009.0,Q4,2009-10-01,2009-12-31,,45410000.0,1.07,1.07,-0.62,1.07,3571000.0,-56518000.0,533088000.0,494747000.0,38341000.0,533088000.0,2237125000.0,3453357000.0,8587000.0,,694012000.0,2237125000.0,1216232000.0,43597000.0,742993000.0,473239000.0,-35010000.0,438229000.0,3453357000.0,500177000.0,500177000.0,500177000.0
Illinois Tool Works Inc,ITW,76NA4I14SZCFAYMNSV04,49826,2009.0,FY,2009-01-01,2009-12-31,2012-02-17 13:18:59+00:00,197469000.0,1.94,1.94,1.24,1.94,105568000.0,245282000.0,972697000.0,968638000.0,4059000.0,972697000.0,8953380000.0,13572996000.0,-4454000.0,,2933616000.0,8953380000.0,4619616000.0,164589000.0,3236653000.0,1382963000.0,-169043000.0,1213920000.0,13572996000.0,500177000.0,500177000.0,500177000.0
Illinois Tool Works Inc,ITW,76NA4I14SZCFAYMNSV04,49826,2009.0,Q3YTD,2009-01-01,2009-09-30,,152059000.0,0.87,0.87,1.86,0.87,101997000.0,301800000.0,439609000.0,473891000.0,-34282000.0,439609000.0,6716255000.0,10119639000.0,-13041000.0,,2239604000.0,6716255000.0,3403384000.0,120992000.0,2493660000.0,909724000.0,-134033000.0,775691000.0,10119639000.0,504000000.0,500313000.0,502187000.0
Illinois Tool Works Inc,ITW,76NA4I14SZCFAYMNSV04,49826,2009.0,Q3,2009-07-01,2009-09-30,2010-10-29 12:44:49+00:00,49542000.0,0.6,0.6,0.62,0.6,12000000.0,146100000.0,302418000.0,302964000.0,-546000.0,302418000.0,2315175000.0,3580354000.0,11139000.0,,720042000.0,2315175000.0,1265179000.0,45670000.0,781584000.0,483595000.0,-34531000.0,449064000.0,3580354000.0,504000000.0,500313000.0,502187000.0
Illinois Tool Works Inc,ITW,76NA4I14SZCFAYMNSV04,49826,2009.0,Q2YTD,2009-01-01,2009-06-30,,102517000.0,0.27,0.27,1.24,0.27,89997000.0,155700000.0,137191000.0,170927000.0,-33736000.0,137191000.0,4401080000.0,6539285000.0,-24180000.0,,1519562000.0,4401080000.0,2138205000.0,75322000.0,1712076000.0,426129000.0,-99502000.0,326627000.0,6539285000.0,504500000.0,499389000.0,500875000.0
Illinois Tool Works Inc,ITW,76NA4I14SZCFAYMNSV04,49826,2009.0,Q2,2009-04-01,2009-06-30,2010-08-06 10:28:46+00:00,51947000.0,0.35,0.35,0.62,0.35,,92167000.0,176565000.0,178943000.0,-2378000.0,176565000.0,2248253000.0,3392906000.0,-19839000.0,,757871000.0,2248253000.0,1144653000.0,43886000.0,809818000.0,334835000.0,-63725000.0,271110000.0,3392906000.0,504500000.0,499389000.0,500875000.0
Illinois Tool Works Inc,ITW,76NA4I14SZCFAYMNSV04,49826,2009.0,Q1,2009-01-01,2009-03-31,2010-05-06 18:08:45+00:00,50570000.0,-0.08,-0.08,0.62,-0.08,89997000.0,63533000.0,-39374000.0,-8016000.0,-31358000.0,-39374000.0,2152827000.0,3146379000.0,-4341000.0,,761691000.0,2152827000.0,993552000.0,31436000.0,902258000.0,91294000.0,-35777000.0,55517000.0,3146379000.0,492200000.0,499189000.0,499189000.0
Illinois Tool Works Inc,ITW,76NA4I14SZCFAYMNSV04,49826,2010.0,Q4,2010-10-01,2010-12-31,,50948000.0,1.34,0.68,-0.62,0.68,-6000.0,109677000.0,335711000.0,315349000.0,20362000.0,335711000.0,2545123000.0,3809219000.0,2195000.0,,746455000.0,2545123000.0,1264096000.0,43868000.0,797397000.0,466699000.0,-41673000.0,425026000.0,3809219000.0,500800000.0,500800000.0,500800000.0
Illinois Tool Works Inc,ITW,76NA4I14SZCFAYMNSV04,49826,2010.0,FY,2010-01-01,2010-12-31,2013-02-19 12:06:38+00:00,207000000.0,3.0,3.0,1.27,2.99,1000000.0,637000000.0,1503000000.0,1452000000.0,51000000.0,1503000000.0,9997000000.0,15416000000.0,10000000.0,,2957000000.0,9997000000.0,5419000000.0,175000000.0,3165000000.0,2254000000.0,-165000000.0,2089000000.0,15416000000.0,500800000.0,500800000.0,500800000.0
Illinois Tool Works Inc,ITW,76NA4I14SZCFAYMNSV04,49826,2010.0,Q3YTD,2010-01-01,2010-09-30,,156052000.0,1.66,2.32,1.89,2.31,1006000.0,527323000.0,1167289000.0,1136651000.0,30638000.0,1167289000.0,7451877000.0,11606781000.0,7805000.0,,2210545000.0,7451877000.0,4154904000.0,131132000.0,2367603000.0,1787301000.0,-123327000.0,1663974000.0,11606781000.0,502400000.0,500751000.0,503149000.0
Illinois Tool Works Inc,ITW,76NA4I14SZCFAYMNSV04,49826,2010.0,Q3TTM,2009-10-01,2010-09-30,,201462000.0,2.73,3.39,1.27,3.38,4577000.0,470805000.0,1700377000.0,1631398000.0,68979000.0,1700377000.0,9689002000.0,15060138000.0,16392000.0,,2904557000.0,9689002000.0,5371136000.0,174729000.0,3110596000.0,2260540000.0,-158337000.0,2102203000.0,15060138000.0,502400000.0,500751000.0,503149000.0
Illinois Tool Works Inc,ITW,76NA4I14SZCFAYMNSV04,49826,2010.0,Q3,2010-07-01,2010-09-30,2011-10-28 09:59:28+00:00,51166000.0,0.84,0.84,0.65,0.84,1006000.0,174142000.0,422028000.0,403054000.0,18974000.0,422028000.0,2548451000.0,3941124000.0,961000.0,,720776000.0,2548451000.0,1392673000.0,43490000.0,772948000.0,619725000.0,-42529000.0,577196000.0,3941124000.0,502400000.0,500751000.0,503149000.0
Illinois Tool Works Inc,ITW,76NA4I14SZCFAYMNSV04,49826,2010.0,Q2YTD,2010-01-01,2010-06-30,,104886000.0,0.82,1.48,1.24,1.47,,353181000.0,745261000.0,733597000.0,11664000.0,745261000.0,4903426000.0,7665657000.0,6844000.0,,1489769000.0,4903426000.0,2762231000.0,87642000.0,1594655000.0,1167576000.0,-80798000.0,1086778000.0,7665657000.0,501800000.0,503265000.0,506297000.0
Illinois Tool Works Inc,ITW,76NA4I14SZCFAYMNSV04,49826,2010.0,Q2TTM,2009-07-01,2010-06-30,,199838000.0,2.49,3.15,1.24,3.14,15571000.0,442763000.0,1580767000.0,1531308000.0,49459000.0,1580767000.0,9455726000.0,14699368000.0,26570000.0,,2903823000.0,9455726000.0,5243642000.0,176909000.0,3119232000.0,2124410000.0,-150339000.0,1974071000.0,14699368000.0,501800000.0,503265000.0,506297000.0
Illinois Tool Works Inc,ITW,76NA4I14SZCFAYMNSV04,49826,2010.0,Q2,2010-04-01,2010-06-30,2011-08-05 08:50:00+00:00,51952000.0,0.82,0.82,0.62,0.81,,185181000.0,411456000.0,399792000.0,11664000.0,411456000.0,2514222000.0,3928056000.0,2207000.0,,735847000.0,2514222000.0,1413834000.0,43269000.0,787799000.0,626035000.0,-41062000.0,584973000.0,3928056000.0,501800000.0,503265000.0,506297000.0
Illinois Tool Works Inc,ITW,76NA4I14SZCFAYMNSV04,49826,2010.0,Q1,2010-01-01,2010-03-31,2011-05-05 17:56:50+00:00,52934000.0,,0.66,0.62,0.66,,168000000.0,333805000.0,333805000.0,,333805000.0,2389204000.0,3737601000.0,4637000.0,,753922000.0,2389204000.0,1348397000.0,44373000.0,806856000.0,541541000.0,-39736000.0,501805000.0,3737601000.0,,502424000.0,505014000.0
Illinois Tool Works Inc,ITW,76NA4I14SZCFAYMNSV04,49826,2010.0,Q1TTM,2009-04-01,2010-03-31,,199833000.0,2.02,2.68,1.24,2.68,15571000.0,349749000.0,1345876000.0,1310459000.0,35417000.0,1345876000.0,9189757000.0,14164218000.0,4524000.0,,2925847000.0,9189757000.0,4974461000.0,177526000.0,3141251000.0,1833210000.0,-173002000.0,1660208000.0,14164218000.0,,502424000.0,505014000.0
Illinois Tool Works Inc,ITW,76NA4I14SZCFAYMNSV04,49826,2011.0,Q4,2011-10-01,2011-12-31,,33000000.0,0.92,0.92,-0.68,0.92,,36000000.0,442000000.0,195000000.0,247000000.0,442000000.0,369000000.0,1048000000.0,7000000.0,,369000000.0,369000000.0,679000000.0,53000000.0,402000000.0,277000000.0,-46000000.0,231000000.0,1048000000.0,491400000.0,491400000.0,491400000.0
Illinois Tool Works Inc,ITW,76NA4I14SZCFAYMNSV04,49826,2011.0,FY,2011-01-01,2011-12-31,2014-02-14 10:54:39+00:00,219000000.0,4.21,4.21,1.38,4.19,0.0,448000000.0,2071000000.0,1775000000.0,296000000.0,2071000000.0,9089000000.0,14515000000.0,53000000.0,,2846000000.0,9089000000.0,5426000000.0,191000000.0,3065000000.0,2361000000.0,-138000000.0,2223000000.0,14515000000.0,491400000.0,491400000.0,491400000.0
Illinois Tool Works Inc,ITW,76NA4I14SZCFAYMNSV04,49826,2011.0,Q3YTD,2011-01-01,2011-09-30,,186000000.0,3.29,3.29,2.06,3.27,,412000000.0,1629000000.0,1580000000.0,49000000.0,1629000000.0,8720000000.0,13467000000.0,46000000.0,,2477000000.0,8720000000.0,4747000000.0,138000000.0,2663000000.0,2084000000.0,-92000000.0,1992000000.0,13467000000.0,487500000.0,486300000.0,488800000.0
Illinois Tool Works Inc,ITW,76NA4I14SZCFAYMNSV04,49826,2011.0,Q3TTM,2010-10-01,2011-09-30,,236948000.0,4.63,3.97,1.44,3.95,-6000.0,521677000.0,1964711000.0,1895349000.0,69362000.0,1964711000.0,11265123000.0,17276219000.0,48195000.0,,3223455000.0,11265123000.0,6011096000.0,181868000.0,3460397000.0,2550699000.0,-133673000.0,2417026000.0,17276219000.0,487500000.0,486300000.0,488800000.0
Illinois Tool Works Inc,ITW,76NA4I14SZCFAYMNSV04,49826,2011.0,Q3,2011-07-01,2011-09-30,2012-10-26 09:59:50+00:00,68000000.0,1.04,1.04,0.7,1.04,0.0,200000000.0,507000000.0,490000000.0,17000000.0,507000000.0,2962000000.0,4580000000.0,25000000.0,,836000000.0,2962000000.0,1618000000.0,49000000.0,904000000.0,714000000.0,-24000000.0,690000000.0,4580000000.0,487500000.0,486300000.0,488800000.0
Illinois Tool Works Inc,ITW,76NA4I14SZCFAYMNSV04,49826,2011.0,Q2YTD,2011-01-01,2011-06-30,,118000000.0,2.25,2.25,1.36,2.23,,212000000.0,1122000000.0,1090000000.0,32000000.0,1122000000.0,5758000000.0,8887000000.0,21000000.0,,1641000000.0,5758000000.0,3129000000.0,89000000.0,1759000000.0,1370000000.0,-68000000.0,1302000000.0,8887000000.0,499000000.0,497800000.0,501900000.0
Illinois Tool Works Inc,ITW,76NA4I14SZCFAYMNSV04,49826,2011.0,Q2TTM,2010-07-01,2011-06-30,,220114000.0,4.43,3.77,1.39,3.75,1000000.0,495819000.0,1879739000.0,1808403000.0,71336000.0,1879739000.0,10851574000.0,16637343000.0,24156000.0,,3108231000.0,10851574000.0,5785769000.0,176358000.0,3329345000.0,2456424000.0,-152202000.0,2304222000.0,16637343000.0,499000000.0,497800000.0,501900000.0
Illinois Tool Works Inc,ITW,76NA4I14SZCFAYMNSV04,49826,2011.0,Q2,2011-04-01,2011-06-30,2012-08-03 09:10:02+00:00,63000000.0,1.0,1.0,0.68,0.99,,197000000.0,499000000.0,484000000.0,15000000.0,499000000.0,2996000000.0,4615000000.0,15000000.0,,845000000.0,2996000000.0,1619000000.0,45000000.0,908000000.0,711000000.0,-30000000.0,681000000.0,4615000000.0,499000000.0,497800000.0,501900000.0
Illinois Tool Works Inc,ITW,76NA4I14SZCFAYMNSV04,49826,2011.0,Q1TTM,2010-04-01,2011-03-31,,209066000.0,4.25,3.59,1.33,3.57,1000000.0,484000000.0,1792195000.0,1724195000.0,68000000.0,1792195000.0,10369796000.0,15950399000.0,11363000.0,,2999078000.0,10369796000.0,5580603000.0,174627000.0,3209144000.0,2371459000.0,-163264000.0,2208195000.0,15950399000.0,498400000.0,498600000.0,502700000.0
Illinois Tool Works Inc,ITW,76NA4I14SZCFAYMNSV04,49826,2011.0,Q1,2011-01-01,2011-03-31,2012-05-03 17:39:55+00:00,55000000.0,1.25,1.25,0.68,1.24,,15000000.0,623000000.0,606000000.0,17000000.0,623000000.0,2762000000.0,4272000000.0,6000000.0,,796000000.0,2762000000.0,1510000000.0,44000000.0,851000000.0,659000000.0,-38000000.0,621000000.0,4272000000.0,498400000.0,498600000.0,502700000.0
Illinois Tool Works Inc,ITW,76NA4I14SZCFAYMNSV04,49826,2012.0,Q4,2012-10-01,2012-12-31,,49000000.0,2.11,2.11,-0.34,2.09,,401000000.0,979000000.0,805000000.0,174000000.0,979000000.0,1268000000.0,2237000000.0,911000000.0,,564000000.0,1268000000.0,969000000.0,61000000.0,613000000.0,356000000.0,850000000.0,1206000000.0,2237000000.0,469800000.0,469800000.0,469800000.0
Illinois Tool Works Inc,ITW,76NA4I14SZCFAYMNSV04,49826,2012.0,FY,2012-01-01,2012-12-31,2015-02-13 13:36:31+00:00,252000000.0,6.11,6.11,1.84,6.06,2000000.0,973000000.0,2870000000.0,2233000000.0,637000000.0,2870000000.0,9134000000.0,14791000000.0,944000000.0,,2928000000.0,9134000000.0,5657000000.0,213000000.0,3182000000.0,2475000000.0,731000000.0,3206000000.0,14791000000.0,469800000.0,469800000.0,469800000.0
Illinois Tool Works Inc,ITW,76NA4I14SZCFAYMNSV04,49826,2012.0,Q3YTD,2012-01-01,2012-09-30,,203000000.0,4.0,4.0,2.18,3.97,2000000.0,572000000.0,1891000000.0,1428000000.0,463000000.0,1891000000.0,7866000000.0,12554000000.0,33000000.0,,2364000000.0,7866000000.0,4688000000.0,152000000.0,2569000000.0,2119000000.0,-119000000.0,2000000000.0,12554000000.0,463700000.0,464800000.0,468100000.0
Illinois Tool Works Inc,ITW,76NA4I14SZCFAYMNSV04,49826,2012.0,Q3TTM,2011-10-01,2012-09-30,,236000000.0,4.92,4.92,1.5,4.89,2000000.0,608000000.0,2333000000.0,1623000000.0,710000000.0,2333000000.0,8235000000.0,13602000000.0,40000000.0,,2733000000.0,8235000000.0,5367000000.0,205000000.0,2971000000.0,2396000000.0,-165000000.0,2231000000.0,13602000000.0,463700000.0,464800000.0,468100000.0
Illinois Tool Works Inc,ITW,76NA4I14SZCFAYMNSV04,49826,2012.0,Q3,2012-07-01,2012-09-30,2013-11-01 10:00:12+00:00,62000000.0,1.13,1.13,0.74,1.12,2000000.0,171000000.0,524000000.0,445000000.0,79000000.0,524000000.0,2289000000.0,3733000000.0,1000000.0,,713000000.0,2289000000.0,1444000000.0,52000000.0,777000000.0,667000000.0,-51000000.0,616000000.0,3733000000.0,463700000.0,464800000.0,468100000.0
Illinois Tool Works Inc,ITW,76NA4I14SZCFAYMNSV04,49826,2012.0,Q2YTD,2012-01-01,2012-06-30,,141000000.0,2.87,2.87,1.44,2.85,,401000000.0,1367000000.0,983000000.0,384000000.0,1367000000.0,5577000000.0,8821000000.0,32000000.0,,1651000000.0,5577000000.0,3244000000.0,100000000.0,1792000000.0,1452000000.0,-68000000.0,1384000000.0,8821000000.0,473700000.0,472900000.0,476100000.0
Illinois Tool Works Inc,ITW,76NA4I14SZCFAYMNSV04,49826,2012.0,Q2TTM,2011-07-01,2012-06-30,,242000000.0,4.83,4.83,1.46,4.81,,637000000.0,2316000000.0,1668000000.0,648000000.0,2316000000.0,8908000000.0,14449000000.0,64000000.0,,2856000000.0,8908000000.0,5541000000.0,202000000.0,3098000000.0,2443000000.0,-138000000.0,2305000000.0,14449000000.0,473700000.0,472900000.0,476100000.0
Illinois Tool Works Inc,ITW,76NA4I14SZCFAYMNSV04,49826,2012.0,Q2,2012-04-01,2012-06-30,2013-08-02 10:50:23+00:00,72000000.0,1.86,1.86,0.72,1.85,,213000000.0,881000000.0,519000000.0,362000000.0,881000000.0,2814000000.0,4463000000.0,24000000.0,,819000000.0,2814000000.0,1649000000.0,50000000.0,891000000.0,758000000.0,-26000000.0,732000000.0,4463000000.0,473700000.0,472900000.0,476100000.0
Illinois Tool Works Inc,ITW,76NA4I14SZCFAYMNSV04,49826,2012.0,Q1TTM,2011-04-01,2012-03-31,,233000000.0,3.97,3.97,1.42,3.95,,621000000.0,1934000000.0,1633000000.0,301000000.0,1934000000.0,9090000000.0,14601000000.0,55000000.0,,2882000000.0,9090000000.0,5511000000.0,197000000.0,3115000000.0,2396000000.0,-142000000.0,2254000000.0,14601000000.0,481200000.0,482000000.0,485600000.0
Illinois Tool Works Inc,ITW,76NA4I14SZCFAYMNSV04,49826,2012.0,Q1,2012-01-01,2012-03-31,2013-05-02 18:25:03+00:00,69000000.0,1.01,1.01,0.72,1.0,,188000000.0,486000000.0,464000000.0,22000000.0,486000000.0,2763000000.0,4358000000.0,8000000.0,,832000000.0,2763000000.0,1595000000.0,50000000.0,901000000.0,694000000.0,-42000000.0,652000000.0,4358000000.0,481200000.0,482000000.0,485600000.0
Illinois Tool Works Inc,ITW,76NA4I14SZCFAYMNSV04,49826,2013.0,FY,2013-01-01,2013-12-31,2016-02-11 18:14:40+00:00,250000000.0,3.76,3.76,1.18,3.74,2000000.0,717000000.0,1679000000.0,1630000000.0,49000000.0,1679000000.0,8554000000.0,14135000000.0,72000000.0,,2815000000.0,8554000000.0,5581000000.0,239000000.0,3067000000.0,2514000000.0,-167000000.0,2347000000.0,14135000000.0,446200000.0,446200000.0,446200000.0
Illinois Tool Works Inc,ITW,76NA4I14SZCFAYMNSV04,49826,2013.0,Q4,2013-10-01,2013-12-31,,64000000.0,0.93,0.93,-0.76,0.92,,166000000.0,408000000.0,407000000.0,1000000.0,408000000.0,2173000000.0,3554000000.0,5000000.0,,689000000.0,2173000000.0,1381000000.0,60000000.0,753000000.0,628000000.0,-55000000.0,573000000.0,3554000000.0,446200000.0,446200000.0,446200000.0
Illinois Tool Works Inc,ITW,76NA4I14SZCFAYMNSV04,49826,2013.0,Q3YTD,2013-01-01,2013-09-30,,186000000.0,2.83,2.83,1.94,2.82,2000000.0,551000000.0,1271000000.0,1223000000.0,48000000.0,1271000000.0,6381000000.0,10581000000.0,67000000.0,,2126000000.0,6381000000.0,4200000000.0,179000000.0,2314000000.0,1886000000.0,-112000000.0,1774000000.0,10581000000.0,447500000.0,445900000.0,448900000.0
Illinois Tool Works Inc,ITW,76NA4I14SZCFAYMNSV04,49826,2013.0,Q3TTM,2012-10-01,2013-09-30,,235000000.0,4.94,4.94,1.6,4.91,2000000.0,952000000.0,2250000000.0,2028000000.0,222000000.0,2250000000.0,7649000000.0,12818000000.0,978000000.0,,2690000000.0,7649000000.0,5169000000.0,240000000.0,2927000000.0,2242000000.0,738000000.0,2980000000.0,12818000000.0,447500000.0,445900000.0,448900000.0
Illinois Tool Works Inc,ITW,76NA4I14SZCFAYMNSV04,49826,2013.0,Q3,2013-07-01,2013-09-30,2014-10-31 10:16:13+00:00,64000000.0,1.01,1.01,0.8,1.01,2000000.0,222000000.0,452000000.0,406000000.0,46000000.0,452000000.0,2148000000.0,3568000000.0,10000000.0,,676000000.0,2148000000.0,1420000000.0,60000000.0,742000000.0,678000000.0,-50000000.0,628000000.0,3568000000.0,447500000.0,445900000.0,448900000.0
Illinois Tool Works Inc,ITW,76NA4I14SZCFAYMNSV04,49826,2013.0,Q2YTD,2013-01-01,2013-06-30,,122000000.0,1.82,1.82,1.14,1.81,,329000000.0,819000000.0,817000000.0,2000000.0,819000000.0,4233000000.0,7013000000.0,57000000.0,,1450000000.0,4233000000.0,2780000000.0,119000000.0,1572000000.0,1208000000.0,-62000000.0,1146000000.0,7013000000.0,447100000.0,449600000.0,452500000.0
Illinois Tool Works Inc,ITW,76NA4I14SZCFAYMNSV04,49826,2013.0,Q2TTM,2012-07-01,2013-06-30,,233000000.0,5.06,5.06,1.54,5.02,2000000.0,901000000.0,2322000000.0,2067000000.0,255000000.0,2322000000.0,7790000000.0,12983000000.0,969000000.0,,2727000000.0,7790000000.0,5193000000.0,232000000.0,2962000000.0,2231000000.0,737000000.0,2968000000.0,12983000000.0,447100000.0,449600000.0,452500000.0
Illinois Tool Works Inc,ITW,76NA4I14SZCFAYMNSV04,49826,2013.0,Q2,2013-04-01,2013-06-30,2014-08-08 10:47:14+00:00,61000000.0,1.04,1.04,0.76,1.03,,165000000.0,465000000.0,416000000.0,49000000.0,465000000.0,2155000000.0,3593000000.0,10000000.0,,747000000.0,2155000000.0,1438000000.0,59000000.0,808000000.0,630000000.0,-49000000.0,581000000.0,3593000000.0,447100000.0,449600000.0,452500000.0
Illinois Tool Works Inc,ITW,76NA4I14SZCFAYMNSV04,49826,2013.0,Q1TTM,2012-04-01,2013-03-31,,244000000.0,5.88,5.88,1.5,5.84,2000000.0,949000000.0,2738000000.0,2170000000.0,568000000.0,2738000000.0,8449000000.0,13853000000.0,983000000.0,,2799000000.0,8449000000.0,5404000000.0,223000000.0,3045000000.0,2359000000.0,760000000.0,3119000000.0,13853000000.0,453800000.0,451700000.0,454800000.0
Illinois Tool Works Inc,ITW,76NA4I14SZCFAYMNSV04,49826,2013.0,Q1,2013-01-01,2013-03-31,2014-05-01 18:37:00+00:00,61000000.0,0.78,0.78,0.38,0.78,0.0,164000000.0,354000000.0,401000000.0,-47000000.0,354000000.0,2078000000.0,3420000000.0,47000000.0,,703000000.0,2078000000.0,1342000000.0,60000000.0,764000000.0,578000000.0,-13000000.0,565000000.0,3420000000.0,453800000.0,451700000.0,454800000.0
Illinois Tool Works Inc,ITW,76NA4I14SZCFAYMNSV04,49826,2014.0,FY,2014-01-01,2014-12-31,2017-02-10 13:52:48+00:00,245000000.0,7.33,7.33,1.745,7.28,,809000000.0,2946000000.0,1890000000.0,1056000000.0,2946000000.0,8673000000.0,14484000000.0,61000000.0,,2678000000.0,8673000000.0,5811000000.0,250000000.0,2923000000.0,2888000000.0,-189000000.0,2699000000.0,14484000000.0,401700000.0,401700000.0,401700000.0
Illinois Tool Works Inc,ITW,76NA4I14SZCFAYMNSV04,49826,2014.0,Q4,2014-10-01,2014-12-31,,63000000.0,1.17,1.17,-0.84,1.17,-3000000.0,196000000.0,450000000.0,461000000.0,-11000000.0,450000000.0,2114000000.0,3504000000.0,25000000.0,,644000000.0,2114000000.0,1390000000.0,54000000.0,704000000.0,686000000.0,-29000000.0,657000000.0,3504000000.0,401700000.0,401700000.0,401700000.0
Illinois Tool Works Inc,ITW,76NA4I14SZCFAYMNSV04,49826,2014.0,Q3,2014-07-01,2014-09-30,2015-10-29 18:28:58+00:00,60000000.0,1.35,1.35,0.905,1.34,3000000.0,217000000.0,531000000.0,507000000.0,24000000.0,531000000.0,2182000000.0,3692000000.0,20000000.0,,675000000.0,2182000000.0,1510000000.0,68000000.0,738000000.0,772000000.0,-48000000.0,724000000.0,3692000000.0,393300000.0,394000000.0,396800000.0
Illinois Tool Works Inc,ITW,76NA4I14SZCFAYMNSV04,49826,2014.0,Q3YTD,2014-01-01,2014-09-30,,182000000.0,6.16,6.16,2.59,6.11,3000000.0,613000000.0,2496000000.0,1429000000.0,1067000000.0,2496000000.0,6559000000.0,10980000000.0,36000000.0,,2034000000.0,6559000000.0,4421000000.0,196000000.0,2219000000.0,2202000000.0,-160000000.0,2042000000.0,10980000000.0,393300000.0,394000000.0,396800000.0
Illinois Tool Works Inc,ITW,76NA4I14SZCFAYMNSV04,49826,2014.0,Q3TTM,2013-10-01,2014-09-30,,246000000.0,7.09,7.09,1.83,7.03,3000000.0,779000000.0,2904000000.0,1836000000.0,1068000000.0,2904000000.0,8732000000.0,14534000000.0,41000000.0,,2723000000.0,8732000000.0,5802000000.0,256000000.0,2972000000.0,2830000000.0,-215000000.0,2615000000.0,14534000000.0,393300000.0,394000000.0,396800000.0
Illinois Tool Works Inc,ITW,76NA4I14SZCFAYMNSV04,49826,2014.0,Q2,2014-04-01,2014-06-30,2015-08-07 10:08:50+00:00,60000000.0,3.69,3.69,0.84,3.66,,212000000.0,1492000000.0,494000000.0,998000000.0,1492000000.0,2219000000.0,3719000000.0,7000000.0,,677000000.0,2219000000.0,1500000000.0,64000000.0,737000000.0,763000000.0,-57000000.0,706000000.0,3719000000.0,404300000.0,404700000.0,407600000.0
Illinois Tool Works Inc,ITW,76NA4I14SZCFAYMNSV04,49826,2014.0,Q2YTD,2014-01-01,2014-06-30,,122000000.0,4.81,4.81,1.68,4.77,,396000000.0,1965000000.0,922000000.0,1043000000.0,1965000000.0,4377000000.0,7288000000.0,16000000.0,,1359000000.0,4377000000.0,2911000000.0,128000000.0,1481000000.0,1430000000.0,-112000000.0,1318000000.0,7288000000.0,404300000.0,404700000.0,407600000.0
Illinois Tool Works Inc,ITW,76NA4I14SZCFAYMNSV04,49826,2014.0,Q2TTM,2013-07-01,2014-06-30,,250000000.0,6.75,6.75,1.72,6.7,2000000.0,784000000.0,2825000000.0,1735000000.0,1090000000.0,2825000000.0,8698000000.0,14410000000.0,31000000.0,,2724000000.0,8698000000.0,5712000000.0,248000000.0,2976000000.0,2736000000.0,-217000000.0,2519000000.0,14410000000.0,404300000.0,404700000.0,407600000.0
Illinois Tool Works Inc,ITW,76NA4I14SZCFAYMNSV04,49826,2014.0,Q1,2014-01-01,2014-03-31,2015-05-07 15:55:16+00:00,62000000.0,1.12,1.12,0.84,1.11,,184000000.0,473000000.0,428000000.0,45000000.0,473000000.0,2158000000.0,3569000000.0,9000000.0,,682000000.0,2158000000.0,1411000000.0,64000000.0,744000000.0,667000000.0,-55000000.0,612000000.0,3569000000.0,422300000.0,421900000.0,425000000.0
Illinois Tool Works Inc,ITW,76NA4I14SZCFAYMNSV04,49826,2014.0,Q1TTM,2013-04-01,2014-03-31,,251000000.0,4.1,4.1,1.64,4.07,2000000.0,737000000.0,1798000000.0,1657000000.0,141000000.0,1798000000.0,8634000000.0,14284000000.0,34000000.0,,2794000000.0,8634000000.0,5650000000.0,243000000.0,3047000000.0,2603000000.0,-209000000.0,2394000000.0,14284000000.0,422300000.0,421900000.0,425000000.0
Illinois Tool Works Inc,ITW,76NA4I14SZCFAYMNSV04,49826,2015.0,FY,2015-01-01,2015-12-31,2018-02-15 11:12:45+00:00,233000000.0,5.16,5.16,2.005,5.13,,820000000.0,1899000000.0,1899000000.0,,1899000000.0,7888000000.0,13405000000.0,78000000.0,0.0,2417000000.0,7888000000.0,5517000000.0,226000000.0,2650000000.0,2867000000.0,-148000000.0,2719000000.0,13405000000.0,367900000.0,367900000.0,367900000.0
Illinois Tool Works Inc,ITW,76NA4I14SZCFAYMNSV04,49826,2015.0,Q4,2015-10-01,2015-12-31,,57000000.0,1.23,1.23,-0.97,1.23,,184000000.0,450000000.0,450000000.0,,450000000.0,1941000000.0,3275000000.0,13000000.0,,598000000.0,1941000000.0,1334000000.0,58000000.0,655000000.0,679000000.0,-45000000.0,634000000.0,3275000000.0,367900000.0,367900000.0,367900000.0
Illinois Tool Works Inc,ITW,76NA4I14SZCFAYMNSV04,49826,2015.0,Q3,2015-07-01,2015-09-30,2016-10-27 17:44:19+00:00,59000000.0,1.4,1.4,1.035,1.39,,214000000.0,511000000.0,511000000.0,,511000000.0,1953000000.0,3354000000.0,23000000.0,,581000000.0,1953000000.0,1401000000.0,59000000.0,640000000.0,761000000.0,-36000000.0,725000000.0,3354000000.0,365000000.0,365100000.0,367100000.0
Illinois Tool Works Inc,ITW,76NA4I14SZCFAYMNSV04,49826,2015.0,Q3YTD,2015-01-01,2015-09-30,,176000000.0,3.93,3.93,2.97,3.9,,636000000.0,1449000000.0,1449000000.0,,1449000000.0,5947000000.0,10130000000.0,65000000.0,,1819000000.0,5947000000.0,4183000000.0,168000000.0,1995000000.0,2188000000.0,-103000000.0,2085000000.0,10130000000.0,365000000.0,365100000.0,367100000.0
Illinois Tool Works Inc,ITW,76NA4I14SZCFAYMNSV04,49826,2015.0,Q3TTM,2014-10-01,2015-09-30,,239000000.0,5.1,5.1,2.14,5.07,-3000000.0,832000000.0,1899000000.0,1910000000.0,-11000000.0,1899000000.0,8061000000.0,13634000000.0,90000000.0,,2463000000.0,8061000000.0,5573000000.0,222000000.0,2699000000.0,2874000000.0,-132000000.0,2742000000.0,13634000000.0,365000000.0,365100000.0,367100000.0
Illinois Tool Works Inc,ITW,76NA4I14SZCFAYMNSV04,49826,2015.0,Q2,2015-04-01,2015-06-30,2016-08-04 16:20:53+00:00,58000000.0,1.31,1.31,0.97,1.3,,216000000.0,480000000.0,480000000.0,,480000000.0,2024000000.0,3434000000.0,21000000.0,,622000000.0,2024000000.0,1410000000.0,55000000.0,680000000.0,730000000.0,-34000000.0,696000000.0,3434000000.0,366400000.0,366200000.0,368400000.0
Illinois Tool Works Inc,ITW,76NA4I14SZCFAYMNSV04,49826,2015.0,Q2YTD,2015-01-01,2015-06-30,,117000000.0,2.53,2.53,1.94,2.51,,422000000.0,938000000.0,938000000.0,,938000000.0,3994000000.0,6776000000.0,42000000.0,,1238000000.0,3994000000.0,2782000000.0,109000000.0,1355000000.0,1427000000.0,-67000000.0,1360000000.0,6776000000.0,366400000.0,366200000.0,368400000.0
Illinois Tool Works Inc,ITW,76NA4I14SZCFAYMNSV04,49826,2015.0,Q2TTM,2014-07-01,2015-06-30,,240000000.0,5.05,5.05,2.01,5.02,,835000000.0,1919000000.0,1906000000.0,13000000.0,1919000000.0,8290000000.0,13972000000.0,87000000.0,,2557000000.0,8290000000.0,5682000000.0,231000000.0,2797000000.0,2885000000.0,-144000000.0,2741000000.0,13972000000.0,366400000.0,366200000.0,368400000.0
Illinois Tool Works Inc,ITW,76NA4I14SZCFAYMNSV04,49826,2015.0,Q1,2015-01-01,2015-03-31,2016-05-05 18:12:14+00:00,59000000.0,1.22,1.22,0.97,1.21,,206000000.0,458000000.0,458000000.0,,458000000.0,1970000000.0,3342000000.0,21000000.0,,616000000.0,1970000000.0,1372000000.0,54000000.0,675000000.0,697000000.0,-33000000.0,664000000.0,3342000000.0,375400000.0,376600000.0,379200000.0
Illinois Tool Works Inc,ITW,76NA4I14SZCFAYMNSV04,49826,2015.0,Q1TTM,2014-04-01,2015-03-31,,242000000.0,7.43,7.43,1.88,7.38,,831000000.0,2931000000.0,1920000000.0,1011000000.0,2931000000.0,8485000000.0,14257000000.0,73000000.0,,2612000000.0,8485000000.0,5772000000.0,240000000.0,2854000000.0,2918000000.0,-167000000.0,2751000000.0,14257000000.0,375400000.0,376600000.0,379200000.0
Illinois Tool Works Inc,ITW,76NA4I14SZCFAYMNSV04,49826,2016.0,FY,2016-01-01,2016-12-31,2019-02-15 15:56:45+00:00,224000000.0,5.73,5.73,2.3,5.7,,873000000.0,2035000000.0,2035000000.0,,2035000000.0,7908000000.0,13599000000.0,89000000.0,0.0,2411000000.0,7908000000.0,5691000000.0,237000000.0,2635000000.0,3056000000.0,-148000000.0,2908000000.0,13599000000.0,355000000.0,355000000.0,355000000.0
Illinois Tool Works Inc,ITW,76NA4I14SZCFAYMNSV04,49826,2016.0,Q4,2016-10-01,2016-12-31,,54000000.0,1.46,1.46,-1.1,1.45,,219000000.0,507000000.0,507000000.0,,507000000.0,2018000000.0,3399000000.0,55000000.0,,593000000.0,2018000000.0,1381000000.0,63000000.0,647000000.0,734000000.0,-8000000.0,726000000.0,3399000000.0,355000000.0,355000000.0,355000000.0
Illinois Tool Works Inc,ITW,76NA4I14SZCFAYMNSV04,49826,2016.0,Q3,2016-07-01,2016-09-30,2017-10-27 10:26:05+00:00,56000000.0,1.51,1.51,1.2,1.5,,228000000.0,535000000.0,535000000.0,,535000000.0,2027000000.0,3495000000.0,13000000.0,0.0,604000000.0,2027000000.0,1468000000.0,58000000.0,660000000.0,808000000.0,-45000000.0,763000000.0,3495000000.0,354300000.0,353500000.0,355500000.0
Illinois Tool Works Inc,ITW,76NA4I14SZCFAYMNSV04,49826,2016.0,Q3YTD,2016-01-01,2016-09-30,,170000000.0,4.27,4.27,3.4,4.25,,654000000.0,1528000000.0,1528000000.0,,1528000000.0,5890000000.0,10200000000.0,34000000.0,,1818000000.0,5890000000.0,4310000000.0,174000000.0,1988000000.0,2322000000.0,-140000000.0,2182000000.0,10200000000.0,354300000.0,353500000.0,355500000.0
Illinois Tool Works Inc,ITW,76NA4I14SZCFAYMNSV04,49826,2016.0,Q3TTM,2015-10-01,2016-09-30,,227000000.0,5.5,5.5,2.43,5.48,,838000000.0,1978000000.0,1978000000.0,,1978000000.0,7831000000.0,13475000000.0,47000000.0,,2416000000.0,7831000000.0,5644000000.0,232000000.0,2643000000.0,3001000000.0,-185000000.0,2816000000.0,13475000000.0,354300000.0,353500000.0,355500000.0
Illinois Tool Works Inc,ITW,76NA4I14SZCFAYMNSV04,49826,2016.0,Q2,2016-04-01,2016-06-30,2017-08-03 17:51:46+00:00,55000000.0,1.47,1.47,1.1,1.46,,226000000.0,525000000.0,525000000.0,,525000000.0,1967000000.0,3431000000.0,17000000.0,,617000000.0,1967000000.0,1464000000.0,58000000.0,672000000.0,792000000.0,-41000000.0,751000000.0,3431000000.0,357100000.0,356600000.0,358500000.0
Illinois Tool Works Inc,ITW,76NA4I14SZCFAYMNSV04,49826,2016.0,Q2YTD,2016-01-01,2016-06-30,,114000000.0,2.76,2.76,2.2,2.75,,426000000.0,993000000.0,993000000.0,,993000000.0,3863000000.0,6705000000.0,21000000.0,,1214000000.0,3863000000.0,2842000000.0,116000000.0,1328000000.0,1514000000.0,-95000000.0,1419000000.0,6705000000.0,357100000.0,356600000.0,358500000.0
Illinois Tool Works Inc,ITW,76NA4I14SZCFAYMNSV04,49826,2016.0,Q2TTM,2015-07-01,2016-06-30,,230000000.0,5.39,5.39,2.27,5.37,,824000000.0,1954000000.0,1954000000.0,,1954000000.0,7757000000.0,13334000000.0,57000000.0,,2393000000.0,7757000000.0,5577000000.0,233000000.0,2623000000.0,2954000000.0,-176000000.0,2778000000.0,13334000000.0,357100000.0,356600000.0,358500000.0
Illinois Tool Works Inc,ITW,76NA4I14SZCFAYMNSV04,49826,2016.0,Q1,2016-01-01,2016-03-31,2017-05-05 16:03:30+00:00,59000000.0,1.29,1.29,1.1,1.29,,200000000.0,468000000.0,468000000.0,,468000000.0,1896000000.0,3274000000.0,4000000.0,,597000000.0,1896000000.0,1378000000.0,58000000.0,656000000.0,722000000.0,-54000000.0,668000000.0,3274000000.0,362800000.0,362000000.0,363900000.0
Illinois Tool Works Inc,ITW,76NA4I14SZCFAYMNSV04,49826,2016.0,Q1TTM,2015-04-01,2016-03-31,,233000000.0,5.23,5.23,2.14,5.21,,814000000.0,1909000000.0,1909000000.0,,1909000000.0,7814000000.0,13337000000.0,61000000.0,,2398000000.0,7814000000.0,5523000000.0,230000000.0,2631000000.0,2892000000.0,-169000000.0,2723000000.0,13337000000.0,362800000.0,362000000.0,363900000.0
Illinois Tool Works Inc,ITW,76NA4I14SZCFAYMNSV04,49826,2017.0,FY,2017-01-01,2017-12-31,2020-02-14 15:16:14+00:00,206000000.0,4.9,4.9,2.73,4.86,,1583000000.0,1687000000.0,1687000000.0,,1687000000.0,8306000000.0,14314000000.0,45000000.0,-95000000.0,2412000000.0,8306000000.0,6008000000.0,260000000.0,2523000000.0,3485000000.0,-215000000.0,3270000000.0,14314000000.0,344100000.0,344100000.0,344100000.0
Illinois Tool Works Inc,ITW,76NA4I14SZCFAYMNSV04,49826,2017.0,Q4,2017-10-01,2017-12-31,,50000000.0,-0.21,-0.21,-1.3,-0.22,,872000000.0,-76000000.0,-76000000.0,,-76000000.0,2124000000.0,3629000000.0,16000000.0,,609000000.0,2124000000.0,1505000000.0,66000000.0,659000000.0,846000000.0,-50000000.0,796000000.0,3629000000.0,344100000.0,344100000.0,344100000.0
Illinois Tool Works Inc,ITW,76NA4I14SZCFAYMNSV04,49826,2017.0,Q3,2017-07-01,2017-09-30,2018-11-01 10:36:07+00:00,51000000.0,1.86,1.86,1.43,1.85,,266000000.0,640000000.0,640000000.0,,640000000.0,2092000000.0,3615000000.0,11000000.0,-80000000.0,592000000.0,2092000000.0,1523000000.0,65000000.0,563000000.0,960000000.0,-54000000.0,906000000.0,3615000000.0,344100000.0,343400000.0,346000000.0
Illinois Tool Works Inc,ITW,76NA4I14SZCFAYMNSV04,49826,2017.0,Q3YTD,2017-01-01,2017-09-30,,156000000.0,5.11,5.11,4.03,5.08,,711000000.0,1763000000.0,1763000000.0,,1763000000.0,6182000000.0,10685000000.0,29000000.0,-95000000.0,1803000000.0,6182000000.0,4503000000.0,194000000.0,1864000000.0,2639000000.0,-165000000.0,2474000000.0,10685000000.0,344100000.0,343400000.0,346000000.0
Illinois Tool Works Inc,ITW,76NA4I14SZCFAYMNSV04,49826,2017.0,Q3TTM,2016-10-01,2017-09-30,,210000000.0,6.57,6.57,2.93,6.53,,930000000.0,2270000000.0,2270000000.0,,2270000000.0,8200000000.0,14084000000.0,84000000.0,-95000000.0,2396000000.0,8200000000.0,5884000000.0,257000000.0,2511000000.0,3373000000.0,-173000000.0,3200000000.0,14084000000.0,344100000.0,343400000.0,346000000.0
Illinois Tool Works Inc,ITW,76NA4I14SZCFAYMNSV04,49826,2017.0,Q2,2017-04-01,2017-06-30,2018-08-02 18:38:55+00:00,52000000.0,1.7,1.7,1.3,1.69,,232000000.0,587000000.0,587000000.0,,587000000.0,2087000000.0,3599000000.0,12000000.0,-15000000.0,603000000.0,2087000000.0,1512000000.0,65000000.0,640000000.0,872000000.0,-53000000.0,819000000.0,3599000000.0,345300000.0,344700000.0,347500000.0
Illinois Tool Works Inc,ITW,76NA4I14SZCFAYMNSV04,49826,2017.0,Q2YTD,2017-01-01,2017-06-30,,105000000.0,3.25,3.25,2.6,3.23,,445000000.0,1123000000.0,1123000000.0,,1123000000.0,4090000000.0,7070000000.0,18000000.0,-15000000.0,1211000000.0,4090000000.0,2980000000.0,129000000.0,1301000000.0,1679000000.0,-111000000.0,1568000000.0,7070000000.0,345300000.0,344700000.0,347500000.0
Illinois Tool Works Inc,ITW,76NA4I14SZCFAYMNSV04,49826,2017.0,Q2TTM,2016-07-01,2017-06-30,,215000000.0,6.22,6.22,2.7,6.18,,892000000.0,2165000000.0,2165000000.0,,2165000000.0,8135000000.0,13964000000.0,86000000.0,-15000000.0,2408000000.0,8135000000.0,5829000000.0,250000000.0,2608000000.0,3221000000.0,-164000000.0,3057000000.0,13964000000.0,345300000.0,344700000.0,347500000.0
Illinois Tool Works Inc,ITW,76NA4I14SZCFAYMNSV04,49826,2017.0,Q1,2017-01-01,2017-03-31,2018-05-04 15:50:09+00:00,53000000.0,1.55,1.55,1.3,1.54,,213000000.0,536000000.0,536000000.0,,536000000.0,2003000000.0,3471000000.0,6000000.0,,608000000.0,2003000000.0,1468000000.0,64000000.0,661000000.0,807000000.0,-58000000.0,749000000.0,3471000000.0,345800000.0,346200000.0,349000000.0
Illinois Tool Works Inc,ITW,76NA4I14SZCFAYMNSV04,49826,2017.0,Q1TTM,2016-04-01,2017-03-31,,218000000.0,5.99,5.99,2.5,5.95,,886000000.0,2103000000.0,2103000000.0,,2103000000.0,8015000000.0,13796000000.0,91000000.0,,2422000000.0,8015000000.0,5781000000.0,243000000.0,2640000000.0,3141000000.0,-152000000.0,2989000000.0,13796000000.0,345800000.0,346200000.0,349000000.0
Illinois Tool Works Inc,ITW,76NA4I14SZCFAYMNSV04,49826,2018.0,FY,2018-01-01,2018-12-31,2020-02-14 15:16:14+00:00,189000000.0,7.65,7.65,3.34,7.6,,831000000.0,2563000000.0,2563000000.0,,2563000000.0,8604000000.0,14768000000.0,67000000.0,0.0,2391000000.0,8604000000.0,6164000000.0,257000000.0,2580000000.0,3584000000.0,-190000000.0,3394000000.0,14768000000.0,335000000.0,335000000.0,335000000.0
Illinois Tool Works Inc,ITW,76NA4I14SZCFAYMNSV04,49826,2018.0,Q4,2018-10-01,2018-12-31,,46000000.0,1.84,1.84,0.78,1.83,,209000000.0,607000000.0,607000000.0,,607000000.0,2096000000.0,3580000000.0,19000000.0,,578000000.0,2096000000.0,1484000000.0,63000000.0,624000000.0,860000000.0,-44000000.0,816000000.0,3580000000.0,335000000.0,335000000.0,335000000.0
Illinois Tool Works Inc,ITW,76NA4I14SZCFAYMNSV04,49826,2018.0,Q3,2018-07-01,2018-09-30,2019-10-28 11:35:07+00:00,47000000.0,1.91,1.91,1.0,1.9,,197000000.0,638000000.0,638000000.0,,638000000.0,2096000000.0,3613000000.0,10000000.0,,581000000.0,2096000000.0,1517000000.0,64000000.0,628000000.0,889000000.0,-54000000.0,835000000.0,3613000000.0,334000000.0,333300000.0,335300000.0
Illinois Tool Works Inc,ITW,76NA4I14SZCFAYMNSV04,49826,2018.0,Q3YTD,2018-01-01,2018-09-30,,143000000.0,5.81,5.81,2.56,5.77,,622000000.0,1956000000.0,1956000000.0,,1956000000.0,6508000000.0,11188000000.0,48000000.0,,1813000000.0,6508000000.0,4680000000.0,194000000.0,1956000000.0,2724000000.0,-146000000.0,2578000000.0,11188000000.0,334000000.0,333300000.0,335300000.0
Illinois Tool Works Inc,ITW,76NA4I14SZCFAYMNSV04,49826,2018.0,Q3TTM,2017-10-01,2018-09-30,,193000000.0,5.6,5.6,1.26,5.55,,1494000000.0,1880000000.0,1880000000.0,,1880000000.0,8632000000.0,14817000000.0,64000000.0,,2422000000.0,8632000000.0,6185000000.0,260000000.0,2615000000.0,3570000000.0,-196000000.0,3374000000.0,14817000000.0,334000000.0,333300000.0,335300000.0
Illinois Tool Works Inc,ITW,76NA4I14SZCFAYMNSV04,49826,2018.0,Q2,2018-04-01,2018-06-30,2019-08-01 17:50:38+00:00,48000000.0,1.98,1.98,0.78,1.97,,228000000.0,666000000.0,666000000.0,,666000000.0,2231000000.0,3831000000.0,26000000.0,,620000000.0,2231000000.0,1600000000.0,64000000.0,668000000.0,932000000.0,-38000000.0,894000000.0,3831000000.0,336400000.0,336700000.0,338900000.0
Illinois Tool Works Inc,ITW,76NA4I14SZCFAYMNSV04,49826,2018.0,Q2YTD,2018-01-01,2018-06-30,,96000000.0,3.9,3.9,1.56,3.87,,425000000.0,1318000000.0,1318000000.0,,1318000000.0,4412000000.0,7575000000.0,38000000.0,,1232000000.0,4412000000.0,3163000000.0,130000000.0,1328000000.0,1835000000.0,-92000000.0,1743000000.0,7575000000.0,336400000.0,336700000.0,338900000.0
Illinois Tool Works Inc,ITW,76NA4I14SZCFAYMNSV04,49826,2018.0,Q2TTM,2017-07-01,2018-06-30,,197000000.0,5.55,5.55,1.69,5.5,,1563000000.0,1882000000.0,1882000000.0,,1882000000.0,8628000000.0,14819000000.0,65000000.0,-80000000.0,2433000000.0,8628000000.0,6191000000.0,261000000.0,2550000000.0,3641000000.0,-196000000.0,3445000000.0,14819000000.0,336400000.0,336700000.0,338900000.0
Illinois Tool Works Inc,ITW,76NA4I14SZCFAYMNSV04,49826,2018.0,Q1,2018-01-01,2018-03-31,2019-05-02 19:43:01+00:00,48000000.0,1.92,1.92,0.78,1.9,,197000000.0,652000000.0,652000000.0,,652000000.0,2181000000.0,3744000000.0,12000000.0,,612000000.0,2181000000.0,1563000000.0,66000000.0,660000000.0,903000000.0,-54000000.0,849000000.0,3744000000.0,339600000.0,340200000.0,342800000.0
Illinois Tool Works Inc,ITW,76NA4I14SZCFAYMNSV04,49826,2018.0,Q1TTM,2017-04-01,2018-03-31,,201000000.0,5.27,5.27,2.21,5.22,,1567000000.0,1803000000.0,1803000000.0,,1803000000.0,8484000000.0,14587000000.0,51000000.0,-95000000.0,2416000000.0,8484000000.0,6103000000.0,262000000.0,2522000000.0,3581000000.0,-211000000.0,3370000000.0,14587000000.0,339600000.0,340200000.0,342800000.0
Illinois Tool Works Inc,ITW,76NA4I14SZCFAYMNSV04,49826,2019.0,Q3,2019-07-01,2020-03-31,2020-05-07 17:40:00+00:00,36000000.0,1.78,1.78,1.07,1.77,,169000000.0,566000000.0,566000000.0,,566000000.0,1871000000.0,3228000000.0,25000000.0,,560000000.0,1871000000.0,1357000000.0,51000000.0,596000000.0,761000000.0,-26000000.0,735000000.0,3228000000.0,318000000.0,318300000.0,319700000.0
Illinois Tool Works Inc,ITW,76NA4I14SZCFAYMNSV04,49826,2019.0,Q3YTD,2019-01-01,2020-03-31,,120000000.0,5.52,5.52,3.07,5.49,,564000000.0,1786000000.0,1786000000.0,,1786000000.0,6029000000.0,10389000000.0,48000000.0,,1769000000.0,6029000000.0,4360000000.0,169000000.0,1889000000.0,2471000000.0,-121000000.0,2350000000.0,10389000000.0,318000000.0,318300000.0,319700000.0
Illinois Tool Works Inc,ITW,76NA4I14SZCFAYMNSV04,49826,2019.0,Q3TTM,2018-10-01,2020-03-31,,166000000.0,7.36,7.36,3.85,7.32,,773000000.0,2393000000.0,2393000000.0,,2393000000.0,8125000000.0,13969000000.0,67000000.0,,2347000000.0,8125000000.0,5844000000.0,232000000.0,2513000000.0,3331000000.0,-165000000.0,3166000000.0,13969000000.0,318000000.0,318300000.0,319700000.0
Illinois Tool Works Inc,ITW,76NA4I14SZCFAYMNSV04,49826,2019.0,Q4,2020-04-01,2019-12-31,,39000000.0,2.26,2.26,1.0,2.25,,203000000.0,735000000.0,735000000.0,,735000000.0,2158000000.0,3720000000.0,59000000.0,,592000000.0,2158000000.0,1562000000.0,52000000.0,631000000.0,931000000.0,7000000.0,938000000.0,3720000000.0,323900000.0,323900000.0,323900000.0
Illinois Tool Works Inc,ITW,76NA4I14SZCFAYMNSV04,49826,2019.0,FY,2019-01-01,2019-12-31,2020-02-14 15:16:14+00:00,159000000.0,7.78,7.78,4.07,7.74,,767000000.0,2521000000.0,2521000000.0,,2521000000.0,8187000000.0,14109000000.0,107000000.0,0.0,2361000000.0,8187000000.0,5922000000.0,221000000.0,2520000000.0,3402000000.0,-114000000.0,3288000000.0,14109000000.0,323900000.0,323900000.0,323900000.0
Illinois Tool Works Inc,ITW,76NA4I14SZCFAYMNSV04,49826,2019.0,Q2YTD,2019-01-01,2019-06-30,,84000000.0,3.74,3.74,2.0,3.72,,395000000.0,1220000000.0,1220000000.0,,1220000000.0,4158000000.0,7161000000.0,23000000.0,,1209000000.0,4158000000.0,3003000000.0,118000000.0,1293000000.0,1710000000.0,-95000000.0,1615000000.0,7161000000.0,324500000.0,324800000.0,326600000.0
Illinois Tool Works Inc,ITW,76NA4I14SZCFAYMNSV04,49826,2019.0,Q2TTM,2018-07-01,2019-06-30,,177000000.0,7.49,7.49,3.78,7.45,,801000000.0,2465000000.0,2465000000.0,,2465000000.0,8350000000.0,14354000000.0,52000000.0,,2368000000.0,8350000000.0,6004000000.0,245000000.0,2545000000.0,3459000000.0,-193000000.0,3266000000.0,14354000000.0,324500000.0,324800000.0,326600000.0
Illinois Tool Works Inc,ITW,76NA4I14SZCFAYMNSV04,49826,2019.0,Q2,2019-04-01,2019-06-30,2019-08-01 17:50:38+00:00,41000000.0,1.92,1.92,1.0,1.91,,202000000.0,623000000.0,623000000.0,,623000000.0,2099000000.0,3609000000.0,9000000.0,,598000000.0,2099000000.0,1510000000.0,55000000.0,639000000.0,871000000.0,-46000000.0,825000000.0,3609000000.0,324500000.0,324800000.0,326600000.0
Illinois Tool Works Inc,ITW,76NA4I14SZCFAYMNSV04,49826,2019.0,Q1TTM,2018-04-01,2019-03-31,,184000000.0,7.55,7.55,3.56,7.51,,827000000.0,2508000000.0,2508000000.0,,2508000000.0,8482000000.0,14576000000.0,69000000.0,,2390000000.0,8482000000.0,6094000000.0,254000000.0,2574000000.0,3520000000.0,-185000000.0,3335000000.0,14576000000.0,328000000.0,327300000.0,329600000.0
Illinois Tool Works Inc,ITW,76NA4I14SZCFAYMNSV04,49826,2019.0,Q1,2019-01-01,2019-03-31,2019-05-02 19:43:01+00:00,43000000.0,1.82,1.82,1.0,1.81,,193000000.0,597000000.0,597000000.0,,597000000.0,2059000000.0,3552000000.0,14000000.0,,611000000.0,2059000000.0,1493000000.0,63000000.0,654000000.0,839000000.0,-49000000.0,790000000.0,3552000000.0,328000000.0,327300000.0,329600000.0
