company_name,company_ticker,company_lei,company_cik,year,quarter,start_date,end_date,filing_date,basicdilutedeps,basiceps,dilutedeps,impairmentexpense,incometaxexpense,netincome,netincomecontinuing,netincometocommon,operatingcostofrevenue,operatingrevenue,othercostofrevenue,otherincome,otheroperatingexpenses,sgaexpense,totalcostofrevenue,totalgrossprofit,totalinterestexpense,totalinterestincome,totaloperatingexpenses,totaloperatingincome,totalotherincome,totalpretaxincome,totalrevenue,weightedavebasicdilutedsharesos,weightedavebasicsharesos,weightedavedilutedsharesos
Dollar Tree Inc,DLTR,549300PMSTQITB1WHR43,935703,2008.0,FY,2008-02-03,2009-01-31,2011-03-17 16:02:21+00:00,1.69,1.69,1.69,,129600000.0,229500000.0,229500000.0,229500000.0,3052700000.0,4644900000.0,0.0,0.0,,1226400000.0,3052700000.0,1592200000.0,6700000.0,,1226400000.0,365800000.0,-6700000.0,359100000.0,4644900000.0,135400000.0,135400000.0,135400000.0
Dollar Tree Inc,DLTR,549300PMSTQITB1WHR43,935703,2009.0,FY,2009-02-01,2010-01-30,2012-03-22 08:54:25+00:00,2.39,2.39,2.37,,187100000.0,320500000.0,320500000.0,320500000.0,3374400000.0,5231200000.0,0.0,0.0,,1344000000.0,3374400000.0,1856800000.0,5200000.0,,1344000000.0,512800000.0,-5200000.0,507600000.0,5231200000.0,134100000.0,134100000.0,134100000.0
Dollar Tree Inc,DLTR,549300PMSTQITB1WHR43,935703,2009.0,Q3,2009-08-02,2009-10-31,2010-11-18 09:15:29+00:00,,0.51,0.51,,37800000.0,68200000.0,68200000.0,68200000.0,807500000.0,1248700000.0,0.0,0.0,,333600000.0,807500000.0,441200000.0,1600000.0,,333600000.0,107600000.0,-1600000.0,106000000.0,1248700000.0,,133700000.0,133700000.0
Dollar Tree Inc,DLTR,549300PMSTQITB1WHR43,935703,2009.0,Q2,2009-05-03,2009-08-01,2010-08-19 09:00:50+00:00,0.42,0.42,0.42,,31000000.0,56900000.0,56900000.0,56900000.0,801000000.0,1222800000.0,0.0,0.0,,332600000.0,801000000.0,421800000.0,1300000.0,,332600000.0,89200000.0,-1300000.0,87900000.0,1222800000.0,135500000.0,135500000.0,135500000.0
Dollar Tree Inc,DLTR,549300PMSTQITB1WHR43,935703,2010.0,Q4,2010-10-31,2011-01-29,,0.64,0.64,0.64,,95600000.0,162500000.0,162500000.0,162500000.0,1077400000.0,1725300000.0,,400000.0,,389200000.0,1077400000.0,647900000.0,1000000.0,,389200000.0,258700000.0,-600000.0,258100000.0,1725300000.0,254100000.0,254100000.0,254100000.0
Dollar Tree Inc,DLTR,549300PMSTQITB1WHR43,935703,2010.0,FY,2010-01-31,2011-01-29,2013-03-15 08:45:57+00:00,1.56,1.56,1.55,,232600000.0,397300000.0,397300000.0,397300000.0,3768500000.0,5882400000.0,26300000.0,5500000.0,,1457600000.0,3794800000.0,2087600000.0,5600000.0,,1457600000.0,630000000.0,-100000.0,629900000.0,5882400000.0,254100000.0,254100000.0,254100000.0
Dollar Tree Inc,DLTR,549300PMSTQITB1WHR43,935703,2010.0,Q3YTD,2010-01-31,2010-10-30,,1.84,1.84,1.84,,137000000.0,234800000.0,234800000.0,234800000.0,2691100000.0,4157100000.0,26300000.0,5100000.0,,1068400000.0,2717400000.0,1439700000.0,4600000.0,,1068400000.0,371300000.0,500000.0,371800000.0,4157100000.0,,127700000.0,127700000.0
Dollar Tree Inc,DLTR,549300PMSTQITB1WHR43,935703,2010.0,Q3,2010-08-01,2010-10-30,2011-11-17 09:15:32+00:00,,0.73,0.73,,51500000.0,93200000.0,93200000.0,93200000.0,920600000.0,1426600000.0,0.0,5400000.0,,365100000.0,920600000.0,506000000.0,1600000.0,,365100000.0,140900000.0,3800000.0,144700000.0,1426600000.0,,127700000.0,127700000.0
Dollar Tree Inc,DLTR,549300PMSTQITB1WHR43,935703,2010.0,Q2YTD,2010-01-31,2010-07-31,,1.11,1.11,1.11,,85500000.0,141600000.0,141600000.0,141600000.0,1770500000.0,2730500000.0,26300000.0,-300000.0,,703300000.0,1796800000.0,933700000.0,3000000.0,,703300000.0,230400000.0,-3300000.0,227100000.0,2730500000.0,127900000.0,127900000.0,127900000.0
Dollar Tree Inc,DLTR,549300PMSTQITB1WHR43,935703,2010.0,Q2,2010-05-02,2010-07-31,2011-08-18 16:16:25+00:00,0.61,0.61,0.61,,47000000.0,78000000.0,78000000.0,78000000.0,894400000.0,1377900000.0,0.0,-1200000.0,,355700000.0,894400000.0,483500000.0,1600000.0,,355700000.0,127800000.0,-2800000.0,125000000.0,1377900000.0,127900000.0,127900000.0,127900000.0
Dollar Tree Inc,DLTR,549300PMSTQITB1WHR43,935703,2010.0,Q1,2010-01-31,2010-05-01,2011-05-19 09:05:48+00:00,0.49,0.49,0.49,,38500000.0,63600000.0,63600000.0,63600000.0,876100000.0,1352600000.0,26300000.0,900000.0,,347600000.0,902400000.0,450200000.0,1400000.0,,347600000.0,102600000.0,-500000.0,102100000.0,1352600000.0,129800000.0,129800000.0,129800000.0
Dollar Tree Inc,DLTR,549300PMSTQITB1WHR43,935703,2011.0,Q4,2011-10-30,2012-01-28,,0.78,0.78,0.78,,113600000.0,187900000.0,187900000.0,187900000.0,1211100000.0,1945600000.0,,200000.0,,432500000.0,1211100000.0,734500000.0,700000.0,,432500000.0,302000000.0,-500000.0,301500000.0,1945600000.0,240600000.0,240600000.0,240600000.0
Dollar Tree Inc,DLTR,549300PMSTQITB1WHR43,935703,2011.0,FY,2011-01-30,2012-01-28,2014-03-14 09:07:32+00:00,2.03,2.03,2.01,,291200000.0,488300000.0,488300000.0,488300000.0,4252200000.0,6630500000.0,,300000.0,,1596200000.0,4252200000.0,2378300000.0,2900000.0,,1596200000.0,782100000.0,-2600000.0,779500000.0,6630500000.0,240600000.0,240600000.0,240600000.0
Dollar Tree Inc,DLTR,549300PMSTQITB1WHR43,935703,2011.0,Q3YTD,2011-01-30,2011-10-29,,1.25,1.25,1.25,,177600000.0,300400000.0,300400000.0,300400000.0,3041100000.0,4684900000.0,,100000.0,,1163700000.0,3041100000.0,1643800000.0,2200000.0,,1163700000.0,480100000.0,-2100000.0,478000000.0,4684900000.0,239600000.0,239600000.0,239600000.0
Dollar Tree Inc,DLTR,549300PMSTQITB1WHR43,935703,2011.0,Q3TTM,2010-10-31,2011-10-29,,1.93,1.93,1.93,,273200000.0,462900000.0,462900000.0,462900000.0,4118500000.0,6410200000.0,,500000.0,,1552900000.0,4118500000.0,2291700000.0,3200000.0,,1552900000.0,738800000.0,-2700000.0,736100000.0,6410200000.0,239600000.0,239600000.0,239600000.0
Dollar Tree Inc,DLTR,549300PMSTQITB1WHR43,935703,2011.0,Q3,2011-07-31,2011-10-29,2012-11-15 09:17:08+00:00,0.44,0.44,0.43,,59700000.0,104500000.0,104500000.0,104500000.0,1036000000.0,1596600000.0,,-100000.0,,395700000.0,1036000000.0,560600000.0,600000.0,,395700000.0,164900000.0,-700000.0,164200000.0,1596600000.0,239600000.0,239600000.0,239600000.0
Dollar Tree Inc,DLTR,549300PMSTQITB1WHR43,935703,2011.0,Q2YTD,2011-01-30,2011-07-30,,0.8,0.8,0.8,,117900000.0,195900000.0,195900000.0,195900000.0,2005100000.0,3088300000.0,,200000.0,,768000000.0,2005100000.0,1083200000.0,1600000.0,,768000000.0,315200000.0,-1400000.0,313800000.0,3088300000.0,244600000.0,244600000.0,244600000.0
Dollar Tree Inc,DLTR,549300PMSTQITB1WHR43,935703,2011.0,Q2TTM,2010-08-01,2011-07-30,,1.85,1.85,1.85,,265000000.0,451600000.0,451600000.0,451600000.0,4003100000.0,6240200000.0,,6000000.0,,1522300000.0,4003100000.0,2237100000.0,4200000.0,,1522300000.0,714800000.0,1800000.0,716600000.0,6240200000.0,244600000.0,244600000.0,244600000.0
Dollar Tree Inc,DLTR,549300PMSTQITB1WHR43,935703,2011.0,Q2,2011-05-01,2011-07-30,2012-08-16 16:05:16+00:00,0.39,0.39,0.39,,57400000.0,94900000.0,94900000.0,94900000.0,1000000000.0,1542400000.0,,-500000.0,,388900000.0,1000000000.0,542400000.0,700000.0,,388900000.0,153500000.0,-1200000.0,152300000.0,1542400000.0,244600000.0,244600000.0,244600000.0
Dollar Tree Inc,DLTR,549300PMSTQITB1WHR43,935703,2011.0,Q1TTM,2010-05-02,2011-04-30,,3.55,3.55,3.55,,254600000.0,434700000.0,434700000.0,434700000.0,3897500000.0,6075700000.0,,5300000.0,,1489100000.0,3897500000.0,2178200000.0,5100000.0,,1489100000.0,689100000.0,200000.0,689300000.0,6075700000.0,122600000.0,122600000.0,122600000.0
Dollar Tree Inc,DLTR,549300PMSTQITB1WHR43,935703,2011.0,Q1,2011-01-30,2011-04-30,2012-05-17 09:15:22+00:00,0.82,0.82,0.82,,60500000.0,101000000.0,101000000.0,101000000.0,1005100000.0,1545900000.0,,700000.0,,379100000.0,1005100000.0,540800000.0,900000.0,,379100000.0,161700000.0,-200000.0,161500000.0,1545900000.0,122600000.0,122600000.0,122600000.0
Dollar Tree Inc,DLTR,549300PMSTQITB1WHR43,935703,2012.0,Q4,2012-10-28,2013-02-02,,1.0,1.0,1.0,,134300000.0,228600000.0,228600000.0,228600000.0,1395000000.0,2245800000.0,,-200000.0,,487300000.0,1395000000.0,850800000.0,400000.0,,487300000.0,363500000.0,-600000.0,362900000.0,2245800000.0,229300000.0,229300000.0,229300000.0
Dollar Tree Inc,DLTR,549300PMSTQITB1WHR43,935703,2012.0,FY,2012-01-29,2013-02-02,2015-03-13 09:14:43+00:00,2.7,2.7,2.68,,359600000.0,619300000.0,619300000.0,619300000.0,4741800000.0,7394500000.0,,61600000.0,,1732600000.0,4741800000.0,2652700000.0,2800000.0,,1732600000.0,920100000.0,58800000.0,978900000.0,7394500000.0,229300000.0,229300000.0,229300000.0
Dollar Tree Inc,DLTR,549300PMSTQITB1WHR43,935703,2012.0,Q3YTD,2012-01-29,2012-10-27,,1.71,1.71,1.71,,225300000.0,390700000.0,390700000.0,390700000.0,3346800000.0,5148700000.0,,61800000.0,,1245300000.0,3346800000.0,1801900000.0,2400000.0,,1245300000.0,556600000.0,59400000.0,616000000.0,5148700000.0,228800000.0,228800000.0,228800000.0
Dollar Tree Inc,DLTR,549300PMSTQITB1WHR43,935703,2012.0,Q3TTM,2011-10-30,2012-10-27,,2.53,2.53,2.53,,338900000.0,578600000.0,578600000.0,578600000.0,4557900000.0,7094300000.0,,62000000.0,,1677800000.0,4557900000.0,2536400000.0,3100000.0,,1677800000.0,858600000.0,58900000.0,917500000.0,7094300000.0,228800000.0,228800000.0,228800000.0
Dollar Tree Inc,DLTR,549300PMSTQITB1WHR43,935703,2012.0,Q3,2012-07-29,2012-10-27,2013-11-21 09:16:11+00:00,0.68,0.68,0.68,,88700000.0,155400000.0,155400000.0,155400000.0,1120900000.0,1720500000.0,,60700000.0,,415400000.0,1120900000.0,599600000.0,800000.0,,415400000.0,184200000.0,59900000.0,244100000.0,1720500000.0,228800000.0,228800000.0,228800000.0
Dollar Tree Inc,DLTR,549300PMSTQITB1WHR43,935703,2012.0,Q2YTD,2012-01-29,2012-07-28,,1.02,1.02,1.02,,136600000.0,235300000.0,235300000.0,235300000.0,2225900000.0,3428200000.0,,1100000.0,,829900000.0,2225900000.0,1202300000.0,1600000.0,,829900000.0,372400000.0,-500000.0,371900000.0,3428200000.0,231300000.0,231300000.0,231300000.0
Dollar Tree Inc,DLTR,549300PMSTQITB1WHR43,935703,2012.0,Q2TTM,2011-07-31,2012-07-28,,2.28,2.28,2.28,,309900000.0,527700000.0,527700000.0,527700000.0,4473000000.0,6970400000.0,,1200000.0,,1658100000.0,4473000000.0,2497400000.0,2900000.0,,1658100000.0,839300000.0,-1700000.0,837600000.0,6970400000.0,231300000.0,231300000.0,231300000.0
Dollar Tree Inc,DLTR,549300PMSTQITB1WHR43,935703,2012.0,Q2,2012-04-29,2012-07-28,2013-08-22 09:16:02+00:00,0.52,0.52,0.51,,64100000.0,119200000.0,119200000.0,119200000.0,1105000000.0,1704600000.0,,0.0,,415200000.0,1105000000.0,599600000.0,1100000.0,,415200000.0,184400000.0,-1100000.0,183300000.0,1704600000.0,231300000.0,231300000.0,231300000.0
Dollar Tree Inc,DLTR,549300PMSTQITB1WHR43,935703,2012.0,Q1TTM,2011-05-01,2012-04-28,,2.17,2.17,2.17,,303200000.0,503400000.0,503400000.0,503400000.0,4368000000.0,6808200000.0,,700000.0,,1631800000.0,4368000000.0,2440200000.0,2500000.0,,1631800000.0,808400000.0,-1800000.0,806600000.0,6808200000.0,231500000.0,231500000.0,231500000.0
Dollar Tree Inc,DLTR,549300PMSTQITB1WHR43,935703,2012.0,Q1,2012-01-29,2012-04-28,2013-05-23 09:10:37+00:00,0.5,0.5,0.5,,72500000.0,116100000.0,116100000.0,116100000.0,1120900000.0,1723600000.0,,1100000.0,,414700000.0,1120900000.0,602700000.0,500000.0,,414700000.0,188000000.0,600000.0,188600000.0,1723600000.0,231500000.0,231500000.0,231500000.0
Dollar Tree Inc,DLTR,549300PMSTQITB1WHR43,935703,2013.0,FY,2013-02-03,2014-02-01,2016-03-28 17:05:51+00:00,2.74,2.74,2.72,,357600000.0,596700000.0,596700000.0,596700000.0,5050500000.0,7840300000.0,,-600000.0,,1819500000.0,5050500000.0,2789800000.0,15400000.0,,1819500000.0,970300000.0,-16000000.0,954300000.0,7840300000.0,218100000.0,218100000.0,218100000.0
Dollar Tree Inc,DLTR,549300PMSTQITB1WHR43,935703,2013.0,Q4,2013-11-03,2014-02-01,,0.98,0.98,0.98,,126000000.0,213100000.0,213100000.0,213100000.0,1409700000.0,2234900000.0,,-100000.0,,477100000.0,1409700000.0,825200000.0,8900000.0,,477100000.0,348100000.0,-9000000.0,339100000.0,2234900000.0,218100000.0,218100000.0,218100000.0
Dollar Tree Inc,DLTR,549300PMSTQITB1WHR43,935703,2013.0,Q3YTD,2013-02-03,2013-11-02,,1.77,1.77,1.77,,231600000.0,383600000.0,383600000.0,383600000.0,3640800000.0,5605400000.0,,-500000.0,,1342400000.0,3640800000.0,1964600000.0,6500000.0,,1342400000.0,622200000.0,-7000000.0,615200000.0,5605400000.0,,216200000.0,216200000.0
Dollar Tree Inc,DLTR,549300PMSTQITB1WHR43,935703,2013.0,Q3TTM,2012-10-28,2013-11-02,,2.83,2.83,2.83,,365900000.0,612200000.0,612200000.0,612200000.0,5035800000.0,7851200000.0,,-700000.0,,1829700000.0,5035800000.0,2815400000.0,6900000.0,,1829700000.0,985700000.0,-7600000.0,978100000.0,7851200000.0,,216200000.0,216200000.0
Dollar Tree Inc,DLTR,549300PMSTQITB1WHR43,935703,2013.0,Q3,2013-08-04,2013-11-02,2014-11-20 09:14:43+00:00,,0.58,0.58,,73400000.0,125400000.0,125400000.0,125400000.0,1224800000.0,1884700000.0,,-300000.0,,455600000.0,1224800000.0,659900000.0,5200000.0,,455600000.0,204300000.0,-5500000.0,198800000.0,1884700000.0,,216200000.0,216200000.0
Dollar Tree Inc,DLTR,549300PMSTQITB1WHR43,935703,2013.0,Q2YTD,2013-02-03,2013-08-03,,1.16,1.16,1.16,,158200000.0,258200000.0,258200000.0,258200000.0,2416000000.0,3720700000.0,,-200000.0,,886800000.0,2416000000.0,1304700000.0,1300000.0,,886800000.0,417900000.0,-1500000.0,416400000.0,3720700000.0,223400000.0,223400000.0,223400000.0
Dollar Tree Inc,DLTR,549300PMSTQITB1WHR43,935703,2013.0,Q2TTM,2012-07-29,2013-08-03,,2.87,2.87,2.87,,381200000.0,642200000.0,642200000.0,642200000.0,4931900000.0,7687000000.0,,60300000.0,,1789500000.0,4931900000.0,2755100000.0,2500000.0,,1789500000.0,965600000.0,57800000.0,1023400000.0,7687000000.0,223400000.0,223400000.0,223400000.0
Dollar Tree Inc,DLTR,549300PMSTQITB1WHR43,935703,2013.0,Q2,2013-05-05,2013-08-03,2014-08-21 07:45:53+00:00,0.56,0.56,0.56,,76100000.0,124700000.0,124700000.0,124700000.0,1206200000.0,1854900000.0,,200000.0,,447400000.0,1206200000.0,648700000.0,700000.0,,447400000.0,201300000.0,-500000.0,200800000.0,1854900000.0,223400000.0,223400000.0,223400000.0
Dollar Tree Inc,DLTR,549300PMSTQITB1WHR43,935703,2013.0,Q1TTM,2012-04-29,2013-05-04,,2.84,2.84,2.84,,369200000.0,636700000.0,636700000.0,636700000.0,4830700000.0,7536700000.0,,60100000.0,,1757300000.0,4830700000.0,2706000000.0,2900000.0,,1757300000.0,948700000.0,57200000.0,1005900000.0,7536700000.0,224200000.0,224200000.0,224200000.0
Dollar Tree Inc,DLTR,549300PMSTQITB1WHR43,935703,2013.0,Q1,2013-02-03,2013-05-04,2014-05-22 09:15:32+00:00,0.6,0.6,0.59,,82100000.0,133500000.0,133500000.0,133500000.0,1209800000.0,1865800000.0,,-400000.0,,439400000.0,1209800000.0,656000000.0,600000.0,,439400000.0,216600000.0,-1000000.0,215600000.0,1865800000.0,224200000.0,224200000.0,224200000.0
Dollar Tree Inc,DLTR,549300PMSTQITB1WHR43,935703,2014.0,FY,2014-02-02,2015-01-31,2017-03-28 16:33:05+00:00,2.91,2.91,2.9,,355000000.0,599200000.0,599200000.0,599200000.0,5568200000.0,8602200000.0,,-5900000.0,,1993800000.0,5568200000.0,3034000000.0,80100000.0,,1993800000.0,1040200000.0,-86000000.0,954200000.0,8602200000.0,206000000.0,206000000.0,206000000.0
Dollar Tree Inc,DLTR,549300PMSTQITB1WHR43,935703,2014.0,Q4,2014-11-02,2015-01-31,,1.0,1.0,1.0,,118100000.0,206400000.0,206400000.0,206400000.0,1557600000.0,2475600000.0,,-4800000.0,,534400000.0,1557600000.0,918000000.0,54300000.0,,534400000.0,383600000.0,-59100000.0,324500000.0,2475600000.0,206000000.0,206000000.0,206000000.0
Dollar Tree Inc,DLTR,549300PMSTQITB1WHR43,935703,2014.0,Q3,2014-08-03,2014-11-01,2015-11-24 09:15:33+00:00,0.65,0.65,0.64,,76300000.0,133000000.0,133000000.0,133000000.0,1369900000.0,2095200000.0,,-1100000.0,,505600000.0,1369900000.0,725300000.0,9300000.0,,505600000.0,219700000.0,-10400000.0,209300000.0,2095200000.0,205600000.0,205600000.0,205600000.0
Dollar Tree Inc,DLTR,549300PMSTQITB1WHR43,935703,2014.0,Q3YTD,2014-02-02,2014-11-01,,1.91,1.91,1.91,,236900000.0,392800000.0,392800000.0,392800000.0,4010600000.0,6126600000.0,,-1100000.0,,1459400000.0,4010600000.0,2116000000.0,25800000.0,,1459400000.0,656600000.0,-26900000.0,629700000.0,6126600000.0,205600000.0,205600000.0,205600000.0
Dollar Tree Inc,DLTR,549300PMSTQITB1WHR43,935703,2014.0,Q3TTM,2013-11-03,2014-11-01,,2.95,2.95,2.95,,362900000.0,605900000.0,605900000.0,605900000.0,5420300000.0,8361500000.0,,-1200000.0,,1936500000.0,5420300000.0,2941200000.0,34700000.0,,1936500000.0,1004700000.0,-35900000.0,968800000.0,8361500000.0,205600000.0,205600000.0,205600000.0
Dollar Tree Inc,DLTR,549300PMSTQITB1WHR43,935703,2014.0,Q2,2014-05-04,2014-08-02,2015-09-01 09:24:42+00:00,0.59,0.59,0.59,,75100000.0,121500000.0,121500000.0,121500000.0,1337000000.0,2031100000.0,,0.0,,489100000.0,1337000000.0,694100000.0,8400000.0,,489100000.0,205000000.0,-8400000.0,196600000.0,2031100000.0,205800000.0,205800000.0,205800000.0
Dollar Tree Inc,DLTR,549300PMSTQITB1WHR43,935703,2014.0,Q2YTD,2014-02-02,2014-08-02,,1.26,1.26,1.26,,160600000.0,259800000.0,259800000.0,259800000.0,2640700000.0,4031400000.0,,,,953800000.0,2640700000.0,1390700000.0,16500000.0,,953800000.0,436900000.0,-16500000.0,420400000.0,4031400000.0,205800000.0,205800000.0,205800000.0
Dollar Tree Inc,DLTR,549300PMSTQITB1WHR43,935703,2014.0,Q2TTM,2013-08-04,2014-08-02,,2.91,2.91,2.91,,360000000.0,598300000.0,598300000.0,598300000.0,5275200000.0,8151000000.0,,-400000.0,,1886500000.0,5275200000.0,2875800000.0,30600000.0,,1886500000.0,989300000.0,-31000000.0,958300000.0,8151000000.0,205800000.0,205800000.0,205800000.0
Dollar Tree Inc,DLTR,549300PMSTQITB1WHR43,935703,2014.0,Q1TTM,2013-05-05,2014-05-03,,2.91,2.91,2.91,,361000000.0,601500000.0,601500000.0,601500000.0,5144400000.0,7974800000.0,,-200000.0,,1844800000.0,5144400000.0,2830400000.0,22900000.0,,1844800000.0,985600000.0,-23100000.0,962500000.0,7974800000.0,206800000.0,206800000.0,206800000.0
Dollar Tree Inc,DLTR,549300PMSTQITB1WHR43,935703,2014.0,Q1,2014-02-02,2014-05-03,2015-05-21 09:14:49+00:00,0.67,0.67,0.67,,85500000.0,138300000.0,138300000.0,138300000.0,1303700000.0,2000300000.0,,0.0,,464700000.0,1303700000.0,696600000.0,8100000.0,,464700000.0,231900000.0,-8100000.0,223800000.0,2000300000.0,206800000.0,206800000.0,206800000.0
Dollar Tree Inc,DLTR,549300PMSTQITB1WHR43,935703,2015.0,FY,2015-02-01,2016-01-30,2018-03-16 09:18:52+00:00,1.27,1.27,1.26,0.0,165800000.0,282400000.0,282400000.0,282400000.0,10841700000.0,15498400000.0,,-2100000.0,,3607000000.0,10841700000.0,4656700000.0,599400000.0,,3607000000.0,1049700000.0,-601500000.0,448200000.0,15498400000.0,222500000.0,222500000.0,222500000.0
Dollar Tree Inc,DLTR,549300PMSTQITB1WHR43,935703,2015.0,Q4,2015-11-01,2016-01-30,,1.04,1.04,1.03,,123500000.0,229000000.0,229000000.0,229000000.0,3712700000.0,5365300000.0,,-2400000.0,,1182800000.0,3712700000.0,1652600000.0,114900000.0,,1182800000.0,469800000.0,-117300000.0,352500000.0,5365300000.0,222500000.0,222500000.0,222500000.0
Dollar Tree Inc,DLTR,549300PMSTQITB1WHR43,935703,2015.0,Q3,2015-08-02,2015-10-31,2016-12-06 07:41:24+00:00,0.35,0.35,0.35,,42800000.0,81900000.0,81900000.0,81900000.0,3545200000.0,4945200000.0,,-600000.0,,1176300000.0,3545200000.0,1400000000.0,98400000.0,,1176300000.0,223700000.0,-99000000.0,124700000.0,4945200000.0,234700000.0,234700000.0,234700000.0
Dollar Tree Inc,DLTR,549300PMSTQITB1WHR43,935703,2015.0,Q3YTD,2015-02-01,2015-10-31,,0.23,0.23,0.23,,42300000.0,53400000.0,53400000.0,53400000.0,7129000000.0,10133100000.0,,300000.0,,2424200000.0,7129000000.0,3004100000.0,484500000.0,,2424200000.0,579900000.0,-484200000.0,95700000.0,10133100000.0,234700000.0,234700000.0,234700000.0
Dollar Tree Inc,DLTR,549300PMSTQITB1WHR43,935703,2015.0,Q3TTM,2014-11-02,2015-10-31,,1.23,1.23,1.23,,160400000.0,259800000.0,259800000.0,259800000.0,8686600000.0,12608700000.0,,-4500000.0,,2958600000.0,8686600000.0,3922100000.0,538800000.0,,2958600000.0,963500000.0,-543300000.0,420200000.0,12608700000.0,234700000.0,234700000.0,234700000.0
Dollar Tree Inc,DLTR,549300PMSTQITB1WHR43,935703,2015.0,Q2,2015-05-03,2015-08-01,2016-09-02 08:35:19+00:00,-0.46,-0.46,-0.46,,-44200000.0,-98000000.0,-98000000.0,-98000000.0,2156000000.0,3011200000.0,,-1700000.0,,731800000.0,2156000000.0,855200000.0,263900000.0,,731800000.0,123400000.0,-265600000.0,-142200000.0,3011200000.0,214300000.0,214300000.0,214300000.0
Dollar Tree Inc,DLTR,549300PMSTQITB1WHR43,935703,2015.0,Q2YTD,2015-02-01,2015-08-01,,-0.12,-0.12,-0.12,,-500000.0,-28500000.0,-28500000.0,-28500000.0,3583800000.0,5187900000.0,,900000.0,,1247900000.0,3583800000.0,1604100000.0,386100000.0,,1247900000.0,356200000.0,-385200000.0,-29000000.0,5187900000.0,214300000.0,214300000.0,214300000.0
Dollar Tree Inc,DLTR,549300PMSTQITB1WHR43,935703,2015.0,Q2TTM,2014-08-03,2015-08-01,,1.53,1.53,1.52,,193900000.0,310900000.0,310900000.0,310900000.0,6511300000.0,9758700000.0,,-5000000.0,,2287900000.0,6511300000.0,3247400000.0,449700000.0,,2287900000.0,959500000.0,-454700000.0,504800000.0,9758700000.0,214300000.0,214300000.0,214300000.0
Dollar Tree Inc,DLTR,549300PMSTQITB1WHR43,935703,2015.0,Q1,2015-02-01,2015-05-02,2016-06-09 09:28:56+00:00,0.34,0.34,0.34,,43700000.0,69500000.0,69500000.0,69500000.0,1427800000.0,2176700000.0,,2600000.0,,516100000.0,1427800000.0,748900000.0,122200000.0,,516100000.0,232800000.0,-119600000.0,113200000.0,2176700000.0,206200000.0,206200000.0,206200000.0
Dollar Tree Inc,DLTR,549300PMSTQITB1WHR43,935703,2015.0,Q1TTM,2014-05-04,2015-05-02,,2.57,2.57,2.57,,313200000.0,530400000.0,530400000.0,530400000.0,5692300000.0,8778600000.0,,-3300000.0,,2045200000.0,5692300000.0,3086300000.0,194200000.0,,2045200000.0,1041100000.0,-197500000.0,843600000.0,8778600000.0,206200000.0,206200000.0,206200000.0
Dollar Tree Inc,DLTR,549300PMSTQITB1WHR43,935703,2016.0,FY,2016-01-31,2017-01-28,2019-03-27 17:26:05+00:00,3.8,3.8,3.78,0.0,433200000.0,896200000.0,896200000.0,896200000.0,14324500000.0,20719200000.0,,100000.0,,4689900000.0,14324500000.0,6394700000.0,375500000.0,,4689900000.0,1704800000.0,-375400000.0,1329400000.0,20719200000.0,235700000.0,235700000.0,235700000.0
Dollar Tree Inc,DLTR,549300PMSTQITB1WHR43,935703,2016.0,Q4,2016-10-30,2017-01-28,,1.36,1.36,1.36,,176000000.0,321700000.0,321700000.0,321700000.0,3828300000.0,5635500000.0,,,,1220700000.0,3828300000.0,1807200000.0,88800000.0,,1220700000.0,586500000.0,-88800000.0,497700000.0,5635500000.0,235700000.0,235700000.0,235700000.0
Dollar Tree Inc,DLTR,549300PMSTQITB1WHR43,935703,2016.0,Q3,2016-07-31,2016-10-29,2017-11-21 09:14:36+00:00,0.73,0.73,0.72,0.0,58600000.0,171600000.0,171600000.0,171600000.0,3481100000.0,5001600000.0,,-100000.0,,1178100000.0,3481100000.0,1520500000.0,112100000.0,,1178100000.0,342400000.0,-112200000.0,230200000.0,5001600000.0,235800000.0,235800000.0,235800000.0
Dollar Tree Inc,DLTR,549300PMSTQITB1WHR43,935703,2016.0,Q3YTD,2016-01-31,2016-10-29,,2.44,2.44,2.42,,257200000.0,574500000.0,574500000.0,574500000.0,10496200000.0,15083700000.0,,100000.0,,3469200000.0,10496200000.0,4587500000.0,286700000.0,,3469200000.0,1118300000.0,-286600000.0,831700000.0,15083700000.0,235800000.0,235800000.0,235800000.0
Dollar Tree Inc,DLTR,549300PMSTQITB1WHR43,935703,2016.0,Q3TTM,2015-11-01,2016-10-29,,3.48,3.48,3.45,,380700000.0,803500000.0,803500000.0,803500000.0,14208900000.0,20449000000.0,,-2300000.0,,4652000000.0,14208900000.0,6240100000.0,401600000.0,,4652000000.0,1588100000.0,-403900000.0,1184200000.0,20449000000.0,235800000.0,235800000.0,235800000.0
Dollar Tree Inc,DLTR,549300PMSTQITB1WHR43,935703,2016.0,Q2,2016-05-01,2016-07-30,2017-08-24 09:13:54+00:00,0.72,0.72,0.72,0.0,99700000.0,170200000.0,170200000.0,170200000.0,3483900000.0,4996300000.0,,0.0,,1155200000.0,3483900000.0,1512400000.0,87300000.0,,1155200000.0,357200000.0,-87300000.0,269900000.0,4996300000.0,235600000.0,235600000.0,235600000.0
Dollar Tree Inc,DLTR,549300PMSTQITB1WHR43,935703,2016.0,Q2YTD,2016-01-31,2016-07-30,,1.71,1.71,1.7,,198600000.0,402900000.0,402900000.0,402900000.0,7015100000.0,10082100000.0,,200000.0,,2291100000.0,7015100000.0,3067000000.0,174600000.0,,2291100000.0,775900000.0,-174400000.0,601500000.0,10082100000.0,235600000.0,235600000.0,235600000.0
Dollar Tree Inc,DLTR,549300PMSTQITB1WHR43,935703,2016.0,Q2TTM,2015-08-02,2016-07-30,,3.1,3.1,3.08,,364900000.0,713800000.0,713800000.0,713800000.0,14273000000.0,20392600000.0,,-2800000.0,,4650200000.0,14273000000.0,6119600000.0,387900000.0,,4650200000.0,1469400000.0,-390700000.0,1078700000.0,20392600000.0,235600000.0,235600000.0,235600000.0
Dollar Tree Inc,DLTR,549300PMSTQITB1WHR43,935703,2016.0,Q1,2016-01-31,2016-04-30,2017-05-25 09:25:53+00:00,0.99,0.99,0.98,0.0,98900000.0,232700000.0,232700000.0,232700000.0,3531200000.0,5085800000.0,,200000.0,,1135900000.0,3531200000.0,1554600000.0,87300000.0,,1135900000.0,418700000.0,-87100000.0,331600000.0,5085800000.0,235300000.0,235300000.0,235300000.0
Dollar Tree Inc,DLTR,549300PMSTQITB1WHR43,935703,2016.0,Q1TTM,2015-05-03,2016-04-30,,1.92,1.92,1.9,,221000000.0,445600000.0,445600000.0,445600000.0,12945100000.0,18407500000.0,,-4500000.0,,4226800000.0,12945100000.0,5462400000.0,564500000.0,,4226800000.0,1235600000.0,-569000000.0,666600000.0,18407500000.0,235300000.0,235300000.0,235300000.0
Dollar Tree Inc,DLTR,549300PMSTQITB1WHR43,935703,2017.0,FY,2017-01-29,2018-02-03,2020-03-20 09:00:36+00:00,7.24,7.24,7.21,0.0,-10300000.0,1714300000.0,1714300000.0,1714300000.0,15223600000.0,22245500000.0,,6700000.0,5022800000.0,,15223600000.0,7021900000.0,,-301800000.0,5022800000.0,1999100000.0,-295100000.0,1704000000.0,22245500000.0,236800000.0,236800000.0,236800000.0
Dollar Tree Inc,DLTR,549300PMSTQITB1WHR43,935703,2017.0,Q4,2017-10-29,2018-02-03,,4.39,4.39,4.37,-53500000.0,-348600000.0,1040100000.0,1040100000.0,1040100000.0,4259600000.0,6360600000.0,,7500000.0,5022800000.0,-3633900000.0,4259600000.0,2101000000.0,-220200000.0,-301800000.0,1335400000.0,765600000.0,-74100000.0,691500000.0,6360600000.0,236800000.0,236800000.0,236800000.0
Dollar Tree Inc,DLTR,549300PMSTQITB1WHR43,935703,2017.0,Q3,2017-07-30,2017-10-28,2018-11-29 09:16:12+00:00,1.01,1.01,1.01,0.0,115200000.0,239900000.0,239900000.0,239900000.0,3650600000.0,5316600000.0,,-400000.0,,1240800000.0,3650600000.0,1666000000.0,69700000.0,,1240800000.0,425200000.0,-70100000.0,355100000.0,5316600000.0,236900000.0,236900000.0,236900000.0
Dollar Tree Inc,DLTR,549300PMSTQITB1WHR43,935703,2017.0,Q3YTD,2017-01-29,2017-10-28,,2.85,2.85,2.84,53500000.0,338300000.0,674200000.0,674200000.0,674200000.0,10964000000.0,15884900000.0,,-800000.0,,3633900000.0,10964000000.0,4920900000.0,220200000.0,,3687400000.0,1233500000.0,-221000000.0,1012500000.0,15884900000.0,236900000.0,236900000.0,236900000.0
Dollar Tree Inc,DLTR,549300PMSTQITB1WHR43,935703,2017.0,Q3TTM,2016-10-30,2017-10-28,,4.21,4.21,4.2,53500000.0,514300000.0,995900000.0,995900000.0,995900000.0,14792300000.0,21520400000.0,,-800000.0,,4854600000.0,14792300000.0,6728100000.0,309000000.0,,4908100000.0,1820000000.0,-309800000.0,1510200000.0,21520400000.0,236900000.0,236900000.0,236900000.0
Dollar Tree Inc,DLTR,549300PMSTQITB1WHR43,935703,2017.0,Q2,2017-04-30,2017-07-29,2018-08-30 09:25:36+00:00,0.99,0.99,0.98,2600000.0,109800000.0,233800000.0,233800000.0,233800000.0,3653400000.0,5281200000.0,,-100000.0,,1205700000.0,3653400000.0,1627800000.0,75800000.0,,1208300000.0,419500000.0,-75900000.0,343600000.0,5281200000.0,236700000.0,236700000.0,236700000.0
Dollar Tree Inc,DLTR,549300PMSTQITB1WHR43,935703,2017.0,Q2YTD,2017-01-29,2017-07-29,,1.84,1.84,1.83,53500000.0,223100000.0,434300000.0,434300000.0,434300000.0,7313400000.0,10568300000.0,,-400000.0,,2393100000.0,7313400000.0,3254900000.0,150500000.0,,2446600000.0,808300000.0,-150900000.0,657400000.0,10568300000.0,236700000.0,236700000.0,236700000.0
Dollar Tree Inc,DLTR,549300PMSTQITB1WHR43,935703,2017.0,Q2TTM,2016-07-31,2017-07-29,,3.93,3.93,3.91,53500000.0,457700000.0,927600000.0,927600000.0,927600000.0,14622800000.0,21205400000.0,,-500000.0,,4791900000.0,14622800000.0,6582600000.0,351400000.0,,4845400000.0,1737200000.0,-351900000.0,1385300000.0,21205400000.0,236700000.0,236700000.0,236700000.0
Dollar Tree Inc,DLTR,549300PMSTQITB1WHR43,935703,2017.0,Q1,2017-01-29,2017-04-29,2018-05-31 09:22:47+00:00,0.85,0.85,0.85,50900000.0,113300000.0,200500000.0,200500000.0,200500000.0,3660000000.0,5287100000.0,,-300000.0,,1187400000.0,3660000000.0,1627100000.0,74700000.0,,1238300000.0,388800000.0,-75000000.0,313800000.0,5287100000.0,236300000.0,236300000.0,236300000.0
Dollar Tree Inc,DLTR,549300PMSTQITB1WHR43,935703,2017.0,Q1TTM,2016-05-01,2017-04-29,,3.66,3.66,3.65,50900000.0,447600000.0,864000000.0,864000000.0,864000000.0,14453300000.0,20920500000.0,,-400000.0,,4741400000.0,14453300000.0,6467200000.0,362900000.0,,4792300000.0,1674900000.0,-363300000.0,1311600000.0,20920500000.0,236300000.0,236300000.0,236300000.0
Dollar Tree Inc,DLTR,549300PMSTQITB1WHR43,935703,2018.0,FY,2018-02-04,2019-02-02,2020-03-20 09:00:36+00:00,-6.69,-6.69,-6.69,2727000000.0,281800000.0,-1590800000.0,-1590800000.0,-1590800000.0,15875800000.0,22823300000.0,0.0,500000.0,5160000000.0,,15875800000.0,6947500000.0,,-370000000.0,7887000000.0,-939500000.0,-369500000.0,-1309000000.0,22823300000.0,237900000.0,237900000.0,237900000.0
Dollar Tree Inc,DLTR,549300PMSTQITB1WHR43,935703,2018.0,Q4,2018-11-04,2019-02-02,,-9.7,-9.7,-9.69,2727000000.0,112900000.0,-2307000000.0,-2307000000.0,-2307000000.0,4293100000.0,6205200000.0,,-400000.0,1332500000.0,,4293100000.0,1912100000.0,-230000000.0,-276300000.0,4059500000.0,-2147400000.0,-46700000.0,-2194100000.0,6205200000.0,237900000.0,237900000.0,237900000.0
Dollar Tree Inc,DLTR,549300PMSTQITB1WHR43,935703,2018.0,Q3,2018-08-05,2018-11-03,2019-11-26 09:15:11+00:00,1.18,1.18,1.18,,58200000.0,281800000.0,281800000.0,281800000.0,3866900000.0,5538800000.0,,-200000.0,1284100000.0,,3866900000.0,1671900000.0,,-47600000.0,1284100000.0,387800000.0,-47800000.0,340000000.0,5538800000.0,237900000.0,237900000.0,237900000.0
Dollar Tree Inc,DLTR,549300PMSTQITB1WHR43,935703,2018.0,Q3YTD,2018-02-04,2018-11-03,,3.01,3.01,3.0,,168900000.0,716200000.0,716200000.0,716200000.0,11582700000.0,16618100000.0,,900000.0,3827500000.0,,11582700000.0,5035400000.0,230000000.0,-93700000.0,3827500000.0,1207900000.0,-322800000.0,885100000.0,16618100000.0,237900000.0,237900000.0,237900000.0
Dollar Tree Inc,DLTR,549300PMSTQITB1WHR43,935703,2018.0,Q3TTM,2017-10-29,2018-11-03,,7.4,7.4,7.37,-53500000.0,-179700000.0,1756300000.0,1756300000.0,1756300000.0,15842300000.0,22978700000.0,,8400000.0,8850300000.0,-3633900000.0,15842300000.0,7136400000.0,9800000.0,-395500000.0,5162900000.0,1973500000.0,-396900000.0,1576600000.0,22978700000.0,237900000.0,237900000.0,237900000.0
Dollar Tree Inc,DLTR,549300PMSTQITB1WHR43,935703,2018.0,Q2,2018-05-06,2018-08-04,2019-08-29 09:19:12+00:00,1.15,1.15,1.15,,63800000.0,273900000.0,273900000.0,273900000.0,3861700000.0,5525600000.0,,1300000.0,1281400000.0,,3861700000.0,1663900000.0,,-46100000.0,1281400000.0,382500000.0,-44800000.0,337700000.0,5525600000.0,237900000.0,237900000.0,237900000.0
Dollar Tree Inc,DLTR,549300PMSTQITB1WHR43,935703,2018.0,Q2YTD,2018-02-04,2018-08-04,,1.83,1.83,1.82,,110700000.0,434400000.0,434400000.0,434400000.0,7715800000.0,11079300000.0,,1100000.0,2543400000.0,,7715800000.0,3363500000.0,230000000.0,-46100000.0,2543400000.0,820100000.0,-275000000.0,545100000.0,11079300000.0,237900000.0,237900000.0,237900000.0
Dollar Tree Inc,DLTR,549300PMSTQITB1WHR43,935703,2018.0,Q2TTM,2017-07-30,2018-08-04,,7.23,7.23,7.2,-53500000.0,-122700000.0,1714400000.0,1714400000.0,1714400000.0,15626000000.0,22756500000.0,,8200000.0,7566200000.0,-2393100000.0,15626000000.0,7130500000.0,79500000.0,-347900000.0,5119600000.0,2010900000.0,-419200000.0,1591700000.0,22756500000.0,237900000.0,237900000.0,237900000.0
Dollar Tree Inc,DLTR,549300PMSTQITB1WHR43,935703,2018.0,Q1,2018-02-04,2018-05-05,2019-05-31 17:28:53+00:00,0.68,0.68,0.67,,46900000.0,160500000.0,160500000.0,160500000.0,3854100000.0,5553700000.0,,-200000.0,1262000000.0,,3854100000.0,1699600000.0,230000000.0,,1262000000.0,437600000.0,-230200000.0,207400000.0,5553700000.0,237500000.0,237500000.0,237500000.0
Dollar Tree Inc,DLTR,549300PMSTQITB1WHR43,935703,2018.0,Q1TTM,2017-04-30,2018-05-05,,7.07,7.07,7.03,-50900000.0,-76700000.0,1674300000.0,1674300000.0,1674300000.0,15417700000.0,22512100000.0,,6800000.0,6284800000.0,-1187400000.0,15417700000.0,7094400000.0,155300000.0,-301800000.0,5046500000.0,2047900000.0,-450300000.0,1597600000.0,22512100000.0,237500000.0,237500000.0,237500000.0
Dollar Tree Inc,DLTR,549300PMSTQITB1WHR43,935703,2019.0,Q4,2019-11-03,2020-02-01,,0.52,0.52,0.51,313000000.0,86500000.0,123000000.0,123000000.0,123000000.0,4354800000.0,6315300000.0,,-700000.0,1398100000.0,,4354800000.0,1960500000.0,,-39200000.0,1711100000.0,249400000.0,-39900000.0,209500000.0,6315300000.0,237200000.0,237200000.0,237200000.0
Dollar Tree Inc,DLTR,549300PMSTQITB1WHR43,935703,2019.0,FY,2019-02-03,2020-02-01,2020-03-20 09:00:36+00:00,3.49,3.49,3.47,313000000.0,271700000.0,827000000.0,827000000.0,827000000.0,16570100000.0,23610800000.0,0.0,-1400000.0,5465500000.0,,16570100000.0,7040700000.0,,-162100000.0,5778500000.0,1262200000.0,-163500000.0,1098700000.0,23610800000.0,237200000.0,237200000.0,237200000.0
Dollar Tree Inc,DLTR,549300PMSTQITB1WHR43,935703,2019.0,Q3YTD,2019-02-03,2019-11-02,,2.97,2.97,2.96,,185200000.0,704000000.0,704000000.0,704000000.0,12215300000.0,17295500000.0,,-700000.0,4067400000.0,,12215300000.0,5080200000.0,,-122900000.0,4067400000.0,1012800000.0,-123600000.0,889200000.0,17295500000.0,236700000.0,236700000.0,236700000.0
Dollar Tree Inc,DLTR,549300PMSTQITB1WHR43,935703,2019.0,Q3TTM,2018-11-04,2019-11-02,,-6.73,-6.73,-6.73,2727000000.0,298100000.0,-1603000000.0,-1603000000.0,-1603000000.0,16508400000.0,23500700000.0,,-1100000.0,5399900000.0,,16508400000.0,6992300000.0,-230000000.0,-399200000.0,8126900000.0,-1134600000.0,-170300000.0,-1304900000.0,23500700000.0,236700000.0,236700000.0,236700000.0
Dollar Tree Inc,DLTR,549300PMSTQITB1WHR43,935703,2019.0,Q3,2019-08-04,2019-11-02,2019-11-26 09:15:11+00:00,1.08,1.08,1.08,,61100000.0,255800000.0,255800000.0,255800000.0,4041700000.0,5746200000.0,,-100000.0,1346100000.0,,4041700000.0,1704500000.0,,-41400000.0,1346100000.0,358400000.0,-41500000.0,316900000.0,5746200000.0,236700000.0,236700000.0,236700000.0
Dollar Tree Inc,DLTR,549300PMSTQITB1WHR43,935703,2019.0,Q2YTD,2019-02-03,2019-08-03,,1.89,1.89,1.88,,124100000.0,448200000.0,448200000.0,448200000.0,8173600000.0,11549300000.0,,-600000.0,2721300000.0,,8173600000.0,3375700000.0,,-81500000.0,2721300000.0,654400000.0,-82100000.0,572300000.0,11549300000.0,237600000.0,237600000.0,237600000.0
Dollar Tree Inc,DLTR,549300PMSTQITB1WHR43,935703,2019.0,Q2TTM,2018-08-05,2019-08-03,,-6.63,-6.63,-6.63,2727000000.0,295200000.0,-1577000000.0,-1577000000.0,-1577000000.0,16333600000.0,23293300000.0,,-1200000.0,5337900000.0,,16333600000.0,6959700000.0,-230000000.0,-405400000.0,8064900000.0,-1105200000.0,-176600000.0,-1281800000.0,23293300000.0,237600000.0,237600000.0,237600000.0
Dollar Tree Inc,DLTR,549300PMSTQITB1WHR43,935703,2019.0,Q2,2019-05-05,2019-08-03,2019-08-29 09:19:12+00:00,0.76,0.76,0.76,,48100000.0,180300000.0,180300000.0,180300000.0,4092100000.0,5740600000.0,,-400000.0,1379600000.0,,4092100000.0,1648500000.0,,-40100000.0,1379600000.0,268900000.0,-40500000.0,228400000.0,5740600000.0,237600000.0,237600000.0,237600000.0
Dollar Tree Inc,DLTR,549300PMSTQITB1WHR43,935703,2019.0,Q1,2019-02-03,2019-05-04,2020-05-28 09:18:17+00:00,1.13,1.13,1.12,,76000000.0,267900000.0,267900000.0,267900000.0,4081500000.0,5808700000.0,,-200000.0,1341700000.0,,4081500000.0,1727200000.0,,-41400000.0,1341700000.0,385500000.0,-41600000.0,343900000.0,5808700000.0,238000000.0,238000000.0,238000000.0
Dollar Tree Inc,DLTR,549300PMSTQITB1WHR43,935703,2019.0,Q1TTM,2018-05-06,2019-05-04,,-6.24,-6.24,-6.24,2727000000.0,310900000.0,-1483400000.0,-1483400000.0,-1483400000.0,16103200000.0,23078300000.0,,500000.0,5239700000.0,,16103200000.0,6975100000.0,-230000000.0,-411400000.0,7966700000.0,-991600000.0,-180900000.0,-1172500000.0,23078300000.0,238000000.0,238000000.0,238000000.0
Dollar Tree Inc,DLTR,549300PMSTQITB1WHR43,935703,2020.0,Q1TTM,2019-05-05,2020-05-02,,3.41,3.41,3.39,313000000.0,273300000.0,806700000.0,806700000.0,806700000.0,16980500000.0,24088900000.0,,-1700000.0,5552800000.0,,16980500000.0,7108400000.0,,-160900000.0,5865800000.0,1242600000.0,-162600000.0,1080000000.0,24088900000.0,236900000.0,236900000.0,236900000.0
Dollar Tree Inc,DLTR,549300PMSTQITB1WHR43,935703,2020.0,Q1,2020-02-02,2020-05-02,2020-05-28 09:18:17+00:00,1.05,1.05,1.04,,77600000.0,247600000.0,247600000.0,247600000.0,4491900000.0,6286800000.0,,-500000.0,1429000000.0,,4491900000.0,1794900000.0,,-40200000.0,1429000000.0,365900000.0,-40700000.0,325200000.0,6286800000.0,236900000.0,236900000.0,236900000.0
