company_name,company_ticker,company_lei,company_cik,year,quarter,start_date,end_date,filing_date,amortizationexpense,basicdilutedeps,basiceps,cashdividendspershare,dilutedeps,impairmentexpense,incometaxexpense,marketingexpense,netincome,netincomecontinuing,netincomediscontinued,netincometocommon,netincometononcontrollinginterest,operatingcostofrevenue,operatingrevenue,otherincome,otheroperatingexpenses,rdexpense,restructuringcharge,sgaexpense,totalcostofrevenue,totalgrossprofit,totalinterestexpense,totalinterestincome,totaloperatingexpenses,totaloperatingincome,totalotherincome,totalpretaxincome,totalrevenue,weightedavebasicdilutedsharesos,weightedavebasicsharesos,weightedavedilutedsharesos
Citrix Systems Inc,CTXS,HCTKJGUQOPZ5NBK7NP58,877890,2007.0,FY,2007-01-01,2007-12-31,2010-02-23 21:30:10+00:00,17387000.0,1.18,1.18,,1.14,,36425000.0,590409000.0,214483000.0,214483000.0,,214483000.0,,137607000.0,1391942000.0,-466000.0,,214903000.0,0.0,229229000.0,137607000.0,1254335000.0,737000.0,49704000.0,1051928000.0,202407000.0,48501000.0,250908000.0,1391942000.0,181800000.0,181501000.0,187380000.0
Citrix Systems Inc,CTXS,HCTKJGUQOPZ5NBK7NP58,877890,2008.0,FY,2008-01-01,2008-12-31,2011-02-24 16:36:32+00:00,22724000.0,0.97,0.97,,0.96,,18647000.0,669569000.0,178276000.0,178276000.0,,178276000.0,,175132000.0,1583354000.0,-4140000.0,,289249000.0,,256679000.0,175132000.0,1408222000.0,444000.0,31506000.0,1238221000.0,170001000.0,26922000.0,196923000.0,1583354000.0,183800000.0,183023000.0,186682000.0
Citrix Systems Inc,CTXS,HCTKJGUQOPZ5NBK7NP58,877890,2008.0,Q3,2008-07-01,2008-09-30,2009-11-04 15:21:16+00:00,5468000.0,0.27,0.27,,0.26,,1731000.0,169072000.0,49149000.0,49149000.0,,49149000.0,,42288000.0,398893000.0,-3992000.0,,72500000.0,0.0,61866000.0,42288000.0,356605000.0,143000.0,7316000.0,308906000.0,47699000.0,3181000.0,50880000.0,398893000.0,182000000.0,182228000.0,185666000.0
Citrix Systems Inc,CTXS,HCTKJGUQOPZ5NBK7NP58,877890,2008.0,Q2,2008-04-01,2008-06-30,2009-08-07 14:57:02+00:00,5707000.0,0.19,0.19,,0.18,,563000.0,169244000.0,34649000.0,34649000.0,,34649000.0,,45857000.0,391730000.0,-1222000.0,,73965000.0,0.0,68067000.0,45857000.0,345873000.0,55000.0,7599000.0,316983000.0,28890000.0,6322000.0,35212000.0,391730000.0,182400000.0,183595000.0,188021000.0
Citrix Systems Inc,CTXS,HCTKJGUQOPZ5NBK7NP58,877890,2009.0,Q4,2009-10-01,2009-12-31,,5704000.0,0.49,0.49,,0.47,,-6948000.0,180101000.0,88148000.0,88148000.0,,88148000.0,,52615000.0,451160000.0,-407000.0,,66918000.0,3646000.0,64328000.0,52615000.0,398545000.0,-243000.0,3516000.0,320697000.0,77848000.0,3352000.0,81200000.0,451160000.0,181900000.0,181805000.0,184985000.0
Citrix Systems Inc,CTXS,HCTKJGUQOPZ5NBK7NP58,877890,2009.0,FY,2009-01-01,2009-12-31,2012-02-23 15:11:48+00:00,20972000.0,1.05,1.05,,1.03,,2875000.0,679053000.0,191017000.0,191017000.0,,191017000.0,0.0,187310000.0,1614088000.0,532000.0,,281980000.0,26473000.0,239623000.0,187310000.0,1426778000.0,,14683000.0,1248101000.0,178677000.0,15215000.0,193892000.0,1614088000.0,181900000.0,181805000.0,184985000.0
Citrix Systems Inc,CTXS,HCTKJGUQOPZ5NBK7NP58,877890,2009.0,Q3YTD,2009-01-01,2009-09-30,,15268000.0,0.56,0.56,,0.56,,9823000.0,498952000.0,102869000.0,102869000.0,,102869000.0,,134695000.0,1162928000.0,939000.0,,215062000.0,22827000.0,175295000.0,134695000.0,1028233000.0,243000.0,11167000.0,927404000.0,100829000.0,11863000.0,112692000.0,1162928000.0,184200000.0,182531000.0,186334000.0
Citrix Systems Inc,CTXS,HCTKJGUQOPZ5NBK7NP58,877890,2009.0,Q3,2009-07-01,2009-09-30,2010-11-09 13:40:56+00:00,5111000.0,0.29,0.29,,0.29,,8302000.0,168233000.0,53423000.0,53423000.0,,53423000.0,,45418000.0,401042000.0,1651000.0,,68865000.0,61000.0,57254000.0,45418000.0,355624000.0,85000.0,4059000.0,299524000.0,56100000.0,5625000.0,61725000.0,401042000.0,184200000.0,182531000.0,186334000.0
Citrix Systems Inc,CTXS,HCTKJGUQOPZ5NBK7NP58,877890,2009.0,Q2YTD,2009-01-01,2009-06-30,,10157000.0,0.27,0.27,,0.27,,1521000.0,330719000.0,49446000.0,49446000.0,,49446000.0,,89277000.0,761886000.0,-712000.0,,146197000.0,22766000.0,118041000.0,89277000.0,672609000.0,158000.0,7108000.0,627880000.0,44729000.0,6238000.0,50967000.0,761886000.0,184900000.0,181567000.0,184740000.0
Citrix Systems Inc,CTXS,HCTKJGUQOPZ5NBK7NP58,877890,2009.0,Q2,2009-04-01,2009-06-30,2010-08-09 15:23:54+00:00,5163000.0,0.23,0.23,,0.23,,2276000.0,167130000.0,42519000.0,42519000.0,,42519000.0,,44061000.0,392828000.0,710000.0,,75160000.0,2036000.0,59552000.0,44061000.0,348767000.0,34000.0,4393000.0,309041000.0,39726000.0,5069000.0,44795000.0,392828000.0,184900000.0,181567000.0,184740000.0
Citrix Systems Inc,CTXS,HCTKJGUQOPZ5NBK7NP58,877890,2009.0,Q1,2009-01-01,2009-03-31,2010-05-05 15:10:47+00:00,4994000.0,0.04,0.04,,0.04,,-755000.0,163589000.0,6927000.0,6927000.0,,6927000.0,,45216000.0,369058000.0,-1422000.0,,71037000.0,20730000.0,58489000.0,45216000.0,323842000.0,124000.0,2715000.0,318839000.0,5003000.0,1169000.0,6172000.0,369058000.0,173200000.0,180347000.0,182373000.0
Citrix Systems Inc,CTXS,HCTKJGUQOPZ5NBK7NP58,877890,2010.0,Q3YTD,2010-01-01,2010-09-30,,11267000.0,0.99,0.99,,0.96,,35193000.0,531855000.0,182685000.0,182685000.0,,182685000.0,,160052000.0,1344938000.0,-523000.0,,244644000.0,922000.0,188828000.0,160052000.0,1184886000.0,,11031000.0,977516000.0,207370000.0,10508000.0,217878000.0,1344938000.0,186800000.0,186558000.0,191004000.0
Citrix Systems Inc,CTXS,HCTKJGUQOPZ5NBK7NP58,877890,2010.0,Q3TTM,2009-10-01,2010-09-30,,16971000.0,1.48,1.48,,1.43,,28245000.0,711956000.0,270833000.0,270833000.0,,270833000.0,,212667000.0,1796098000.0,-930000.0,,311562000.0,4568000.0,253156000.0,212667000.0,1583431000.0,-243000.0,14547000.0,1298213000.0,285218000.0,13860000.0,299078000.0,1796098000.0,186800000.0,186558000.0,191004000.0
Citrix Systems Inc,CTXS,HCTKJGUQOPZ5NBK7NP58,877890,2010.0,Q3,2010-07-01,2010-09-30,2011-11-07 16:22:16+00:00,3334000.0,0.47,0.47,,0.46,,-602000.0,174734000.0,87779000.0,87779000.0,,87779000.0,0.0,57798000.0,472233000.0,2062000.0,,87399000.0,87000.0,67404000.0,57798000.0,414435000.0,,3638000.0,332958000.0,81477000.0,5700000.0,87177000.0,472233000.0,186800000.0,186558000.0,191004000.0
Citrix Systems Inc,CTXS,HCTKJGUQOPZ5NBK7NP58,877890,2010.0,Q2YTD,2010-01-01,2010-06-30,,7933000.0,0.52,0.52,,0.5,,35795000.0,357121000.0,94906000.0,94906000.0,,94906000.0,,102254000.0,872705000.0,-2585000.0,,157245000.0,835000.0,121424000.0,102254000.0,770451000.0,,7393000.0,644558000.0,125893000.0,4808000.0,130701000.0,872705000.0,182900000.0,185256000.0,189278000.0
Citrix Systems Inc,CTXS,HCTKJGUQOPZ5NBK7NP58,877890,2010.0,Q2TTM,2009-07-01,2010-06-30,,18748000.0,1.3,1.3,,1.26,,37149000.0,705455000.0,236477000.0,236477000.0,,236477000.0,,200287000.0,1724907000.0,-1341000.0,,293028000.0,4542000.0,243006000.0,200287000.0,1524620000.0,-158000.0,14968000.0,1264779000.0,259841000.0,13785000.0,273626000.0,1724907000.0,182900000.0,185256000.0,189278000.0
Citrix Systems Inc,CTXS,HCTKJGUQOPZ5NBK7NP58,877890,2010.0,Q2,2010-04-01,2010-06-30,2011-08-08 14:34:55+00:00,3776000.0,0.26,0.26,,0.25,,27136000.0,186601000.0,47557000.0,47557000.0,,47557000.0,,53555000.0,458433000.0,-2962000.0,,79543000.0,335000.0,60805000.0,53555000.0,404878000.0,,3837000.0,331060000.0,73818000.0,875000.0,74693000.0,458433000.0,182900000.0,185256000.0,189278000.0
Citrix Systems Inc,CTXS,HCTKJGUQOPZ5NBK7NP58,877890,2010.0,Q1TTM,2009-04-01,2010-03-31,,20135000.0,1.27,1.27,,1.24,,12289000.0,685984000.0,231439000.0,231439000.0,,231439000.0,,190793000.0,1659302000.0,2331000.0,,288645000.0,6243000.0,241753000.0,190793000.0,1468509000.0,-124000.0,15524000.0,1242760000.0,225749000.0,17979000.0,243728000.0,1659302000.0,182100000.0,184018000.0,188842000.0
Citrix Systems Inc,CTXS,HCTKJGUQOPZ5NBK7NP58,877890,2010.0,Q1,2010-01-01,2010-03-31,2011-05-09 14:28:58+00:00,4157000.0,0.26,0.26,,0.25,,8659000.0,170520000.0,47349000.0,47349000.0,,47349000.0,0.0,48699000.0,414272000.0,377000.0,,77702000.0,500000.0,60619000.0,48699000.0,365573000.0,,3556000.0,313498000.0,52075000.0,3933000.0,56008000.0,414272000.0,182100000.0,184018000.0,188842000.0
Citrix Systems Inc,CTXS,HCTKJGUQOPZ5NBK7NP58,877890,2011.0,FY,2011-01-01,2011-12-31,2014-02-20 14:23:50+00:00,16390000.0,1.9,1.9,,1.87,,74867000.0,885066000.0,355630000.0,355630000.0,,356322000.0,-692000.0,293599000.0,2206392000.0,-288000.0,,380674000.0,24000.0,213673000.0,293599000.0,1912793000.0,,13819000.0,1495827000.0,416966000.0,13531000.0,430497000.0,2206392000.0,187500000.0,187315000.0,190641000.0
Citrix Systems Inc,CTXS,HCTKJGUQOPZ5NBK7NP58,877890,2012.0,Q4,2012-10-01,2012-12-31,,9050000.0,0.61,0.61,,0.6,,35207000.0,287097000.0,114029000.0,114029000.0,,114029000.0,,117368000.0,739996000.0,1940000.0,,122208000.0,,58852000.0,117368000.0,622628000.0,312000.0,2187000.0,477207000.0,145421000.0,3815000.0,149236000.0,739996000.0,186500000.0,186722000.0,189129000.0
Citrix Systems Inc,CTXS,HCTKJGUQOPZ5NBK7NP58,877890,2012.0,FY,2012-01-01,2012-12-31,2015-02-19 15:40:23+00:00,34549000.0,1.89,1.89,,1.86,,57682000.0,1060829000.0,352547000.0,352547000.0,,352547000.0,,404137000.0,2586123000.0,9611000.0,,450571000.0,0.0,245259000.0,404137000.0,2181986000.0,312000.0,10152000.0,1791208000.0,390778000.0,19451000.0,410229000.0,2586123000.0,186500000.0,186722000.0,189129000.0
Citrix Systems Inc,CTXS,HCTKJGUQOPZ5NBK7NP58,877890,2012.0,Q3,2012-07-01,2012-09-30,2013-11-05 14:33:01+00:00,9838000.0,0.42,0.42,,0.41,,12653000.0,263136000.0,78245000.0,78245000.0,,78245000.0,,106068000.0,641422000.0,6424000.0,,114713000.0,,65252000.0,106068000.0,535354000.0,,2059000.0,452939000.0,82415000.0,8483000.0,90898000.0,641422000.0,186300000.0,186864000.0,189671000.0
Citrix Systems Inc,CTXS,HCTKJGUQOPZ5NBK7NP58,877890,2012.0,Q3YTD,2012-01-01,2012-09-30,,25499000.0,1.28,1.28,,1.26,,22475000.0,773732000.0,238518000.0,238518000.0,,238518000.0,,286769000.0,1846127000.0,7671000.0,,328363000.0,,186407000.0,286769000.0,1559358000.0,,7965000.0,1314001000.0,245357000.0,15636000.0,260993000.0,1846127000.0,186300000.0,186864000.0,189671000.0
Citrix Systems Inc,CTXS,HCTKJGUQOPZ5NBK7NP58,877890,2012.0,Q2,2012-04-01,2012-06-30,2013-08-06 14:40:47+00:00,5194000.0,0.49,0.49,,0.49,,-6461000.0,262139000.0,92006000.0,92006000.0,,92006000.0,,94358000.0,615210000.0,525000.0,,110028000.0,,61299000.0,94358000.0,520852000.0,,2828000.0,438660000.0,82192000.0,3353000.0,85545000.0,615210000.0,187800000.0,186372000.0,189279000.0
Citrix Systems Inc,CTXS,HCTKJGUQOPZ5NBK7NP58,877890,2012.0,Q2YTD,2012-01-01,2012-06-30,,15661000.0,0.86,0.86,,0.85,,9822000.0,510596000.0,160273000.0,160273000.0,,160273000.0,,180701000.0,1204705000.0,1247000.0,,213650000.0,,121155000.0,180701000.0,1024004000.0,,5906000.0,861062000.0,162942000.0,7153000.0,170095000.0,1204705000.0,187800000.0,186372000.0,189279000.0
Citrix Systems Inc,CTXS,HCTKJGUQOPZ5NBK7NP58,877890,2012.0,Q1,2012-01-01,2012-03-31,2013-05-07 13:56:05+00:00,10467000.0,0.37,0.37,,0.36,,16283000.0,248457000.0,68267000.0,68267000.0,,68267000.0,,86343000.0,589495000.0,722000.0,,103622000.0,,59856000.0,86343000.0,503152000.0,,3078000.0,422402000.0,80750000.0,3800000.0,84550000.0,589495000.0,184500000.0,185730000.0,188884000.0
Citrix Systems Inc,CTXS,HCTKJGUQOPZ5NBK7NP58,877890,2013.0,FY,2013-01-01,2013-12-31,2016-02-18 14:13:18+00:00,41668000.0,1.82,1.82,,1.8,,48367000.0,1216680000.0,339523000.0,339523000.0,,339523000.0,,502795000.0,2918434000.0,-893000.0,,516338000.0,0.0,260236000.0,502795000.0,2415639000.0,128000.0,8194000.0,2034922000.0,380717000.0,7173000.0,387890000.0,2918434000.0,186600000.0,186672000.0,188245000.0
Citrix Systems Inc,CTXS,HCTKJGUQOPZ5NBK7NP58,877890,2013.0,Q4,2013-10-01,2013-12-31,,10346000.0,0.75,0.75,,0.73,,23374000.0,301486000.0,138644000.0,138644000.0,,138644000.0,,136708000.0,802420000.0,-928000.0,,126498000.0,,66528000.0,136708000.0,665712000.0,40000.0,2132000.0,504858000.0,160854000.0,1164000.0,162018000.0,802420000.0,186600000.0,186672000.0,188245000.0
Citrix Systems Inc,CTXS,HCTKJGUQOPZ5NBK7NP58,877890,2013.0,Q3YTD,2013-01-01,2013-09-30,,31322000.0,1.07,1.07,,1.07,,24993000.0,915194000.0,200879000.0,200879000.0,,200879000.0,,366087000.0,2116014000.0,35000.0,,389840000.0,,193708000.0,366087000.0,1749927000.0,88000.0,6062000.0,1530064000.0,219863000.0,6009000.0,225872000.0,2116014000.0,187100000.0,187459000.0,188980000.0
Citrix Systems Inc,CTXS,HCTKJGUQOPZ5NBK7NP58,877890,2013.0,Q3TTM,2012-10-01,2013-09-30,,40372000.0,1.68,1.68,,1.67,,60200000.0,1202291000.0,314908000.0,314908000.0,,314908000.0,,483455000.0,2856010000.0,1975000.0,,512048000.0,,252560000.0,483455000.0,2372555000.0,400000.0,8249000.0,2007271000.0,365284000.0,9824000.0,375108000.0,2856010000.0,187100000.0,187459000.0,188980000.0
Citrix Systems Inc,CTXS,HCTKJGUQOPZ5NBK7NP58,877890,2013.0,Q3,2013-07-01,2013-09-30,2014-11-04 16:52:25+00:00,10386000.0,0.41,0.41,,0.41,,14075000.0,300416000.0,76730000.0,76730000.0,,76730000.0,,123933000.0,712731000.0,1400000.0,,127049000.0,0.0,63580000.0,123933000.0,588798000.0,41000.0,2079000.0,501431000.0,87367000.0,3438000.0,90805000.0,712731000.0,187100000.0,187459000.0,188980000.0
Citrix Systems Inc,CTXS,HCTKJGUQOPZ5NBK7NP58,877890,2013.0,Q2YTD,2013-01-01,2013-06-30,,20936000.0,0.66,0.66,,0.66,,10918000.0,614778000.0,124149000.0,124149000.0,,124149000.0,,242154000.0,1403283000.0,-1365000.0,,262791000.0,,130128000.0,242154000.0,1161129000.0,47000.0,3983000.0,1028633000.0,132496000.0,2571000.0,135067000.0,1403283000.0,189600000.0,187229000.0,188486000.0
Citrix Systems Inc,CTXS,HCTKJGUQOPZ5NBK7NP58,877890,2013.0,Q2TTM,2012-07-01,2013-06-30,,39824000.0,1.69,1.69,,1.67,,58778000.0,1165011000.0,316423000.0,316423000.0,,316423000.0,,465590000.0,2784701000.0,6999000.0,,499712000.0,,254232000.0,465590000.0,2319111000.0,359000.0,8229000.0,1958779000.0,360332000.0,14869000.0,375201000.0,2784701000.0,189600000.0,187229000.0,188486000.0
Citrix Systems Inc,CTXS,HCTKJGUQOPZ5NBK7NP58,877890,2013.0,Q2,2013-04-01,2013-06-30,2014-08-05 13:32:14+00:00,10518000.0,0.34,0.34,,0.34,,12802000.0,317096000.0,64461000.0,64461000.0,,64461000.0,,127240000.0,730384000.0,-599000.0,,132299000.0,0.0,67343000.0,127240000.0,603144000.0,47000.0,2021000.0,527256000.0,75888000.0,1375000.0,77263000.0,730384000.0,189600000.0,187229000.0,188486000.0
Citrix Systems Inc,CTXS,HCTKJGUQOPZ5NBK7NP58,877890,2013.0,Q1TTM,2012-04-01,2013-03-31,,34500000.0,1.84,1.84,,1.82,,39515000.0,1110054000.0,343968000.0,343968000.0,,343968000.0,,432708000.0,2669527000.0,8123000.0,,477441000.0,,248188000.0,432708000.0,2236819000.0,312000.0,9036000.0,1870183000.0,366636000.0,16847000.0,383483000.0,2669527000.0,186500000.0,186658000.0,189011000.0
Citrix Systems Inc,CTXS,HCTKJGUQOPZ5NBK7NP58,877890,2013.0,Q1,2013-01-01,2013-03-31,2014-05-06 16:04:23+00:00,10418000.0,0.32,0.32,,0.32,,-1884000.0,297682000.0,59688000.0,59688000.0,,59688000.0,,114914000.0,672899000.0,-766000.0,,130492000.0,0.0,62785000.0,114914000.0,557985000.0,,1962000.0,501377000.0,56608000.0,1196000.0,57804000.0,672899000.0,186500000.0,186658000.0,189011000.0
Citrix Systems Inc,CTXS,HCTKJGUQOPZ5NBK7NP58,877890,2014.0,FY,2014-01-01,2014-12-31,2017-02-16 15:20:26+00:00,39577000.0,1.48,1.48,,1.47,6321000.0,23983000.0,1280265000.0,251723000.0,251723000.0,,251723000.0,,620219000.0,3142856000.0,-7694000.0,0.0,553817000.0,20424000.0,319922000.0,620219000.0,2522637000.0,28332000.0,9421000.0,2220326000.0,302311000.0,-26605000.0,275706000.0,3142856000.0,170100000.0,169879000.0,171270000.0
Citrix Systems Inc,CTXS,HCTKJGUQOPZ5NBK7NP58,877890,2014.0,Q4,2014-10-01,2014-12-31,,6722000.0,0.56,0.56,,0.56,6321000.0,12473000.0,323978000.0,95228000.0,95228000.0,,95228000.0,,174652000.0,851483000.0,-1692000.0,,141947000.0,3139000.0,77316000.0,174652000.0,676831000.0,10731000.0,2716000.0,559423000.0,117408000.0,-9707000.0,107701000.0,851483000.0,170100000.0,169879000.0,171270000.0
Citrix Systems Inc,CTXS,HCTKJGUQOPZ5NBK7NP58,877890,2014.0,Q3,2014-07-01,2014-09-30,2015-11-04 10:42:53+00:00,9956000.0,0.29,0.29,,0.29,,690000.0,318252000.0,47532000.0,47532000.0,,47532000.0,,135985000.0,758994000.0,-2235000.0,,137877000.0,3124000.0,95203000.0,135985000.0,623009000.0,10551000.0,2411000.0,564412000.0,58597000.0,-10375000.0,48222000.0,758994000.0,163900000.0,164229000.0,165713000.0
Citrix Systems Inc,CTXS,HCTKJGUQOPZ5NBK7NP58,877890,2014.0,Q3YTD,2014-01-01,2014-09-30,,32855000.0,0.95,0.95,,0.95,,11510000.0,956287000.0,156495000.0,156495000.0,,156495000.0,,445567000.0,2291373000.0,-6002000.0,,411870000.0,17285000.0,242606000.0,445567000.0,1845806000.0,17601000.0,6705000.0,1660903000.0,184903000.0,-16898000.0,168005000.0,2291373000.0,163900000.0,164229000.0,165713000.0
Citrix Systems Inc,CTXS,HCTKJGUQOPZ5NBK7NP58,877890,2014.0,Q3TTM,2013-10-01,2014-09-30,,43201000.0,1.8,1.8,,1.8,,34884000.0,1257773000.0,295139000.0,295139000.0,,295139000.0,,582275000.0,3093793000.0,-6930000.0,,538368000.0,17285000.0,309134000.0,582275000.0,2511518000.0,17641000.0,8837000.0,2165761000.0,345757000.0,-15734000.0,330023000.0,3093793000.0,163900000.0,164229000.0,165713000.0
Citrix Systems Inc,CTXS,HCTKJGUQOPZ5NBK7NP58,877890,2014.0,Q2YTD,2014-01-01,2014-06-30,,22899000.0,0.64,0.64,,0.64,,10820000.0,638035000.0,108963000.0,108963000.0,,108963000.0,,309582000.0,1532379000.0,-3767000.0,,273993000.0,14161000.0,147403000.0,309582000.0,1222797000.0,7050000.0,4294000.0,1096491000.0,126306000.0,-6523000.0,119783000.0,1532379000.0,171000000.0,169973000.0,170891000.0
Citrix Systems Inc,CTXS,HCTKJGUQOPZ5NBK7NP58,877890,2014.0,Q2TTM,2013-07-01,2014-06-30,,43631000.0,1.91,1.91,,1.91,,48269000.0,1239937000.0,324337000.0,324337000.0,,324337000.0,,570223000.0,3047530000.0,-3295000.0,,527540000.0,14161000.0,277511000.0,570223000.0,2477307000.0,7131000.0,8505000.0,2102780000.0,374527000.0,-1921000.0,372606000.0,3047530000.0,171000000.0,169973000.0,170891000.0
Citrix Systems Inc,CTXS,HCTKJGUQOPZ5NBK7NP58,877890,2014.0,Q2,2014-04-01,2014-06-30,2015-08-07 15:49:19+00:00,10445000.0,0.31,0.31,,0.31,,-1996000.0,321539000.0,53024000.0,53024000.0,,53024000.0,,175256000.0,781560000.0,1452000.0,,140375000.0,4511000.0,75015000.0,175256000.0,606304000.0,6984000.0,2141000.0,551885000.0,54419000.0,-3391000.0,51028000.0,781560000.0,171000000.0,169973000.0,170891000.0
Citrix Systems Inc,CTXS,HCTKJGUQOPZ5NBK7NP58,877890,2014.0,Q1TTM,2013-04-01,2014-03-31,,43704000.0,1.82,1.82,,1.82,,63067000.0,1235494000.0,335774000.0,335774000.0,,335774000.0,,522207000.0,2996354000.0,-5346000.0,,519464000.0,9650000.0,269839000.0,522207000.0,2474147000.0,194000.0,8385000.0,2078151000.0,395996000.0,2845000.0,398841000.0,2996354000.0,186500000.0,183997000.0,185681000.0
Citrix Systems Inc,CTXS,HCTKJGUQOPZ5NBK7NP58,877890,2014.0,Q1,2014-01-01,2014-03-31,2015-05-08 13:30:48+00:00,12454000.0,0.3,0.3,,0.3,,12816000.0,316496000.0,55939000.0,55939000.0,,55939000.0,,134326000.0,750819000.0,-5219000.0,,133618000.0,9650000.0,72388000.0,134326000.0,616493000.0,66000.0,2153000.0,544606000.0,71887000.0,-3132000.0,68755000.0,750819000.0,186500000.0,183997000.0,185681000.0
Citrix Systems Inc,CTXS,HCTKJGUQOPZ5NBK7NP58,877890,2015.0,FY,2015-01-01,2015-12-31,2018-02-16 10:57:07+00:00,30341000.0,2.01,2.01,,1.99,67137000.0,-50549000.0,1005802000.0,319361000.0,215133000.0,104228000.0,319361000.0,,474040000.0,2646154000.0,-5730000.0,,480957000.0,98661000.0,286424000.0,474040000.0,2172114000.0,44153000.0,11675000.0,1969322000.0,202792000.0,-38208000.0,164584000.0,2646154000.0,158900000.0,158874000.0,160362000.0
Citrix Systems Inc,CTXS,HCTKJGUQOPZ5NBK7NP58,877890,2015.0,Q3,2015-07-01,2015-09-30,2016-11-04 13:53:49+00:00,12534000.0,0.35,0.35,,0.35,64404000.0,-2567000.0,293587000.0,55925000.0,55925000.0,,55925000.0,,146254000.0,813270000.0,-2369000.0,0.0,139128000.0,13766000.0,79799000.0,146254000.0,667016000.0,11075000.0,3004000.0,603218000.0,63798000.0,-10440000.0,53358000.0,813270000.0,159800000.0,160359000.0,161777000.0
Citrix Systems Inc,CTXS,HCTKJGUQOPZ5NBK7NP58,877890,2015.0,Q3YTD,2015-01-01,2015-09-30,,32967000.0,1.17,1.17,,1.17,64404000.0,11595000.0,896250000.0,188087000.0,188087000.0,,188087000.0,,411236000.0,2370831000.0,-13480000.0,,423972000.0,62251000.0,241697000.0,411611000.0,1959220000.0,33196000.0,8679000.0,1721541000.0,237679000.0,-37997000.0,199682000.0,2370831000.0,159800000.0,160359000.0,161777000.0
Citrix Systems Inc,CTXS,HCTKJGUQOPZ5NBK7NP58,877890,2015.0,Q3TTM,2014-10-01,2015-09-30,,39689000.0,1.77,1.77,,1.77,70725000.0,24068000.0,1220228000.0,283315000.0,283315000.0,,283315000.0,,585888000.0,3222314000.0,-15172000.0,,565919000.0,65390000.0,319013000.0,586263000.0,2636051000.0,43927000.0,11395000.0,2280964000.0,355087000.0,-47704000.0,307383000.0,3222314000.0,159800000.0,160359000.0,161777000.0
Citrix Systems Inc,CTXS,HCTKJGUQOPZ5NBK7NP58,877890,2015.0,Q2,2015-04-01,2015-06-30,2016-08-05 17:03:48+00:00,10992000.0,0.64,0.64,,0.64,,7452000.0,296258000.0,103275000.0,103275000.0,,103275000.0,,132751000.0,796759000.0,-3262000.0,0.0,140203000.0,14534000.0,79872000.0,132751000.0,664008000.0,11001000.0,2841000.0,541859000.0,122149000.0,-11422000.0,110727000.0,796759000.0,161400000.0,161085000.0,162027000.0
Citrix Systems Inc,CTXS,HCTKJGUQOPZ5NBK7NP58,877890,2015.0,Q2YTD,2015-01-01,2015-06-30,,20433000.0,0.82,0.82,,0.82,,14162000.0,602663000.0,132162000.0,132162000.0,,132162000.0,,264982000.0,1557561000.0,-11111000.0,,284844000.0,48485000.0,161898000.0,265357000.0,1292204000.0,22121000.0,5675000.0,1118323000.0,173881000.0,-27557000.0,146324000.0,1557561000.0,161400000.0,161085000.0,162027000.0
Citrix Systems Inc,CTXS,HCTKJGUQOPZ5NBK7NP58,877890,2015.0,Q2TTM,2014-07-01,2015-06-30,,37111000.0,1.71,1.71,,1.71,6321000.0,27325000.0,1244893000.0,274922000.0,274922000.0,,274922000.0,,575619000.0,3168038000.0,-15038000.0,,564668000.0,54748000.0,334417000.0,575994000.0,2592044000.0,43403000.0,10802000.0,2242158000.0,349886000.0,-47639000.0,302247000.0,3168038000.0,161400000.0,161085000.0,162027000.0
Citrix Systems Inc,CTXS,HCTKJGUQOPZ5NBK7NP58,877890,2015.0,Q1,2015-01-01,2015-03-31,2016-05-06 10:38:39+00:00,9441000.0,0.18,0.18,,0.18,,6710000.0,306405000.0,28887000.0,28887000.0,,28887000.0,,132231000.0,760802000.0,-7849000.0,0.0,144641000.0,33951000.0,82026000.0,132606000.0,628196000.0,11120000.0,2834000.0,576464000.0,51732000.0,-16135000.0,35597000.0,760802000.0,160500000.0,160323000.0,162036000.0
Citrix Systems Inc,CTXS,HCTKJGUQOPZ5NBK7NP58,877890,2015.0,Q1TTM,2014-04-01,2015-03-31,,36564000.0,1.4,1.4,,1.4,6321000.0,17877000.0,1270174000.0,224671000.0,224671000.0,,224671000.0,,618124000.0,3152839000.0,-10324000.0,,564840000.0,44725000.0,329560000.0,618499000.0,2534340000.0,39386000.0,10102000.0,2252184000.0,282156000.0,-39608000.0,242548000.0,3152839000.0,160500000.0,160323000.0,162036000.0
Citrix Systems Inc,CTXS,HCTKJGUQOPZ5NBK7NP58,877890,2016.0,FY,2016-01-01,2016-12-31,2019-02-15 10:41:47+00:00,15076000.0,3.46,3.46,,3.41,,57915000.0,976339000.0,536112000.0,469855000.0,66257000.0,536112000.0,,404889000.0,2736080000.0,-4131000.0,,395373000.0,67401000.0,316838000.0,404889000.0,2331191000.0,44949000.0,16686000.0,1771027000.0,560164000.0,-32394000.0,527770000.0,2736080000.0,154900000.0,155134000.0,157084000.0
Citrix Systems Inc,CTXS,HCTKJGUQOPZ5NBK7NP58,877890,2016.0,Q4,2016-10-01,2016-12-31,,3627000.0,1.29,1.29,,1.29,,13653000.0,251996000.0,199850000.0,178575000.0,21275000.0,199850000.0,,99716000.0,734584000.0,-3350000.0,-456000.0,90749000.0,6089000.0,80519000.0,99716000.0,634868000.0,11344000.0,4578000.0,432524000.0,202344000.0,-10116000.0,192228000.0,734584000.0,154900000.0,155134000.0,157084000.0
Citrix Systems Inc,CTXS,HCTKJGUQOPZ5NBK7NP58,877890,2016.0,Q3,2016-07-01,2016-09-30,2017-11-02 13:17:26+00:00,3907000.0,0.85,0.85,,0.84,,10325000.0,244495000.0,131901000.0,111737000.0,20164000.0,131901000.0,,98171000.0,668736000.0,494000.0,,101741000.0,12176000.0,79617000.0,98171000.0,570565000.0,11254000.0,4193000.0,441936000.0,128629000.0,-6567000.0,122062000.0,668736000.0,155200000.0,155525000.0,157532000.0
Citrix Systems Inc,CTXS,HCTKJGUQOPZ5NBK7NP58,877890,2016.0,Q3YTD,2016-01-01,2016-09-30,,11449000.0,2.16,2.16,,2.16,,44262000.0,724343000.0,336262000.0,291280000.0,44982000.0,336262000.0,,305173000.0,2001496000.0,-781000.0,456000.0,304624000.0,61312000.0,236319000.0,305173000.0,1696323000.0,33605000.0,12108000.0,1338503000.0,357820000.0,-22278000.0,335542000.0,2001496000.0,155200000.0,155525000.0,157532000.0
Citrix Systems Inc,CTXS,HCTKJGUQOPZ5NBK7NP58,877890,2016.0,Q3TTM,2015-10-01,2016-09-30,,8823000.0,3.01,3.01,,3.01,2733000.0,-17882000.0,833895000.0,467536000.0,318326000.0,149210000.0,467536000.0,,367977000.0,2276819000.0,6969000.0,456000.0,361609000.0,97722000.0,281046000.0,367602000.0,1909217000.0,44562000.0,15104000.0,1586284000.0,322933000.0,-22489000.0,300444000.0,2276819000.0,155200000.0,155525000.0,157532000.0
Citrix Systems Inc,CTXS,HCTKJGUQOPZ5NBK7NP58,877890,2016.0,Q2,2016-04-01,2016-06-30,2017-08-04 16:13:17+00:00,3822000.0,0.78,0.78,,0.77,,20346000.0,245921000.0,120898000.0,106289000.0,14609000.0,120898000.0,,107191000.0,673987000.0,-272000.0,,100651000.0,3580000.0,78883000.0,107191000.0,566796000.0,11196000.0,4164000.0,432857000.0,133939000.0,-7304000.0,126635000.0,673987000.0,155000000.0,154998000.0,156666000.0
Citrix Systems Inc,CTXS,HCTKJGUQOPZ5NBK7NP58,877890,2016.0,Q2YTD,2016-01-01,2016-06-30,,7542000.0,1.32,1.32,,1.32,,33937000.0,479848000.0,204361000.0,179543000.0,24818000.0,204361000.0,,207002000.0,1332760000.0,-1275000.0,456000.0,202883000.0,49136000.0,156702000.0,207002000.0,1125758000.0,22351000.0,7915000.0,896567000.0,229191000.0,-15711000.0,213480000.0,1332760000.0,155000000.0,154998000.0,156666000.0
Citrix Systems Inc,CTXS,HCTKJGUQOPZ5NBK7NP58,877890,2016.0,Q2TTM,2015-07-01,2016-06-30,,17450000.0,2.53,2.53,,2.53,67137000.0,-30774000.0,882987000.0,391560000.0,262514000.0,129046000.0,391560000.0,,416060000.0,2421353000.0,4106000.0,456000.0,398996000.0,99312000.0,281228000.0,415685000.0,2005668000.0,44383000.0,13915000.0,1747566000.0,258102000.0,-26362000.0,231740000.0,2421353000.0,155000000.0,154998000.0,156666000.0
Citrix Systems Inc,CTXS,HCTKJGUQOPZ5NBK7NP58,877890,2016.0,Q1,2016-01-01,2016-03-31,2017-05-08 14:52:36+00:00,3720000.0,0.54,0.54,,0.54,,13591000.0,233927000.0,83463000.0,73254000.0,10209000.0,83463000.0,,99811000.0,658773000.0,-1003000.0,456000.0,102232000.0,45556000.0,77819000.0,99811000.0,558962000.0,11155000.0,3751000.0,463710000.0,95252000.0,-8407000.0,86845000.0,658773000.0,154600000.0,154067000.0,155945000.0
Citrix Systems Inc,CTXS,HCTKJGUQOPZ5NBK7NP58,877890,2016.0,Q1TTM,2015-04-01,2016-03-31,,24620000.0,2.43,2.43,,2.43,67137000.0,-43668000.0,933324000.0,373937000.0,259500000.0,114437000.0,373937000.0,,441620000.0,2544125000.0,1116000.0,456000.0,438548000.0,110266000.0,282217000.0,441245000.0,2102880000.0,44188000.0,12592000.0,1856568000.0,246312000.0,-30480000.0,215832000.0,2544125000.0,154600000.0,154067000.0,155945000.0
Citrix Systems Inc,CTXS,HCTKJGUQOPZ5NBK7NP58,877890,2017.0,FY,2017-01-01,2017-12-31,2020-02-14 11:47:15+00:00,17190000.0,-0.13,-0.13,,-0.13,,528361000.0,1006112000.0,-20719000.0,21985000.0,-42704000.0,-20719000.0,,439646000.0,2824686000.0,3150000.0,,415801000.0,72375000.0,302565000.0,439646000.0,2385040000.0,51609000.0,27808000.0,1814043000.0,570997000.0,-20651000.0,550346000.0,2824686000.0,159400000.0,150779000.0,155503000.0
Citrix Systems Inc,CTXS,HCTKJGUQOPZ5NBK7NP58,877890,2017.0,Q4,2017-10-01,2017-12-31,,6119000.0,-1.88,-1.88,,-1.88,,466012000.0,241548000.0,-283889000.0,-283889000.0,,-283889000.0,,121939000.0,777857000.0,-16000.0,,99323000.0,53697000.0,65532000.0,121939000.0,655918000.0,16323000.0,8763000.0,466219000.0,189699000.0,-7576000.0,182123000.0,777857000.0,159400000.0,150779000.0,155503000.0
Citrix Systems Inc,CTXS,HCTKJGUQOPZ5NBK7NP58,877890,2017.0,Q3,2017-07-01,2017-09-30,2018-11-05 17:11:29+00:00,3733000.0,0.84,0.84,,0.82,,7121000.0,249499000.0,126720000.0,126720000.0,0.0,126720000.0,,105937000.0,690925000.0,981000.0,,107113000.0,8552000.0,79378000.0,105937000.0,584988000.0,11726000.0,7873000.0,448275000.0,136713000.0,-2872000.0,133841000.0,690925000.0,150900000.0,151156000.0,154627000.0
Citrix Systems Inc,CTXS,HCTKJGUQOPZ5NBK7NP58,877890,2017.0,Q3YTD,2017-01-01,2017-09-30,,11071000.0,1.74,1.74,,1.74,,62349000.0,764564000.0,263170000.0,305874000.0,-42704000.0,263170000.0,,317707000.0,2046829000.0,3166000.0,,316478000.0,18678000.0,237033000.0,317707000.0,1729122000.0,35286000.0,19045000.0,1347824000.0,381298000.0,-13075000.0,368223000.0,2046829000.0,150900000.0,151156000.0,154627000.0
Citrix Systems Inc,CTXS,HCTKJGUQOPZ5NBK7NP58,877890,2017.0,Q3TTM,2016-10-01,2017-09-30,,14698000.0,3.06,3.06,,3.06,,76002000.0,1016560000.0,463020000.0,484449000.0,-21429000.0,463020000.0,,417423000.0,2781413000.0,-184000.0,-456000.0,407227000.0,24767000.0,317552000.0,417423000.0,2363990000.0,46630000.0,23623000.0,1780348000.0,583642000.0,-23191000.0,560451000.0,2781413000.0,150900000.0,151156000.0,154627000.0
Citrix Systems Inc,CTXS,HCTKJGUQOPZ5NBK7NP58,877890,2017.0,Q2,2017-04-01,2017-06-30,2018-08-03 10:04:14+00:00,3692000.0,0.72,0.72,,0.7,,5524000.0,268300000.0,108829000.0,108829000.0,0.0,108829000.0,,109312000.0,693227000.0,-1141000.0,,106696000.0,2140000.0,81146000.0,109312000.0,583915000.0,12007000.0,5560000.0,461974000.0,121941000.0,-7588000.0,114353000.0,693227000.0,151200000.0,151212000.0,156036000.0
Citrix Systems Inc,CTXS,HCTKJGUQOPZ5NBK7NP58,877890,2017.0,Q2YTD,2017-01-01,2017-06-30,,7338000.0,0.9,0.9,,0.9,,55228000.0,515065000.0,136450000.0,179154000.0,-42704000.0,136450000.0,,211770000.0,1355904000.0,2185000.0,,209365000.0,10126000.0,157655000.0,211770000.0,1144134000.0,23560000.0,11172000.0,899549000.0,244585000.0,-10203000.0,234382000.0,1355904000.0,151200000.0,151212000.0,156036000.0
Citrix Systems Inc,CTXS,HCTKJGUQOPZ5NBK7NP58,877890,2017.0,Q2TTM,2016-07-01,2017-06-30,,14872000.0,3.1,3.1,,3.1,,79206000.0,1011556000.0,468201000.0,469466000.0,-1265000.0,468201000.0,,409657000.0,2759224000.0,-671000.0,-456000.0,401855000.0,28391000.0,317791000.0,409657000.0,2349567000.0,46158000.0,19943000.0,1774009000.0,575558000.0,-26886000.0,548672000.0,2759224000.0,151200000.0,151212000.0,156036000.0
Citrix Systems Inc,CTXS,HCTKJGUQOPZ5NBK7NP58,877890,2017.0,Q1,2017-01-01,2017-03-31,2018-05-04 09:46:29+00:00,3646000.0,0.18,0.18,,0.17,,49704000.0,246765000.0,27621000.0,70325000.0,-42704000.0,27621000.0,,102458000.0,662677000.0,3326000.0,,102669000.0,7986000.0,76509000.0,102458000.0,560219000.0,11553000.0,5612000.0,437575000.0,122644000.0,-2615000.0,120029000.0,662677000.0,153500000.0,153247000.0,158369000.0
Citrix Systems Inc,CTXS,HCTKJGUQOPZ5NBK7NP58,877890,2017.0,Q1TTM,2016-04-01,2017-03-31,,15002000.0,3.13,3.13,,3.13,,94028000.0,989177000.0,480270000.0,466926000.0,13344000.0,480270000.0,,407536000.0,2739984000.0,198000.0,-456000.0,395810000.0,29831000.0,315528000.0,407536000.0,2332448000.0,45347000.0,18547000.0,1744892000.0,587556000.0,-26602000.0,560954000.0,2739984000.0,153500000.0,153247000.0,158369000.0
Citrix Systems Inc,CTXS,HCTKJGUQOPZ5NBK7NP58,877890,2018.0,FY,2018-01-01,2018-12-31,2020-02-14 11:47:15+00:00,15854000.0,4.23,4.23,,3.94,,53788000.0,1074234000.0,575667000.0,575667000.0,0.0,575667000.0,,433803000.0,2973903000.0,-8373000.0,,439984000.0,16725000.0,315343000.0,433803000.0,2540100000.0,80162000.0,40030000.0,1862140000.0,677960000.0,-48505000.0,629455000.0,2973903000.0,136100000.0,136030000.0,145934000.0
Citrix Systems Inc,CTXS,HCTKJGUQOPZ5NBK7NP58,877890,2018.0,Q4,2018-10-01,2018-12-31,,4106000.0,1.22,1.22,0.34,1.22,,21906000.0,273729000.0,165718000.0,165718000.0,,165718000.0,,112851000.0,801870000.0,-6526000.0,,116934000.0,3587000.0,88192000.0,112851000.0,689019000.0,19322000.0,11001000.0,486548000.0,202471000.0,-14847000.0,187624000.0,801870000.0,136100000.0,136030000.0,145934000.0
Citrix Systems Inc,CTXS,HCTKJGUQOPZ5NBK7NP58,877890,2018.0,Q3,2018-07-01,2018-09-30,2018-11-05 17:11:29+00:00,4063000.0,1.18,1.18,,1.08,,558000.0,262562000.0,158857000.0,158857000.0,0.0,158857000.0,,103917000.0,732476000.0,3702000.0,,111557000.0,-486000.0,86084000.0,103917000.0,628559000.0,19962000.0,10896000.0,463780000.0,164779000.0,-5364000.0,159415000.0,732476000.0,134600000.0,135055000.0,147568000.0
Citrix Systems Inc,CTXS,HCTKJGUQOPZ5NBK7NP58,877890,2018.0,Q3YTD,2018-01-01,2018-09-30,,11748000.0,3.04,3.04,,3.04,,31882000.0,800505000.0,409949000.0,409949000.0,,409949000.0,,320952000.0,2172033000.0,-1847000.0,,323050000.0,13138000.0,227151000.0,320952000.0,1851081000.0,60840000.0,29029000.0,1375592000.0,475489000.0,-33658000.0,441831000.0,2172033000.0,134600000.0,135055000.0,147568000.0
Citrix Systems Inc,CTXS,HCTKJGUQOPZ5NBK7NP58,877890,2018.0,Q3TTM,2017-10-01,2018-09-30,,17867000.0,0.93,0.93,,0.93,,497894000.0,1042053000.0,126060000.0,126060000.0,,126060000.0,,442891000.0,2949890000.0,-1863000.0,,422373000.0,66835000.0,292683000.0,442891000.0,2506999000.0,77163000.0,37792000.0,1841811000.0,665188000.0,-41234000.0,623954000.0,2949890000.0,134600000.0,135055000.0,147568000.0
Citrix Systems Inc,CTXS,HCTKJGUQOPZ5NBK7NP58,877890,2018.0,Q2,2018-04-01,2018-06-30,2019-08-06 15:27:10+00:00,4019000.0,0.79,0.79,,0.73,,24637000.0,286730000.0,106833000.0,106833000.0,,106833000.0,,108749000.0,742365000.0,-2537000.0,,112943000.0,7437000.0,77340000.0,108749000.0,633616000.0,20542000.0,9402000.0,488469000.0,145147000.0,-13677000.0,131470000.0,742365000.0,135200000.0,135993000.0,145447000.0
Citrix Systems Inc,CTXS,HCTKJGUQOPZ5NBK7NP58,877890,2018.0,Q2YTD,2018-01-01,2018-06-30,,7685000.0,1.85,1.85,,1.85,,31324000.0,537943000.0,251092000.0,251092000.0,,251092000.0,,217035000.0,1439557000.0,-5549000.0,,211493000.0,13624000.0,141067000.0,217035000.0,1222522000.0,40878000.0,18133000.0,911812000.0,310710000.0,-28294000.0,282416000.0,1439557000.0,135200000.0,135993000.0,145447000.0
Citrix Systems Inc,CTXS,HCTKJGUQOPZ5NBK7NP58,877890,2018.0,Q2TTM,2017-07-01,2018-06-30,,17537000.0,0.69,0.69,,0.69,,504457000.0,1028990000.0,93923000.0,93923000.0,,93923000.0,,444911000.0,2908339000.0,-4584000.0,,417929000.0,75873000.0,285977000.0,444911000.0,2463428000.0,68927000.0,34769000.0,1826306000.0,637122000.0,-38742000.0,598380000.0,2908339000.0,135200000.0,135993000.0,145447000.0
Citrix Systems Inc,CTXS,HCTKJGUQOPZ5NBK7NP58,877890,2018.0,Q1,2018-01-01,2018-03-31,2019-05-10 16:39:55+00:00,3666000.0,1.04,1.04,,0.99,,6687000.0,251213000.0,144259000.0,144259000.0,,144259000.0,,108286000.0,697192000.0,-3012000.0,,98550000.0,6187000.0,63727000.0,108286000.0,588906000.0,20336000.0,8731000.0,423343000.0,165563000.0,-14617000.0,150946000.0,697192000.0,138700000.0,139248000.0,146388000.0
Citrix Systems Inc,CTXS,HCTKJGUQOPZ5NBK7NP58,877890,2018.0,Q1TTM,2017-04-01,2018-03-31,,17210000.0,0.69,0.69,,0.69,,485344000.0,1010560000.0,95919000.0,95919000.0,,95919000.0,,445474000.0,2859201000.0,-3188000.0,,411682000.0,70576000.0,289783000.0,445474000.0,2413727000.0,60392000.0,30927000.0,1799811000.0,613916000.0,-32653000.0,581263000.0,2859201000.0,138700000.0,139248000.0,146388000.0
Citrix Systems Inc,CTXS,HCTKJGUQOPZ5NBK7NP58,877890,2019.0,Q4,2019-10-01,2019-12-31,,4219000.0,1.58,1.58,,1.51,,-31154000.0,284998000.0,207113000.0,207113000.0,,207113000.0,,119177000.0,809823000.0,-2659000.0,,128165000.0,6225000.0,81678000.0,119177000.0,690646000.0,8830000.0,2087000.0,505285000.0,185361000.0,-9402000.0,175959000.0,809823000.0,130900000.0,130853000.0,135495000.0
Citrix Systems Inc,CTXS,HCTKJGUQOPZ5NBK7NP58,877890,2019.0,FY,2019-01-01,2019-12-31,2020-02-14 11:47:15+00:00,15890000.0,5.21,5.21,,5.03,,-172313000.0,1132956000.0,681813000.0,681813000.0,0.0,681813000.0,,464047000.0,3010564000.0,1076000.0,,518877000.0,22247000.0,320429000.0,464047000.0,2546517000.0,45974000.0,18280000.0,2010399000.0,536118000.0,-26618000.0,509500000.0,3010564000.0,130900000.0,130853000.0,135495000.0
Citrix Systems Inc,CTXS,HCTKJGUQOPZ5NBK7NP58,877890,2019.0,Q3,2019-07-01,2019-09-30,2019-11-01 11:26:33+00:00,4937000.0,2.08,2.08,,2.04,,-162743000.0,274874000.0,270857000.0,270857000.0,,270857000.0,,126918000.0,732901000.0,3456000.0,,126420000.0,8879000.0,80042000.0,126918000.0,605983000.0,8822000.0,2649000.0,495152000.0,110831000.0,-2717000.0,108114000.0,732901000.0,130200000.0,130277000.0,132655000.0
Citrix Systems Inc,CTXS,HCTKJGUQOPZ5NBK7NP58,877890,2019.0,Q3YTD,2019-01-01,2019-09-30,,11671000.0,3.64,3.64,1.05,3.64,,-141159000.0,847958000.0,474700000.0,474700000.0,,474700000.0,,344870000.0,2200741000.0,3735000.0,,390712000.0,16022000.0,238751000.0,344870000.0,1855871000.0,37144000.0,16193000.0,1505114000.0,350757000.0,-17216000.0,333541000.0,2200741000.0,130200000.0,130277000.0,132655000.0
Citrix Systems Inc,CTXS,HCTKJGUQOPZ5NBK7NP58,877890,2019.0,Q3TTM,2018-10-01,2019-09-30,,15777000.0,4.92,4.92,1.41,4.92,,-119253000.0,1121687000.0,640418000.0,640418000.0,,640418000.0,,457721000.0,3002611000.0,-2791000.0,,507646000.0,19609000.0,326943000.0,457721000.0,2544890000.0,56466000.0,27194000.0,1991662000.0,553228000.0,-32063000.0,521165000.0,3002611000.0,130200000.0,130277000.0,132655000.0
Citrix Systems Inc,CTXS,HCTKJGUQOPZ5NBK7NP58,877890,2019.0,Q2,2019-04-01,2019-06-30,2019-08-06 15:27:10+00:00,3205000.0,0.71,0.71,,0.7,,13748000.0,298429000.0,93495000.0,93495000.0,,93495000.0,,110479000.0,748697000.0,-3420000.0,,134029000.0,4311000.0,81162000.0,110479000.0,638218000.0,10289000.0,3870000.0,521136000.0,117082000.0,-9839000.0,107243000.0,748697000.0,131700000.0,131309000.0,134277000.0
Citrix Systems Inc,CTXS,HCTKJGUQOPZ5NBK7NP58,877890,2019.0,Q2YTD,2019-01-01,2019-06-30,,6734000.0,1.55,1.55,0.7,1.55,,21584000.0,573084000.0,203843000.0,203843000.0,,203843000.0,,217952000.0,1467840000.0,279000.0,,264292000.0,7143000.0,158709000.0,217952000.0,1249888000.0,28322000.0,13544000.0,1009962000.0,239926000.0,-14499000.0,225427000.0,1467840000.0,131700000.0,131309000.0,134277000.0
Citrix Systems Inc,CTXS,HCTKJGUQOPZ5NBK7NP58,877890,2019.0,Q2TTM,2018-07-01,2019-06-30,,14903000.0,4.02,4.02,1.06,4.02,,44048000.0,1109375000.0,528418000.0,528418000.0,,528418000.0,,434720000.0,3002186000.0,-2545000.0,,492783000.0,10244000.0,332985000.0,434720000.0,2567466000.0,67606000.0,35441000.0,1960290000.0,607176000.0,-34710000.0,572466000.0,3002186000.0,131700000.0,131309000.0,134277000.0
Citrix Systems Inc,CTXS,HCTKJGUQOPZ5NBK7NP58,877890,2019.0,Q1,2019-01-01,2019-03-31,2020-05-05 10:53:54+00:00,3529000.0,0.84,0.84,,0.78,,7836000.0,274655000.0,110348000.0,110348000.0,,110348000.0,,107473000.0,719143000.0,3699000.0,,130263000.0,2832000.0,77547000.0,107473000.0,611670000.0,18033000.0,9674000.0,488826000.0,122844000.0,-4660000.0,118184000.0,719143000.0,131400000.0,131483000.0,141025000.0
Citrix Systems Inc,CTXS,HCTKJGUQOPZ5NBK7NP58,877890,2019.0,Q1TTM,2018-04-01,2019-03-31,,15717000.0,4.12,4.12,0.71,4.12,,54937000.0,1097676000.0,541756000.0,541756000.0,,541756000.0,,432990000.0,2995854000.0,-1662000.0,,471697000.0,13370000.0,329163000.0,432990000.0,2562864000.0,77859000.0,40973000.0,1927623000.0,635241000.0,-38548000.0,596693000.0,2995854000.0,131400000.0,131483000.0,141025000.0
Citrix Systems Inc,CTXS,HCTKJGUQOPZ5NBK7NP58,877890,2020.0,Q1TTM,2019-04-01,2020-03-31,,13063000.0,5.82,5.82,,5.67,,-170732000.0,1184410000.0,752687000.0,752687000.0,,752687000.0,,472151000.0,3152366000.0,-525000.0,,523072000.0,21868000.0,322981000.0,472151000.0,2680215000.0,42552000.0,10211000.0,2065394000.0,614821000.0,-32866000.0,581955000.0,3152366000.0,125000000.0,124737000.0,127577000.0
Citrix Systems Inc,CTXS,HCTKJGUQOPZ5NBK7NP58,877890,2020.0,Q1,2020-01-01,2020-03-31,2020-05-05 10:53:54+00:00,702000.0,1.45,1.45,,1.42,,9417000.0,326109000.0,181222000.0,181222000.0,,181222000.0,,115577000.0,860945000.0,2098000.0,,134458000.0,2453000.0,80099000.0,115577000.0,745368000.0,14611000.0,1605000.0,543821000.0,201547000.0,-10908000.0,190639000.0,860945000.0,125000000.0,124737000.0,127577000.0
