company_name,company_ticker,company_lei,company_cik,year,quarter,start_date,end_date,filing_date,basicdilutedeps,basiceps,cashdividendspershare,depreciationexpense,dilutedeps,extraordinaryincome,impairmentexpense,incometaxexpense,netincome,netincomecontinuing,netincomediscontinued,netincometocommon,netincometononcontrollinginterest,operatingcostofrevenue,operatingrevenue,otherincome,sgaexpense,totalcostofrevenue,totalgrossprofit,totalinterestexpense,totalinterestincome,totaloperatingexpenses,totaloperatingincome,totalotherincome,totalpretaxincome,totalrevenue,weightedavebasicdilutedsharesos,weightedavebasicsharesos,weightedavedilutedsharesos
Verizon Communications Inc,VZ,2S72QS2UO2OESLG6Y829,732712,2007.0,FY,2007-01-01,2007-12-31,2010-02-26 08:02:44+00:00,1.91,1.91,1.67,14377000000.0,1.9,-131000000.0,,3982000000.0,10574000000.0,10563000000.0,142000000.0,5521000000.0,5053000000.0,37547000000.0,93469000000.0,211000000.0,25967000000.0,37547000000.0,55922000000.0,1829000000.0,585000000.0,40344000000.0,15578000000.0,-1033000000.0,14545000000.0,93469000000.0,2890600000.0,2898000000.0,2902000000.0
Verizon Communications Inc,VZ,2S72QS2UO2OESLG6Y829,732712,2008.0,FY,2008-01-01,2008-12-31,2011-02-28 14:32:38+00:00,2.26,-0.77,1.78,14610000000.0,-0.77,,,-2319000000.0,3962000000.0,3962000000.0,,-2193000000.0,6155000000.0,38615000000.0,97354000000.0,283000000.0,41517000000.0,38615000000.0,58739000000.0,1819000000.0,567000000.0,56127000000.0,2612000000.0,-969000000.0,1643000000.0,97354000000.0,-970400000.0,2849000000.0,2849000000.0
Verizon Communications Inc,VZ,2S72QS2UO2OESLG6Y829,732712,2008.0,Q3,2008-07-01,2008-09-30,2009-10-29 16:44:39+00:00,,0.59,0.46,3652000000.0,0.59,,,850000000.0,3199000000.0,3199000000.0,,1669000000.0,1530000000.0,10048000000.0,24752000000.0,105000000.0,6879000000.0,10048000000.0,14704000000.0,440000000.0,211000000.0,10531000000.0,4173000000.0,-124000000.0,4049000000.0,24752000000.0,,2844000000.0,2845000000.0
Verizon Communications Inc,VZ,2S72QS2UO2OESLG6Y829,732712,2008.0,Q2,2008-04-01,2008-06-30,2009-07-30 16:50:57+00:00,0.66,0.66,0.43,3584000000.0,0.66,,,981000000.0,3404000000.0,3404000000.0,,1882000000.0,1522000000.0,9466000000.0,24124000000.0,92000000.0,6528000000.0,9466000000.0,14658000000.0,403000000.0,150000000.0,10112000000.0,4546000000.0,-161000000.0,4385000000.0,24124000000.0,2851500000.0,2850000000.0,2851000000.0
Verizon Communications Inc,VZ,2S72QS2UO2OESLG6Y829,732712,2009.0,FY,2009-01-01,2009-12-31,2012-02-24 15:10:22+00:00,1.72,1.72,1.87,16534000000.0,1.72,,,1919000000.0,11601000000.0,11601000000.0,,4894000000.0,6707000000.0,44579000000.0,107808000000.0,91000000.0,30717000000.0,44579000000.0,63229000000.0,3102000000.0,553000000.0,47251000000.0,15978000000.0,-2458000000.0,13520000000.0,107808000000.0,2845300000.0,2841000000.0,2841000000.0
Verizon Communications Inc,VZ,2S72QS2UO2OESLG6Y829,732712,2009.0,Q4,2009-10-01,2009-12-31,,0.21,0.21,0.48,4243000000.0,0.21,,,-5000000.0,2344000000.0,2344000000.0,,590000000.0,1754000000.0,12794000000.0,27091000000.0,14000000.0,7174000000.0,12794000000.0,14297000000.0,686000000.0,131000000.0,11417000000.0,2880000000.0,-541000000.0,2339000000.0,27091000000.0,2845300000.0,2841000000.0,2841000000.0
Verizon Communications Inc,VZ,2S72QS2UO2OESLG6Y829,732712,2009.0,Q3YTD,2009-01-01,2009-09-30,,1.51,1.51,1.4,12291000000.0,1.51,,,1924000000.0,9257000000.0,9257000000.0,,4304000000.0,4953000000.0,31785000000.0,80717000000.0,77000000.0,23543000000.0,31785000000.0,48932000000.0,2416000000.0,422000000.0,35834000000.0,13098000000.0,-1917000000.0,11181000000.0,80717000000.0,2868300000.0,2841000000.0,2841000000.0
Verizon Communications Inc,VZ,2S72QS2UO2OESLG6Y829,732712,2009.0,Q3,2009-07-01,2009-09-30,2010-10-28 15:59:47+00:00,0.41,0.41,0.475,4172000000.0,0.41,,,574000000.0,2887000000.0,2887000000.0,,1176000000.0,1711000000.0,10996000000.0,27265000000.0,13000000.0,8111000000.0,10996000000.0,16269000000.0,704000000.0,166000000.0,12283000000.0,3986000000.0,-525000000.0,3461000000.0,27265000000.0,2868300000.0,2841000000.0,2841000000.0
Verizon Communications Inc,VZ,2S72QS2UO2OESLG6Y829,732712,2009.0,Q2YTD,2009-01-01,2009-06-30,,1.1,1.1,0.92,8119000000.0,1.1,,,1350000000.0,6370000000.0,6370000000.0,,3128000000.0,3242000000.0,20789000000.0,53452000000.0,64000000.0,15432000000.0,20789000000.0,32663000000.0,1712000000.0,256000000.0,23551000000.0,9112000000.0,-1392000000.0,7720000000.0,53452000000.0,2851900000.0,2841000000.0,2841000000.0
Verizon Communications Inc,VZ,2S72QS2UO2OESLG6Y829,732712,2009.0,Q2,2009-04-01,2009-06-30,2010-07-29 15:37:41+00:00,0.52,0.52,0.46,4091000000.0,0.52,,,610000000.0,3160000000.0,3160000000.0,,1483000000.0,1677000000.0,10481000000.0,26861000000.0,11000000.0,7871000000.0,10481000000.0,16380000000.0,787000000.0,128000000.0,11962000000.0,4418000000.0,-648000000.0,3770000000.0,26861000000.0,2851900000.0,2841000000.0,2841000000.0
Verizon Communications Inc,VZ,2S72QS2UO2OESLG6Y829,732712,2009.0,Q1,2009-01-01,2009-03-31,2010-04-28 13:27:26+00:00,0.58,0.58,0.46,4028000000.0,0.58,,,740000000.0,3210000000.0,3210000000.0,,1645000000.0,1565000000.0,10308000000.0,26591000000.0,53000000.0,7561000000.0,10308000000.0,16283000000.0,925000000.0,128000000.0,11589000000.0,4694000000.0,-744000000.0,3950000000.0,26591000000.0,2836200000.0,2841000000.0,2841000000.0
Verizon Communications Inc,VZ,2S72QS2UO2OESLG6Y829,732712,2010.0,Q4,2010-10-01,2010-12-31,,0.93,0.93,0.49,4083000000.0,0.93,,,1352000000.0,4648000000.0,4648000000.0,,2639000000.0,2009000000.0,10610000000.0,26395000000.0,43000000.0,5291000000.0,10610000000.0,15785000000.0,567000000.0,113000000.0,9374000000.0,6411000000.0,-411000000.0,6000000000.0,26395000000.0,2832200000.0,2830000000.0,2833000000.0
Verizon Communications Inc,VZ,2S72QS2UO2OESLG6Y829,732712,2010.0,FY,2010-01-01,2010-12-31,2013-02-26 10:36:58+00:00,0.9,0.9,1.925,16405000000.0,0.9,,,2467000000.0,10217000000.0,10217000000.0,,2549000000.0,7668000000.0,44149000000.0,106565000000.0,54000000.0,31366000000.0,44149000000.0,62416000000.0,2523000000.0,508000000.0,47771000000.0,14645000000.0,-1961000000.0,12684000000.0,106565000000.0,2832200000.0,2830000000.0,2833000000.0
Verizon Communications Inc,VZ,2S72QS2UO2OESLG6Y829,732712,2010.0,Q3YTD,2010-01-01,2010-09-30,,-0.03,-0.03,1.44,12322000000.0,-0.03,,,1115000000.0,5569000000.0,5569000000.0,,-90000000.0,5659000000.0,33539000000.0,80170000000.0,11000000.0,26075000000.0,33539000000.0,46631000000.0,1956000000.0,395000000.0,38397000000.0,8234000000.0,-1550000000.0,6684000000.0,80170000000.0,2865200000.0,2829000000.0,2830000000.0
Verizon Communications Inc,VZ,2S72QS2UO2OESLG6Y829,732712,2010.0,Q3TTM,2009-10-01,2010-09-30,,0.18,0.18,1.91,16565000000.0,0.18,,,1110000000.0,7913000000.0,7913000000.0,,500000000.0,7413000000.0,46333000000.0,107261000000.0,25000000.0,33249000000.0,46333000000.0,60928000000.0,2642000000.0,526000000.0,49814000000.0,11114000000.0,-2091000000.0,9023000000.0,107261000000.0,2865200000.0,2829000000.0,2830000000.0
Verizon Communications Inc,VZ,2S72QS2UO2OESLG6Y829,732712,2010.0,Q3,2010-07-01,2010-09-30,2011-10-25 17:00:42+00:00,0.23,0.23,0.4875,4023000000.0,0.23,,,178000000.0,2698000000.0,2698000000.0,,659000000.0,2039000000.0,10671000000.0,26484000000.0,-51000000.0,8407000000.0,10671000000.0,15813000000.0,597000000.0,141000000.0,12430000000.0,3383000000.0,-507000000.0,2876000000.0,26484000000.0,2865200000.0,2829000000.0,2830000000.0
Verizon Communications Inc,VZ,2S72QS2UO2OESLG6Y829,732712,2010.0,Q2YTD,2010-01-01,2010-06-30,,-0.26,-0.26,0.95,8299000000.0,-0.26,,,937000000.0,2871000000.0,2871000000.0,,-749000000.0,3620000000.0,22868000000.0,53686000000.0,62000000.0,17668000000.0,22868000000.0,30818000000.0,1359000000.0,254000000.0,25967000000.0,4851000000.0,-1043000000.0,3808000000.0,53686000000.0,2838100000.0,2827000000.0,2827000000.0
Verizon Communications Inc,VZ,2S72QS2UO2OESLG6Y829,732712,2010.0,Q2TTM,2009-07-01,2010-06-30,,0.36,0.36,1.9,16714000000.0,0.36,,,1506000000.0,8102000000.0,8102000000.0,,1017000000.0,7085000000.0,46658000000.0,108042000000.0,89000000.0,32953000000.0,46658000000.0,61384000000.0,2749000000.0,551000000.0,49667000000.0,11717000000.0,-2109000000.0,9608000000.0,108042000000.0,2838100000.0,2827000000.0,2827000000.0
Verizon Communications Inc,VZ,2S72QS2UO2OESLG6Y829,732712,2010.0,Q2,2010-04-01,2010-06-30,2011-07-28 17:04:52+00:00,-0.42,-0.42,0.475,4177000000.0,-0.42,,,-685000000.0,553000000.0,553000000.0,,-1192000000.0,1745000000.0,12216000000.0,26773000000.0,16000000.0,9970000000.0,12216000000.0,14557000000.0,679000000.0,121000000.0,14147000000.0,410000000.0,-542000000.0,-132000000.0,26773000000.0,2838100000.0,2827000000.0,2827000000.0
Verizon Communications Inc,VZ,2S72QS2UO2OESLG6Y829,732712,2010.0,Q1TTM,2009-04-01,2010-03-31,,1.3,1.3,1.89,16628000000.0,1.3,,,2801000000.0,10709000000.0,10709000000.0,,3692000000.0,7017000000.0,44923000000.0,108130000000.0,84000000.0,30854000000.0,44923000000.0,63207000000.0,2857000000.0,558000000.0,47482000000.0,15725000000.0,-2215000000.0,13510000000.0,108130000000.0,2768800000.0,2836000000.0,2837000000.0
Verizon Communications Inc,VZ,2S72QS2UO2OESLG6Y829,732712,2010.0,Q1,2010-01-01,2010-03-31,2011-04-28 11:50:06+00:00,0.16,0.16,0.475,4122000000.0,0.16,,,1622000000.0,2318000000.0,2318000000.0,,443000000.0,1875000000.0,10652000000.0,26913000000.0,46000000.0,7698000000.0,10652000000.0,16261000000.0,680000000.0,133000000.0,11820000000.0,4441000000.0,-501000000.0,3940000000.0,26913000000.0,2768800000.0,2836000000.0,2837000000.0
Verizon Communications Inc,VZ,2S72QS2UO2OESLG6Y829,732712,2011.0,Q4,2011-10-01,2011-12-31,,-0.72,-0.72,0.5,4180000000.0,-0.72,,,-1590000000.0,-212000000.0,-212000000.0,,-2023000000.0,1811000000.0,12090000000.0,28436000000.0,-84000000.0,13278000000.0,12090000000.0,16346000000.0,703000000.0,97000000.0,17458000000.0,-1112000000.0,-690000000.0,-1802000000.0,28436000000.0,2828200000.0,2833000000.0,2839000000.0
Verizon Communications Inc,VZ,2S72QS2UO2OESLG6Y829,732712,2011.0,FY,2011-01-01,2011-12-31,2014-02-27 16:47:50+00:00,0.85,0.85,1.975,16496000000.0,0.85,,,285000000.0,10198000000.0,10198000000.0,,2404000000.0,7794000000.0,45875000000.0,110875000000.0,-14000000.0,35624000000.0,45875000000.0,65000000000.0,2827000000.0,444000000.0,52120000000.0,12880000000.0,-2397000000.0,10483000000.0,110875000000.0,2828200000.0,2833000000.0,2839000000.0
Verizon Communications Inc,VZ,2S72QS2UO2OESLG6Y829,732712,2011.0,Q3YTD,2011-01-01,2011-09-30,,1.57,1.57,1.48,12316000000.0,1.57,,,1875000000.0,10410000000.0,10410000000.0,,4427000000.0,5983000000.0,33785000000.0,82439000000.0,70000000.0,22346000000.0,33785000000.0,48654000000.0,2124000000.0,347000000.0,34662000000.0,13992000000.0,-1707000000.0,12285000000.0,82439000000.0,2814300000.0,2834000000.0,2839000000.0
Verizon Communications Inc,VZ,2S72QS2UO2OESLG6Y829,732712,2011.0,Q3TTM,2010-10-01,2011-09-30,,2.5,2.5,1.96,16399000000.0,2.5,,,3227000000.0,15058000000.0,15058000000.0,,7066000000.0,7992000000.0,44395000000.0,108834000000.0,113000000.0,27637000000.0,44395000000.0,64439000000.0,2691000000.0,460000000.0,44036000000.0,20403000000.0,-2118000000.0,18285000000.0,108834000000.0,2814300000.0,2834000000.0,2839000000.0
Verizon Communications Inc,VZ,2S72QS2UO2OESLG6Y829,732712,2011.0,Q3,2011-07-01,2011-09-30,2012-10-25 16:57:14+00:00,0.49,0.49,0.5,4179000000.0,0.49,,,556000000.0,3542000000.0,3542000000.0,,1379000000.0,2163000000.0,11398000000.0,27913000000.0,24000000.0,7689000000.0,11398000000.0,16515000000.0,698000000.0,125000000.0,11868000000.0,4647000000.0,-549000000.0,4098000000.0,27913000000.0,2814300000.0,2834000000.0,2839000000.0
Verizon Communications Inc,VZ,2S72QS2UO2OESLG6Y829,732712,2011.0,Q2YTD,2011-01-01,2011-06-30,,1.08,1.08,0.98,8137000000.0,1.08,,,1319000000.0,6868000000.0,6868000000.0,,3048000000.0,3820000000.0,22387000000.0,54526000000.0,46000000.0,14657000000.0,22387000000.0,32139000000.0,1426000000.0,222000000.0,22794000000.0,9345000000.0,-1158000000.0,8187000000.0,54526000000.0,2822800000.0,2832000000.0,2838000000.0
Verizon Communications Inc,VZ,2S72QS2UO2OESLG6Y829,732712,2011.0,Q2TTM,2010-07-01,2011-06-30,,2.24,2.24,1.95,16243000000.0,2.24,,,2849000000.0,14214000000.0,14214000000.0,,6346000000.0,7868000000.0,43668000000.0,107405000000.0,38000000.0,28355000000.0,43668000000.0,63737000000.0,2590000000.0,476000000.0,44598000000.0,19139000000.0,-2076000000.0,17063000000.0,107405000000.0,2822800000.0,2832000000.0,2838000000.0
Verizon Communications Inc,VZ,2S72QS2UO2OESLG6Y829,732712,2011.0,Q2,2011-04-01,2011-06-30,2012-07-30 16:47:39+00:00,0.57,0.57,0.4875,4113000000.0,0.57,,,702000000.0,3604000000.0,3604000000.0,,1609000000.0,1995000000.0,11158000000.0,27536000000.0,10000000.0,7373000000.0,11158000000.0,16378000000.0,717000000.0,121000000.0,11486000000.0,4892000000.0,-586000000.0,4306000000.0,27536000000.0,2822800000.0,2832000000.0,2838000000.0
Verizon Communications Inc,VZ,2S72QS2UO2OESLG6Y829,732712,2011.0,Q1TTM,2010-04-01,2011-03-31,,1.25,1.25,1.94,16307000000.0,1.25,,,1462000000.0,11163000000.0,11163000000.0,,3545000000.0,7618000000.0,44726000000.0,106642000000.0,44000000.0,30952000000.0,44726000000.0,61916000000.0,2552000000.0,476000000.0,47259000000.0,14657000000.0,-2032000000.0,12625000000.0,106642000000.0,2821600000.0,2830000000.0,2834000000.0
Verizon Communications Inc,VZ,2S72QS2UO2OESLG6Y829,732712,2011.0,Q1,2011-01-01,2011-03-31,2012-04-26 16:46:37+00:00,0.51,0.51,0.4875,4024000000.0,0.51,,,617000000.0,3264000000.0,3264000000.0,,1439000000.0,1825000000.0,11229000000.0,26990000000.0,36000000.0,7284000000.0,11229000000.0,15761000000.0,709000000.0,101000000.0,11308000000.0,4453000000.0,-572000000.0,3881000000.0,26990000000.0,2821600000.0,2830000000.0,2834000000.0
Verizon Communications Inc,VZ,2S72QS2UO2OESLG6Y829,732712,2012.0,Q4,2012-10-01,2012-12-31,,-1.48,-1.48,0.51,4137000000.0,-1.48,,,-2810000000.0,-1926000000.0,-1926000000.0,,-4229000000.0,2303000000.0,13069000000.0,30045000000.0,-1079000000.0,16008000000.0,13069000000.0,16976000000.0,575000000.0,87000000.0,20145000000.0,-3169000000.0,-1567000000.0,-4736000000.0,30045000000.0,2822600000.0,2853000000.0,2862000000.0
Verizon Communications Inc,VZ,2S72QS2UO2OESLG6Y829,732712,2012.0,FY,2012-01-01,2012-12-31,2015-02-23 13:10:04+00:00,0.31,0.31,2.03,16460000000.0,0.31,,,-660000000.0,10557000000.0,10557000000.0,,875000000.0,9682000000.0,46275000000.0,115846000000.0,-1016000000.0,39951000000.0,46275000000.0,69571000000.0,2571000000.0,324000000.0,56411000000.0,13160000000.0,-3263000000.0,9897000000.0,115846000000.0,2822600000.0,2853000000.0,2862000000.0
Verizon Communications Inc,VZ,2S72QS2UO2OESLG6Y829,732712,2012.0,Q3YTD,2012-01-01,2012-09-30,,1.79,1.79,1.52,12323000000.0,1.79,,,2150000000.0,12483000000.0,12483000000.0,,5104000000.0,7379000000.0,33206000000.0,85801000000.0,63000000.0,23943000000.0,33206000000.0,52595000000.0,1996000000.0,237000000.0,36266000000.0,16329000000.0,-1696000000.0,14633000000.0,85801000000.0,2844600000.0,2857000000.0,2866000000.0
Verizon Communications Inc,VZ,2S72QS2UO2OESLG6Y829,732712,2012.0,Q3TTM,2011-10-01,2012-09-30,,1.07,1.07,2.02,16503000000.0,1.07,,,560000000.0,12271000000.0,12271000000.0,,3081000000.0,9190000000.0,45296000000.0,114237000000.0,-21000000.0,37221000000.0,45296000000.0,68941000000.0,2699000000.0,334000000.0,53724000000.0,15217000000.0,-2386000000.0,12831000000.0,114237000000.0,2844600000.0,2857000000.0,2866000000.0
Verizon Communications Inc,VZ,2S72QS2UO2OESLG6Y829,732712,2012.0,Q3,2012-07-01,2012-09-30,2013-10-24 16:34:32+00:00,0.56,0.56,0.515,4167000000.0,0.56,,,631000000.0,4292000000.0,4292000000.0,,1593000000.0,2699000000.0,10991000000.0,29007000000.0,10000000.0,8366000000.0,10991000000.0,18016000000.0,632000000.0,62000000.0,12533000000.0,5483000000.0,-560000000.0,4923000000.0,29007000000.0,2844600000.0,2857000000.0,2866000000.0
Verizon Communications Inc,VZ,2S72QS2UO2OESLG6Y829,732712,2012.0,Q2YTD,2012-01-01,2012-06-30,,1.23,1.23,1.0,8156000000.0,1.23,,,1519000000.0,8191000000.0,8191000000.0,,3511000000.0,4680000000.0,22215000000.0,56794000000.0,53000000.0,15577000000.0,22215000000.0,34579000000.0,1364000000.0,175000000.0,23733000000.0,10846000000.0,-1136000000.0,9710000000.0,56794000000.0,2851600000.0,2849000000.0,2858000000.0
Verizon Communications Inc,VZ,2S72QS2UO2OESLG6Y829,732712,2012.0,Q2TTM,2011-07-01,2012-06-30,,1.0,1.0,2.0,16515000000.0,1.0,,,485000000.0,11521000000.0,11521000000.0,,2867000000.0,8654000000.0,45703000000.0,113143000000.0,-7000000.0,36544000000.0,45703000000.0,67440000000.0,2765000000.0,397000000.0,53059000000.0,14381000000.0,-2375000000.0,12006000000.0,113143000000.0,2851600000.0,2849000000.0,2858000000.0
Verizon Communications Inc,VZ,2S72QS2UO2OESLG6Y829,732712,2012.0,Q2,2012-04-01,2012-06-30,2013-07-25 15:16:33+00:00,0.64,0.64,0.5,4128000000.0,0.64,,,793000000.0,4285000000.0,4285000000.0,,1825000000.0,2460000000.0,10896000000.0,28552000000.0,34000000.0,7877000000.0,10896000000.0,17656000000.0,679000000.0,72000000.0,12005000000.0,5651000000.0,-573000000.0,5078000000.0,28552000000.0,2851600000.0,2849000000.0,2858000000.0
Verizon Communications Inc,VZ,2S72QS2UO2OESLG6Y829,732712,2012.0,Q1TTM,2011-04-01,2012-03-31,,0.93,0.93,1.99,16500000000.0,0.93,,,394000000.0,10840000000.0,10840000000.0,,2651000000.0,8189000000.0,45965000000.0,112127000000.0,-31000000.0,36040000000.0,45965000000.0,66162000000.0,2803000000.0,446000000.0,52540000000.0,13622000000.0,-2388000000.0,11234000000.0,112127000000.0,2857600000.0,2842000000.0,2849000000.0
Verizon Communications Inc,VZ,2S72QS2UO2OESLG6Y829,732712,2012.0,Q1,2012-01-01,2012-03-31,2013-04-25 12:07:57+00:00,0.59,0.59,0.5,4028000000.0,0.59,,,726000000.0,3906000000.0,3906000000.0,,1686000000.0,2220000000.0,11319000000.0,28242000000.0,19000000.0,7700000000.0,11319000000.0,16923000000.0,685000000.0,103000000.0,11728000000.0,5195000000.0,-563000000.0,4632000000.0,28242000000.0,2857600000.0,2842000000.0,2849000000.0
Verizon Communications Inc,VZ,2S72QS2UO2OESLG6Y829,732712,2013.0,FY,2013-01-01,2013-12-31,2016-02-23 15:09:48+00:00,4.01,4.01,2.09,16606000000.0,4.0,,,5730000000.0,23547000000.0,23547000000.0,,11497000000.0,12050000000.0,44887000000.0,120550000000.0,-166000000.0,27089000000.0,44887000000.0,75663000000.0,2667000000.0,142000000.0,43695000000.0,31968000000.0,-2691000000.0,29277000000.0,120550000000.0,2867100000.0,2866000000.0,2874000000.0
Verizon Communications Inc,VZ,2S72QS2UO2OESLG6Y829,732712,2013.0,Q4,2013-10-01,2013-12-31,,1.77,1.77,0.53,4183000000.0,1.76,,,2844000000.0,7916000000.0,7916000000.0,,5067000000.0,2849000000.0,11962000000.0,31065000000.0,-250000000.0,2857000000.0,11962000000.0,19103000000.0,1061000000.0,8000000.0,7040000000.0,12063000000.0,-1303000000.0,10760000000.0,31065000000.0,2867100000.0,2866000000.0,2874000000.0
Verizon Communications Inc,VZ,2S72QS2UO2OESLG6Y829,732712,2013.0,Q3YTD,2013-01-01,2013-09-30,,2.24,2.24,1.56,12423000000.0,2.24,,,2886000000.0,15631000000.0,15631000000.0,,6430000000.0,9201000000.0,32925000000.0,89485000000.0,84000000.0,24232000000.0,32925000000.0,56560000000.0,1606000000.0,134000000.0,36655000000.0,19905000000.0,-1388000000.0,18517000000.0,89485000000.0,2861500000.0,2866000000.0,2874000000.0
Verizon Communications Inc,VZ,2S72QS2UO2OESLG6Y829,732712,2013.0,Q3TTM,2012-10-01,2013-09-30,,0.76,0.76,2.07,16560000000.0,0.76,,,76000000.0,13705000000.0,13705000000.0,,2201000000.0,11504000000.0,45994000000.0,119530000000.0,-995000000.0,40240000000.0,45994000000.0,73536000000.0,2181000000.0,221000000.0,56800000000.0,16736000000.0,-2955000000.0,13781000000.0,119530000000.0,2861500000.0,2866000000.0,2874000000.0
Verizon Communications Inc,VZ,2S72QS2UO2OESLG6Y829,732712,2013.0,Q3,2013-07-01,2013-09-30,2014-10-28 11:37:32+00:00,0.78,0.78,0.53,4154000000.0,0.78,,,1034000000.0,5578000000.0,5578000000.0,,2232000000.0,3346000000.0,10960000000.0,30279000000.0,20000000.0,8037000000.0,10960000000.0,19319000000.0,555000000.0,19000000.0,12191000000.0,7128000000.0,-516000000.0,6612000000.0,30279000000.0,2861500000.0,2866000000.0,2874000000.0
Verizon Communications Inc,VZ,2S72QS2UO2OESLG6Y829,732712,2013.0,Q2YTD,2013-01-01,2013-06-30,,1.46,1.46,1.03,8269000000.0,1.46,,,1852000000.0,10053000000.0,10053000000.0,,4198000000.0,5855000000.0,21965000000.0,59206000000.0,64000000.0,16195000000.0,21965000000.0,37241000000.0,1051000000.0,115000000.0,24464000000.0,12777000000.0,-872000000.0,11905000000.0,59206000000.0,2879500000.0,2865000000.0,2872000000.0
Verizon Communications Inc,VZ,2S72QS2UO2OESLG6Y829,732712,2013.0,Q2TTM,2012-07-01,2013-06-30,,0.54,0.54,2.06,16573000000.0,0.54,,,-327000000.0,12419000000.0,12419000000.0,,1562000000.0,10857000000.0,46025000000.0,118258000000.0,-1005000000.0,40569000000.0,46025000000.0,72233000000.0,2258000000.0,264000000.0,57142000000.0,15091000000.0,-2999000000.0,12092000000.0,118258000000.0,2879500000.0,2865000000.0,2872000000.0
Verizon Communications Inc,VZ,2S72QS2UO2OESLG6Y829,732712,2013.0,Q2,2013-04-01,2013-06-30,2014-07-29 14:00:38+00:00,0.78,0.78,0.515,4151000000.0,0.78,,,988000000.0,5198000000.0,5198000000.0,,2246000000.0,2952000000.0,11033000000.0,29786000000.0,25000000.0,8047000000.0,11033000000.0,18753000000.0,514000000.0,120000000.0,12198000000.0,6555000000.0,-369000000.0,6186000000.0,29786000000.0,2879500000.0,2865000000.0,2872000000.0
Verizon Communications Inc,VZ,2S72QS2UO2OESLG6Y829,732712,2013.0,Q1TTM,2012-04-01,2013-03-31,,0.4,0.4,2.05,16550000000.0,0.4,,,-522000000.0,11506000000.0,11506000000.0,,1141000000.0,10365000000.0,45888000000.0,117024000000.0,-996000000.0,40399000000.0,45888000000.0,71136000000.0,2423000000.0,216000000.0,56949000000.0,14187000000.0,-3203000000.0,10984000000.0,117024000000.0,2870600000.0,2866000000.0,2872000000.0
Verizon Communications Inc,VZ,2S72QS2UO2OESLG6Y829,732712,2013.0,Q1,2013-01-01,2013-03-31,2014-04-29 14:18:02+00:00,0.68,0.68,0.515,4118000000.0,0.68,,,864000000.0,4855000000.0,4855000000.0,,1952000000.0,2903000000.0,10932000000.0,29420000000.0,39000000.0,8148000000.0,10932000000.0,18488000000.0,537000000.0,-5000000.0,12266000000.0,6222000000.0,-503000000.0,5719000000.0,29420000000.0,2870600000.0,2866000000.0,2872000000.0
Verizon Communications Inc,VZ,2S72QS2UO2OESLG6Y829,732712,2014.0,FY,2014-01-01,2014-12-31,2017-02-21 15:21:12+00:00,2.42,2.42,2.16,16533000000.0,2.42,,,3314000000.0,11956000000.0,11956000000.0,,9625000000.0,2331000000.0,49931000000.0,127079000000.0,-1194000000.0,41016000000.0,49931000000.0,77148000000.0,4915000000.0,1780000000.0,57549000000.0,19599000000.0,-4329000000.0,15270000000.0,127079000000.0,3977300000.0,3974000000.0,3981000000.0
Verizon Communications Inc,VZ,2S72QS2UO2OESLG6Y829,732712,2014.0,Q4,2014-10-01,2014-12-31,,-0.64,-0.64,0.55,4068000000.0,-0.63,,,-1738000000.0,-2148000000.0,-2148000000.0,,-2231000000.0,83000000.0,14403000000.0,33192000000.0,-437000000.0,16857000000.0,14403000000.0,18789000000.0,1282000000.0,-31000000.0,20925000000.0,-2136000000.0,-1750000000.0,-3886000000.0,33192000000.0,3977300000.0,3974000000.0,3981000000.0
Verizon Communications Inc,VZ,2S72QS2UO2OESLG6Y829,732712,2014.0,Q3,2014-07-01,2014-09-30,2015-10-27 14:55:42+00:00,0.89,0.89,0.55,4167000000.0,0.89,,,1864000000.0,3794000000.0,3794000000.0,,3695000000.0,99000000.0,12252000000.0,31586000000.0,71000000.0,8277000000.0,12252000000.0,19334000000.0,1255000000.0,-48000000.0,12444000000.0,6890000000.0,-1232000000.0,5658000000.0,31586000000.0,4151700000.0,4152000000.0,4159000000.0
Verizon Communications Inc,VZ,2S72QS2UO2OESLG6Y829,732712,2014.0,Q3YTD,2014-01-01,2014-09-30,,3.06,3.06,1.61,12465000000.0,3.05,,,5052000000.0,14104000000.0,14104000000.0,,11856000000.0,2248000000.0,35528000000.0,93887000000.0,-757000000.0,24159000000.0,35528000000.0,58359000000.0,3633000000.0,1811000000.0,36624000000.0,21735000000.0,-2579000000.0,19156000000.0,93887000000.0,4151700000.0,4152000000.0,4159000000.0
Verizon Communications Inc,VZ,2S72QS2UO2OESLG6Y829,732712,2014.0,Q3TTM,2013-10-01,2014-09-30,,4.83,4.83,2.14,16648000000.0,4.81,,,7896000000.0,22020000000.0,22020000000.0,,16923000000.0,5097000000.0,47490000000.0,124952000000.0,-1007000000.0,27016000000.0,47490000000.0,77462000000.0,4694000000.0,1819000000.0,43664000000.0,33798000000.0,-3882000000.0,29916000000.0,124952000000.0,4151700000.0,4152000000.0,4159000000.0
Verizon Communications Inc,VZ,2S72QS2UO2OESLG6Y829,732712,2014.0,Q2,2014-04-01,2014-06-30,2015-07-28 14:40:27+00:00,1.02,1.02,0.53,4161000000.0,1.01,,,2220000000.0,4324000000.0,4324000000.0,,4214000000.0,110000000.0,12087000000.0,31483000000.0,66000000.0,7550000000.0,12087000000.0,19396000000.0,1164000000.0,-43000000.0,11711000000.0,7685000000.0,-1141000000.0,6544000000.0,31483000000.0,4131400000.0,4147000000.0,4153000000.0
Verizon Communications Inc,VZ,2S72QS2UO2OESLG6Y829,732712,2014.0,Q2YTD,2014-01-01,2014-06-30,,2.17,2.17,1.06,8298000000.0,2.16,,,3188000000.0,10310000000.0,10310000000.0,,8161000000.0,2149000000.0,23276000000.0,62301000000.0,-828000000.0,15882000000.0,23276000000.0,39025000000.0,2378000000.0,1859000000.0,24180000000.0,14845000000.0,-1347000000.0,13498000000.0,62301000000.0,4131400000.0,4147000000.0,4153000000.0
Verizon Communications Inc,VZ,2S72QS2UO2OESLG6Y829,732712,2014.0,Q2TTM,2013-07-01,2014-06-30,,4.72,4.72,2.12,16635000000.0,4.7,,,7066000000.0,23804000000.0,23804000000.0,,15460000000.0,8344000000.0,46198000000.0,123645000000.0,-1058000000.0,26776000000.0,46198000000.0,77447000000.0,3994000000.0,1886000000.0,43411000000.0,34036000000.0,-3166000000.0,30870000000.0,123645000000.0,4131400000.0,4147000000.0,4153000000.0
Verizon Communications Inc,VZ,2S72QS2UO2OESLG6Y829,732712,2014.0,Q1TTM,2013-04-01,2014-03-31,,4.48,4.48,2.11,16625000000.0,4.47,,,5834000000.0,24678000000.0,24678000000.0,,13492000000.0,11186000000.0,45144000000.0,121948000000.0,-1099000000.0,27273000000.0,45144000000.0,76804000000.0,3344000000.0,2049000000.0,43898000000.0,32906000000.0,-2394000000.0,30512000000.0,121948000000.0,3432200000.0,3425000000.0,3430000000.0
Verizon Communications Inc,VZ,2S72QS2UO2OESLG6Y829,732712,2014.0,Q1,2014-01-01,2014-03-31,2015-04-28 09:58:07+00:00,1.15,1.15,0.53,4137000000.0,1.15,,,968000000.0,5986000000.0,5986000000.0,,3947000000.0,2039000000.0,11189000000.0,30818000000.0,-894000000.0,8332000000.0,11189000000.0,19629000000.0,1214000000.0,1902000000.0,12469000000.0,7160000000.0,-206000000.0,6954000000.0,30818000000.0,3432200000.0,3425000000.0,3430000000.0
Verizon Communications Inc,VZ,2S72QS2UO2OESLG6Y829,732712,2015.0,FY,2015-01-01,2015-12-31,2018-02-23 13:15:54+00:00,4.38,4.38,2.23,16017000000.0,4.37,,,9865000000.0,18375000000.0,18375000000.0,,17879000000.0,496000000.0,52557000000.0,131620000000.0,186000000.0,29986000000.0,52557000000.0,79063000000.0,4920000000.0,-86000000.0,46003000000.0,33060000000.0,-4820000000.0,28240000000.0,131620000000.0,4082000000.0,4085000000.0,4093000000.0
Verizon Communications Inc,VZ,2S72QS2UO2OESLG6Y829,732712,2015.0,Q4,2015-10-01,2015-12-31,,1.32,1.32,0.57,4039000000.0,1.32,,,3065000000.0,5513000000.0,5513000000.0,,5391000000.0,122000000.0,14707000000.0,34254000000.0,28000000.0,5764000000.0,14707000000.0,19547000000.0,1178000000.0,-16000000.0,9803000000.0,9744000000.0,-1166000000.0,8578000000.0,34254000000.0,4082000000.0,4085000000.0,4093000000.0
Verizon Communications Inc,VZ,2S72QS2UO2OESLG6Y829,732712,2015.0,Q3,2015-07-01,2015-09-30,2016-10-26 09:32:53+00:00,0.99,0.99,0.565,4009000000.0,0.99,,,2195000000.0,4171000000.0,4171000000.0,,4038000000.0,133000000.0,13305000000.0,33158000000.0,51000000.0,8309000000.0,13305000000.0,19853000000.0,1202000000.0,-18000000.0,12318000000.0,7535000000.0,-1169000000.0,6366000000.0,33158000000.0,4078800000.0,4072000000.0,4078000000.0
Verizon Communications Inc,VZ,2S72QS2UO2OESLG6Y829,732712,2015.0,Q3YTD,2015-01-01,2015-09-30,,3.06,3.06,1.67,11978000000.0,3.05,,,6800000000.0,12862000000.0,12862000000.0,,12488000000.0,374000000.0,37850000000.0,97366000000.0,158000000.0,24222000000.0,37850000000.0,59516000000.0,3742000000.0,-70000000.0,36200000000.0,23316000000.0,-3654000000.0,19662000000.0,97366000000.0,4078800000.0,4072000000.0,4078000000.0
Verizon Communications Inc,VZ,2S72QS2UO2OESLG6Y829,732712,2015.0,Q3TTM,2014-10-01,2015-09-30,,2.42,2.42,2.22,16046000000.0,2.42,,,5062000000.0,10714000000.0,10714000000.0,,10257000000.0,457000000.0,52253000000.0,130558000000.0,-279000000.0,41079000000.0,52253000000.0,78305000000.0,5024000000.0,-101000000.0,57125000000.0,21180000000.0,-5404000000.0,15776000000.0,130558000000.0,4078800000.0,4072000000.0,4078000000.0
Verizon Communications Inc,VZ,2S72QS2UO2OESLG6Y829,732712,2015.0,Q2,2015-04-01,2015-06-30,2016-07-29 14:00:12+00:00,1.04,1.04,0.55,3980000000.0,1.04,,,2274000000.0,4353000000.0,4353000000.0,,4231000000.0,122000000.0,12449000000.0,32224000000.0,32000000.0,7974000000.0,12449000000.0,19775000000.0,1208000000.0,-18000000.0,11954000000.0,7821000000.0,-1194000000.0,6627000000.0,32224000000.0,4068300000.0,4079000000.0,4085000000.0
Verizon Communications Inc,VZ,2S72QS2UO2OESLG6Y829,732712,2015.0,Q2YTD,2015-01-01,2015-06-30,,2.07,2.07,1.1,7969000000.0,2.06,,,4605000000.0,8691000000.0,8691000000.0,,8450000000.0,241000000.0,24545000000.0,64208000000.0,107000000.0,15913000000.0,24545000000.0,39663000000.0,2540000000.0,-52000000.0,23882000000.0,15781000000.0,-2485000000.0,13296000000.0,64208000000.0,4068300000.0,4079000000.0,4085000000.0
Verizon Communications Inc,VZ,2S72QS2UO2OESLG6Y829,732712,2015.0,Q2TTM,2014-07-01,2015-06-30,,2.32,2.32,2.2,16204000000.0,2.32,,,4731000000.0,10337000000.0,10337000000.0,,9914000000.0,423000000.0,51200000000.0,128986000000.0,-259000000.0,41047000000.0,51200000000.0,77786000000.0,5077000000.0,-131000000.0,57251000000.0,20535000000.0,-5467000000.0,15068000000.0,128986000000.0,4068300000.0,4079000000.0,4085000000.0
Verizon Communications Inc,VZ,2S72QS2UO2OESLG6Y829,732712,2015.0,Q1,2015-01-01,2015-03-31,2016-04-28 12:22:25+00:00,1.03,1.03,0.55,3989000000.0,1.02,,,2331000000.0,4338000000.0,4338000000.0,,4219000000.0,119000000.0,12096000000.0,31984000000.0,75000000.0,7939000000.0,12096000000.0,19888000000.0,1332000000.0,-34000000.0,11928000000.0,7960000000.0,-1291000000.0,6669000000.0,31984000000.0,4096100000.0,4116000000.0,4121000000.0
Verizon Communications Inc,VZ,2S72QS2UO2OESLG6Y829,732712,2015.0,Q1TTM,2014-04-01,2015-03-31,,2.3,2.3,2.18,16385000000.0,2.29,,,4677000000.0,10308000000.0,10308000000.0,,9897000000.0,411000000.0,50838000000.0,128245000000.0,-225000000.0,40623000000.0,50838000000.0,77407000000.0,5033000000.0,-156000000.0,57008000000.0,20399000000.0,-5414000000.0,14985000000.0,128245000000.0,4096100000.0,4116000000.0,4121000000.0
Verizon Communications Inc,VZ,2S72QS2UO2OESLG6Y829,732712,2016.0,FY,2016-01-01,2016-12-31,2019-02-15 13:42:40+00:00,3.22,3.22,2.285,15928000000.0,3.21,,0.0,7378000000.0,13608000000.0,13608000000.0,,13127000000.0,481000000.0,52701000000.0,125980000000.0,-3789000000.0,28102000000.0,52701000000.0,73279000000.0,4376000000.0,-98000000.0,44030000000.0,29249000000.0,-8263000000.0,20986000000.0,125980000000.0,4076700000.0,4080000000.0,4086000000.0
Verizon Communications Inc,VZ,2S72QS2UO2OESLG6Y829,732712,2016.0,Q4,2016-10-01,2016-12-31,,1.1,1.1,-1.71,3987000000.0,1.09,,,2349000000.0,4600000000.0,4600000000.0,,4495000000.0,105000000.0,15639000000.0,32340000000.0,-2092000000.0,2501000000.0,15639000000.0,16701000000.0,1137000000.0,-35000000.0,6488000000.0,10213000000.0,-3264000000.0,6949000000.0,32340000000.0,4076700000.0,4080000000.0,4086000000.0
Verizon Communications Inc,VZ,2S72QS2UO2OESLG6Y829,732712,2016.0,Q3,2016-07-01,2016-09-30,2017-10-26 12:37:49+00:00,0.89,0.89,0.5775,3942000000.0,0.89,,,1829000000.0,3747000000.0,3747000000.0,,3620000000.0,127000000.0,12229000000.0,30937000000.0,97000000.0,8226000000.0,12229000000.0,18708000000.0,1038000000.0,-23000000.0,12168000000.0,6540000000.0,-964000000.0,5576000000.0,30937000000.0,4067400000.0,4079000000.0,4086000000.0
Verizon Communications Inc,VZ,2S72QS2UO2OESLG6Y829,732712,2016.0,Q3YTD,2016-01-01,2016-09-30,,2.12,2.12,1.71,11941000000.0,2.12,,,5029000000.0,9008000000.0,9008000000.0,,8632000000.0,376000000.0,37062000000.0,93640000000.0,-1697000000.0,25601000000.0,37062000000.0,56578000000.0,3239000000.0,-63000000.0,37542000000.0,19036000000.0,-4999000000.0,14037000000.0,93640000000.0,4067400000.0,4079000000.0,4086000000.0
Verizon Communications Inc,VZ,2S72QS2UO2OESLG6Y829,732712,2016.0,Q3TTM,2015-10-01,2016-09-30,,3.44,3.44,2.27,15980000000.0,3.44,,,8094000000.0,14521000000.0,14521000000.0,,14023000000.0,498000000.0,51769000000.0,127894000000.0,-1669000000.0,31365000000.0,51769000000.0,76125000000.0,4417000000.0,-79000000.0,47345000000.0,28780000000.0,-6165000000.0,22615000000.0,127894000000.0,4067400000.0,4079000000.0,4086000000.0
Verizon Communications Inc,VZ,2S72QS2UO2OESLG6Y829,732712,2016.0,Q2,2016-04-01,2016-06-30,2017-08-03 13:47:21+00:00,0.17,0.17,0.565,3982000000.0,0.17,,,864000000.0,831000000.0,831000000.0,,702000000.0,129000000.0,12221000000.0,30532000000.0,-1826000000.0,9775000000.0,12221000000.0,18311000000.0,1013000000.0,-20000000.0,13757000000.0,4554000000.0,-2859000000.0,1695000000.0,30532000000.0,4129400000.0,4079000000.0,4085000000.0
Verizon Communications Inc,VZ,2S72QS2UO2OESLG6Y829,732712,2016.0,Q2YTD,2016-01-01,2016-06-30,,1.23,1.23,1.13,7999000000.0,1.23,,,3200000000.0,5261000000.0,5261000000.0,,5012000000.0,249000000.0,24833000000.0,62703000000.0,-1794000000.0,17375000000.0,24833000000.0,37870000000.0,2201000000.0,-40000000.0,25374000000.0,12496000000.0,-4035000000.0,8461000000.0,62703000000.0,4129400000.0,4079000000.0,4085000000.0
Verizon Communications Inc,VZ,2S72QS2UO2OESLG6Y829,732712,2016.0,Q2TTM,2015-07-01,2016-06-30,,3.54,3.54,2.26,16047000000.0,3.54,,,8460000000.0,14945000000.0,14945000000.0,,14441000000.0,504000000.0,52845000000.0,130115000000.0,-1715000000.0,31448000000.0,52845000000.0,77270000000.0,4581000000.0,-74000000.0,47495000000.0,29775000000.0,-6370000000.0,23405000000.0,130115000000.0,4129400000.0,4079000000.0,4085000000.0
Verizon Communications Inc,VZ,2S72QS2UO2OESLG6Y829,732712,2016.0,Q1,2016-01-01,2016-03-31,2017-04-27 12:13:21+00:00,1.06,1.06,0.565,4017000000.0,1.06,,,2336000000.0,4430000000.0,4430000000.0,,4310000000.0,120000000.0,12612000000.0,32171000000.0,32000000.0,7600000000.0,12612000000.0,19559000000.0,1188000000.0,-20000000.0,11617000000.0,7942000000.0,-1176000000.0,6766000000.0,32171000000.0,4066000000.0,4080000000.0,4085000000.0
Verizon Communications Inc,VZ,2S72QS2UO2OESLG6Y829,732712,2016.0,Q1TTM,2015-04-01,2016-03-31,,4.41,4.41,2.25,16045000000.0,4.41,,,9870000000.0,18467000000.0,18467000000.0,,17970000000.0,497000000.0,53073000000.0,131807000000.0,143000000.0,29647000000.0,53073000000.0,78734000000.0,4776000000.0,-72000000.0,45692000000.0,33042000000.0,-4705000000.0,28337000000.0,131807000000.0,4066000000.0,4080000000.0,4085000000.0
Verizon Communications Inc,VZ,2S72QS2UO2OESLG6Y829,732712,2017.0,FY,2017-01-01,2017-12-31,2020-02-21 11:20:18+00:00,7.37,7.37,2.335,16954000000.0,7.36,,0.0,-9956000000.0,30550000000.0,30550000000.0,,30101000000.0,449000000.0,53063000000.0,126034000000.0,-2021000000.0,28592000000.0,53063000000.0,72971000000.0,4733000000.0,-77000000.0,45546000000.0,27425000000.0,-6831000000.0,20594000000.0,126034000000.0,4084300000.0,4084000000.0,4089000000.0
Verizon Communications Inc,VZ,2S72QS2UO2OESLG6Y829,732712,2017.0,Q4,2017-10-01,2017-12-31,,4.56,4.56,0.59,4456000000.0,4.56,,,-15849000000.0,18783000000.0,18783000000.0,,18669000000.0,114000000.0,15558000000.0,33955000000.0,-1302000000.0,8480000000.0,15558000000.0,18397000000.0,1219000000.0,-6000000.0,12936000000.0,5461000000.0,-2527000000.0,2934000000.0,33955000000.0,4084300000.0,4084000000.0,4089000000.0
Verizon Communications Inc,VZ,2S72QS2UO2OESLG6Y829,732712,2017.0,Q3,2017-07-01,2017-09-30,2018-10-30 11:47:34+00:00,0.89,0.89,0.59,4272000000.0,0.89,,,1775000000.0,3736000000.0,3736000000.0,,3620000000.0,116000000.0,12974000000.0,31717000000.0,-291000000.0,7483000000.0,12974000000.0,18743000000.0,1164000000.0,-22000000.0,11755000000.0,6988000000.0,-1477000000.0,5511000000.0,31717000000.0,4067400000.0,4084000000.0,4089000000.0
Verizon Communications Inc,VZ,2S72QS2UO2OESLG6Y829,732712,2017.0,Q3YTD,2017-01-01,2017-09-30,,2.81,2.81,1.75,12498000000.0,2.8,,,5893000000.0,11767000000.0,11767000000.0,,11432000000.0,335000000.0,37505000000.0,92079000000.0,-719000000.0,20112000000.0,37505000000.0,54574000000.0,3514000000.0,-71000000.0,32610000000.0,21964000000.0,-4304000000.0,17660000000.0,92079000000.0,4067400000.0,4084000000.0,4089000000.0
Verizon Communications Inc,VZ,2S72QS2UO2OESLG6Y829,732712,2017.0,Q3TTM,2016-10-01,2017-09-30,,3.91,3.91,0.04,16485000000.0,3.89,,,8242000000.0,16367000000.0,16367000000.0,,15927000000.0,440000000.0,53144000000.0,124419000000.0,-2811000000.0,22613000000.0,53144000000.0,71275000000.0,4651000000.0,-106000000.0,39098000000.0,32177000000.0,-7568000000.0,24609000000.0,124419000000.0,4067400000.0,4084000000.0,4089000000.0
Verizon Communications Inc,VZ,2S72QS2UO2OESLG6Y829,732712,2017.0,Q2,2017-04-01,2017-06-30,2018-07-31 10:59:56+00:00,1.07,1.07,0.5775,4167000000.0,1.07,,,2489000000.0,4478000000.0,4478000000.0,,4362000000.0,116000000.0,12484000000.0,30548000000.0,199000000.0,5883000000.0,12484000000.0,18064000000.0,1218000000.0,-28000000.0,10050000000.0,8014000000.0,-1047000000.0,6967000000.0,30548000000.0,4076600000.0,4082000000.0,4087000000.0
Verizon Communications Inc,VZ,2S72QS2UO2OESLG6Y829,732712,2017.0,Q2YTD,2017-01-01,2017-06-30,,1.92,1.92,1.16,8226000000.0,1.91,,,4118000000.0,8031000000.0,8031000000.0,,7812000000.0,219000000.0,24531000000.0,60362000000.0,-428000000.0,12629000000.0,24531000000.0,35831000000.0,2350000000.0,-49000000.0,20855000000.0,14976000000.0,-2827000000.0,12149000000.0,60362000000.0,4076600000.0,4082000000.0,4087000000.0
Verizon Communications Inc,VZ,2S72QS2UO2OESLG6Y829,732712,2017.0,Q2TTM,2016-07-01,2017-06-30,,3.91,3.91,0.03,16155000000.0,3.89,,,8296000000.0,16378000000.0,16378000000.0,,15927000000.0,451000000.0,52399000000.0,123639000000.0,-2423000000.0,23356000000.0,52399000000.0,71240000000.0,4525000000.0,-107000000.0,39511000000.0,31729000000.0,-7055000000.0,24674000000.0,123639000000.0,4076600000.0,4082000000.0,4087000000.0
Verizon Communications Inc,VZ,2S72QS2UO2OESLG6Y829,732712,2017.0,Q1,2017-01-01,2017-03-31,2018-05-01 12:36:20+00:00,0.85,0.85,0.5775,4059000000.0,0.84,,,1629000000.0,3553000000.0,3553000000.0,,3450000000.0,103000000.0,12047000000.0,29814000000.0,-627000000.0,6746000000.0,12047000000.0,17767000000.0,1132000000.0,-21000000.0,10805000000.0,6962000000.0,-1780000000.0,5182000000.0,29814000000.0,4058800000.0,4082000000.0,4087000000.0
Verizon Communications Inc,VZ,2S72QS2UO2OESLG6Y829,732712,2017.0,Q1TTM,2016-04-01,2017-03-31,,3.01,3.01,0.01,15970000000.0,2.99,,,6671000000.0,12731000000.0,12731000000.0,,12267000000.0,464000000.0,52136000000.0,123623000000.0,-4448000000.0,27248000000.0,52136000000.0,71487000000.0,4320000000.0,-99000000.0,43218000000.0,28269000000.0,-8867000000.0,19402000000.0,123623000000.0,4058800000.0,4082000000.0,4087000000.0
Verizon Communications Inc,VZ,2S72QS2UO2OESLG6Y829,732712,2018.0,FY,2018-01-01,2018-12-31,2020-02-21 11:20:18+00:00,3.76,3.76,2.385,17403000000.0,3.76,,4591000000.0,3584000000.0,16039000000.0,16039000000.0,,15528000000.0,511000000.0,55508000000.0,130863000000.0,2364000000.0,31083000000.0,55508000000.0,75355000000.0,4833000000.0,-186000000.0,53077000000.0,22278000000.0,-2655000000.0,19623000000.0,130863000000.0,4129800000.0,4128000000.0,4132000000.0
Verizon Communications Inc,VZ,2S72QS2UO2OESLG6Y829,732712,2018.0,Q4,2018-10-01,2018-12-31,,0.46,0.46,1.8,4352000000.0,0.46,,4591000000.0,-698000000.0,2065000000.0,2065000000.0,,1939000000.0,126000000.0,15291000000.0,34281000000.0,1865000000.0,9410000000.0,15291000000.0,18990000000.0,1199000000.0,64000000.0,18353000000.0,637000000.0,730000000.0,1367000000.0,34281000000.0,4129800000.0,4128000000.0,4132000000.0
Verizon Communications Inc,VZ,2S72QS2UO2OESLG6Y829,732712,2018.0,Q3,2018-07-01,2018-09-30,2019-10-30 12:18:19+00:00,1.19,1.19,,4377000000.0,1.19,,,1613000000.0,5062000000.0,5062000000.0,,4924000000.0,138000000.0,13331000000.0,32607000000.0,214000000.0,7224000000.0,13331000000.0,19276000000.0,1211000000.0,-3000000.0,11601000000.0,7675000000.0,-1000000000.0,6675000000.0,32607000000.0,4137800000.0,4136000000.0,4140000000.0
Verizon Communications Inc,VZ,2S72QS2UO2OESLG6Y829,732712,2018.0,Q3YTD,2018-01-01,2018-09-30,,3.3,3.3,0.59,13051000000.0,3.3,,,4282000000.0,13974000000.0,13974000000.0,,13589000000.0,385000000.0,40217000000.0,96582000000.0,499000000.0,21673000000.0,40217000000.0,56365000000.0,3634000000.0,-250000000.0,34724000000.0,21641000000.0,-3385000000.0,18256000000.0,96582000000.0,4137800000.0,4136000000.0,4140000000.0
Verizon Communications Inc,VZ,2S72QS2UO2OESLG6Y829,732712,2018.0,Q3TTM,2017-10-01,2018-09-30,,7.86,7.86,1.18,17507000000.0,7.86,,,-11567000000.0,32757000000.0,32757000000.0,,32258000000.0,499000000.0,55775000000.0,130537000000.0,-803000000.0,30153000000.0,55775000000.0,74762000000.0,4853000000.0,-256000000.0,47660000000.0,27102000000.0,-5912000000.0,21190000000.0,130537000000.0,4137800000.0,4136000000.0,4140000000.0
Verizon Communications Inc,VZ,2S72QS2UO2OESLG6Y829,732712,2018.0,Q2,2018-04-01,2018-06-30,2019-08-08 13:04:24+00:00,1.0,1.0,,4350000000.0,1.0,,,1281000000.0,4246000000.0,4246000000.0,,4120000000.0,126000000.0,13631000000.0,32203000000.0,360000000.0,7605000000.0,13631000000.0,18572000000.0,1222000000.0,-228000000.0,11955000000.0,6617000000.0,-1090000000.0,5527000000.0,32203000000.0,4120000000.0,4135000000.0,4139000000.0
Verizon Communications Inc,VZ,2S72QS2UO2OESLG6Y829,732712,2018.0,Q2YTD,2018-01-01,2018-06-30,,2.11,2.11,0.59,8674000000.0,2.11,,,2669000000.0,8912000000.0,8912000000.0,,8665000000.0,247000000.0,26886000000.0,63975000000.0,285000000.0,14449000000.0,26886000000.0,37089000000.0,2423000000.0,-247000000.0,23123000000.0,13966000000.0,-2385000000.0,11581000000.0,63975000000.0,4120000000.0,4135000000.0,4139000000.0
Verizon Communications Inc,VZ,2S72QS2UO2OESLG6Y829,732712,2018.0,Q2TTM,2017-07-01,2018-06-30,,7.56,7.56,1.77,17402000000.0,7.56,,,-11405000000.0,31431000000.0,31431000000.0,,30954000000.0,477000000.0,55418000000.0,129647000000.0,-1308000000.0,30412000000.0,55418000000.0,74229000000.0,4806000000.0,-275000000.0,47814000000.0,26415000000.0,-6389000000.0,20026000000.0,129647000000.0,4120000000.0,4135000000.0,4139000000.0
Verizon Communications Inc,VZ,2S72QS2UO2OESLG6Y829,732712,2018.0,Q1,2018-01-01,2018-03-31,2018-05-01 12:36:20+00:00,1.11,1.11,0.59,4324000000.0,1.11,,,1388000000.0,4666000000.0,4666000000.0,,4545000000.0,121000000.0,13255000000.0,31772000000.0,-75000000.0,6844000000.0,13255000000.0,18517000000.0,1201000000.0,-19000000.0,11168000000.0,7349000000.0,-1295000000.0,6054000000.0,31772000000.0,4094600000.0,4104000000.0,4107000000.0
Verizon Communications Inc,VZ,2S72QS2UO2OESLG6Y829,732712,2018.0,Q1TTM,2017-04-01,2018-03-31,,7.63,7.63,2.35,17219000000.0,7.63,,,-10197000000.0,31663000000.0,31663000000.0,,31196000000.0,467000000.0,54271000000.0,127992000000.0,-1469000000.0,28690000000.0,54271000000.0,73721000000.0,4802000000.0,-75000000.0,45909000000.0,27812000000.0,-6346000000.0,21466000000.0,127992000000.0,4094600000.0,4104000000.0,4107000000.0
Verizon Communications Inc,VZ,2S72QS2UO2OESLG6Y829,732712,2019.0,Q4,2019-10-01,2019-12-31,,1.23,1.23,1.83,4105000000.0,1.23,,186000000.0,-1505000000.0,5217000000.0,5217000000.0,,5095000000.0,122000000.0,15631000000.0,34775000000.0,-1773000000.0,8214000000.0,15631000000.0,19144000000.0,1159000000.0,5000000.0,12505000000.0,6639000000.0,-2927000000.0,3712000000.0,34775000000.0,4134100000.0,4138000000.0,4140000000.0
Verizon Communications Inc,VZ,2S72QS2UO2OESLG6Y829,732712,2019.0,FY,2019-01-01,2019-12-31,2020-02-21 11:20:18+00:00,4.66,4.66,2.435,16682000000.0,4.65,,186000000.0,2945000000.0,19788000000.0,19788000000.0,,19265000000.0,523000000.0,54726000000.0,131868000000.0,-2900000000.0,29896000000.0,54726000000.0,77142000000.0,4730000000.0,-15000000.0,46764000000.0,30378000000.0,-7645000000.0,22733000000.0,131868000000.0,4134100000.0,4138000000.0,4140000000.0
Verizon Communications Inc,VZ,2S72QS2UO2OESLG6Y829,732712,2019.0,Q3,2019-07-01,2019-09-30,2019-10-30 12:18:19+00:00,1.26,1.26,,4114000000.0,1.25,,,1586000000.0,5337000000.0,5337000000.0,,5194000000.0,143000000.0,13384000000.0,32894000000.0,-110000000.0,7216000000.0,13384000000.0,19510000000.0,1146000000.0,-1000000.0,11330000000.0,8180000000.0,-1257000000.0,6923000000.0,32894000000.0,4122200000.0,4138000000.0,4140000000.0
Verizon Communications Inc,VZ,2S72QS2UO2OESLG6Y829,732712,2019.0,Q3YTD,2019-01-01,2019-09-30,,3.43,3.43,0.6,12577000000.0,3.42,,,4450000000.0,14571000000.0,14571000000.0,,14170000000.0,401000000.0,39095000000.0,97093000000.0,-1127000000.0,21682000000.0,39095000000.0,57998000000.0,3571000000.0,-20000000.0,34259000000.0,23739000000.0,-4718000000.0,19021000000.0,97093000000.0,4122200000.0,4138000000.0,4140000000.0
Verizon Communications Inc,VZ,2S72QS2UO2OESLG6Y829,732712,2019.0,Q3TTM,2018-10-01,2019-09-30,,3.89,3.89,2.4,16929000000.0,3.88,,4591000000.0,3752000000.0,16636000000.0,16636000000.0,,16109000000.0,527000000.0,54386000000.0,131374000000.0,738000000.0,31092000000.0,54386000000.0,76988000000.0,4770000000.0,44000000.0,52612000000.0,24376000000.0,-3988000000.0,20388000000.0,131374000000.0,4122200000.0,4138000000.0,4140000000.0
Verizon Communications Inc,VZ,2S72QS2UO2OESLG6Y829,732712,2019.0,Q2,2019-04-01,2019-06-30,2019-08-08 13:04:24+00:00,0.95,0.95,,4232000000.0,0.95,,,1236000000.0,4074000000.0,4074000000.0,,3944000000.0,130000000.0,12721000000.0,32071000000.0,-1312000000.0,7268000000.0,12721000000.0,19350000000.0,1215000000.0,-13000000.0,11500000000.0,7850000000.0,-2540000000.0,5310000000.0,32071000000.0,4151600000.0,4138000000.0,4139000000.0
Verizon Communications Inc,VZ,2S72QS2UO2OESLG6Y829,732712,2019.0,Q2YTD,2019-01-01,2019-06-30,,2.17,2.17,0.6,8463000000.0,2.17,,,2864000000.0,9234000000.0,9234000000.0,,8976000000.0,258000000.0,25711000000.0,64199000000.0,-1017000000.0,14466000000.0,25711000000.0,38488000000.0,2425000000.0,-19000000.0,22929000000.0,15559000000.0,-3461000000.0,12098000000.0,64199000000.0,4151600000.0,4138000000.0,4139000000.0
Verizon Communications Inc,VZ,2S72QS2UO2OESLG6Y829,732712,2019.0,Q2TTM,2018-07-01,2019-06-30,,3.82,3.82,2.4,17192000000.0,3.82,,4591000000.0,3779000000.0,16361000000.0,16361000000.0,,15839000000.0,522000000.0,54333000000.0,131087000000.0,1062000000.0,31100000000.0,54333000000.0,76754000000.0,4835000000.0,42000000.0,52883000000.0,23871000000.0,-3731000000.0,20140000000.0,131087000000.0,4151600000.0,4138000000.0,4139000000.0
Verizon Communications Inc,VZ,2S72QS2UO2OESLG6Y829,732712,2019.0,Q1,2019-01-01,2019-03-31,2020-04-27 11:29:02+00:00,1.22,1.22,0.6025,4231000000.0,1.22,,,1628000000.0,5160000000.0,5160000000.0,,5032000000.0,128000000.0,12990000000.0,32128000000.0,295000000.0,7198000000.0,12990000000.0,19138000000.0,1210000000.0,-6000000.0,11429000000.0,7709000000.0,-921000000.0,6788000000.0,32128000000.0,4124600000.0,4138000000.0,4140000000.0
Verizon Communications Inc,VZ,2S72QS2UO2OESLG6Y829,732712,2019.0,Q1TTM,2018-04-01,2019-03-31,,3.87,3.87,2.4,17310000000.0,3.87,,4591000000.0,3824000000.0,16533000000.0,16533000000.0,,16015000000.0,518000000.0,55243000000.0,131219000000.0,2734000000.0,31437000000.0,55243000000.0,75976000000.0,4842000000.0,-173000000.0,53338000000.0,22638000000.0,-2281000000.0,20357000000.0,131219000000.0,4124600000.0,4138000000.0,4140000000.0
Verizon Communications Inc,VZ,2S72QS2UO2OESLG6Y829,732712,2020.0,Q1TTM,2019-04-01,2020-03-31,,4.44,4.44,2.45,16601000000.0,4.43,,186000000.0,2706000000.0,18915000000.0,18915000000.0,,18389000000.0,526000000.0,54032000000.0,131350000000.0,-3052000000.0,31283000000.0,54032000000.0,77318000000.0,4554000000.0,-21000000.0,48070000000.0,29248000000.0,-7627000000.0,21621000000.0,131350000000.0,4156000000.0,4139000000.0,4141000000.0
Verizon Communications Inc,VZ,2S72QS2UO2OESLG6Y829,732712,2020.0,Q1,2020-01-01,2020-03-31,2020-04-27 11:29:02+00:00,1.0,1.0,0.615,4150000000.0,1.0,,,1389000000.0,4287000000.0,4287000000.0,,4156000000.0,131000000.0,12296000000.0,31610000000.0,143000000.0,8585000000.0,12296000000.0,19314000000.0,1034000000.0,-12000000.0,12735000000.0,6579000000.0,-903000000.0,5676000000.0,31610000000.0,4156000000.0,4139000000.0,4141000000.0
