company_name,company_ticker,company_lei,company_cik,year,quarter,start_date,end_date,filing_date,basicdilutedeps,basiceps,cashdividendspershare,dilutedeps,extraordinaryincome,incometaxexpense,marketingexpense,netincome,netincomecontinuing,netincomediscontinued,netincometocommon,netincometononcontrollinginterest,operatingcostofrevenue,operatingrevenue,othergains,otherincome,otheroperatingexpenses,totalcostofrevenue,totalgrossprofit,totalinterestexpense,totalinterestincome,totaloperatingexpenses,totaloperatingincome,totalotherincome,totalpretaxincome,totalrevenue,weightedavebasicdilutedsharesos,weightedavebasicsharesos,weightedavedilutedsharesos
Kimberly-Clark Corp,KMB,MP3J6QPYPGN75NVW2S34,55785,2007.0,FY,2007-01-01,2007-12-31,2010-02-24 13:38:57+00:00,4.11,4.11,,4.08,0.0,537000000.0,3106000000.0,1951000000.0,1951000000.0,,1823000000.0,128000000.0,12562000000.0,18266000000.0,170000000.0,-67000000.0,-18000000.0,12562000000.0,5704000000.0,265000000.0,34000000.0,3088000000.0,2616000000.0,-298000000.0,2318000000.0,18266000000.0,443600000.0,443600000.0,446800000.0
Kimberly-Clark Corp,KMB,MP3J6QPYPGN75NVW2S34,55785,2008.0,FY,2008-01-01,2008-12-31,2011-02-23 13:08:22+00:00,4.04,4.04,,4.03,-8000000.0,618000000.0,3291000000.0,1829000000.0,1837000000.0,,1690000000.0,139000000.0,13557000000.0,19415000000.0,166000000.0,,20000000.0,13557000000.0,5858000000.0,304000000.0,46000000.0,3311000000.0,2547000000.0,-258000000.0,2289000000.0,19415000000.0,418500000.0,418500000.0,418500000.0
Kimberly-Clark Corp,KMB,MP3J6QPYPGN75NVW2S34,55785,2008.0,Q3,2008-07-01,2008-09-30,2009-11-06 15:29:59+00:00,0.99,0.99,0.58,0.99,0.0,154000000.0,848000000.0,448000000.0,448000000.0,,413000000.0,35000000.0,3535000000.0,4998000000.0,53000000.0,,5000000.0,3535000000.0,1463000000.0,76000000.0,15000000.0,853000000.0,610000000.0,-61000000.0,549000000.0,4998000000.0,417200000.0,417200000.0,417200000.0
Kimberly-Clark Corp,KMB,MP3J6QPYPGN75NVW2S34,55785,2009.0,FY,2009-01-01,2009-12-31,2012-02-29 11:39:21+00:00,4.53,4.53,,4.52,,746000000.0,3498000000.0,1994000000.0,1994000000.0,,1884000000.0,110000000.0,12695000000.0,19115000000.0,164000000.0,,97000000.0,12695000000.0,6420000000.0,275000000.0,26000000.0,3595000000.0,2825000000.0,-249000000.0,2576000000.0,19115000000.0,416100000.0,416100000.0,416100000.0
Kimberly-Clark Corp,KMB,MP3J6QPYPGN75NVW2S34,55785,2009.0,Q4,2009-10-01,2009-12-31,,1.18,1.18,-1.8,1.17,,184000000.0,974000000.0,522000000.0,522000000.0,,492000000.0,30000000.0,3316000000.0,4982000000.0,48000000.0,,-25000000.0,3316000000.0,1666000000.0,64000000.0,5000000.0,949000000.0,717000000.0,-59000000.0,658000000.0,4982000000.0,416100000.0,416100000.0,416100000.0
Kimberly-Clark Corp,KMB,MP3J6QPYPGN75NVW2S34,55785,2009.0,Q3,2009-07-01,2009-09-30,2010-11-08 11:20:27+00:00,1.4,1.4,0.6,1.4,,240000000.0,852000000.0,611000000.0,611000000.0,,582000000.0,29000000.0,3186000000.0,4913000000.0,40000000.0,,4000000.0,3186000000.0,1727000000.0,67000000.0,7000000.0,856000000.0,871000000.0,-60000000.0,811000000.0,4913000000.0,415900000.0,415900000.0,415900000.0
Kimberly-Clark Corp,KMB,MP3J6QPYPGN75NVW2S34,55785,2009.0,Q3YTD,2009-01-01,2009-09-30,,3.35,3.35,1.8,3.35,,562000000.0,2524000000.0,1472000000.0,1472000000.0,,1392000000.0,80000000.0,9379000000.0,14133000000.0,116000000.0,,122000000.0,9379000000.0,4754000000.0,211000000.0,21000000.0,2646000000.0,2108000000.0,-190000000.0,1918000000.0,14133000000.0,415900000.0,415900000.0,415900000.0
Kimberly-Clark Corp,KMB,MP3J6QPYPGN75NVW2S34,55785,2009.0,Q2YTD,2009-01-01,2009-06-30,,1.95,1.95,1.2,1.95,,322000000.0,1672000000.0,861000000.0,861000000.0,,810000000.0,51000000.0,6193000000.0,9220000000.0,76000000.0,,118000000.0,6193000000.0,3027000000.0,144000000.0,14000000.0,1790000000.0,1237000000.0,-130000000.0,1107000000.0,9220000000.0,415600000.0,415600000.0,415600000.0
Kimberly-Clark Corp,KMB,MP3J6QPYPGN75NVW2S34,55785,2009.0,Q2,2009-04-01,2009-06-30,2010-08-09 10:17:14+00:00,0.97,0.97,0.6,0.97,,158000000.0,923000000.0,430000000.0,430000000.0,,403000000.0,27000000.0,3154000000.0,4727000000.0,44000000.0,,41000000.0,3154000000.0,1573000000.0,71000000.0,6000000.0,964000000.0,609000000.0,-65000000.0,544000000.0,4727000000.0,415600000.0,415600000.0,415600000.0
Kimberly-Clark Corp,KMB,MP3J6QPYPGN75NVW2S34,55785,2009.0,Q1,2009-01-01,2009-03-31,2010-05-14 15:30:06+00:00,0.98,0.98,0.6,0.98,,164000000.0,749000000.0,431000000.0,431000000.0,,407000000.0,24000000.0,3039000000.0,4493000000.0,32000000.0,,77000000.0,3039000000.0,1454000000.0,73000000.0,8000000.0,826000000.0,628000000.0,-65000000.0,563000000.0,4493000000.0,415300000.0,415300000.0,415300000.0
Kimberly-Clark Corp,KMB,MP3J6QPYPGN75NVW2S34,55785,2010.0,FY,2010-01-01,2010-12-31,2013-02-22 11:35:40+00:00,4.47,4.47,2.64,4.45,,788000000.0,3673000000.0,1943000000.0,1943000000.0,,1843000000.0,100000000.0,13196000000.0,19746000000.0,181000000.0,,104000000.0,13196000000.0,6550000000.0,243000000.0,20000000.0,3777000000.0,2773000000.0,-223000000.0,2550000000.0,19746000000.0,412400000.0,412400000.0,412400000.0
Kimberly-Clark Corp,KMB,MP3J6QPYPGN75NVW2S34,55785,2010.0,Q4,2010-10-01,2010-12-31,,1.21,1.21,0.66,1.19,,171000000.0,954000000.0,520000000.0,520000000.0,,492000000.0,28000000.0,3430000000.0,5075000000.0,51000000.0,,-8000000.0,3430000000.0,1645000000.0,63000000.0,4000000.0,946000000.0,699000000.0,-59000000.0,640000000.0,5075000000.0,412400000.0,412400000.0,412400000.0
Kimberly-Clark Corp,KMB,MP3J6QPYPGN75NVW2S34,55785,2010.0,Q3YTD,2010-01-01,2010-09-30,,3.26,3.26,1.98,3.26,,617000000.0,2719000000.0,1423000000.0,1423000000.0,,1351000000.0,72000000.0,9766000000.0,14671000000.0,130000000.0,,112000000.0,9766000000.0,4905000000.0,180000000.0,16000000.0,2831000000.0,2074000000.0,-164000000.0,1910000000.0,14671000000.0,409900000.0,409900000.0,409900000.0
Kimberly-Clark Corp,KMB,MP3J6QPYPGN75NVW2S34,55785,2010.0,Q3TTM,2009-10-01,2010-09-30,,4.44,4.44,0.18,4.43,,801000000.0,3693000000.0,1945000000.0,1945000000.0,,1843000000.0,102000000.0,13082000000.0,19653000000.0,178000000.0,,87000000.0,13082000000.0,6571000000.0,244000000.0,21000000.0,3780000000.0,2791000000.0,-223000000.0,2568000000.0,19653000000.0,409900000.0,409900000.0,409900000.0
Kimberly-Clark Corp,KMB,MP3J6QPYPGN75NVW2S34,55785,2010.0,Q3,2010-07-01,2010-09-30,2011-11-04 18:27:17+00:00,1.14,1.14,0.66,1.14,,195000000.0,909000000.0,489000000.0,489000000.0,,469000000.0,20000000.0,3365000000.0,4979000000.0,40000000.0,,7000000.0,3365000000.0,1614000000.0,59000000.0,5000000.0,916000000.0,698000000.0,-54000000.0,644000000.0,4979000000.0,409900000.0,409900000.0,409900000.0
Kimberly-Clark Corp,KMB,MP3J6QPYPGN75NVW2S34,55785,2010.0,Q2YTD,2010-01-01,2010-06-30,,2.12,2.12,1.32,2.12,,422000000.0,1810000000.0,934000000.0,934000000.0,,882000000.0,52000000.0,6401000000.0,9692000000.0,90000000.0,,105000000.0,6401000000.0,3291000000.0,121000000.0,11000000.0,1915000000.0,1376000000.0,-110000000.0,1266000000.0,9692000000.0,413700000.0,413700000.0,413700000.0
Kimberly-Clark Corp,KMB,MP3J6QPYPGN75NVW2S34,55785,2010.0,Q2TTM,2009-07-01,2010-06-30,,4.7,4.7,0.12,4.69,,846000000.0,3636000000.0,2067000000.0,2067000000.0,,1956000000.0,111000000.0,12903000000.0,19587000000.0,178000000.0,,84000000.0,12903000000.0,6684000000.0,252000000.0,23000000.0,3720000000.0,2964000000.0,-229000000.0,2735000000.0,19587000000.0,413700000.0,413700000.0,413700000.0
Kimberly-Clark Corp,KMB,MP3J6QPYPGN75NVW2S34,55785,2010.0,Q2,2010-04-01,2010-06-30,2011-08-05 15:06:05+00:00,1.2,1.2,0.66,1.2,,181000000.0,929000000.0,523000000.0,523000000.0,,498000000.0,25000000.0,3213000000.0,4857000000.0,47000000.0,,4000000.0,3213000000.0,1644000000.0,60000000.0,6000000.0,933000000.0,711000000.0,-54000000.0,657000000.0,4857000000.0,413700000.0,413700000.0,413700000.0
Kimberly-Clark Corp,KMB,MP3J6QPYPGN75NVW2S34,55785,2010.0,Q1TTM,2009-04-01,2010-03-31,,4.47,4.47,0.06,4.46,,823000000.0,3630000000.0,1974000000.0,1974000000.0,,1861000000.0,113000000.0,12844000000.0,19457000000.0,175000000.0,,121000000.0,12844000000.0,6613000000.0,263000000.0,23000000.0,3751000000.0,2862000000.0,-240000000.0,2622000000.0,19457000000.0,417600000.0,417600000.0,417600000.0
Kimberly-Clark Corp,KMB,MP3J6QPYPGN75NVW2S34,55785,2010.0,Q1,2010-01-01,2010-03-31,2011-05-09 15:35:59+00:00,0.92,0.92,0.66,0.92,,241000000.0,881000000.0,411000000.0,411000000.0,,384000000.0,27000000.0,3188000000.0,4835000000.0,43000000.0,,101000000.0,3188000000.0,1647000000.0,61000000.0,5000000.0,982000000.0,665000000.0,-56000000.0,609000000.0,4835000000.0,417600000.0,417600000.0,417600000.0
Kimberly-Clark Corp,KMB,MP3J6QPYPGN75NVW2S34,55785,2011.0,Q4,2011-10-01,2011-12-31,,1.01,1.01,0.7,1.01,,161000000.0,957000000.0,422000000.0,422000000.0,,401000000.0,21000000.0,3632000000.0,5176000000.0,39000000.0,,-24000000.0,3632000000.0,1544000000.0,72000000.0,5000000.0,933000000.0,611000000.0,-67000000.0,544000000.0,5176000000.0,395700000.0,395700000.0,395700000.0
Kimberly-Clark Corp,KMB,MP3J6QPYPGN75NVW2S34,55785,2011.0,FY,2011-01-01,2011-12-31,2014-02-14 10:34:41+00:00,4.02,4.02,2.8,3.99,,660000000.0,3761000000.0,1684000000.0,1684000000.0,,1591000000.0,93000000.0,14694000000.0,20846000000.0,161000000.0,,-51000000.0,14694000000.0,6152000000.0,277000000.0,18000000.0,3710000000.0,2442000000.0,-259000000.0,2183000000.0,20846000000.0,395700000.0,395700000.0,395700000.0
Kimberly-Clark Corp,KMB,MP3J6QPYPGN75NVW2S34,55785,2011.0,Q3YTD,2011-01-01,2011-09-30,,3.01,3.01,2.1,2.98,,499000000.0,2804000000.0,1262000000.0,1262000000.0,,1190000000.0,72000000.0,11062000000.0,15670000000.0,122000000.0,,-27000000.0,11062000000.0,4608000000.0,205000000.0,13000000.0,2777000000.0,1831000000.0,-192000000.0,1639000000.0,15670000000.0,392200000.0,392200000.0,392200000.0
Kimberly-Clark Corp,KMB,MP3J6QPYPGN75NVW2S34,55785,2011.0,Q3TTM,2010-10-01,2011-09-30,,4.22,4.22,2.76,4.17,,670000000.0,3758000000.0,1782000000.0,1782000000.0,,1682000000.0,100000000.0,14492000000.0,20745000000.0,173000000.0,,-35000000.0,14492000000.0,6253000000.0,268000000.0,17000000.0,3723000000.0,2530000000.0,-251000000.0,2279000000.0,20745000000.0,392200000.0,392200000.0,392200000.0
Kimberly-Clark Corp,KMB,MP3J6QPYPGN75NVW2S34,55785,2011.0,Q3,2011-07-01,2011-09-30,2012-11-05 12:45:40+00:00,1.1,1.1,0.7,1.09,,174000000.0,943000000.0,458000000.0,458000000.0,,432000000.0,26000000.0,3794000000.0,5382000000.0,35000000.0,,-17000000.0,3794000000.0,1588000000.0,70000000.0,5000000.0,926000000.0,662000000.0,-65000000.0,597000000.0,5382000000.0,392200000.0,392200000.0,392200000.0
Kimberly-Clark Corp,KMB,MP3J6QPYPGN75NVW2S34,55785,2011.0,Q2YTD,2011-01-01,2011-06-30,,1.91,1.91,1.4,1.89,,325000000.0,1861000000.0,804000000.0,804000000.0,,758000000.0,46000000.0,7268000000.0,10288000000.0,87000000.0,,-10000000.0,7268000000.0,3020000000.0,135000000.0,8000000.0,1851000000.0,1169000000.0,-127000000.0,1042000000.0,10288000000.0,393300000.0,393300000.0,393300000.0
Kimberly-Clark Corp,KMB,MP3J6QPYPGN75NVW2S34,55785,2011.0,Q2TTM,2010-07-01,2011-06-30,,4.26,4.26,2.72,4.22,,691000000.0,3724000000.0,1813000000.0,1813000000.0,,1719000000.0,94000000.0,14063000000.0,20342000000.0,178000000.0,,-11000000.0,14063000000.0,6279000000.0,257000000.0,17000000.0,3713000000.0,2566000000.0,-240000000.0,2326000000.0,20342000000.0,393300000.0,393300000.0,393300000.0
Kimberly-Clark Corp,KMB,MP3J6QPYPGN75NVW2S34,55785,2011.0,Q2,2011-04-01,2011-06-30,2012-08-03 10:27:03+00:00,1.04,1.04,0.7,1.03,,173000000.0,940000000.0,432000000.0,432000000.0,,408000000.0,24000000.0,3702000000.0,5259000000.0,47000000.0,,-8000000.0,3702000000.0,1557000000.0,71000000.0,4000000.0,932000000.0,625000000.0,-67000000.0,558000000.0,5259000000.0,393300000.0,393300000.0,393300000.0
Kimberly-Clark Corp,KMB,MP3J6QPYPGN75NVW2S34,55785,2011.0,Q1TTM,2010-04-01,2011-03-31,,4.42,4.42,2.68,4.39,,699000000.0,3713000000.0,1904000000.0,1904000000.0,,1809000000.0,95000000.0,13574000000.0,19940000000.0,178000000.0,,1000000.0,13574000000.0,6366000000.0,246000000.0,19000000.0,3714000000.0,2652000000.0,-227000000.0,2425000000.0,19940000000.0,403400000.0,403400000.0,403400000.0
Kimberly-Clark Corp,KMB,MP3J6QPYPGN75NVW2S34,55785,2011.0,Q1,2011-01-01,2011-03-31,2012-05-04 11:33:44+00:00,0.87,0.87,0.7,0.86,,152000000.0,921000000.0,372000000.0,372000000.0,,350000000.0,22000000.0,3566000000.0,5029000000.0,40000000.0,,-2000000.0,3566000000.0,1463000000.0,64000000.0,4000000.0,919000000.0,544000000.0,-60000000.0,484000000.0,5029000000.0,403400000.0,403400000.0,403400000.0
Kimberly-Clark Corp,KMB,MP3J6QPYPGN75NVW2S34,55785,2012.0,Q4,2012-10-01,2012-12-31,,0.68,0.68,0.74,0.68,,39000000.0,754000000.0,286000000.0,85000000.0,201000000.0,267000000.0,19000000.0,2807000000.0,3711000000.0,52000000.0,,10000000.0,2807000000.0,904000000.0,73000000.0,5000000.0,764000000.0,140000000.0,-68000000.0,72000000.0,3711000000.0,393000000.0,393000000.0,393000000.0
Kimberly-Clark Corp,KMB,MP3J6QPYPGN75NVW2S34,55785,2012.0,FY,2012-01-01,2012-12-31,2015-02-18 09:11:32+00:00,4.45,4.45,2.96,4.42,,660000000.0,3757000000.0,1828000000.0,1627000000.0,201000000.0,1750000000.0,78000000.0,13338000000.0,19467000000.0,177000000.0,,-5000000.0,13338000000.0,6129000000.0,285000000.0,18000000.0,3752000000.0,2377000000.0,-267000000.0,2110000000.0,19467000000.0,393000000.0,393000000.0,393000000.0
Kimberly-Clark Corp,KMB,MP3J6QPYPGN75NVW2S34,55785,2012.0,Q3YTD,2012-01-01,2012-09-30,,3.77,3.77,2.22,3.74,,621000000.0,3003000000.0,1542000000.0,1542000000.0,,1483000000.0,59000000.0,10531000000.0,15756000000.0,125000000.0,,-15000000.0,10531000000.0,5225000000.0,212000000.0,13000000.0,2988000000.0,2237000000.0,-199000000.0,2038000000.0,15756000000.0,393900000.0,393900000.0,393900000.0
Kimberly-Clark Corp,KMB,MP3J6QPYPGN75NVW2S34,55785,2012.0,Q3TTM,2011-10-01,2012-09-30,,4.78,4.78,2.92,4.75,,782000000.0,3960000000.0,1964000000.0,1964000000.0,,1884000000.0,80000000.0,14163000000.0,20932000000.0,164000000.0,,-39000000.0,14163000000.0,6769000000.0,284000000.0,18000000.0,3921000000.0,2848000000.0,-266000000.0,2582000000.0,20932000000.0,393900000.0,393900000.0,393900000.0
Kimberly-Clark Corp,KMB,MP3J6QPYPGN75NVW2S34,55785,2012.0,Q3,2012-07-01,2012-09-30,2013-11-01 11:57:38+00:00,1.31,1.31,0.74,1.3,,223000000.0,988000000.0,537000000.0,537000000.0,,517000000.0,20000000.0,3480000000.0,5246000000.0,43000000.0,,-5000000.0,3480000000.0,1766000000.0,70000000.0,4000000.0,983000000.0,783000000.0,-66000000.0,717000000.0,5246000000.0,393900000.0,393900000.0,393900000.0
Kimberly-Clark Corp,KMB,MP3J6QPYPGN75NVW2S34,55785,2012.0,Q2YTD,2012-01-01,2012-06-30,,2.46,2.46,1.48,2.44,,398000000.0,2015000000.0,1005000000.0,1005000000.0,,966000000.0,39000000.0,7051000000.0,10510000000.0,82000000.0,,-10000000.0,7051000000.0,3459000000.0,142000000.0,9000000.0,2005000000.0,1454000000.0,-133000000.0,1321000000.0,10510000000.0,393600000.0,393600000.0,393600000.0
Kimberly-Clark Corp,KMB,MP3J6QPYPGN75NVW2S34,55785,2012.0,Q2TTM,2011-07-01,2012-06-30,,4.57,4.57,2.88,4.54,,733000000.0,3915000000.0,1885000000.0,1885000000.0,,1799000000.0,86000000.0,14477000000.0,21068000000.0,156000000.0,,-51000000.0,14477000000.0,6591000000.0,284000000.0,19000000.0,3864000000.0,2727000000.0,-265000000.0,2462000000.0,21068000000.0,393600000.0,393600000.0,393600000.0
Kimberly-Clark Corp,KMB,MP3J6QPYPGN75NVW2S34,55785,2012.0,Q2,2012-04-01,2012-06-30,2013-08-02 10:31:26+00:00,1.27,1.27,0.74,1.26,,213000000.0,1019000000.0,518000000.0,518000000.0,,498000000.0,20000000.0,3514000000.0,5269000000.0,43000000.0,,-18000000.0,3514000000.0,1755000000.0,71000000.0,5000000.0,1001000000.0,754000000.0,-66000000.0,688000000.0,5269000000.0,393600000.0,393600000.0,393600000.0
Kimberly-Clark Corp,KMB,MP3J6QPYPGN75NVW2S34,55785,2012.0,Q1TTM,2011-04-01,2012-03-31,,4.34,4.34,2.84,4.31,,693000000.0,3836000000.0,1799000000.0,1799000000.0,,1709000000.0,90000000.0,14665000000.0,21058000000.0,160000000.0,,-41000000.0,14665000000.0,6393000000.0,284000000.0,18000000.0,3795000000.0,2598000000.0,-266000000.0,2332000000.0,21058000000.0,393800000.0,393800000.0,393800000.0
Kimberly-Clark Corp,KMB,MP3J6QPYPGN75NVW2S34,55785,2012.0,Q1,2012-01-01,2012-03-31,2013-05-02 09:53:13+00:00,1.19,1.19,0.74,1.18,,185000000.0,996000000.0,487000000.0,487000000.0,,468000000.0,19000000.0,3537000000.0,5241000000.0,39000000.0,,8000000.0,3537000000.0,1704000000.0,71000000.0,4000000.0,1004000000.0,700000000.0,-67000000.0,633000000.0,5241000000.0,393800000.0,393800000.0,393800000.0
Kimberly-Clark Corp,KMB,MP3J6QPYPGN75NVW2S34,55785,2013.0,FY,2013-01-01,2013-12-31,2016-02-11 11:19:13+00:00,5.58,5.58,3.24,5.53,,828000000.0,3699000000.0,2221000000.0,2018000000.0,203000000.0,2142000000.0,79000000.0,12952000000.0,19561000000.0,205000000.0,,7000000.0,12952000000.0,6609000000.0,282000000.0,20000000.0,3706000000.0,2903000000.0,-262000000.0,2641000000.0,19561000000.0,384000000.0,384000000.0,384000000.0
Kimberly-Clark Corp,KMB,MP3J6QPYPGN75NVW2S34,55785,2013.0,Q4,2013-10-01,2013-12-31,,1.41,1.41,0.81,1.39,,143000000.0,670000000.0,558000000.0,355000000.0,203000000.0,539000000.0,19000000.0,2532000000.0,3714000000.0,48000000.0,,-5000000.0,2532000000.0,1182000000.0,71000000.0,4000000.0,665000000.0,517000000.0,-67000000.0,450000000.0,3714000000.0,384000000.0,384000000.0,384000000.0
Kimberly-Clark Corp,KMB,MP3J6QPYPGN75NVW2S34,55785,2013.0,Q3YTD,2013-01-01,2013-09-30,,4.17,4.17,2.43,4.14,,685000000.0,3029000000.0,1663000000.0,1663000000.0,,1603000000.0,60000000.0,10420000000.0,15847000000.0,157000000.0,,12000000.0,10420000000.0,5427000000.0,211000000.0,16000000.0,3041000000.0,2386000000.0,-195000000.0,2191000000.0,15847000000.0,382800000.0,382800000.0,382800000.0
Kimberly-Clark Corp,KMB,MP3J6QPYPGN75NVW2S34,55785,2013.0,Q3TTM,2012-10-01,2013-09-30,,4.85,4.85,3.17,4.82,,724000000.0,3783000000.0,1949000000.0,1748000000.0,201000000.0,1870000000.0,79000000.0,13227000000.0,19558000000.0,209000000.0,,22000000.0,13227000000.0,6331000000.0,284000000.0,21000000.0,3805000000.0,2526000000.0,-263000000.0,2263000000.0,19558000000.0,382800000.0,382800000.0,382800000.0
Kimberly-Clark Corp,KMB,MP3J6QPYPGN75NVW2S34,55785,2013.0,Q3,2013-07-01,2013-09-30,2014-10-21 11:18:59+00:00,1.43,1.43,0.81,1.42,,224000000.0,990000000.0,565000000.0,565000000.0,,546000000.0,19000000.0,3457000000.0,5262000000.0,49000000.0,,8000000.0,3457000000.0,1805000000.0,73000000.0,6000000.0,998000000.0,807000000.0,-67000000.0,740000000.0,5262000000.0,382800000.0,382800000.0,382800000.0
Kimberly-Clark Corp,KMB,MP3J6QPYPGN75NVW2S34,55785,2013.0,Q2YTD,2013-01-01,2013-06-30,,2.74,2.74,1.62,2.72,,461000000.0,2039000000.0,1098000000.0,1098000000.0,,1057000000.0,41000000.0,6963000000.0,10585000000.0,108000000.0,,4000000.0,6963000000.0,3622000000.0,138000000.0,10000000.0,2043000000.0,1579000000.0,-128000000.0,1451000000.0,10585000000.0,384700000.0,384700000.0,384700000.0
Kimberly-Clark Corp,KMB,MP3J6QPYPGN75NVW2S34,55785,2013.0,Q2TTM,2012-07-01,2013-06-30,,4.73,4.73,3.1,4.7,,723000000.0,3781000000.0,1921000000.0,1720000000.0,201000000.0,1841000000.0,80000000.0,13250000000.0,19542000000.0,203000000.0,,9000000.0,13250000000.0,6292000000.0,281000000.0,19000000.0,3790000000.0,2502000000.0,-262000000.0,2240000000.0,19542000000.0,384700000.0,384700000.0,384700000.0
Kimberly-Clark Corp,KMB,MP3J6QPYPGN75NVW2S34,55785,2013.0,Q2,2013-04-01,2013-06-30,2014-07-22 11:23:00+00:00,1.37,1.37,0.81,1.36,,238000000.0,1012000000.0,547000000.0,547000000.0,,526000000.0,21000000.0,3467000000.0,5267000000.0,55000000.0,,-8000000.0,3467000000.0,1800000000.0,71000000.0,5000000.0,1004000000.0,796000000.0,-66000000.0,730000000.0,5267000000.0,384700000.0,384700000.0,384700000.0
Kimberly-Clark Corp,KMB,MP3J6QPYPGN75NVW2S34,55785,2013.0,Q1TTM,2012-04-01,2013-03-31,,4.63,4.63,3.03,4.6,,698000000.0,3788000000.0,1892000000.0,1691000000.0,201000000.0,1813000000.0,79000000.0,13297000000.0,19544000000.0,191000000.0,,-1000000.0,13297000000.0,6247000000.0,281000000.0,19000000.0,3787000000.0,2460000000.0,-262000000.0,2198000000.0,19544000000.0,387300000.0,387300000.0,387300000.0
Kimberly-Clark Corp,KMB,MP3J6QPYPGN75NVW2S34,55785,2013.0,Q1,2013-01-01,2013-03-31,2014-04-21 13:08:41+00:00,1.37,1.37,0.81,1.36,,223000000.0,1027000000.0,551000000.0,551000000.0,,531000000.0,20000000.0,3496000000.0,5318000000.0,53000000.0,,12000000.0,3496000000.0,1822000000.0,67000000.0,5000000.0,1039000000.0,783000000.0,-62000000.0,721000000.0,5318000000.0,387300000.0,387300000.0,387300000.0
Kimberly-Clark Corp,KMB,MP3J6QPYPGN75NVW2S34,55785,2014.0,FY,2014-01-01,2014-12-31,2017-02-08 12:05:32+00:00,4.07,4.07,3.36,4.04,,856000000.0,3709000000.0,1595000000.0,1545000000.0,50000000.0,1526000000.0,69000000.0,13041000000.0,19724000000.0,146000000.0,,453000000.0,13041000000.0,6683000000.0,284000000.0,18000000.0,4162000000.0,2521000000.0,-266000000.0,2255000000.0,19724000000.0,374500000.0,374500000.0,374500000.0
Kimberly-Clark Corp,KMB,MP3J6QPYPGN75NVW2S34,55785,2014.0,Q4,2014-10-01,2014-12-31,,-0.21,-0.21,0.84,-0.22,,175000000.0,971000000.0,-63000000.0,-48000000.0,-15000000.0,-83000000.0,20000000.0,3275000000.0,4828000000.0,33000000.0,,424000000.0,3275000000.0,1553000000.0,69000000.0,5000000.0,1395000000.0,158000000.0,-64000000.0,94000000.0,4828000000.0,374500000.0,374500000.0,374500000.0
Kimberly-Clark Corp,KMB,MP3J6QPYPGN75NVW2S34,55785,2014.0,Q3,2014-07-01,2014-09-30,2015-10-21 10:55:35+00:00,1.51,1.51,0.84,1.5,,260000000.0,904000000.0,582000000.0,581000000.0,1000000.0,562000000.0,20000000.0,3291000000.0,5056000000.0,31000000.0,,-16000000.0,3291000000.0,1765000000.0,72000000.0,5000000.0,888000000.0,877000000.0,-67000000.0,810000000.0,5056000000.0,373300000.0,373300000.0,373300000.0
Kimberly-Clark Corp,KMB,MP3J6QPYPGN75NVW2S34,55785,2014.0,Q3YTD,2014-01-01,2014-09-30,,4.28,4.28,2.52,4.26,,681000000.0,2738000000.0,1658000000.0,1593000000.0,65000000.0,1609000000.0,49000000.0,9766000000.0,14896000000.0,113000000.0,,29000000.0,9766000000.0,5130000000.0,215000000.0,13000000.0,2767000000.0,2363000000.0,-202000000.0,2161000000.0,14896000000.0,373300000.0,373300000.0,373300000.0
Kimberly-Clark Corp,KMB,MP3J6QPYPGN75NVW2S34,55785,2014.0,Q3TTM,2013-10-01,2014-09-30,,5.69,5.69,3.33,5.65,,824000000.0,3408000000.0,2216000000.0,1948000000.0,268000000.0,2148000000.0,68000000.0,12298000000.0,18610000000.0,161000000.0,,24000000.0,12298000000.0,6312000000.0,286000000.0,17000000.0,3432000000.0,2880000000.0,-269000000.0,2611000000.0,18610000000.0,373300000.0,373300000.0,373300000.0
Kimberly-Clark Corp,KMB,MP3J6QPYPGN75NVW2S34,55785,2014.0,Q2YTD,2014-01-01,2014-06-30,,2.77,2.77,1.68,2.76,,421000000.0,1834000000.0,1076000000.0,1012000000.0,64000000.0,1047000000.0,29000000.0,6475000000.0,9840000000.0,82000000.0,,45000000.0,6475000000.0,3365000000.0,143000000.0,8000000.0,1879000000.0,1486000000.0,-135000000.0,1351000000.0,9840000000.0,375800000.0,375800000.0,375800000.0
Kimberly-Clark Corp,KMB,MP3J6QPYPGN75NVW2S34,55785,2014.0,Q2TTM,2013-07-01,2014-06-30,,5.61,5.61,3.3,5.57,,788000000.0,3494000000.0,2199000000.0,1932000000.0,267000000.0,2132000000.0,67000000.0,12464000000.0,18816000000.0,179000000.0,,48000000.0,12464000000.0,6352000000.0,287000000.0,18000000.0,3542000000.0,2810000000.0,-269000000.0,2541000000.0,18816000000.0,375800000.0,375800000.0,375800000.0
Kimberly-Clark Corp,KMB,MP3J6QPYPGN75NVW2S34,55785,2014.0,Q2,2014-04-01,2014-06-30,2015-07-23 10:57:53+00:00,1.35,1.35,0.84,1.35,,225000000.0,938000000.0,530000000.0,522000000.0,8000000.0,509000000.0,21000000.0,3253000000.0,4953000000.0,39000000.0,,-13000000.0,3253000000.0,1700000000.0,72000000.0,5000000.0,925000000.0,775000000.0,-67000000.0,708000000.0,4953000000.0,375800000.0,375800000.0,375800000.0
Kimberly-Clark Corp,KMB,MP3J6QPYPGN75NVW2S34,55785,2014.0,Q1TTM,2013-04-01,2014-03-31,,5.63,5.63,3.27,5.58,,801000000.0,3568000000.0,2216000000.0,1957000000.0,259000000.0,2149000000.0,67000000.0,12678000000.0,19130000000.0,195000000.0,,53000000.0,12678000000.0,6452000000.0,286000000.0,18000000.0,3621000000.0,2831000000.0,-268000000.0,2563000000.0,19130000000.0,379000000.0,379000000.0,379000000.0
Kimberly-Clark Corp,KMB,MP3J6QPYPGN75NVW2S34,55785,2014.0,Q1,2014-01-01,2014-03-31,2015-04-21 11:15:33+00:00,1.42,1.42,0.84,1.41,,196000000.0,896000000.0,546000000.0,490000000.0,56000000.0,538000000.0,8000000.0,3222000000.0,4887000000.0,43000000.0,,58000000.0,3222000000.0,1665000000.0,71000000.0,3000000.0,954000000.0,711000000.0,-68000000.0,643000000.0,4887000000.0,379000000.0,379000000.0,379000000.0
Kimberly-Clark Corp,KMB,MP3J6QPYPGN75NVW2S34,55785,2015.0,FY,2015-01-01,2015-12-31,2018-02-08 10:52:12+00:00,2.78,2.78,3.52,2.77,,418000000.0,3443000000.0,1066000000.0,1066000000.0,,1013000000.0,53000000.0,11967000000.0,18591000000.0,149000000.0,,1568000000.0,11967000000.0,6624000000.0,295000000.0,17000000.0,5011000000.0,1613000000.0,-278000000.0,1335000000.0,18591000000.0,363800000.0,363800000.0,363800000.0
Kimberly-Clark Corp,KMB,MP3J6QPYPGN75NVW2S34,55785,2015.0,Q4,2015-10-01,2015-12-31,,0.92,0.92,0.88,0.92,,252000000.0,857000000.0,344000000.0,344000000.0,,333000000.0,11000000.0,2913000000.0,4539000000.0,37000000.0,,139000000.0,2913000000.0,1626000000.0,76000000.0,5000000.0,996000000.0,630000000.0,-71000000.0,559000000.0,4539000000.0,363800000.0,363800000.0,363800000.0
Kimberly-Clark Corp,KMB,MP3J6QPYPGN75NVW2S34,55785,2015.0,Q3,2015-07-01,2015-09-30,2016-10-24 10:58:39+00:00,1.42,1.42,0.88,1.41,,217000000.0,868000000.0,529000000.0,529000000.0,,517000000.0,12000000.0,3036000000.0,4718000000.0,37000000.0,,35000000.0,3036000000.0,1682000000.0,74000000.0,4000000.0,903000000.0,779000000.0,-70000000.0,709000000.0,4718000000.0,363900000.0,363900000.0,363900000.0
Kimberly-Clark Corp,KMB,MP3J6QPYPGN75NVW2S34,55785,2015.0,Q3YTD,2015-01-01,2015-09-30,,1.86,1.86,2.64,1.85,,166000000.0,2586000000.0,722000000.0,722000000.0,,680000000.0,42000000.0,9054000000.0,14052000000.0,112000000.0,,1429000000.0,9054000000.0,4998000000.0,219000000.0,12000000.0,4015000000.0,983000000.0,-207000000.0,776000000.0,14052000000.0,363900000.0,363900000.0,363900000.0
Kimberly-Clark Corp,KMB,MP3J6QPYPGN75NVW2S34,55785,2015.0,Q3TTM,2014-10-01,2015-09-30,,1.65,1.65,3.48,1.63,,341000000.0,3557000000.0,659000000.0,674000000.0,-15000000.0,597000000.0,62000000.0,12329000000.0,18880000000.0,145000000.0,,1853000000.0,12329000000.0,6551000000.0,288000000.0,17000000.0,5410000000.0,1141000000.0,-271000000.0,870000000.0,18880000000.0,363900000.0,363900000.0,363900000.0
Kimberly-Clark Corp,KMB,MP3J6QPYPGN75NVW2S34,55785,2015.0,Q2,2015-04-01,2015-06-30,2016-07-25 11:03:54+00:00,-0.84,-0.84,0.88,-0.83,,-281000000.0,869000000.0,-293000000.0,-293000000.0,,-305000000.0,12000000.0,2986000000.0,4643000000.0,39000000.0,,1332000000.0,2986000000.0,1657000000.0,73000000.0,4000000.0,2201000000.0,-544000000.0,-69000000.0,-613000000.0,4643000000.0,364300000.0,364300000.0,364300000.0
Kimberly-Clark Corp,KMB,MP3J6QPYPGN75NVW2S34,55785,2015.0,Q2YTD,2015-01-01,2015-06-30,,0.44,0.44,1.76,0.44,,-51000000.0,1718000000.0,193000000.0,193000000.0,,163000000.0,30000000.0,6018000000.0,9334000000.0,75000000.0,,1394000000.0,6018000000.0,3316000000.0,145000000.0,8000000.0,3112000000.0,204000000.0,-137000000.0,67000000.0,9334000000.0,364300000.0,364300000.0,364300000.0
Kimberly-Clark Corp,KMB,MP3J6QPYPGN75NVW2S34,55785,2015.0,Q2TTM,2014-07-01,2015-06-30,,1.74,1.74,3.44,1.72,,384000000.0,3593000000.0,712000000.0,726000000.0,-14000000.0,642000000.0,70000000.0,12584000000.0,19218000000.0,139000000.0,,1802000000.0,12584000000.0,6634000000.0,286000000.0,18000000.0,5395000000.0,1239000000.0,-268000000.0,971000000.0,19218000000.0,364300000.0,364300000.0,364300000.0
Kimberly-Clark Corp,KMB,MP3J6QPYPGN75NVW2S34,55785,2015.0,Q1,2015-01-01,2015-03-31,2016-04-22 11:13:34+00:00,1.28,1.28,0.88,1.27,,230000000.0,849000000.0,486000000.0,486000000.0,,468000000.0,18000000.0,3032000000.0,4691000000.0,36000000.0,,62000000.0,3032000000.0,1659000000.0,72000000.0,4000000.0,911000000.0,748000000.0,-68000000.0,680000000.0,4691000000.0,365200000.0,365200000.0,365200000.0
Kimberly-Clark Corp,KMB,MP3J6QPYPGN75NVW2S34,55785,2015.0,Q1TTM,2014-04-01,2015-03-31,,3.93,3.93,3.4,3.9,,890000000.0,3662000000.0,1535000000.0,1541000000.0,-6000000.0,1456000000.0,79000000.0,12851000000.0,19528000000.0,139000000.0,,457000000.0,12851000000.0,6677000000.0,285000000.0,19000000.0,4119000000.0,2558000000.0,-266000000.0,2292000000.0,19528000000.0,365200000.0,365200000.0,365200000.0
Kimberly-Clark Corp,KMB,MP3J6QPYPGN75NVW2S34,55785,2016.0,FY,2016-01-01,2016-12-31,2019-02-07 10:35:54+00:00,6.03,6.03,3.68,5.99,,922000000.0,3300000000.0,2219000000.0,2219000000.0,,2166000000.0,53000000.0,11596000000.0,18287000000.0,132000000.0,-66000000.0,8000000.0,11596000000.0,6691000000.0,319000000.0,11000000.0,3308000000.0,3383000000.0,-374000000.0,3009000000.0,18287000000.0,359400000.0,359400000.0,359400000.0
Kimberly-Clark Corp,KMB,MP3J6QPYPGN75NVW2S34,55785,2016.0,Q4,2016-10-01,2016-12-31,,1.42,1.42,0.92,1.41,,271000000.0,795000000.0,518000000.0,518000000.0,,505000000.0,13000000.0,2911000000.0,4629000000.0,29000000.0,-66000000.0,18000000.0,2911000000.0,1718000000.0,81000000.0,2000000.0,813000000.0,905000000.0,-145000000.0,760000000.0,4629000000.0,359400000.0,359400000.0,359400000.0
Kimberly-Clark Corp,KMB,MP3J6QPYPGN75NVW2S34,55785,2016.0,Q3,2016-07-01,2016-09-30,2017-10-23 10:59:29+00:00,1.53,1.53,0.92,1.52,,227000000.0,833000000.0,563000000.0,563000000.0,,550000000.0,13000000.0,2924000000.0,4594000000.0,33000000.0,,1000000.0,2924000000.0,1670000000.0,81000000.0,2000000.0,834000000.0,836000000.0,-79000000.0,757000000.0,4594000000.0,359200000.0,359200000.0,359200000.0
Kimberly-Clark Corp,KMB,MP3J6QPYPGN75NVW2S34,55785,2016.0,Q3YTD,2016-01-01,2016-09-30,,4.61,4.61,2.76,4.58,,651000000.0,2505000000.0,1701000000.0,1701000000.0,,1661000000.0,40000000.0,8685000000.0,13658000000.0,103000000.0,,-10000000.0,8685000000.0,4973000000.0,238000000.0,9000000.0,2495000000.0,2478000000.0,-229000000.0,2249000000.0,13658000000.0,359200000.0,359200000.0,359200000.0
Kimberly-Clark Corp,KMB,MP3J6QPYPGN75NVW2S34,55785,2016.0,Q3TTM,2015-10-01,2016-09-30,,5.53,5.53,3.64,5.5,,903000000.0,3362000000.0,2045000000.0,2045000000.0,,1994000000.0,51000000.0,11598000000.0,18197000000.0,140000000.0,,129000000.0,11598000000.0,6599000000.0,314000000.0,14000000.0,3491000000.0,3108000000.0,-300000000.0,2808000000.0,18197000000.0,359200000.0,359200000.0,359200000.0
Kimberly-Clark Corp,KMB,MP3J6QPYPGN75NVW2S34,55785,2016.0,Q2,2016-04-01,2016-06-30,2017-07-25 11:13:20+00:00,1.57,1.57,0.92,1.56,,217000000.0,847000000.0,578000000.0,578000000.0,,566000000.0,12000000.0,2924000000.0,4588000000.0,35000000.0,,-21000000.0,2924000000.0,1664000000.0,81000000.0,3000000.0,826000000.0,838000000.0,-78000000.0,760000000.0,4588000000.0,360000000.0,360000000.0,360000000.0
Kimberly-Clark Corp,KMB,MP3J6QPYPGN75NVW2S34,55785,2016.0,Q2YTD,2016-01-01,2016-06-30,,3.08,3.08,1.84,3.06,,424000000.0,1672000000.0,1138000000.0,1138000000.0,,1111000000.0,27000000.0,5761000000.0,9064000000.0,70000000.0,,-11000000.0,5761000000.0,3303000000.0,157000000.0,7000000.0,1661000000.0,1642000000.0,-150000000.0,1492000000.0,9064000000.0,360000000.0,360000000.0,360000000.0
Kimberly-Clark Corp,KMB,MP3J6QPYPGN75NVW2S34,55785,2016.0,Q2TTM,2015-07-01,2016-06-30,,5.42,5.42,3.6,5.39,,893000000.0,3397000000.0,2011000000.0,2011000000.0,,1961000000.0,50000000.0,11710000000.0,18321000000.0,144000000.0,,163000000.0,11710000000.0,6611000000.0,307000000.0,16000000.0,3560000000.0,3051000000.0,-291000000.0,2760000000.0,18321000000.0,360000000.0,360000000.0,360000000.0
Kimberly-Clark Corp,KMB,MP3J6QPYPGN75NVW2S34,55785,2016.0,Q1,2016-01-01,2016-03-31,2017-04-24 11:12:09+00:00,1.51,1.51,0.92,1.5,,207000000.0,825000000.0,560000000.0,560000000.0,,545000000.0,15000000.0,2837000000.0,4476000000.0,35000000.0,,10000000.0,2837000000.0,1639000000.0,76000000.0,4000000.0,835000000.0,804000000.0,-72000000.0,732000000.0,4476000000.0,360700000.0,360700000.0,360700000.0
Kimberly-Clark Corp,KMB,MP3J6QPYPGN75NVW2S34,55785,2016.0,Q1TTM,2015-04-01,2016-03-31,,3.01,3.01,3.56,3.0,,395000000.0,3419000000.0,1140000000.0,1140000000.0,,1090000000.0,50000000.0,11772000000.0,18376000000.0,148000000.0,,1516000000.0,11772000000.0,6604000000.0,299000000.0,17000000.0,4935000000.0,1669000000.0,-282000000.0,1387000000.0,18376000000.0,360700000.0,360700000.0,360700000.0
Kimberly-Clark Corp,KMB,MP3J6QPYPGN75NVW2S34,55785,2017.0,FY,2017-01-01,2017-12-31,2020-02-13 16:28:27+00:00,6.44,6.44,3.88,6.4,,776000000.0,3202000000.0,2319000000.0,2319000000.0,,2278000000.0,41000000.0,11761000000.0,18348000000.0,104000000.0,-59000000.0,27000000.0,11761000000.0,6587000000.0,318000000.0,10000000.0,3229000000.0,3358000000.0,-367000000.0,2991000000.0,18348000000.0,353700000.0,353700000.0,355900000.0
Kimberly-Clark Corp,KMB,MP3J6QPYPGN75NVW2S34,55785,2017.0,Q4,2017-10-01,2017-12-31,,1.75,1.75,-2.91,1.74,,143000000.0,753000000.0,625000000.0,625000000.0,,617000000.0,8000000.0,2995000000.0,4603000000.0,25000000.0,-16000000.0,27000000.0,2995000000.0,1608000000.0,72000000.0,3000000.0,780000000.0,828000000.0,-85000000.0,743000000.0,4603000000.0,353700000.0,353700000.0,355900000.0
Kimberly-Clark Corp,KMB,MP3J6QPYPGN75NVW2S34,55785,2017.0,Q3,2017-07-01,2017-09-30,2018-10-22 11:10:35+00:00,1.61,1.61,0.97,1.6,,224000000.0,807000000.0,579000000.0,579000000.0,,567000000.0,12000000.0,2998000000.0,4665000000.0,24000000.0,-14000000.0,-8000000.0,2998000000.0,1667000000.0,78000000.0,3000000.0,799000000.0,868000000.0,-89000000.0,779000000.0,4665000000.0,352700000.0,352700000.0,352700000.0
Kimberly-Clark Corp,KMB,MP3J6QPYPGN75NVW2S34,55785,2017.0,Q3YTD,2017-01-01,2017-09-30,,4.69,4.69,2.91,4.66,,633000000.0,2449000000.0,1694000000.0,1694000000.0,,1661000000.0,33000000.0,8766000000.0,13745000000.0,79000000.0,-43000000.0,,8766000000.0,4979000000.0,246000000.0,7000000.0,2449000000.0,2530000000.0,-282000000.0,2248000000.0,13745000000.0,352700000.0,352700000.0,352700000.0
Kimberly-Clark Corp,KMB,MP3J6QPYPGN75NVW2S34,55785,2017.0,Q3TTM,2016-10-01,2017-09-30,,6.11,6.11,3.83,6.07,,904000000.0,3244000000.0,2212000000.0,2212000000.0,,2166000000.0,46000000.0,11677000000.0,18374000000.0,108000000.0,-109000000.0,18000000.0,11677000000.0,6697000000.0,327000000.0,9000000.0,3262000000.0,3435000000.0,-427000000.0,3008000000.0,18374000000.0,352700000.0,352700000.0,352700000.0
Kimberly-Clark Corp,KMB,MP3J6QPYPGN75NVW2S34,55785,2017.0,Q2,2017-04-01,2017-06-30,2018-07-24 11:16:31+00:00,1.5,1.5,0.97,1.49,,202000000.0,835000000.0,540000000.0,540000000.0,,531000000.0,9000000.0,2924000000.0,4576000000.0,26000000.0,-15000000.0,3000000.0,2924000000.0,1652000000.0,85000000.0,2000000.0,838000000.0,814000000.0,-98000000.0,716000000.0,4576000000.0,354400000.0,354400000.0,354400000.0
Kimberly-Clark Corp,KMB,MP3J6QPYPGN75NVW2S34,55785,2017.0,Q2YTD,2017-01-01,2017-06-30,,3.08,3.08,1.94,3.06,,409000000.0,1642000000.0,1115000000.0,1115000000.0,,1094000000.0,21000000.0,5768000000.0,9080000000.0,55000000.0,-29000000.0,8000000.0,5768000000.0,3312000000.0,168000000.0,4000000.0,1650000000.0,1662000000.0,-193000000.0,1469000000.0,9080000000.0,354400000.0,354400000.0,354400000.0
Kimberly-Clark Corp,KMB,MP3J6QPYPGN75NVW2S34,55785,2017.0,Q2TTM,2016-07-01,2017-06-30,,6.03,6.03,3.78,5.99,,907000000.0,3270000000.0,2196000000.0,2196000000.0,,2149000000.0,47000000.0,11603000000.0,18303000000.0,117000000.0,-95000000.0,27000000.0,11603000000.0,6700000000.0,330000000.0,8000000.0,3297000000.0,3403000000.0,-417000000.0,2986000000.0,18303000000.0,354400000.0,354400000.0,354400000.0
Kimberly-Clark Corp,KMB,MP3J6QPYPGN75NVW2S34,55785,2017.0,Q1,2017-01-01,2017-03-31,2018-04-23 11:12:10+00:00,1.58,1.58,0.97,1.57,,207000000.0,807000000.0,575000000.0,575000000.0,,563000000.0,12000000.0,2844000000.0,4504000000.0,29000000.0,-14000000.0,5000000.0,2844000000.0,1660000000.0,83000000.0,2000000.0,812000000.0,848000000.0,-95000000.0,753000000.0,4504000000.0,356000000.0,356000000.0,356000000.0
Kimberly-Clark Corp,KMB,MP3J6QPYPGN75NVW2S34,55785,2017.0,Q1TTM,2016-04-01,2017-03-31,,6.1,6.1,3.73,6.06,,922000000.0,3282000000.0,2234000000.0,2234000000.0,,2184000000.0,50000000.0,11603000000.0,18315000000.0,126000000.0,-80000000.0,3000000.0,11603000000.0,6712000000.0,326000000.0,9000000.0,3285000000.0,3427000000.0,-397000000.0,3030000000.0,18315000000.0,356000000.0,356000000.0,356000000.0
Kimberly-Clark Corp,KMB,MP3J6QPYPGN75NVW2S34,55785,2018.0,FY,2018-01-01,2018-12-31,2020-02-13 16:28:27+00:00,4.05,4.05,4.0,4.03,,471000000.0,3367000000.0,1445000000.0,1445000000.0,,1410000000.0,35000000.0,12889000000.0,18486000000.0,103000000.0,-163000000.0,1000000.0,12889000000.0,5597000000.0,263000000.0,10000000.0,3368000000.0,2229000000.0,-416000000.0,1813000000.0,18486000000.0,348100000.0,348100000.0,349900000.0
Kimberly-Clark Corp,KMB,MP3J6QPYPGN75NVW2S34,55785,2018.0,Q4,2018-10-01,2018-12-31,,1.18,1.18,,1.18,,91000000.0,768000000.0,421000000.0,421000000.0,,411000000.0,10000000.0,3167000000.0,4569000000.0,23000000.0,-88000000.0,-5000000.0,3167000000.0,1402000000.0,65000000.0,3000000.0,763000000.0,639000000.0,-150000000.0,489000000.0,4569000000.0,348100000.0,348100000.0,349900000.0
Kimberly-Clark Corp,KMB,MP3J6QPYPGN75NVW2S34,55785,2018.0,Q3,2018-07-01,2018-09-30,2019-10-22 11:03:50+00:00,1.3,1.3,,1.29,,138000000.0,749000000.0,462000000.0,462000000.0,,451000000.0,11000000.0,3166000000.0,4582000000.0,23000000.0,-30000000.0,-2000000.0,3166000000.0,1416000000.0,64000000.0,2000000.0,747000000.0,669000000.0,-92000000.0,577000000.0,4582000000.0,346900000.0,346900000.0,349600000.0
Kimberly-Clark Corp,KMB,MP3J6QPYPGN75NVW2S34,55785,2018.0,Q3YTD,2018-01-01,2018-09-30,,2.87,2.87,,2.85,,380000000.0,2599000000.0,1024000000.0,1024000000.0,,999000000.0,25000000.0,9722000000.0,13917000000.0,80000000.0,-75000000.0,6000000.0,9722000000.0,4195000000.0,198000000.0,7000000.0,2605000000.0,1590000000.0,-266000000.0,1324000000.0,13917000000.0,346900000.0,346900000.0,349600000.0
Kimberly-Clark Corp,KMB,MP3J6QPYPGN75NVW2S34,55785,2018.0,Q3TTM,2017-10-01,2018-09-30,,4.62,4.62,-2.91,4.59,,523000000.0,3352000000.0,1649000000.0,1649000000.0,,1616000000.0,33000000.0,12717000000.0,18520000000.0,105000000.0,-91000000.0,33000000.0,12717000000.0,5803000000.0,270000000.0,10000000.0,3385000000.0,2418000000.0,-351000000.0,2067000000.0,18520000000.0,346900000.0,346900000.0,349600000.0
Kimberly-Clark Corp,KMB,MP3J6QPYPGN75NVW2S34,55785,2018.0,Q2,2018-04-01,2018-06-30,2019-07-23 11:19:57+00:00,1.3,1.3,,1.3,,138000000.0,771000000.0,465000000.0,465000000.0,,455000000.0,10000000.0,3149000000.0,4604000000.0,30000000.0,-36000000.0,10000000.0,3149000000.0,1455000000.0,68000000.0,3000000.0,781000000.0,674000000.0,-101000000.0,573000000.0,4604000000.0,350000000.0,350000000.0,350000000.0
Kimberly-Clark Corp,KMB,MP3J6QPYPGN75NVW2S34,55785,2018.0,Q2YTD,2018-01-01,2018-06-30,,1.57,1.57,,1.56,,242000000.0,1850000000.0,562000000.0,562000000.0,,548000000.0,14000000.0,6556000000.0,9335000000.0,57000000.0,-45000000.0,8000000.0,6556000000.0,2779000000.0,134000000.0,5000000.0,1858000000.0,921000000.0,-174000000.0,747000000.0,9335000000.0,350000000.0,350000000.0,350000000.0
Kimberly-Clark Corp,KMB,MP3J6QPYPGN75NVW2S34,55785,2018.0,Q2TTM,2017-07-01,2018-06-30,,4.93,4.93,-1.94,4.9,,609000000.0,3410000000.0,1766000000.0,1766000000.0,,1732000000.0,34000000.0,12549000000.0,18603000000.0,106000000.0,-75000000.0,27000000.0,12549000000.0,6054000000.0,284000000.0,11000000.0,3437000000.0,2617000000.0,-348000000.0,2269000000.0,18603000000.0,350000000.0,350000000.0,350000000.0
Kimberly-Clark Corp,KMB,MP3J6QPYPGN75NVW2S34,55785,2018.0,Q1,2018-01-01,2018-03-31,2019-04-22 11:14:57+00:00,0.27,0.27,1.0,0.26,,104000000.0,1079000000.0,97000000.0,97000000.0,,93000000.0,4000000.0,3407000000.0,4731000000.0,27000000.0,-9000000.0,-2000000.0,3407000000.0,1324000000.0,66000000.0,2000000.0,1077000000.0,247000000.0,-73000000.0,174000000.0,4731000000.0,344400000.0,344400000.0,357700000.0
Kimberly-Clark Corp,KMB,MP3J6QPYPGN75NVW2S34,55785,2018.0,Q1TTM,2017-04-01,2018-03-31,,5.13,5.13,-0.97,5.09,,673000000.0,3474000000.0,1841000000.0,1841000000.0,,1808000000.0,33000000.0,12324000000.0,18575000000.0,102000000.0,-54000000.0,20000000.0,12324000000.0,6251000000.0,301000000.0,10000000.0,3494000000.0,2757000000.0,-345000000.0,2412000000.0,18575000000.0,344400000.0,344400000.0,357700000.0
Kimberly-Clark Corp,KMB,MP3J6QPYPGN75NVW2S34,55785,2019.0,FY,2019-01-01,2019-12-31,2020-02-13 16:28:27+00:00,6.28,6.28,4.12,6.24,,576000000.0,3254000000.0,2197000000.0,2197000000.0,,2157000000.0,40000000.0,12415000000.0,18450000000.0,123000000.0,-91000000.0,-210000000.0,12415000000.0,6035000000.0,261000000.0,11000000.0,3044000000.0,2991000000.0,-341000000.0,2650000000.0,18450000000.0,343500000.0,343500000.0,345700000.0
Kimberly-Clark Corp,KMB,MP3J6QPYPGN75NVW2S34,55785,2019.0,Q4,2019-10-01,2019-12-31,,1.6,1.6,4.12,1.59,,109000000.0,859000000.0,556000000.0,556000000.0,,547000000.0,9000000.0,3050000000.0,4616000000.0,32000000.0,-58000000.0,-44000000.0,3050000000.0,1566000000.0,63000000.0,3000000.0,815000000.0,751000000.0,-118000000.0,633000000.0,4616000000.0,343500000.0,343500000.0,345700000.0
Kimberly-Clark Corp,KMB,MP3J6QPYPGN75NVW2S34,55785,2019.0,Q3,2019-07-01,2019-09-30,2019-10-22 11:03:50+00:00,1.95,1.95,,1.94,,192000000.0,815000000.0,680000000.0,680000000.0,,671000000.0,9000000.0,3085000000.0,4640000000.0,31000000.0,-11000000.0,-175000000.0,3085000000.0,1555000000.0,66000000.0,3000000.0,640000000.0,915000000.0,-74000000.0,841000000.0,4640000000.0,344100000.0,344100000.0,345900000.0
Kimberly-Clark Corp,KMB,MP3J6QPYPGN75NVW2S34,55785,2019.0,Q3YTD,2019-01-01,2019-09-30,,4.68,4.68,,4.65,,467000000.0,2395000000.0,1641000000.0,1641000000.0,,1610000000.0,31000000.0,9365000000.0,13867000000.0,91000000.0,-33000000.0,-166000000.0,9365000000.0,4469000000.0,198000000.0,8000000.0,2229000000.0,2240000000.0,-223000000.0,2017000000.0,13834000000.0,344100000.0,344100000.0,345900000.0
Kimberly-Clark Corp,KMB,MP3J6QPYPGN75NVW2S34,55785,2019.0,Q3TTM,2018-10-01,2019-09-30,,5.86,5.86,3.0,5.83,,558000000.0,3163000000.0,2062000000.0,2062000000.0,,2021000000.0,41000000.0,12532000000.0,18436000000.0,114000000.0,-121000000.0,-171000000.0,12532000000.0,5871000000.0,263000000.0,11000000.0,2992000000.0,2879000000.0,-373000000.0,2506000000.0,18403000000.0,344100000.0,344100000.0,345900000.0
Kimberly-Clark Corp,KMB,MP3J6QPYPGN75NVW2S34,55785,2019.0,Q2YTD,2019-01-01,2019-06-30,,2.73,2.73,,2.71,,275000000.0,1580000000.0,961000000.0,961000000.0,,939000000.0,22000000.0,6280000000.0,9227000000.0,60000000.0,-22000000.0,9000000.0,6280000000.0,2914000000.0,132000000.0,5000000.0,1589000000.0,1325000000.0,-149000000.0,1176000000.0,9194000000.0,344000000.0,344000000.0,346400000.0
Kimberly-Clark Corp,KMB,MP3J6QPYPGN75NVW2S34,55785,2019.0,Q2TTM,2018-07-01,2019-06-30,,5.21,5.21,3.0,5.18,,504000000.0,3097000000.0,1844000000.0,1844000000.0,,1801000000.0,43000000.0,12613000000.0,18378000000.0,106000000.0,-140000000.0,2000000.0,12613000000.0,5732000000.0,261000000.0,10000000.0,3099000000.0,2633000000.0,-391000000.0,2242000000.0,18345000000.0,344000000.0,344000000.0,346400000.0
Kimberly-Clark Corp,KMB,MP3J6QPYPGN75NVW2S34,55785,2019.0,Q2,2019-04-01,2019-06-30,2019-07-23 11:19:57+00:00,1.41,1.41,,1.4,,132000000.0,811000000.0,495000000.0,495000000.0,,485000000.0,10000000.0,3108000000.0,4594000000.0,33000000.0,-11000000.0,5000000.0,3108000000.0,1486000000.0,67000000.0,2000000.0,816000000.0,670000000.0,-76000000.0,594000000.0,4594000000.0,344000000.0,344000000.0,346400000.0
Kimberly-Clark Corp,KMB,MP3J6QPYPGN75NVW2S34,55785,2019.0,Q1,2019-01-01,2019-03-31,2020-04-22 11:21:44+00:00,1.32,1.32,1.03,1.31,,143000000.0,769000000.0,466000000.0,466000000.0,,454000000.0,12000000.0,3172000000.0,4633000000.0,27000000.0,-11000000.0,4000000.0,3172000000.0,1428000000.0,65000000.0,3000000.0,773000000.0,655000000.0,-73000000.0,582000000.0,4600000000.0,343900000.0,343900000.0,346600000.0
Kimberly-Clark Corp,KMB,MP3J6QPYPGN75NVW2S34,55785,2019.0,Q1TTM,2018-04-01,2019-03-31,,5.1,5.1,3.0,5.08,,510000000.0,3057000000.0,1814000000.0,1814000000.0,,1771000000.0,43000000.0,12654000000.0,18388000000.0,103000000.0,-165000000.0,7000000.0,12654000000.0,5701000000.0,262000000.0,11000000.0,3064000000.0,2637000000.0,-416000000.0,2221000000.0,18355000000.0,343900000.0,343900000.0,346600000.0
Kimberly-Clark Corp,KMB,MP3J6QPYPGN75NVW2S34,55785,2020.0,Q1TTM,2019-04-01,2020-03-31,,6.89,6.89,4.12,6.85,,630000000.0,3358000000.0,2406000000.0,2406000000.0,,2363000000.0,43000000.0,12452000000.0,18826000000.0,134000000.0,-91000000.0,-200000000.0,12452000000.0,6398000000.0,257000000.0,10000000.0,3158000000.0,3240000000.0,-338000000.0,2902000000.0,18850000000.0,342000000.0,342000000.0,343800000.0
Kimberly-Clark Corp,KMB,MP3J6QPYPGN75NVW2S34,55785,2020.0,Q1,2020-01-01,2020-03-31,2020-04-22 11:21:44+00:00,1.93,1.93,1.07,1.92,,197000000.0,873000000.0,675000000.0,675000000.0,,660000000.0,15000000.0,3209000000.0,5009000000.0,38000000.0,-11000000.0,14000000.0,3209000000.0,1791000000.0,61000000.0,2000000.0,887000000.0,904000000.0,-70000000.0,834000000.0,5000000000.0,342000000.0,342000000.0,343800000.0
