company_name,company_ticker,company_lei,company_cik,year,quarter,start_date,end_date,filing_date,basicdilutedeps,basiceps,cashdividendspershare,dilutedeps,impairmentexpense,incometaxexpense,netincome,netincomecontinuing,netincomediscontinued,netincometocommon,netincometononcontrollinginterest,operatingcostofrevenue,operatingrevenue,otheradjustmentstonetincometocommon,otherincome,otheroperatingexpenses,preferreddividends,sgaexpense,totalcostofrevenue,totalgrossprofit,totalinterestexpense,totaloperatingexpenses,totaloperatingincome,totalotherincome,totalpretaxincome,totalrevenue,weightedavebasicdilutedsharesos,weightedavebasicsharesos,weightedavedilutedsharesos
CVS Health Corp,CVS,549300EJG376EN5NQE29,64803,2007.0,FY,2006-12-31,2007-12-29,2010-02-26 17:00:54+00:00,1.97,1.97,0.22875,1.92,,1722000000.0,2637000000.0,2637000000.0,0.0,2623000000.0,,60222000000.0,76330000000.0,,,,14000000.0,11314000000.0,60222000000.0,16108000000.0,435000000.0,11314000000.0,4794000000.0,-435000000.0,4359000000.0,76330000000.0,1331500000.0,1328000000.0,1372000000.0
CVS Health Corp,CVS,549300EJG376EN5NQE29,64803,2008.0,FY,2007-12-30,2008-12-31,2011-02-18 16:16:30+00:00,2.23,2.23,0.258,2.18,,2193000000.0,3212000000.0,3344000000.0,-132000000.0,3198000000.0,,69182000000.0,87472000000.0,,,,14000000.0,12244000000.0,69182000000.0,18290000000.0,509000000.0,12244000000.0,6046000000.0,-509000000.0,5537000000.0,87472000000.0,1434100000.0,1434000000.0,1469000000.0
CVS Health Corp,CVS,549300EJG376EN5NQE29,64803,2008.0,Q3,2008-06-29,2008-09-27,2009-11-05 14:11:40+00:00,0.51,0.51,0.069,0.5,,534700000.0,736000000.0,818800000.0,-82800000.0,732500000.0,,16462800000.0,20863400000.0,,,,3500000.0,2934400000.0,16462800000.0,4400600000.0,112700000.0,2934400000.0,1466200000.0,-112700000.0,1353500000.0,20863400000.0,1436300000.0,1435500000.0,1469700000.0
CVS Health Corp,CVS,549300EJG376EN5NQE29,64803,2008.0,Q2,2008-03-30,2008-06-28,2009-08-04 17:01:47+00:00,0.54,0.54,0.06,0.53,,539900000.0,774800000.0,823500000.0,-48700000.0,771200000.0,,16767100000.0,21140300000.0,,,,3600000.0,2895100000.0,16767100000.0,4373200000.0,114700000.0,2895100000.0,1478100000.0,-114700000.0,1363400000.0,21140300000.0,1428100000.0,1431800000.0,1468700000.0
CVS Health Corp,CVS,549300EJG376EN5NQE29,64803,2009.0,FY,2009-01-01,2009-12-31,2012-02-17 13:38:28+00:00,2.58,2.58,0.305,2.55,,2200000000.0,3696000000.0,3700000000.0,-4000000.0,3696000000.0,,77857000000.0,98215000000.0,,,,,13933000000.0,77857000000.0,20358000000.0,525000000.0,13933000000.0,6425000000.0,-525000000.0,5900000000.0,98215000000.0,1432600000.0,1434000000.0,1450000000.0
CVS Health Corp,CVS,549300EJG376EN5NQE29,64803,2009.0,Q4,2009-10-01,2009-12-31,,0.75,0.75,0.08,0.74,,705200000.0,1050500000.0,1044900000.0,5600000.0,1050500000.0,,19762100000.0,25307900000.0,,,,,3663600000.0,19762100000.0,5545800000.0,132100000.0,3663600000.0,1882200000.0,-132100000.0,1750100000.0,25307900000.0,1432600000.0,1434000000.0,1450000000.0
CVS Health Corp,CVS,549300EJG376EN5NQE29,64803,2009.0,Q3,2009-07-01,2009-09-30,2010-11-03 17:01:44+00:00,0.71,0.71,0.0763,0.71,,420000000.0,1021000000.0,1023000000.0,-2000000.0,1021000000.0,0.0,19630000000.0,24642000000.0,,,,,3446000000.0,19630000000.0,5012000000.0,123000000.0,3446000000.0,1566000000.0,-123000000.0,1443000000.0,24642000000.0,1438000000.0,1429000000.0,1445000000.0
CVS Health Corp,CVS,549300EJG376EN5NQE29,64803,2009.0,Q3YTD,2009-01-01,2009-09-30,,1.83,1.83,0.23,1.81,,1494800000.0,2645500000.0,2655100000.0,-9600000.0,2645500000.0,,58094900000.0,72907100000.0,,,,,10269400000.0,58094900000.0,14812200000.0,392900000.0,10269400000.0,4542800000.0,-392900000.0,4149900000.0,72907100000.0,1438000000.0,1429000000.0,1445000000.0
CVS Health Corp,CVS,549300EJG376EN5NQE29,64803,2009.0,Q2,2009-04-01,2009-06-30,2009-08-04 17:01:47+00:00,0.61,0.61,0.0763,0.6,,582800000.0,886500000.0,889100000.0,-2600000.0,886500000.0,,19818900000.0,24871100000.0,,,,0.0,3452400000.0,19818900000.0,5052200000.0,127900000.0,3452400000.0,1599800000.0,-127900000.0,1471900000.0,24871100000.0,1453300000.0,1456900000.0,1471800000.0
CVS Health Corp,CVS,549300EJG376EN5NQE29,64803,2009.0,Q2YTD,2009-01-01,2009-06-30,,1.12,1.12,0.15,1.1,,1074800000.0,1624500000.0,1632100000.0,-7600000.0,1624500000.0,,38464900000.0,48265100000.0,,,,,6823400000.0,38464900000.0,9800200000.0,269900000.0,6823400000.0,2976800000.0,-269900000.0,2706900000.0,48265100000.0,1453300000.0,1456900000.0,1471800000.0
CVS Health Corp,CVS,549300EJG376EN5NQE29,64803,2009.0,Q1,2009-01-01,2009-03-31,2010-05-04 16:31:41+00:00,0.51,0.51,0.07625,0.5,,492000000.0,738000000.0,743000000.0,-5000000.0,738000000.0,0.0,18646000000.0,23394000000.0,,,,,3371000000.0,18646000000.0,4748000000.0,142000000.0,3371000000.0,1377000000.0,-142000000.0,1235000000.0,23394000000.0,1447100000.0,1450000000.0,1469000000.0
CVS Health Corp,CVS,549300EJG376EN5NQE29,64803,2010.0,Q4,2010-10-01,2010-12-31,,0.75,0.75,0.09,0.75,,597000000.0,1025000000.0,1009000000.0,16000000.0,1026000000.0,-1000000.0,18707000000.0,24136000000.0,,,,,3687000000.0,18707000000.0,5429000000.0,136000000.0,3687000000.0,1742000000.0,-136000000.0,1606000000.0,24136000000.0,1365300000.0,1367000000.0,1377000000.0
CVS Health Corp,CVS,549300EJG376EN5NQE29,64803,2010.0,FY,2010-01-01,2010-12-31,2013-02-15 17:28:33+00:00,2.51,2.51,0.35,2.49,,2179000000.0,3424000000.0,3422000000.0,2000000.0,3427000000.0,-3000000.0,75559000000.0,95778000000.0,,,,,14082000000.0,75559000000.0,20219000000.0,536000000.0,14082000000.0,6137000000.0,-536000000.0,5601000000.0,95778000000.0,1365300000.0,1367000000.0,1377000000.0
CVS Health Corp,CVS,549300EJG376EN5NQE29,64803,2010.0,Q3,2010-07-01,2010-09-30,2010-11-03 17:01:44+00:00,0.59,0.59,0.0875,0.59,,528000000.0,808000000.0,819000000.0,-11000000.0,809000000.0,-1000000.0,18851000000.0,23875000000.0,,,,,3540000000.0,18851000000.0,5024000000.0,137000000.0,3540000000.0,1484000000.0,-137000000.0,1347000000.0,23875000000.0,1371200000.0,1360000000.0,1368000000.0
CVS Health Corp,CVS,549300EJG376EN5NQE29,64803,2010.0,Q3YTD,2010-01-01,2010-09-30,,1.76,1.76,0.26,1.74,,1582000000.0,2399000000.0,2413000000.0,-14000000.0,2401000000.0,-2000000.0,56852000000.0,71642000000.0,,,,,10395000000.0,56852000000.0,14790000000.0,400000000.0,10395000000.0,4395000000.0,-400000000.0,3995000000.0,71642000000.0,1371200000.0,1360000000.0,1368000000.0
CVS Health Corp,CVS,549300EJG376EN5NQE29,64803,2010.0,Q3TTM,2009-10-01,2010-09-30,,2.51,2.51,0.34,2.48,,2287200000.0,3449500000.0,3457900000.0,-8400000.0,3451500000.0,-2000000.0,76614100000.0,96949900000.0,,,,,14058600000.0,76614100000.0,20335800000.0,532100000.0,14058600000.0,6277200000.0,-532100000.0,5745100000.0,96949900000.0,1371200000.0,1360000000.0,1368000000.0
CVS Health Corp,CVS,549300EJG376EN5NQE29,64803,2010.0,Q2,2010-04-01,2010-06-30,2010-07-28 18:02:35+00:00,0.61,0.61,0.0875,0.6,,544000000.0,821000000.0,822000000.0,-1000000.0,821000000.0,0.0,18987000000.0,24007000000.0,,,,,3519000000.0,18987000000.0,5020000000.0,135000000.0,3519000000.0,1501000000.0,-135000000.0,1366000000.0,24007000000.0,1345900000.0,1359000000.0,1369000000.0
CVS Health Corp,CVS,549300EJG376EN5NQE29,64803,2010.0,Q2YTD,2010-01-01,2010-06-30,,1.17,1.17,0.18,1.15,,1054000000.0,1591000000.0,1594000000.0,-3000000.0,1592000000.0,-1000000.0,38001000000.0,47767000000.0,,,,,6855000000.0,38001000000.0,9766000000.0,263000000.0,6855000000.0,2911000000.0,-263000000.0,2648000000.0,47767000000.0,1345900000.0,1359000000.0,1369000000.0
CVS Health Corp,CVS,549300EJG376EN5NQE29,64803,2010.0,Q2TTM,2009-07-01,2010-06-30,,2.63,2.63,0.33,2.6,,2179200000.0,3662500000.0,3661900000.0,600000.0,3663500000.0,-1000000.0,77393100000.0,97716900000.0,,,,,13964600000.0,77393100000.0,20323800000.0,518100000.0,13964600000.0,6359200000.0,-518100000.0,5841100000.0,97716900000.0,1345900000.0,1359000000.0,1369000000.0
CVS Health Corp,CVS,549300EJG376EN5NQE29,64803,2010.0,Q1,2010-01-01,2010-03-31,2010-05-04 16:31:41+00:00,0.56,0.56,0.0875,0.55,,510000000.0,770000000.0,772000000.0,-2000000.0,771000000.0,-1000000.0,19014000000.0,23760000000.0,,,,,3336000000.0,19014000000.0,4746000000.0,128000000.0,3336000000.0,1410000000.0,-128000000.0,1282000000.0,23760000000.0,1376800000.0,1386000000.0,1396000000.0
CVS Health Corp,CVS,549300EJG376EN5NQE29,64803,2010.0,Q1TTM,2009-04-01,2010-03-31,,2.63,2.63,0.32,2.6,,2218000000.0,3728000000.0,3729000000.0,-1000000.0,3729000000.0,-1000000.0,78225000000.0,98581000000.0,,,,,13898000000.0,78225000000.0,20356000000.0,511000000.0,13898000000.0,6458000000.0,-511000000.0,5947000000.0,98581000000.0,1376800000.0,1386000000.0,1396000000.0
CVS Health Corp,CVS,549300EJG376EN5NQE29,64803,2011.0,Q4,2011-10-01,2011-12-31,,-1.77,0.82,0.13,0.8,,706000000.0,1064000000.0,1093000000.0,-29000000.0,1065000000.0,-1000000.0,22359000000.0,27897000000.0,,,,,3592000000.0,22359000000.0,5538000000.0,147000000.0,3592000000.0,1946000000.0,-147000000.0,1799000000.0,27897000000.0,,1338000000.0,1347000000.0
CVS Health Corp,CVS,549300EJG376EN5NQE29,64803,2011.0,FY,2011-01-01,2011-12-31,2014-02-11 07:05:55+00:00,0.0,2.59,0.5,2.57,,2258000000.0,3458000000.0,3489000000.0,-31000000.0,3462000000.0,-4000000.0,86518000000.0,107080000000.0,,,,,14231000000.0,86518000000.0,20562000000.0,584000000.0,14231000000.0,6331000000.0,-584000000.0,5747000000.0,107080000000.0,,1338000000.0,1347000000.0
CVS Health Corp,CVS,549300EJG376EN5NQE29,64803,2011.0,Q3,2011-07-01,2011-09-30,2011-11-03 16:04:18+00:00,0.65,0.65,0.125,0.65,,562000000.0,867000000.0,867000000.0,0.0,868000000.0,-1000000.0,21496000000.0,26674000000.0,,,,,3594000000.0,21496000000.0,5178000000.0,155000000.0,3594000000.0,1584000000.0,-155000000.0,1429000000.0,26674000000.0,1335400000.0,1332000000.0,1340000000.0
CVS Health Corp,CVS,549300EJG376EN5NQE29,64803,2011.0,Q3YTD,2011-01-01,2011-09-30,,1.77,1.77,0.38,1.77,,1552000000.0,2394000000.0,2396000000.0,-2000000.0,2397000000.0,-3000000.0,64159000000.0,79183000000.0,,,,,10639000000.0,64159000000.0,15024000000.0,437000000.0,10639000000.0,4385000000.0,-437000000.0,3948000000.0,79183000000.0,1335400000.0,1332000000.0,1340000000.0
CVS Health Corp,CVS,549300EJG376EN5NQE29,64803,2011.0,Q3TTM,2010-10-01,2011-09-30,,2.52,2.52,0.46,2.52,,2149000000.0,3419000000.0,3405000000.0,14000000.0,3423000000.0,-4000000.0,82866000000.0,103319000000.0,,,,,14326000000.0,82866000000.0,20453000000.0,573000000.0,14326000000.0,6127000000.0,-573000000.0,5554000000.0,103319000000.0,1335400000.0,1332000000.0,1340000000.0
CVS Health Corp,CVS,549300EJG376EN5NQE29,64803,2011.0,Q2,2011-04-01,2011-06-30,2011-08-04 16:05:47+00:00,0.6,0.6,0.125,0.6,,526000000.0,815000000.0,816000000.0,-1000000.0,816000000.0,-1000000.0,21534000000.0,26629000000.0,,,,,3605000000.0,21534000000.0,5095000000.0,148000000.0,3605000000.0,1490000000.0,-148000000.0,1342000000.0,26629000000.0,1360000000.0,1355000000.0,1364000000.0
CVS Health Corp,CVS,549300EJG376EN5NQE29,64803,2011.0,Q2YTD,2011-01-01,2011-06-30,,1.12,1.12,0.25,1.12,,990000000.0,1527000000.0,1529000000.0,-2000000.0,1529000000.0,-2000000.0,42663000000.0,52509000000.0,,,,,7045000000.0,42663000000.0,9846000000.0,282000000.0,7045000000.0,2801000000.0,-282000000.0,2519000000.0,52509000000.0,1360000000.0,1355000000.0,1364000000.0
CVS Health Corp,CVS,549300EJG376EN5NQE29,64803,2011.0,Q2TTM,2010-07-01,2011-06-30,,2.46,2.46,0.42,2.46,,2115000000.0,3360000000.0,3357000000.0,3000000.0,3364000000.0,-4000000.0,80221000000.0,100520000000.0,,,,,14272000000.0,80221000000.0,20299000000.0,555000000.0,14272000000.0,6027000000.0,-555000000.0,5472000000.0,100520000000.0,1360000000.0,1355000000.0,1364000000.0
CVS Health Corp,CVS,549300EJG376EN5NQE29,64803,2011.0,Q1,2011-01-01,2011-03-31,2011-05-05 16:17:53+00:00,0.52,0.52,0.125,0.52,,464000000.0,712000000.0,713000000.0,-1000000.0,713000000.0,-1000000.0,21129000000.0,25880000000.0,,,,,3440000000.0,21129000000.0,4751000000.0,134000000.0,3440000000.0,1311000000.0,-134000000.0,1177000000.0,25880000000.0,1371200000.0,1362000000.0,1371000000.0
CVS Health Corp,CVS,549300EJG376EN5NQE29,64803,2011.0,Q1TTM,2010-04-01,2011-03-31,,2.47,2.47,0.39,2.46,,2133000000.0,3366000000.0,3363000000.0,3000000.0,3369000000.0,-3000000.0,77674000000.0,97898000000.0,,,,,14186000000.0,77674000000.0,20224000000.0,542000000.0,14186000000.0,6038000000.0,-542000000.0,5496000000.0,97898000000.0,1371200000.0,1362000000.0,1371000000.0
CVS Health Corp,CVS,549300EJG376EN5NQE29,64803,2012.0,Q4,2012-10-01,2012-12-31,,0.88,0.88,0.16,0.89,,661000000.0,1116000000.0,1116000000.0,,1116000000.0,,25102000000.0,31381000000.0,,,,,3995000000.0,25102000000.0,6279000000.0,507000000.0,3995000000.0,2284000000.0,-507000000.0,1777000000.0,31381000000.0,1271100000.0,1271000000.0,1280000000.0
CVS Health Corp,CVS,549300EJG376EN5NQE29,64803,2012.0,FY,2012-01-01,2012-12-31,2015-02-10 16:48:54+00:00,3.04,3.04,0.65,3.02,,2436000000.0,3862000000.0,3869000000.0,-7000000.0,3864000000.0,-2000000.0,100632000000.0,123120000000.0,,,,,15278000000.0,100632000000.0,22488000000.0,905000000.0,15278000000.0,7210000000.0,-905000000.0,6305000000.0,123120000000.0,1271100000.0,1271000000.0,1280000000.0
CVS Health Corp,CVS,549300EJG376EN5NQE29,64803,2012.0,Q3,2012-07-01,2012-09-30,2012-11-06 16:58:09+00:00,0.8,0.8,0.1625,0.79,,669000000.0,1006000000.0,1011000000.0,-5000000.0,1006000000.0,0.0,24580000000.0,30227000000.0,,,,,3833000000.0,24580000000.0,5647000000.0,134000000.0,3833000000.0,1814000000.0,-134000000.0,1680000000.0,30227000000.0,1257500000.0,1265000000.0,1274000000.0
CVS Health Corp,CVS,549300EJG376EN5NQE29,64803,2012.0,Q3YTD,2012-01-01,2012-09-30,,2.16,2.16,0.49,2.13,,1775000000.0,2746000000.0,2753000000.0,-7000000.0,2748000000.0,-2000000.0,75530000000.0,91739000000.0,,,,,11283000000.0,75530000000.0,16209000000.0,398000000.0,11283000000.0,4926000000.0,-398000000.0,4528000000.0,91739000000.0,1257500000.0,1265000000.0,1274000000.0
CVS Health Corp,CVS,549300EJG376EN5NQE29,64803,2012.0,Q3TTM,2011-10-01,2012-09-30,,0.39,2.98,0.61,2.93,,2481000000.0,3810000000.0,3846000000.0,-36000000.0,3813000000.0,-3000000.0,97889000000.0,119636000000.0,,,,,14875000000.0,97889000000.0,21747000000.0,545000000.0,14875000000.0,6872000000.0,-545000000.0,6327000000.0,119636000000.0,1257500000.0,1265000000.0,1274000000.0
CVS Health Corp,CVS,549300EJG376EN5NQE29,64803,2012.0,Q2,2012-04-01,2012-06-30,2012-08-07 16:44:16+00:00,0.76,0.76,0.1625,0.75,,610000000.0,965000000.0,966000000.0,-1000000.0,966000000.0,-1000000.0,25265000000.0,30714000000.0,,,,,3741000000.0,25265000000.0,5449000000.0,132000000.0,3741000000.0,1708000000.0,-132000000.0,1576000000.0,30714000000.0,1271100000.0,1278000000.0,1287000000.0
CVS Health Corp,CVS,549300EJG376EN5NQE29,64803,2012.0,Q2YTD,2012-01-01,2012-06-30,,1.36,1.36,0.33,1.34,,1106000000.0,1740000000.0,1742000000.0,-2000000.0,1742000000.0,-2000000.0,50950000000.0,61512000000.0,,,,,7450000000.0,50950000000.0,10562000000.0,264000000.0,7450000000.0,3112000000.0,-264000000.0,2848000000.0,61512000000.0,1271100000.0,1278000000.0,1287000000.0
CVS Health Corp,CVS,549300EJG376EN5NQE29,64803,2012.0,Q2TTM,2011-07-01,2012-06-30,,0.24,2.83,0.58,2.79,,2374000000.0,3671000000.0,3702000000.0,-31000000.0,3675000000.0,-4000000.0,94805000000.0,116083000000.0,,,,,14636000000.0,94805000000.0,21278000000.0,566000000.0,14636000000.0,6642000000.0,-566000000.0,6076000000.0,116083000000.0,1271100000.0,1278000000.0,1287000000.0
CVS Health Corp,CVS,549300EJG376EN5NQE29,64803,2012.0,Q1,2012-01-01,2012-03-31,2013-05-01 16:41:34+00:00,0.6,0.6,0.1625,0.59,,496000000.0,775000000.0,776000000.0,-1000000.0,776000000.0,-1000000.0,25685000000.0,30798000000.0,,,,,3709000000.0,25685000000.0,5113000000.0,132000000.0,3709000000.0,1404000000.0,-132000000.0,1272000000.0,30798000000.0,1293300000.0,1299000000.0,1309000000.0
CVS Health Corp,CVS,549300EJG376EN5NQE29,64803,2012.0,Q1TTM,2011-04-01,2012-03-31,,0.08,2.67,0.54,2.64,,2290000000.0,3521000000.0,3552000000.0,-31000000.0,3525000000.0,-4000000.0,91074000000.0,111998000000.0,,,,,14500000000.0,91074000000.0,20924000000.0,582000000.0,14500000000.0,6424000000.0,-582000000.0,5842000000.0,111998000000.0,1293300000.0,1299000000.0,1309000000.0
CVS Health Corp,CVS,549300EJG376EN5NQE29,64803,2013.0,FY,2013-01-01,2013-12-31,2016-02-09 16:29:44+00:00,3.77,3.77,0.9,3.74,,2928000000.0,4592000000.0,4600000000.0,-8000000.0,4592000000.0,0.0,102978000000.0,126761000000.0,,,,,15746000000.0,102978000000.0,23783000000.0,509000000.0,15746000000.0,8037000000.0,-509000000.0,7528000000.0,126761000000.0,1218000000.0,1217000000.0,1226000000.0
CVS Health Corp,CVS,549300EJG376EN5NQE29,64803,2013.0,Q4,2013-10-01,2013-12-31,,1.05,1.05,0.23,1.04,,816000000.0,1265000000.0,1266000000.0,-1000000.0,1265000000.0,,26492000000.0,32830000000.0,,,,,4121000000.0,26492000000.0,6338000000.0,135000000.0,4121000000.0,2217000000.0,-135000000.0,2082000000.0,32830000000.0,1218000000.0,1217000000.0,1226000000.0
CVS Health Corp,CVS,549300EJG376EN5NQE29,64803,2013.0,Q3YTD,2013-01-01,2013-09-30,,2.72,2.72,0.68,2.7,,2112000000.0,3327000000.0,3334000000.0,-7000000.0,3327000000.0,,76486000000.0,93931000000.0,,,,,11625000000.0,76486000000.0,17445000000.0,374000000.0,11625000000.0,5820000000.0,-374000000.0,5446000000.0,93931000000.0,1212600000.0,1218000000.0,1226000000.0
CVS Health Corp,CVS,549300EJG376EN5NQE29,64803,2013.0,Q3TTM,2012-10-01,2013-09-30,,3.6,3.6,0.84,3.59,,2773000000.0,4443000000.0,4450000000.0,-7000000.0,4443000000.0,,101588000000.0,125312000000.0,,,,,15620000000.0,101588000000.0,23724000000.0,881000000.0,15620000000.0,8104000000.0,-881000000.0,7223000000.0,125312000000.0,1212600000.0,1218000000.0,1226000000.0
CVS Health Corp,CVS,549300EJG376EN5NQE29,64803,2013.0,Q3,2013-07-01,2013-09-30,2014-11-04 16:03:52+00:00,1.03,1.03,0.225,1.02,,777000000.0,1249000000.0,1255000000.0,-6000000.0,1249000000.0,,25905000000.0,31932000000.0,,,,,3873000000.0,25905000000.0,6027000000.0,122000000.0,3873000000.0,2154000000.0,-122000000.0,2032000000.0,31932000000.0,1212600000.0,1218000000.0,1226000000.0
CVS Health Corp,CVS,549300EJG376EN5NQE29,64803,2013.0,Q2YTD,2013-01-01,2013-06-30,,1.69,1.69,0.45,1.68,,1335000000.0,2078000000.0,2079000000.0,-1000000.0,2078000000.0,,50581000000.0,61999000000.0,,,,,7752000000.0,50581000000.0,11418000000.0,252000000.0,7752000000.0,3666000000.0,-252000000.0,3414000000.0,61999000000.0,1221700000.0,1227000000.0,1236000000.0
CVS Health Corp,CVS,549300EJG376EN5NQE29,64803,2013.0,Q2TTM,2012-07-01,2013-06-30,,3.37,3.37,0.78,3.36,,2665000000.0,4200000000.0,4206000000.0,-6000000.0,4200000000.0,,100263000000.0,123607000000.0,,,,,15580000000.0,100263000000.0,23344000000.0,893000000.0,15580000000.0,7764000000.0,-893000000.0,6871000000.0,123607000000.0,1221700000.0,1227000000.0,1236000000.0
CVS Health Corp,CVS,549300EJG376EN5NQE29,64803,2013.0,Q2,2013-04-01,2013-06-30,2014-08-05 16:49:36+00:00,0.92,0.92,0.225,0.91,,721000000.0,1124000000.0,1125000000.0,-1000000.0,1124000000.0,,25407000000.0,31248000000.0,,,,,3869000000.0,25407000000.0,5841000000.0,126000000.0,3869000000.0,1972000000.0,-126000000.0,1846000000.0,31248000000.0,1221700000.0,1227000000.0,1236000000.0
CVS Health Corp,CVS,549300EJG376EN5NQE29,64803,2013.0,Q1,2013-01-01,2013-03-31,2014-05-02 17:03:10+00:00,0.77,0.77,0.225,0.77,,614000000.0,954000000.0,954000000.0,,954000000.0,,25174000000.0,30751000000.0,,,,,3883000000.0,25174000000.0,5577000000.0,126000000.0,3883000000.0,1694000000.0,-126000000.0,1568000000.0,30751000000.0,1239000000.0,1232000000.0,1241000000.0
CVS Health Corp,CVS,549300EJG376EN5NQE29,64803,2013.0,Q1TTM,2012-04-01,2013-03-31,,3.21,3.21,0.71,3.2,,2554000000.0,4041000000.0,4047000000.0,-6000000.0,4042000000.0,-1000000.0,100121000000.0,123073000000.0,,,,,15452000000.0,100121000000.0,22952000000.0,899000000.0,15452000000.0,7500000000.0,-899000000.0,6601000000.0,123073000000.0,1239000000.0,1232000000.0,1241000000.0
CVS Health Corp,CVS,549300EJG376EN5NQE29,64803,2014.0,FY,2014-01-01,2014-12-31,2017-02-09 16:03:16+00:00,3.98,3.98,1.1,3.96,,3033000000.0,4644000000.0,4645000000.0,-1000000.0,4644000000.0,0.0,114000000000.0,139367000000.0,,,,,16568000000.0,114000000000.0,25367000000.0,1121000000.0,16568000000.0,8799000000.0,-1121000000.0,7678000000.0,139367000000.0,1166800000.0,1161000000.0,1169000000.0
CVS Health Corp,CVS,549300EJG376EN5NQE29,64803,2014.0,Q4,2014-10-01,2014-12-31,,1.13,1.13,0.28,1.14,,868000000.0,1321000000.0,1322000000.0,-1000000.0,1321000000.0,,30422000000.0,37055000000.0,,,,,4312000000.0,30422000000.0,6633000000.0,131000000.0,4312000000.0,2321000000.0,-131000000.0,2190000000.0,37055000000.0,1166800000.0,1161000000.0,1169000000.0
CVS Health Corp,CVS,549300EJG376EN5NQE29,64803,2014.0,Q3,2014-07-01,2014-09-30,2015-10-30 16:50:32+00:00,0.82,0.82,0.275,0.81,,624000000.0,948000000.0,948000000.0,0.0,948000000.0,0.0,28553000000.0,35021000000.0,,,,,4222000000.0,28553000000.0,6468000000.0,674000000.0,4222000000.0,2246000000.0,-674000000.0,1572000000.0,35021000000.0,1156100000.0,1157000000.0,1164000000.0
CVS Health Corp,CVS,549300EJG376EN5NQE29,64803,2014.0,Q3YTD,2014-01-01,2014-09-30,,2.85,2.85,0.83,2.82,,2165000000.0,3323000000.0,3323000000.0,,3323000000.0,,83578000000.0,102312000000.0,,,,,12256000000.0,83578000000.0,18734000000.0,990000000.0,12256000000.0,6478000000.0,-990000000.0,5488000000.0,102312000000.0,1156100000.0,1157000000.0,1164000000.0
CVS Health Corp,CVS,549300EJG376EN5NQE29,64803,2014.0,Q3TTM,2013-10-01,2014-09-30,,3.9,3.9,1.05,3.86,,2981000000.0,4588000000.0,4589000000.0,-1000000.0,4588000000.0,,110070000000.0,135142000000.0,,,,,16377000000.0,110070000000.0,25072000000.0,1125000000.0,16377000000.0,8695000000.0,-1125000000.0,7570000000.0,135142000000.0,1156100000.0,1157000000.0,1164000000.0
CVS Health Corp,CVS,549300EJG376EN5NQE29,64803,2014.0,Q2,2014-04-01,2014-06-30,2015-08-04 16:54:05+00:00,1.07,1.07,0.275,1.06,,804000000.0,1246000000.0,1246000000.0,,1246000000.0,,28278000000.0,34602000000.0,,,,,4116000000.0,28278000000.0,6324000000.0,158000000.0,4116000000.0,2208000000.0,-158000000.0,2050000000.0,34602000000.0,1164500000.0,1165000000.0,1174000000.0
CVS Health Corp,CVS,549300EJG376EN5NQE29,64803,2014.0,Q2YTD,2014-01-01,2014-06-30,,2.03,2.03,0.55,2.01,,1541000000.0,2375000000.0,2375000000.0,,2375000000.0,,55025000000.0,67291000000.0,,,,,8034000000.0,55025000000.0,12266000000.0,316000000.0,8034000000.0,4232000000.0,-316000000.0,3916000000.0,67291000000.0,1164500000.0,1165000000.0,1174000000.0
CVS Health Corp,CVS,549300EJG376EN5NQE29,64803,2014.0,Q2TTM,2013-07-01,2014-06-30,,4.11,4.11,1.0,4.07,,3134000000.0,4889000000.0,4896000000.0,-7000000.0,4889000000.0,,107422000000.0,132053000000.0,,,,,16028000000.0,107422000000.0,24631000000.0,573000000.0,16028000000.0,8603000000.0,-573000000.0,8030000000.0,132053000000.0,1164500000.0,1165000000.0,1174000000.0
CVS Health Corp,CVS,549300EJG376EN5NQE29,64803,2014.0,Q1,2014-01-01,2014-03-31,2015-05-01 16:34:03+00:00,0.96,0.96,0.275,0.95,,737000000.0,1129000000.0,1129000000.0,,1129000000.0,,26747000000.0,32689000000.0,,,,,3918000000.0,26747000000.0,5942000000.0,158000000.0,3918000000.0,2024000000.0,-158000000.0,1866000000.0,32689000000.0,1176000000.0,1180000000.0,1190000000.0
CVS Health Corp,CVS,549300EJG376EN5NQE29,64803,2014.0,Q1TTM,2013-04-01,2014-03-31,,3.96,3.96,0.95,3.92,,3051000000.0,4767000000.0,4775000000.0,-8000000.0,4767000000.0,,104551000000.0,128699000000.0,,,,,15781000000.0,104551000000.0,24148000000.0,541000000.0,15781000000.0,8367000000.0,-541000000.0,7826000000.0,128699000000.0,1176000000.0,1180000000.0,1190000000.0
CVS Health Corp,CVS,549300EJG376EN5NQE29,64803,2015.0,FY,2015-01-01,2015-12-31,2018-02-14 17:30:39+00:00,4.66,4.66,1.4,4.63,,3386000000.0,5239000000.0,5230000000.0,9000000.0,5237000000.0,2000000.0,126762000000.0,153290000000.0,,-21000000.0,,,17053000000.0,126762000000.0,26528000000.0,838000000.0,17053000000.0,9475000000.0,-859000000.0,8616000000.0,153290000000.0,1123800000.0,1118000000.0,1126000000.0
CVS Health Corp,CVS,549300EJG376EN5NQE29,64803,2015.0,Q4,2015-10-01,2015-12-31,,1.34,1.34,0.35,1.33,,952000000.0,1499000000.0,1500000000.0,-1000000.0,1498000000.0,1000000.0,33844000000.0,41145000000.0,,-21000000.0,,,4551000000.0,33844000000.0,7301000000.0,277000000.0,4551000000.0,2750000000.0,-298000000.0,2452000000.0,41145000000.0,1123800000.0,1118000000.0,1126000000.0
CVS Health Corp,CVS,549300EJG376EN5NQE29,64803,2015.0,Q3,2015-07-01,2015-09-30,2016-11-08 07:00:02+00:00,1.11,1.11,0.35,1.11,,833000000.0,1247000000.0,1237000000.0,10000000.0,1246000000.0,1000000.0,31983000000.0,38644000000.0,,,,,4330000000.0,31983000000.0,6661000000.0,261000000.0,4330000000.0,2331000000.0,-261000000.0,2070000000.0,38644000000.0,1122500000.0,1114000000.0,1121000000.0
CVS Health Corp,CVS,549300EJG376EN5NQE29,64803,2015.0,Q3YTD,2015-01-01,2015-09-30,,3.32,3.32,1.05,3.3,,2434000000.0,3740000000.0,3730000000.0,10000000.0,3739000000.0,1000000.0,92918000000.0,112145000000.0,,,,,12502000000.0,92918000000.0,19227000000.0,561000000.0,12502000000.0,6725000000.0,-561000000.0,6164000000.0,112145000000.0,1122500000.0,1114000000.0,1121000000.0
CVS Health Corp,CVS,549300EJG376EN5NQE29,64803,2015.0,Q3TTM,2014-10-01,2015-09-30,,4.45,4.45,1.33,4.44,,3302000000.0,5061000000.0,5052000000.0,9000000.0,5060000000.0,1000000.0,123340000000.0,149200000000.0,,,,,16814000000.0,123340000000.0,25860000000.0,692000000.0,16814000000.0,9046000000.0,-692000000.0,8354000000.0,149200000000.0,1122500000.0,1114000000.0,1121000000.0
CVS Health Corp,CVS,549300EJG376EN5NQE29,64803,2015.0,Q2,2015-04-01,2015-06-30,2016-08-02 16:41:10+00:00,1.13,1.13,0.35,1.12,,824000000.0,1272000000.0,1272000000.0,,1272000000.0,0.0,30767000000.0,37169000000.0,,,,,4140000000.0,30767000000.0,6402000000.0,166000000.0,4140000000.0,2262000000.0,-166000000.0,2096000000.0,37169000000.0,1125700000.0,1124000000.0,1132000000.0
CVS Health Corp,CVS,549300EJG376EN5NQE29,64803,2015.0,Q2YTD,2015-01-01,2015-06-30,,2.21,2.21,0.7,2.19,,1601000000.0,2493000000.0,2493000000.0,,2493000000.0,,60935000000.0,73501000000.0,,,,,8172000000.0,60935000000.0,12566000000.0,300000000.0,8172000000.0,4394000000.0,-300000000.0,4094000000.0,73501000000.0,1125700000.0,1124000000.0,1132000000.0
CVS Health Corp,CVS,549300EJG376EN5NQE29,64803,2015.0,Q2TTM,2014-07-01,2015-06-30,,4.16,4.16,1.25,4.14,,3093000000.0,4762000000.0,4763000000.0,-1000000.0,4762000000.0,,119910000000.0,145577000000.0,,,,,16706000000.0,119910000000.0,25667000000.0,1105000000.0,16706000000.0,8961000000.0,-1105000000.0,7856000000.0,145577000000.0,1125700000.0,1124000000.0,1132000000.0
CVS Health Corp,CVS,549300EJG376EN5NQE29,64803,2015.0,Q1,2015-01-01,2015-03-31,2016-05-03 16:48:13+00:00,1.08,1.08,0.35,1.07,,777000000.0,1221000000.0,1221000000.0,,1221000000.0,0.0,30168000000.0,36332000000.0,,,,,4032000000.0,30168000000.0,6164000000.0,134000000.0,4032000000.0,2132000000.0,-134000000.0,1998000000.0,36332000000.0,1130600000.0,1128000000.0,1136000000.0
CVS Health Corp,CVS,549300EJG376EN5NQE29,64803,2015.0,Q1TTM,2014-04-01,2015-03-31,,4.1,4.1,1.18,4.08,,3073000000.0,4736000000.0,4737000000.0,-1000000.0,4736000000.0,,117421000000.0,143010000000.0,,,,,16682000000.0,117421000000.0,25589000000.0,1097000000.0,16682000000.0,8907000000.0,-1097000000.0,7810000000.0,143010000000.0,1130600000.0,1128000000.0,1136000000.0
CVS Health Corp,CVS,549300EJG376EN5NQE29,64803,2016.0,FY,2016-01-01,2016-12-31,2019-02-28 07:02:43+00:00,4.93,4.93,1.7,4.9,0.0,3317000000.0,5319000000.0,5320000000.0,-1000000.0,5317000000.0,2000000.0,146533000000.0,177546000000.0,,-28000000.0,2179000000.0,,18448000000.0,146533000000.0,31013000000.0,1721000000.0,20627000000.0,10386000000.0,-1749000000.0,8637000000.0,177546000000.0,1078500000.0,1073000000.0,1079000000.0
CVS Health Corp,CVS,549300EJG376EN5NQE29,64803,2016.0,Q4,2016-10-01,2016-12-31,,1.59,1.59,0.42,1.57,,1046000000.0,1707000000.0,1707000000.0,,1707000000.0,,36229000000.0,45991000000.0,,-5000000.0,2179000000.0,,4563000000.0,36229000000.0,9762000000.0,262000000.0,6742000000.0,3020000000.0,-267000000.0,2753000000.0,45991000000.0,1078500000.0,1073000000.0,1079000000.0
CVS Health Corp,CVS,549300EJG376EN5NQE29,64803,2016.0,Q3,2016-07-01,2016-09-30,2017-11-06 16:50:35+00:00,1.44,1.44,0.425,1.43,,921000000.0,1541000000.0,1542000000.0,-1000000.0,1540000000.0,1000000.0,37123000000.0,44615000000.0,,-7000000.0,,,4668000000.0,37123000000.0,7492000000.0,354000000.0,4668000000.0,2824000000.0,-361000000.0,2463000000.0,44615000000.0,1069400000.0,1068000000.0,1073000000.0
CVS Health Corp,CVS,549300EJG376EN5NQE29,64803,2016.0,Q3YTD,2016-01-01,2016-09-30,,3.34,3.34,1.28,3.33,,2271000000.0,3612000000.0,3613000000.0,-1000000.0,3610000000.0,2000000.0,110304000000.0,131555000000.0,,-23000000.0,,,13885000000.0,110304000000.0,21251000000.0,1459000000.0,13885000000.0,7366000000.0,-1482000000.0,5884000000.0,131555000000.0,1069400000.0,1068000000.0,1073000000.0
CVS Health Corp,CVS,549300EJG376EN5NQE29,64803,2016.0,Q3TTM,2015-10-01,2016-09-30,,4.68,4.68,1.62,4.66,,3223000000.0,5111000000.0,5113000000.0,-2000000.0,5108000000.0,3000000.0,144148000000.0,172700000000.0,,-44000000.0,,,18436000000.0,144148000000.0,28552000000.0,1736000000.0,18436000000.0,10116000000.0,-1780000000.0,8336000000.0,172700000000.0,1069400000.0,1068000000.0,1073000000.0
CVS Health Corp,CVS,549300EJG376EN5NQE29,64803,2016.0,Q2,2016-04-01,2016-06-30,2017-08-08 07:16:34+00:00,0.86,0.86,0.425,0.86,,604000000.0,924000000.0,924000000.0,,924000000.0,,36710000000.0,43725000000.0,,-7000000.0,,,4658000000.0,36710000000.0,7015000000.0,822000000.0,4658000000.0,2357000000.0,-829000000.0,1528000000.0,43725000000.0,1074400000.0,1070000000.0,1075000000.0
CVS Health Corp,CVS,549300EJG376EN5NQE29,64803,2016.0,Q2YTD,2016-01-01,2016-06-30,,1.9,1.9,0.85,1.9,,1350000000.0,2071000000.0,2071000000.0,,2070000000.0,1000000.0,73181000000.0,86940000000.0,,-16000000.0,,,9217000000.0,73181000000.0,13759000000.0,1105000000.0,9217000000.0,4542000000.0,-1121000000.0,3421000000.0,86940000000.0,1074400000.0,1070000000.0,1075000000.0
CVS Health Corp,CVS,549300EJG376EN5NQE29,64803,2016.0,Q2TTM,2015-07-01,2016-06-30,,4.35,4.35,1.55,4.34,,3135000000.0,4817000000.0,4808000000.0,9000000.0,4814000000.0,3000000.0,139008000000.0,166729000000.0,,-37000000.0,,,18098000000.0,139008000000.0,27721000000.0,1643000000.0,18098000000.0,9623000000.0,-1680000000.0,7943000000.0,166729000000.0,1074400000.0,1070000000.0,1075000000.0
CVS Health Corp,CVS,549300EJG376EN5NQE29,64803,2016.0,Q1,2016-01-01,2016-03-31,2017-05-02 16:07:28+00:00,1.04,1.04,0.425,1.04,,746000000.0,1147000000.0,1147000000.0,,1146000000.0,1000000.0,36471000000.0,43215000000.0,,-9000000.0,,,4559000000.0,36471000000.0,6744000000.0,283000000.0,4559000000.0,2185000000.0,-292000000.0,1893000000.0,43215000000.0,1101900000.0,1092000000.0,1099000000.0
CVS Health Corp,CVS,549300EJG376EN5NQE29,64803,2016.0,Q1TTM,2015-04-01,2016-03-31,,4.62,4.62,1.48,4.6,,3355000000.0,5165000000.0,5156000000.0,9000000.0,5162000000.0,3000000.0,133065000000.0,160173000000.0,,-30000000.0,,,17580000000.0,133065000000.0,27108000000.0,987000000.0,17580000000.0,9528000000.0,-1017000000.0,8511000000.0,160173000000.0,1101900000.0,1092000000.0,1099000000.0
CVS Health Corp,CVS,549300EJG376EN5NQE29,64803,2017.0,FY,2017-01-01,2017-12-31,2020-02-18 06:26:11+00:00,6.47,6.47,2.0,6.44,181000000.0,1637000000.0,6623000000.0,6631000000.0,-8000000.0,6622000000.0,1000000.0,156258000000.0,184786000000.0,,-208000000.0,,,18809000000.0,156258000000.0,28528000000.0,1062000000.0,18990000000.0,9538000000.0,-1270000000.0,8268000000.0,184786000000.0,1023500000.0,1020000000.0,1024000000.0
CVS Health Corp,CVS,549300EJG376EN5NQE29,64803,2017.0,Q4,2017-10-01,2017-12-31,,3.22,3.22,0.5,3.19,46000000.0,-478000000.0,3287000000.0,3287000000.0,,3287000000.0,,40492000000.0,48406000000.0,,-2000000.0,,,4739000000.0,40492000000.0,7914000000.0,318000000.0,4785000000.0,3129000000.0,-320000000.0,2809000000.0,48406000000.0,1023500000.0,1020000000.0,1024000000.0
CVS Health Corp,CVS,549300EJG376EN5NQE29,64803,2017.0,Q3,2017-07-01,2017-09-30,2018-11-06 16:28:30+00:00,1.26,1.26,0.5,1.26,,777000000.0,1285000000.0,1285000000.0,,1285000000.0,,39064000000.0,46181000000.0,,-192000000.0,,,4618000000.0,39064000000.0,7117000000.0,245000000.0,4618000000.0,2499000000.0,-437000000.0,2062000000.0,46181000000.0,1019800000.0,1016000000.0,1020000000.0
CVS Health Corp,CVS,549300EJG376EN5NQE29,64803,2017.0,Q3YTD,2017-01-01,2017-09-30,,3.25,3.25,1.5,3.25,135000000.0,2115000000.0,3336000000.0,3344000000.0,-8000000.0,3335000000.0,1000000.0,115766000000.0,136380000000.0,,-206000000.0,,,14070000000.0,115766000000.0,20614000000.0,744000000.0,14205000000.0,6409000000.0,-950000000.0,5459000000.0,136380000000.0,1019800000.0,1016000000.0,1020000000.0
CVS Health Corp,CVS,549300EJG376EN5NQE29,64803,2017.0,Q3TTM,2016-10-01,2017-09-30,,4.84,4.84,1.93,4.82,135000000.0,3161000000.0,5043000000.0,5051000000.0,-8000000.0,5042000000.0,1000000.0,151995000000.0,182371000000.0,,-211000000.0,2179000000.0,,18633000000.0,151995000000.0,30376000000.0,1006000000.0,20947000000.0,9429000000.0,-1217000000.0,8212000000.0,182371000000.0,1019800000.0,1016000000.0,1020000000.0
CVS Health Corp,CVS,549300EJG376EN5NQE29,64803,2017.0,Q2,2017-04-01,2017-06-30,2018-08-08 07:12:37+00:00,1.07,1.07,0.5,1.07,135000000.0,766000000.0,1098000000.0,1097000000.0,1000000.0,1098000000.0,,38759000000.0,45685000000.0,,-7000000.0,,,4674000000.0,38759000000.0,6926000000.0,247000000.0,4809000000.0,2117000000.0,-254000000.0,1863000000.0,45685000000.0,1026200000.0,1019000000.0,1024000000.0
CVS Health Corp,CVS,549300EJG376EN5NQE29,64803,2017.0,Q2YTD,2017-01-01,2017-06-30,,1.99,1.99,1.0,1.99,135000000.0,1338000000.0,2051000000.0,2059000000.0,-8000000.0,2050000000.0,1000000.0,76702000000.0,90199000000.0,,-14000000.0,,,9452000000.0,76702000000.0,13497000000.0,499000000.0,9587000000.0,3910000000.0,-513000000.0,3397000000.0,90199000000.0,1026200000.0,1019000000.0,1024000000.0
CVS Health Corp,CVS,549300EJG376EN5NQE29,64803,2017.0,Q2TTM,2016-07-01,2017-06-30,,5.02,5.02,1.85,4.99,135000000.0,3305000000.0,5299000000.0,5308000000.0,-9000000.0,5297000000.0,2000000.0,150054000000.0,180805000000.0,,-26000000.0,2179000000.0,,18683000000.0,150054000000.0,30751000000.0,1115000000.0,20997000000.0,9754000000.0,-1141000000.0,8613000000.0,180805000000.0,1026200000.0,1019000000.0,1024000000.0
CVS Health Corp,CVS,549300EJG376EN5NQE29,64803,2017.0,Q1,2017-01-01,2017-03-31,2018-05-02 17:09:27+00:00,0.92,0.92,0.5,0.92,,572000000.0,953000000.0,962000000.0,-9000000.0,952000000.0,1000000.0,37943000000.0,44514000000.0,,-7000000.0,,,4778000000.0,37943000000.0,6571000000.0,252000000.0,4778000000.0,1793000000.0,-259000000.0,1534000000.0,44514000000.0,1034800000.0,1030000000.0,1035000000.0
CVS Health Corp,CVS,549300EJG376EN5NQE29,64803,2017.0,Q1TTM,2016-04-01,2017-03-31,,4.81,4.81,1.78,4.78,,3143000000.0,5125000000.0,5135000000.0,-10000000.0,5123000000.0,2000000.0,148005000000.0,178845000000.0,,-26000000.0,2179000000.0,,18667000000.0,148005000000.0,30840000000.0,1690000000.0,20846000000.0,9994000000.0,-1716000000.0,8278000000.0,178845000000.0,1034800000.0,1030000000.0,1035000000.0
CVS Health Corp,CVS,549300EJG376EN5NQE29,64803,2018.0,FY,2018-01-01,2018-12-31,2020-02-18 06:26:11+00:00,-0.57,-0.57,2.0,-0.57,6149000000.0,2002000000.0,-596000000.0,-596000000.0,0.0,-594000000.0,-2000000.0,163041000000.0,194579000000.0,,4000000.0,,,21368000000.0,163041000000.0,31538000000.0,2619000000.0,27517000000.0,4021000000.0,-2615000000.0,1406000000.0,194579000000.0,1042100000.0,1044000000.0,1044000000.0
CVS Health Corp,CVS,549300EJG376EN5NQE29,64803,2018.0,Q3,2018-07-01,2018-09-30,2019-11-06 06:55:57+00:00,1.36,1.36,0.5,1.36,0.0,509000000.0,1390000000.0,1390000000.0,0.0,1390000000.0,0.0,39941000000.0,47490000000.0,,-1000000.0,,,4975000000.0,39941000000.0,7549000000.0,674000000.0,4975000000.0,2574000000.0,-675000000.0,1899000000.0,47490000000.0,1022100000.0,1020000000.0,1022000000.0
CVS Health Corp,CVS,549300EJG376EN5NQE29,64803,2018.0,Q3YTD,2018-01-01,2018-09-30,,-0.18,-0.18,1.5,-0.18,3921000000.0,1478000000.0,-175000000.0,-174000000.0,-1000000.0,-1173000000.0,,118282000000.0,140155000000.0,998000000.0,-1000000.0,,,14755000000.0,118282000000.0,21873000000.0,1886000000.0,18676000000.0,3197000000.0,-1887000000.0,1304000000.0,140155000000.0,1022100000.0,1020000000.0,1022000000.0
CVS Health Corp,CVS,549300EJG376EN5NQE29,64803,2018.0,Q3TTM,2017-10-01,2018-09-30,,3.04,3.04,2.0,3.01,3967000000.0,1000000000.0,3112000000.0,3113000000.0,-1000000.0,2114000000.0,,158774000000.0,188561000000.0,998000000.0,-3000000.0,,,19494000000.0,158774000000.0,29787000000.0,2204000000.0,23461000000.0,6326000000.0,-2207000000.0,4113000000.0,188561000000.0,1022100000.0,1020000000.0,1022000000.0
CVS Health Corp,CVS,549300EJG376EN5NQE29,64803,2018.0,Q2,2018-04-01,2018-06-30,2019-08-07 16:28:04+00:00,-2.52,-2.52,0.5,-2.52,3921000000.0,497000000.0,-2563000000.0,-2562000000.0,-1000000.0,-2563000000.0,0.0,39507000000.0,46922000000.0,,-3000000.0,,,4867000000.0,39507000000.0,7415000000.0,689000000.0,8788000000.0,-1373000000.0,-692000000.0,-2065000000.0,46922000000.0,1017100000.0,1018000000.0,1018000000.0
CVS Health Corp,CVS,549300EJG376EN5NQE29,64803,2018.0,Q2TTM,2017-07-01,2018-06-30,,2.94,2.94,2.0,2.91,3967000000.0,1268000000.0,3007000000.0,3008000000.0,-1000000.0,2009000000.0,,157897000000.0,187252000000.0,998000000.0,-194000000.0,,,19137000000.0,157897000000.0,29355000000.0,1775000000.0,23104000000.0,6251000000.0,-1969000000.0,4276000000.0,187252000000.0,1017100000.0,1018000000.0,1018000000.0
CVS Health Corp,CVS,549300EJG376EN5NQE29,64803,2018.0,Q1,2018-01-01,2018-03-31,2019-05-01 16:57:10+00:00,0.98,0.98,0.5,0.98,,472000000.0,998000000.0,998000000.0,,,0.0,38834000000.0,45743000000.0,998000000.0,3000000.0,,,4913000000.0,38834000000.0,6909000000.0,523000000.0,4913000000.0,1996000000.0,-520000000.0,1470000000.0,45743000000.0,,1016000000.0,1019000000.0
CVS Health Corp,CVS,549300EJG376EN5NQE29,64803,2018.0,Q1TTM,2017-04-01,2018-03-31,,6.53,6.53,2.0,6.5,181000000.0,1537000000.0,6668000000.0,6667000000.0,1000000.0,5670000000.0,,157149000000.0,186015000000.0,998000000.0,-198000000.0,,,18944000000.0,157149000000.0,28866000000.0,1333000000.0,19125000000.0,9741000000.0,-1531000000.0,8204000000.0,186015000000.0,,1016000000.0,1019000000.0
CVS Health Corp,CVS,549300EJG376EN5NQE29,64803,2019.0,Q4,2019-10-01,2019-12-31,,1.35,1.35,0.5,1.33,,590000000.0,1744000000.0,1744000000.0,,1747000000.0,-3000000.0,55198000000.0,66889000000.0,,31000000.0,,,8654000000.0,55198000000.0,11691000000.0,734000000.0,8654000000.0,3037000000.0,-703000000.0,2334000000.0,66889000000.0,1300800000.0,1301000000.0,1305000000.0
CVS Health Corp,CVS,549300EJG376EN5NQE29,64803,2019.0,FY,2019-01-01,2019-12-31,2020-02-18 06:26:11+00:00,5.1,5.1,2.0,5.08,0.0,2366000000.0,6631000000.0,6631000000.0,0.0,6634000000.0,-3000000.0,211248000000.0,256776000000.0,,124000000.0,,,33541000000.0,211248000000.0,45528000000.0,3114000000.0,33541000000.0,11987000000.0,-2990000000.0,8997000000.0,256776000000.0,1300800000.0,1301000000.0,1305000000.0
CVS Health Corp,CVS,549300EJG376EN5NQE29,64803,2019.0,Q3,2019-07-01,2019-09-30,2019-11-06 06:55:57+00:00,1.17,1.17,0.5,1.17,0.0,604000000.0,1529000000.0,1529000000.0,0.0,1530000000.0,-1000000.0,53287000000.0,64810000000.0,,31000000.0,,,8595000000.0,53287000000.0,11523000000.0,826000000.0,8595000000.0,2928000000.0,-795000000.0,2133000000.0,64810000000.0,1307700000.0,1302000000.0,1305000000.0
CVS Health Corp,CVS,549300EJG376EN5NQE29,64803,2019.0,Q3YTD,2019-01-01,2019-09-30,,3.75,3.75,1.5,3.75,,1776000000.0,4887000000.0,4887000000.0,,4887000000.0,,156050000000.0,189887000000.0,,93000000.0,,,24887000000.0,156050000000.0,33837000000.0,2380000000.0,24887000000.0,8950000000.0,-2287000000.0,6663000000.0,189887000000.0,1307700000.0,1302000000.0,1305000000.0
CVS Health Corp,CVS,549300EJG376EN5NQE29,64803,2019.0,Q3TTM,2018-10-01,2019-09-30,,3.36,3.36,2.0,3.36,2228000000.0,2300000000.0,4466000000.0,4465000000.0,1000000.0,5466000000.0,-2000000.0,200809000000.0,244311000000.0,-998000000.0,98000000.0,,,31500000000.0,200809000000.0,43502000000.0,3113000000.0,33728000000.0,9774000000.0,-3015000000.0,6765000000.0,244311000000.0,1307700000.0,1302000000.0,1305000000.0
CVS Health Corp,CVS,549300EJG376EN5NQE29,64803,2019.0,Q2,2019-04-01,2019-06-30,2019-08-07 16:28:04+00:00,1.49,1.49,0.5,1.49,0.0,660000000.0,1931000000.0,1931000000.0,0.0,1936000000.0,-5000000.0,52057000000.0,63431000000.0,,31000000.0,,,8042000000.0,52057000000.0,11374000000.0,772000000.0,8042000000.0,3332000000.0,-741000000.0,2591000000.0,63431000000.0,1299300000.0,1301000000.0,1302000000.0
CVS Health Corp,CVS,549300EJG376EN5NQE29,64803,2019.0,Q2YTD,2019-01-01,2019-06-30,,2.58,2.58,1.0,2.58,,1172000000.0,3358000000.0,3358000000.0,,3357000000.0,1000000.0,102763000000.0,125077000000.0,,62000000.0,,,16292000000.0,102763000000.0,22314000000.0,1554000000.0,16292000000.0,6022000000.0,-1492000000.0,4530000000.0,125077000000.0,1299300000.0,1301000000.0,1302000000.0
CVS Health Corp,CVS,549300EJG376EN5NQE29,64803,2019.0,Q2TTM,2018-07-01,2019-06-30,,3.55,3.55,2.0,3.55,2228000000.0,2205000000.0,4327000000.0,4326000000.0,1000000.0,5326000000.0,-1000000.0,187463000000.0,226991000000.0,-998000000.0,66000000.0,,,27880000000.0,187463000000.0,39528000000.0,2961000000.0,30108000000.0,9420000000.0,-2895000000.0,6531000000.0,226991000000.0,1299300000.0,1301000000.0,1302000000.0
CVS Health Corp,CVS,549300EJG376EN5NQE29,64803,2019.0,Q1,2019-01-01,2019-03-31,2020-05-06 06:39:08+00:00,1.09,1.09,0.5,1.09,,512000000.0,1427000000.0,1427000000.0,,1421000000.0,6000000.0,50706000000.0,61646000000.0,,31000000.0,,,8250000000.0,50706000000.0,10940000000.0,782000000.0,8250000000.0,2690000000.0,-751000000.0,1939000000.0,61646000000.0,1303700000.0,1298000000.0,1302000000.0
CVS Health Corp,CVS,549300EJG376EN5NQE29,64803,2019.0,Q1TTM,2018-04-01,2019-03-31,,-0.46,-0.46,2.0,-0.46,6149000000.0,2042000000.0,-167000000.0,-167000000.0,,827000000.0,4000000.0,174913000000.0,210482000000.0,-998000000.0,32000000.0,,,24705000000.0,174913000000.0,35569000000.0,2878000000.0,30854000000.0,4715000000.0,-2846000000.0,1875000000.0,210482000000.0,1303700000.0,1298000000.0,1302000000.0
CVS Health Corp,CVS,549300EJG376EN5NQE29,64803,2020.0,Q1TTM,2019-04-01,2020-03-31,,5.55,5.55,2.0,5.52,,2621000000.0,7216000000.0,7216000000.0,,7220000000.0,-4000000.0,215276000000.0,261885000000.0,,147000000.0,,,33854000000.0,215276000000.0,46609000000.0,3065000000.0,33854000000.0,12755000000.0,-2918000000.0,9837000000.0,261885000000.0,1303200000.0,1306000000.0,1312000000.0
CVS Health Corp,CVS,549300EJG376EN5NQE29,64803,2020.0,Q1,2020-01-01,2020-03-31,2020-05-06 06:39:08+00:00,1.54,1.54,0.5,1.53,,767000000.0,2012000000.0,2012000000.0,,2007000000.0,5000000.0,54734000000.0,66755000000.0,,54000000.0,,,8563000000.0,54734000000.0,12021000000.0,733000000.0,8563000000.0,3458000000.0,-679000000.0,2779000000.0,66755000000.0,1303200000.0,1306000000.0,1312000000.0
