company_name,company_ticker,company_lei,company_cik,year,quarter,start_date,end_date,filing_date,basicdilutedeps,basiceps,cashdividendspershare,dilutedeps,incometaxexpense,netincome,netincomecontinuing,netincomediscontinued,netincometocommon,netincometononcontrollinginterest,operatingcostofrevenue,operatingrevenue,otherincome,otheroperatingexpenses,preferreddividends,rdexpense,sgaexpense,totalcostofrevenue,totalgrossprofit,totalinterestexpense,totalinterestincome,totaloperatingexpenses,totaloperatingincome,totalotherincome,totalpretaxincome,totalrevenue,weightedavebasicdilutedsharesos,weightedavebasicsharesos,weightedavedilutedsharesos
Danaher Corp,DHR,S4BKK9OTCEWQ3YHPFM11,313616,2007.0,FY,2007-01-01,2007-12-31,2010-02-24 16:48:02+00:00,4.4,4.4,,4.19,423101000.0,1369904000.0,1213998000.0,155906000.0,1369904000.0,,5985022000.0,11025917000.0,,-14335000.0,,601424000.0,2713097000.0,5985022000.0,5040895000.0,109702000.0,6092000.0,3300186000.0,1740709000.0,-103610000.0,1637099000.0,11025917000.0,311300000.0,311225000.0,329459000.0
Danaher Corp,DHR,S4BKK9OTCEWQ3YHPFM11,313616,2008.0,FY,2008-01-01,2008-12-31,2011-02-24 07:23:21+00:00,2.06,2.06,,1.98,431676000.0,1317631000.0,1317631000.0,,1317631000.0,,6757262000.0,12697456000.0,,,,725443000.0,3345274000.0,6757262000.0,5940194000.0,130174000.0,10004000.0,4070717000.0,1869477000.0,-120170000.0,1749307000.0,12697456000.0,639600000.0,638722000.0,671726000.0
Danaher Corp,DHR,S4BKK9OTCEWQ3YHPFM11,313616,2008.0,Q3,2008-06-28,2008-09-26,2009-10-21 20:13:06+00:00,1.16,1.16,,1.11,121000000.0,371992000.0,371992000.0,,371992000.0,,1697611000.0,3208181000.0,,0.0,,182006000.0,806424000.0,1697611000.0,1510570000.0,30218000.0,1070000.0,988430000.0,522140000.0,-29148000.0,492992000.0,3208181000.0,320700000.0,319887000.0,337334000.0
Danaher Corp,DHR,S4BKK9OTCEWQ3YHPFM11,313616,2008.0,Q2,2008-03-29,2008-06-27,2009-07-22 17:48:33+00:00,1.14,1.14,,1.09,114574000.0,363448000.0,363448000.0,,363448000.0,,1723596000.0,3283895000.0,,,,189866000.0,859969000.0,1723596000.0,1560299000.0,33854000.0,1412000.0,1049835000.0,510464000.0,-32442000.0,478022000.0,3283895000.0,318800000.0,319233000.0,336551000.0
Danaher Corp,DHR,S4BKK9OTCEWQ3YHPFM11,313616,2009.0,Q4,2009-10-03,2009-12-31,,0.42,0.42,0.02,0.42,58868000.0,266935000.0,202275000.0,64660000.0,266935000.0,,1236373000.0,2464635000.0,,,,121833000.0,815509000.0,1236373000.0,1228262000.0,31426000.0,1649000.0,937342000.0,290920000.0,-29777000.0,261143000.0,2464635000.0,639800000.0,641530000.0,671484000.0
Danaher Corp,DHR,S4BKK9OTCEWQ3YHPFM11,313616,2009.0,FY,2009-01-01,2009-12-31,2012-02-24 07:39:45+00:00,1.8,1.8,,1.73,239018000.0,1151704000.0,1087044000.0,64660000.0,1151704000.0,,5446584000.0,10516681000.0,0.0,-85118000.0,,600268000.0,3115265000.0,5446584000.0,5070097000.0,118654000.0,5034000.0,3630415000.0,1439682000.0,-113620000.0,1326062000.0,10516681000.0,639800000.0,641530000.0,671484000.0
Danaher Corp,DHR,S4BKK9OTCEWQ3YHPFM11,313616,2009.0,Q3YTD,2009-01-01,2009-10-02,,1.38,1.38,0.04,1.38,180150000.0,884769000.0,884769000.0,,884769000.0,,4210211000.0,8052046000.0,,-85118000.0,,478435000.0,2299756000.0,4210211000.0,3841835000.0,87228000.0,3385000.0,2693073000.0,1148762000.0,-83843000.0,1064919000.0,8052046000.0,638800000.0,642186000.0,672536000.0
Danaher Corp,DHR,S4BKK9OTCEWQ3YHPFM11,313616,2009.0,Q3,2009-07-04,2009-10-02,2010-10-20 17:50:47+00:00,0.55,0.55,,0.53,82986000.0,351363000.0,351363000.0,,351363000.0,,1429736000.0,2750693000.0,,-85118000.0,,159040000.0,782438000.0,1429736000.0,1320957000.0,31842000.0,1594000.0,856360000.0,464597000.0,-30248000.0,434349000.0,2750693000.0,638800000.0,642186000.0,672536000.0
Danaher Corp,DHR,S4BKK9OTCEWQ3YHPFM11,313616,2009.0,Q2YTD,2009-01-01,2009-07-03,,0.83,0.83,0.03,0.83,97164000.0,533406000.0,533406000.0,,533406000.0,,2780475000.0,5301353000.0,,,,319395000.0,1517318000.0,2780475000.0,2520878000.0,55386000.0,1791000.0,1836713000.0,684165000.0,-53595000.0,630570000.0,5301353000.0,642800000.0,639832000.0,669080000.0
Danaher Corp,DHR,S4BKK9OTCEWQ3YHPFM11,313616,2009.0,Q2,2009-04-04,2009-07-03,2010-08-10 18:38:47+00:00,0.46,0.46,,0.44,18049000.0,295694000.0,295694000.0,,295694000.0,,1411340000.0,2673609000.0,,,,158500000.0,759823000.0,1411340000.0,1262269000.0,31329000.0,1126000.0,918323000.0,343946000.0,-30203000.0,313743000.0,2673609000.0,642800000.0,639832000.0,669080000.0
Danaher Corp,DHR,S4BKK9OTCEWQ3YHPFM11,313616,2009.0,Q1,2009-01-01,2009-04-03,2010-04-21 17:43:43+00:00,0.74,0.74,,0.72,79115000.0,237712000.0,237712000.0,,237712000.0,,1369135000.0,2627744000.0,,,,160895000.0,757495000.0,1369135000.0,1258609000.0,24057000.0,665000.0,918390000.0,340219000.0,-23392000.0,316827000.0,2627744000.0,321200000.0,319336000.0,333481000.0
Danaher Corp,DHR,S4BKK9OTCEWQ3YHPFM11,313616,2010.0,Q4,2010-10-02,2010-12-31,,0.73,0.73,0.02,0.73,102480000.0,473856000.0,429526000.0,44330000.0,473856000.0,,1513607000.0,3231907000.0,-37000.0,,,205528000.0,967846000.0,1513607000.0,1718300000.0,26864000.0,13981000.0,1173374000.0,544926000.0,-12920000.0,532006000.0,3231907000.0,654400000.0,653200000.0,683300000.0
Danaher Corp,DHR,S4BKK9OTCEWQ3YHPFM11,313616,2010.0,FY,2010-01-01,2010-12-31,2013-02-22 08:11:26+00:00,2.74,2.74,,2.64,511400000.0,1793000000.0,1718200000.0,74800000.0,1793000000.0,,6145500000.0,12550000000.0,291000000.0,,,774000000.0,3603700000.0,6145500000.0,6404500000.0,117100000.0,28900000.0,4377700000.0,2026800000.0,202800000.0,2229600000.0,12550000000.0,654400000.0,653200000.0,683300000.0
Danaher Corp,DHR,S4BKK9OTCEWQ3YHPFM11,313616,2010.0,Q3YTD,2010-01-01,2010-10-01,,2.02,2.02,0.06,2.02,408920000.0,1319144000.0,1288674000.0,30470000.0,1319144000.0,,4631893000.0,9318093000.0,291037000.0,,,568472000.0,2635854000.0,4631893000.0,4686200000.0,90236000.0,14919000.0,3204326000.0,1481874000.0,215720000.0,1697594000.0,9318093000.0,653000000.0,654599000.0,683431000.0
Danaher Corp,DHR,S4BKK9OTCEWQ3YHPFM11,313616,2010.0,Q3TTM,2009-10-03,2010-10-01,,2.42,2.42,0.08,2.42,467788000.0,1586079000.0,1490949000.0,95130000.0,1586079000.0,,5868266000.0,11782728000.0,291037000.0,,,690305000.0,3451363000.0,5868266000.0,5914462000.0,121662000.0,16568000.0,4141668000.0,1772794000.0,185943000.0,1958737000.0,11782728000.0,653000000.0,654599000.0,683431000.0
Danaher Corp,DHR,S4BKK9OTCEWQ3YHPFM11,313616,2010.0,Q3,2010-07-03,2010-10-01,2011-10-19 17:44:43+00:00,0.99,0.99,,0.95,180875000.0,646435000.0,633804000.0,12631000.0,646435000.0,,1480901000.0,3092836000.0,291037000.0,,,196437000.0,872935000.0,1480901000.0,1611935000.0,31248000.0,12327000.0,1069372000.0,542563000.0,272116000.0,814679000.0,3092836000.0,653000000.0,654599000.0,683431000.0
Danaher Corp,DHR,S4BKK9OTCEWQ3YHPFM11,313616,2010.0,Q2YTD,2010-01-01,2010-07-02,,1.03,1.03,0.04,1.03,228045000.0,672709000.0,654870000.0,17839000.0,672709000.0,,3150992000.0,6225257000.0,,,,372035000.0,1762919000.0,3150992000.0,3074265000.0,58988000.0,2592000.0,2134954000.0,939311000.0,-56396000.0,882915000.0,6225257000.0,653500000.0,652478000.0,682338000.0
Danaher Corp,DHR,S4BKK9OTCEWQ3YHPFM11,313616,2010.0,Q2TTM,2009-07-04,2010-07-02,,1.98,1.98,0.07,1.98,369899000.0,1291007000.0,1208508000.0,82499000.0,1291007000.0,,5817101000.0,11440585000.0,,-85118000.0,,652908000.0,3360866000.0,5817101000.0,5623484000.0,122256000.0,5835000.0,3928656000.0,1694828000.0,-116421000.0,1578407000.0,11440585000.0,653500000.0,652478000.0,682338000.0
Danaher Corp,DHR,S4BKK9OTCEWQ3YHPFM11,313616,2010.0,Q2,2010-04-03,2010-07-02,2011-07-26 17:48:15+00:00,0.57,0.57,,0.55,127738000.0,372476000.0,362123000.0,10353000.0,372476000.0,,1611875000.0,3217428000.0,,,,191199000.0,896588000.0,1611875000.0,1605553000.0,28944000.0,1039000.0,1087787000.0,517766000.0,-27905000.0,489861000.0,3217428000.0,653500000.0,652478000.0,682338000.0
Danaher Corp,DHR,S4BKK9OTCEWQ3YHPFM11,313616,2010.0,Q1TTM,2009-04-04,2010-04-02,,1.87,1.87,0.07,1.87,260210000.0,1214225000.0,1142079000.0,72146000.0,1214225000.0,,5616566000.0,10896766000.0,,-85118000.0,,620209000.0,3224101000.0,5616566000.0,5280200000.0,124641000.0,5922000.0,3759192000.0,1521008000.0,-118719000.0,1402289000.0,10896766000.0,652700000.0,648968000.0,680122000.0
Danaher Corp,DHR,S4BKK9OTCEWQ3YHPFM11,313616,2010.0,Q1,2010-01-01,2010-04-02,2011-04-20 18:30:58+00:00,0.46,0.46,,0.45,100307000.0,300233000.0,292747000.0,7486000.0,300233000.0,,1539117000.0,3007829000.0,,,,180836000.0,866331000.0,1539117000.0,1468712000.0,30044000.0,1553000.0,1047167000.0,421545000.0,-28491000.0,393054000.0,3007829000.0,652700000.0,648968000.0,680122000.0
Danaher Corp,DHR,S4BKK9OTCEWQ3YHPFM11,313616,2011.0,Q4,2011-10-01,2011-12-31,,0.84,0.84,0.03,0.84,178581000.0,570750000.0,563567000.0,7183000.0,570750000.0,,2389527000.0,4716644000.0,,,,282094000.0,1287662000.0,2389527000.0,2327117000.0,37400000.0,22187000.0,1569756000.0,757361000.0,-15213000.0,742148000.0,4716644000.0,676700000.0,676200000.0,701200000.0
Danaher Corp,DHR,S4BKK9OTCEWQ3YHPFM11,313616,2011.0,FY,2011-01-01,2011-12-31,2014-02-21 08:57:03+00:00,3.21,3.21,,3.11,512500000.0,2172300000.0,1935300000.0,237000000.0,2172300000.0,,7913900000.0,16090500000.0,,,,1018500000.0,4607700000.0,7913900000.0,8176600000.0,174500000.0,71900000.0,5626200000.0,2550400000.0,-102600000.0,2447800000.0,16090500000.0,676700000.0,676200000.0,701200000.0
Danaher Corp,DHR,S4BKK9OTCEWQ3YHPFM11,313616,2011.0,Q3YTD,2011-01-01,2011-09-30,,2.33,2.33,0.06,2.33,333919000.0,1601550000.0,1371733000.0,229817000.0,1601550000.0,,5524373000.0,11373856000.0,,,,736406000.0,3320038000.0,5524373000.0,5849483000.0,137100000.0,49713000.0,4056444000.0,1793039000.0,-87387000.0,1705652000.0,11373856000.0,688700000.0,687259000.0,710403000.0
Danaher Corp,DHR,S4BKK9OTCEWQ3YHPFM11,313616,2011.0,Q3TTM,2010-10-02,2011-09-30,,3.02,3.02,0.08,3.02,436399000.0,2075406000.0,1801259000.0,274147000.0,2075406000.0,,7037980000.0,14605763000.0,-37000.0,,,941934000.0,4287884000.0,7037980000.0,7567783000.0,163964000.0,63694000.0,5229818000.0,2337965000.0,-100307000.0,2237658000.0,14605763000.0,688700000.0,687259000.0,710403000.0
Danaher Corp,DHR,S4BKK9OTCEWQ3YHPFM11,313616,2011.0,Q3,2011-07-02,2011-09-30,2012-10-17 17:55:39+00:00,0.76,0.76,,0.74,52890000.0,523428000.0,515408000.0,8020000.0,523428000.0,,2262706000.0,4445787000.0,,,,287506000.0,1268411000.0,2262706000.0,2183081000.0,75249000.0,16383000.0,1555917000.0,627164000.0,-58866000.0,568298000.0,4445787000.0,688700000.0,687259000.0,710403000.0
Danaher Corp,DHR,S4BKK9OTCEWQ3YHPFM11,313616,2011.0,Q2YTD,2011-01-01,2011-07-01,,1.62,1.62,0.04,1.62,281029000.0,1078122000.0,856325000.0,221797000.0,1078122000.0,,3261667000.0,6928069000.0,,,,448900000.0,2051627000.0,3261667000.0,3666402000.0,61851000.0,33330000.0,2500527000.0,1165875000.0,-28521000.0,1137354000.0,6928069000.0,668800000.0,667207000.0,694599000.0
Danaher Corp,DHR,S4BKK9OTCEWQ3YHPFM11,313616,2011.0,Q2TTM,2010-07-03,2011-07-01,,3.29,3.29,0.08,3.29,564384000.0,2198413000.0,1919655000.0,278758000.0,2198413000.0,,6256175000.0,13252812000.0,291000000.0,,,850865000.0,3892408000.0,6256175000.0,6996637000.0,119963000.0,59638000.0,4743273000.0,2253364000.0,230675000.0,2484039000.0,13252812000.0,668800000.0,667207000.0,694599000.0
Danaher Corp,DHR,S4BKK9OTCEWQ3YHPFM11,313616,2011.0,Q2,2011-04-02,2011-07-01,2012-07-18 17:45:45+00:00,0.97,0.97,,0.94,141275000.0,648764000.0,439550000.0,209214000.0,648764000.0,,1718319000.0,3635871000.0,,,,233670000.0,1088385000.0,1718319000.0,1917552000.0,31412000.0,16740000.0,1322055000.0,595497000.0,-14672000.0,580825000.0,3635871000.0,668800000.0,667207000.0,694599000.0
Danaher Corp,DHR,S4BKK9OTCEWQ3YHPFM11,313616,2011.0,Q1TTM,2010-04-03,2011-04-01,,2.91,2.91,0.08,2.91,550847000.0,1922125000.0,1842228000.0,79897000.0,1922125000.0,,6149731000.0,12834369000.0,291000000.0,,,808394000.0,3700611000.0,6149731000.0,6684638000.0,117495000.0,43937000.0,4509005000.0,2175633000.0,217442000.0,2393075000.0,12834369000.0,660600000.0,661599000.0,688328000.0
Danaher Corp,DHR,S4BKK9OTCEWQ3YHPFM11,313616,2011.0,Q1,2011-01-01,2011-04-01,2012-04-18 17:42:03+00:00,0.65,0.65,,0.63,139754000.0,429358000.0,416775000.0,12583000.0,429358000.0,,1543348000.0,3292198000.0,,,,215230000.0,963242000.0,1543348000.0,1748850000.0,30439000.0,16590000.0,1178472000.0,570378000.0,-13849000.0,556529000.0,3292198000.0,660600000.0,661599000.0,688328000.0
Danaher Corp,DHR,S4BKK9OTCEWQ3YHPFM11,313616,2012.0,Q4,2012-09-29,2012-12-31,,0.91,0.91,,0.89,193000000.0,630400000.0,630400000.0,,630400000.0,,2429900000.0,4975200000.0,,,,294700000.0,1406500000.0,2429900000.0,2545300000.0,40800000.0,20100000.0,1701200000.0,844100000.0,-20700000.0,823400000.0,4975200000.0,693400000.0,693400000.0,713100000.0
Danaher Corp,DHR,S4BKK9OTCEWQ3YHPFM11,313616,2012.0,FY,2012-01-01,2012-12-31,2015-02-24 18:01:50+00:00,3.45,3.45,,3.36,711500000.0,2392200000.0,2299300000.0,92900000.0,2392200000.0,,8846100000.0,18260400000.0,0.0,,,1137900000.0,5181200000.0,8846100000.0,9414300000.0,157500000.0,73100000.0,6319100000.0,3095200000.0,-84400000.0,3010800000.0,18260400000.0,693400000.0,693400000.0,713100000.0
Danaher Corp,DHR,S4BKK9OTCEWQ3YHPFM11,313616,2012.0,Q3YTD,2012-01-01,2012-09-28,,2.53,2.53,0.07,2.53,518500000.0,1761800000.0,1668900000.0,92900000.0,1761800000.0,,6416200000.0,13285200000.0,,,,843200000.0,3774700000.0,6416200000.0,6869000000.0,116700000.0,53000000.0,4617900000.0,2251100000.0,-63700000.0,2187400000.0,13285200000.0,694600000.0,695200000.0,713900000.0
Danaher Corp,DHR,S4BKK9OTCEWQ3YHPFM11,313616,2012.0,Q3TTM,2011-10-01,2012-09-28,,3.36,3.36,0.1,3.36,697081000.0,2332550000.0,2232467000.0,100083000.0,2332550000.0,,8805727000.0,18001844000.0,,,,1125294000.0,5062362000.0,8805727000.0,9196117000.0,154100000.0,75187000.0,6187656000.0,3008461000.0,-78913000.0,2929548000.0,18001844000.0,694600000.0,695200000.0,713900000.0
Danaher Corp,DHR,S4BKK9OTCEWQ3YHPFM11,313616,2012.0,Q3,2012-06-30,2012-09-28,2013-10-16 18:14:47+00:00,0.79,0.79,,0.77,168400000.0,548700000.0,548700000.0,0.0,548700000.0,,2137500000.0,4415500000.0,,,,289500000.0,1251200000.0,2137500000.0,2278000000.0,39400000.0,19200000.0,1540700000.0,737300000.0,-20200000.0,717100000.0,4415500000.0,694600000.0,695200000.0,713900000.0
Danaher Corp,DHR,S4BKK9OTCEWQ3YHPFM11,313616,2012.0,Q2YTD,2012-01-01,2012-06-29,,1.74,1.74,0.05,1.74,350100000.0,1213100000.0,1120200000.0,92900000.0,1213100000.0,,4278700000.0,8869700000.0,,,,553700000.0,2523500000.0,4278700000.0,4591000000.0,77300000.0,33800000.0,3077200000.0,1513800000.0,-43500000.0,1470300000.0,8869700000.0,697900000.0,695600000.0,714900000.0
Danaher Corp,DHR,S4BKK9OTCEWQ3YHPFM11,313616,2012.0,Q2TTM,2011-07-02,2012-06-29,,3.32,3.32,0.1,3.32,581571000.0,2307278000.0,2199175000.0,108103000.0,2307278000.0,,8930933000.0,18032131000.0,,,,1123300000.0,5079573000.0,8930933000.0,9101198000.0,189949000.0,72370000.0,6202873000.0,2898325000.0,-117579000.0,2780746000.0,18032131000.0,697900000.0,695600000.0,714900000.0
Danaher Corp,DHR,S4BKK9OTCEWQ3YHPFM11,313616,2012.0,Q2,2012-03-31,2012-06-29,2013-07-17 18:06:43+00:00,0.86,0.86,,0.84,173900000.0,600200000.0,600200000.0,0.0,600200000.0,,2198000000.0,4553500000.0,,,,283600000.0,1278600000.0,2198000000.0,2355500000.0,37900000.0,18700000.0,1562200000.0,793300000.0,-19200000.0,774100000.0,4553500000.0,697900000.0,695600000.0,714900000.0
Danaher Corp,DHR,S4BKK9OTCEWQ3YHPFM11,313616,2012.0,Q1TTM,2011-04-02,2012-03-30,,3.41,3.41,0.09,3.41,548946000.0,2355842000.0,2038525000.0,317317000.0,2355842000.0,,8451252000.0,17114502000.0,,,,1073370000.0,4889358000.0,8451252000.0,8663250000.0,183461000.0,70410000.0,5962728000.0,2700522000.0,-113051000.0,2587471000.0,17114502000.0,688700000.0,691500000.0,714000000.0
Danaher Corp,DHR,S4BKK9OTCEWQ3YHPFM11,313616,2012.0,Q1,2012-01-01,2012-03-30,2013-04-17 18:07:25+00:00,0.89,0.89,,0.86,176200000.0,612900000.0,520000000.0,92900000.0,612900000.0,,2080700000.0,4316200000.0,,,,270100000.0,1244900000.0,2080700000.0,2235500000.0,39400000.0,15100000.0,1515000000.0,720500000.0,-24300000.0,696200000.0,4316200000.0,688700000.0,691500000.0,714000000.0
Danaher Corp,DHR,S4BKK9OTCEWQ3YHPFM11,313616,2013.0,FY,2013-01-01,2013-12-31,2016-02-23 18:11:12+00:00,3.87,3.87,,3.8,825700000.0,2695000000.0,2590600000.0,104400000.0,2695000000.0,,8941100000.0,18283100000.0,431300000.0,,,1104400000.0,5117100000.0,8941100000.0,9342000000.0,141200000.0,5700000.0,6221500000.0,3120500000.0,295800000.0,3416300000.0,18283100000.0,696400000.0,696000000.0,711000000.0
Danaher Corp,DHR,S4BKK9OTCEWQ3YHPFM11,313616,2013.0,Q4,2013-09-28,2013-12-31,,1.13,1.13,0.03,1.13,224400000.0,789300000.0,684900000.0,104400000.0,789300000.0,,2335700000.0,4431800000.0,431300000.0,,,186700000.0,1175800000.0,2335700000.0,2096100000.0,27600000.0,-228000000.0,1362500000.0,733600000.0,175700000.0,909300000.0,4431800000.0,696400000.0,696000000.0,711000000.0
Danaher Corp,DHR,S4BKK9OTCEWQ3YHPFM11,313616,2013.0,Q3,2013-06-29,2013-09-27,2014-10-15 18:11:34+00:00,0.86,0.86,,0.84,181800000.0,597000000.0,597000000.0,,597000000.0,,2244400000.0,4669100000.0,0.0,,,309100000.0,1303200000.0,2244400000.0,2424700000.0,35000000.0,1400000.0,1612300000.0,812400000.0,-33600000.0,778800000.0,4669100000.0,694200000.0,697700000.0,711900000.0
Danaher Corp,DHR,S4BKK9OTCEWQ3YHPFM11,313616,2013.0,Q3YTD,2013-01-01,2013-09-27,,2.73,2.73,0.05,2.73,601300000.0,1905700000.0,1905700000.0,,1905700000.0,,6605400000.0,13851300000.0,,,,917700000.0,3941300000.0,6605400000.0,7245900000.0,113600000.0,233700000.0,4859000000.0,2386900000.0,120100000.0,2507000000.0,13851300000.0,694200000.0,697700000.0,711900000.0
Danaher Corp,DHR,S4BKK9OTCEWQ3YHPFM11,313616,2013.0,Q3TTM,2012-09-29,2013-09-27,,3.63,3.63,0.1,3.63,794300000.0,2536100000.0,2536100000.0,,2536100000.0,,9035300000.0,18826500000.0,,,,1212400000.0,5347800000.0,9035300000.0,9791200000.0,154400000.0,253800000.0,6560200000.0,3231000000.0,99400000.0,3330400000.0,18826500000.0,694200000.0,697700000.0,711900000.0
Danaher Corp,DHR,S4BKK9OTCEWQ3YHPFM11,313616,2013.0,Q2,2013-03-30,2013-06-28,2014-07-16 17:46:18+00:00,0.89,0.89,,0.87,189000000.0,616800000.0,616800000.0,,616800000.0,,2242000000.0,4737500000.0,0.0,,,312200000.0,1339700000.0,2242000000.0,2495500000.0,39400000.0,1600000.0,1651900000.0,843600000.0,-37800000.0,805800000.0,4737500000.0,693000000.0,695200000.0,709800000.0
Danaher Corp,DHR,S4BKK9OTCEWQ3YHPFM11,313616,2013.0,Q2YTD,2013-01-01,2013-06-28,,1.89,1.89,,1.85,419500000.0,1308700000.0,1308700000.0,,1308700000.0,,4361000000.0,9182200000.0,,,,608600000.0,2638100000.0,4361000000.0,4821200000.0,78600000.0,232300000.0,3246700000.0,1574500000.0,153700000.0,1728200000.0,9182200000.0,693000000.0,695200000.0,709800000.0
Danaher Corp,DHR,S4BKK9OTCEWQ3YHPFM11,313616,2013.0,Q2TTM,2012-06-30,2013-06-28,,3.59,3.59,,3.51,780900000.0,2487800000.0,2487800000.0,,2487800000.0,,8928400000.0,18572900000.0,,,,1192800000.0,5295800000.0,8928400000.0,9644500000.0,158800000.0,271600000.0,6488600000.0,3155900000.0,112800000.0,3268700000.0,18572900000.0,693000000.0,695200000.0,709800000.0
Danaher Corp,DHR,S4BKK9OTCEWQ3YHPFM11,313616,2013.0,Q1,2013-01-01,2013-03-29,2014-04-16 16:01:47+00:00,1.0,1.0,,0.98,230500000.0,691900000.0,691900000.0,,691900000.0,,2119000000.0,4444700000.0,,,,296400000.0,1298400000.0,2119000000.0,2325700000.0,39200000.0,230700000.0,1594800000.0,730900000.0,191500000.0,922400000.0,4444700000.0,691900000.0,692000000.0,708400000.0
Danaher Corp,DHR,S4BKK9OTCEWQ3YHPFM11,313616,2013.0,Q1TTM,2012-03-31,2013-03-29,,3.57,3.57,0.1,3.57,765800000.0,2471200000.0,2471200000.0,,2471200000.0,,8884400000.0,18388900000.0,,,,1164200000.0,5234700000.0,8884400000.0,9504500000.0,157300000.0,288700000.0,6398900000.0,3105600000.0,131400000.0,3237000000.0,18388900000.0,691900000.0,692000000.0,708400000.0
Danaher Corp,DHR,S4BKK9OTCEWQ3YHPFM11,313616,2014.0,FY,2014-01-01,2014-12-31,2017-02-21 18:11:24+00:00,3.7,3.7,,3.63,447500000.0,2598400000.0,1638700000.0,959700000.0,2598400000.0,,6017400000.0,12866900000.0,122600000.0,,,769400000.0,4035100000.0,6017400000.0,6849500000.0,94700000.0,13300000.0,4804500000.0,2045000000.0,41200000.0,2086200000.0,12866900000.0,702300000.0,702200000.0,716100000.0
Danaher Corp,DHR,S4BKK9OTCEWQ3YHPFM11,313616,2014.0,Q4,2014-09-27,2014-12-31,,0.94,0.94,0.55,0.94,-133800000.0,661700000.0,-298700000.0,960400000.0,661700000.0,,-790600000.0,-1466500000.0,65200000.0,,,-168500000.0,-8000000.0,-790600000.0,-675900000.0,-600000.0,1100000.0,-176500000.0,-499400000.0,66900000.0,-432500000.0,-1466500000.0,702300000.0,702200000.0,716100000.0
Danaher Corp,DHR,S4BKK9OTCEWQ3YHPFM11,313616,2014.0,Q3,2014-06-28,2014-09-26,2015-10-21 17:47:57+00:00,0.97,0.97,,0.95,197100000.0,680600000.0,681300000.0,-700000.0,680600000.0,,2254800000.0,4707100000.0,38200000.0,,,288100000.0,1298000000.0,2254800000.0,2452300000.0,29600000.0,3600000.0,1586100000.0,866200000.0,12200000.0,878400000.0,4707100000.0,701600000.0,702600000.0,716200000.0
Danaher Corp,DHR,S4BKK9OTCEWQ3YHPFM11,313616,2014.0,Q3YTD,2014-01-01,2014-09-26,,2.76,2.76,-0.22,2.76,581300000.0,1936700000.0,1937400000.0,-700000.0,1936700000.0,,6808000000.0,14333400000.0,57400000.0,,,937900000.0,4043100000.0,6808000000.0,7525400000.0,95300000.0,12200000.0,4981000000.0,2544400000.0,-25700000.0,2518700000.0,14333400000.0,701600000.0,702600000.0,716200000.0
Danaher Corp,DHR,S4BKK9OTCEWQ3YHPFM11,313616,2014.0,Q3TTM,2013-09-28,2014-09-26,,3.88,3.88,-0.2,3.88,805700000.0,2726000000.0,2622300000.0,103700000.0,2726000000.0,,9143700000.0,18765200000.0,488700000.0,,,1124600000.0,5218900000.0,9143700000.0,9621500000.0,122900000.0,-215800000.0,6343500000.0,3278000000.0,150000000.0,3428000000.0,18765200000.0,701600000.0,702600000.0,716200000.0
Danaher Corp,DHR,S4BKK9OTCEWQ3YHPFM11,313616,2014.0,Q2YTD,2014-01-01,2014-06-27,,1.79,1.79,0.12,1.79,384200000.0,1256100000.0,1256100000.0,,1256100000.0,,4553200000.0,9626300000.0,19200000.0,,,649800000.0,2745100000.0,4553200000.0,5073100000.0,65700000.0,8600000.0,3394900000.0,1678200000.0,-37900000.0,1640300000.0,9626300000.0,704600000.0,701200000.0,715600000.0
Danaher Corp,DHR,S4BKK9OTCEWQ3YHPFM11,313616,2014.0,Q2TTM,2013-06-29,2014-06-27,,3.77,3.77,0.17,3.77,790400000.0,2642400000.0,2538000000.0,104400000.0,2642400000.0,,9133300000.0,18727200000.0,450500000.0,,,1145600000.0,5224100000.0,9133300000.0,9593900000.0,128300000.0,-218000000.0,6369700000.0,3224200000.0,104200000.0,3328400000.0,18727200000.0,704600000.0,701200000.0,715600000.0
Danaher Corp,DHR,S4BKK9OTCEWQ3YHPFM11,313616,2014.0,Q2,2014-03-29,2014-06-27,2015-07-22 18:37:56+00:00,0.96,0.96,,0.95,202600000.0,676400000.0,676400000.0,,676400000.0,,2343400000.0,4963600000.0,19200000.0,,,336400000.0,1394500000.0,2343400000.0,2620200000.0,33200000.0,3700000.0,1730900000.0,889300000.0,-10300000.0,879000000.0,4963600000.0,704600000.0,701200000.0,715600000.0
Danaher Corp,DHR,S4BKK9OTCEWQ3YHPFM11,313616,2014.0,Q1TTM,2013-03-30,2014-03-28,,3.69,3.69,0.1,3.69,776800000.0,2582800000.0,2478400000.0,104400000.0,2582800000.0,,9031900000.0,18501100000.0,431300000.0,,,1121400000.0,5169300000.0,9031900000.0,9469200000.0,134500000.0,-220100000.0,6290700000.0,3178500000.0,76700000.0,3255200000.0,18501100000.0,698400000.0,700100000.0,714800000.0
Danaher Corp,DHR,S4BKK9OTCEWQ3YHPFM11,313616,2014.0,Q1,2014-01-01,2014-03-28,2015-04-22 18:07:09+00:00,0.83,0.83,,0.81,181600000.0,579700000.0,579700000.0,,579700000.0,,2209800000.0,4662700000.0,,,,313400000.0,1350600000.0,2209800000.0,2452900000.0,32500000.0,4900000.0,1664000000.0,788900000.0,-27600000.0,761300000.0,4662700000.0,698400000.0,700100000.0,714800000.0
Danaher Corp,DHR,S4BKK9OTCEWQ3YHPFM11,313616,2015.0,FY,2015-01-01,2015-12-31,2018-02-20 18:34:14+00:00,4.81,4.81,,4.74,292700000.0,3357400000.0,1746700000.0,1610700000.0,3357400000.0,,6662600000.0,14433700000.0,12400000.0,,,861400000.0,4747500000.0,6662600000.0,7771100000.0,139800000.0,4600000.0,5608900000.0,2162200000.0,-122800000.0,2039400000.0,14433700000.0,698000000.0,698100000.0,708500000.0
Danaher Corp,DHR,S4BKK9OTCEWQ3YHPFM11,313616,2015.0,Q4,2015-10-03,2015-12-31,,0.99,0.99,0.13,0.99,-143600000.0,688600000.0,93300000.0,595300000.0,688600000.0,,501100000.0,1266600000.0,,,,45200000.0,727600000.0,501100000.0,765500000.0,42400000.0,-600000.0,772800000.0,-7300000.0,-43000000.0,-50300000.0,1266600000.0,698000000.0,698100000.0,708500000.0
Danaher Corp,DHR,S4BKK9OTCEWQ3YHPFM11,313616,2015.0,Q3,2015-07-04,2015-10-02,2016-10-19 18:01:29+00:00,2.04,2.04,,2.01,74000000.0,1403300000.0,379900000.0,1023400000.0,1403300000.0,,1618800000.0,3512200000.0,12400000.0,,,212200000.0,1201200000.0,1618800000.0,1893400000.0,39100000.0,600000.0,1413400000.0,480000000.0,-26100000.0,453900000.0,3512200000.0,687900000.0,688500000.0,698700000.0
Danaher Corp,DHR,S4BKK9OTCEWQ3YHPFM11,313616,2015.0,Q3YTD,2015-01-01,2015-10-02,,3.88,3.88,0.38,3.88,436300000.0,2668800000.0,1653400000.0,1015400000.0,2668800000.0,,6161500000.0,13167100000.0,12400000.0,,,816200000.0,4019900000.0,6161500000.0,7005600000.0,97400000.0,5200000.0,4836100000.0,2169500000.0,-79800000.0,2089700000.0,13167100000.0,687900000.0,688500000.0,698700000.0
Danaher Corp,DHR,S4BKK9OTCEWQ3YHPFM11,313616,2015.0,Q3TTM,2014-09-27,2015-10-02,,4.84,4.84,0.94,4.84,302500000.0,3330500000.0,1354700000.0,1975800000.0,3330500000.0,,5370900000.0,11700600000.0,77600000.0,,,647700000.0,4011900000.0,5370900000.0,6329700000.0,96800000.0,6300000.0,4659600000.0,1670100000.0,-12900000.0,1657200000.0,11700600000.0,687900000.0,688500000.0,698700000.0
Danaher Corp,DHR,S4BKK9OTCEWQ3YHPFM11,313616,2015.0,Q2,2015-04-04,2015-07-03,2016-07-25 06:08:32+00:00,0.98,0.98,,0.97,192200000.0,695700000.0,715500000.0,-19800000.0,695700000.0,,2316200000.0,4960200000.0,0.0,,,304600000.0,1405000000.0,2316200000.0,2644000000.0,29000000.0,2300000.0,1709600000.0,934400000.0,-26700000.0,907700000.0,4960200000.0,709900000.0,709500000.0,719600000.0
Danaher Corp,DHR,S4BKK9OTCEWQ3YHPFM11,313616,2015.0,Q2YTD,2015-01-01,2015-07-03,,1.78,1.78,0.23,1.78,362300000.0,1265500000.0,1273500000.0,-8000000.0,1265500000.0,,4542700000.0,9654900000.0,,,,604000000.0,2818700000.0,4542700000.0,5112200000.0,58300000.0,4600000.0,3422700000.0,1689500000.0,-53700000.0,1635800000.0,9654900000.0,709900000.0,709500000.0,719600000.0
Danaher Corp,DHR,S4BKK9OTCEWQ3YHPFM11,313616,2015.0,Q2TTM,2014-06-28,2015-07-03,,3.68,3.68,0.43,3.68,425600000.0,2607800000.0,1656100000.0,951700000.0,2607800000.0,,6006900000.0,12895500000.0,103400000.0,,,723600000.0,4108700000.0,6006900000.0,6888600000.0,87300000.0,9300000.0,4832300000.0,2056300000.0,25400000.0,2081700000.0,12895500000.0,709900000.0,709500000.0,719600000.0
Danaher Corp,DHR,S4BKK9OTCEWQ3YHPFM11,313616,2015.0,Q1,2015-01-01,2015-04-03,2016-04-20 18:07:08+00:00,0.81,0.81,,0.79,170100000.0,569800000.0,558000000.0,11800000.0,569800000.0,,2226500000.0,4694700000.0,0.0,,,299400000.0,1413700000.0,2226500000.0,2468200000.0,29300000.0,2300000.0,1713100000.0,755100000.0,-27000000.0,728100000.0,4694700000.0,703500000.0,707200000.0,718700000.0
Danaher Corp,DHR,S4BKK9OTCEWQ3YHPFM11,313616,2015.0,Q1TTM,2014-03-29,2015-04-03,,3.66,3.66,0.4,3.66,436000000.0,2588500000.0,1617000000.0,971500000.0,2588500000.0,,6034100000.0,12898900000.0,122600000.0,,,755400000.0,4098200000.0,6034100000.0,6864800000.0,91500000.0,10700000.0,4853600000.0,2011200000.0,41800000.0,2053000000.0,12898900000.0,703500000.0,707200000.0,718700000.0
Danaher Corp,DHR,S4BKK9OTCEWQ3YHPFM11,313616,2016.0,FY,2016-01-01,2016-12-31,2019-02-20 19:10:11+00:00,3.69,3.69,,3.65,457900000.0,2553700000.0,2153400000.0,400300000.0,2553700000.0,,7547800000.0,16882400000.0,239100000.0,,,975100000.0,5624300000.0,7547800000.0,9334600000.0,363200000.0,200000.0,6599400000.0,2735200000.0,-123900000.0,2611300000.0,16882400000.0,692100000.0,691200000.0,699800000.0
Danaher Corp,DHR,S4BKK9OTCEWQ3YHPFM11,313616,2016.0,Q4,2016-10-01,2016-12-31,,1.08,1.08,0.13,1.08,-50600000.0,747000000.0,747000000.0,,747000000.0,,2084300000.0,4584300000.0,15700000.0,,,268000000.0,1519100000.0,2084300000.0,2500000000.0,32300000.0,100000.0,1787100000.0,712900000.0,-16500000.0,696400000.0,4584300000.0,692100000.0,691200000.0,699800000.0
Danaher Corp,DHR,S4BKK9OTCEWQ3YHPFM11,313616,2016.0,Q3,2016-07-02,2016-09-30,2017-10-18 18:15:02+00:00,0.57,0.57,,0.56,74100000.0,391600000.0,402600000.0,-11000000.0,391600000.0,,1846100000.0,4132100000.0,0.0,,,241100000.0,1345800000.0,1846100000.0,2286000000.0,222500000.0,100000.0,1586900000.0,699100000.0,-222400000.0,476700000.0,4132100000.0,687000000.0,692200000.0,701300000.0
Danaher Corp,DHR,S4BKK9OTCEWQ3YHPFM11,313616,2016.0,Q3YTD,2016-01-01,2016-09-30,,2.61,2.61,0.45,2.61,508500000.0,1806700000.0,1406400000.0,400300000.0,1806700000.0,,5463500000.0,12298100000.0,223400000.0,,,707100000.0,4105200000.0,5463500000.0,6834600000.0,330900000.0,100000.0,4812300000.0,2022300000.0,-107400000.0,1914900000.0,12298100000.0,687000000.0,692200000.0,701300000.0
Danaher Corp,DHR,S4BKK9OTCEWQ3YHPFM11,313616,2016.0,Q3TTM,2015-10-03,2016-09-30,,3.6,3.6,0.59,3.6,364900000.0,2495300000.0,1499700000.0,995600000.0,2495300000.0,,5964600000.0,13564700000.0,223400000.0,,,752300000.0,4832800000.0,5964600000.0,7600100000.0,373300000.0,-500000.0,5585100000.0,2015000000.0,-150400000.0,1864600000.0,13564700000.0,687000000.0,692200000.0,701300000.0
Danaher Corp,DHR,S4BKK9OTCEWQ3YHPFM11,313616,2016.0,Q2,2016-04-02,2016-07-01,2017-07-19 18:15:15+00:00,0.95,0.95,,0.94,236600000.0,656700000.0,418000000.0,238700000.0,656700000.0,,1860600000.0,4241900000.0,0.0,,,239900000.0,1431300000.0,1860600000.0,2381300000.0,55500000.0,0.0,1671200000.0,710100000.0,-55500000.0,654600000.0,4241900000.0,691300000.0,690900000.0,698900000.0
Danaher Corp,DHR,S4BKK9OTCEWQ3YHPFM11,313616,2016.0,Q2YTD,2016-01-01,2016-07-01,,2.05,2.05,0.29,2.05,434400000.0,1415100000.0,1003800000.0,411300000.0,1415100000.0,,3617400000.0,8166000000.0,223400000.0,,,466000000.0,2759400000.0,3617400000.0,4548600000.0,108400000.0,,3225400000.0,1323200000.0,115000000.0,1438200000.0,8166000000.0,691300000.0,690900000.0,698900000.0
Danaher Corp,DHR,S4BKK9OTCEWQ3YHPFM11,313616,2016.0,Q2TTM,2015-07-04,2016-07-01,,5.08,5.08,0.57,5.08,364800000.0,3507000000.0,1477000000.0,2030000000.0,3507000000.0,,5737300000.0,12944800000.0,235800000.0,,,723400000.0,4688200000.0,5737300000.0,7207500000.0,189900000.0,,5411600000.0,1795900000.0,45900000.0,1841800000.0,12944800000.0,691300000.0,690900000.0,698900000.0
Danaher Corp,DHR,S4BKK9OTCEWQ3YHPFM11,313616,2016.0,Q1,2016-01-01,2016-04-01,2017-04-19 17:52:45+00:00,1.1,1.1,,1.09,197800000.0,758400000.0,585800000.0,172600000.0,758400000.0,,1756800000.0,3924100000.0,223400000.0,,,226100000.0,1328100000.0,1756800000.0,2167300000.0,52900000.0,0.0,1554200000.0,613100000.0,170500000.0,783600000.0,3924100000.0,689500000.0,688600000.0,697100000.0
Danaher Corp,DHR,S4BKK9OTCEWQ3YHPFM11,313616,2016.0,Q1TTM,2015-04-04,2016-04-01,,5.15,5.15,0.55,5.15,320400000.0,3546000000.0,1774500000.0,1771500000.0,3546000000.0,,6192900000.0,13663100000.0,235800000.0,,,788100000.0,4661900000.0,6192900000.0,7470200000.0,163400000.0,2300000.0,5450000000.0,2020200000.0,74700000.0,2094900000.0,13663100000.0,689500000.0,688600000.0,697100000.0
Danaher Corp,DHR,S4BKK9OTCEWQ3YHPFM11,313616,2017.0,FY,2017-01-01,2017-12-31,2020-02-21 07:32:05+00:00,3.58,3.58,,3.53,371000000.0,2492100000.0,2172200000.0,319900000.0,2492100000.0,,6947500000.0,15518800000.0,103500000.0,,0.0,956400000.0,5042600000.0,6947500000.0,8571300000.0,140100000.0,7500000.0,5999000000.0,2572300000.0,-29100000.0,2543200000.0,15518800000.0,696100000.0,695800000.0,706100000.0
Danaher Corp,DHR,S4BKK9OTCEWQ3YHPFM11,313616,2017.0,Q4,2017-09-30,2017-12-31,,1.23,1.23,0.14,1.23,24400000.0,856600000.0,559000000.0,297600000.0,856600000.0,,1056900000.0,2274800000.0,81300000.0,,,126500000.0,572000000.0,1056900000.0,1217900000.0,19200000.0,1900000.0,698500000.0,519400000.0,64000000.0,583400000.0,2274800000.0,696100000.0,695800000.0,706100000.0
Danaher Corp,DHR,S4BKK9OTCEWQ3YHPFM11,313616,2017.0,Q3,2017-07-01,2017-09-29,2018-10-17 18:31:54+00:00,0.82,0.82,,0.81,157700000.0,572100000.0,572100000.0,0.0,572100000.0,,1991400000.0,4528200000.0,8300000.0,,,279200000.0,1498400000.0,1991400000.0,2536800000.0,39900000.0,2200000.0,1777600000.0,759200000.0,-29400000.0,729800000.0,4528200000.0,697700000.0,696200000.0,705600000.0
Danaher Corp,DHR,S4BKK9OTCEWQ3YHPFM11,313616,2017.0,Q3YTD,2017-01-01,2017-09-29,,2.35,2.35,0.5,2.35,346600000.0,1635500000.0,1613200000.0,22300000.0,1635500000.0,,5890600000.0,13244000000.0,22200000.0,,,829900000.0,4470600000.0,5890600000.0,7353400000.0,120900000.0,5600000.0,5300500000.0,2052900000.0,-93100000.0,1959800000.0,13244000000.0,697700000.0,696200000.0,705600000.0
Danaher Corp,DHR,S4BKK9OTCEWQ3YHPFM11,313616,2017.0,Q3TTM,2016-10-01,2017-09-29,,3.42,3.42,0.62,3.42,296000000.0,2382500000.0,2360200000.0,22300000.0,2382500000.0,,7974900000.0,17828300000.0,37900000.0,,,1097900000.0,5989700000.0,7974900000.0,9853400000.0,153200000.0,5700000.0,7087600000.0,2765800000.0,-109600000.0,2656200000.0,17828300000.0,697700000.0,696200000.0,705600000.0
Danaher Corp,DHR,S4BKK9OTCEWQ3YHPFM11,313616,2017.0,Q2,2017-04-01,2017-06-30,2018-07-18 18:34:00+00:00,0.8,0.8,,0.79,87500000.0,557300000.0,557300000.0,0.0,557300000.0,,2027800000.0,4510100000.0,7000000.0,,,283300000.0,1522300000.0,2027800000.0,2482300000.0,40700000.0,1800000.0,1805600000.0,676700000.0,-31900000.0,644800000.0,4510100000.0,696600000.0,695400000.0,705400000.0
Danaher Corp,DHR,S4BKK9OTCEWQ3YHPFM11,313616,2017.0,Q2YTD,2017-01-01,2017-06-30,,1.53,1.53,0.36,1.53,188900000.0,1063400000.0,1041100000.0,22300000.0,1063400000.0,,3899200000.0,8715800000.0,13900000.0,,,550700000.0,2972200000.0,3899200000.0,4816600000.0,81000000.0,3400000.0,3522900000.0,1293700000.0,-63700000.0,1230000000.0,8715800000.0,696600000.0,695400000.0,705400000.0
Danaher Corp,DHR,S4BKK9OTCEWQ3YHPFM11,313616,2017.0,Q2TTM,2016-07-02,2017-06-30,,3.17,3.17,0.64,3.17,212400000.0,2202000000.0,2190700000.0,11300000.0,2202000000.0,,7829600000.0,17432200000.0,29600000.0,,,1059800000.0,5837100000.0,7829600000.0,9602600000.0,335800000.0,3600000.0,6896900000.0,2705700000.0,-302600000.0,2403100000.0,17432200000.0,696600000.0,695400000.0,705400000.0
Danaher Corp,DHR,S4BKK9OTCEWQ3YHPFM11,313616,2017.0,Q1,2017-01-01,2017-03-31,2018-04-18 18:01:28+00:00,0.73,0.73,,0.72,101400000.0,506100000.0,483800000.0,22300000.0,506100000.0,,1871400000.0,4205700000.0,6900000.0,,,267400000.0,1449900000.0,1871400000.0,2334300000.0,40300000.0,1600000.0,1717300000.0,617000000.0,-31800000.0,585200000.0,4205700000.0,693300000.0,694300000.0,705700000.0
Danaher Corp,DHR,S4BKK9OTCEWQ3YHPFM11,313616,2017.0,Q1TTM,2016-04-02,2017-03-31,,3.31,3.31,0.66,3.31,361500000.0,2301400000.0,2051400000.0,250000000.0,2301400000.0,,7662400000.0,17164000000.0,22600000.0,,,1016400000.0,5746100000.0,7662400000.0,9501600000.0,350600000.0,1800000.0,6762500000.0,2739100000.0,-326200000.0,2412900000.0,17164000000.0,693300000.0,694300000.0,705700000.0
Danaher Corp,DHR,S4BKK9OTCEWQ3YHPFM11,313616,2018.0,FY,2018-01-01,2018-12-31,2020-02-21 07:32:05+00:00,3.78,3.78,,3.74,555600000.0,2650900000.0,2406300000.0,244600000.0,2650900000.0,,7543200000.0,17048500000.0,34500000.0,,0.0,1059200000.0,5391000000.0,7543200000.0,9505300000.0,136900000.0,9200000.0,6450200000.0,3055100000.0,-93200000.0,2961900000.0,17048500000.0,701300000.0,700600000.0,710200000.0
Danaher Corp,DHR,S4BKK9OTCEWQ3YHPFM11,313616,2018.0,Q4,2018-09-29,2018-12-31,,1.06,1.06,,1.06,110200000.0,746800000.0,502200000.0,244600000.0,746800000.0,,1164900000.0,2519000000.0,9700000.0,,,147600000.0,592600000.0,1164900000.0,1354100000.0,13300000.0,2500000.0,740200000.0,613900000.0,-1100000.0,612400000.0,2519000000.0,701300000.0,700600000.0,710200000.0
Danaher Corp,DHR,S4BKK9OTCEWQ3YHPFM11,313616,2018.0,Q3,2018-06-30,2018-09-28,2019-10-23 18:53:13+00:00,0.95,0.95,,0.93,137600000.0,663700000.0,663700000.0,,663700000.0,0.0,2162600000.0,4853100000.0,9000000.0,,0.0,301200000.0,1558600000.0,2162600000.0,2690500000.0,41300000.0,2800000.0,1859800000.0,830700000.0,-29500000.0,801300000.0,4853100000.0,698600000.0,701400000.0,710600000.0
Danaher Corp,DHR,S4BKK9OTCEWQ3YHPFM11,313616,2018.0,Q3YTD,2018-01-01,2018-09-28,,2.71,2.71,0.46,2.71,445400000.0,1904100000.0,1904100000.0,,1904100000.0,,6378300000.0,14529500000.0,24800000.0,,,911600000.0,4798400000.0,6378300000.0,8151200000.0,123600000.0,6700000.0,5710000000.0,2441200000.0,-92100000.0,2349500000.0,14529500000.0,698600000.0,701400000.0,710600000.0
Danaher Corp,DHR,S4BKK9OTCEWQ3YHPFM11,313616,2018.0,Q3TTM,2017-09-30,2018-09-28,,3.94,3.94,0.6,3.94,469800000.0,2760700000.0,2463100000.0,297600000.0,2760700000.0,,7435200000.0,16804300000.0,106100000.0,,,1038100000.0,5370400000.0,7435200000.0,9369100000.0,142800000.0,8600000.0,6408500000.0,2960600000.0,-28100000.0,2932900000.0,16804300000.0,698600000.0,701400000.0,710600000.0
Danaher Corp,DHR,S4BKK9OTCEWQ3YHPFM11,313616,2018.0,Q2,2018-03-31,2018-06-29,2019-07-17 18:49:35+00:00,0.96,0.96,,0.95,161300000.0,673800000.0,673800000.0,,673800000.0,,2163900000.0,4981000000.0,8000000.0,,0.0,311700000.0,1637900000.0,2163900000.0,2817100000.0,43200000.0,2500000.0,1949600000.0,867500000.0,-32700000.0,835100000.0,4981000000.0,701900000.0,700200000.0,709500000.0
Danaher Corp,DHR,S4BKK9OTCEWQ3YHPFM11,313616,2018.0,Q2YTD,2018-01-01,2018-06-29,,1.77,1.77,0.3,1.77,307800000.0,1240400000.0,1240400000.0,,1240400000.0,,4215700000.0,9676400000.0,15800000.0,,,610400000.0,3239800000.0,4215700000.0,5460700000.0,82300000.0,3900000.0,3850200000.0,1610500000.0,-62600000.0,1548200000.0,9676400000.0,701900000.0,700200000.0,709500000.0
Danaher Corp,DHR,S4BKK9OTCEWQ3YHPFM11,313616,2018.0,Q2TTM,2017-07-01,2018-06-29,,3.81,3.81,0.58,3.81,489900000.0,2669100000.0,2371500000.0,297600000.0,2669100000.0,,7264000000.0,16479400000.0,105400000.0,,,1016100000.0,5310200000.0,7264000000.0,9215400000.0,141400000.0,8000000.0,6326300000.0,2889100000.0,-28000000.0,2861400000.0,16479400000.0,701900000.0,700200000.0,709500000.0
Danaher Corp,DHR,S4BKK9OTCEWQ3YHPFM11,313616,2018.0,Q1,2018-01-01,2018-03-30,2019-04-17 18:22:08+00:00,0.81,0.81,,0.8,146500000.0,566600000.0,566600000.0,,566600000.0,,2051800000.0,4695400000.0,7800000.0,,0.0,298700000.0,1601900000.0,2051800000.0,2643600000.0,39100000.0,1400000.0,1900600000.0,743000000.0,-29900000.0,713100000.0,4695400000.0,699500000.0,698600000.0,709500000.0
Danaher Corp,DHR,S4BKK9OTCEWQ3YHPFM11,313616,2018.0,Q1TTM,2017-04-01,2018-03-30,,3.65,3.65,0.56,3.65,416100000.0,2552600000.0,2255000000.0,297600000.0,2552600000.0,,7127900000.0,16008500000.0,104400000.0,,,987700000.0,5194600000.0,7127900000.0,8880600000.0,138900000.0,7300000.0,6182300000.0,2698300000.0,-27200000.0,2671100000.0,16008500000.0,699500000.0,698600000.0,709500000.0
Danaher Corp,DHR,S4BKK9OTCEWQ3YHPFM11,313616,2019.0,Q4,2019-09-28,2019-12-31,,1.76,1.76,,1.73,151800000.0,1269200000.0,694800000.0,574400000.0,1255500000.0,-5900000.0,1554000000.0,3497000000.0,-3100000.0,,19600000.0,217800000.0,894100000.0,1554000000.0,1943000000.0,47700000.0,67000000.0,1111900000.0,831100000.0,16200000.0,846600000.0,3497000000.0,715300000.0,715000000.0,725500000.0
Danaher Corp,DHR,S4BKK9OTCEWQ3YHPFM11,313616,2019.0,FY,2019-01-01,2019-12-31,2020-02-21 07:32:05+00:00,4.11,4.11,,4.05,873000000.0,3008200000.0,2432300000.0,575900000.0,2939800000.0,,7927400000.0,17911100000.0,12000000.0,,68400000.0,1126000000.0,5588300000.0,7927400000.0,9983700000.0,115100000.0,139000000.0,6714300000.0,3269400000.0,35900000.0,3305300000.0,17911100000.0,715300000.0,715000000.0,725500000.0
Danaher Corp,DHR,S4BKK9OTCEWQ3YHPFM11,313616,2019.0,Q3YTD,2019-01-01,2019-09-27,,2.35,2.35,,2.32,721200000.0,1739000000.0,1737500000.0,1500000.0,1684300000.0,5900000.0,6373400000.0,14414100000.0,15100000.0,,48800000.0,908200000.0,4694200000.0,6373400000.0,8040700000.0,67400000.0,72000000.0,5602400000.0,2438300000.0,19700000.0,2458700000.0,14414100000.0,720400000.0,718800000.0,729300000.0
Danaher Corp,DHR,S4BKK9OTCEWQ3YHPFM11,313616,2019.0,Q3TTM,2018-09-29,2019-09-27,,3.41,3.41,,3.38,831400000.0,2485800000.0,2239700000.0,246100000.0,2431100000.0,5900000.0,7538300000.0,16933100000.0,24800000.0,,48800000.0,1055800000.0,5286800000.0,7538300000.0,9394800000.0,80700000.0,74500000.0,6342600000.0,3052200000.0,18600000.0,3071100000.0,16933100000.0,720400000.0,718800000.0,729300000.0
Danaher Corp,DHR,S4BKK9OTCEWQ3YHPFM11,313616,2019.0,Q3,2019-06-29,2019-09-27,2019-10-23 18:53:13+00:00,0.9,0.9,,0.89,169100000.0,673900000.0,673900000.0,,648400000.0,5900000.0,2228900000.0,5037300000.0,4000000.0,,19600000.0,318900000.0,1654700000.0,2228900000.0,2808400000.0,26300000.0,30100000.0,1973600000.0,834800000.0,7800000.0,843000000.0,5037300000.0,720400000.0,718800000.0,729300000.0
Danaher Corp,DHR,S4BKK9OTCEWQ3YHPFM11,313616,2019.0,Q2YTD,2019-01-01,2019-06-28,,1.45,1.45,,1.43,552100000.0,1065100000.0,1063600000.0,1500000.0,1035900000.0,,4144500000.0,9376800000.0,11100000.0,,29200000.0,589300000.0,3039500000.0,4144500000.0,5232300000.0,41100000.0,41900000.0,3628800000.0,1603500000.0,11900000.0,1615700000.0,9376800000.0,715800000.0,717600000.0,727900000.0
Danaher Corp,DHR,S4BKK9OTCEWQ3YHPFM11,313616,2019.0,Q2TTM,2018-06-30,2019-06-28,,3.41,3.41,0.64,3.41,799900000.0,2475600000.0,2229500000.0,246100000.0,2446400000.0,,7472000000.0,16748900000.0,29800000.0,,29200000.0,1038100000.0,5190700000.0,7472000000.0,9276900000.0,95700000.0,47200000.0,6228800000.0,3048100000.0,-18700000.0,3029400000.0,16748900000.0,715800000.0,717600000.0,727900000.0
Danaher Corp,DHR,S4BKK9OTCEWQ3YHPFM11,313616,2019.0,Q2,2019-03-30,2019-06-28,2019-07-17 18:49:35+00:00,0.99,0.99,,0.97,164400000.0,731300000.0,731300000.0,,708600000.0,,2279200000.0,5156600000.0,6000000.0,,22700000.0,321800000.0,1671800000.0,2279200000.0,2877400000.0,20600000.0,26200000.0,1993600000.0,883800000.0,11600000.0,895700000.0,5156600000.0,715800000.0,717600000.0,727900000.0
Danaher Corp,DHR,S4BKK9OTCEWQ3YHPFM11,313616,2019.0,Q1,2019-01-01,2019-03-29,2020-05-06 17:02:28+00:00,0.46,0.46,,0.46,387700000.0,333800000.0,332300000.0,1500000.0,327300000.0,,1865300000.0,4220200000.0,5100000.0,,6500000.0,267500000.0,1367700000.0,1865300000.0,2354900000.0,20500000.0,15700000.0,1635200000.0,719700000.0,300000.0,720000000.0,4220200000.0,711500000.0,707600000.0,718500000.0
Danaher Corp,DHR,S4BKK9OTCEWQ3YHPFM11,313616,2019.0,Q1TTM,2018-03-31,2019-03-29,,3.41,3.41,0.63,3.41,796800000.0,2418100000.0,2172000000.0,246100000.0,2411600000.0,,7356700000.0,16573300000.0,31800000.0,,6500000.0,1028000000.0,5156800000.0,7356700000.0,9216600000.0,118300000.0,23500000.0,6184800000.0,3031800000.0,-63000000.0,2968800000.0,16573300000.0,711500000.0,707600000.0,718500000.0
Danaher Corp,DHR,S4BKK9OTCEWQ3YHPFM11,313616,2020.0,Q1TTM,2019-03-30,2020-04-03,,4.48,4.48,,4.4,601300000.0,3269500000.0,2695100000.0,574400000.0,3188000000.0,,7962400000.0,18034000000.0,5400000.0,,81500000.0,1145500000.0,5678900000.0,7962400000.0,10071600000.0,142000000.0,185800000.0,6824400000.0,3247200000.0,49200000.0,3296400000.0,18034000000.0,693400000.0,697200000.0,707900000.0
Danaher Corp,DHR,S4BKK9OTCEWQ3YHPFM11,313616,2020.0,Q1,2020-01-01,2020-04-03,2020-05-06 17:02:28+00:00,0.83,0.83,,0.81,116000000.0,595100000.0,595100000.0,0.0,575500000.0,,1900300000.0,4343100000.0,-1500000.0,,19600000.0,287000000.0,1458300000.0,1900300000.0,2442800000.0,47400000.0,62500000.0,1745300000.0,697500000.0,13600000.0,711100000.0,4343100000.0,693400000.0,697200000.0,707900000.0
