company_name,company_ticker,company_lei,company_cik,year,quarter,start_date,end_date,filing_date,basicdilutedeps,basiceps,cashdividendspershare,dilutedeps,incometaxexpense,netincome,netincomecontinuing,netincomediscontinued,netincometocommon,netincometononcontrollinginterest,operatingcostofrevenue,operatingrevenue,otherincome,sgaexpense,totalcostofrevenue,totalgrossprofit,totalinterestexpense,totalinterestincome,totaloperatingexpenses,totaloperatingincome,totalotherincome,totalpretaxincome,totalrevenue,weightedavebasicdilutedsharesos,weightedavebasicsharesos,weightedavedilutedsharesos
Express Scripts Holding Co,ESRX,5493003UA6VMND084504,1532063,2010.0,FY,2010-01-01,2010-12-31,2013-02-19 06:15:01+00:00,2.19,2.19,,2.17,704100000.0,1181200000.0,1204600000.0,-23400000.0,1181200000.0,,42015000000.0,44973200000.0,,887300000.0,42015000000.0,2958200000.0,167100000.0,4900000.0,887300000.0,2070900000.0,-162200000.0,1908700000.0,44973200000.0,539400000.0,538500000.0,544000000.0
Express Scripts Holding Co,ESRX,5493003UA6VMND084504,1532063,2011.0,Q4,2011-10-01,2011-12-31,,0.58,0.58,,0.58,173700000.0,293100000.0,293100000.0,,290400000.0,2700000.0,11256900000.0,12101400000.0,,266900000.0,11256900000.0,844500000.0,115400000.0,4600000.0,266900000.0,577600000.0,-110800000.0,466800000.0,12101400000.0,500300000.0,500900000.0,505000000.0
Express Scripts Holding Co,ESRX,5493003UA6VMND084504,1532063,2011.0,FY,2011-01-01,2011-12-31,2014-02-20 16:38:52+00:00,2.55,2.55,,2.53,748600000.0,1278500000.0,1278500000.0,0.0,1275800000.0,2700000.0,42918400000.0,46128300000.0,,895500000.0,42918400000.0,3209900000.0,299700000.0,12400000.0,895500000.0,2314400000.0,-287300000.0,2027100000.0,46128300000.0,500300000.0,500900000.0,505000000.0
Express Scripts Holding Co,ESRX,5493003UA6VMND084504,1532063,2011.0,Q3YTD,2011-01-01,2011-09-30,,2.02,2.02,,2.02,574900000.0,985400000.0,985400000.0,,985400000.0,,31661500000.0,34026900000.0,,628600000.0,31661500000.0,2365400000.0,184300000.0,7800000.0,628600000.0,1736800000.0,-176500000.0,1560300000.0,34026900000.0,484600000.0,487200000.0,490800000.0
Express Scripts Holding Co,ESRX,5493003UA6VMND084504,1532063,2011.0,Q3,2011-07-01,2011-09-30,2012-11-05 20:17:09+00:00,0.67,0.67,,0.66,192000000.0,324700000.0,324700000.0,,324700000.0,,10735200000.0,11571000000.0,,230700000.0,10735200000.0,835800000.0,94300000.0,5900000.0,230700000.0,605100000.0,-88400000.0,516700000.0,11571000000.0,484600000.0,487200000.0,490800000.0
Express Scripts Holding Co,ESRX,5493003UA6VMND084504,1532063,2011.0,Q2YTD,2011-01-01,2011-06-30,,1.31,1.31,,1.31,382900000.0,660700000.0,660700000.0,,660700000.0,,20926300000.0,22455900000.0,,397900000.0,20926300000.0,1529600000.0,90000000.0,1900000.0,397900000.0,1131700000.0,-88100000.0,1043600000.0,22455900000.0,506400000.0,502600000.0,507000000.0
Express Scripts Holding Co,ESRX,5493003UA6VMND084504,1532063,2011.0,Q2,2011-04-01,2011-06-30,2012-08-07 16:13:06+00:00,0.66,0.66,,0.66,196300000.0,334200000.0,334200000.0,,334200000.0,,10577300000.0,11361400000.0,,204800000.0,10577300000.0,784100000.0,50300000.0,1500000.0,204800000.0,579300000.0,-48800000.0,530500000.0,11361400000.0,506400000.0,502600000.0,507000000.0
Express Scripts Holding Co,ESRX,5493003UA6VMND084504,1532063,2011.0,Q1,2011-01-01,2011-03-31,2012-05-10 16:16:59+00:00,0.62,0.62,,0.61,186600000.0,326500000.0,326500000.0,,326500000.0,,10349000000.0,11094500000.0,,193100000.0,10349000000.0,745500000.0,39700000.0,400000.0,193100000.0,552400000.0,-39300000.0,513100000.0,11094500000.0,526600000.0,529000000.0,533900000.0
Express Scripts Holding Co,ESRX,5493003UA6VMND084504,1532063,2012.0,Q4,2012-10-01,2012-12-31,,0.58,0.58,,0.56,236700000.0,511000000.0,522900000.0,-11900000.0,504100000.0,6900000.0,25025600000.0,27315500000.0,,1383000000.0,25025600000.0,2289900000.0,157400000.0,10100000.0,1383000000.0,906900000.0,-147300000.0,759600000.0,27315500000.0,729400000.0,731300000.0,747300000.0
Express Scripts Holding Co,ESRX,5493003UA6VMND084504,1532063,2012.0,FY,2012-01-01,2012-12-31,2015-02-23 16:21:31+00:00,1.8,1.8,,1.76,838000000.0,1330100000.0,1362400000.0,-32300000.0,1312900000.0,17200000.0,86402400000.0,93714300000.0,,4518000000.0,86402400000.0,7311900000.0,619000000.0,25500000.0,4518000000.0,2793900000.0,-593500000.0,2200400000.0,93714300000.0,729400000.0,731300000.0,747300000.0
Express Scripts Holding Co,ESRX,5493003UA6VMND084504,1532063,2012.0,Q3YTD,2012-01-01,2012-09-30,,0.99,0.99,0.01,0.99,601300000.0,819100000.0,839500000.0,-20400000.0,808800000.0,10300000.0,61376800000.0,66398800000.0,,3135000000.0,61376800000.0,5022000000.0,461600000.0,15400000.0,3135000000.0,1887000000.0,-446200000.0,1440800000.0,66398800000.0,815400000.0,812900000.0,829600000.0
Express Scripts Holding Co,ESRX,5493003UA6VMND084504,1532063,2012.0,Q3TTM,2011-10-01,2012-09-30,,1.35,1.35,0.01,1.35,775000000.0,1112200000.0,1132600000.0,-20400000.0,1099200000.0,13000000.0,72633700000.0,78500200000.0,,3401900000.0,72633700000.0,5866500000.0,577000000.0,20000000.0,3401900000.0,2464600000.0,-557000000.0,1907600000.0,78500200000.0,815400000.0,812900000.0,829600000.0
Express Scripts Holding Co,ESRX,5493003UA6VMND084504,1532063,2012.0,Q3,2012-07-01,2012-09-30,2013-10-24 16:57:53+00:00,0.48,0.48,,0.47,256100000.0,395900000.0,415900000.0,-20000000.0,391400000.0,4500000.0,24658700000.0,26761600000.0,,1282200000.0,24658700000.0,2102900000.0,155200000.0,6500000.0,1282200000.0,820700000.0,-148700000.0,672000000.0,26761600000.0,815400000.0,812900000.0,829600000.0
Express Scripts Holding Co,ESRX,5493003UA6VMND084504,1532063,2012.0,Q2YTD,2012-01-01,2012-06-30,,0.52,0.52,,0.52,345200000.0,423200000.0,423600000.0,-400000.0,417400000.0,5800000.0,36718100000.0,39637200000.0,,1852800000.0,36718100000.0,2919100000.0,306400000.0,8900000.0,1852800000.0,1066300000.0,-297500000.0,768800000.0,39637200000.0,787400000.0,807800000.0,823900000.0
Express Scripts Holding Co,ESRX,5493003UA6VMND084504,1532063,2012.0,Q2TTM,2011-07-01,2012-06-30,,1.28,1.28,0.01,1.28,710900000.0,1041000000.0,1041400000.0,-400000.0,1032500000.0,8500000.0,58710200000.0,63309600000.0,,2350400000.0,58710200000.0,4599400000.0,516100000.0,19400000.0,2350400000.0,2249000000.0,-496700000.0,1752300000.0,63309600000.0,787400000.0,807800000.0,823900000.0
Express Scripts Holding Co,ESRX,5493003UA6VMND084504,1532063,2012.0,Q2,2012-04-01,2012-06-30,2013-07-29 16:14:46+00:00,0.19,0.19,,0.18,178200000.0,153000000.0,153400000.0,-400000.0,149600000.0,3400000.0,25417500000.0,27504600000.0,,1587700000.0,25417500000.0,2087100000.0,174400000.0,6600000.0,1587700000.0,499400000.0,-167800000.0,331600000.0,27504600000.0,787400000.0,807800000.0,823900000.0
Express Scripts Holding Co,ESRX,5493003UA6VMND084504,1532063,2012.0,Q1TTM,2011-04-01,2012-03-31,,2.51,2.51,0.01,2.51,729000000.0,1222200000.0,1222200000.0,,1217100000.0,5100000.0,43870000000.0,47166400000.0,,967500000.0,43870000000.0,3296400000.0,392000000.0,14300000.0,967500000.0,2328900000.0,-377700000.0,1951200000.0,47166400000.0,486900000.0,485300000.0,489700000.0
Express Scripts Holding Co,ESRX,5493003UA6VMND084504,1532063,2012.0,Q1,2012-01-01,2012-03-31,2013-04-29 16:06:34+00:00,0.55,0.55,,0.55,167000000.0,270200000.0,270200000.0,0.0,267800000.0,2400000.0,11300600000.0,12132600000.0,,265100000.0,11300600000.0,832000000.0,132000000.0,2300000.0,265100000.0,566900000.0,-129700000.0,437200000.0,12132600000.0,486900000.0,485300000.0,489700000.0
Express Scripts Holding Co,ESRX,5493003UA6VMND084504,1532063,2013.0,FY,2013-01-01,2013-12-31,2016-02-16 16:41:20+00:00,2.28,2.28,,2.25,1104000000.0,1872700000.0,1926300000.0,-53600000.0,1844600000.0,28100000.0,95966400000.0,104098800000.0,-521400000.0,4580700000.0,95966400000.0,8132400000.0,,,4580700000.0,3551700000.0,-521400000.0,3030300000.0,104098800000.0,809000000.0,808600000.0,821600000.0
Express Scripts Holding Co,ESRX,5493003UA6VMND084504,1532063,2013.0,Q4,2013-10-01,2013-12-31,,0.62,0.62,,0.62,208000000.0,506000000.0,518300000.0,-12300000.0,501900000.0,4100000.0,23720400000.0,25781400000.0,-521400000.0,1232200000.0,23720400000.0,2061000000.0,-470400000.0,-51500000.0,1232200000.0,828800000.0,-102500000.0,726300000.0,25781400000.0,809000000.0,808600000.0,821600000.0
Express Scripts Holding Co,ESRX,5493003UA6VMND084504,1532063,2013.0,Q3YTD,2013-01-01,2013-09-30,,1.66,1.66,,1.63,896000000.0,1366700000.0,1408000000.0,-41300000.0,1342700000.0,24000000.0,72246000000.0,78317400000.0,,3348500000.0,72246000000.0,6071400000.0,470400000.0,51500000.0,3348500000.0,2722900000.0,-418900000.0,2304000000.0,78317400000.0,805100000.0,810200000.0,822900000.0
Express Scripts Holding Co,ESRX,5493003UA6VMND084504,1532063,2013.0,Q3TTM,2012-10-01,2013-09-30,,2.24,2.24,,2.19,1132700000.0,1877700000.0,1930900000.0,-53200000.0,1846800000.0,30900000.0,97271600000.0,105632900000.0,,4731500000.0,97271600000.0,8361300000.0,627800000.0,61600000.0,4731500000.0,3629800000.0,-566200000.0,3063600000.0,105632900000.0,805100000.0,810200000.0,822900000.0
Express Scripts Holding Co,ESRX,5493003UA6VMND084504,1532063,2013.0,Q3,2013-07-01,2013-09-30,2014-10-28 16:19:34+00:00,0.53,0.53,,0.52,326500000.0,438100000.0,453600000.0,-15500000.0,426700000.0,11400000.0,23921400000.0,25915600000.0,,1118700000.0,23921400000.0,1994200000.0,127400000.0,32000000.0,1118700000.0,875500000.0,-95400000.0,780100000.0,25915600000.0,805100000.0,810200000.0,822900000.0
Express Scripts Holding Co,ESRX,5493003UA6VMND084504,1532063,2013.0,Q2YTD,2013-01-01,2013-06-30,,1.13,1.13,,1.11,569500000.0,928600000.0,954400000.0,-25800000.0,916000000.0,12600000.0,48324600000.0,52401800000.0,,2229800000.0,48324600000.0,4077200000.0,343000000.0,19500000.0,2229800000.0,1847400000.0,-323500000.0,1523900000.0,52401800000.0,810400000.0,815200000.0,828400000.0
Express Scripts Holding Co,ESRX,5493003UA6VMND084504,1532063,2013.0,Q2TTM,2012-07-01,2013-06-30,,2.19,2.19,,2.14,1062300000.0,1835500000.0,1893200000.0,-57700000.0,1811500000.0,24000000.0,98008900000.0,106478900000.0,,4895000000.0,98008900000.0,8470000000.0,655600000.0,36100000.0,4895000000.0,3575000000.0,-619500000.0,2955500000.0,106478900000.0,810400000.0,815200000.0,828400000.0
Express Scripts Holding Co,ESRX,5493003UA6VMND084504,1532063,2013.0,Q2,2013-04-01,2013-06-30,2014-07-29 16:41:20+00:00,0.67,0.67,,0.66,310400000.0,550500000.0,574400000.0,-23900000.0,543000000.0,7500000.0,24266800000.0,26381900000.0,,1110800000.0,24266800000.0,2115100000.0,127600000.0,8100000.0,1110800000.0,1004300000.0,-119500000.0,884800000.0,26381900000.0,810400000.0,815200000.0,828400000.0
Express Scripts Holding Co,ESRX,5493003UA6VMND084504,1532063,2013.0,Q1TTM,2012-04-01,2013-03-31,,1.73,1.73,0.01,1.73,930100000.0,1438000000.0,1472200000.0,-34200000.0,1418100000.0,19900000.0,99159600000.0,107601600000.0,,5371900000.0,99159600000.0,8442000000.0,702400000.0,34600000.0,5371900000.0,3070100000.0,-667800000.0,2402300000.0,107601600000.0,810900000.0,818700000.0,832500000.0
Express Scripts Holding Co,ESRX,5493003UA6VMND084504,1532063,2013.0,Q1,2013-01-01,2013-03-31,2014-04-29 16:22:52+00:00,0.46,0.46,,0.45,259100000.0,378100000.0,380000000.0,-1900000.0,373000000.0,5100000.0,24057800000.0,26019900000.0,,1119000000.0,24057800000.0,1962100000.0,215400000.0,11400000.0,1119000000.0,843100000.0,-204000000.0,639100000.0,26019900000.0,810900000.0,818700000.0,832500000.0
Express Scripts Holding Co,ESRX,5493003UA6VMND084504,1532063,2014.0,FY,2014-01-01,2014-12-31,2017-02-14 16:41:46+00:00,2.68,2.68,,2.64,1031200000.0,2035000000.0,2035000000.0,,2007600000.0,27400000.0,92962000000.0,100887100000.0,-536200000.0,4322700000.0,92962000000.0,7925100000.0,,,4322700000.0,3602400000.0,-536200000.0,3066200000.0,100887100000.0,749100000.0,750300000.0,759100000.0
Express Scripts Holding Co,ESRX,5493003UA6VMND084504,1532063,2014.0,Q4,2014-10-01,2014-12-31,,0.79,0.79,,0.77,241800000.0,588700000.0,588700000.0,,581800000.0,6900000.0,24218600000.0,26312600000.0,-112300000.0,1151200000.0,24218600000.0,2094000000.0,,,1151200000.0,942800000.0,-112300000.0,830500000.0,26312600000.0,749100000.0,750300000.0,759100000.0
Express Scripts Holding Co,ESRX,5493003UA6VMND084504,1532063,2014.0,Q3,2014-07-01,2014-09-30,2015-10-27 16:19:23+00:00,0.79,0.79,,0.78,209200000.0,589100000.0,589100000.0,,582300000.0,6800000.0,23705500000.0,25778500000.0,-186100000.0,1088600000.0,23705500000.0,2073000000.0,,,1088600000.0,984400000.0,-186100000.0,798300000.0,25778500000.0,737100000.0,738100000.0,746000000.0
Express Scripts Holding Co,ESRX,5493003UA6VMND084504,1532063,2014.0,Q3YTD,2014-01-01,2014-09-30,,1.89,1.89,,1.87,789400000.0,1446300000.0,1446300000.0,,1425800000.0,20500000.0,68743400000.0,74574500000.0,-423900000.0,3171500000.0,68743400000.0,5831100000.0,,,3171500000.0,2659600000.0,-423900000.0,2235700000.0,74574500000.0,737100000.0,738100000.0,746000000.0
Express Scripts Holding Co,ESRX,5493003UA6VMND084504,1532063,2014.0,Q3TTM,2013-10-01,2014-09-30,,2.51,2.51,,2.49,997400000.0,1952300000.0,1964600000.0,-12300000.0,1927700000.0,24600000.0,92463800000.0,100355900000.0,-945300000.0,4403700000.0,92463800000.0,7892100000.0,-470400000.0,-51500000.0,4403700000.0,3488400000.0,-526400000.0,2962000000.0,100355900000.0,737100000.0,738100000.0,746000000.0
Express Scripts Holding Co,ESRX,5493003UA6VMND084504,1532063,2014.0,Q2YTD,2014-01-01,2014-06-30,,1.1,1.1,,1.09,580200000.0,857200000.0,857200000.0,,843500000.0,13700000.0,45037900000.0,48796000000.0,-237800000.0,2082900000.0,45037900000.0,3758100000.0,,,2082900000.0,1675200000.0,-237800000.0,1437400000.0,48796000000.0,757600000.0,758100000.0,766500000.0
Express Scripts Holding Co,ESRX,5493003UA6VMND084504,1532063,2014.0,Q2TTM,2013-07-01,2014-06-30,,2.25,2.25,,2.23,1114700000.0,1801300000.0,1829100000.0,-27800000.0,1772100000.0,29200000.0,92679700000.0,100493000000.0,-759200000.0,4433800000.0,92679700000.0,7813300000.0,-343000000.0,-19500000.0,4433800000.0,3379500000.0,-435700000.0,2943800000.0,100493000000.0,757600000.0,758100000.0,766500000.0
Express Scripts Holding Co,ESRX,5493003UA6VMND084504,1532063,2014.0,Q2,2014-04-01,2014-06-30,2015-07-28 16:25:54+00:00,0.68,0.68,,0.67,318900000.0,522700000.0,522700000.0,,515200000.0,7500000.0,23103300000.0,25111000000.0,-124400000.0,1041700000.0,23103300000.0,2007700000.0,,,1041700000.0,966000000.0,-124400000.0,841600000.0,25111000000.0,757600000.0,758100000.0,766500000.0
Express Scripts Holding Co,ESRX,5493003UA6VMND084504,1532063,2014.0,Q1,2014-01-01,2014-03-31,2015-04-28 16:34:28+00:00,0.42,0.42,,0.42,261300000.0,334500000.0,334500000.0,,328300000.0,6200000.0,21934600000.0,23685000000.0,-113400000.0,1041200000.0,21934600000.0,1750400000.0,,,1041200000.0,709200000.0,-113400000.0,595800000.0,23685000000.0,781700000.0,775400000.0,786400000.0
Express Scripts Holding Co,ESRX,5493003UA6VMND084504,1532063,2014.0,Q1TTM,2013-04-01,2014-03-31,,2.24,2.24,,2.22,1106200000.0,1829100000.0,1880800000.0,-51700000.0,1799900000.0,29200000.0,93843200000.0,101763900000.0,-634800000.0,4502900000.0,93843200000.0,7920700000.0,-215400000.0,-11400000.0,4502900000.0,3417800000.0,-430800000.0,2987000000.0,101763900000.0,781700000.0,775400000.0,786400000.0
Express Scripts Holding Co,ESRX,5493003UA6VMND084504,1532063,2015.0,FY,2015-01-01,2015-12-31,2018-02-27 16:32:50+00:00,3.59,3.59,,3.56,1364300000.0,2499500000.0,2499500000.0,,2476400000.0,23100000.0,93349900000.0,101751800000.0,-475500000.0,4062600000.0,93349900000.0,8401900000.0,,,4062600000.0,4339300000.0,-475500000.0,3863800000.0,101751800000.0,689800000.0,689000000.0,695300000.0
Express Scripts Holding Co,ESRX,5493003UA6VMND084504,1532063,2015.0,Q4,2015-10-01,2015-12-31,,1.11,1.11,,1.11,317400000.0,778900000.0,778900000.0,,773500000.0,5400000.0,23912200000.0,26175400000.0,-117500000.0,1049400000.0,23912200000.0,2263200000.0,,,1049400000.0,1213800000.0,-117500000.0,1096300000.0,26175400000.0,689800000.0,689000000.0,695300000.0
Express Scripts Holding Co,ESRX,5493003UA6VMND084504,1532063,2015.0,Q3,2015-07-01,2015-09-30,2016-10-25 16:20:21+00:00,0.98,0.98,,0.97,378200000.0,667400000.0,667400000.0,,661700000.0,5700000.0,23049100000.0,25222600000.0,-120600000.0,1007300000.0,23049100000.0,2173500000.0,,,1007300000.0,1166200000.0,-120600000.0,1045600000.0,25222600000.0,675200000.0,676300000.0,682200000.0
Express Scripts Holding Co,ESRX,5493003UA6VMND084504,1532063,2015.0,Q3YTD,2015-01-01,2015-09-30,,2.48,2.48,,2.45,1046900000.0,1720600000.0,1720600000.0,,1702900000.0,17700000.0,69437700000.0,75576400000.0,-358000000.0,3013200000.0,69437700000.0,6138700000.0,,,3013200000.0,3125500000.0,-358000000.0,2767500000.0,75576400000.0,675200000.0,676300000.0,682200000.0
Express Scripts Holding Co,ESRX,5493003UA6VMND084504,1532063,2015.0,Q3TTM,2014-10-01,2015-09-30,,3.27,3.27,,3.22,1288700000.0,2309300000.0,2309300000.0,,2284700000.0,24600000.0,93656300000.0,101889000000.0,-470300000.0,4164400000.0,93656300000.0,8232700000.0,,,4164400000.0,4068300000.0,-470300000.0,3598000000.0,101889000000.0,675200000.0,676300000.0,682200000.0
Express Scripts Holding Co,ESRX,5493003UA6VMND084504,1532063,2015.0,Q2,2015-04-01,2015-06-30,2016-07-25 16:17:35+00:00,0.89,0.89,,0.88,400300000.0,606100000.0,606100000.0,,600100000.0,6000000.0,23323000000.0,25454200000.0,-126300000.0,998500000.0,23323000000.0,2131200000.0,,,998500000.0,1132700000.0,-126300000.0,1006400000.0,25454200000.0,674300000.0,675400000.0,681400000.0
Express Scripts Holding Co,ESRX,5493003UA6VMND084504,1532063,2015.0,Q2YTD,2015-01-01,2015-06-30,,1.5,1.5,,1.48,668700000.0,1053200000.0,1053200000.0,,1041200000.0,12000000.0,46388600000.0,50353800000.0,-237400000.0,2005900000.0,46388600000.0,3965200000.0,,,2005900000.0,1959300000.0,-237400000.0,1721900000.0,50353800000.0,674300000.0,675400000.0,681400000.0
Express Scripts Holding Co,ESRX,5493003UA6VMND084504,1532063,2015.0,Q2TTM,2014-07-01,2015-06-30,,3.08,3.08,,3.03,1119700000.0,2231000000.0,2231000000.0,,2205300000.0,25700000.0,94312700000.0,102444900000.0,-535800000.0,4245700000.0,94312700000.0,8132200000.0,,,4245700000.0,3886500000.0,-535800000.0,3350700000.0,102444900000.0,674300000.0,675400000.0,681400000.0
Express Scripts Holding Co,ESRX,5493003UA6VMND084504,1532063,2015.0,Q1,2015-01-01,2015-03-31,2016-04-25 16:24:06+00:00,0.61,0.61,,0.6,268400000.0,447100000.0,447100000.0,,441100000.0,6000000.0,23065600000.0,24899600000.0,-111100000.0,1007400000.0,23065600000.0,1834000000.0,,,1007400000.0,826600000.0,-111100000.0,715500000.0,24899600000.0,723100000.0,728400000.0,735400000.0
Express Scripts Holding Co,ESRX,5493003UA6VMND084504,1532063,2015.0,Q1TTM,2014-04-01,2015-03-31,,2.87,2.87,,2.82,1038300000.0,2147600000.0,2147600000.0,,2120400000.0,27200000.0,94093000000.0,102101700000.0,-533900000.0,4288900000.0,94093000000.0,8008700000.0,,,4288900000.0,3719800000.0,-533900000.0,3185900000.0,102101700000.0,723100000.0,728400000.0,735400000.0
Express Scripts Holding Co,ESRX,5493003UA6VMND084504,1532063,2016.0,FY,2016-01-01,2016-12-31,2018-02-27 16:32:50+00:00,5.43,5.43,,5.39,999500000.0,3427600000.0,3427600000.0,,3404400000.0,23200000.0,91667000000.0,100287500000.0,-660700000.0,3532700000.0,91667000000.0,8620500000.0,,,3532700000.0,5087800000.0,-660700000.0,4427100000.0,100287500000.0,627000000.0,626900000.0,631400000.0
Express Scripts Holding Co,ESRX,5493003UA6VMND084504,1532063,2016.0,Q4,2016-10-01,2016-12-31,,2.31,2.31,,2.3,-104400000.0,1439800000.0,1439800000.0,,1434700000.0,5100000.0,22525100000.0,24863300000.0,-139300000.0,863500000.0,22525100000.0,2338200000.0,,,863500000.0,1474700000.0,-139300000.0,1335400000.0,24863300000.0,627000000.0,626900000.0,631400000.0
Express Scripts Holding Co,ESRX,5493003UA6VMND084504,1532063,2016.0,Q3,2016-07-01,2016-09-30,2017-10-24 16:40:32+00:00,1.16,1.16,,1.15,422400000.0,728500000.0,728500000.0,,722900000.0,5600000.0,23136000000.0,25410100000.0,-265100000.0,858100000.0,23136000000.0,2274100000.0,,,858100000.0,1416000000.0,-265100000.0,1150900000.0,25410100000.0,623200000.0,622600000.0,627100000.0
Express Scripts Holding Co,ESRX,5493003UA6VMND084504,1532063,2016.0,Q3YTD,2016-01-01,2016-09-30,,3.12,3.12,,3.09,1103900000.0,1987800000.0,1987800000.0,,1969700000.0,18100000.0,69141900000.0,75424200000.0,-521400000.0,2669200000.0,69141900000.0,6282300000.0,,,2669200000.0,3613100000.0,-521400000.0,3091700000.0,75424200000.0,623200000.0,622600000.0,627100000.0
Express Scripts Holding Co,ESRX,5493003UA6VMND084504,1532063,2016.0,Q3TTM,2015-10-01,2016-09-30,,4.23,4.23,,4.2,1421300000.0,2766700000.0,2766700000.0,,2743200000.0,23500000.0,93054100000.0,101599600000.0,-638900000.0,3718600000.0,93054100000.0,8545500000.0,,,3718600000.0,4826900000.0,-638900000.0,4188000000.0,101599600000.0,623200000.0,622600000.0,627100000.0
Express Scripts Holding Co,ESRX,5493003UA6VMND084504,1532063,2016.0,Q2,2016-04-01,2016-06-30,2017-07-25 16:13:08+00:00,1.14,1.14,,1.13,402700000.0,727100000.0,727100000.0,,720700000.0,6400000.0,23061100000.0,25222300000.0,-126500000.0,904900000.0,23061100000.0,2161200000.0,,,904900000.0,1256300000.0,-126500000.0,1129800000.0,25222300000.0,632200000.0,631300000.0,635700000.0
Express Scripts Holding Co,ESRX,5493003UA6VMND084504,1532063,2016.0,Q2YTD,2016-01-01,2016-06-30,,1.96,1.96,,1.94,681500000.0,1259300000.0,1259300000.0,,1246800000.0,12500000.0,46005900000.0,50014100000.0,-256300000.0,1811100000.0,46005900000.0,4008200000.0,,,1811100000.0,2197100000.0,-256300000.0,1940800000.0,50014100000.0,632200000.0,631300000.0,635700000.0
Express Scripts Holding Co,ESRX,5493003UA6VMND084504,1532063,2016.0,Q2TTM,2015-07-01,2016-06-30,,4.05,4.05,,4.02,1377100000.0,2705600000.0,2705600000.0,,2682000000.0,23600000.0,92967200000.0,101412100000.0,-494400000.0,3867800000.0,92967200000.0,8444900000.0,,,3867800000.0,4577100000.0,-494400000.0,4082700000.0,101412100000.0,632200000.0,631300000.0,635700000.0
Express Scripts Holding Co,ESRX,5493003UA6VMND084504,1532063,2016.0,Q1,2016-01-01,2016-03-31,2017-04-24 16:10:04+00:00,0.82,0.82,,0.81,278800000.0,532200000.0,532200000.0,,526100000.0,6100000.0,22944800000.0,24791800000.0,-129800000.0,906200000.0,22944800000.0,1847000000.0,,,906200000.0,940800000.0,-129800000.0,811000000.0,24791800000.0,641600000.0,645000000.0,649700000.0
Express Scripts Holding Co,ESRX,5493003UA6VMND084504,1532063,2016.0,Q1TTM,2015-04-01,2016-03-31,,3.8,3.8,,3.77,1374700000.0,2584600000.0,2584600000.0,,2561400000.0,23200000.0,93229100000.0,101644000000.0,-494200000.0,3961400000.0,93229100000.0,8414900000.0,,,3961400000.0,4453500000.0,-494200000.0,3959300000.0,101644000000.0,641600000.0,645000000.0,649700000.0
Express Scripts Holding Co,ESRX,5493003UA6VMND084504,1532063,2017.0,Q4,2017-10-01,2017-12-31,,4.03,4.03,,4.01,-902300000.0,2330900000.0,2330900000.0,,2327600000.0,3300000.0,22888300000.0,25378800000.0,-153800000.0,908100000.0,22888300000.0,2490500000.0,,,908100000.0,1582400000.0,-153800000.0,1428600000.0,25378800000.0,579900000.0,580100000.0,583400000.0
Express Scripts Holding Co,ESRX,5493003UA6VMND084504,1532063,2017.0,FY,2017-01-01,2017-12-31,2018-02-27 16:32:50+00:00,7.79,7.79,,7.74,397300000.0,4531700000.0,4531700000.0,,4517400000.0,14300000.0,91302500000.0,100064600000.0,-565000000.0,3268100000.0,91302500000.0,8762100000.0,,,3268100000.0,5494000000.0,-565000000.0,4929000000.0,100064600000.0,579900000.0,580100000.0,583400000.0
Express Scripts Holding Co,ESRX,5493003UA6VMND084504,1532063,2017.0,Q3,2017-07-01,2017-09-30,2018-10-31 16:35:04+00:00,1.47,1.47,,1.46,499300000.0,845000000.0,845000000.0,,841700000.0,3300000.0,22445700000.0,24683400000.0,-134100000.0,759300000.0,22445700000.0,2237700000.0,,,759300000.0,1478400000.0,-134100000.0,1344300000.0,24683400000.0,572600000.0,571800000.0,574700000.0
Express Scripts Holding Co,ESRX,5493003UA6VMND084504,1532063,2017.0,Q3YTD,2017-01-01,2017-09-30,,3.76,3.76,,3.73,1299600000.0,2200800000.0,2200800000.0,,2189800000.0,11000000.0,68414200000.0,74685800000.0,-411200000.0,2360000000.0,68414200000.0,6271600000.0,,,2360000000.0,3911600000.0,-411200000.0,3500400000.0,74685800000.0,572600000.0,571800000.0,574700000.0
Express Scripts Holding Co,ESRX,5493003UA6VMND084504,1532063,2017.0,Q3TTM,2016-10-01,2017-09-30,,6.07,6.07,,6.03,1195200000.0,3640600000.0,3640600000.0,,3624500000.0,16100000.0,90939300000.0,99549100000.0,-550500000.0,3223500000.0,90939300000.0,8609800000.0,,,3223500000.0,5386300000.0,-550500000.0,4835800000.0,99549100000.0,572600000.0,571800000.0,574700000.0
Express Scripts Holding Co,ESRX,5493003UA6VMND084504,1532063,2017.0,Q2,2017-04-01,2017-06-30,2018-08-01 16:14:28+00:00,1.38,1.38,,1.37,435400000.0,805500000.0,805500000.0,,801800000.0,3700000.0,23186300000.0,25347500000.0,-137700000.0,782600000.0,23186300000.0,2161200000.0,,,782600000.0,1378600000.0,-137700000.0,1240900000.0,25347500000.0,581000000.0,582900000.0,585600000.0
Express Scripts Holding Co,ESRX,5493003UA6VMND084504,1532063,2017.0,Q2YTD,2017-01-01,2017-06-30,,2.29,2.29,,2.27,800300000.0,1355800000.0,1355800000.0,,1348100000.0,7700000.0,45968500000.0,50002400000.0,-277100000.0,1600700000.0,45968500000.0,4033900000.0,,,1600700000.0,2433200000.0,-277100000.0,2156100000.0,50002400000.0,581000000.0,582900000.0,585600000.0
Express Scripts Holding Co,ESRX,5493003UA6VMND084504,1532063,2017.0,Q2TTM,2016-07-01,2017-06-30,,5.76,5.76,,5.72,1118300000.0,3524100000.0,3524100000.0,,3505700000.0,18400000.0,91629600000.0,100275800000.0,-681500000.0,3322300000.0,91629600000.0,8646200000.0,,,3322300000.0,5323900000.0,-681500000.0,4642400000.0,100275800000.0,581000000.0,582900000.0,585600000.0
Express Scripts Holding Co,ESRX,5493003UA6VMND084504,1532063,2017.0,Q1,2017-01-01,2017-03-31,2018-05-02 16:49:40+00:00,0.91,0.91,,0.9,364900000.0,550300000.0,550300000.0,,546300000.0,4000000.0,22782200000.0,24654900000.0,-139400000.0,818100000.0,22782200000.0,1872700000.0,,,818100000.0,1054600000.0,-139400000.0,915200000.0,24654900000.0,600300000.0,601000000.0,605100000.0
Express Scripts Holding Co,ESRX,5493003UA6VMND084504,1532063,2017.0,Q1TTM,2016-04-01,2017-03-31,,5.52,5.52,,5.48,1085600000.0,3445700000.0,3445700000.0,,3424600000.0,21100000.0,91504400000.0,100150600000.0,-670300000.0,3444600000.0,91504400000.0,8646200000.0,,,3444600000.0,5201600000.0,-670300000.0,4531300000.0,100150600000.0,600300000.0,601000000.0,605100000.0
Express Scripts Holding Co,ESRX,5493003UA6VMND084504,1532063,2018.0,Q3YTD,2018-01-01,2018-09-30,,4.57,4.57,,4.54,760800000.0,2579100000.0,2579100000.0,,2572100000.0,7000000.0,69539400000.0,75974400000.0,-422500000.0,2672600000.0,69539400000.0,6435000000.0,,,2672600000.0,3762400000.0,-422500000.0,3339900000.0,75974400000.0,564000000.0,562900000.0,567900000.0
Express Scripts Holding Co,ESRX,5493003UA6VMND084504,1532063,2018.0,Q3TTM,2017-10-01,2018-09-30,,8.6,8.6,,8.55,-141500000.0,4910000000.0,4910000000.0,,4899700000.0,10300000.0,92427700000.0,101353200000.0,-576300000.0,3580700000.0,92427700000.0,8925500000.0,,,3580700000.0,5344800000.0,-576300000.0,4768500000.0,101353200000.0,564000000.0,562900000.0,567900000.0
Express Scripts Holding Co,ESRX,5493003UA6VMND084504,1532063,2018.0,Q3,2018-07-01,2018-09-30,2018-10-31 16:35:04+00:00,1.9,1.9,,1.89,276800000.0,1073800000.0,1073800000.0,,1071600000.0,2200000.0,23211800000.0,25563200000.0,-138000000.0,862800000.0,23211800000.0,2351400000.0,,,862800000.0,1488600000.0,-138000000.0,1350600000.0,25563200000.0,564000000.0,562900000.0,567900000.0
Express Scripts Holding Co,ESRX,5493003UA6VMND084504,1532063,2018.0,Q2YTD,2018-01-01,2018-06-30,,2.67,2.67,,2.65,484000000.0,1505300000.0,1505300000.0,,1500500000.0,4800000.0,46327600000.0,50411200000.0,-284500000.0,1809800000.0,46327600000.0,4083600000.0,,,1809800000.0,2273800000.0,-284500000.0,1989300000.0,50411200000.0,562400000.0,561900000.0,565500000.0
Express Scripts Holding Co,ESRX,5493003UA6VMND084504,1532063,2018.0,Q2TTM,2017-07-01,2018-06-30,,8.17,8.17,,8.12,81000000.0,4681200000.0,4681200000.0,,4669800000.0,11400000.0,91661600000.0,100473400000.0,-572400000.0,3477200000.0,91661600000.0,8811800000.0,,,3477200000.0,5334600000.0,-572400000.0,4762200000.0,100473400000.0,562400000.0,561900000.0,565500000.0
Express Scripts Holding Co,ESRX,5493003UA6VMND084504,1532063,2018.0,Q2,2018-04-01,2018-06-30,2018-08-01 16:14:28+00:00,1.56,1.56,,1.55,290300000.0,879400000.0,879400000.0,,877300000.0,2100000.0,23437600000.0,25641800000.0,-142500000.0,892000000.0,23437600000.0,2204200000.0,,,892000000.0,1312200000.0,-142500000.0,1169700000.0,25641800000.0,562400000.0,561900000.0,565500000.0
Express Scripts Holding Co,ESRX,5493003UA6VMND084504,1532063,2018.0,Q1TTM,2017-04-01,2018-03-31,,7.99,7.99,,7.94,226100000.0,4607300000.0,4607300000.0,,4594300000.0,13000000.0,91410300000.0,100179100000.0,-567600000.0,3367800000.0,91410300000.0,8768800000.0,,,3367800000.0,5401000000.0,-567600000.0,4833400000.0,100179100000.0,561400000.0,562800000.0,567100000.0
Express Scripts Holding Co,ESRX,5493003UA6VMND084504,1532063,2018.0,Q1,2018-01-01,2018-03-31,2018-05-02 16:49:40+00:00,1.11,1.11,,1.1,193700000.0,625900000.0,625900000.0,,623200000.0,2700000.0,22890000000.0,24769400000.0,-142000000.0,917800000.0,22890000000.0,1879400000.0,,,917800000.0,961600000.0,-142000000.0,819600000.0,24769400000.0,561400000.0,562800000.0,567100000.0
