company_name,company_ticker,company_lei,company_cik,year,quarter,start_date,end_date,filing_date,basicdilutedeps,basiceps,depreciationexpense,dilutedeps,impairmentexpense,incometaxexpense,marketingexpense,netincome,netincomecontinuing,netincometocommon,netincometononcontrollinginterest,operatingcostofrevenue,operatingrevenue,otheradjustmentstoconsolidatednetincome,otherincome,otheroperatingexpenses,otherrevenue,otherspecialcharges,preferreddividends,restructuringcharge,sgaexpense,totalcostofrevenue,totalgrossprofit,totalinterestexpense,totalinterestincome,totaloperatingexpenses,totaloperatingincome,totalotherincome,totalpretaxincome,totalrevenue,weightedavebasicdilutedsharesos,weightedavebasicsharesos,weightedavedilutedsharesos
Southwestern Energy Co,SWN,EFWMP121W54QV9MGOP87,7332,2007.0,FY,2007-01-01,2007-12-31,2010-02-25 17:26:00+00:00,0.65,0.65,293914000.0,0.64,0.0,135855000.0,,221519000.0,221519000.0,221174000.0,345000.0,306336000.0,1241020000.0,,-219000.0,107320000.0,14111000.0,,,,166095000.0,306336000.0,948795000.0,23873000.0,,567329000.0,381466000.0,-24092000.0,357374000.0,1255131000.0,340300000.0,338953446.0,347442660.0
Southwestern Energy Co,SWN,EFWMP121W54QV9MGOP87,7332,2008.0,FY,2008-01-01,2008-12-31,2010-02-25 17:26:00+00:00,1.66,1.66,414408000.0,1.64,0.0,350999000.0,,568533000.0,568533000.0,567946000.0,587000.0,710129000.0,2303305000.0,,61668000.0,90711000.0,8247000.0,,,,209536000.0,710129000.0,1601423000.0,28904000.0,,714655000.0,886768000.0,32764000.0,919532000.0,2311552000.0,342100000.0,341621814.0,346245938.0
Southwestern Energy Co,SWN,EFWMP121W54QV9MGOP87,7332,2008.0,Q3,2008-07-01,2008-09-30,2009-10-29 18:04:57+00:00,0.64,0.64,105230000.0,0.63,0.0,133715000.0,,218365000.0,218365000.0,218168000.0,197000.0,225149000.0,682814000.0,,59618000.0,8648000.0,185000.0,,,,44932000.0,225149000.0,457850000.0,6578000.0,,158810000.0,299040000.0,53040000.0,352080000.0,682999000.0,340900000.0,342312845.0,346712565.0
Southwestern Energy Co,SWN,EFWMP121W54QV9MGOP87,7332,2008.0,Q2,2008-04-01,2008-06-30,2009-08-20 16:04:30+00:00,0.4,0.4,98151000.0,0.39,0.0,83693000.0,,136765000.0,136765000.0,136550000.0,215000.0,202889000.0,601674000.0,,169000.0,18273000.0,2696000.0,,,,55771000.0,202889000.0,401481000.0,8997000.0,,172195000.0,229286000.0,-8828000.0,220458000.0,604370000.0,341400000.0,341402888.0,346551198.0
Southwestern Energy Co,SWN,EFWMP121W54QV9MGOP87,7332,2009.0,Q4,2009-10-01,2009-12-31,,0.46,0.46,137670000.0,0.46,,102219000.0,,157792000.0,157792000.0,157826000.0,-34000.0,129513000.0,625789000.0,,361000.0,13317000.0,-1296000.0,,,,77732000.0,129513000.0,494980000.0,6611000.0,,228719000.0,266261000.0,-6250000.0,260011000.0,624493000.0,356500000.0,343420568.0,343420568.0
Southwestern Energy Co,SWN,EFWMP121W54QV9MGOP87,7332,2009.0,FY,2009-01-01,2009-12-31,2012-02-27 18:06:56+00:00,-0.1,-0.1,493658000.0,-0.1,907812000.0,-16363000.0,,-35792000.0,-35792000.0,-35650000.0,-142000.0,482836000.0,2148043000.0,,1449000.0,37280000.0,-2264000.0,,,,259159000.0,482836000.0,1662943000.0,18638000.0,,1697909000.0,-34966000.0,-17189000.0,-52155000.0,2145779000.0,356500000.0,343420568.0,343420568.0
Southwestern Energy Co,SWN,EFWMP121W54QV9MGOP87,7332,2009.0,Q3,2009-07-01,2009-09-30,2009-10-29 18:04:57+00:00,0.34,0.34,113833000.0,0.34,0.0,74105000.0,,118210000.0,118210000.0,118254000.0,-44000.0,112956000.0,502853000.0,,554000.0,8282000.0,96000.0,,,,70840000.0,112956000.0,389993000.0,5277000.0,,192955000.0,197038000.0,-4723000.0,192315000.0,502949000.0,347800000.0,343717232.0,349000241.0
Southwestern Energy Co,SWN,EFWMP121W54QV9MGOP87,7332,2009.0,Q3YTD,2009-01-01,2009-09-30,,-0.56,-0.56,355988000.0,-0.56,907812000.0,-118582000.0,,-193584000.0,-193584000.0,-193476000.0,-108000.0,353323000.0,1522254000.0,,1088000.0,23963000.0,-968000.0,,,,181427000.0,353323000.0,1167963000.0,12027000.0,,1469190000.0,-301227000.0,-10939000.0,-312166000.0,1521286000.0,347800000.0,343717232.0,349000241.0
Southwestern Energy Co,SWN,EFWMP121W54QV9MGOP87,7332,2009.0,Q2,2009-04-01,2009-06-30,2009-08-20 16:04:30+00:00,0.35,0.35,117927000.0,0.35,0.0,78272000.0,,121058000.0,121058000.0,121100000.0,-42000.0,91187000.0,477426000.0,,169000.0,6473000.0,94000.0,,,,59706000.0,91187000.0,386333000.0,3066000.0,,184106000.0,202227000.0,-2897000.0,199330000.0,477520000.0,346000000.0,342960373.0,348806860.0
Southwestern Energy Co,SWN,EFWMP121W54QV9MGOP87,7332,2009.0,Q2YTD,2009-01-01,2009-06-30,,-0.91,-0.91,242155000.0,-0.91,907812000.0,-192687000.0,,-311794000.0,-311794000.0,-311730000.0,-64000.0,240367000.0,1019401000.0,,534000.0,15681000.0,-1064000.0,,,,110587000.0,240367000.0,777970000.0,6750000.0,,1276235000.0,-498265000.0,-6216000.0,-504481000.0,1018337000.0,346000000.0,342960373.0,348806860.0
Southwestern Energy Co,SWN,EFWMP121W54QV9MGOP87,7332,2009.0,Q1,2009-01-01,2009-03-31,2010-04-29 17:28:19+00:00,-1.26,-1.26,124228000.0,-1.26,907812000.0,-270959000.0,,-432852000.0,-432852000.0,-432830000.0,-22000.0,149180000.0,541975000.0,,365000.0,9208000.0,-1158000.0,,,,50881000.0,149180000.0,391637000.0,3684000.0,,1092129000.0,-700492000.0,-3319000.0,-703811000.0,540817000.0,343500000.0,342570995.0,342570995.0
Southwestern Energy Co,SWN,EFWMP121W54QV9MGOP87,7332,2010.0,Q4,2010-10-01,2010-12-31,,0.43,0.43,156025000.0,0.43,,100543000.0,,149418000.0,149418000.0,149511000.0,-93000.0,153606000.0,672591000.0,,162000.0,11954000.0,-2160000.0,,,,92161000.0,153606000.0,516825000.0,6886000.0,,260140000.0,256685000.0,-6724000.0,249961000.0,670431000.0,345200000.0,345581568.0,349310666.0
Southwestern Energy Co,SWN,EFWMP121W54QV9MGOP87,7332,2010.0,FY,2010-01-01,2010-12-31,2013-02-20 20:05:39+00:00,1.75,1.75,590332000.0,1.73,,391659000.0,,603833000.0,603833000.0,604118000.0,-285000.0,611161000.0,2610663000.0,,427000.0,50608000.0,,,,,337334000.0,611161000.0,1999502000.0,26163000.0,,978274000.0,1021228000.0,-25736000.0,995492000.0,2610663000.0,345200000.0,345581568.0,349310666.0
Southwestern Energy Co,SWN,EFWMP121W54QV9MGOP87,7332,2010.0,Q3,2010-07-01,2010-09-30,2010-10-28 17:22:33+00:00,0.47,0.47,151284000.0,0.46,0.0,103235000.0,,160638000.0,160638000.0,160741000.0,-103000.0,158095000.0,682163000.0,,326000.0,14570000.0,9000.0,,,,88087000.0,158095000.0,524077000.0,6589000.0,,253941000.0,270136000.0,-6263000.0,263873000.0,682172000.0,342000000.0,345587569.0,349228576.0
Southwestern Energy Co,SWN,EFWMP121W54QV9MGOP87,7332,2010.0,Q3YTD,2010-01-01,2010-09-30,,1.32,1.32,434307000.0,1.32,,291116000.0,,454415000.0,454415000.0,454607000.0,-192000.0,457555000.0,1938072000.0,,265000.0,38654000.0,2160000.0,,,,245173000.0,457555000.0,1482677000.0,19277000.0,,718134000.0,764543000.0,-19012000.0,745531000.0,1940232000.0,342000000.0,345587569.0,349228576.0
Southwestern Energy Co,SWN,EFWMP121W54QV9MGOP87,7332,2010.0,Q3TTM,2009-10-01,2010-09-30,,1.77,1.77,571977000.0,1.77,,393335000.0,,612207000.0,612207000.0,612433000.0,-226000.0,587068000.0,2563861000.0,,626000.0,51971000.0,864000.0,,,,322905000.0,587068000.0,1977657000.0,25888000.0,,946853000.0,1030804000.0,-25262000.0,1005542000.0,2564725000.0,342000000.0,345587569.0,349228576.0
Southwestern Energy Co,SWN,EFWMP121W54QV9MGOP87,7332,2010.0,Q2,2010-04-01,2010-06-30,2010-08-05 16:37:37+00:00,0.35,0.35,144006000.0,0.35,0.0,78044000.0,,122009000.0,122009000.0,122069000.0,-60000.0,141792000.0,589990000.0,,-84000.0,10252000.0,-47000.0,,,,87576000.0,141792000.0,448151000.0,6180000.0,,241834000.0,206317000.0,-6264000.0,200053000.0,589943000.0,348800000.0,345288773.0,349341731.0
Southwestern Energy Co,SWN,EFWMP121W54QV9MGOP87,7332,2010.0,Q2YTD,2010-01-01,2010-06-30,,0.85,0.85,283023000.0,0.85,,187881000.0,,293777000.0,293777000.0,293866000.0,-89000.0,299460000.0,1255909000.0,,-61000.0,24084000.0,2151000.0,,,,157086000.0,299460000.0,958600000.0,12688000.0,,464193000.0,494407000.0,-12749000.0,481658000.0,1258060000.0,348800000.0,345288773.0,349341731.0
Southwestern Energy Co,SWN,EFWMP121W54QV9MGOP87,7332,2010.0,Q2TTM,2009-07-01,2010-06-30,,1.65,1.65,534526000.0,1.65,,364205000.0,,569779000.0,569779000.0,569946000.0,-167000.0,541929000.0,2384551000.0,,854000.0,45683000.0,951000.0,,,,305658000.0,541929000.0,1843573000.0,24576000.0,,885867000.0,957706000.0,-23722000.0,933984000.0,2385502000.0,348800000.0,345288773.0,349341731.0
Southwestern Energy Co,SWN,EFWMP121W54QV9MGOP87,7332,2010.0,Q1,2010-01-01,2010-03-31,2010-04-29 17:28:19+00:00,0.5,0.5,139017000.0,0.49,0.0,109837000.0,,171768000.0,171768000.0,171797000.0,-29000.0,157668000.0,665919000.0,,23000.0,13832000.0,2198000.0,,,,69510000.0,157668000.0,510449000.0,6508000.0,,222359000.0,288090000.0,-6485000.0,281605000.0,668117000.0,343600000.0,345099247.0,349397997.0
Southwestern Energy Co,SWN,EFWMP121W54QV9MGOP87,7332,2010.0,Q1TTM,2009-04-01,2010-03-31,,1.65,1.65,508447000.0,1.65,,364433000.0,,568828000.0,568828000.0,568977000.0,-149000.0,491324000.0,2271987000.0,,1107000.0,41904000.0,1092000.0,,,,277788000.0,491324000.0,1781755000.0,21462000.0,,828139000.0,953616000.0,-20355000.0,933261000.0,2273079000.0,343600000.0,345099247.0,349397997.0
Southwestern Energy Co,SWN,EFWMP121W54QV9MGOP87,7332,2011.0,Q4,2011-10-01,2011-12-31,,0.47,0.47,190331000.0,0.45,,100488000.0,,158533000.0,158533000.0,158533000.0,,163573000.0,742576000.0,,1517000.0,16089000.0,,,,,110267000.0,163573000.0,579003000.0,4812000.0,,316687000.0,262316000.0,-3295000.0,259021000.0,742576000.0,346600000.0,347205316.0,349921413.0
Southwestern Energy Co,SWN,EFWMP121W54QV9MGOP87,7332,2011.0,FY,2011-01-01,2011-12-31,2014-02-27 17:22:11+00:00,1.84,1.84,704511000.0,1.82,,413221000.0,,637769000.0,637769000.0,637769000.0,,709091000.0,2951332000.0,,1838000.0,65518000.0,,,,,398985000.0,709091000.0,2242241000.0,24075000.0,,1169014000.0,1073227000.0,-22237000.0,1050990000.0,2951332000.0,346600000.0,347205316.0,349921413.0
Southwestern Energy Co,SWN,EFWMP121W54QV9MGOP87,7332,2011.0,Q3YTD,2011-01-01,2011-09-30,,1.37,1.37,514180000.0,1.37,,312733000.0,,479236000.0,479236000.0,479236000.0,,545518000.0,2208756000.0,,321000.0,49429000.0,,,,,288718000.0,545518000.0,1663238000.0,19263000.0,,852327000.0,810911000.0,-18942000.0,791969000.0,2208756000.0,350300000.0,347239793.0,349998789.0
Southwestern Energy Co,SWN,EFWMP121W54QV9MGOP87,7332,2011.0,Q3TTM,2010-10-01,2011-09-30,,1.8,1.8,670205000.0,1.8,,413276000.0,,628654000.0,628654000.0,628747000.0,-93000.0,699124000.0,2881347000.0,,483000.0,61383000.0,-2160000.0,,,,380879000.0,699124000.0,2180063000.0,26149000.0,,1112467000.0,1067596000.0,-25666000.0,1041930000.0,2879187000.0,350300000.0,347239793.0,349998789.0
Southwestern Energy Co,SWN,EFWMP121W54QV9MGOP87,7332,2011.0,Q3,2011-07-01,2011-09-30,2013-02-19 17:23:04+00:00,0.5,0.5,179113000.0,0.5,0.0,114766000.0,,175173000.0,175173000.0,175173000.0,,175236000.0,767255000.0,,-122000.0,17677000.0,,,,,99511000.0,175236000.0,592019000.0,5657000.0,,296301000.0,295718000.0,-5779000.0,289939000.0,767255000.0,350300000.0,347239793.0,349998789.0
Southwestern Energy Co,SWN,EFWMP121W54QV9MGOP87,7332,2011.0,Q2YTD,2011-01-01,2011-06-30,,0.87,0.87,335067000.0,0.87,,197967000.0,,304063000.0,304063000.0,304063000.0,,370282000.0,1441501000.0,,443000.0,31752000.0,,,,,189207000.0,370282000.0,1071219000.0,13606000.0,,556026000.0,515193000.0,-13163000.0,502030000.0,1441501000.0,348900000.0,347132830.0,349970819.0
Southwestern Energy Co,SWN,EFWMP121W54QV9MGOP87,7332,2011.0,Q2TTM,2010-07-01,2011-06-30,,1.77,1.77,642376000.0,1.76,,401745000.0,,614119000.0,614119000.0,614315000.0,-196000.0,681983000.0,2796255000.0,,931000.0,58276000.0,-2151000.0,,,,369455000.0,681983000.0,2112121000.0,27081000.0,,1070107000.0,1042014000.0,-26150000.0,1015864000.0,2794104000.0,348900000.0,347132830.0,349970819.0
Southwestern Energy Co,SWN,EFWMP121W54QV9MGOP87,7332,2011.0,Q2,2011-04-01,2011-06-30,2013-02-19 17:19:28+00:00,0.48,0.48,171620000.0,0.48,0.0,108987000.0,,167454000.0,167454000.0,167454000.0,,200052000.0,765166000.0,,69000.0,15660000.0,,,,,95292000.0,200052000.0,565114000.0,6170000.0,,282572000.0,282542000.0,-6101000.0,276441000.0,765166000.0,348900000.0,347132830.0,349970819.0
Southwestern Energy Co,SWN,EFWMP121W54QV9MGOP87,7332,2011.0,Q1,2011-01-01,2011-03-31,2012-05-03 16:54:49+00:00,0.39,0.39,163447000.0,0.39,,88980000.0,,136609000.0,136609000.0,136609000.0,,170230000.0,676335000.0,,374000.0,16092000.0,,,,,93915000.0,170230000.0,506105000.0,7436000.0,,273454000.0,232651000.0,-7062000.0,225589000.0,676335000.0,350300000.0,346833906.0,349697327.0
Southwestern Energy Co,SWN,EFWMP121W54QV9MGOP87,7332,2011.0,Q1TTM,2010-04-01,2011-03-31,,1.64,1.64,614762000.0,1.63,,370802000.0,,568674000.0,568674000.0,568930000.0,-256000.0,623723000.0,2621079000.0,,778000.0,52868000.0,-2198000.0,,,,361739000.0,623723000.0,1995158000.0,27091000.0,,1029369000.0,965789000.0,-26313000.0,939476000.0,2618881000.0,350300000.0,346833906.0,349697327.0
Southwestern Energy Co,SWN,EFWMP121W54QV9MGOP87,7332,2012.0,FY,2012-01-01,2012-12-31,2015-02-26 17:19:54+00:00,-2.03,-2.03,811000000.0,-2.03,1940000000.0,-443000000.0,592000000.0,-707000000.0,-707000000.0,-707000000.0,,,2730000000.0,,-14000000.0,68000000.0,,,,,420000000.0,,2730000000.0,35000000.0,,3831000000.0,-1101000000.0,-49000000.0,-1150000000.0,2730000000.0,348300000.0,348610503.0,348610503.0
Southwestern Energy Co,SWN,EFWMP121W54QV9MGOP87,7332,2012.0,Q4,2012-10-01,2012-12-31,,-1.02,-1.02,205608000.0,-1.02,849527000.0,-232519000.0,592000000.0,-355519000.0,-355519000.0,-355519000.0,,-423941000.0,775728000.0,,-4388000.0,16846000.0,,,,,110643000.0,-423941000.0,1199669000.0,8695000.0,,1774624000.0,-574955000.0,-13083000.0,-588038000.0,775728000.0,348300000.0,348610503.0,348610503.0
Southwestern Energy Co,SWN,EFWMP121W54QV9MGOP87,7332,2012.0,Q3YTD,2012-01-01,2012-09-30,,-1.01,-1.01,605392000.0,-1.01,1090473000.0,-210481000.0,,-351481000.0,-351481000.0,-351481000.0,,423941000.0,1954272000.0,,-9612000.0,51154000.0,,,,,309357000.0,423941000.0,1530331000.0,26305000.0,,2056376000.0,-526045000.0,-35917000.0,-561962000.0,1954272000.0,337800000.0,348649630.0,348649630.0
Southwestern Energy Co,SWN,EFWMP121W54QV9MGOP87,7332,2012.0,Q3TTM,2011-10-01,2012-09-30,,-0.54,-0.54,795723000.0,-0.56,1090473000.0,-109993000.0,,-192948000.0,-192948000.0,-192948000.0,,587514000.0,2696848000.0,,-8095000.0,67243000.0,,,,,419624000.0,587514000.0,2109334000.0,31117000.0,,2373063000.0,-263729000.0,-39212000.0,-302941000.0,2696848000.0,337800000.0,348649630.0,348649630.0
Southwestern Energy Co,SWN,EFWMP121W54QV9MGOP87,7332,2012.0,Q3,2012-07-01,2012-09-30,2013-10-31 16:39:13+00:00,-0.16,-0.16,203935000.0,-0.16,289821000.0,-28153000.0,,-54053000.0,-54053000.0,-54053000.0,,149651000.0,691727000.0,,-5641000.0,16252000.0,,,,,98027000.0,149651000.0,542076000.0,10606000.0,,608035000.0,-65959000.0,-16247000.0,-82206000.0,691727000.0,337800000.0,348649630.0,348649630.0
Southwestern Energy Co,SWN,EFWMP121W54QV9MGOP87,7332,2012.0,Q2YTD,2012-01-01,2012-06-30,,-0.85,-0.85,401457000.0,-0.85,800652000.0,-182328000.0,,-297428000.0,-297428000.0,-297428000.0,,274290000.0,1262545000.0,,-3971000.0,34902000.0,,,,,211330000.0,274290000.0,988255000.0,15699000.0,,1448341000.0,-460086000.0,-19670000.0,-479756000.0,1262545000.0,349300000.0,348162723.0,348162723.0
Southwestern Energy Co,SWN,EFWMP121W54QV9MGOP87,7332,2012.0,Q2TTM,2011-07-01,2012-06-30,,0.12,0.12,770901000.0,0.1,800652000.0,32926000.0,,36278000.0,36278000.0,36278000.0,,613099000.0,2772376000.0,,-2576000.0,68668000.0,,,,,421108000.0,613099000.0,2159277000.0,26168000.0,,2061329000.0,97948000.0,-28744000.0,69204000.0,2772376000.0,349300000.0,348162723.0,348162723.0
Southwestern Energy Co,SWN,EFWMP121W54QV9MGOP87,7332,2012.0,Q2,2012-04-01,2012-06-30,2013-08-01 17:25:30+00:00,-1.16,-1.16,207830000.0,-1.16,800652000.0,-253046000.0,,-405132000.0,-405132000.0,-405132000.0,,127614000.0,606076000.0,,-3771000.0,14480000.0,,,,,101546000.0,127614000.0,478462000.0,8361000.0,,1124508000.0,-646046000.0,-12132000.0,-658178000.0,606076000.0,349300000.0,348162723.0,348162723.0
Southwestern Energy Co,SWN,EFWMP121W54QV9MGOP87,7332,2012.0,Q1,2012-01-01,2012-03-31,2012-05-03 16:54:49+00:00,0.31,0.31,193627000.0,0.31,,70718000.0,,107704000.0,107704000.0,107704000.0,,146676000.0,656469000.0,,-200000.0,20422000.0,,,,,109784000.0,146676000.0,509793000.0,7338000.0,,323833000.0,185960000.0,-7538000.0,178422000.0,656469000.0,347400000.0,348000074.0,349990725.0
Southwestern Energy Co,SWN,EFWMP121W54QV9MGOP87,7332,2012.0,Q1TTM,2011-04-01,2012-03-31,,1.76,1.76,734691000.0,1.74,,394959000.0,,608864000.0,608864000.0,608864000.0,,685537000.0,2931466000.0,,1264000.0,69848000.0,,,,,414854000.0,685537000.0,2245929000.0,23977000.0,,1219393000.0,1026536000.0,-22713000.0,1003823000.0,2931466000.0,347400000.0,348000074.0,349990725.0
Southwestern Energy Co,SWN,EFWMP121W54QV9MGOP87,7332,2013.0,FY,2013-01-01,2013-12-31,2015-02-26 17:19:54+00:00,2.01,2.01,787000000.0,2.0,,486000000.0,782000000.0,704000000.0,704000000.0,704000000.0,,,3371000000.0,,28000000.0,79000000.0,,,,,519000000.0,,3371000000.0,42000000.0,,2167000000.0,1204000000.0,-14000000.0,1190000000.0,3371000000.0,350200000.0,350465430.0,351101452.0
Southwestern Energy Co,SWN,EFWMP121W54QV9MGOP87,7332,2013.0,Q4,2013-10-01,2013-12-31,,0.42,0.42,215732000.0,0.41,,112543000.0,782000000.0,144987000.0,144987000.0,144987000.0,,-575337000.0,906944000.0,,-47281000.0,20457000.0,,,,,146598000.0,-575337000.0,1482281000.0,12683000.0,,1164787000.0,317494000.0,-59964000.0,257530000.0,906944000.0,350200000.0,350465430.0,351101452.0
Southwestern Energy Co,SWN,EFWMP121W54QV9MGOP87,7332,2013.0,Q3,2013-07-01,2013-09-30,2013-10-31 16:39:13+00:00,0.53,0.53,204934000.0,0.53,,124149000.0,,185867000.0,185867000.0,185867000.0,,195271000.0,868366000.0,,11805000.0,17694000.0,,,,,141238000.0,195271000.0,673095000.0,11018000.0,,363866000.0,309229000.0,787000.0,310016000.0,868366000.0,350700000.0,350517337.0,351222830.0
Southwestern Energy Co,SWN,EFWMP121W54QV9MGOP87,7332,2013.0,Q3YTD,2013-01-01,2013-09-30,,1.59,1.59,571268000.0,1.59,,373457000.0,,559013000.0,559013000.0,559013000.0,,575337000.0,2464056000.0,,75281000.0,58543000.0,,,,,372402000.0,575337000.0,1888719000.0,29317000.0,,1002213000.0,886506000.0,45964000.0,932470000.0,2464056000.0,350700000.0,350517337.0,351222830.0
Southwestern Energy Co,SWN,EFWMP121W54QV9MGOP87,7332,2013.0,Q3TTM,2012-10-01,2013-09-30,,0.57,0.57,776876000.0,0.57,849527000.0,140938000.0,592000000.0,203494000.0,203494000.0,203494000.0,,151396000.0,3239784000.0,,70893000.0,75389000.0,,,,,483045000.0,151396000.0,3088388000.0,38012000.0,,2776837000.0,311551000.0,32881000.0,344432000.0,3239784000.0,350700000.0,350517337.0,351222830.0
Southwestern Energy Co,SWN,EFWMP121W54QV9MGOP87,7332,2013.0,Q2,2013-04-01,2013-06-30,2013-08-01 17:25:30+00:00,0.7,0.7,186867000.0,0.7,,164211000.0,,245631000.0,245631000.0,245631000.0,,200110000.0,862041000.0,,93803000.0,20022000.0,,,,,129725000.0,200110000.0,661931000.0,9278000.0,,336614000.0,325317000.0,84525000.0,409842000.0,862041000.0,350900000.0,350448806.0,351082807.0
Southwestern Energy Co,SWN,EFWMP121W54QV9MGOP87,7332,2013.0,Q2YTD,2013-01-01,2013-06-30,,1.06,1.06,366334000.0,1.06,,249308000.0,,373146000.0,373146000.0,373146000.0,,380066000.0,1595690000.0,,63476000.0,40849000.0,,,,,231164000.0,380066000.0,1215624000.0,18299000.0,,638347000.0,577277000.0,45177000.0,622454000.0,1595690000.0,350900000.0,350448806.0,351082807.0
Southwestern Energy Co,SWN,EFWMP121W54QV9MGOP87,7332,2013.0,Q1,2013-01-01,2013-03-31,2013-05-02 17:24:57+00:00,0.36,0.36,179467000.0,0.36,,85097000.0,,127515000.0,127515000.0,127515000.0,,179956000.0,733649000.0,,-30327000.0,20827000.0,,,,,101439000.0,179956000.0,553693000.0,9021000.0,,301733000.0,251960000.0,-39348000.0,212612000.0,733649000.0,354200000.0,350032430.0,350738309.0
Southwestern Energy Co,SWN,EFWMP121W54QV9MGOP87,7332,2013.0,Q1TTM,2012-04-01,2013-03-31,,-1.98,-1.98,796840000.0,-1.98,1940000000.0,-428621000.0,592000000.0,-687189000.0,-687189000.0,-687189000.0,,33280000.0,2807180000.0,,-44127000.0,68405000.0,,,,,411655000.0,33280000.0,2773900000.0,36683000.0,,3808900000.0,-1035000000.0,-80810000.0,-1115810000.0,2807180000.0,354200000.0,350032430.0,350738309.0
Southwestern Energy Co,SWN,EFWMP121W54QV9MGOP87,7332,2014.0,FY,2014-01-01,2014-12-31,2017-02-23 16:46:02+00:00,2.63,2.63,942000000.0,2.62,,525000000.0,,924000000.0,924000000.0,924000000.0,,980000000.0,4038000000.0,,135000000.0,95000000.0,,,,,648000000.0,980000000.0,3058000000.0,59000000.0,,1685000000.0,1373000000.0,76000000.0,1449000000.0,4038000000.0,351300000.0,351446747.0,352410683.0
Southwestern Energy Co,SWN,EFWMP121W54QV9MGOP87,7332,2014.0,Q4,2014-10-01,2014-12-31,,0.89,0.89,248924000.0,0.88,,116005000.0,,311810000.0,311810000.0,311810000.0,,227880000.0,962223000.0,,163527000.0,23578000.0,,,,,176460000.0,227880000.0,734343000.0,21093000.0,,448962000.0,285381000.0,142434000.0,427815000.0,962223000.0,351300000.0,351446747.0,352410683.0
Southwestern Energy Co,SWN,EFWMP121W54QV9MGOP87,7332,2014.0,Q3,2014-07-01,2014-09-30,2015-10-22 17:01:58+00:00,0.6,0.6,238000000.0,0.6,,140000000.0,,211000000.0,211000000.0,211000000.0,,220000000.0,928000000.0,,78000000.0,22000000.0,,,,,162000000.0,220000000.0,708000000.0,13000000.0,,422000000.0,286000000.0,65000000.0,351000000.0,928000000.0,351700000.0,351457043.0,352327250.0
Southwestern Energy Co,SWN,EFWMP121W54QV9MGOP87,7332,2014.0,Q3YTD,2014-01-01,2014-09-30,,1.74,1.74,693076000.0,1.74,,408995000.0,,612190000.0,612190000.0,612190000.0,,752120000.0,3075777000.0,,-28527000.0,71422000.0,,,,,471540000.0,752120000.0,2323657000.0,37907000.0,,1236038000.0,1087619000.0,-66434000.0,1021185000.0,3075777000.0,351700000.0,351457043.0,352327250.0
Southwestern Energy Co,SWN,EFWMP121W54QV9MGOP87,7332,2014.0,Q3TTM,2013-10-01,2014-09-30,,2.16,2.16,908808000.0,2.15,,521538000.0,782000000.0,757177000.0,757177000.0,757177000.0,,176783000.0,3982721000.0,,-75808000.0,91879000.0,,,,,618138000.0,176783000.0,3805938000.0,50590000.0,,2400825000.0,1405113000.0,-126398000.0,1278715000.0,3982721000.0,351700000.0,351457043.0,352327250.0
Southwestern Energy Co,SWN,EFWMP121W54QV9MGOP87,7332,2014.0,Q2,2014-04-01,2014-06-30,2015-07-27 17:16:48+00:00,0.59,0.59,230000000.0,0.59,,140000000.0,,207000000.0,207000000.0,207000000.0,,261000000.0,1035000000.0,,-8000000.0,24000000.0,,,,,153000000.0,261000000.0,774000000.0,12000000.0,,407000000.0,367000000.0,-20000000.0,347000000.0,1035000000.0,350800000.0,351391582.0,352579522.0
Southwestern Energy Co,SWN,EFWMP121W54QV9MGOP87,7332,2014.0,Q2YTD,2014-01-01,2014-06-30,,1.14,1.14,455076000.0,1.14,,268995000.0,,401190000.0,401190000.0,401190000.0,,532120000.0,2147777000.0,,-106527000.0,49422000.0,,,,,309540000.0,532120000.0,1615657000.0,24907000.0,,814038000.0,801619000.0,-131434000.0,670185000.0,2147777000.0,350800000.0,351391582.0,352579522.0
Southwestern Energy Co,SWN,EFWMP121W54QV9MGOP87,7332,2014.0,Q2TTM,2013-07-01,2014-06-30,,2.09,2.09,875742000.0,2.08,,505687000.0,782000000.0,732044000.0,732044000.0,732044000.0,,152054000.0,3923087000.0,,-142003000.0,87573000.0,,,,,597376000.0,152054000.0,3771033000.0,48608000.0,,2342691000.0,1428342000.0,-190611000.0,1237731000.0,3923087000.0,350800000.0,351391582.0,352579522.0
Southwestern Energy Co,SWN,EFWMP121W54QV9MGOP87,7332,2014.0,Q1,2014-01-01,2014-03-31,2014-05-01 16:31:42+00:00,0.55,0.55,225076000.0,0.55,,128995000.0,,194190000.0,194190000.0,194190000.0,,271120000.0,1112777000.0,,-98527000.0,25422000.0,,,,,156540000.0,271120000.0,841657000.0,12907000.0,,407038000.0,434619000.0,-111434000.0,323185000.0,1112777000.0,353100000.0,351222538.0,351985821.0
Southwestern Energy Co,SWN,EFWMP121W54QV9MGOP87,7332,2014.0,Q1TTM,2013-04-01,2014-03-31,,2.2,2.2,832609000.0,2.19,,529898000.0,782000000.0,770675000.0,770675000.0,770675000.0,,91164000.0,3750128000.0,,-40200000.0,83595000.0,,,,,574101000.0,91164000.0,3658964000.0,45886000.0,,2272305000.0,1386659000.0,-86086000.0,1300573000.0,3750128000.0,353100000.0,351222538.0,351985821.0
Southwestern Energy Co,SWN,EFWMP121W54QV9MGOP87,7332,2015.0,FY,2015-01-01,2015-12-31,2018-03-01 16:21:26+00:00,-12.25,-12.25,1091000000.0,-12.25,6950000000.0,-2005000000.0,,-4556000000.0,-4556000000.0,-4662000000.0,,852000000.0,3133000000.0,,17000000.0,110000000.0,,-283000000.0,106000000.0,,935000000.0,852000000.0,2281000000.0,56000000.0,,8803000000.0,-6522000000.0,-39000000.0,-6561000000.0,3133000000.0,380600000.0,380521039.0,380521039.0
Southwestern Energy Co,SWN,EFWMP121W54QV9MGOP87,7332,2015.0,Q4,2015-10-01,2015-12-31,,-5.62,-5.62,215000000.0,-5.62,2576000000.0,-424000000.0,,-2107000000.0,-2156000000.0,-2127000000.0,-7000000.0,198000000.0,687000000.0,49000000.0,-15000000.0,26000000.0,,-7000000.0,27000000.0,,240000000.0,198000000.0,489000000.0,4000000.0,,3050000000.0,-2561000000.0,-19000000.0,-2580000000.0,687000000.0,380600000.0,380521039.0,380521039.0
Southwestern Energy Co,SWN,EFWMP121W54QV9MGOP87,7332,2015.0,Q3,2015-07-01,2015-09-30,2016-10-20 17:04:18+00:00,-4.62,-4.62,275000000.0,-4.62,2839000000.0,-1088000000.0,,-1739000000.0,-1739000000.0,-1766000000.0,,213000000.0,749000000.0,,15000000.0,27000000.0,,1000000.0,27000000.0,,236000000.0,213000000.0,536000000.0,0.0,,3378000000.0,-2842000000.0,15000000.0,-2827000000.0,749000000.0,382300000.0,382098080.0,382098080.0
Southwestern Energy Co,SWN,EFWMP121W54QV9MGOP87,7332,2015.0,Q3YTD,2015-01-01,2015-09-30,,-6.63,-6.63,876000000.0,-6.63,4374000000.0,-1581000000.0,,-2449000000.0,-2400000000.0,-2535000000.0,7000000.0,654000000.0,2446000000.0,-49000000.0,32000000.0,84000000.0,,-276000000.0,79000000.0,,695000000.0,654000000.0,1792000000.0,52000000.0,,5753000000.0,-3961000000.0,-20000000.0,-3981000000.0,2446000000.0,382300000.0,382098080.0,382098080.0
Southwestern Energy Co,SWN,EFWMP121W54QV9MGOP87,7332,2015.0,Q3TTM,2014-10-01,2015-09-30,,-5.74,-5.74,1124924000.0,-5.75,4374000000.0,-1464995000.0,,-2137190000.0,-2088190000.0,-2223190000.0,7000000.0,881880000.0,3408223000.0,-49000000.0,195527000.0,107578000.0,,-276000000.0,79000000.0,,871460000.0,881880000.0,2526343000.0,73093000.0,,6201962000.0,-3675619000.0,122434000.0,-3553185000.0,3408223000.0,382300000.0,382098080.0,382098080.0
Southwestern Energy Co,SWN,EFWMP121W54QV9MGOP87,7332,2015.0,Q2,2015-04-01,2015-06-30,2016-07-21 17:27:26+00:00,-2.13,-2.13,308000000.0,-2.13,1535000000.0,-493000000.0,,-788000000.0,-788000000.0,-815000000.0,,219000000.0,764000000.0,,4000000.0,27000000.0,,-277000000.0,27000000.0,,236000000.0,219000000.0,545000000.0,1000000.0,,1829000000.0,-1284000000.0,3000000.0,-1281000000.0,764000000.0,382600000.0,382114011.0,382114011.0
Southwestern Energy Co,SWN,EFWMP121W54QV9MGOP87,7332,2015.0,Q2YTD,2015-01-01,2015-06-30,,-2.01,-2.01,601000000.0,-2.01,1535000000.0,-493000000.0,,-710000000.0,-661000000.0,-769000000.0,7000000.0,441000000.0,1697000000.0,-49000000.0,17000000.0,57000000.0,,-277000000.0,52000000.0,,459000000.0,441000000.0,1256000000.0,52000000.0,,2375000000.0,-1119000000.0,-35000000.0,-1154000000.0,1697000000.0,382600000.0,382114011.0,382114011.0
Southwestern Energy Co,SWN,EFWMP121W54QV9MGOP87,7332,2015.0,Q2TTM,2014-07-01,2015-06-30,,-0.52,-0.52,1087924000.0,-0.53,1535000000.0,-236995000.0,,-187190000.0,-138190000.0,-246190000.0,7000000.0,888880000.0,3587223000.0,-49000000.0,258527000.0,102578000.0,,-277000000.0,52000000.0,,797460000.0,888880000.0,2698343000.0,86093000.0,,3245962000.0,-547619000.0,172434000.0,-375185000.0,3587223000.0,382600000.0,382114011.0,382114011.0
Southwestern Energy Co,SWN,EFWMP121W54QV9MGOP87,7332,2015.0,Q1,2015-01-01,2015-03-31,2016-04-21 16:36:01+00:00,0.12,0.12,293000000.0,0.12,0.0,,,78000000.0,127000000.0,46000000.0,7000000.0,222000000.0,933000000.0,-49000000.0,13000000.0,30000000.0,,,25000000.0,,223000000.0,222000000.0,711000000.0,51000000.0,,546000000.0,165000000.0,-38000000.0,127000000.0,933000000.0,383300000.0,375444030.0,375578054.0
Southwestern Energy Co,SWN,EFWMP121W54QV9MGOP87,7332,2015.0,Q1TTM,2014-04-01,2015-03-31,,2.2,2.2,1009924000.0,2.19,,396005000.0,,807810000.0,856810000.0,775810000.0,7000000.0,930880000.0,3858223000.0,-49000000.0,246527000.0,99578000.0,,,25000000.0,,714460000.0,930880000.0,2927343000.0,97093000.0,,1823962000.0,1103381000.0,149434000.0,1252815000.0,3858223000.0,383300000.0,375444030.0,375578054.0
Southwestern Energy Co,SWN,EFWMP121W54QV9MGOP87,7332,2016.0,FY,2016-01-01,2016-12-31,2019-02-28 16:22:15+00:00,-6.32,-6.32,436000000.0,-6.32,2321000000.0,-29000000.0,,-2643000000.0,-2643000000.0,-2751000000.0,,864000000.0,2436000000.0,,-343000000.0,93000000.0,,,108000000.0,73000000.0,839000000.0,864000000.0,1572000000.0,139000000.0,,3762000000.0,-2190000000.0,-482000000.0,-2672000000.0,2436000000.0,435300000.0,435337402.0,435337402.0
Southwestern Energy Co,SWN,EFWMP121W54QV9MGOP87,7332,2016.0,Q4,2016-10-01,2016-12-31,,-0.16,-0.16,87000000.0,-0.16,,-9000000.0,,-210000000.0,-210000000.0,-237000000.0,,237000000.0,684000000.0,,-314000000.0,24000000.0,,,27000000.0,-4000000.0,213000000.0,237000000.0,447000000.0,31000000.0,,320000000.0,127000000.0,-345000000.0,-219000000.0,684000000.0,435300000.0,435337402.0,435337402.0
Southwestern Energy Co,SWN,EFWMP121W54QV9MGOP87,7332,2016.0,Q3,2016-07-01,2016-09-30,2017-10-26 16:35:06+00:00,-1.52,-1.52,99000000.0,-1.52,817000000.0,-20000000.0,,-708000000.0,-708000000.0,-735000000.0,,234000000.0,651000000.0,,74000000.0,24000000.0,,,27000000.0,2000000.0,200000000.0,234000000.0,417000000.0,77000000.0,,1142000000.0,-725000000.0,-3000000.0,-728000000.0,651000000.0,483600000.0,482485150.0,482485150.0
Southwestern Energy Co,SWN,EFWMP121W54QV9MGOP87,7332,2016.0,Q3YTD,2016-01-01,2016-09-30,,-6.16,-6.16,349000000.0,-6.16,2321000000.0,-20000000.0,,-2433000000.0,-2433000000.0,-2514000000.0,,627000000.0,1752000000.0,,-29000000.0,69000000.0,,,81000000.0,77000000.0,626000000.0,627000000.0,1125000000.0,108000000.0,,3442000000.0,-2317000000.0,-137000000.0,-2453000000.0,1752000000.0,483600000.0,482485150.0,482485150.0
Southwestern Energy Co,SWN,EFWMP121W54QV9MGOP87,7332,2016.0,Q3TTM,2015-10-01,2016-09-30,,-11.78,-11.78,564000000.0,-11.78,4897000000.0,-444000000.0,,-4540000000.0,-4589000000.0,-4641000000.0,-7000000.0,825000000.0,2439000000.0,49000000.0,-44000000.0,95000000.0,,-7000000.0,108000000.0,77000000.0,866000000.0,825000000.0,1614000000.0,112000000.0,,6492000000.0,-4878000000.0,-156000000.0,-5033000000.0,2439000000.0,483600000.0,482485150.0,482485150.0
Southwestern Energy Co,SWN,EFWMP121W54QV9MGOP87,7332,2016.0,Q2,2016-04-01,2016-06-30,2017-08-03 16:36:07+00:00,-1.61,-1.61,107000000.0,-1.61,470000000.0,-1000000.0,,-593000000.0,-593000000.0,-620000000.0,,197000000.0,522000000.0,,-85000000.0,22000000.0,,,27000000.0,11000000.0,207000000.0,197000000.0,325000000.0,17000000.0,,817000000.0,-492000000.0,-102000000.0,-594000000.0,522000000.0,385100000.0,385594815.0,385594815.0
Southwestern Energy Co,SWN,EFWMP121W54QV9MGOP87,7332,2016.0,Q2YTD,2016-01-01,2016-06-30,,-4.64,-4.64,250000000.0,-4.64,1504000000.0,,,-1725000000.0,-1725000000.0,-1779000000.0,,393000000.0,1101000000.0,,-103000000.0,45000000.0,,,54000000.0,75000000.0,426000000.0,393000000.0,708000000.0,31000000.0,,2300000000.0,-1592000000.0,-134000000.0,-1725000000.0,1101000000.0,385100000.0,385594815.0,385594815.0
Southwestern Energy Co,SWN,EFWMP121W54QV9MGOP87,7332,2016.0,Q2TTM,2015-07-01,2016-06-30,,-14.88,-14.88,740000000.0,-14.88,6919000000.0,-1512000000.0,,-5571000000.0,-5620000000.0,-5672000000.0,-7000000.0,804000000.0,2537000000.0,49000000.0,-103000000.0,98000000.0,,-6000000.0,108000000.0,75000000.0,902000000.0,804000000.0,1733000000.0,35000000.0,,8728000000.0,-6995000000.0,-138000000.0,-7132000000.0,2537000000.0,385100000.0,385594815.0,385594815.0
Southwestern Energy Co,SWN,EFWMP121W54QV9MGOP87,7332,2016.0,Q1,2016-01-01,2016-03-31,2017-04-27 16:31:35+00:00,-3.03,-3.03,143000000.0,-3.03,1034000000.0,1000000.0,,-1132000000.0,-1132000000.0,-1159000000.0,,196000000.0,579000000.0,,-18000000.0,23000000.0,,,27000000.0,64000000.0,219000000.0,196000000.0,383000000.0,14000000.0,,1483000000.0,-1100000000.0,-32000000.0,-1131000000.0,579000000.0,382500000.0,382870847.0,382870847.0
Southwestern Energy Co,SWN,EFWMP121W54QV9MGOP87,7332,2016.0,Q1TTM,2015-04-01,2016-03-31,,-15.4,-15.4,941000000.0,-15.4,7984000000.0,-2004000000.0,,-5766000000.0,-5815000000.0,-5867000000.0,-7000000.0,826000000.0,2779000000.0,49000000.0,-14000000.0,103000000.0,,-283000000.0,108000000.0,64000000.0,931000000.0,826000000.0,1953000000.0,19000000.0,,9740000000.0,-7787000000.0,-33000000.0,-7819000000.0,2779000000.0,382500000.0,382870847.0,382870847.0
Southwestern Energy Co,SWN,EFWMP121W54QV9MGOP87,7332,2017.0,FY,2017-01-01,2017-12-31,2020-02-27 16:45:12+00:00,1.64,1.64,504000000.0,1.63,0.0,-93000000.0,,1046000000.0,1046000000.0,815000000.0,123000000.0,976000000.0,3203000000.0,,427000000.0,94000000.0,,-6000000.0,108000000.0,0.0,904000000.0,976000000.0,2227000000.0,205000000.0,,1496000000.0,731000000.0,222000000.0,953000000.0,3203000000.0,497000000.0,498264321.0,500804297.0
Southwestern Energy Co,SWN,EFWMP121W54QV9MGOP87,7332,2017.0,Q4,2017-10-01,2017-12-31,,0.53,0.53,140000000.0,0.52,,-79000000.0,,334000000.0,334000000.0,267000000.0,40000000.0,,-621000000.0,,261000000.0,-1175000000.0,,-6000000.0,27000000.0,,253000000.0,,-621000000.0,39000000.0,-134000000.0,-788000000.0,167000000.0,88000000.0,255000000.0,-621000000.0,497000000.0,498264321.0,500804297.0
Southwestern Energy Co,SWN,EFWMP121W54QV9MGOP87,7332,2017.0,Q3,2017-07-01,2017-09-30,2018-10-25 17:27:31+00:00,0.09,0.09,135000000.0,0.09,,-14000000.0,,77000000.0,77000000.0,43000000.0,7000000.0,472000000.0,2167000000.0,,43000000.0,1218000000.0,,,27000000.0,,232000000.0,472000000.0,1695000000.0,90000000.0,,1585000000.0,110000000.0,-47000000.0,63000000.0,2167000000.0,477800000.0,499812926.0,502290779.0
Southwestern Energy Co,SWN,EFWMP121W54QV9MGOP87,7332,2017.0,Q3YTD,2017-01-01,2017-09-30,,1.11,1.11,364000000.0,1.11,,-14000000.0,,712000000.0,712000000.0,548000000.0,83000000.0,976000000.0,3824000000.0,,166000000.0,1269000000.0,,,81000000.0,,651000000.0,976000000.0,2848000000.0,166000000.0,134000000.0,2284000000.0,564000000.0,134000000.0,698000000.0,3824000000.0,477800000.0,499812926.0,502290779.0
Southwestern Energy Co,SWN,EFWMP121W54QV9MGOP87,7332,2017.0,Q3TTM,2016-10-01,2017-09-30,,0.95,0.95,451000000.0,0.95,,-23000000.0,,502000000.0,502000000.0,311000000.0,83000000.0,1213000000.0,4508000000.0,,-148000000.0,1293000000.0,,,108000000.0,-4000000.0,864000000.0,1213000000.0,3295000000.0,197000000.0,134000000.0,2604000000.0,691000000.0,-211000000.0,479000000.0,4508000000.0,477800000.0,499812926.0,502290779.0
Southwestern Energy Co,SWN,EFWMP121W54QV9MGOP87,7332,2017.0,Q2,2017-04-01,2017-06-30,2018-08-02 16:26:32+00:00,0.45,0.45,123000000.0,0.45,,0.0,,284000000.0,284000000.0,224000000.0,33000000.0,253000000.0,811000000.0,,6000000.0,25000000.0,,,27000000.0,,222000000.0,253000000.0,558000000.0,44000000.0,134000000.0,370000000.0,188000000.0,96000000.0,284000000.0,811000000.0,497800000.0,496419815.0,498224599.0
Southwestern Energy Co,SWN,EFWMP121W54QV9MGOP87,7332,2017.0,Q2YTD,2017-01-01,2017-06-30,,1.02,1.02,229000000.0,1.02,,,,635000000.0,635000000.0,505000000.0,76000000.0,504000000.0,1657000000.0,,123000000.0,51000000.0,,,54000000.0,,419000000.0,504000000.0,1153000000.0,76000000.0,134000000.0,699000000.0,454000000.0,181000000.0,635000000.0,1657000000.0,497800000.0,496419815.0,498224599.0
Southwestern Energy Co,SWN,EFWMP121W54QV9MGOP87,7332,2017.0,Q2TTM,2016-07-01,2017-06-30,,-0.66,-0.66,415000000.0,-0.66,817000000.0,-29000000.0,,-283000000.0,-283000000.0,-467000000.0,76000000.0,975000000.0,2992000000.0,,-117000000.0,99000000.0,,,108000000.0,-2000000.0,832000000.0,975000000.0,2017000000.0,184000000.0,134000000.0,2161000000.0,-144000000.0,-167000000.0,-312000000.0,2992000000.0,497800000.0,496419815.0,498224599.0
Southwestern Energy Co,SWN,EFWMP121W54QV9MGOP87,7332,2017.0,Q1,2017-01-01,2017-03-31,2018-05-04 20:10:26+00:00,0.57,0.57,106000000.0,0.57,,0.0,,351000000.0,351000000.0,281000000.0,43000000.0,251000000.0,846000000.0,,117000000.0,26000000.0,,,27000000.0,,197000000.0,251000000.0,595000000.0,32000000.0,,329000000.0,266000000.0,85000000.0,351000000.0,846000000.0,493000000.0,493068000.0,494494995.0
Southwestern Energy Co,SWN,EFWMP121W54QV9MGOP87,7332,2017.0,Q1TTM,2016-04-01,2017-03-31,,-2.72,-2.72,399000000.0,-2.72,1287000000.0,-30000000.0,,-1160000000.0,-1160000000.0,-1311000000.0,43000000.0,919000000.0,2703000000.0,,-208000000.0,96000000.0,,,108000000.0,9000000.0,817000000.0,919000000.0,1784000000.0,157000000.0,,2608000000.0,-824000000.0,-365000000.0,-1190000000.0,2703000000.0,493000000.0,493068000.0,494494995.0
Southwestern Energy Co,SWN,EFWMP121W54QV9MGOP87,7332,2018.0,FY,2018-01-01,2018-12-31,2020-02-27 16:45:12+00:00,0.93,0.93,560000000.0,0.93,171000000.0,1000000.0,,537000000.0,537000000.0,535000000.0,2000000.0,1229000000.0,3862000000.0,,-118000000.0,89000000.0,,-17000000.0,0.0,39000000.0,994000000.0,1229000000.0,2633000000.0,141000000.0,,1836000000.0,797000000.0,-259000000.0,538000000.0,3862000000.0,575300000.0,574631756.0,576642808.0
Southwestern Energy Co,SWN,EFWMP121W54QV9MGOP87,7332,2018.0,Q4,2018-10-01,2018-12-31,,0.53,0.53,124000000.0,0.53,10000000.0,1000000.0,,256000000.0,394000000.0,257000000.0,-1000000.0,421000000.0,1175000000.0,-138000000.0,47000000.0,25000000.0,,-17000000.0,,19000000.0,241000000.0,421000000.0,754000000.0,4000000.0,,402000000.0,352000000.0,43000000.0,395000000.0,1175000000.0,575300000.0,574631756.0,576642808.0
Southwestern Energy Co,SWN,EFWMP121W54QV9MGOP87,7332,2018.0,Q3,2018-07-01,2018-09-30,2019-10-24 19:00:51+00:00,-0.05,-0.05,151000000.0,-0.05,161000000.0,0.0,,-29000000.0,-116000000.0,-29000000.0,0.0,288000000.0,951000000.0,87000000.0,-124000000.0,26000000.0,,0.0,,2000000.0,257000000.0,288000000.0,663000000.0,58000000.0,,597000000.0,66000000.0,-182000000.0,-116000000.0,951000000.0,580000000.0,581171753.0,581171753.0
Southwestern Energy Co,SWN,EFWMP121W54QV9MGOP87,7332,2018.0,Q3YTD,2018-01-01,2018-09-30,,0.4,0.4,436000000.0,0.4,161000000.0,,,281000000.0,143000000.0,278000000.0,3000000.0,808000000.0,2687000000.0,138000000.0,-165000000.0,64000000.0,,,,20000000.0,753000000.0,808000000.0,1879000000.0,137000000.0,,1434000000.0,445000000.0,-302000000.0,143000000.0,2687000000.0,580000000.0,581171753.0,581171753.0
Southwestern Energy Co,SWN,EFWMP121W54QV9MGOP87,7332,2018.0,Q3TTM,2017-10-01,2018-09-30,,0.93,0.93,576000000.0,0.92,161000000.0,-79000000.0,,615000000.0,477000000.0,545000000.0,43000000.0,808000000.0,2066000000.0,138000000.0,96000000.0,-1111000000.0,,-6000000.0,27000000.0,20000000.0,1006000000.0,808000000.0,1258000000.0,176000000.0,-134000000.0,646000000.0,612000000.0,-214000000.0,398000000.0,2066000000.0,580000000.0,581171753.0,581171753.0
Southwestern Energy Co,SWN,EFWMP121W54QV9MGOP87,7332,2018.0,Q2,2018-04-01,2018-06-30,2019-08-06 16:38:17+00:00,0.09,0.09,142000000.0,0.09,,0.0,,102000000.0,51000000.0,102000000.0,0.0,265000000.0,816000000.0,51000000.0,-33000000.0,15000000.0,,0.0,,18000000.0,252000000.0,265000000.0,551000000.0,40000000.0,,427000000.0,124000000.0,-73000000.0,51000000.0,816000000.0,1133300000.0,581159200.0,582878106.0
Southwestern Energy Co,SWN,EFWMP121W54QV9MGOP87,7332,2018.0,Q2YTD,2018-01-01,2018-06-30,,0.45,0.45,285000000.0,0.45,,,,310000000.0,259000000.0,307000000.0,3000000.0,520000000.0,1736000000.0,51000000.0,-41000000.0,38000000.0,,,,18000000.0,496000000.0,520000000.0,1216000000.0,79000000.0,,837000000.0,379000000.0,-120000000.0,259000000.0,1736000000.0,1133300000.0,581159200.0,582878106.0
Southwestern Energy Co,SWN,EFWMP121W54QV9MGOP87,7332,2018.0,Q2TTM,2017-07-01,2018-06-30,,1.07,1.07,560000000.0,1.06,,-93000000.0,,721000000.0,670000000.0,617000000.0,50000000.0,992000000.0,3282000000.0,51000000.0,263000000.0,81000000.0,,-6000000.0,54000000.0,18000000.0,981000000.0,992000000.0,2290000000.0,208000000.0,-134000000.0,1634000000.0,656000000.0,-79000000.0,577000000.0,3282000000.0,1133300000.0,581159200.0,582878106.0
Southwestern Energy Co,SWN,EFWMP121W54QV9MGOP87,7332,2018.0,Q1,2018-01-01,2018-03-31,2019-04-25 16:25:57+00:00,0.36,0.36,143000000.0,0.36,,0.0,,208000000.0,208000000.0,205000000.0,3000000.0,255000000.0,920000000.0,,-8000000.0,23000000.0,,,,0.0,244000000.0,255000000.0,665000000.0,39000000.0,,410000000.0,255000000.0,-47000000.0,208000000.0,920000000.0,569400000.0,571297804.0,573844459.0
Southwestern Energy Co,SWN,EFWMP121W54QV9MGOP87,7332,2018.0,Q1TTM,2017-04-01,2018-03-31,,1.43,1.43,541000000.0,1.42,,-93000000.0,,903000000.0,903000000.0,739000000.0,83000000.0,980000000.0,3277000000.0,,302000000.0,91000000.0,,-6000000.0,81000000.0,,951000000.0,980000000.0,2297000000.0,212000000.0,,1577000000.0,720000000.0,90000000.0,810000000.0,3277000000.0,569400000.0,571297804.0,573844459.0
Southwestern Energy Co,SWN,EFWMP121W54QV9MGOP87,7332,2019.0,FY,2019-01-01,2019-12-31,2020-02-27 16:45:12+00:00,1.65,1.65,471000000.0,1.65,16000000.0,-411000000.0,,891000000.0,891000000.0,891000000.0,0.0,1320000000.0,3038000000.0,,267000000.0,62000000.0,,2000000.0,0.0,11000000.0,886000000.0,1320000000.0,1718000000.0,57000000.0,,1448000000.0,270000000.0,210000000.0,480000000.0,3038000000.0,540000000.0,539345343.0,540382914.0
Southwestern Energy Co,SWN,EFWMP121W54QV9MGOP87,7332,2019.0,Q4,2019-10-01,2019-12-31,,0.2,0.2,113000000.0,0.2,14000000.0,-10000000.0,,110000000.0,110000000.0,110000000.0,,298000000.0,745000000.0,,44000000.0,11000000.0,,-1000000.0,,2000000.0,244000000.0,298000000.0,447000000.0,8000000.0,,383000000.0,64000000.0,36000000.0,100000000.0,745000000.0,540000000.0,539345343.0,540382914.0
Southwestern Energy Co,SWN,EFWMP121W54QV9MGOP87,7332,2019.0,Q3YTD,2019-01-01,2019-09-30,,1.45,1.45,358000000.0,1.45,2000000.0,-401000000.0,,781000000.0,781000000.0,781000000.0,,1022000000.0,2293000000.0,,223000000.0,51000000.0,,3000000.0,,9000000.0,642000000.0,1022000000.0,1271000000.0,49000000.0,,1065000000.0,206000000.0,174000000.0,380000000.0,2293000000.0,544400000.0,539221101.0,540038187.0
Southwestern Energy Co,SWN,EFWMP121W54QV9MGOP87,7332,2019.0,Q3TTM,2018-10-01,2019-09-30,,1.98,1.98,482000000.0,1.98,12000000.0,-400000000.0,,1037000000.0,1175000000.0,1038000000.0,-1000000.0,1443000000.0,3468000000.0,-138000000.0,270000000.0,76000000.0,,-14000000.0,,28000000.0,883000000.0,1443000000.0,2025000000.0,53000000.0,,1467000000.0,558000000.0,217000000.0,775000000.0,3468000000.0,544400000.0,539221101.0,540038187.0
Southwestern Energy Co,SWN,EFWMP121W54QV9MGOP87,7332,2019.0,Q3,2019-07-01,2019-09-30,2019-10-24 19:00:51+00:00,0.09,0.09,125000000.0,0.09,2000000.0,10000000.0,,49000000.0,49000000.0,49000000.0,0.0,288000000.0,636000000.0,,108000000.0,15000000.0,,0.0,,4000000.0,231000000.0,288000000.0,348000000.0,20000000.0,,377000000.0,-29000000.0,88000000.0,59000000.0,636000000.0,544400000.0,539221101.0,540038187.0
Southwestern Energy Co,SWN,EFWMP121W54QV9MGOP87,7332,2019.0,Q2YTD,2019-01-01,2019-06-30,,1.36,1.36,233000000.0,1.36,,-411000000.0,,732000000.0,732000000.0,732000000.0,,734000000.0,1657000000.0,,115000000.0,36000000.0,,3000000.0,,5000000.0,411000000.0,734000000.0,923000000.0,29000000.0,,688000000.0,235000000.0,86000000.0,321000000.0,1657000000.0,530800000.0,539005941.0,539947053.0
Southwestern Energy Co,SWN,EFWMP121W54QV9MGOP87,7332,2019.0,Q2TTM,2018-07-01,2019-06-30,,1.84,1.84,508000000.0,1.84,171000000.0,-410000000.0,,959000000.0,1010000000.0,960000000.0,-1000000.0,1443000000.0,3783000000.0,-51000000.0,38000000.0,87000000.0,,-14000000.0,,26000000.0,909000000.0,1443000000.0,2340000000.0,91000000.0,,1687000000.0,653000000.0,-53000000.0,600000000.0,3783000000.0,530800000.0,539005941.0,539947053.0
Southwestern Energy Co,SWN,EFWMP121W54QV9MGOP87,7332,2019.0,Q2,2019-04-01,2019-06-30,2019-08-06 16:38:17+00:00,0.26,0.26,121000000.0,0.26,,15000000.0,,138000000.0,138000000.0,138000000.0,0.0,293000000.0,667000000.0,,146000000.0,17000000.0,,3000000.0,,2000000.0,209000000.0,293000000.0,374000000.0,15000000.0,,352000000.0,22000000.0,131000000.0,153000000.0,667000000.0,530800000.0,539005941.0,539947053.0
Southwestern Energy Co,SWN,EFWMP121W54QV9MGOP87,7332,2019.0,Q1,2019-01-01,2019-03-31,2020-04-30 16:23:43+00:00,1.1,1.1,112000000.0,1.1,0.0,-426000000.0,,594000000.0,594000000.0,594000000.0,,441000000.0,990000000.0,,-31000000.0,19000000.0,,,,3000000.0,202000000.0,441000000.0,549000000.0,14000000.0,,336000000.0,213000000.0,-45000000.0,168000000.0,990000000.0,540000000.0,539721751.0,541320487.0
Southwestern Energy Co,SWN,EFWMP121W54QV9MGOP87,7332,2019.0,Q1TTM,2018-04-01,2019-03-31,,1.67,1.67,529000000.0,1.67,171000000.0,-425000000.0,,923000000.0,923000000.0,924000000.0,-1000000.0,1415000000.0,3932000000.0,,-141000000.0,85000000.0,,-17000000.0,,42000000.0,952000000.0,1415000000.0,2517000000.0,116000000.0,,1762000000.0,755000000.0,-257000000.0,498000000.0,3932000000.0,540000000.0,539721751.0,541320487.0
Southwestern Energy Co,SWN,EFWMP121W54QV9MGOP87,7332,2020.0,Q1TTM,2019-04-01,2020-03-31,,-2.31,-2.31,472000000.0,-2.31,1495000000.0,421000000.0,,-1250000000.0,-1250000000.0,-1250000000.0,,1127000000.0,2640000000.0,,638000000.0,56000000.0,,2000000.0,,18000000.0,903000000.0,1127000000.0,1513000000.0,34000000.0,,2946000000.0,-1433000000.0,604000000.0,-829000000.0,2640000000.0,540900000.0,540308491.0,540308491.0
Southwestern Energy Co,SWN,EFWMP121W54QV9MGOP87,7332,2020.0,Q1,2020-01-01,2020-03-31,2020-04-30 16:23:43+00:00,-2.86,-2.86,113000000.0,-2.86,1479000000.0,406000000.0,,-1547000000.0,-1547000000.0,-1547000000.0,,248000000.0,592000000.0,,340000000.0,13000000.0,,,,10000000.0,219000000.0,248000000.0,344000000.0,-9000000.0,,1834000000.0,-1490000000.0,349000000.0,-1141000000.0,592000000.0,540900000.0,540308491.0,540308491.0
