company_name,company_ticker,company_lei,company_cik,year,quarter,start_date,end_date,filing_date,basicdilutedeps,basiceps,cashdividendspershare,depreciationexpense,dilutedeps,impairmentexpense,incometaxexpense,netincome,netincomecontinuing,netincometocommon,operatingcostofrevenue,operatingrevenue,othercostofrevenue,otherincome,otheroperatingexpenses,otherspecialcharges,restructuringcharge,sgaexpense,totalcostofrevenue,totalgrossprofit,totalinterestexpense,totalinterestincome,totaloperatingexpenses,totaloperatingincome,totalotherincome,totalpretaxincome,totalrevenue,weightedavebasicdilutedsharesos,weightedavebasicsharesos,weightedavedilutedsharesos
Diamond Offshore Drilling Inc,DO,F14FQJ2EEHW5VPYUHL14,949039,2007.0,FY,2007-01-01,2007-12-31,2010-02-23 15:21:42+00:00,6.13,6.13,5.75,235729000.0,6.11,,398908000.0,844464000.0,844464000.0,844464000.0,1064050000.0,2567723000.0,0.0,8640000.0,,-8583000.0,,53483000.0,1064050000.0,1503673000.0,21878000.0,33566000.0,280629000.0,1223044000.0,20328000.0,1243372000.0,2567723000.0,137800000.0,137816000.0,138945000.0
Diamond Offshore Drilling Inc,DO,F14FQJ2EEHW5VPYUHL14,949039,2008.0,FY,2008-01-01,2008-12-31,2010-02-23 15:21:42+00:00,9.43,9.43,6.125,287417000.0,9.42,,536499000.0,1310547000.0,1310547000.0,1310547000.0,1250902000.0,3544057000.0,31952000.0,-64796000.0,,-2831000.0,,60142000.0,1282854000.0,2261203000.0,10096000.0,11744000.0,344728000.0,1910194000.0,-63148000.0,1847046000.0,3544057000.0,139000000.0,138959000.0,139073000.0
Diamond Offshore Drilling Inc,DO,F14FQJ2EEHW5VPYUHL14,949039,2008.0,Q3,2008-07-01,2008-09-30,2009-10-27 14:38:55+00:00,,,,72155000.0,2.23,,136892000.0,310533000.0,310533000.0,310533000.0,332399000.0,900376000.0,,-28466000.0,,6053000.0,,13944000.0,332399000.0,567977000.0,2989000.0,3055000.0,92152000.0,475825000.0,-28400000.0,447425000.0,900376000.0,,139001000.0,139091000.0
Diamond Offshore Drilling Inc,DO,F14FQJ2EEHW5VPYUHL14,949039,2008.0,Q2,2008-04-01,2008-06-30,2009-07-29 13:20:43+00:00,2.99,2.99,,70803000.0,2.99,,174615000.0,416164000.0,416164000.0,416164000.0,290782000.0,954372000.0,,12488000.0,,-226000.0,,15768000.0,290782000.0,663590000.0,1895000.0,2941000.0,86345000.0,577245000.0,13534000.0,590779000.0,954372000.0,139200000.0,138959000.0,139083000.0
Diamond Offshore Drilling Inc,DO,F14FQJ2EEHW5VPYUHL14,949039,2009.0,Q4,2009-10-01,2009-12-31,,4.6,4.6,6.0,89468000.0,1.97,,142907000.0,276064000.0,276064000.0,276064000.0,335103000.0,890782000.0,9746000.0,-7905000.0,,-7537000.0,,14804000.0,344849000.0,545933000.0,23174000.0,852000.0,96735000.0,449198000.0,-30227000.0,418971000.0,890782000.0,139000000.0,139007000.0,139097000.0
Diamond Offshore Drilling Inc,DO,F14FQJ2EEHW5VPYUHL14,949039,2009.0,FY,2009-01-01,2009-12-31,2012-02-23 15:11:30+00:00,9.9,9.9,8.0,346446000.0,9.89,,492212000.0,1376219000.0,1376219000.0,1376219000.0,1316868000.0,3631284000.0,9746000.0,10331000.0,,-7902000.0,,62913000.0,1326614000.0,2304670000.0,49610000.0,4497000.0,401457000.0,1903213000.0,-34782000.0,1868431000.0,3631284000.0,139000000.0,139007000.0,139097000.0
Diamond Offshore Drilling Inc,DO,F14FQJ2EEHW5VPYUHL14,949039,2009.0,Q3,2009-07-01,2009-09-30,2009-10-27 14:38:55+00:00,,,,86485000.0,2.62,,111151000.0,364134000.0,364134000.0,364134000.0,327019000.0,908375000.0,,7977000.0,,-217000.0,,15628000.0,327019000.0,581356000.0,14031000.0,1879000.0,101896000.0,479460000.0,-4175000.0,475285000.0,908375000.0,,139005000.0,139103000.0
Diamond Offshore Drilling Inc,DO,F14FQJ2EEHW5VPYUHL14,949039,2009.0,Q3YTD,2009-01-01,2009-09-30,,5.3,5.3,2.0,256978000.0,7.92,,349305000.0,1100155000.0,1100155000.0,1100155000.0,981765000.0,2740502000.0,,18236000.0,,-365000.0,,48109000.0,981765000.0,1758737000.0,26436000.0,3645000.0,304722000.0,1454015000.0,-4555000.0,1449460000.0,2740502000.0,,139005000.0,139103000.0
Diamond Offshore Drilling Inc,DO,F14FQJ2EEHW5VPYUHL14,949039,2009.0,Q2,2009-04-01,2009-06-30,2009-07-29 13:20:43+00:00,2.79,2.79,,85431000.0,2.79,,133398000.0,387440000.0,387440000.0,387440000.0,327284000.0,946407000.0,,13317000.0,,-93000.0,,16166000.0,327284000.0,619123000.0,11288000.0,1190000.0,101504000.0,517619000.0,3219000.0,520838000.0,946407000.0,138900000.0,139002000.0,139081000.0
Diamond Offshore Drilling Inc,DO,F14FQJ2EEHW5VPYUHL14,949039,2009.0,Q2YTD,2009-01-01,2009-06-30,,5.3,5.3,2.0,170493000.0,5.3,,238154000.0,736021000.0,736021000.0,736021000.0,654746000.0,1832127000.0,,10259000.0,,-148000.0,,32481000.0,654746000.0,1177381000.0,12405000.0,1766000.0,202826000.0,974555000.0,-380000.0,974175000.0,1832127000.0,138900000.0,139002000.0,139081000.0
Diamond Offshore Drilling Inc,DO,F14FQJ2EEHW5VPYUHL14,949039,2009.0,Q1,2009-01-01,2009-03-31,2010-04-27 17:15:41+00:00,2.51,2.51,2.0,85062000.0,2.51,,104756000.0,348581000.0,348581000.0,348581000.0,327462000.0,885720000.0,,-3058000.0,,-55000.0,,16315000.0,327462000.0,558258000.0,1117000.0,576000.0,101322000.0,456936000.0,-3599000.0,453337000.0,885720000.0,138900000.0,139001000.0,139064000.0
Diamond Offshore Drilling Inc,DO,F14FQJ2EEHW5VPYUHL14,949039,2010.0,Q4,2010-10-01,2010-12-31,,1.74,1.74,0.88,95912000.0,1.74,,68825000.0,241687000.0,241687000.0,241687000.0,404324000.0,840966000.0,-9789000.0,-1476000.0,,-1289000.0,,16098000.0,394535000.0,446431000.0,24477000.0,755000.0,110721000.0,335710000.0,-25198000.0,310512000.0,840966000.0,139100000.0,139026000.0,139070000.0
Diamond Offshore Drilling Inc,DO,F14FQJ2EEHW5VPYUHL14,949039,2010.0,FY,2010-01-01,2010-12-31,2013-02-21 15:34:44+00:00,6.87,6.87,5.25,393177000.0,6.87,,380559000.0,955457000.0,955457000.0,955457000.0,1482326000.0,3322974000.0,-9789000.0,-1569000.0,,-34714000.0,,66600000.0,1472537000.0,1850437000.0,90698000.0,2909000.0,425063000.0,1425374000.0,-89358000.0,1336016000.0,3322974000.0,139100000.0,139026000.0,139070000.0
Diamond Offshore Drilling Inc,DO,F14FQJ2EEHW5VPYUHL14,949039,2010.0,Q3,2010-07-01,2010-09-30,2010-10-28 13:06:38+00:00,1.43,1.43,0.875,99117000.0,1.43,,100042000.0,198524000.0,198524000.0,198524000.0,398820000.0,799724000.0,,3558000.0,,-32392000.0,,16999000.0,398820000.0,400904000.0,22567000.0,395000.0,83724000.0,317180000.0,-18614000.0,298566000.0,799724000.0,138800000.0,139027000.0,139037000.0
Diamond Offshore Drilling Inc,DO,F14FQJ2EEHW5VPYUHL14,949039,2010.0,Q3YTD,2010-01-01,2010-09-30,,5.13,5.13,4.38,297265000.0,5.13,,311734000.0,713770000.0,713770000.0,713770000.0,1078002000.0,2482008000.0,,-93000.0,,-33425000.0,,50502000.0,1078002000.0,1404006000.0,66221000.0,2154000.0,314342000.0,1089664000.0,-64160000.0,1025504000.0,2482008000.0,138800000.0,139027000.0,139037000.0
Diamond Offshore Drilling Inc,DO,F14FQJ2EEHW5VPYUHL14,949039,2010.0,Q3TTM,2009-10-01,2010-09-30,,9.73,9.73,10.38,386733000.0,7.1,,454641000.0,989834000.0,989834000.0,989834000.0,1413105000.0,3372790000.0,9746000.0,-7998000.0,,-40962000.0,,65306000.0,1422851000.0,1949939000.0,89395000.0,3006000.0,411077000.0,1538862000.0,-94387000.0,1444475000.0,3372790000.0,138800000.0,139027000.0,139037000.0
Diamond Offshore Drilling Inc,DO,F14FQJ2EEHW5VPYUHL14,949039,2010.0,Q2,2010-04-01,2010-06-30,2010-07-29 16:17:15+00:00,1.61,1.61,1.5,100746000.0,1.61,,96533000.0,224393000.0,224393000.0,224393000.0,359350000.0,822603000.0,,-4025000.0,,-149000.0,,16849000.0,359350000.0,463253000.0,21333000.0,477000.0,117446000.0,345807000.0,-24881000.0,320926000.0,822603000.0,139400000.0,139026000.0,139079000.0
Diamond Offshore Drilling Inc,DO,F14FQJ2EEHW5VPYUHL14,949039,2010.0,Q2YTD,2010-01-01,2010-06-30,,3.7,3.7,3.5,198148000.0,3.7,,211692000.0,515246000.0,515246000.0,515246000.0,679182000.0,1682284000.0,,-3651000.0,,-1033000.0,,33503000.0,679182000.0,1003102000.0,43654000.0,1759000.0,230618000.0,772484000.0,-45546000.0,726938000.0,1682284000.0,139400000.0,139026000.0,139079000.0
Diamond Offshore Drilling Inc,DO,F14FQJ2EEHW5VPYUHL14,949039,2010.0,Q2TTM,2009-07-01,2010-06-30,,8.3,8.3,9.5,374101000.0,8.29,,465750000.0,1155444000.0,1155444000.0,1155444000.0,1341304000.0,3481441000.0,9746000.0,-3579000.0,,-8787000.0,,63935000.0,1351050000.0,2130391000.0,80859000.0,4490000.0,429249000.0,1701142000.0,-79948000.0,1621194000.0,3481441000.0,139400000.0,139026000.0,139079000.0
Diamond Offshore Drilling Inc,DO,F14FQJ2EEHW5VPYUHL14,949039,2010.0,Q1,2010-01-01,2010-03-31,2010-04-27 17:15:41+00:00,2.09,2.09,2.0,97402000.0,2.09,,115159000.0,290853000.0,290853000.0,290853000.0,319832000.0,859681000.0,,374000.0,,-884000.0,,16654000.0,319832000.0,539849000.0,22321000.0,1282000.0,113172000.0,426677000.0,-20665000.0,406012000.0,859681000.0,139200000.0,139026000.0,139129000.0
Diamond Offshore Drilling Inc,DO,F14FQJ2EEHW5VPYUHL14,949039,2010.0,Q1TTM,2009-04-01,2010-03-31,,9.48,9.48,8.0,358786000.0,9.47,,502615000.0,1318491000.0,1318491000.0,1318491000.0,1309238000.0,3605245000.0,9746000.0,13763000.0,,-8731000.0,,63252000.0,1318984000.0,2286261000.0,70814000.0,5203000.0,413307000.0,1872954000.0,-51848000.0,1821106000.0,3605245000.0,139200000.0,139026000.0,139129000.0
Diamond Offshore Drilling Inc,DO,F14FQJ2EEHW5VPYUHL14,949039,2011.0,Q4,2011-10-01,2011-12-31,,1.35,1.35,0.88,95089000.0,1.35,,15057000.0,188490000.0,188490000.0,188490000.0,420372000.0,748357000.0,-1300000.0,-4839000.0,,-414000.0,,16334000.0,419072000.0,329285000.0,12993000.0,3103000.0,111009000.0,218276000.0,-14729000.0,203547000.0,748357000.0,139100000.0,139027000.0,139038000.0
Diamond Offshore Drilling Inc,DO,F14FQJ2EEHW5VPYUHL14,949039,2011.0,FY,2011-01-01,2011-12-31,2014-02-24 13:02:42+00:00,6.92,6.92,3.5,398612000.0,6.92,,216729000.0,962542000.0,962542000.0,962542000.0,1614554000.0,3322419000.0,-6713000.0,-9674000.0,,-4758000.0,,65310000.0,1607841000.0,1714578000.0,73137000.0,6668000.0,459164000.0,1255414000.0,-76143000.0,1179271000.0,3322419000.0,139100000.0,139027000.0,139038000.0
Diamond Offshore Drilling Inc,DO,F14FQJ2EEHW5VPYUHL14,949039,2011.0,Q3TTM,2010-10-01,2011-09-30,,7.31,7.31,3.5,399435000.0,7.31,,270497000.0,1015739000.0,1015739000.0,1015739000.0,1598506000.0,3415028000.0,-15202000.0,-6311000.0,,-5633000.0,,65074000.0,1583304000.0,1831724000.0,84621000.0,4320000.0,458876000.0,1372848000.0,-86612000.0,1286236000.0,3415028000.0,138800000.0,139027000.0,139041000.0
Diamond Offshore Drilling Inc,DO,F14FQJ2EEHW5VPYUHL14,949039,2011.0,Q3,2011-07-01,2011-09-30,2011-10-27 13:35:24+00:00,1.85,1.85,0.875,101175000.0,1.85,,77995000.0,256854000.0,256854000.0,256854000.0,407575000.0,878177000.0,4734000.0,-1578000.0,,-463000.0,,14879000.0,412309000.0,465868000.0,15874000.0,2024000.0,115591000.0,350277000.0,-15428000.0,334849000.0,878177000.0,138800000.0,139027000.0,139041000.0
Diamond Offshore Drilling Inc,DO,F14FQJ2EEHW5VPYUHL14,949039,2011.0,Q3YTD,2011-01-01,2011-09-30,,5.57,5.57,2.63,303523000.0,5.57,,201672000.0,774052000.0,774052000.0,774052000.0,1194182000.0,2574062000.0,-5413000.0,-4835000.0,,-4344000.0,,48976000.0,1188769000.0,1385293000.0,60144000.0,3565000.0,348155000.0,1037138000.0,-61414000.0,975724000.0,2574062000.0,138800000.0,139027000.0,139041000.0
Diamond Offshore Drilling Inc,DO,F14FQJ2EEHW5VPYUHL14,949039,2011.0,Q2TTM,2010-07-01,2011-06-30,,6.89,6.89,3.5,397377000.0,6.89,,292544000.0,957409000.0,957409000.0,957409000.0,1589751000.0,3336575000.0,-19936000.0,-1175000.0,,-37562000.0,,67194000.0,1569815000.0,1766760000.0,91314000.0,2691000.0,427009000.0,1339751000.0,-89798000.0,1249953000.0,3336575000.0,138800000.0,139027000.0,139052000.0
Diamond Offshore Drilling Inc,DO,F14FQJ2EEHW5VPYUHL14,949039,2011.0,Q2,2011-04-01,2011-06-30,2011-07-28 10:55:53+00:00,1.92,1.92,0.875,101175000.0,1.92,,77440000.0,266586000.0,266586000.0,266586000.0,407293000.0,889496000.0,-1700000.0,-2435000.0,,-1240000.0,,16372000.0,405593000.0,483903000.0,22226000.0,1091000.0,116307000.0,367596000.0,-23570000.0,344026000.0,889496000.0,138800000.0,139027000.0,139052000.0
Diamond Offshore Drilling Inc,DO,F14FQJ2EEHW5VPYUHL14,949039,2011.0,Q2YTD,2011-01-01,2011-06-30,,3.72,3.72,1.75,202348000.0,3.72,,123677000.0,517198000.0,517198000.0,517198000.0,786607000.0,1695885000.0,-10147000.0,-3257000.0,,-3881000.0,,34097000.0,776460000.0,919425000.0,44270000.0,1541000.0,232564000.0,686861000.0,-45986000.0,640875000.0,1695885000.0,138800000.0,139027000.0,139052000.0
Diamond Offshore Drilling Inc,DO,F14FQJ2EEHW5VPYUHL14,949039,2011.0,Q1TTM,2010-04-01,2011-03-31,,6.58,6.58,4.13,396948000.0,6.58,,311637000.0,915216000.0,915216000.0,915216000.0,1541808000.0,3269682000.0,-18236000.0,-2765000.0,,-36471000.0,,67671000.0,1523572000.0,1746110000.0,90421000.0,2077000.0,428148000.0,1317962000.0,-91109000.0,1226853000.0,3269682000.0,139200000.0,139027000.0,139053000.0
Diamond Offshore Drilling Inc,DO,F14FQJ2EEHW5VPYUHL14,949039,2011.0,Q1,2011-01-01,2011-03-31,2011-04-27 15:46:09+00:00,1.8,1.8,0.875,101173000.0,1.8,,46237000.0,250612000.0,250612000.0,250612000.0,379314000.0,806389000.0,-8447000.0,-822000.0,,-2641000.0,,17725000.0,370867000.0,435522000.0,22044000.0,450000.0,116257000.0,319265000.0,-22416000.0,296849000.0,806389000.0,139200000.0,139027000.0,139053000.0
Diamond Offshore Drilling Inc,DO,F14FQJ2EEHW5VPYUHL14,949039,2012.0,Q4,2012-10-01,2012-12-31,,1.12,1.12,0.88,92844000.0,1.12,62437000.0,29380000.0,155661000.0,155661000.0,155661000.0,387016000.0,750537000.0,,-1343000.0,,-1559000.0,,14837000.0,387016000.0,363521000.0,9436000.0,858000.0,168559000.0,194962000.0,-9921000.0,185041000.0,750537000.0,139100000.0,139029000.0,139048000.0
Diamond Offshore Drilling Inc,DO,F14FQJ2EEHW5VPYUHL14,949039,2012.0,FY,2012-01-01,2012-12-31,2015-02-23 16:14:10+00:00,5.18,5.18,3.5,392913000.0,5.18,62437000.0,197604000.0,720477000.0,720477000.0,720477000.0,1586002000.0,2986508000.0,-1018000.0,-2991000.0,,-80844000.0,,64640000.0,1584984000.0,1401524000.0,46216000.0,4910000.0,439146000.0,962378000.0,-44297000.0,918081000.0,2986508000.0,139100000.0,139029000.0,139048000.0
Diamond Offshore Drilling Inc,DO,F14FQJ2EEHW5VPYUHL14,949039,2012.0,Q3TTM,2011-10-01,2012-09-30,,5.41,5.41,3.5,395158000.0,5.41,,183281000.0,753306000.0,753306000.0,753306000.0,1619358000.0,2984328000.0,-2318000.0,-6487000.0,,-79699000.0,,66137000.0,1617040000.0,1367288000.0,49773000.0,7155000.0,381596000.0,985692000.0,-49105000.0,936587000.0,2984328000.0,139200000.0,139030000.0,139053000.0
Diamond Offshore Drilling Inc,DO,F14FQJ2EEHW5VPYUHL14,949039,2012.0,Q3,2012-07-01,2012-09-30,2012-10-25 13:45:04+00:00,1.28,1.28,0.875,99207000.0,1.28,,56661000.0,178186000.0,178186000.0,178186000.0,371844000.0,729141000.0,,-2028000.0,,-208000.0,,13476000.0,371844000.0,357297000.0,8720000.0,773000.0,112475000.0,244822000.0,-9975000.0,234847000.0,729141000.0,139200000.0,139030000.0,139053000.0
Diamond Offshore Drilling Inc,DO,F14FQJ2EEHW5VPYUHL14,949039,2012.0,Q3YTD,2012-01-01,2012-09-30,,4.06,4.06,2.63,300069000.0,4.06,,168224000.0,564816000.0,564816000.0,564816000.0,1198986000.0,2235971000.0,-1018000.0,-1648000.0,,-79285000.0,,49803000.0,1197968000.0,1038003000.0,36780000.0,4052000.0,270587000.0,767416000.0,-34376000.0,733040000.0,2235971000.0,139200000.0,139030000.0,139053000.0
Diamond Offshore Drilling Inc,DO,F14FQJ2EEHW5VPYUHL14,949039,2012.0,Q2TTM,2011-07-01,2012-06-30,,5.98,5.98,3.5,397126000.0,5.98,,204615000.0,831974000.0,831974000.0,831974000.0,1655089000.0,3133364000.0,2416000.0,-6037000.0,,-79954000.0,,67540000.0,1657505000.0,1475859000.0,56927000.0,8406000.0,384712000.0,1091147000.0,-54558000.0,1036589000.0,3133364000.0,138900000.0,139029000.0,139040000.0
Diamond Offshore Drilling Inc,DO,F14FQJ2EEHW5VPYUHL14,949039,2012.0,Q2,2012-04-01,2012-06-30,2012-07-26 12:07:53+00:00,1.45,1.45,0.875,99469000.0,1.45,,45297000.0,201461000.0,201461000.0,201461000.0,416889000.0,738188000.0,-400000.0,809000.0,,-53695000.0,,18741000.0,416489000.0,321699000.0,12731000.0,1496000.0,64515000.0,257184000.0,-10426000.0,246758000.0,738188000.0,138900000.0,139029000.0,139040000.0
Diamond Offshore Drilling Inc,DO,F14FQJ2EEHW5VPYUHL14,949039,2012.0,Q2YTD,2012-01-01,2012-06-30,,2.78,2.78,1.75,200862000.0,2.78,,111563000.0,386630000.0,386630000.0,386630000.0,827142000.0,1506830000.0,-1018000.0,380000.0,,-79077000.0,,36327000.0,826124000.0,680706000.0,28060000.0,3279000.0,158112000.0,522594000.0,-24401000.0,498193000.0,1506830000.0,138900000.0,139029000.0,139040000.0
Diamond Offshore Drilling Inc,DO,F14FQJ2EEHW5VPYUHL14,949039,2012.0,Q1TTM,2011-04-01,2012-03-31,,6.45,6.45,3.5,398832000.0,6.45,,236758000.0,897099000.0,897099000.0,897099000.0,1645493000.0,3284672000.0,1116000.0,-9281000.0,,-27499000.0,,65171000.0,1646609000.0,1638063000.0,66422000.0,8001000.0,436504000.0,1201559000.0,-67702000.0,1133857000.0,3284672000.0,139200000.0,139028000.0,139040000.0
Diamond Offshore Drilling Inc,DO,F14FQJ2EEHW5VPYUHL14,949039,2012.0,Q1,2012-01-01,2012-03-31,2012-04-26 11:57:54+00:00,1.33,1.33,0.875,101393000.0,1.33,,66266000.0,185169000.0,185169000.0,185169000.0,410253000.0,768642000.0,-618000.0,-429000.0,,-25382000.0,,17586000.0,409635000.0,359007000.0,15329000.0,1783000.0,93597000.0,265410000.0,-13975000.0,251435000.0,768642000.0,139200000.0,139028000.0,139040000.0
Diamond Offshore Drilling Inc,DO,F14FQJ2EEHW5VPYUHL14,949039,2013.0,Q4,2013-10-01,2013-12-31,,0.67,0.67,0.88,96985000.0,0.67,,87580000.0,92615000.0,92615000.0,92615000.0,426876000.0,726497000.0,22513000.0,-21000.0,-22563000.0,-1281000.0,,16298000.0,449389000.0,277108000.0,7130000.0,-323000.0,89439000.0,187669000.0,-7474000.0,180195000.0,726497000.0,138900000.0,139035000.0,139064000.0
Diamond Offshore Drilling Inc,DO,F14FQJ2EEHW5VPYUHL14,949039,2013.0,FY,2013-01-01,2013-12-31,2015-02-23 16:14:10+00:00,3.95,3.95,3.5,388092000.0,3.95,0.0,225554000.0,548686000.0,548686000.0,548686000.0,1647492000.0,2920421000.0,22513000.0,-3224000.0,,-4070000.0,,64788000.0,1670005000.0,1250416000.0,24843000.0,701000.0,448810000.0,801606000.0,-27366000.0,774240000.0,2920421000.0,138900000.0,139035000.0,139064000.0
Diamond Offshore Drilling Inc,DO,F14FQJ2EEHW5VPYUHL14,949039,2013.0,Q3TTM,2012-10-01,2013-09-30,,4.4,4.4,3.5,383951000.0,4.4,62437000.0,167354000.0,611732000.0,611732000.0,611732000.0,1607632000.0,2944461000.0,,-4546000.0,22563000.0,-4348000.0,,63327000.0,1607632000.0,1336829000.0,27149000.0,1882000.0,527930000.0,808899000.0,-29813000.0,779086000.0,2944461000.0,139300000.0,139035000.0,139065000.0
Diamond Offshore Drilling Inc,DO,F14FQJ2EEHW5VPYUHL14,949039,2013.0,Q3,2013-07-01,2013-09-30,2013-10-30 11:58:21+00:00,0.68,0.68,0.875,97143000.0,0.68,,36817000.0,94748000.0,94748000.0,94748000.0,434392000.0,706165000.0,,-4230000.0,22563000.0,-525000.0,,15240000.0,434392000.0,271773000.0,1693000.0,136000.0,134421000.0,137352000.0,-5787000.0,131565000.0,706165000.0,139300000.0,139035000.0,139065000.0
Diamond Offshore Drilling Inc,DO,F14FQJ2EEHW5VPYUHL14,949039,2013.0,Q3YTD,2013-01-01,2013-09-30,,3.28,3.28,2.63,291107000.0,3.28,,137974000.0,456071000.0,456071000.0,456071000.0,1220616000.0,2193924000.0,,-3203000.0,22563000.0,-2789000.0,,48490000.0,1220616000.0,973308000.0,17713000.0,1024000.0,359371000.0,613937000.0,-19892000.0,594045000.0,2193924000.0,139300000.0,139035000.0,139065000.0
Diamond Offshore Drilling Inc,DO,F14FQJ2EEHW5VPYUHL14,949039,2013.0,Q2TTM,2012-07-01,2013-06-30,,5.0,5.0,3.5,386015000.0,5.0,62437000.0,187198000.0,695170000.0,695170000.0,695170000.0,1545084000.0,2967437000.0,,-2344000.0,,-4031000.0,,61563000.0,1545084000.0,1422353000.0,34176000.0,2519000.0,505984000.0,916369000.0,-34001000.0,882368000.0,2967437000.0,139300000.0,139035000.0,139072000.0
Diamond Offshore Drilling Inc,DO,F14FQJ2EEHW5VPYUHL14,949039,2013.0,Q2,2013-04-01,2013-06-30,2013-07-31 12:37:20+00:00,1.33,1.33,0.875,97143000.0,1.33,,70967000.0,185334000.0,185334000.0,185334000.0,381841000.0,758018000.0,,1122000.0,,-260000.0,,16435000.0,381841000.0,376177000.0,7951000.0,271000.0,113318000.0,262859000.0,-6558000.0,256301000.0,758018000.0,139300000.0,139035000.0,139072000.0
Diamond Offshore Drilling Inc,DO,F14FQJ2EEHW5VPYUHL14,949039,2013.0,Q2YTD,2013-01-01,2013-06-30,,2.6,2.6,1.75,193964000.0,2.6,,101157000.0,361323000.0,361323000.0,361323000.0,786224000.0,1487759000.0,,1027000.0,,-2264000.0,,33250000.0,786224000.0,701535000.0,16020000.0,888000.0,224950000.0,476585000.0,-14105000.0,462480000.0,1487759000.0,139300000.0,139035000.0,139072000.0
Diamond Offshore Drilling Inc,DO,F14FQJ2EEHW5VPYUHL14,949039,2013.0,Q1TTM,2012-04-01,2013-03-31,,5.12,5.12,3.5,388341000.0,5.12,62437000.0,161528000.0,711297000.0,711297000.0,711297000.0,1580132000.0,2947607000.0,-400000.0,-2657000.0,,-57466000.0,,63869000.0,1579732000.0,1367875000.0,38956000.0,3744000.0,457181000.0,910694000.0,-37869000.0,872825000.0,2947607000.0,138600000.0,139032000.0,139081000.0
Diamond Offshore Drilling Inc,DO,F14FQJ2EEHW5VPYUHL14,949039,2013.0,Q1,2013-01-01,2013-03-31,2013-05-01 11:12:20+00:00,1.27,1.27,0.875,96821000.0,1.27,,30190000.0,175989000.0,175989000.0,175989000.0,404383000.0,729741000.0,,-95000.0,,-2004000.0,,16815000.0,404383000.0,325358000.0,8069000.0,617000.0,111632000.0,213726000.0,-7547000.0,206179000.0,729741000.0,138600000.0,139032000.0,139081000.0
Diamond Offshore Drilling Inc,DO,F14FQJ2EEHW5VPYUHL14,949039,2014.0,FY,2014-01-01,2014-12-31,2017-02-16 14:19:22+00:00,2.82,2.82,3.5,456483000.0,2.81,109462000.0,128180000.0,387011000.0,387011000.0,387011000.0,1599714000.0,2814671000.0,,3881000.0,,-5382000.0,,81832000.0,1599714000.0,1214957000.0,62053000.0,801000.0,642395000.0,572562000.0,-57371000.0,515191000.0,2814671000.0,137200000.0,137473000.0,137523000.0
Diamond Offshore Drilling Inc,DO,F14FQJ2EEHW5VPYUHL14,949039,2014.0,Q4,2014-10-01,2014-12-31,,0.74,0.74,0.88,131712000.0,0.73,,54427000.0,98843000.0,98843000.0,98843000.0,359353000.0,675321000.0,,7007000.0,,2230000.0,,19923000.0,359353000.0,315968000.0,15997000.0,157000.0,153865000.0,162103000.0,-8833000.0,153270000.0,675321000.0,137200000.0,137473000.0,137523000.0
Diamond Offshore Drilling Inc,DO,F14FQJ2EEHW5VPYUHL14,949039,2014.0,Q3TTM,2013-10-01,2014-09-30,,2.75,2.75,3.5,421756000.0,2.75,109462000.0,161333000.0,380783000.0,380783000.0,380783000.0,1667237000.0,2865847000.0,22513000.0,-3147000.0,-22563000.0,-8893000.0,,78207000.0,1689750000.0,1176097000.0,53186000.0,321000.0,577969000.0,598128000.0,-56012000.0,542116000.0,2865847000.0,138500000.0,137146000.0,137147000.0
Diamond Offshore Drilling Inc,DO,F14FQJ2EEHW5VPYUHL14,949039,2014.0,Q3,2014-07-01,2014-09-30,2015-11-02 12:20:32+00:00,0.38,0.38,0.875,108854000.0,0.38,109462000.0,28994000.0,52645000.0,52645000.0,52645000.0,409239000.0,737682000.0,,515000.0,,1107000.0,,18604000.0,409239000.0,328443000.0,9378000.0,86000.0,238027000.0,90416000.0,-8777000.0,81639000.0,737682000.0,138500000.0,137146000.0,137147000.0
Diamond Offshore Drilling Inc,DO,F14FQJ2EEHW5VPYUHL14,949039,2014.0,Q3YTD,2014-01-01,2014-09-30,,2.08,2.08,2.63,324771000.0,2.08,109462000.0,73753000.0,288168000.0,288168000.0,288168000.0,1240361000.0,2139350000.0,,-3126000.0,,-7612000.0,,61909000.0,1240361000.0,898989000.0,46056000.0,644000.0,488530000.0,410459000.0,-48538000.0,361921000.0,2139350000.0,138500000.0,137146000.0,137147000.0
Diamond Offshore Drilling Inc,DO,F14FQJ2EEHW5VPYUHL14,949039,2014.0,Q2TTM,2013-07-01,2014-06-30,,3.05,3.05,3.5,410045000.0,3.05,,169156000.0,422886000.0,422886000.0,422886000.0,1692390000.0,2834330000.0,22513000.0,-7892000.0,,-10525000.0,,74843000.0,1714903000.0,1119427000.0,45501000.0,371000.0,474363000.0,645064000.0,-53022000.0,592042000.0,2834330000.0,138000000.0,137145000.0,137149000.0
Diamond Offshore Drilling Inc,DO,F14FQJ2EEHW5VPYUHL14,949039,2014.0,Q2,2014-04-01,2014-06-30,2015-08-03 15:59:26+00:00,0.65,0.65,0.875,108906000.0,0.65,0.0,22890000.0,89713000.0,89713000.0,89713000.0,437666000.0,692244000.0,,-2790000.0,,-8572000.0,,20478000.0,437666000.0,254578000.0,18523000.0,150000.0,120812000.0,133766000.0,-21163000.0,112603000.0,692244000.0,138000000.0,137145000.0,137149000.0
Diamond Offshore Drilling Inc,DO,F14FQJ2EEHW5VPYUHL14,949039,2014.0,Q2YTD,2014-01-01,2014-06-30,,1.7,1.7,1.75,215917000.0,1.7,,44759000.0,235523000.0,235523000.0,235523000.0,831122000.0,1401668000.0,,-3641000.0,,-8719000.0,,43305000.0,831122000.0,570546000.0,36678000.0,558000.0,250503000.0,320043000.0,-39761000.0,280282000.0,1401668000.0,138000000.0,137145000.0,137149000.0
Diamond Offshore Drilling Inc,DO,F14FQJ2EEHW5VPYUHL14,949039,2014.0,Q1TTM,2013-04-01,2014-03-31,,3.73,3.73,3.5,398282000.0,3.73,,217233000.0,518507000.0,518507000.0,518507000.0,1636565000.0,2900104000.0,22513000.0,-3980000.0,,-2213000.0,,70800000.0,1659078000.0,1241026000.0,34929000.0,492000.0,466869000.0,774157000.0,-38417000.0,735740000.0,2900104000.0,138900000.0,138469000.0,138473000.0
Diamond Offshore Drilling Inc,DO,F14FQJ2EEHW5VPYUHL14,949039,2014.0,Q1,2014-01-01,2014-03-31,2014-04-30 11:07:22+00:00,1.05,1.05,0.875,107011000.0,1.05,,21869000.0,145810000.0,145810000.0,145810000.0,393456000.0,709424000.0,,-851000.0,,-147000.0,,22827000.0,393456000.0,315968000.0,18155000.0,408000.0,129691000.0,186277000.0,-18598000.0,167679000.0,709424000.0,138900000.0,138469000.0,138473000.0
Diamond Offshore Drilling Inc,DO,F14FQJ2EEHW5VPYUHL14,949039,2015.0,FY,2015-01-01,2015-12-31,2018-02-13 11:00:51+00:00,-2.0,-2.0,0.5,493162000.0,-2.0,860441000.0,-107063000.0,-274285000.0,-274285000.0,-274285000.0,1285914000.0,2419393000.0,0.0,3338000.0,,-2290000.0,9778000.0,66462000.0,1285914000.0,1133479000.0,93934000.0,3322000.0,1427553000.0,-294074000.0,-87274000.0,-381348000.0,2419393000.0,137100000.0,137157000.0,137157000.0
Diamond Offshore Drilling Inc,DO,F14FQJ2EEHW5VPYUHL14,949039,2015.0,Q4,2015-10-01,2015-12-31,,-1.79,-1.79,0.13,114448000.0,-1.79,499367000.0,-114641000.0,-245384000.0,-245384000.0,-245384000.0,267539000.0,555563000.0,,1682000.0,,-2309000.0,1043000.0,15574000.0,267539000.0,288024000.0,23134000.0,1526000.0,628123000.0,-340099000.0,-19926000.0,-360025000.0,555563000.0,137100000.0,137157000.0,137157000.0
Diamond Offshore Drilling Inc,DO,F14FQJ2EEHW5VPYUHL14,949039,2015.0,Q3,2015-07-01,2015-09-30,2016-10-31 09:39:07+00:00,0.99,0.99,0.125,118086000.0,0.99,2546000.0,23345000.0,136422000.0,136422000.0,136422000.0,288420000.0,609742000.0,,-946000.0,,794000.0,1574000.0,16888000.0,288420000.0,321322000.0,21350000.0,629000.0,139888000.0,181434000.0,-21667000.0,159767000.0,609742000.0,137800000.0,137159000.0,137203000.0
Diamond Offshore Drilling Inc,DO,F14FQJ2EEHW5VPYUHL14,949039,2015.0,Q3YTD,2015-01-01,2015-09-30,,-0.21,-0.21,0.38,378714000.0,-0.21,361074000.0,7578000.0,-28901000.0,-28901000.0,-28901000.0,1018375000.0,1863830000.0,,1656000.0,,19000.0,8735000.0,50888000.0,1018375000.0,845455000.0,70800000.0,1796000.0,799430000.0,46025000.0,-67348000.0,-21323000.0,1863830000.0,137800000.0,137159000.0,137203000.0
Diamond Offshore Drilling Inc,DO,F14FQJ2EEHW5VPYUHL14,949039,2015.0,Q3TTM,2014-10-01,2015-09-30,,0.53,0.53,1.25,510426000.0,0.52,361074000.0,62005000.0,69942000.0,69942000.0,69942000.0,1377728000.0,2539151000.0,,8663000.0,,2249000.0,8735000.0,70811000.0,1377728000.0,1161423000.0,86797000.0,1953000.0,953295000.0,208128000.0,-76181000.0,131947000.0,2539151000.0,137800000.0,137159000.0,137203000.0
Diamond Offshore Drilling Inc,DO,F14FQJ2EEHW5VPYUHL14,949039,2015.0,Q2,2015-04-01,2015-06-30,2016-08-01 10:41:05+00:00,0.66,0.66,0.125,123329000.0,0.66,,15642000.0,90386000.0,90386000.0,90386000.0,359205000.0,634032000.0,,-3209000.0,,-164000.0,993000.0,16548000.0,359205000.0,274827000.0,25468000.0,584000.0,140706000.0,134121000.0,-28093000.0,106028000.0,634032000.0,136900000.0,137159000.0,137201000.0
Diamond Offshore Drilling Inc,DO,F14FQJ2EEHW5VPYUHL14,949039,2015.0,Q2YTD,2015-01-01,2015-06-30,,-1.2,-1.2,0.25,260628000.0,-1.2,358528000.0,-15767000.0,-165323000.0,-165323000.0,-165323000.0,729955000.0,1254088000.0,,2602000.0,,-775000.0,7161000.0,34000000.0,729955000.0,524133000.0,49450000.0,1167000.0,659542000.0,-135409000.0,-45681000.0,-181090000.0,1254088000.0,136900000.0,137159000.0,137201000.0
Diamond Offshore Drilling Inc,DO,F14FQJ2EEHW5VPYUHL14,949039,2015.0,Q2TTM,2014-07-01,2015-06-30,,-0.08,-0.08,2.0,501194000.0,-0.09,467990000.0,67654000.0,-13835000.0,-13835000.0,-13835000.0,1498547000.0,2667091000.0,,10124000.0,,2562000.0,7161000.0,72527000.0,1498547000.0,1168544000.0,74825000.0,1410000.0,1051434000.0,117110000.0,-63291000.0,53819000.0,2667091000.0,136900000.0,137159000.0,137201000.0
Diamond Offshore Drilling Inc,DO,F14FQJ2EEHW5VPYUHL14,949039,2015.0,Q1,2015-01-01,2015-03-31,2016-05-02 14:50:37+00:00,-1.86,-1.86,0.125,137299000.0,-1.86,358528000.0,-31409000.0,-255709000.0,-255709000.0,-255709000.0,370750000.0,620056000.0,,5811000.0,,-611000.0,6168000.0,17452000.0,370750000.0,249306000.0,23982000.0,583000.0,518836000.0,-269530000.0,-17588000.0,-287118000.0,620056000.0,137500000.0,137151000.0,137151000.0
Diamond Offshore Drilling Inc,DO,F14FQJ2EEHW5VPYUHL14,949039,2015.0,Q1TTM,2014-04-01,2015-03-31,,-0.09,-0.09,2.75,486771000.0,-0.1,467990000.0,74902000.0,-14508000.0,-14508000.0,-14508000.0,1577008000.0,2725303000.0,,10543000.0,,-5846000.0,6168000.0,76457000.0,1577008000.0,1148295000.0,67880000.0,976000.0,1031540000.0,116755000.0,-56361000.0,60394000.0,2725303000.0,137500000.0,137151000.0,137151000.0
Diamond Offshore Drilling Inc,DO,F14FQJ2EEHW5VPYUHL14,949039,2016.0,FY,2016-01-01,2016-12-31,2019-02-13 12:41:55+00:00,-2.72,-2.72,,381760000.0,-2.72,678145000.0,-95796000.0,-372503000.0,-372503000.0,-372503000.0,,1600342000.0,-265000.0,-22249000.0,830231000.0,3795000.0,,63560000.0,-265000.0,1600607000.0,89934000.0,768000.0,1957491000.0,-356884000.0,-111415000.0,-468299000.0,1600342000.0,136900000.0,137168000.0,137168000.0
Diamond Offshore Drilling Inc,DO,F14FQJ2EEHW5VPYUHL14,949039,2016.0,Q4,2016-10-01,2016-12-31,,0.84,0.84,,86031000.0,0.84,,-36208000.0,116082000.0,116082000.0,116082000.0,-649114000.0,391874000.0,-265000.0,-3217000.0,830231000.0,6060000.0,,14786000.0,-649379000.0,1041253000.0,21230000.0,176000.0,937108000.0,104145000.0,-24271000.0,79874000.0,391874000.0,136900000.0,137168000.0,137168000.0
Diamond Offshore Drilling Inc,DO,F14FQJ2EEHW5VPYUHL14,949039,2016.0,Q3,2016-07-01,2016-09-30,2016-10-31 09:39:07+00:00,0.1,0.1,,86473000.0,0.1,,20819000.0,13927000.0,13927000.0,13927000.0,194619000.0,349178000.0,,-443000.0,,-1222000.0,,15237000.0,194619000.0,154559000.0,19032000.0,150000.0,100488000.0,54071000.0,-19325000.0,34746000.0,349178000.0,139300000.0,137170000.0,137254000.0
Diamond Offshore Drilling Inc,DO,F14FQJ2EEHW5VPYUHL14,949039,2016.0,Q3YTD,2016-01-01,2016-09-30,,-3.56,-3.56,,295729000.0,-3.56,678145000.0,-59588000.0,-488585000.0,-488585000.0,-488585000.0,649114000.0,1208468000.0,,-19032000.0,,-2265000.0,,48774000.0,649114000.0,559354000.0,68704000.0,592000.0,1020383000.0,-461029000.0,-87144000.0,-548173000.0,1208468000.0,139300000.0,137170000.0,137254000.0
Diamond Offshore Drilling Inc,DO,F14FQJ2EEHW5VPYUHL14,949039,2016.0,Q3TTM,2015-10-01,2016-09-30,,-5.35,-5.35,0.13,410177000.0,-5.35,1177512000.0,-174229000.0,-733969000.0,-733969000.0,-733969000.0,916653000.0,1764031000.0,,-17350000.0,,-4574000.0,1043000.0,64348000.0,916653000.0,847378000.0,91838000.0,2118000.0,1648506000.0,-801128000.0,-107070000.0,-908198000.0,1764031000.0,139300000.0,137170000.0,137254000.0
Diamond Offshore Drilling Inc,DO,F14FQJ2EEHW5VPYUHL14,949039,2016.0,Q2,2016-04-01,2016-06-30,2017-07-31 09:31:00+00:00,-4.3,-4.3,,105016000.0,-4.3,678145000.0,-76178000.0,-589937000.0,-589937000.0,-589937000.0,214863000.0,388747000.0,,-15559000.0,,-747000.0,,18139000.0,214863000.0,173884000.0,24156000.0,269000.0,800553000.0,-626669000.0,-39446000.0,-666115000.0,388747000.0,137200000.0,137170000.0,137170000.0
Diamond Offshore Drilling Inc,DO,F14FQJ2EEHW5VPYUHL14,949039,2016.0,Q2YTD,2016-01-01,2016-06-30,,-3.66,-3.66,,209256000.0,-3.66,678145000.0,-80407000.0,-502512000.0,-502512000.0,-502512000.0,454495000.0,859290000.0,,-18589000.0,,-1043000.0,,33537000.0,454495000.0,404795000.0,49672000.0,442000.0,919895000.0,-515100000.0,-67819000.0,-582919000.0,859290000.0,137200000.0,137170000.0,137170000.0
Diamond Offshore Drilling Inc,DO,F14FQJ2EEHW5VPYUHL14,949039,2016.0,Q2TTM,2015-07-01,2016-06-30,,-4.46,-4.46,0.25,441790000.0,-4.46,1180058000.0,-171703000.0,-611474000.0,-611474000.0,-611474000.0,1010454000.0,2024595000.0,,-17853000.0,,-2558000.0,2617000.0,65999000.0,1010454000.0,1014141000.0,94156000.0,2597000.0,1687906000.0,-673765000.0,-109412000.0,-783177000.0,2024595000.0,137200000.0,137170000.0,137170000.0
Diamond Offshore Drilling Inc,DO,F14FQJ2EEHW5VPYUHL14,949039,2016.0,Q1,2016-01-01,2016-03-31,2017-05-01 09:48:26+00:00,0.64,0.64,,104240000.0,0.64,,-4229000.0,87425000.0,87425000.0,87425000.0,239632000.0,470543000.0,,-3030000.0,,-296000.0,,15398000.0,239632000.0,230911000.0,25516000.0,173000.0,119342000.0,111569000.0,-28373000.0,83196000.0,470543000.0,136600000.0,137162000.0,137206000.0
Diamond Offshore Drilling Inc,DO,F14FQJ2EEHW5VPYUHL14,949039,2016.0,Q1TTM,2015-04-01,2016-03-31,,0.5,0.5,0.38,460103000.0,0.5,501913000.0,-79883000.0,68849000.0,68849000.0,68849000.0,1154796000.0,2269880000.0,,-5503000.0,,-1975000.0,3610000.0,64408000.0,1154796000.0,1115084000.0,95468000.0,2912000.0,1028059000.0,87025000.0,-98059000.0,-11034000.0,2269880000.0,136600000.0,137162000.0,137206000.0
Diamond Offshore Drilling Inc,DO,F14FQJ2EEHW5VPYUHL14,949039,2017.0,Q4,2017-10-01,2017-12-31,,-0.24,-0.24,,86203000.0,-0.24,28045000.0,-3140000.0,-31941000.0,-31941000.0,-31941000.0,212408000.0,3317700000.0,,297000.0,2971492000.0,-8415000.0,14146000.0,20206000.0,212408000.0,3105292000.0,30119000.0,1126000.0,3111677000.0,-6385000.0,-28696000.0,-35081000.0,3317700000.0,141100000.0,137213000.0,137265000.0
Diamond Offshore Drilling Inc,DO,F14FQJ2EEHW5VPYUHL14,949039,2017.0,Q3,2017-07-01,2017-09-30,2018-11-05 10:20:10+00:00,0.08,0.08,,83281000.0,0.08,,-14600000.0,10799000.0,10799000.0,10799000.0,206292000.0,366023000.0,,770000.0,,63000.0,,17806000.0,206292000.0,159731000.0,63928000.0,776000.0,101150000.0,58581000.0,-62382000.0,-3801000.0,366023000.0,135000000.0,137227000.0,137241000.0
Diamond Offshore Drilling Inc,DO,F14FQJ2EEHW5VPYUHL14,949039,2017.0,Q3YTD,2017-01-01,2017-09-30,,0.37,0.37,,262492000.0,0.37,71268000.0,-36646000.0,50287000.0,50287000.0,50287000.0,623300000.0,1139538000.0,,805000.0,,-2085000.0,,54299000.0,623300000.0,516238000.0,118775000.0,1347000.0,385974000.0,130264000.0,-116623000.0,13641000.0,1139538000.0,135000000.0,137227000.0,137241000.0
Diamond Offshore Drilling Inc,DO,F14FQJ2EEHW5VPYUHL14,949039,2017.0,Q3TTM,2016-10-01,2017-09-30,,1.21,1.21,,348523000.0,1.21,71268000.0,-72854000.0,166369000.0,166369000.0,166369000.0,-25814000.0,1531412000.0,-265000.0,-2412000.0,830231000.0,3975000.0,,69085000.0,-26079000.0,1557491000.0,140005000.0,1523000.0,1323082000.0,234409000.0,-140894000.0,93515000.0,1531412000.0,135000000.0,137227000.0,137241000.0
Diamond Offshore Drilling Inc,DO,F14FQJ2EEHW5VPYUHL14,949039,2017.0,Q2,2017-04-01,2017-06-30,2018-07-30 09:50:38+00:00,0.12,0.12,,85982000.0,0.12,71268000.0,-22969000.0,15949000.0,15949000.0,15949000.0,203007000.0,399289000.0,,-989000.0,,-802000.0,,19010000.0,203007000.0,196282000.0,27251000.0,396000.0,175458000.0,20824000.0,-27844000.0,-7020000.0,399289000.0,132900000.0,137224000.0,137227000.0
Diamond Offshore Drilling Inc,DO,F14FQJ2EEHW5VPYUHL14,949039,2017.0,Q2YTD,2017-01-01,2017-06-30,,0.29,0.29,,179211000.0,0.29,71268000.0,-22046000.0,39488000.0,39488000.0,39488000.0,417008000.0,773515000.0,,35000.0,,-2148000.0,,36493000.0,417008000.0,356507000.0,54847000.0,571000.0,284824000.0,71683000.0,-54241000.0,17442000.0,773515000.0,132900000.0,137224000.0,137227000.0
Diamond Offshore Drilling Inc,DO,F14FQJ2EEHW5VPYUHL14,949039,2017.0,Q2TTM,2016-07-01,2017-06-30,,1.23,1.23,,351715000.0,1.23,71268000.0,-37435000.0,169497000.0,169497000.0,169497000.0,-37487000.0,1514567000.0,-265000.0,-3625000.0,830231000.0,2690000.0,,66516000.0,-37752000.0,1552319000.0,95109000.0,897000.0,1322420000.0,229899000.0,-97837000.0,132062000.0,1514567000.0,132900000.0,137224000.0,137227000.0
Diamond Offshore Drilling Inc,DO,F14FQJ2EEHW5VPYUHL14,949039,2017.0,Q1,2017-01-01,2017-03-31,2018-04-30 09:41:59+00:00,0.17,0.17,,93229000.0,0.17,,923000.0,23539000.0,23539000.0,23539000.0,214001000.0,374226000.0,,1024000.0,,-1346000.0,,17483000.0,214001000.0,160225000.0,27596000.0,175000.0,109366000.0,50859000.0,-26397000.0,24462000.0,374226000.0,138500000.0,137173000.0,137250000.0
Diamond Offshore Drilling Inc,DO,F14FQJ2EEHW5VPYUHL14,949039,2017.0,Q1TTM,2016-04-01,2017-03-31,,-3.19,-3.19,,370749000.0,-3.19,678145000.0,-90644000.0,-436389000.0,-436389000.0,-436389000.0,-25631000.0,1504025000.0,-265000.0,-18195000.0,830231000.0,2745000.0,,65645000.0,-25896000.0,1529921000.0,92014000.0,770000.0,1947515000.0,-417594000.0,-109439000.0,-527033000.0,1504025000.0,138500000.0,137173000.0,137250000.0
Diamond Offshore Drilling Inc,DO,F14FQJ2EEHW5VPYUHL14,949039,2018.0,Q4,2018-10-01,2018-12-31,,-0.58,-0.58,,86255000.0,-0.58,,12904000.0,-79207000.0,-79207000.0,-79207000.0,166827000.0,2398952000.0,,-457000.0,2166430000.0,1307000.0,116000.0,15294000.0,166827000.0,2232125000.0,31044000.0,2475000.0,2269402000.0,-37277000.0,-29026000.0,-66303000.0,2398952000.0,137600000.0,137399000.0,137399000.0
Diamond Offshore Drilling Inc,DO,F14FQJ2EEHW5VPYUHL14,949039,2018.0,Q3,2018-07-01,2018-09-30,2019-10-28 10:07:55+00:00,-0.37,-0.37,,81884000.0,-0.37,0.0,-4782000.0,-51112000.0,-51112000.0,-51112000.0,194030000.0,286322000.0,,-922000.0,,-506000.0,649000.0,33308000.0,194030000.0,92292000.0,34293000.0,2364000.0,115335000.0,-23043000.0,-32851000.0,-55894000.0,286322000.0,138100000.0,137434000.0,137434000.0
Diamond Offshore Drilling Inc,DO,F14FQJ2EEHW5VPYUHL14,949039,2018.0,Q3YTD,2018-01-01,2018-09-30,,-0.73,-0.73,,245534000.0,-0.73,27225000.0,-59257000.0,-101065000.0,-101065000.0,-101065000.0,578924000.0,850693000.0,,778000.0,,-1066000.0,4925000.0,70057000.0,578924000.0,271769000.0,92196000.0,6002000.0,346675000.0,-74906000.0,-85416000.0,-160322000.0,850693000.0,138100000.0,137434000.0,137434000.0
Diamond Offshore Drilling Inc,DO,F14FQJ2EEHW5VPYUHL14,949039,2018.0,Q3TTM,2017-10-01,2018-09-30,,-0.97,-0.97,,331737000.0,-0.97,55270000.0,-62397000.0,-133006000.0,-133006000.0,-133006000.0,791332000.0,4168393000.0,,1075000.0,2971492000.0,-9481000.0,19071000.0,90263000.0,791332000.0,3377061000.0,122315000.0,7128000.0,3458352000.0,-81291000.0,-114112000.0,-195403000.0,4168393000.0,138100000.0,137434000.0,137434000.0
Diamond Offshore Drilling Inc,DO,F14FQJ2EEHW5VPYUHL14,949039,2018.0,Q2,2018-04-01,2018-06-30,2019-08-05 10:10:41+00:00,-0.5,-0.5,,81825000.0,-0.5,27225000.0,-10012000.0,-69274000.0,-69274000.0,-69274000.0,192735000.0,268861000.0,,673000.0,,-50000.0,1265000.0,18236000.0,192735000.0,76126000.0,29585000.0,2001000.0,128501000.0,-52375000.0,-26911000.0,-79286000.0,268861000.0,138500000.0,137429000.0,137429000.0
Diamond Offshore Drilling Inc,DO,F14FQJ2EEHW5VPYUHL14,949039,2018.0,Q2YTD,2018-01-01,2018-06-30,,-0.36,-0.36,,163650000.0,-0.36,27225000.0,-54475000.0,-49953000.0,-49953000.0,-49953000.0,384894000.0,564371000.0,,1700000.0,,-560000.0,4276000.0,36749000.0,384894000.0,179477000.0,57903000.0,3638000.0,231340000.0,-51863000.0,-52565000.0,-104428000.0,564371000.0,138500000.0,137429000.0,137429000.0
Diamond Offshore Drilling Inc,DO,F14FQJ2EEHW5VPYUHL14,949039,2018.0,Q2TTM,2017-07-01,2018-06-30,,-0.52,-0.52,,333134000.0,-0.52,55270000.0,-72215000.0,-71095000.0,-71095000.0,-71095000.0,803594000.0,4248094000.0,,2767000.0,2971492000.0,-8912000.0,18422000.0,74761000.0,803594000.0,3444500000.0,151950000.0,5540000.0,3444167000.0,333000.0,-143643000.0,-143310000.0,4248094000.0,138500000.0,137429000.0,137429000.0
Diamond Offshore Drilling Inc,DO,F14FQJ2EEHW5VPYUHL14,949039,2018.0,Q1,2018-01-01,2018-03-31,2019-04-29 10:34:22+00:00,0.14,0.14,,81825000.0,0.14,,-44463000.0,19321000.0,19321000.0,19321000.0,192159000.0,295510000.0,,1027000.0,,-510000.0,3011000.0,18513000.0,192159000.0,103351000.0,28318000.0,1637000.0,102839000.0,512000.0,-25654000.0,-25142000.0,295510000.0,138000000.0,137294000.0,137495000.0
Diamond Offshore Drilling Inc,DO,F14FQJ2EEHW5VPYUHL14,949039,2018.0,Q1TTM,2017-04-01,2018-03-31,,0.1,0.1,,337291000.0,0.1,99313000.0,-85172000.0,14128000.0,14128000.0,14128000.0,813866000.0,4378522000.0,,1105000.0,2971492000.0,-9664000.0,17157000.0,75535000.0,813866000.0,3564656000.0,149616000.0,3935000.0,3491124000.0,73532000.0,-144576000.0,-71044000.0,4378522000.0,138000000.0,137294000.0,137495000.0
Diamond Offshore Drilling Inc,DO,F14FQJ2EEHW5VPYUHL14,949039,2019.0,Q3,2019-07-01,2019-09-30,2019-10-28 10:07:55+00:00,-0.69,-0.69,,88693000.0,-0.69,0.0,-7482000.0,-95128000.0,-95128000.0,-95128000.0,212991000.0,254020000.0,,5000.0,,6340000.0,0.0,18830000.0,212991000.0,41029000.0,31098000.0,1317000.0,113863000.0,-72834000.0,-29776000.0,-102610000.0,254020000.0,137900000.0,137694000.0,137694000.0
Diamond Offshore Drilling Inc,DO,F14FQJ2EEHW5VPYUHL14,949039,2019.0,Q3YTD,2019-01-01,2019-09-30,,-2.05,-2.05,,263844000.0,-2.05,,-38898000.0,-282444000.0,-282444000.0,-282444000.0,621258000.0,704268000.0,,-1363000.0,,1191000.0,,51436000.0,621258000.0,83010000.0,92182000.0,5664000.0,316471000.0,-233461000.0,-87881000.0,-321342000.0,704268000.0,137900000.0,137694000.0,137694000.0
Diamond Offshore Drilling Inc,DO,F14FQJ2EEHW5VPYUHL14,949039,2019.0,Q3TTM,2018-10-01,2019-09-30,,-2.63,-2.63,,350099000.0,-2.63,,-25994000.0,-361651000.0,-361651000.0,-361651000.0,788085000.0,3103220000.0,,-1820000.0,2166430000.0,2498000.0,116000.0,66730000.0,788085000.0,2315135000.0,123226000.0,8139000.0,2585873000.0,-270738000.0,-116907000.0,-387645000.0,3103220000.0,137900000.0,137694000.0,137694000.0
Diamond Offshore Drilling Inc,DO,F14FQJ2EEHW5VPYUHL14,949039,2019.0,Q2,2019-04-01,2019-06-30,2019-08-05 10:10:41+00:00,-0.83,-0.83,,88253000.0,-0.83,0.0,-27354000.0,-113988000.0,-113988000.0,-113988000.0,234095000.0,216706000.0,,-616000.0,,-9436000.0,0.0,15294000.0,234095000.0,-17389000.0,31159000.0,1933000.0,94111000.0,-111500000.0,-29842000.0,-141342000.0,216706000.0,137300000.0,137691000.0,137691000.0
Diamond Offshore Drilling Inc,DO,F14FQJ2EEHW5VPYUHL14,949039,2019.0,Q2YTD,2019-01-01,2019-06-30,,-1.36,-1.36,,175151000.0,-1.36,,-31416000.0,-187316000.0,-187316000.0,-187316000.0,408267000.0,450248000.0,,-1368000.0,,-5149000.0,,32606000.0,408267000.0,41981000.0,61084000.0,4347000.0,202608000.0,-160627000.0,-58105000.0,-218732000.0,450248000.0,137300000.0,137691000.0,137691000.0
Diamond Offshore Drilling Inc,DO,F14FQJ2EEHW5VPYUHL14,949039,2019.0,Q2TTM,2018-07-01,2019-06-30,,-2.31,-2.31,,343290000.0,-2.31,,-23294000.0,-317635000.0,-317635000.0,-317635000.0,769124000.0,3135522000.0,,-2747000.0,2166430000.0,-4348000.0,765000.0,81208000.0,769124000.0,2366398000.0,126421000.0,9186000.0,2587345000.0,-220947000.0,-119982000.0,-340929000.0,3135522000.0,137300000.0,137691000.0,137691000.0
Diamond Offshore Drilling Inc,DO,F14FQJ2EEHW5VPYUHL14,949039,2019.0,Q1,2019-01-01,2019-03-31,2020-05-04 11:07:43+00:00,-0.53,-0.53,,86898000.0,-0.53,,-4062000.0,-73328000.0,-73328000.0,-73328000.0,174172000.0,233542000.0,,-752000.0,,4287000.0,,17312000.0,174172000.0,59370000.0,29925000.0,2414000.0,108497000.0,-49127000.0,-28263000.0,-77390000.0,233542000.0,138400000.0,137522000.0,137522000.0
Diamond Offshore Drilling Inc,DO,F14FQJ2EEHW5VPYUHL14,949039,2019.0,Q1TTM,2018-04-01,2019-03-31,,-1.98,-1.98,,336862000.0,-1.98,27225000.0,-5952000.0,-272921000.0,-272921000.0,-272921000.0,727764000.0,3187677000.0,,-1458000.0,2166430000.0,5038000.0,2030000.0,84150000.0,727764000.0,2459913000.0,124847000.0,9254000.0,2621735000.0,-161822000.0,-117051000.0,-278873000.0,3187677000.0,138400000.0,137522000.0,137522000.0
Diamond Offshore Drilling Inc,DO,F14FQJ2EEHW5VPYUHL14,949039,2020.0,Q1,2020-01-01,2020-03-31,2020-05-04 11:07:43+00:00,-6.25,-6.25,,93043000.0,-6.25,774028000.0,-15899000.0,-861940000.0,-861940000.0,-861940000.0,195624000.0,229170000.0,,530000.0,,-3433000.0,,16345000.0,195624000.0,33546000.0,32321000.0,389000.0,879983000.0,-846437000.0,-31402000.0,-877839000.0,229170000.0,137900000.0,137831000.0,137831000.0
