company_name,company_ticker,company_lei,company_cik,year,quarter,start_date,end_date,filing_date,amortizationexpense,basicdilutedeps,basiceps,cashdividendspershare,dilutedeps,impairmentexpense,incometaxexpense,netincome,netincomecontinuing,netincomediscontinued,netincometocommon,operatingcostofrevenue,operatingrevenue,otherincome,sgaexpense,totalcostofrevenue,totalgrossprofit,totalinterestexpense,totalinterestincome,totaloperatingexpenses,totaloperatingincome,totalotherincome,totalpretaxincome,totalrevenue,weightedavebasicdilutedsharesos,weightedavebasicsharesos,weightedavedilutedsharesos
Sherwin-Williams Co,SHW,Z15BMIOX8DDH0X2OBP21,89800,2008.0,Q3,2008-07-01,2008-09-30,2009-10-27 17:00:34+00:00,,1.53,1.53,,1.5,0.0,89061000.0,177081000.0,177081000.0,,177081000.0,1308169000.0,2268658000.0,-194000.0,679882000.0,1308169000.0,960489000.0,15200000.0,929000.0,679882000.0,280607000.0,-14465000.0,266142000.0,2268658000.0,115700000.0,115828466.0,118183353.0
Sherwin-Williams Co,SHW,Z15BMIOX8DDH0X2OBP21,89800,2009.0,FY,2009-01-01,2009-12-31,2011-02-23 15:33:52+00:00,,3.8,3.8,1.42,3.78,14144000.0,186969000.0,435848000.0,435848000.0,,435848000.0,3831080000.0,7094249000.0,-20180000.0,2568395000.0,3831080000.0,3263169000.0,40026000.0,2393000.0,2582539000.0,680630000.0,-57813000.0,622817000.0,7094249000.0,113514399.0,113514399.0,113514399.0
Sherwin-Williams Co,SHW,Z15BMIOX8DDH0X2OBP21,89800,2009.0,Q4,2009-10-01,2009-12-31,,,0.59,0.59,1.42,0.6,14144000.0,15815000.0,65338000.0,65338000.0,,65338000.0,840598000.0,1598836000.0,-22549000.0,631975000.0,840598000.0,758238000.0,8997000.0,580000.0,646119000.0,112119000.0,-30966000.0,81153000.0,1598836000.0,113514399.0,113514399.0,113514399.0
Sherwin-Williams Co,SHW,Z15BMIOX8DDH0X2OBP21,89800,2009.0,Q3YTD,2009-01-01,2009-09-30,,,3.21,3.21,,3.18,,171154000.0,370510000.0,370510000.0,,370510000.0,2990482000.0,5495413000.0,2369000.0,1936420000.0,2990482000.0,2504931000.0,31029000.0,1813000.0,1936420000.0,568511000.0,-26847000.0,541664000.0,5495413000.0,114500000.0,113447570.0,114699133.0
Sherwin-Williams Co,SHW,Z15BMIOX8DDH0X2OBP21,89800,2009.0,Q3,2009-07-01,2009-09-30,2010-10-28 11:47:33+00:00,,1.53,1.53,,1.51,,83440000.0,175208000.0,175208000.0,,175208000.0,1067926000.0,1996909000.0,-1267000.0,661115000.0,1067926000.0,928983000.0,8471000.0,518000.0,661115000.0,267868000.0,-9220000.0,258648000.0,1996909000.0,114500000.0,113447570.0,114699133.0
Sherwin-Williams Co,SHW,Z15BMIOX8DDH0X2OBP21,89800,2009.0,Q2YTD,2009-01-01,2009-06-30,,,1.68,1.68,,1.67,,87714000.0,195302000.0,195302000.0,,195302000.0,1922556000.0,3498504000.0,3636000.0,1275305000.0,1922556000.0,1575948000.0,22558000.0,1295000.0,1275305000.0,300643000.0,-17627000.0,283016000.0,3498504000.0,116200000.0,115196891.0,116297525.0
Sherwin-Williams Co,SHW,Z15BMIOX8DDH0X2OBP21,89800,2009.0,Q2,2009-04-01,2009-06-30,2010-07-27 15:31:45+00:00,,1.36,1.36,,1.35,,74100000.0,158023000.0,158023000.0,,158023000.0,1052485000.0,1947827000.0,2530000.0,656052000.0,1052485000.0,895342000.0,10356000.0,659000.0,656052000.0,239290000.0,-7167000.0,232123000.0,1947827000.0,116200000.0,115196891.0,116297525.0
Sherwin-Williams Co,SHW,Z15BMIOX8DDH0X2OBP21,89800,2009.0,Q1,2009-01-01,2009-03-31,2010-04-28 14:51:00+00:00,,0.32,0.32,,0.32,,13614000.0,37279000.0,37279000.0,,37279000.0,870071000.0,1550677000.0,1106000.0,619253000.0,870071000.0,680606000.0,12202000.0,636000.0,619253000.0,61353000.0,-10460000.0,50893000.0,1550677000.0,116500000.0,115946629.0,118029772.0
Sherwin-Williams Co,SHW,Z15BMIOX8DDH0X2OBP21,89800,2010.0,Q4,2010-10-01,2010-12-31,,,0.68,0.68,1.08,0.67,4484000.0,30781000.0,72918000.0,72918000.0,,72918000.0,1049987000.0,1895619000.0,1073000.0,717949000.0,1049987000.0,845632000.0,21375000.0,802000.0,722433000.0,123199000.0,-19500000.0,103699000.0,1895619000.0,107021624.0,107021624.0,107021624.0
Sherwin-Williams Co,SHW,Z15BMIOX8DDH0X2OBP21,89800,2010.0,FY,2010-01-01,2010-12-31,2013-02-28 11:06:52+00:00,,4.28,4.28,1.44,4.21,4484000.0,215299000.0,462485000.0,462485000.0,,462485000.0,4295346000.0,7776424000.0,781000.0,2731925000.0,4295346000.0,3481078000.0,70595000.0,2929000.0,2736409000.0,744669000.0,-66885000.0,677784000.0,7776424000.0,107021624.0,107021624.0,107021624.0
Sherwin-Williams Co,SHW,Z15BMIOX8DDH0X2OBP21,89800,2010.0,Q3YTD,2010-01-01,2010-09-30,,,3.6,3.6,0.36,3.54,,184518000.0,389567000.0,389567000.0,,389567000.0,3245359000.0,5880805000.0,-292000.0,2013976000.0,3245359000.0,2635446000.0,49220000.0,2127000.0,2013976000.0,621470000.0,-47385000.0,574085000.0,5880805000.0,107500000.0,106454042.0,108397737.0
Sherwin-Williams Co,SHW,Z15BMIOX8DDH0X2OBP21,89800,2010.0,Q3TTM,2009-10-01,2010-09-30,,,4.19,4.19,1.78,4.14,14144000.0,200333000.0,454905000.0,454905000.0,,454905000.0,4085957000.0,7479641000.0,-22841000.0,2645951000.0,4085957000.0,3393684000.0,58217000.0,2707000.0,2660095000.0,733589000.0,-78351000.0,655238000.0,7479641000.0,107500000.0,106454042.0,108397737.0
Sherwin-Williams Co,SHW,Z15BMIOX8DDH0X2OBP21,89800,2010.0,Q3,2010-07-01,2010-09-30,2011-10-27 12:06:02+00:00,,1.63,1.63,,1.6,,80121000.0,175258000.0,175258000.0,,175258000.0,1200674000.0,2172259000.0,-3049000.0,702855000.0,1200674000.0,971585000.0,11310000.0,1008000.0,702855000.0,268730000.0,-13351000.0,255379000.0,2172259000.0,107500000.0,106454042.0,108397737.0
Sherwin-Williams Co,SHW,Z15BMIOX8DDH0X2OBP21,89800,2010.0,Q2YTD,2010-01-01,2010-06-30,,,1.97,1.97,0.36,1.94,,104397000.0,214309000.0,214309000.0,,214309000.0,2044685000.0,3708546000.0,2757000.0,1311121000.0,2044685000.0,1663861000.0,37910000.0,1119000.0,1311121000.0,352740000.0,-34034000.0,318706000.0,3708546000.0,108800000.0,107686335.0,109832652.0
Sherwin-Williams Co,SHW,Z15BMIOX8DDH0X2OBP21,89800,2010.0,Q2TTM,2009-07-01,2010-06-30,,,4.09,4.09,1.78,4.05,14144000.0,203652000.0,454855000.0,454855000.0,,454855000.0,3953209000.0,7304291000.0,-21059000.0,2604211000.0,3953209000.0,3351082000.0,55378000.0,2217000.0,2618355000.0,732727000.0,-74220000.0,658507000.0,7304291000.0,108800000.0,107686335.0,109832652.0
Sherwin-Williams Co,SHW,Z15BMIOX8DDH0X2OBP21,89800,2010.0,Q2,2010-04-01,2010-06-30,2011-07-27 15:28:01+00:00,,1.67,1.67,,1.64,,77542000.0,181706000.0,181706000.0,,181706000.0,1171171000.0,2143064000.0,9555000.0,696340000.0,1171171000.0,971893000.0,26340000.0,480000.0,696340000.0,275553000.0,-16305000.0,259248000.0,2143064000.0,108800000.0,107686335.0,109832652.0
Sherwin-Williams Co,SHW,Z15BMIOX8DDH0X2OBP21,89800,2010.0,Q1TTM,2009-04-01,2010-03-31,,,3.78,3.78,1.78,3.76,14144000.0,200210000.0,431172000.0,431172000.0,,431172000.0,3834523000.0,7109054000.0,-28084000.0,2563923000.0,3834523000.0,3274531000.0,39394000.0,2396000.0,2578067000.0,696464000.0,-65082000.0,631382000.0,7109054000.0,108700000.0,107959598.0,109494011.0
Sherwin-Williams Co,SHW,Z15BMIOX8DDH0X2OBP21,89800,2010.0,Q1,2010-01-01,2010-03-31,2011-04-26 12:15:46+00:00,,0.3,0.3,0.36,0.3,,26855000.0,32603000.0,32603000.0,,32603000.0,873514000.0,1565482000.0,-6798000.0,614781000.0,873514000.0,691968000.0,11570000.0,639000.0,614781000.0,77187000.0,-17729000.0,59458000.0,1565482000.0,108700000.0,107959598.0,109494011.0
Sherwin-Williams Co,SHW,Z15BMIOX8DDH0X2OBP21,89800,2011.0,Q4,2011-10-01,2011-12-31,,,0.15,0.15,1.1,0.14,5492000.0,114991000.0,14552000.0,14552000.0,,14552000.0,1184342000.0,2070442000.0,11432000.0,754614000.0,1184342000.0,886100000.0,9623000.0,1740000.0,760106000.0,125994000.0,3549000.0,129543000.0,2070442000.0,103471323.0,103471323.0,103471323.0
Sherwin-Williams Co,SHW,Z15BMIOX8DDH0X2OBP21,89800,2011.0,FY,2011-01-01,2011-12-31,2014-02-27 14:26:31+00:00,,4.22,4.22,1.46,4.14,5492000.0,299688000.0,441860000.0,441860000.0,,441860000.0,5021137000.0,8765699000.0,4809000.0,2963545000.0,5021137000.0,3744562000.0,42497000.0,3711000.0,2969037000.0,775525000.0,-33977000.0,741548000.0,8765699000.0,103471323.0,103471323.0,103471323.0
Sherwin-Williams Co,SHW,Z15BMIOX8DDH0X2OBP21,89800,2011.0,Q3YTD,2011-01-01,2011-09-30,,,4.07,4.07,0.37,4.0,,184697000.0,427308000.0,427308000.0,,427308000.0,3836795000.0,6695257000.0,-6623000.0,2208931000.0,3836795000.0,2858462000.0,32874000.0,1971000.0,2208931000.0,649531000.0,-37526000.0,612005000.0,6695257000.0,103400000.0,102151164.0,104123272.0
Sherwin-Williams Co,SHW,Z15BMIOX8DDH0X2OBP21,89800,2011.0,Q3TTM,2010-10-01,2011-09-30,,,4.75,4.75,1.44,4.67,4484000.0,215478000.0,500226000.0,500226000.0,,500226000.0,4886782000.0,8590876000.0,-5550000.0,2926880000.0,4886782000.0,3704094000.0,54249000.0,2773000.0,2931364000.0,772730000.0,-57026000.0,715704000.0,8590876000.0,103400000.0,102151164.0,104123272.0
Sherwin-Williams Co,SHW,Z15BMIOX8DDH0X2OBP21,89800,2011.0,Q3,2011-07-01,2011-09-30,2012-10-26 09:13:52+00:00,,1.74,1.74,,1.71,,80399000.0,179877000.0,179877000.0,,179877000.0,1446621000.0,2484920000.0,-6632000.0,761779000.0,1446621000.0,1038299000.0,10452000.0,840000.0,761779000.0,276520000.0,-16244000.0,260276000.0,2484920000.0,103400000.0,102151164.0,104123272.0
Sherwin-Williams Co,SHW,Z15BMIOX8DDH0X2OBP21,89800,2011.0,Q2YTD,2011-01-01,2011-06-30,,,2.33,2.33,0.37,2.29,,104298000.0,247431000.0,247431000.0,,247431000.0,2390174000.0,4210337000.0,9000.0,1447152000.0,2390174000.0,1820163000.0,22422000.0,1131000.0,1447152000.0,373011000.0,-21282000.0,351729000.0,4210337000.0,106000000.0,104676477.0,106876461.0
Sherwin-Williams Co,SHW,Z15BMIOX8DDH0X2OBP21,89800,2011.0,Q2TTM,2010-07-01,2011-06-30,,,4.64,4.64,1.44,4.56,4484000.0,215200000.0,495607000.0,495607000.0,,495607000.0,4640835000.0,8278215000.0,-1967000.0,2867956000.0,4640835000.0,3637380000.0,55107000.0,2941000.0,2872440000.0,764940000.0,-54133000.0,710807000.0,8278215000.0,106000000.0,104676477.0,106876461.0
Sherwin-Williams Co,SHW,Z15BMIOX8DDH0X2OBP21,89800,2011.0,Q2,2011-04-01,2011-06-30,2012-07-25 14:47:14+00:00,,1.69,1.69,,1.66,,77901000.0,179115000.0,179115000.0,,179115000.0,1331996000.0,2354751000.0,57000.0,754857000.0,1331996000.0,1022755000.0,11747000.0,808000.0,754857000.0,267898000.0,-10882000.0,257016000.0,2354751000.0,106000000.0,104676477.0,106876461.0
Sherwin-Williams Co,SHW,Z15BMIOX8DDH0X2OBP21,89800,2011.0,Q1TTM,2010-04-01,2011-03-31,,,4.62,4.62,1.44,4.54,4484000.0,214841000.0,498198000.0,498198000.0,,498198000.0,4480010000.0,8066528000.0,7531000.0,2809439000.0,4480010000.0,3586518000.0,69700000.0,2613000.0,2813923000.0,772595000.0,-59556000.0,713039000.0,8066528000.0,106700000.0,104991014.0,107362669.0
Sherwin-Williams Co,SHW,Z15BMIOX8DDH0X2OBP21,89800,2011.0,Q1,2011-01-01,2011-03-31,2012-04-25 15:01:03+00:00,,0.64,0.64,0.365,0.63,,26397000.0,68316000.0,68316000.0,,68316000.0,1058178000.0,1855586000.0,-48000.0,692295000.0,1058178000.0,797408000.0,10675000.0,323000.0,692295000.0,105113000.0,-10400000.0,94713000.0,1855586000.0,106700000.0,104991014.0,107362669.0
Sherwin-Williams Co,SHW,Z15BMIOX8DDH0X2OBP21,89800,2012.0,Q4,2012-10-01,2012-12-31,,,0.66,0.66,0.78,0.66,4086000.0,26141000.0,68052000.0,68052000.0,,68052000.0,1226362000.0,2221870000.0,1659000.0,887978000.0,1226362000.0,995508000.0,11863000.0,953000.0,892064000.0,103444000.0,-9251000.0,94193000.0,2221870000.0,101714901.0,101714901.0,101714901.0
Sherwin-Williams Co,SHW,Z15BMIOX8DDH0X2OBP21,89800,2012.0,FY,2012-01-01,2012-12-31,2015-02-25 14:18:55+00:00,,6.15,6.15,1.56,6.02,4086000.0,276275000.0,631034000.0,631034000.0,,631034000.0,5328236000.0,9534462000.0,9940000.0,3264896000.0,5328236000.0,4206226000.0,42788000.0,2913000.0,3268982000.0,937244000.0,-29935000.0,907309000.0,9534462000.0,101714901.0,101714901.0,101714901.0
Sherwin-Williams Co,SHW,Z15BMIOX8DDH0X2OBP21,89800,2012.0,Q3YTD,2012-01-01,2012-09-30,,,5.49,5.49,0.78,5.36,,250134000.0,562982000.0,562982000.0,,562982000.0,4101874000.0,7312592000.0,8281000.0,2376918000.0,4101874000.0,3210718000.0,30925000.0,1960000.0,2376918000.0,833800000.0,-20684000.0,813116000.0,7312592000.0,102600000.0,101525658.0,104019320.0
Sherwin-Williams Co,SHW,Z15BMIOX8DDH0X2OBP21,89800,2012.0,Q3TTM,2011-10-01,2012-09-30,,,5.64,5.64,1.88,5.5,5492000.0,365125000.0,577534000.0,577534000.0,,577534000.0,5286216000.0,9383034000.0,19713000.0,3131532000.0,5286216000.0,4096818000.0,40548000.0,3700000.0,3137024000.0,959794000.0,-17135000.0,942659000.0,9383034000.0,102600000.0,101525658.0,104019320.0
Sherwin-Williams Co,SHW,Z15BMIOX8DDH0X2OBP21,89800,2012.0,Q3,2012-07-01,2012-09-30,2013-10-30 14:39:26+00:00,,2.29,2.29,0.39,2.24,,108045000.0,234953000.0,234953000.0,,234953000.0,1452944000.0,2603226000.0,3190000.0,800909000.0,1452944000.0,1150282000.0,10358000.0,793000.0,800909000.0,349373000.0,-6375000.0,342998000.0,2603226000.0,102600000.0,101525658.0,104019320.0
Sherwin-Williams Co,SHW,Z15BMIOX8DDH0X2OBP21,89800,2012.0,Q2YTD,2012-01-01,2012-06-30,,,3.2,3.2,0.39,3.12,,142089000.0,328029000.0,328029000.0,,328029000.0,2648930000.0,4709366000.0,5091000.0,1576009000.0,2648930000.0,2060436000.0,20567000.0,1167000.0,1576009000.0,484427000.0,-14309000.0,470118000.0,4709366000.0,102200000.0,101446643.0,104003128.0
Sherwin-Williams Co,SHW,Z15BMIOX8DDH0X2OBP21,89800,2012.0,Q2TTM,2011-07-01,2012-06-30,,,5.09,5.09,1.49,4.97,5492000.0,337479000.0,522458000.0,522458000.0,,522458000.0,5279893000.0,9264728000.0,9891000.0,3092402000.0,5279893000.0,3984835000.0,40642000.0,3747000.0,3097894000.0,886941000.0,-27004000.0,859937000.0,9264728000.0,102200000.0,101446643.0,104003128.0
Sherwin-Williams Co,SHW,Z15BMIOX8DDH0X2OBP21,89800,2012.0,Q2,2012-04-01,2012-06-30,2013-07-24 16:32:48+00:00,,2.23,2.23,,2.17,,99990000.0,227813000.0,227813000.0,,227813000.0,1422425000.0,2573022000.0,104000.0,813293000.0,1422425000.0,1150597000.0,10230000.0,625000.0,813293000.0,337304000.0,-9501000.0,327803000.0,2573022000.0,102200000.0,101446643.0,104003128.0
Sherwin-Williams Co,SHW,Z15BMIOX8DDH0X2OBP21,89800,2012.0,Q1TTM,2011-04-01,2012-03-31,,,4.55,4.55,1.49,4.46,5492000.0,315390000.0,473760000.0,473760000.0,,473760000.0,5189464000.0,9046457000.0,9844000.0,3033966000.0,5189464000.0,3856993000.0,42159000.0,3930000.0,3039458000.0,817535000.0,-28385000.0,789150000.0,9046457000.0,103300000.0,102070349.0,104458088.0
Sherwin-Williams Co,SHW,Z15BMIOX8DDH0X2OBP21,89800,2012.0,Q1,2012-01-01,2012-03-31,2013-04-24 12:05:37+00:00,,0.97,0.97,0.39,0.95,,42099000.0,100216000.0,100216000.0,,100216000.0,1226505000.0,2136344000.0,4987000.0,762716000.0,1226505000.0,909839000.0,10337000.0,542000.0,762716000.0,147123000.0,-4808000.0,142315000.0,2136344000.0,103300000.0,102070349.0,104458088.0
Sherwin-Williams Co,SHW,Z15BMIOX8DDH0X2OBP21,89800,2013.0,Q4,2013-10-01,2013-12-31,,,1.17,1.17,0.5,1.14,,33105000.0,116123000.0,116123000.0,,116123000.0,1332880000.0,2457058000.0,552000.0,959441000.0,1332880000.0,1124178000.0,16940000.0,879000.0,959441000.0,164737000.0,-15509000.0,149228000.0,2457058000.0,100897512.0,100897512.0,100897512.0
Sherwin-Williams Co,SHW,Z15BMIOX8DDH0X2OBP21,89800,2013.0,FY,2013-01-01,2013-12-31,2015-02-25 14:18:55+00:00,,7.41,7.41,2.0,7.26,,333397000.0,752561000.0,752561000.0,,752561000.0,5568966000.0,10185532000.0,-936000.0,3470200000.0,5568966000.0,4616566000.0,62714000.0,3242000.0,3470200000.0,1146366000.0,-60408000.0,1085958000.0,10185532000.0,100897512.0,100897512.0,100897512.0
Sherwin-Williams Co,SHW,Z15BMIOX8DDH0X2OBP21,89800,2013.0,Q3YTD,2013-01-01,2013-09-30,,,6.24,6.24,1.5,6.12,,300292000.0,636438000.0,636438000.0,,636438000.0,4236086000.0,7728474000.0,-1488000.0,2510759000.0,4236086000.0,3492388000.0,45774000.0,2363000.0,2510759000.0,981629000.0,-44899000.0,936730000.0,7728474000.0,101100000.0,100460185.0,102622514.0
Sherwin-Williams Co,SHW,Z15BMIOX8DDH0X2OBP21,89800,2013.0,Q3TTM,2012-10-01,2013-09-30,,,6.9,6.9,2.28,6.78,4086000.0,326433000.0,704490000.0,704490000.0,,704490000.0,5462448000.0,9950344000.0,171000.0,3398737000.0,5462448000.0,4487896000.0,57637000.0,3316000.0,3402823000.0,1085073000.0,-54150000.0,1030923000.0,9950344000.0,101100000.0,100460185.0,102622514.0
Sherwin-Williams Co,SHW,Z15BMIOX8DDH0X2OBP21,89800,2013.0,Q3,2013-07-01,2013-09-30,2014-10-29 15:58:18+00:00,,2.6,2.6,0.5,2.55,,124496000.0,262966000.0,262966000.0,,262966000.0,1551459000.0,2847417000.0,-3494000.0,890524000.0,1551459000.0,1295958000.0,15394000.0,916000.0,890524000.0,405434000.0,-17972000.0,387462000.0,2847417000.0,101100000.0,100460185.0,102622514.0
Sherwin-Williams Co,SHW,Z15BMIOX8DDH0X2OBP21,89800,2013.0,Q2YTD,2013-01-01,2013-06-30,,,3.64,3.64,1.0,3.57,,175796000.0,373472000.0,373472000.0,,373472000.0,2684627000.0,4881057000.0,2006000.0,1620235000.0,2684627000.0,2196430000.0,30380000.0,1447000.0,1620235000.0,576195000.0,-26927000.0,549268000.0,4881057000.0,102500000.0,101665737.0,103896780.0
Sherwin-Williams Co,SHW,Z15BMIOX8DDH0X2OBP21,89800,2013.0,Q2TTM,2012-07-01,2013-06-30,,,6.59,6.59,2.17,6.47,4086000.0,309982000.0,676477000.0,676477000.0,,676477000.0,5363933000.0,9706153000.0,6855000.0,3309122000.0,5363933000.0,4342220000.0,52601000.0,3193000.0,3313208000.0,1029012000.0,-42553000.0,986459000.0,9706153000.0,102500000.0,101665737.0,103896780.0
Sherwin-Williams Co,SHW,Z15BMIOX8DDH0X2OBP21,89800,2013.0,Q2,2013-04-01,2013-06-30,2014-07-24 09:58:47+00:00,,2.51,2.51,0.5,2.46,,123597000.0,257287000.0,257287000.0,,257287000.0,1480310000.0,2713889000.0,-715000.0,837609000.0,1480310000.0,1233579000.0,15069000.0,698000.0,837609000.0,395970000.0,-15086000.0,380884000.0,2713889000.0,102500000.0,101665737.0,103896780.0
Sherwin-Williams Co,SHW,Z15BMIOX8DDH0X2OBP21,89800,2013.0,Q1TTM,2012-04-01,2013-03-31,,,6.31,6.31,1.67,6.18,4086000.0,286375000.0,647003000.0,647003000.0,,647003000.0,5306048000.0,9565286000.0,7674000.0,3284806000.0,5306048000.0,4259238000.0,47762000.0,3120000.0,3288892000.0,970346000.0,-36968000.0,933378000.0,9565286000.0,102800000.0,101961059.0,104256263.0
Sherwin-Williams Co,SHW,Z15BMIOX8DDH0X2OBP21,89800,2013.0,Q1,2013-01-01,2013-03-31,2014-04-23 11:54:17+00:00,,1.13,1.13,0.5,1.11,,52199000.0,116185000.0,116185000.0,,116185000.0,1204317000.0,2167168000.0,2721000.0,782626000.0,1204317000.0,962851000.0,15311000.0,749000.0,782626000.0,180225000.0,-11841000.0,168384000.0,2167168000.0,102800000.0,101961059.0,104256263.0
Sherwin-Williams Co,SHW,Z15BMIOX8DDH0X2OBP21,89800,2014.0,FY,2014-01-01,2014-12-31,2017-02-22 14:13:20+00:00,,9.0,9.0,2.2,8.77,,392339000.0,865887000.0,865887000.0,,865887000.0,5965049000.0,11129533000.0,-22082000.0,3822966000.0,5965049000.0,5164484000.0,64205000.0,2995000.0,3822966000.0,1341518000.0,-83292000.0,1258226000.0,11129533000.0,96190101.0,96190101.0,96190101.0
Sherwin-Williams Co,SHW,Z15BMIOX8DDH0X2OBP21,89800,2014.0,Q4,2014-10-01,2014-12-31,,,1.42,1.42,0.55,1.34,,56128000.0,132743000.0,132743000.0,,132743000.0,1351437000.0,2569412000.0,-29248000.0,985329000.0,1351437000.0,1217975000.0,15412000.0,885000.0,985329000.0,232646000.0,-43775000.0,188871000.0,2569412000.0,96190101.0,96190101.0,96190101.0
Sherwin-Williams Co,SHW,Z15BMIOX8DDH0X2OBP21,89800,2014.0,Q3,2014-07-01,2014-09-30,2015-10-29 13:26:58+00:00,,3.42,3.42,0.55,3.35,,147808000.0,326240000.0,326240000.0,,326240000.0,1679615000.0,3150570000.0,2720000.0,984366000.0,1679615000.0,1470955000.0,16025000.0,764000.0,984366000.0,486589000.0,-12541000.0,474048000.0,3150570000.0,95400000.0,94800191.0,96714043.0
Sherwin-Williams Co,SHW,Z15BMIOX8DDH0X2OBP21,89800,2014.0,Q3YTD,2014-01-01,2014-09-30,,,7.58,7.58,1.65,7.43,,336211000.0,733144000.0,733144000.0,,733144000.0,4613612000.0,8560121000.0,7166000.0,2837637000.0,4613612000.0,3946509000.0,48793000.0,2110000.0,2837637000.0,1108872000.0,-39517000.0,1069355000.0,8560121000.0,95400000.0,94800191.0,96714043.0
Sherwin-Williams Co,SHW,Z15BMIOX8DDH0X2OBP21,89800,2014.0,Q3TTM,2013-10-01,2014-09-30,,,8.75,8.75,2.15,8.57,,369316000.0,849267000.0,849267000.0,,849267000.0,5946492000.0,11017179000.0,7718000.0,3797078000.0,5946492000.0,5070687000.0,65733000.0,2989000.0,3797078000.0,1273609000.0,-55026000.0,1218583000.0,11017179000.0,95400000.0,94800191.0,96714043.0
Sherwin-Williams Co,SHW,Z15BMIOX8DDH0X2OBP21,89800,2014.0,Q2YTD,2014-01-01,2014-06-30,,,4.16,4.16,1.1,4.08,,188403000.0,406904000.0,406904000.0,,406904000.0,2933997000.0,5409551000.0,4446000.0,1853271000.0,2933997000.0,2475554000.0,32768000.0,1346000.0,1853271000.0,622283000.0,-26976000.0,595307000.0,5409551000.0,97100000.0,96599869.0,98541909.0
Sherwin-Williams Co,SHW,Z15BMIOX8DDH0X2OBP21,89800,2014.0,Q2TTM,2013-07-01,2014-06-30,,,7.93,7.93,2.1,7.77,,346004000.0,785993000.0,785993000.0,,785993000.0,5818336000.0,10714026000.0,1504000.0,3703236000.0,5818336000.0,4895690000.0,65102000.0,3141000.0,3703236000.0,1192454000.0,-60457000.0,1131997000.0,10714026000.0,97100000.0,96599869.0,98541909.0
Sherwin-Williams Co,SHW,Z15BMIOX8DDH0X2OBP21,89800,2014.0,Q2,2014-04-01,2014-06-30,2015-07-22 12:02:03+00:00,,3.0,3.0,0.55,2.94,,137783000.0,291447000.0,291447000.0,,291447000.0,1633342000.0,3042995000.0,4377000.0,969183000.0,1633342000.0,1409653000.0,16374000.0,757000.0,969183000.0,440470000.0,-11240000.0,429230000.0,3042995000.0,97100000.0,96599869.0,98541909.0
Sherwin-Williams Co,SHW,Z15BMIOX8DDH0X2OBP21,89800,2014.0,Q1TTM,2013-04-01,2014-03-31,,,7.44,7.44,2.05,7.29,,331818000.0,751833000.0,751833000.0,,751833000.0,5665304000.0,10384920000.0,-3588000.0,3571662000.0,5665304000.0,4719616000.0,63797000.0,3082000.0,3571662000.0,1147954000.0,-64303000.0,1083651000.0,10384920000.0,99500000.0,98833210.0,100858881.0
Sherwin-Williams Co,SHW,Z15BMIOX8DDH0X2OBP21,89800,2014.0,Q1,2014-01-01,2014-03-31,2015-04-22 12:58:48+00:00,,1.16,1.16,0.55,1.14,,50620000.0,115457000.0,115457000.0,,115457000.0,1300655000.0,2366556000.0,69000.0,884088000.0,1300655000.0,1065901000.0,16394000.0,589000.0,884088000.0,181813000.0,-15736000.0,166077000.0,2366556000.0,99500000.0,98833210.0,100858881.0
Sherwin-Williams Co,SHW,Z15BMIOX8DDH0X2OBP21,89800,2015.0,FY,2015-01-01,2015-12-31,2018-02-23 14:11:44+00:00,28237000.0,11.43,11.43,2.68,11.15,0.0,495117000.0,1053849000.0,1053849000.0,0.0,1053849000.0,5779691000.0,11339304000.0,-36350000.0,3885668000.0,5779691000.0,5559613000.0,62000000.0,1399000.0,3913905000.0,1645708000.0,-96951000.0,1549000000.0,11339304000.0,92197207.0,92197207.0,92197207.0
Sherwin-Williams Co,SHW,Z15BMIOX8DDH0X2OBP21,89800,2015.0,Q4,2015-10-01,2015-12-31,,28237000.0,2.16,2.16,0.67,2.1,,99204000.0,198017000.0,198017000.0,,198017000.0,1281970000.0,2604596000.0,-14442000.0,963622000.0,1281970000.0,1322626000.0,19769000.0,456000.0,991859000.0,330767000.0,-33755000.0,297255000.0,2604596000.0,92197207.0,92197207.0,92197207.0
Sherwin-Williams Co,SHW,Z15BMIOX8DDH0X2OBP21,89800,2015.0,Q3,2015-07-01,2015-09-30,2016-10-26 10:09:33+00:00,,4.06,4.06,0.67,3.97,,176231000.0,374491000.0,374491000.0,,374491000.0,1577733000.0,3152285000.0,-13178000.0,993625000.0,1577733000.0,1574552000.0,16995000.0,-32000.0,993625000.0,580927000.0,-30205000.0,550722000.0,3152285000.0,92200000.0,92196458.0,94433075.0
Sherwin-Williams Co,SHW,Z15BMIOX8DDH0X2OBP21,89800,2015.0,Q3YTD,2015-01-01,2015-09-30,,,9.27,9.27,2.01,9.05,,395913000.0,855832000.0,855832000.0,,855832000.0,4497721000.0,8734708000.0,-21908000.0,2922046000.0,4497721000.0,4236987000.0,42231000.0,943000.0,2922046000.0,1314941000.0,-63196000.0,1251745000.0,8734708000.0,92200000.0,92196458.0,94433075.0
Sherwin-Williams Co,SHW,Z15BMIOX8DDH0X2OBP21,89800,2015.0,Q3TTM,2014-10-01,2015-09-30,,,10.69,10.69,2.56,10.39,,452041000.0,988575000.0,988575000.0,,988575000.0,5849158000.0,11304120000.0,-51156000.0,3907375000.0,5849158000.0,5454962000.0,57643000.0,1828000.0,3907375000.0,1547587000.0,-106971000.0,1440616000.0,11304120000.0,92200000.0,92196458.0,94433075.0
Sherwin-Williams Co,SHW,Z15BMIOX8DDH0X2OBP21,89800,2015.0,Q2,2015-04-01,2015-06-30,2016-07-27 12:04:03+00:00,,3.79,3.79,0.67,3.7,,157845000.0,349937000.0,349937000.0,,349937000.0,1602153000.0,3132139000.0,-10648000.0,999224000.0,1602153000.0,1529986000.0,12885000.0,553000.0,999224000.0,530762000.0,-22980000.0,507782000.0,3132139000.0,92300000.0,92260367.0,94592057.0
Sherwin-Williams Co,SHW,Z15BMIOX8DDH0X2OBP21,89800,2015.0,Q2YTD,2015-01-01,2015-06-30,,,5.21,5.21,1.34,5.08,,219682000.0,481341000.0,481341000.0,,481341000.0,2919988000.0,5582423000.0,-8730000.0,1928421000.0,2919988000.0,2662435000.0,25236000.0,975000.0,1928421000.0,734014000.0,-32991000.0,701023000.0,5582423000.0,92300000.0,92260367.0,94592057.0
Sherwin-Williams Co,SHW,Z15BMIOX8DDH0X2OBP21,89800,2015.0,Q2TTM,2014-07-01,2015-06-30,,,10.05,10.05,2.44,9.77,,423618000.0,940324000.0,940324000.0,,940324000.0,5951040000.0,11302405000.0,-35258000.0,3898116000.0,5951040000.0,5351365000.0,56673000.0,2624000.0,3898116000.0,1453249000.0,-89307000.0,1363942000.0,11302405000.0,92300000.0,92260367.0,94592057.0
Sherwin-Williams Co,SHW,Z15BMIOX8DDH0X2OBP21,89800,2015.0,Q1,2015-01-01,2015-03-31,2016-04-27 15:17:59+00:00,,1.42,1.42,0.67,1.38,,61837000.0,131404000.0,131404000.0,,131404000.0,1317835000.0,2450284000.0,1918000.0,929197000.0,1317835000.0,1132449000.0,12351000.0,422000.0,929197000.0,203252000.0,-10011000.0,193241000.0,2450284000.0,92500000.0,92740059.0,95278725.0
Sherwin-Williams Co,SHW,Z15BMIOX8DDH0X2OBP21,89800,2015.0,Q1TTM,2014-04-01,2015-03-31,,,9.26,9.26,2.32,9.01,,403556000.0,881834000.0,881834000.0,,881834000.0,5982229000.0,11213261000.0,-20233000.0,3868075000.0,5982229000.0,5231032000.0,60162000.0,2828000.0,3868075000.0,1362957000.0,-77567000.0,1285390000.0,11213261000.0,92500000.0,92740059.0,95278725.0
Sherwin-Williams Co,SHW,Z15BMIOX8DDH0X2OBP21,89800,2016.0,FY,2016-01-01,2016-12-31,2019-02-22 14:28:10+00:00,25404000.0,12.33,12.33,3.36,11.99,10688000.0,462530000.0,1132703000.0,1132703000.0,0.0,1132703000.0,5934344000.0,11855602000.0,-545000.0,4140260000.0,5934344000.0,5921258000.0,154088000.0,4960000.0,4176352000.0,1744906000.0,-149673000.0,1595233000.0,11855602000.0,91900000.0,91900000.0,94500000.0
Sherwin-Williams Co,SHW,Z15BMIOX8DDH0X2OBP21,89800,2016.0,Q4,2016-10-01,2016-12-31,,11637000.0,2.21,2.21,-2.52,2.17,10688000.0,101004000.0,203030000.0,203030000.0,,203030000.0,1395404000.0,2782591000.0,20004000.0,1039328000.0,1395404000.0,1387187000.0,43378000.0,1874000.0,1061653000.0,325534000.0,-21500000.0,304034000.0,2782591000.0,91900000.0,91900000.0,94500000.0
Sherwin-Williams Co,SHW,Z15BMIOX8DDH0X2OBP21,89800,2016.0,Q3,2016-07-01,2016-09-30,2017-10-25 15:09:58+00:00,8183000.0,4.2,4.2,0.84,4.08,,148887000.0,386733000.0,386733000.0,0.0,386733000.0,1643037000.0,3279462000.0,-88000.0,1050081000.0,1643037000.0,1636425000.0,44100000.0,1647000.0,1058264000.0,578161000.0,-42541000.0,535620000.0,3279462000.0,92100000.0,91992854.0,94771807.0
Sherwin-Williams Co,SHW,Z15BMIOX8DDH0X2OBP21,89800,2016.0,Q3YTD,2016-01-01,2016-09-30,,13767000.0,10.12,10.12,2.52,9.82,,361526000.0,929673000.0,929673000.0,,929673000.0,4538940000.0,9073011000.0,-20549000.0,3100932000.0,4538940000.0,4534071000.0,110710000.0,3086000.0,3114699000.0,1419372000.0,-128173000.0,1291199000.0,9073011000.0,92100000.0,91992854.0,94771807.0
Sherwin-Williams Co,SHW,Z15BMIOX8DDH0X2OBP21,89800,2016.0,Q3TTM,2015-10-01,2016-09-30,,42004000.0,12.28,12.28,3.19,11.92,,460730000.0,1127690000.0,1127690000.0,,1127690000.0,5820910000.0,11677607000.0,-34991000.0,4064554000.0,5820910000.0,5856697000.0,130479000.0,3542000.0,4106558000.0,1750139000.0,-161928000.0,1588454000.0,11677607000.0,92100000.0,91992854.0,94771807.0
Sherwin-Williams Co,SHW,Z15BMIOX8DDH0X2OBP21,89800,2016.0,Q2,2016-04-01,2016-06-30,2017-07-26 16:04:06+00:00,5584000.0,4.12,4.12,0.84,3.99,,161150000.0,378064000.0,378064000.0,0.0,378064000.0,1583624000.0,3219525000.0,-2681000.0,1048496000.0,1583624000.0,1635901000.0,40878000.0,952000.0,1054080000.0,581821000.0,-42607000.0,539214000.0,3219525000.0,91800000.0,91788734.0,94669751.0
Sherwin-Williams Co,SHW,Z15BMIOX8DDH0X2OBP21,89800,2016.0,Q2YTD,2016-01-01,2016-06-30,,5584000.0,5.92,5.92,1.68,5.74,,212639000.0,542940000.0,542940000.0,,542940000.0,2895903000.0,5793549000.0,-20461000.0,2050851000.0,2895903000.0,2897646000.0,66610000.0,1439000.0,2056435000.0,841211000.0,-85632000.0,755579000.0,5793549000.0,91800000.0,91788734.0,94669751.0
Sherwin-Williams Co,SHW,Z15BMIOX8DDH0X2OBP21,89800,2016.0,Q2TTM,2015-07-01,2016-06-30,,33821000.0,12.14,12.14,3.02,11.81,,488074000.0,1115448000.0,1115448000.0,,1115448000.0,5755606000.0,11550430000.0,-48081000.0,4008098000.0,5755606000.0,5794824000.0,103374000.0,1863000.0,4041919000.0,1752905000.0,-149592000.0,1603556000.0,11550430000.0,91800000.0,91788734.0,94669751.0
Sherwin-Williams Co,SHW,Z15BMIOX8DDH0X2OBP21,89800,2016.0,Q1,2016-01-01,2016-03-31,2017-04-21 10:57:42+00:00,,1.8,1.8,0.84,1.75,,51489000.0,164876000.0,164876000.0,,164876000.0,1312279000.0,2574024000.0,-17780000.0,1002355000.0,1312279000.0,1261745000.0,25732000.0,487000.0,1002355000.0,259390000.0,-43025000.0,216365000.0,2574024000.0,91600000.0,91475860.0,94114114.0
Sherwin-Williams Co,SHW,Z15BMIOX8DDH0X2OBP21,89800,2016.0,Q1TTM,2015-04-01,2016-03-31,,28237000.0,11.81,11.81,2.85,11.52,,484769000.0,1087321000.0,1087321000.0,,1087321000.0,5774135000.0,11463044000.0,-56048000.0,3958826000.0,5774135000.0,5688909000.0,75381000.0,1464000.0,3987063000.0,1701846000.0,-129965000.0,1572124000.0,11463044000.0,91600000.0,91475860.0,94114114.0
Sherwin-Williams Co,SHW,Z15BMIOX8DDH0X2OBP21,89800,2017.0,FY,2017-01-01,2017-12-31,2020-02-21 15:03:26+00:00,206800000.0,18.6,18.6,3.4,18.2,2000000.0,-300200000.0,1727900000.0,1769500000.0,-41600000.0,1727900000.0,8265000000.0,14983800000.0,11800000.0,4797600000.0,8265000000.0,6718800000.0,263500000.0,8600000.0,5006400000.0,1712400000.0,-243100000.0,1469300000.0,14983800000.0,92908638.0,92908638.0,92908638.0
Sherwin-Williams Co,SHW,Z15BMIOX8DDH0X2OBP21,89800,2017.0,Q4,2017-10-01,2017-12-31,,88001000.0,9.18,9.18,0.85,8.98,2000000.0,-627121000.0,853031000.0,853091000.0,-60000.0,853031000.0,2240273000.0,3979576000.0,-10232000.0,1325398000.0,2240273000.0,1739303000.0,89483000.0,1781000.0,1415399000.0,323904000.0,-97934000.0,225970000.0,3979576000.0,92908638.0,92908638.0,92908638.0
Sherwin-Williams Co,SHW,Z15BMIOX8DDH0X2OBP21,89800,2017.0,Q3,2017-07-01,2017-09-30,2018-10-25 15:36:30+00:00,83711000.0,3.4,3.4,0.85,3.33,,111116000.0,316606000.0,316606000.0,0.0,316606000.0,2605193000.0,4507020000.0,6153000.0,1307402000.0,2605193000.0,1901827000.0,91593000.0,2448000.0,1391113000.0,510714000.0,-82992000.0,427722000.0,4507020000.0,93100000.0,92988118.0,95207884.0
Sherwin-Williams Co,SHW,Z15BMIOX8DDH0X2OBP21,89800,2017.0,Q3YTD,2017-01-01,2017-09-30,,118799000.0,9.42,9.42,2.55,9.22,,326921000.0,874869000.0,916409000.0,-41540000.0,874869000.0,6024727000.0,11004224000.0,22032000.0,3472202000.0,6024727000.0,4979497000.0,174017000.0,6819000.0,3591001000.0,1388496000.0,-145166000.0,1243330000.0,11004224000.0,93100000.0,92988118.0,95207884.0
Sherwin-Williams Co,SHW,Z15BMIOX8DDH0X2OBP21,89800,2017.0,Q3TTM,2016-10-01,2017-09-30,,130436000.0,11.63,11.63,0.03,11.39,10688000.0,427925000.0,1077899000.0,1119439000.0,-41540000.0,1077899000.0,7420131000.0,13786815000.0,42036000.0,4511530000.0,7420131000.0,6366684000.0,217395000.0,8693000.0,4652654000.0,1714030000.0,-166666000.0,1547364000.0,13786815000.0,93100000.0,92988118.0,95207884.0
Sherwin-Williams Co,SHW,Z15BMIOX8DDH0X2OBP21,89800,2017.0,Q2,2017-04-01,2017-06-30,2018-07-25 16:46:02+00:00,28918000.0,3.44,3.44,0.85,3.36,,148352000.0,319111000.0,360651000.0,-41540000.0,319111000.0,2001200000.0,3735817000.0,10721000.0,1153779000.0,2001200000.0,1734617000.0,56729000.0,3091000.0,1182697000.0,551920000.0,-42917000.0,509003000.0,3735817000.0,92800000.0,92841148.0,94968636.0
Sherwin-Williams Co,SHW,Z15BMIOX8DDH0X2OBP21,89800,2017.0,Q2YTD,2017-01-01,2017-06-30,,35088000.0,6.02,6.02,1.7,5.89,,215805000.0,558263000.0,599803000.0,-41540000.0,558263000.0,3419534000.0,6497204000.0,15879000.0,2164800000.0,3419534000.0,3077670000.0,82424000.0,4371000.0,2199888000.0,877782000.0,-62174000.0,815608000.0,6497204000.0,92800000.0,92841148.0,94968636.0
Sherwin-Williams Co,SHW,Z15BMIOX8DDH0X2OBP21,89800,2017.0,Q2TTM,2016-07-01,2017-06-30,,54908000.0,12.43,12.43,0.02,12.14,10688000.0,465696000.0,1148026000.0,1189566000.0,-41540000.0,1148026000.0,6457975000.0,12559257000.0,35795000.0,4254209000.0,6457975000.0,6101282000.0,169902000.0,7892000.0,4319805000.0,1781477000.0,-126215000.0,1655262000.0,12559257000.0,92800000.0,92841148.0,94968636.0
Sherwin-Williams Co,SHW,Z15BMIOX8DDH0X2OBP21,89800,2017.0,Q1,2017-01-01,2017-03-31,2018-04-25 15:49:58+00:00,6170000.0,2.58,2.58,0.85,2.53,,67453000.0,239152000.0,239152000.0,,239152000.0,1418334000.0,2761387000.0,5158000.0,1011021000.0,1418334000.0,1343053000.0,25695000.0,1280000.0,1017191000.0,325862000.0,-19257000.0,306605000.0,2761387000.0,92700000.0,92550559.0,94541859.0
Sherwin-Williams Co,SHW,Z15BMIOX8DDH0X2OBP21,89800,2017.0,Q1TTM,2016-04-01,2017-03-31,,31574000.0,13.11,13.11,0.01,12.77,10688000.0,478494000.0,1206979000.0,1206979000.0,,1206979000.0,6040399000.0,12042965000.0,22393000.0,4148926000.0,6040399000.0,6002566000.0,154051000.0,5753000.0,4191188000.0,1811378000.0,-125905000.0,1685473000.0,12042965000.0,92700000.0,92550559.0,94541859.0
Sherwin-Williams Co,SHW,Z15BMIOX8DDH0X2OBP21,89800,2018.0,FY,2018-01-01,2018-12-31,2020-02-21 15:03:26+00:00,318100000.0,11.92,11.92,3.44,11.67,0.0,251000000.0,1108700000.0,1108700000.0,0.0,1108700000.0,10115900000.0,17534500000.0,-345500000.0,5033800000.0,10115900000.0,7418600000.0,366700000.0,5200000.0,5351900000.0,2066700000.0,-707000000.0,1359700000.0,17534500000.0,92992457.0,92992457.0,92992457.0
Sherwin-Williams Co,SHW,Z15BMIOX8DDH0X2OBP21,89800,2018.0,Q4,2018-10-01,2018-12-31,,79081000.0,1.1,1.1,2.58,1.08,,1133000.0,100942000.0,100942000.0,,100942000.0,2381507000.0,4064228000.0,-176360000.0,1238308000.0,2381507000.0,1682721000.0,89365000.0,2468000.0,1317389000.0,365332000.0,-263257000.0,102075000.0,4064228000.0,92992457.0,92992457.0,92992457.0
Sherwin-Williams Co,SHW,Z15BMIOX8DDH0X2OBP21,89800,2018.0,Q3,2018-07-01,2018-09-30,2019-10-22 12:48:27+00:00,80077000.0,3.8,3.8,0.86,3.72,,61926000.0,354027000.0,354027000.0,,354027000.0,2721066000.0,4731470000.0,-149582000.0,1273066000.0,2721066000.0,2010404000.0,92281000.0,555000.0,1353143000.0,657261000.0,-241308000.0,415953000.0,4731470000.0,93200000.0,93099714.0,95135257.0
Sherwin-Williams Co,SHW,Z15BMIOX8DDH0X2OBP21,89800,2018.0,Q3YTD,2018-01-01,2018-09-30,,239019000.0,10.82,10.82,0.86,10.59,,249867000.0,1007758000.0,1007758000.0,,1007758000.0,7734393000.0,13470272000.0,-169140000.0,3795492000.0,7734393000.0,5735879000.0,277335000.0,2732000.0,4034511000.0,1701368000.0,-443743000.0,1257625000.0,13470272000.0,93200000.0,93099714.0,95135257.0
Sherwin-Williams Co,SHW,Z15BMIOX8DDH0X2OBP21,89800,2018.0,Q3TTM,2017-10-01,2018-09-30,,327020000.0,20.0,20.0,1.71,19.57,2000000.0,-377254000.0,1860789000.0,1860849000.0,-60000.0,1860789000.0,9974666000.0,17449848000.0,-179372000.0,5120890000.0,9974666000.0,7475182000.0,366818000.0,4513000.0,5449910000.0,2025272000.0,-541677000.0,1483595000.0,17449848000.0,93200000.0,93099714.0,95135257.0
Sherwin-Williams Co,SHW,Z15BMIOX8DDH0X2OBP21,89800,2018.0,Q2,2018-04-01,2018-06-30,2019-07-24 12:08:53+00:00,73893000.0,4.34,4.34,,4.25,,134482000.0,403604000.0,403604000.0,,403604000.0,2735168000.0,4773796000.0,-25840000.0,1307861000.0,2735168000.0,2038628000.0,93507000.0,559000.0,1381754000.0,656874000.0,-118788000.0,538086000.0,4773796000.0,93000000.0,92926421.0,94884187.0
Sherwin-Williams Co,SHW,Z15BMIOX8DDH0X2OBP21,89800,2018.0,Q2YTD,2018-01-01,2018-06-30,,158942000.0,7.02,7.02,,6.87,,187941000.0,653731000.0,653731000.0,,653731000.0,5013327000.0,8738802000.0,-19558000.0,2522426000.0,5013327000.0,3725475000.0,185054000.0,2177000.0,2681368000.0,1044107000.0,-202435000.0,841672000.0,8738802000.0,93000000.0,92926421.0,94884187.0
Sherwin-Williams Co,SHW,Z15BMIOX8DDH0X2OBP21,89800,2018.0,Q2TTM,2017-07-01,2018-06-30,,330654000.0,19.6,19.6,1.7,19.18,2000000.0,-328064000.0,1823368000.0,1823428000.0,-60000.0,1823368000.0,9858793000.0,17225398000.0,-23637000.0,5155226000.0,9858793000.0,7366605000.0,366130000.0,6406000.0,5487880000.0,1878725000.0,-383361000.0,1495364000.0,17225398000.0,93000000.0,92926421.0,94884187.0
Sherwin-Williams Co,SHW,Z15BMIOX8DDH0X2OBP21,89800,2018.0,Q1,2018-01-01,2018-03-31,2019-04-25 16:11:01+00:00,85049000.0,2.68,2.68,0.86,2.62,,53459000.0,250127000.0,250127000.0,,250127000.0,2278159000.0,3965006000.0,6282000.0,1214565000.0,2278159000.0,1686847000.0,91547000.0,1618000.0,1299614000.0,387233000.0,-83647000.0,303586000.0,3965006000.0,93300000.0,93339564.0,95546152.0
Sherwin-Williams Co,SHW,Z15BMIOX8DDH0X2OBP21,89800,2018.0,Q1TTM,2017-04-01,2018-03-31,,285679000.0,18.7,18.7,2.55,18.29,2000000.0,-314194000.0,1738875000.0,1780475000.0,-41600000.0,1738875000.0,9124825000.0,16187419000.0,12924000.0,5001144000.0,9124825000.0,7062594000.0,329352000.0,8938000.0,5288823000.0,1773771000.0,-307490000.0,1466281000.0,16187419000.0,93300000.0,93339564.0,95546152.0
Sherwin-Williams Co,SHW,Z15BMIOX8DDH0X2OBP21,89800,2019.0,Q4,2019-10-01,2019-12-31,,78371000.0,2.71,2.71,2.26,2.68,122100000.0,48707000.0,248659000.0,248659000.0,,248659000.0,2220379000.0,4114390000.0,17765000.0,1354441000.0,2220379000.0,1894011000.0,83820000.0,24322000.0,1554912000.0,339099000.0,-41733000.0,297366000.0,4114390000.0,91803528.0,91803528.0,91803528.0
Sherwin-Williams Co,SHW,Z15BMIOX8DDH0X2OBP21,89800,2019.0,FY,2019-01-01,2019-12-31,2020-02-21 15:03:26+00:00,312800000.0,16.79,16.79,4.52,16.49,122100000.0,440500000.0,1541300000.0,1541300000.0,0.0,1541300000.0,9864700000.0,17900800000.0,-21100000.0,5274900000.0,9864700000.0,8036100000.0,349300000.0,25900000.0,5709800000.0,2326300000.0,-344500000.0,1981800000.0,17900800000.0,91803528.0,91803528.0,91803528.0
Sherwin-Williams Co,SHW,Z15BMIOX8DDH0X2OBP21,89800,2019.0,Q3YTD,2019-01-01,2019-09-30,,234429000.0,14.08,14.08,2.26,13.81,,391793000.0,1292641000.0,1292641000.0,,1292641000.0,7644321000.0,13786410000.0,-38865000.0,3920459000.0,7644321000.0,6142089000.0,265480000.0,1578000.0,4154888000.0,1987201000.0,-302767000.0,1684434000.0,13786410000.0,91800000.0,91823573.0,93604260.0
Sherwin-Williams Co,SHW,Z15BMIOX8DDH0X2OBP21,89800,2019.0,Q3TTM,2018-10-01,2019-09-30,,313510000.0,15.18,15.18,4.84,14.89,,392926000.0,1393583000.0,1393583000.0,,1393583000.0,10025828000.0,17850638000.0,-215225000.0,5158767000.0,10025828000.0,7824810000.0,354845000.0,4046000.0,5472277000.0,2352533000.0,-566024000.0,1786509000.0,17850638000.0,91800000.0,91823573.0,93604260.0
Sherwin-Williams Co,SHW,Z15BMIOX8DDH0X2OBP21,89800,2019.0,Q3,2019-07-01,2019-09-30,2019-10-22 12:48:27+00:00,77548000.0,6.28,6.28,1.13,6.16,,133395000.0,576438000.0,576438000.0,,576438000.0,2642096000.0,4867650000.0,-8357000.0,1345171000.0,2642096000.0,2225554000.0,85282000.0,637000.0,1422719000.0,802835000.0,-93002000.0,709833000.0,4867650000.0,91800000.0,91823573.0,93604260.0
Sherwin-Williams Co,SHW,Z15BMIOX8DDH0X2OBP21,89800,2019.0,Q2YTD,2019-01-01,2019-06-30,,156881000.0,7.8,7.8,1.13,7.65,,258398000.0,716203000.0,716203000.0,,716203000.0,5002225000.0,8918760000.0,-30508000.0,2575288000.0,5002225000.0,3916535000.0,180198000.0,941000.0,2732169000.0,1184366000.0,-209765000.0,974601000.0,8918760000.0,91800000.0,91775295.0,93561725.0
Sherwin-Williams Co,SHW,Z15BMIOX8DDH0X2OBP21,89800,2019.0,Q2TTM,2018-07-01,2019-06-30,,316039000.0,12.7,12.7,4.57,12.45,,321457000.0,1171172000.0,1171172000.0,,1171172000.0,10104798000.0,17714458000.0,-356450000.0,5086662000.0,10104798000.0,7609660000.0,361844000.0,3964000.0,5402701000.0,2206959000.0,-714330000.0,1492629000.0,17714458000.0,91800000.0,91775295.0,93561725.0
Sherwin-Williams Co,SHW,Z15BMIOX8DDH0X2OBP21,89800,2019.0,Q2,2019-04-01,2019-06-30,2019-07-24 12:08:53+00:00,78081000.0,5.13,5.13,,5.03,,204698000.0,471003000.0,471003000.0,,471003000.0,2696425000.0,4877860000.0,-7708000.0,1331288000.0,2696425000.0,2181435000.0,89198000.0,541000.0,1409369000.0,772066000.0,-96365000.0,675701000.0,4877860000.0,91800000.0,91775295.0,93561725.0
Sherwin-Williams Co,SHW,Z15BMIOX8DDH0X2OBP21,89800,2019.0,Q1,2019-01-01,2019-03-31,2020-04-29 15:31:42+00:00,78800000.0,2.67,2.67,1.13,2.62,,53700000.0,245200000.0,245200000.0,,245200000.0,2305800000.0,4040900000.0,-22800000.0,1244000000.0,2305800000.0,1735100000.0,91000000.0,400000.0,1322800000.0,412300000.0,-113400000.0,298900000.0,4040900000.0,91800000.0,91952828.0,93668728.0
Sherwin-Williams Co,SHW,Z15BMIOX8DDH0X2OBP21,89800,2019.0,Q1TTM,2018-04-01,2019-03-31,,311851000.0,11.91,11.91,4.57,11.67,,251241000.0,1103773000.0,1103773000.0,,1103773000.0,10143541000.0,17610394000.0,-374582000.0,5063235000.0,10143541000.0,7466853000.0,366153000.0,3982000.0,5375086000.0,2091767000.0,-736753000.0,1355014000.0,17610394000.0,91800000.0,91952828.0,93668728.0
Sherwin-Williams Co,SHW,Z15BMIOX8DDH0X2OBP21,89800,2020.0,Q1TTM,2019-04-01,2020-03-31,,312100000.0,17.65,17.65,4.73,17.33,122100000.0,457400000.0,1617800000.0,1617800000.0,,1617800000.0,9815900000.0,18006600000.0,-24400000.0,5338500000.0,9815900000.0,8190700000.0,344500000.0,26100000.0,5772700000.0,2418000000.0,-342800000.0,2075200000.0,18006600000.0,91100000.0,91075973.0,92859944.0
Sherwin-Williams Co,SHW,Z15BMIOX8DDH0X2OBP21,89800,2020.0,Q1,2020-01-01,2020-03-31,2020-04-29 15:31:42+00:00,78100000.0,3.53,3.53,1.34,3.46,,70600000.0,321700000.0,321700000.0,,321700000.0,2257000000.0,4146700000.0,-26100000.0,1307600000.0,2257000000.0,1889700000.0,86200000.0,600000.0,1385700000.0,504000000.0,-111700000.0,392300000.0,4146700000.0,91100000.0,91075973.0,92859944.0
