company_name,company_ticker,company_lei,company_cik,year,quarter,start_date,end_date,filing_date,basicdilutedeps,basiceps,dilutedeps,incometaxexpense,netincome,netincomecontinuing,netincometocommon,operatingcostofrevenue,operatingrevenue,otherincome,sgaexpense,totalcostofrevenue,totalgrossprofit,totalinterestexpense,totalinterestincome,totaloperatingexpenses,totaloperatingincome,totalotherincome,totalpretaxincome,totalrevenue,weightedavebasicdilutedsharesos,weightedavebasicsharesos,weightedavedilutedsharesos
Monster Beverage Corp,MNST,,865752,2008.0,FY,2008-01-01,2008-12-31,2011-03-01 15:05:38+00:00,1.17,1.17,1.11,65445000.0,108032000.0,108032000.0,108032000.0,494986000.0,1033780000.0,,375203000.0,494986000.0,538794000.0,,9886000.0,375203000.0,163591000.0,9886000.0,173477000.0,1033780000.0,92300000.0,92515000.0,97530000.0
Monster Beverage Corp,MNST,,865752,2009.0,FY,2009-01-01,2009-12-31,2012-02-29 16:12:19+00:00,,1.16,1.1,126979000.0,208716000.0,208716000.0,208716000.0,530983000.0,1143299000.0,-1614000.0,275007000.0,530983000.0,612316000.0,,-1614000.0,275007000.0,337309000.0,-3228000.0,335695000.0,1143299000.0,,179934000.0,189286000.0
Monster Beverage Corp,MNST,,865752,2009.0,Q3,2009-07-01,2009-09-30,2010-11-09 14:39:43+00:00,0.63,0.63,0.6,36251000.0,56505000.0,56505000.0,56505000.0,142897000.0,307929000.0,-159000.0,72117000.0,142897000.0,165032000.0,,-159000.0,72117000.0,92915000.0,-318000.0,92756000.0,307929000.0,89700000.0,90154000.0,94683000.0
Monster Beverage Corp,MNST,,865752,2009.0,Q2,2009-04-01,2009-06-30,2010-08-09 16:38:57+00:00,0.63,0.63,0.6,35895000.0,57289000.0,57289000.0,57289000.0,138421000.0,300250000.0,401000.0,69046000.0,138421000.0,161829000.0,,401000.0,69046000.0,92783000.0,802000.0,93184000.0,300250000.0,90900000.0,90604000.0,95282000.0
Monster Beverage Corp,MNST,,865752,2010.0,FY,2010-01-01,2010-12-31,2013-03-01 14:49:50+00:00,,1.2,1.14,137273000.0,212029000.0,212029000.0,212029000.0,623702000.0,1303942000.0,1488000.0,332426000.0,623702000.0,680240000.0,-2246000.0,-758000.0,332426000.0,347814000.0,2976000.0,349302000.0,1303942000.0,,177028000.0,186042000.0
Monster Beverage Corp,MNST,,865752,2010.0,Q3YTD,2010-01-01,2010-09-30,,1.84,1.84,1.84,106240000.0,162897000.0,162897000.0,162897000.0,469447000.0,985277000.0,135000.0,247814000.0,469447000.0,515830000.0,,1121000.0,247814000.0,268016000.0,1256000.0,269137000.0,985277000.0,,88369000.0,92865000.0
Monster Beverage Corp,MNST,,865752,2010.0,Q3,2010-07-01,2010-09-30,2011-11-09 12:25:53+00:00,,0.75,0.72,40873000.0,66496000.0,66496000.0,66496000.0,183540000.0,381466000.0,-186000.0,90371000.0,183540000.0,197926000.0,,-186000.0,90371000.0,107555000.0,-372000.0,107369000.0,381466000.0,,88369000.0,92865000.0
Monster Beverage Corp,MNST,,865752,2010.0,Q2YTD,2010-01-01,2010-06-30,,1.09,1.09,1.09,65367000.0,96401000.0,96401000.0,96401000.0,285907000.0,603811000.0,321000.0,157443000.0,285907000.0,317904000.0,,1307000.0,157443000.0,160461000.0,1628000.0,161768000.0,603811000.0,88700000.0,88587000.0,92969000.0
Monster Beverage Corp,MNST,,865752,2010.0,Q2,2010-04-01,2010-06-30,2011-08-09 12:47:59+00:00,0.72,0.72,0.69,46159000.0,63838000.0,63838000.0,63838000.0,172351000.0,365701000.0,321000.0,83674000.0,172351000.0,193350000.0,,321000.0,83674000.0,109676000.0,642000.0,109997000.0,365701000.0,88700000.0,88587000.0,92969000.0
Monster Beverage Corp,MNST,,865752,2010.0,Q1,2010-01-01,2010-03-31,2011-05-10 14:36:45+00:00,0.37,0.37,0.35,19208000.0,32563000.0,32563000.0,32563000.0,113556000.0,238110000.0,,73769000.0,113556000.0,124554000.0,,986000.0,73769000.0,50785000.0,986000.0,51771000.0,238110000.0,88000000.0,88347000.0,93031000.0
Monster Beverage Corp,MNST,,865752,2011.0,Q4,2011-10-01,2011-12-31,,0.37,0.37,0.37,39994000.0,64536000.0,64536000.0,64536000.0,195713000.0,409957000.0,272000.0,110848000.0,195713000.0,214244000.0,-1619000.0,-485000.0,110848000.0,103396000.0,1406000.0,104530000.0,409957000.0,,176212000.0,186674000.0
Monster Beverage Corp,MNST,,865752,2011.0,FY,2011-01-01,2011-12-31,2014-03-03 15:11:28+00:00,,1.62,1.53,171051000.0,286219000.0,286219000.0,286219000.0,808921000.0,1703230000.0,847000.0,437886000.0,808921000.0,894309000.0,-1619000.0,-772000.0,437886000.0,456423000.0,1694000.0,457270000.0,1703230000.0,,176212000.0,186674000.0
Monster Beverage Corp,MNST,,865752,2011.0,Q3YTD,2011-01-01,2011-09-30,,1.26,1.26,1.26,131057000.0,221683000.0,221683000.0,221683000.0,613208000.0,1293273000.0,575000.0,327038000.0,613208000.0,680065000.0,,-287000.0,327038000.0,353027000.0,288000.0,352740000.0,1293273000.0,,175952000.0,186640000.0
Monster Beverage Corp,MNST,,865752,2011.0,Q3TTM,2010-10-01,2011-09-30,,1.54,1.54,1.54,162090000.0,270815000.0,270815000.0,270815000.0,767463000.0,1611938000.0,1928000.0,411650000.0,767463000.0,844475000.0,-2246000.0,-2166000.0,411650000.0,432825000.0,2008000.0,432905000.0,1611938000.0,,175952000.0,186640000.0
Monster Beverage Corp,MNST,,865752,2011.0,Q3,2011-07-01,2011-09-30,2012-11-09 14:02:35+00:00,,0.47,0.44,48836000.0,82392000.0,82392000.0,82392000.0,224402000.0,474709000.0,,118217000.0,224402000.0,250307000.0,,-862000.0,118217000.0,132090000.0,-862000.0,131228000.0,474709000.0,,175952000.0,186640000.0
Monster Beverage Corp,MNST,,865752,2011.0,Q2YTD,2011-01-01,2011-06-30,,0.79,0.79,0.79,82221000.0,139291000.0,139291000.0,139291000.0,388806000.0,818564000.0,575000.0,208821000.0,388806000.0,429758000.0,,575000.0,208821000.0,220937000.0,1150000.0,221512000.0,818564000.0,,176950000.0,187208000.0
Monster Beverage Corp,MNST,,865752,2011.0,Q2TTM,2010-07-01,2011-06-30,,1.44,1.44,1.44,154127000.0,254919000.0,254919000.0,254919000.0,726601000.0,1518695000.0,1742000.0,383804000.0,726601000.0,792094000.0,-2246000.0,-1490000.0,383804000.0,408290000.0,2498000.0,409046000.0,1518695000.0,,176950000.0,187208000.0
Monster Beverage Corp,MNST,,865752,2011.0,Q2,2011-04-01,2011-06-30,2012-08-09 16:22:35+00:00,,0.48,0.45,48508000.0,84248000.0,84248000.0,84248000.0,217924000.0,462145000.0,274000.0,111739000.0,217924000.0,244221000.0,,274000.0,111739000.0,132482000.0,548000.0,132756000.0,462145000.0,,176950000.0,187208000.0
Monster Beverage Corp,MNST,,865752,2011.0,Q1TTM,2010-04-01,2011-03-31,,1.32,1.32,1.32,151778000.0,234509000.0,234509000.0,234509000.0,681028000.0,1422251000.0,1789000.0,355739000.0,681028000.0,741223000.0,-2246000.0,-1443000.0,355739000.0,385484000.0,2592000.0,386287000.0,1422251000.0,,177858000.0,187248000.0
Monster Beverage Corp,MNST,,865752,2011.0,Q1,2011-01-01,2011-03-31,2012-05-10 15:06:46+00:00,,0.31,0.29,33713000.0,55043000.0,55043000.0,55043000.0,170882000.0,356419000.0,301000.0,97082000.0,170882000.0,185537000.0,,301000.0,97082000.0,88455000.0,602000.0,88756000.0,356419000.0,,177858000.0,187248000.0
Monster Beverage Corp,MNST,,865752,2012.0,FY,2012-01-01,2012-12-31,2015-03-02 14:30:36+00:00,,1.96,1.86,209134000.0,340020000.0,340020000.0,340020000.0,995046000.0,2060702000.0,-1469000.0,515033000.0,995046000.0,1065656000.0,2256000.0,787000.0,515033000.0,550623000.0,-2938000.0,549154000.0,2060702000.0,,173712000.0,183083000.0
Monster Beverage Corp,MNST,,865752,2012.0,Q3YTD,2012-01-01,2012-09-30,,1.55,1.55,1.55,165546000.0,272036000.0,272036000.0,272036000.0,767416000.0,1589185000.0,839000.0,385026000.0,767416000.0,821769000.0,-254000.0,585000.0,385026000.0,436743000.0,1678000.0,437582000.0,1589185000.0,,175026000.0,183899000.0
Monster Beverage Corp,MNST,,865752,2012.0,Q3TTM,2011-10-01,2012-09-30,,1.92,1.92,1.92,205540000.0,336572000.0,336572000.0,336572000.0,963129000.0,1999142000.0,1111000.0,495874000.0,963129000.0,1036013000.0,-1873000.0,100000.0,495874000.0,540139000.0,3084000.0,542112000.0,1999142000.0,,175026000.0,183899000.0
Monster Beverage Corp,MNST,,865752,2012.0,Q3,2012-07-01,2012-09-30,2013-11-08 19:28:22+00:00,,0.49,0.47,55096000.0,86142000.0,86142000.0,86142000.0,268348000.0,541940000.0,553000.0,132907000.0,268348000.0,273592000.0,-331000.0,222000.0,132907000.0,140685000.0,1106000.0,141238000.0,541940000.0,,175026000.0,183899000.0
Monster Beverage Corp,MNST,,865752,2012.0,Q2YTD,2012-01-01,2012-06-30,,1.06,1.06,1.06,110450000.0,185894000.0,185894000.0,185894000.0,499068000.0,1047245000.0,286000.0,252119000.0,499068000.0,548177000.0,77000.0,363000.0,252119000.0,296058000.0,572000.0,296344000.0,1047245000.0,,176186000.0,186284000.0
Monster Beverage Corp,MNST,,865752,2012.0,Q2TTM,2011-07-01,2012-06-30,,1.89,1.89,1.89,199280000.0,332822000.0,332822000.0,332822000.0,919183000.0,1931911000.0,558000.0,481184000.0,919183000.0,1012728000.0,-1542000.0,-984000.0,481184000.0,531544000.0,1116000.0,532102000.0,1931911000.0,,176186000.0,186284000.0
Monster Beverage Corp,MNST,,865752,2012.0,Q2,2012-04-01,2012-06-30,2013-08-09 14:50:59+00:00,,0.62,0.59,59918000.0,109795000.0,109795000.0,109795000.0,285632000.0,592640000.0,-60000.0,137235000.0,285632000.0,307008000.0,27000.0,-33000.0,137235000.0,169773000.0,-120000.0,169713000.0,592640000.0,,176186000.0,186284000.0
Monster Beverage Corp,MNST,,865752,2012.0,Q1TTM,2011-04-01,2012-03-31,,1.76,1.76,1.76,187870000.0,307275000.0,307275000.0,307275000.0,851475000.0,1801416000.0,892000.0,455688000.0,851475000.0,949941000.0,-1569000.0,-677000.0,455688000.0,494253000.0,1784000.0,495145000.0,1801416000.0,,174832000.0,185262000.0
Monster Beverage Corp,MNST,,865752,2012.0,Q1,2012-01-01,2012-03-31,2013-05-10 13:48:19+00:00,,0.44,0.41,50532000.0,76099000.0,76099000.0,76099000.0,213436000.0,454605000.0,346000.0,114884000.0,213436000.0,241169000.0,50000.0,396000.0,114884000.0,126285000.0,692000.0,126631000.0,454605000.0,,174832000.0,185262000.0
Monster Beverage Corp,MNST,,865752,2013.0,FY,2013-01-01,2013-12-31,2016-02-29 15:09:11+00:00,,2.03,1.95,225233000.0,338661000.0,338661000.0,338661000.0,1073497000.0,2246428000.0,-9022000.0,600015000.0,1073497000.0,1172931000.0,,,600015000.0,572916000.0,-9022000.0,563894000.0,2246428000.0,,166679000.0,173387000.0
Monster Beverage Corp,MNST,,865752,2013.0,Q3YTD,2013-01-01,2013-09-30,,1.57,1.57,1.57,169596000.0,262556000.0,262556000.0,262556000.0,809808000.0,1705579000.0,-706000.0,457609000.0,809808000.0,895771000.0,8691000.0,2681000.0,457609000.0,438162000.0,-6716000.0,432152000.0,1705579000.0,,167457000.0,173948000.0
Monster Beverage Corp,MNST,,865752,2013.0,Q3,2013-07-01,2013-09-30,2014-11-07 16:44:57+00:00,,0.55,0.53,58536000.0,92187000.0,92187000.0,92187000.0,282952000.0,590422000.0,-706000.0,156041000.0,282952000.0,307470000.0,750000.0,44000.0,156041000.0,151429000.0,-1412000.0,150723000.0,590422000.0,,167457000.0,173948000.0
Monster Beverage Corp,MNST,,865752,2013.0,Q2YTD,2013-01-01,2013-06-30,,1.02,1.02,1.02,111060000.0,170369000.0,170369000.0,170369000.0,526856000.0,1115157000.0,,301568000.0,526856000.0,588301000.0,7941000.0,2637000.0,301568000.0,286733000.0,-5304000.0,281429000.0,1115157000.0,,166447000.0,173350000.0
Monster Beverage Corp,MNST,,865752,2013.0,Q2TTM,2012-07-01,2013-06-30,,1.95,1.95,1.95,209744000.0,324495000.0,324495000.0,324495000.0,1022834000.0,2128614000.0,-1755000.0,564482000.0,1022834000.0,1105780000.0,10120000.0,3061000.0,564482000.0,541298000.0,-8814000.0,534239000.0,2128614000.0,,166447000.0,173350000.0
Monster Beverage Corp,MNST,,865752,2013.0,Q2,2013-04-01,2013-06-30,2014-08-08 15:54:15+00:00,,0.64,0.62,69152000.0,106873000.0,106873000.0,106873000.0,294672000.0,630934000.0,,156835000.0,294672000.0,336262000.0,3468000.0,66000.0,156835000.0,179427000.0,-3402000.0,176025000.0,630934000.0,,166447000.0,173350000.0
Monster Beverage Corp,MNST,,865752,2013.0,Q1TTM,2012-04-01,2013-03-31,,1.98,1.98,1.98,200510000.0,327417000.0,327417000.0,327417000.0,1013794000.0,2090320000.0,-1815000.0,544882000.0,1013794000.0,1076526000.0,6679000.0,2962000.0,544882000.0,531644000.0,-5532000.0,527927000.0,2090320000.0,,165525000.0,172559000.0
Monster Beverage Corp,MNST,,865752,2013.0,Q1,2013-01-01,2013-03-31,2014-05-09 20:47:28+00:00,,0.38,0.37,41908000.0,63496000.0,63496000.0,63496000.0,232184000.0,484223000.0,,144733000.0,232184000.0,252039000.0,4473000.0,2571000.0,144733000.0,107306000.0,-1902000.0,105404000.0,484223000.0,,165525000.0,172559000.0
Monster Beverage Corp,MNST,,865752,2014.0,FY,2014-01-01,2014-12-31,2017-03-01 16:19:57+00:00,,0.96,0.92,262603000.0,483185000.0,483185000.0,483185000.0,1125057000.0,2464867000.0,-1717000.0,592305000.0,1125057000.0,1339810000.0,,,592305000.0,747505000.0,-1717000.0,745788000.0,2464867000.0,,501771000.0,522855000.0
Monster Beverage Corp,MNST,,865752,2014.0,Q4,2014-10-01,2014-12-31,,0.25,0.25,0.25,66579000.0,125332000.0,125332000.0,125332000.0,273783000.0,605567000.0,-1717000.0,138862000.0,273783000.0,331784000.0,-706000.0,,138862000.0,192922000.0,-1011000.0,191911000.0,605567000.0,,501771000.0,522855000.0
Monster Beverage Corp,MNST,,865752,2014.0,Q3,2014-07-01,2014-09-30,2015-11-06 16:02:49+00:00,,0.73,0.7,67269000.0,121600000.0,121600000.0,121600000.0,294052000.0,635972000.0,,152013000.0,294052000.0,341920000.0,1038000.0,,152013000.0,189907000.0,-1038000.0,188869000.0,635972000.0,,167346000.0,174270000.0
Monster Beverage Corp,MNST,,865752,2014.0,Q3YTD,2014-01-01,2014-09-30,,2.14,2.14,2.14,196024000.0,357853000.0,357853000.0,357853000.0,851274000.0,1859300000.0,,453443000.0,851274000.0,1008026000.0,706000.0,,453443000.0,554583000.0,-706000.0,553877000.0,1859300000.0,,167346000.0,174270000.0
Monster Beverage Corp,MNST,,865752,2014.0,Q3TTM,2013-10-01,2014-09-30,,2.59,2.59,2.59,251661000.0,433958000.0,433958000.0,433958000.0,1114963000.0,2400149000.0,-8316000.0,595849000.0,1114963000.0,1285186000.0,-7985000.0,-2681000.0,595849000.0,689337000.0,-3012000.0,685619000.0,2400149000.0,,167346000.0,174270000.0
Monster Beverage Corp,MNST,,865752,2014.0,Q2,2014-04-01,2014-06-30,2015-08-10 16:04:56+00:00,,0.84,0.81,74988000.0,141003000.0,141003000.0,141003000.0,307911000.0,687199000.0,,163475000.0,307911000.0,379288000.0,-178000.0,,163475000.0,215813000.0,178000.0,215991000.0,687199000.0,,167098000.0,173964000.0
Monster Beverage Corp,MNST,,865752,2014.0,Q2YTD,2014-01-01,2014-06-30,,1.41,1.41,1.41,128755000.0,236253000.0,236253000.0,236253000.0,557222000.0,1223328000.0,,301430000.0,557222000.0,666106000.0,-332000.0,,301430000.0,364676000.0,332000.0,365008000.0,1223328000.0,,167098000.0,173964000.0
Monster Beverage Corp,MNST,,865752,2014.0,Q2TTM,2013-07-01,2014-06-30,,2.42,2.42,2.42,242928000.0,404545000.0,404545000.0,404545000.0,1103863000.0,2354599000.0,-9022000.0,599877000.0,1103863000.0,1250736000.0,-8273000.0,-2637000.0,599877000.0,650859000.0,-3386000.0,647473000.0,2354599000.0,,167098000.0,173964000.0
Monster Beverage Corp,MNST,,865752,2014.0,Q1,2014-01-01,2014-03-31,2015-05-11 15:55:39+00:00,,0.57,0.55,53767000.0,95250000.0,95250000.0,95250000.0,249311000.0,536129000.0,,137955000.0,249311000.0,286818000.0,-154000.0,,137955000.0,148863000.0,154000.0,149017000.0,536129000.0,,166913000.0,173741000.0
Monster Beverage Corp,MNST,,865752,2014.0,Q1TTM,2013-04-01,2014-03-31,,2.22,2.22,2.22,237092000.0,370415000.0,370415000.0,370415000.0,1090624000.0,2298334000.0,-9022000.0,593237000.0,1090624000.0,1207710000.0,-4627000.0,-2571000.0,593237000.0,614473000.0,-6966000.0,607507000.0,2298334000.0,,166913000.0,173741000.0
Monster Beverage Corp,MNST,,865752,2015.0,FY,2015-01-01,2015-12-31,2018-03-01 15:20:56+00:00,,0.97,0.95,344815000.0,546733000.0,546733000.0,546733000.0,1090263000.0,2722564000.0,159365000.0,900118000.0,1090263000.0,1632301000.0,,,900118000.0,732183000.0,159365000.0,891548000.0,2722564000.0,,566448000.0,577758000.0
Monster Beverage Corp,MNST,,865752,2015.0,Q4,2015-10-01,2015-12-31,,0.24,0.24,0.24,90745000.0,138741000.0,138741000.0,138741000.0,242072000.0,645432000.0,-2105000.0,174913000.0,242072000.0,403360000.0,-3144000.0,,174913000.0,228447000.0,1039000.0,229486000.0,645432000.0,,566448000.0,577758000.0
Monster Beverage Corp,MNST,,865752,2015.0,Q3,2015-07-01,2015-09-30,2016-11-07 15:21:49+00:00,,0.85,0.84,113502000.0,174574000.0,174574000.0,174574000.0,291143000.0,756619000.0,,174038000.0,291143000.0,465476000.0,3362000.0,,174038000.0,291438000.0,-3362000.0,288076000.0,756619000.0,,205051000.0,208094000.0
Monster Beverage Corp,MNST,,865752,2015.0,Q3YTD,2015-01-01,2015-09-30,,1.99,1.99,1.99,254070000.0,407992000.0,407992000.0,407992000.0,848191000.0,2077132000.0,161470000.0,725205000.0,848191000.0,1228941000.0,3144000.0,,725205000.0,503736000.0,158326000.0,662062000.0,2077132000.0,,205051000.0,208094000.0
Monster Beverage Corp,MNST,,865752,2015.0,Q3TTM,2014-10-01,2015-09-30,,2.6,2.6,2.6,320649000.0,533324000.0,533324000.0,533324000.0,1121974000.0,2682699000.0,159753000.0,864067000.0,1121974000.0,1560725000.0,2438000.0,,864067000.0,696658000.0,157315000.0,853973000.0,2682699000.0,,205051000.0,208094000.0
Monster Beverage Corp,MNST,,865752,2015.0,Q2,2015-04-01,2015-06-30,2016-08-05 13:44:20+00:00,,1.29,1.26,136120000.0,229004000.0,229004000.0,229004000.0,299214000.0,693722000.0,161470000.0,189839000.0,299214000.0,394508000.0,1015000.0,,189839000.0,204669000.0,160455000.0,365124000.0,693722000.0,,176985000.0,181417000.0
Monster Beverage Corp,MNST,,865752,2015.0,Q2YTD,2015-01-01,2015-06-30,,1.32,1.32,1.32,140568000.0,233418000.0,233418000.0,233418000.0,557048000.0,1320513000.0,161470000.0,551167000.0,557048000.0,763465000.0,-218000.0,,551167000.0,212298000.0,161688000.0,373986000.0,1320513000.0,,176985000.0,181417000.0
Monster Beverage Corp,MNST,,865752,2015.0,Q2TTM,2014-07-01,2015-06-30,,2.71,2.71,2.71,274416000.0,480350000.0,480350000.0,480350000.0,1124883000.0,2562052000.0,159753000.0,842042000.0,1124883000.0,1437169000.0,114000.0,,842042000.0,595127000.0,159639000.0,754766000.0,2562052000.0,,176985000.0,181417000.0
Monster Beverage Corp,MNST,,865752,2015.0,Q1,2015-01-01,2015-03-31,2016-04-29 21:59:25+00:00,,0.03,0.03,4448000.0,4414000.0,4414000.0,4414000.0,257834000.0,626791000.0,,361328000.0,257834000.0,368957000.0,-1233000.0,,361328000.0,7629000.0,1233000.0,8862000.0,626791000.0,,169871000.0,173778000.0
Monster Beverage Corp,MNST,,865752,2015.0,Q1TTM,2014-04-01,2015-03-31,,2.31,2.31,2.31,213284000.0,392349000.0,392349000.0,392349000.0,1133580000.0,2555529000.0,-1717000.0,815678000.0,1133580000.0,1421949000.0,-1079000.0,,815678000.0,606271000.0,-638000.0,605633000.0,2555529000.0,,169871000.0,173778000.0
Monster Beverage Corp,MNST,,865752,2016.0,FY,2016-01-01,2016-12-31,2019-02-28 16:47:15+00:00,,1.21,1.19,367000000.0,712685000.0,712685000.0,712685000.0,1107393000.0,3049393000.0,-5653000.0,856662000.0,1107393000.0,1942000000.0,,,856662000.0,1085338000.0,-5653000.0,1079685000.0,3049393000.0,,587874000.0,599819000.0
Monster Beverage Corp,MNST,,865752,2016.0,Q4,2016-10-01,2016-12-31,,0.29,0.29,0.29,73779000.0,172946000.0,172946000.0,172946000.0,255652000.0,753765000.0,-5653000.0,246386000.0,255652000.0,498113000.0,-651000.0,,246386000.0,251727000.0,-5002000.0,246725000.0,753765000.0,,587874000.0,599819000.0
Monster Beverage Corp,MNST,,865752,2016.0,Q3,2016-07-01,2016-09-30,2017-11-08 19:28:35+00:00,,0.34,0.33,97695000.0,191643000.0,191643000.0,191643000.0,284979000.0,787954000.0,,212600000.0,284979000.0,502975000.0,1037000.0,,212600000.0,290375000.0,-1037000.0,289338000.0,787954000.0,,571137000.0,583293000.0
Monster Beverage Corp,MNST,,865752,2016.0,Q3YTD,2016-01-01,2016-09-30,,0.95,0.95,0.95,293221000.0,539739000.0,539739000.0,539739000.0,851741000.0,2295628000.0,,610276000.0,851741000.0,1443887000.0,651000.0,,610276000.0,833611000.0,-651000.0,832960000.0,2295628000.0,,571137000.0,583293000.0
Monster Beverage Corp,MNST,,865752,2016.0,Q3TTM,2015-10-01,2016-09-30,,1.19,1.19,1.19,383966000.0,678480000.0,678480000.0,678480000.0,1093813000.0,2941060000.0,-2105000.0,785189000.0,1093813000.0,1847247000.0,-2493000.0,,785189000.0,1062058000.0,388000.0,1062446000.0,2941060000.0,,571137000.0,583293000.0
Monster Beverage Corp,MNST,,865752,2016.0,Q2,2016-04-01,2016-06-30,2017-08-08 18:12:30+00:00,,0.31,0.3,104082000.0,184219000.0,184219000.0,184219000.0,309674000.0,827488000.0,,229291000.0,309674000.0,517814000.0,222000.0,,229291000.0,288523000.0,-222000.0,288301000.0,827488000.0,,602937000.0,614904000.0
Monster Beverage Corp,MNST,,865752,2016.0,Q2YTD,2016-01-01,2016-06-30,,0.58,0.58,0.58,195526000.0,348096000.0,348096000.0,348096000.0,566762000.0,1507674000.0,,397676000.0,566762000.0,940912000.0,-386000.0,,397676000.0,543236000.0,386000.0,543622000.0,1507674000.0,,602937000.0,614904000.0
Monster Beverage Corp,MNST,,865752,2016.0,Q2TTM,2015-07-01,2016-06-30,,1.1,1.1,1.1,399773000.0,661411000.0,661411000.0,661411000.0,1099977000.0,2909725000.0,-2105000.0,746627000.0,1099977000.0,1809748000.0,-168000.0,,746627000.0,1063121000.0,-1937000.0,1061184000.0,2909725000.0,,602937000.0,614904000.0
Monster Beverage Corp,MNST,,865752,2016.0,Q1,2016-01-01,2016-03-31,2017-05-05 18:38:09+00:00,,0.27,0.26,91444000.0,163877000.0,163877000.0,163877000.0,257088000.0,680186000.0,,168385000.0,257088000.0,423098000.0,-608000.0,,168385000.0,254713000.0,608000.0,255321000.0,680186000.0,,608838000.0,620724000.0
Monster Beverage Corp,MNST,,865752,2016.0,Q1TTM,2015-04-01,2016-03-31,,1.16,1.16,1.16,431811000.0,706196000.0,706196000.0,706196000.0,1089517000.0,2775959000.0,159365000.0,707175000.0,1089517000.0,1686442000.0,625000.0,,707175000.0,979267000.0,158740000.0,1138007000.0,2775959000.0,,608838000.0,620724000.0
Monster Beverage Corp,MNST,,865752,2017.0,FY,2017-01-01,2017-12-31,2020-02-28 17:05:10+00:00,,1.45,1.42,380945000.0,820678000.0,820678000.0,820678000.0,1231355000.0,3369045000.0,2836000.0,938903000.0,1231355000.0,2137690000.0,,,938903000.0,1198787000.0,2836000.0,1201623000.0,3369045000.0,,566782000.0,577141000.0
Monster Beverage Corp,MNST,,865752,2017.0,Q4,2017-10-01,2017-12-31,,0.36,0.36,0.36,66524000.0,201321000.0,201321000.0,201321000.0,306745000.0,810355000.0,733000.0,236498000.0,306745000.0,503610000.0,,,236498000.0,267112000.0,733000.0,267845000.0,810355000.0,,566782000.0,577141000.0
Monster Beverage Corp,MNST,,865752,2017.0,Q3,2017-07-01,2017-09-30,2018-11-08 14:21:06+00:00,,0.39,0.38,102624000.0,218744000.0,218744000.0,218744000.0,339767000.0,909476000.0,3996000.0,252337000.0,339767000.0,569709000.0,,,252337000.0,317372000.0,3996000.0,321368000.0,909476000.0,,567878000.0,578368000.0
Monster Beverage Corp,MNST,,865752,2017.0,Q3YTD,2017-01-01,2017-09-30,,1.09,1.09,1.09,314421000.0,619357000.0,619357000.0,619357000.0,924610000.0,2558690000.0,2103000.0,702405000.0,924610000.0,1634080000.0,,,702405000.0,931675000.0,2103000.0,933778000.0,2558690000.0,,567878000.0,578368000.0
Monster Beverage Corp,MNST,,865752,2017.0,Q3TTM,2016-10-01,2017-09-30,,1.4,1.4,1.4,388200000.0,792303000.0,792303000.0,792303000.0,1180262000.0,3312455000.0,-3550000.0,948791000.0,1180262000.0,2132193000.0,-651000.0,,948791000.0,1183402000.0,-2899000.0,1180503000.0,3312455000.0,,567878000.0,578368000.0
Monster Beverage Corp,MNST,,865752,2017.0,Q2,2017-04-01,2017-06-30,2018-08-09 13:07:30+00:00,,0.39,0.39,124857000.0,222633000.0,222633000.0,222633000.0,323571000.0,907068000.0,-2551000.0,233456000.0,323571000.0,583497000.0,,,233456000.0,350041000.0,-2551000.0,347490000.0,907068000.0,,567910000.0,578020000.0
Monster Beverage Corp,MNST,,865752,2017.0,Q2YTD,2017-01-01,2017-06-30,,0.71,0.71,0.71,211797000.0,400613000.0,400613000.0,400613000.0,584843000.0,1649214000.0,-1893000.0,450068000.0,584843000.0,1064371000.0,,,450068000.0,614303000.0,-1893000.0,612410000.0,1649214000.0,,567910000.0,578020000.0
Monster Beverage Corp,MNST,,865752,2017.0,Q2TTM,2016-07-01,2017-06-30,,1.35,1.35,1.35,383271000.0,765202000.0,765202000.0,765202000.0,1125474000.0,3190933000.0,-7546000.0,909054000.0,1125474000.0,2065459000.0,386000.0,,909054000.0,1156405000.0,-7932000.0,1148473000.0,3190933000.0,,567910000.0,578020000.0
Monster Beverage Corp,MNST,,865752,2017.0,Q1,2017-01-01,2017-03-31,2018-05-10 12:16:42+00:00,,0.31,0.31,86940000.0,177980000.0,177980000.0,177980000.0,261272000.0,742146000.0,658000.0,216612000.0,261272000.0,480874000.0,,,216612000.0,264262000.0,658000.0,264920000.0,742146000.0,,571578000.0,582032000.0
Monster Beverage Corp,MNST,,865752,2017.0,Q1TTM,2016-04-01,2017-03-31,,1.27,1.27,1.27,362496000.0,726788000.0,726788000.0,726788000.0,1111577000.0,3111353000.0,-4995000.0,904889000.0,1111577000.0,1999776000.0,608000.0,,904889000.0,1094887000.0,-5603000.0,1089284000.0,3111353000.0,,571578000.0,582032000.0
Monster Beverage Corp,MNST,,865752,2018.0,FY,2018-01-01,2018-12-31,2020-02-28 17:05:10+00:00,,1.78,1.76,300268000.0,993004000.0,993004000.0,993004000.0,1511808000.0,3807183000.0,9653000.0,1011756000.0,1511808000.0,2295375000.0,,,1011756000.0,1283619000.0,9653000.0,1293272000.0,3807183000.0,,557166000.0,564254000.0
Monster Beverage Corp,MNST,,865752,2018.0,Q4,2018-10-01,2018-12-31,,0.43,0.43,0.43,71789000.0,239105000.0,239105000.0,239105000.0,372028000.0,924229000.0,4384000.0,245691000.0,372028000.0,552201000.0,,,245691000.0,306510000.0,4384000.0,310894000.0,924229000.0,,557166000.0,564254000.0
Monster Beverage Corp,MNST,,865752,2018.0,Q3,2018-07-01,2018-09-30,2019-11-07 20:03:21+00:00,,0.48,0.48,74828000.0,267733000.0,267733000.0,267733000.0,408501000.0,1016160000.0,2988000.0,268086000.0,408501000.0,607659000.0,,,268086000.0,339573000.0,2988000.0,342561000.0,1016160000.0,,552694000.0,559955000.0
Monster Beverage Corp,MNST,,865752,2018.0,Q3YTD,2018-01-01,2018-09-30,,1.36,1.36,1.36,228479000.0,753899000.0,753899000.0,753899000.0,1139780000.0,2882954000.0,5269000.0,766065000.0,1139780000.0,1743174000.0,,,766065000.0,977109000.0,5269000.0,982378000.0,2882954000.0,,552694000.0,559955000.0
Monster Beverage Corp,MNST,,865752,2018.0,Q3TTM,2017-10-01,2018-09-30,,1.73,1.73,1.73,295003000.0,955220000.0,955220000.0,955220000.0,1446525000.0,3693309000.0,6002000.0,1002563000.0,1446525000.0,2246784000.0,,,1002563000.0,1244221000.0,6002000.0,1250223000.0,3693309000.0,,552694000.0,559955000.0
Monster Beverage Corp,MNST,,865752,2018.0,Q2,2018-04-01,2018-06-30,2019-08-08 16:43:46+00:00,,0.48,0.48,87981000.0,270116000.0,270116000.0,270116000.0,395615000.0,1015873000.0,476000.0,262637000.0,395615000.0,620258000.0,,,262637000.0,357621000.0,476000.0,358097000.0,1015873000.0,,559867000.0,566352000.0
Monster Beverage Corp,MNST,,865752,2018.0,Q2YTD,2018-01-01,2018-06-30,,0.87,0.87,0.87,153651000.0,486166000.0,486166000.0,486166000.0,731279000.0,1866794000.0,2281000.0,497979000.0,731279000.0,1135515000.0,,,497979000.0,637536000.0,2281000.0,639817000.0,1866794000.0,,559867000.0,566352000.0
Monster Beverage Corp,MNST,,865752,2018.0,Q2TTM,2017-07-01,2018-06-30,,1.62,1.62,1.62,322799000.0,906231000.0,906231000.0,906231000.0,1377791000.0,3586625000.0,7010000.0,986814000.0,1377791000.0,2208834000.0,,,986814000.0,1222020000.0,7010000.0,1229030000.0,3586625000.0,,559867000.0,566352000.0
Monster Beverage Corp,MNST,,865752,2018.0,Q1,2018-01-01,2018-03-31,2019-05-03 14:49:55+00:00,,0.38,0.38,65670000.0,216050000.0,216050000.0,216050000.0,335664000.0,850921000.0,1805000.0,235342000.0,335664000.0,515257000.0,,,235342000.0,279915000.0,1805000.0,281720000.0,850921000.0,,566000000.0,574129000.0
Monster Beverage Corp,MNST,,865752,2018.0,Q1TTM,2017-04-01,2018-03-31,,1.52,1.52,1.52,359675000.0,858748000.0,858748000.0,858748000.0,1305747000.0,3477820000.0,3983000.0,957633000.0,1305747000.0,2172073000.0,,,957633000.0,1214440000.0,3983000.0,1218423000.0,3477820000.0,,566000000.0,574129000.0
Monster Beverage Corp,MNST,,865752,2019.0,Q4,2019-10-01,2019-12-31,,,0.47,0.47,66278000.0,254954000.0,254954000.0,254954000.0,406438000.0,1017206000.0,6929000.0,293723000.0,406438000.0,610768000.0,,-2742000.0,293723000.0,317045000.0,4187000.0,321232000.0,1017206000.0,,542191000.0,546608000.0
Monster Beverage Corp,MNST,,865752,2019.0,FY,2019-01-01,2019-12-31,2020-02-28 17:05:10+00:00,,2.04,2.03,308127000.0,1107835000.0,1107835000.0,1107835000.0,1682234000.0,4200819000.0,13023000.0,1115646000.0,1682234000.0,2518585000.0,,,1115646000.0,1402939000.0,13023000.0,1415962000.0,4200819000.0,,542191000.0,546608000.0
Monster Beverage Corp,MNST,,865752,2019.0,Q3YTD,2019-01-01,2019-09-30,,,1.57,1.56,241849000.0,852881000.0,852881000.0,852881000.0,1275796000.0,3183613000.0,6094000.0,821923000.0,1275796000.0,1907817000.0,,2742000.0,821923000.0,1085894000.0,8836000.0,1094730000.0,3183613000.0,,544469000.0,548422000.0
Monster Beverage Corp,MNST,,865752,2019.0,Q3TTM,2018-10-01,2019-09-30,,2.01,2.01,2.01,313638000.0,1091986000.0,1091986000.0,1091986000.0,1647824000.0,4107842000.0,10478000.0,1067614000.0,1647824000.0,2460018000.0,,2742000.0,1067614000.0,1392404000.0,13220000.0,1405624000.0,4107842000.0,,544469000.0,548422000.0
Monster Beverage Corp,MNST,,865752,2019.0,Q3,2019-07-01,2019-09-30,2019-11-07 20:03:21+00:00,,0.55,0.55,99641000.0,298923000.0,298923000.0,298923000.0,460575000.0,1133577000.0,3121000.0,277559000.0,460575000.0,673002000.0,,,277559000.0,395443000.0,3121000.0,398564000.0,1133577000.0,,544469000.0,548422000.0
Monster Beverage Corp,MNST,,865752,2019.0,Q2YTD,2019-01-01,2019-06-30,,,1.02,1.01,142208000.0,553958000.0,553958000.0,553958000.0,815221000.0,2050036000.0,2973000.0,544364000.0,815221000.0,1234815000.0,,2742000.0,544364000.0,690451000.0,5715000.0,696166000.0,2050036000.0,,544156000.0,548218000.0
Monster Beverage Corp,MNST,,865752,2019.0,Q2TTM,2018-07-01,2019-06-30,,1.95,1.95,1.95,288825000.0,1060796000.0,1060796000.0,1060796000.0,1595750000.0,3990425000.0,10345000.0,1058141000.0,1595750000.0,2394675000.0,,2742000.0,1058141000.0,1336534000.0,13087000.0,1349621000.0,3990425000.0,,544156000.0,548218000.0
Monster Beverage Corp,MNST,,865752,2019.0,Q2,2019-04-01,2019-06-30,2019-08-08 16:43:46+00:00,,0.54,0.53,89490000.0,292473000.0,292473000.0,292473000.0,442762000.0,1104045000.0,2973000.0,282293000.0,442762000.0,661283000.0,,,282293000.0,378990000.0,2973000.0,381963000.0,1104045000.0,,544156000.0,548218000.0
Monster Beverage Corp,MNST,,865752,2019.0,Q1,2019-01-01,2019-03-31,2020-05-08 18:16:17+00:00,,0.48,0.48,52718000.0,261485000.0,261485000.0,261485000.0,372459000.0,945991000.0,,262071000.0,372459000.0,573532000.0,,2742000.0,262071000.0,311461000.0,2742000.0,314203000.0,945991000.0,,542768000.0,548273000.0
Monster Beverage Corp,MNST,,865752,2019.0,Q1TTM,2018-04-01,2019-03-31,,1.91,1.91,1.91,287316000.0,1038439000.0,1038439000.0,1038439000.0,1548603000.0,3902253000.0,7848000.0,1038485000.0,1548603000.0,2353650000.0,,2742000.0,1038485000.0,1315165000.0,10590000.0,1325755000.0,3902253000.0,,542768000.0,548273000.0
Monster Beverage Corp,MNST,,865752,2020.0,Q1TTM,2019-04-01,2020-03-31,,,2.08,2.07,342434000.0,1125185000.0,1125185000.0,1125185000.0,1734676000.0,4316925000.0,13023000.0,1125783000.0,1734676000.0,2582249000.0,,-1870000.0,1125783000.0,1456466000.0,11153000.0,1467619000.0,4316925000.0,,536061000.0,540518000.0
Monster Beverage Corp,MNST,,865752,2020.0,Q1,2020-01-01,2020-03-31,2020-05-08 18:16:17+00:00,,0.52,0.52,87025000.0,278835000.0,278835000.0,278835000.0,424901000.0,1062097000.0,,272208000.0,424901000.0,637196000.0,,872000.0,272208000.0,364988000.0,872000.0,365860000.0,1062097000.0,,536061000.0,540518000.0
