company_name,company_ticker,company_lei,company_cik,year,quarter,start_date,end_date,filing_date,basicdilutedeps,basiceps,cashdividendspershare,dilutedeps,impairmentexpense,incometaxexpense,netincome,netincomecontinuing,netincomediscontinued,netincometocommon,netincometononcontrollinginterest,operatingcostofrevenue,operatingrevenue,othergains,otherincome,rdexpense,sgaexpense,totalcostofrevenue,totalgrossprofit,totalinterestexpense,totalinterestincome,totaloperatingexpenses,totaloperatingincome,totalotherincome,totalpretaxincome,totalrevenue,weightedavebasicdilutedsharesos,weightedavebasicsharesos,weightedavedilutedsharesos
Fidelity National Information Services Inc,FIS,6WQI0GK1PRFVBA061U48,1136893,2007.0,FY,2007-01-01,2007-12-31,2010-02-26 10:07:18+00:00,2.91,2.91,0.2,2.86,13500000.0,128400000.0,561100000.0,238100000.0,323000000.0,561200000.0,-100000.0,2315300000.0,2892900000.0,2800000.0,14800000.0,,302500000.0,2315300000.0,577600000.0,190200000.0,277500000.0,316000000.0,261600000.0,102100000.0,363700000.0,2892900000.0,192900000.0,193100000.0,196500000.0
Fidelity National Information Services Inc,FIS,6WQI0GK1PRFVBA061U48,1136893,2008.0,FY,2008-01-01,2008-12-31,2011-02-25 14:22:40+00:00,1.12,1.12,0.2,1.11,26000000.0,57600000.0,219500000.0,123000000.0,96500000.0,214800000.0,4700000.0,2616100000.0,3359500000.0,-200000.0,1500000.0,,381000000.0,2616100000.0,743400000.0,163400000.0,6300000.0,407000000.0,336400000.0,-155600000.0,180800000.0,3359500000.0,191800000.0,191600000.0,193500000.0
Fidelity National Information Services Inc,FIS,6WQI0GK1PRFVBA061U48,1136893,2008.0,Q3,2008-07-01,2008-09-30,2009-11-05 15:55:38+00:00,,0.23,0.05,0.23,,27000000.0,46400000.0,46000000.0,400000.0,43600000.0,2800000.0,661800000.0,884000000.0,0.0,-100000.0,22500000.0,79900000.0,661800000.0,222200000.0,47700000.0,1000000.0,102400000.0,119800000.0,-46800000.0,73000000.0,884000000.0,,189500000.0,191800000.0
Fidelity National Information Services Inc,FIS,6WQI0GK1PRFVBA061U48,1136893,2008.0,Q2,2008-04-01,2008-06-30,2009-08-05 17:25:00+00:00,0.37,0.37,0.05,0.37,,3300000.0,72800000.0,13600000.0,59200000.0,71900000.0,900000.0,674000000.0,869700000.0,-200000.0,1300000.0,19900000.0,117900000.0,674000000.0,195700000.0,43600000.0,1500000.0,137800000.0,57900000.0,-40800000.0,17100000.0,869700000.0,194300000.0,192500000.0,194400000.0
Fidelity National Information Services Inc,FIS,6WQI0GK1PRFVBA061U48,1136893,2009.0,Q4,2009-10-01,2009-12-31,,-0.38,-0.38,0.05,-0.39,136900000.0,-28000000.0,-52800000.0,-49200000.0,-3600000.0,-53900000.0,1100000.0,894900000.0,1259100000.0,,600000.0,,268800000.0,894900000.0,364200000.0,39700000.0,3400000.0,405700000.0,-41500000.0,-35700000.0,-77200000.0,1259100000.0,235300000.0,236400000.0,239400000.0
Fidelity National Information Services Inc,FIS,6WQI0GK1PRFVBA061U48,1136893,2009.0,FY,2009-01-01,2009-12-31,2012-02-24 09:30:48+00:00,0.45,0.45,0.2,0.44,136900000.0,54700000.0,108500000.0,109000000.0,-500000.0,105900000.0,2600000.0,2741500000.0,3711100000.0,,8700000.0,,547100000.0,2741500000.0,969600000.0,134000000.0,3400000.0,684000000.0,285600000.0,-121900000.0,163700000.0,3711100000.0,235300000.0,236400000.0,239400000.0
Fidelity National Information Services Inc,FIS,6WQI0GK1PRFVBA061U48,1136893,2009.0,Q3YTD,2009-01-01,2009-09-30,,0.83,0.83,0.15,0.83,,82700000.0,161300000.0,158200000.0,3100000.0,159800000.0,1500000.0,1846600000.0,2452000000.0,,8100000.0,,278300000.0,1846600000.0,605400000.0,94300000.0,,278300000.0,327100000.0,-86200000.0,240900000.0,2452000000.0,193100000.0,191100000.0,194600000.0
Fidelity National Information Services Inc,FIS,6WQI0GK1PRFVBA061U48,1136893,2009.0,Q3,2009-07-01,2009-09-30,2010-11-05 15:06:44+00:00,0.35,0.35,0.05,0.35,,35500000.0,69000000.0,68000000.0,1000000.0,67600000.0,1400000.0,605400000.0,828700000.0,,1400000.0,,89400000.0,605400000.0,223300000.0,31800000.0,,89400000.0,133900000.0,-30400000.0,103500000.0,828700000.0,193100000.0,191100000.0,194600000.0
Fidelity National Information Services Inc,FIS,6WQI0GK1PRFVBA061U48,1136893,2009.0,Q2YTD,2009-01-01,2009-06-30,,0.48,0.48,0.1,0.48,,47200000.0,92300000.0,90200000.0,2100000.0,92200000.0,100000.0,1241200000.0,1623300000.0,,6700000.0,,188900000.0,1241200000.0,382100000.0,62500000.0,,188900000.0,193200000.0,-55800000.0,137400000.0,1623300000.0,191000000.0,190300000.0,192700000.0
Fidelity National Information Services Inc,FIS,6WQI0GK1PRFVBA061U48,1136893,2009.0,Q2,2009-04-01,2009-06-30,2010-08-04 12:07:23+00:00,0.31,0.31,0.05,0.31,,30100000.0,59600000.0,57500000.0,2100000.0,59200000.0,400000.0,622800000.0,829200000.0,,5500000.0,,93000000.0,622800000.0,206400000.0,31300000.0,,93000000.0,113400000.0,-25800000.0,87600000.0,829200000.0,191000000.0,190300000.0,192700000.0
Fidelity National Information Services Inc,FIS,6WQI0GK1PRFVBA061U48,1136893,2009.0,Q1,2009-01-01,2009-03-31,2010-05-05 14:48:49+00:00,0.17,0.17,0.05,0.17,,17100000.0,32700000.0,32700000.0,,33000000.0,-300000.0,618400000.0,794100000.0,,1200000.0,,95900000.0,618400000.0,175700000.0,31200000.0,,95900000.0,79800000.0,-30000000.0,49800000.0,794100000.0,194100000.0,190000000.0,191600000.0
Fidelity National Information Services Inc,FIS,6WQI0GK1PRFVBA061U48,1136893,2010.0,Q4,2010-10-01,2010-12-31,,0.35,0.35,0.05,0.34,,47200000.0,112300000.0,111700000.0,600000.0,110600000.0,1700000.0,872800000.0,1272400000.0,,-11500000.0,,164200000.0,872800000.0,399600000.0,71400000.0,6400000.0,164200000.0,235400000.0,-76500000.0,158900000.0,1272400000.0,345700000.0,345100000.0,352000000.0
Fidelity National Information Services Inc,FIS,6WQI0GK1PRFVBA061U48,1136893,2010.0,FY,2010-01-01,2010-12-31,2013-02-26 16:32:09+00:00,1.17,1.17,0.2,1.15,154900000.0,208400000.0,357900000.0,389700000.0,-31800000.0,404500000.0,-46600000.0,3553700000.0,5145600000.0,,-11500000.0,,654000000.0,3553700000.0,1591900000.0,179800000.0,6400000.0,808900000.0,783000000.0,-184900000.0,598100000.0,5145600000.0,345700000.0,345100000.0,352000000.0
Fidelity National Information Services Inc,FIS,6WQI0GK1PRFVBA061U48,1136893,2010.0,Q3YTD,2010-01-01,2010-09-30,,0.82,0.82,0.15,0.81,154900000.0,161200000.0,245600000.0,278000000.0,-32400000.0,293900000.0,-48300000.0,2680900000.0,3873200000.0,,,,489800000.0,2680900000.0,1192300000.0,108400000.0,,644700000.0,547600000.0,-108400000.0,439200000.0,3873200000.0,334500000.0,332200000.0,339200000.0
Fidelity National Information Services Inc,FIS,6WQI0GK1PRFVBA061U48,1136893,2010.0,Q3TTM,2009-10-01,2010-09-30,,0.44,0.44,0.2,0.42,291800000.0,133200000.0,192800000.0,228800000.0,-36000000.0,240000000.0,-47200000.0,3575800000.0,5132300000.0,,600000.0,,758600000.0,3575800000.0,1556500000.0,148100000.0,3400000.0,1050400000.0,506100000.0,-144100000.0,362000000.0,5132300000.0,334500000.0,332200000.0,339200000.0
Fidelity National Information Services Inc,FIS,6WQI0GK1PRFVBA061U48,1136893,2010.0,Q3,2010-07-01,2010-09-30,2011-11-04 12:04:38+00:00,0.33,0.33,0.05,0.33,154900000.0,48200000.0,61000000.0,84900000.0,-23900000.0,110400000.0,-49400000.0,897300000.0,1367200000.0,,17900000.0,,138900000.0,897300000.0,469900000.0,60900000.0,,293800000.0,176100000.0,-43000000.0,133100000.0,1367200000.0,334500000.0,332200000.0,339200000.0
Fidelity National Information Services Inc,FIS,6WQI0GK1PRFVBA061U48,1136893,2010.0,Q2YTD,2010-01-01,2010-06-30,,0.49,0.49,0.1,0.48,,113000000.0,184600000.0,193100000.0,-8500000.0,183500000.0,1100000.0,1783600000.0,2506000000.0,,-17900000.0,,350900000.0,1783600000.0,722400000.0,47500000.0,,350900000.0,371500000.0,-65400000.0,306100000.0,2506000000.0,374600000.0,376500000.0,384600000.0
Fidelity National Information Services Inc,FIS,6WQI0GK1PRFVBA061U48,1136893,2010.0,Q2TTM,2009-07-01,2010-06-30,,0.46,0.46,0.2,0.44,136900000.0,120500000.0,200800000.0,211900000.0,-11100000.0,197200000.0,3600000.0,3283900000.0,4593800000.0,,-15900000.0,,709100000.0,3283900000.0,1309900000.0,119000000.0,3400000.0,846000000.0,463900000.0,-131500000.0,332400000.0,4593800000.0,374600000.0,376500000.0,384600000.0
Fidelity National Information Services Inc,FIS,6WQI0GK1PRFVBA061U48,1136893,2010.0,Q2,2010-04-01,2010-06-30,2011-08-04 16:02:31+00:00,0.24,0.24,0.05,0.23,,56100000.0,91100000.0,96100000.0,-5000000.0,89900000.0,1200000.0,893200000.0,1271000000.0,,-12600000.0,,193700000.0,893200000.0,377800000.0,19300000.0,,193700000.0,184100000.0,-31900000.0,152200000.0,1271000000.0,374600000.0,376500000.0,384600000.0
Fidelity National Information Services Inc,FIS,6WQI0GK1PRFVBA061U48,1136893,2010.0,Q1TTM,2009-04-01,2010-03-31,,0.53,0.53,0.2,0.52,136900000.0,94500000.0,169300000.0,173300000.0,-4000000.0,166500000.0,2800000.0,3013500000.0,4152000000.0,,2200000.0,,608400000.0,3013500000.0,1138500000.0,131000000.0,3400000.0,745300000.0,393200000.0,-125400000.0,267800000.0,4152000000.0,374400000.0,373300000.0,379900000.0
Fidelity National Information Services Inc,FIS,6WQI0GK1PRFVBA061U48,1136893,2010.0,Q1,2010-01-01,2010-03-31,2011-05-06 14:05:33+00:00,0.25,0.25,0.05,0.25,,56900000.0,93500000.0,97000000.0,-3500000.0,93600000.0,-100000.0,890400000.0,1235000000.0,,-5300000.0,,157200000.0,890400000.0,344600000.0,28200000.0,,157200000.0,187400000.0,-33500000.0,153900000.0,1235000000.0,374400000.0,373300000.0,379900000.0
Fidelity National Information Services Inc,FIS,6WQI0GK1PRFVBA061U48,1136893,2011.0,Q4,2011-10-01,2011-12-31,,0.39,0.39,0.05,0.39,9100000.0,55300000.0,122000000.0,122000000.0,,117000000.0,5000000.0,968400000.0,1430700000.0,,-66000000.0,,145400000.0,968400000.0,462300000.0,70500000.0,6000000.0,154500000.0,307800000.0,-130500000.0,177300000.0,1430700000.0,301000000.0,300600000.0,307000000.0
Fidelity National Information Services Inc,FIS,6WQI0GK1PRFVBA061U48,1136893,2011.0,FY,2011-01-01,2011-12-31,2014-02-28 15:32:02+00:00,1.56,1.56,0.2,1.53,9100000.0,232400000.0,481100000.0,494600000.0,-13500000.0,469600000.0,11500000.0,3919100000.0,5625600000.0,,-63700000.0,,647900000.0,3919100000.0,1706500000.0,264800000.0,6000000.0,657000000.0,1049500000.0,-322500000.0,727000000.0,5625600000.0,301000000.0,300600000.0,307000000.0
Fidelity National Information Services Inc,FIS,6WQI0GK1PRFVBA061U48,1136893,2011.0,Q3YTD,2011-01-01,2011-09-30,,1.17,1.17,0.15,1.14,,177100000.0,359100000.0,372600000.0,-13500000.0,352600000.0,6500000.0,2950700000.0,4194900000.0,,2300000.0,,502500000.0,2950700000.0,1244200000.0,194300000.0,,502500000.0,741700000.0,-192000000.0,549700000.0,4194900000.0,302900000.0,300900000.0,306800000.0
Fidelity National Information Services Inc,FIS,6WQI0GK1PRFVBA061U48,1136893,2011.0,Q3TTM,2010-10-01,2011-09-30,,1.52,1.52,0.2,1.48,,224300000.0,471400000.0,484300000.0,-12900000.0,463200000.0,8200000.0,3823500000.0,5467300000.0,,-9200000.0,,666700000.0,3823500000.0,1643800000.0,265700000.0,6400000.0,666700000.0,977100000.0,-268500000.0,708600000.0,5467300000.0,302900000.0,300900000.0,306800000.0
Fidelity National Information Services Inc,FIS,6WQI0GK1PRFVBA061U48,1136893,2011.0,Q3,2011-07-01,2011-09-30,2012-11-07 08:30:48+00:00,0.45,0.45,0.05,0.44,,64600000.0,140200000.0,147300000.0,-7100000.0,136300000.0,3900000.0,965300000.0,1398200000.0,,-800000.0,,159700000.0,965300000.0,432900000.0,60500000.0,,159700000.0,273200000.0,-61300000.0,211900000.0,1398200000.0,302900000.0,300900000.0,306800000.0
Fidelity National Information Services Inc,FIS,6WQI0GK1PRFVBA061U48,1136893,2011.0,Q2YTD,2011-01-01,2011-06-30,,0.72,0.72,0.1,0.7,,112500000.0,218900000.0,225300000.0,-6400000.0,216300000.0,2600000.0,1985400000.0,2796700000.0,,3100000.0,,342800000.0,1985400000.0,811300000.0,133800000.0,,342800000.0,468500000.0,-130700000.0,337800000.0,2796700000.0,301200000.0,303600000.0,310900000.0
Fidelity National Information Services Inc,FIS,6WQI0GK1PRFVBA061U48,1136893,2011.0,Q2TTM,2010-07-01,2011-06-30,,1.4,1.4,0.2,1.37,154900000.0,207900000.0,392200000.0,421900000.0,-29700000.0,437300000.0,-45100000.0,3755500000.0,5436300000.0,,9500000.0,,645900000.0,3755500000.0,1680800000.0,266100000.0,6400000.0,800800000.0,880000000.0,-250200000.0,629800000.0,5436300000.0,301200000.0,303600000.0,310900000.0
Fidelity National Information Services Inc,FIS,6WQI0GK1PRFVBA061U48,1136893,2011.0,Q2,2011-04-01,2011-06-30,2012-08-06 15:04:22+00:00,0.41,0.41,0.05,0.4,,60200000.0,125300000.0,128400000.0,-3100000.0,123500000.0,1800000.0,989400000.0,1413300000.0,,-200000.0,,169300000.0,989400000.0,423900000.0,65800000.0,,169300000.0,254600000.0,-66000000.0,188600000.0,1413300000.0,301200000.0,303600000.0,310900000.0
Fidelity National Information Services Inc,FIS,6WQI0GK1PRFVBA061U48,1136893,2011.0,Q1TTM,2010-04-01,2011-03-31,,1.23,1.23,0.2,1.2,154900000.0,203800000.0,358000000.0,389600000.0,-31600000.0,403700000.0,-45700000.0,3659300000.0,5294000000.0,,-2900000.0,,670300000.0,3659300000.0,1634700000.0,219600000.0,6400000.0,825200000.0,809500000.0,-216100000.0,593400000.0,5294000000.0,299400000.0,301500000.0,308700000.0
Fidelity National Information Services Inc,FIS,6WQI0GK1PRFVBA061U48,1136893,2011.0,Q1,2011-01-01,2011-03-31,2012-05-04 12:19:46+00:00,0.31,0.31,0.05,0.3,,52300000.0,93600000.0,96900000.0,-3300000.0,92800000.0,800000.0,996000000.0,1383400000.0,,3300000.0,,173500000.0,996000000.0,387400000.0,68000000.0,,173500000.0,213900000.0,-64700000.0,149200000.0,1383400000.0,299400000.0,301500000.0,308700000.0
Fidelity National Information Services Inc,FIS,6WQI0GK1PRFVBA061U48,1136893,2012.0,Q4,2012-10-01,2012-12-31,,0.47,0.47,0.2,0.47,,78100000.0,144800000.0,151300000.0,-6500000.0,136700000.0,8100000.0,1016800000.0,1488300000.0,,-1100000.0,,188300000.0,1016800000.0,471500000.0,61300000.0,8600000.0,188300000.0,283200000.0,-53800000.0,229400000.0,1488300000.0,291900000.0,291800000.0,297500000.0
Fidelity National Information Services Inc,FIS,6WQI0GK1PRFVBA061U48,1136893,2012.0,FY,2012-01-01,2012-12-31,2015-02-27 14:44:38+00:00,1.58,1.58,0.8,1.55,,270100000.0,481100000.0,558200000.0,-77100000.0,461200000.0,19900000.0,3956200000.0,5795800000.0,,-25300000.0,,763300000.0,3956200000.0,1839600000.0,231300000.0,8600000.0,763300000.0,1076300000.0,-248000000.0,828300000.0,5795800000.0,291900000.0,291800000.0,297500000.0
Fidelity National Information Services Inc,FIS,6WQI0GK1PRFVBA061U48,1136893,2012.0,Q3YTD,2012-01-01,2012-09-30,,1.11,1.11,0.6,1.08,,192000000.0,336300000.0,406900000.0,-70600000.0,324500000.0,11800000.0,2939400000.0,4307500000.0,,-24200000.0,,575000000.0,2939400000.0,1368100000.0,170000000.0,,575000000.0,793100000.0,-194200000.0,598900000.0,4307500000.0,289300000.0,292400000.0,297900000.0
Fidelity National Information Services Inc,FIS,6WQI0GK1PRFVBA061U48,1136893,2012.0,Q3TTM,2011-10-01,2012-09-30,,1.5,1.5,0.65,1.47,9100000.0,247300000.0,458300000.0,528900000.0,-70600000.0,441500000.0,16800000.0,3907800000.0,5738200000.0,,-90200000.0,,720400000.0,3907800000.0,1830400000.0,240500000.0,6000000.0,729500000.0,1100900000.0,-324700000.0,776200000.0,5738200000.0,289300000.0,292400000.0,297900000.0
Fidelity National Information Services Inc,FIS,6WQI0GK1PRFVBA061U48,1136893,2012.0,Q3,2012-07-01,2012-09-30,2013-11-01 15:19:42+00:00,0.3,0.3,0.2,0.29,,79000000.0,92400000.0,153400000.0,-61000000.0,86800000.0,5600000.0,968800000.0,1436900000.0,,-1500000.0,,180200000.0,968800000.0,468100000.0,54000000.0,,180200000.0,287900000.0,-55500000.0,232400000.0,1436900000.0,289300000.0,292400000.0,297900000.0
Fidelity National Information Services Inc,FIS,6WQI0GK1PRFVBA061U48,1136893,2012.0,Q2YTD,2012-01-01,2012-06-30,,0.81,0.81,0.4,0.79,,113000000.0,243900000.0,253500000.0,-9600000.0,237700000.0,6200000.0,1970600000.0,2870600000.0,,-22700000.0,,394800000.0,1970600000.0,900000000.0,116000000.0,,394800000.0,505200000.0,-138700000.0,366500000.0,2870600000.0,295300000.0,292700000.0,298300000.0
Fidelity National Information Services Inc,FIS,6WQI0GK1PRFVBA061U48,1136893,2012.0,Q2TTM,2011-07-01,2012-06-30,,1.65,1.65,0.5,1.62,9100000.0,232900000.0,506100000.0,522800000.0,-16700000.0,491000000.0,15100000.0,3904300000.0,5699500000.0,,-89500000.0,,699900000.0,3904300000.0,1795200000.0,247000000.0,6000000.0,709000000.0,1086200000.0,-330500000.0,755700000.0,5699500000.0,295300000.0,292700000.0,298300000.0
Fidelity National Information Services Inc,FIS,6WQI0GK1PRFVBA061U48,1136893,2012.0,Q2,2012-04-01,2012-06-30,2013-08-02 14:42:10+00:00,0.51,0.51,0.2,0.5,,65300000.0,153800000.0,159000000.0,-5200000.0,150600000.0,3200000.0,981100000.0,1457200000.0,,-1800000.0,,193400000.0,981100000.0,476100000.0,56600000.0,,193400000.0,282700000.0,-58400000.0,224300000.0,1457200000.0,295300000.0,292700000.0,298300000.0
Fidelity National Information Services Inc,FIS,6WQI0GK1PRFVBA061U48,1136893,2012.0,Q1TTM,2011-04-01,2012-03-31,,1.55,1.55,0.35,1.52,9100000.0,227800000.0,477600000.0,492200000.0,-14600000.0,463900000.0,13700000.0,3912600000.0,5655600000.0,,-87900000.0,,675800000.0,3912600000.0,1743000000.0,256200000.0,6000000.0,684900000.0,1058100000.0,-338100000.0,720000000.0,5655600000.0,290300000.0,289700000.0,295400000.0
Fidelity National Information Services Inc,FIS,6WQI0GK1PRFVBA061U48,1136893,2012.0,Q1,2012-01-01,2012-03-31,2013-05-02 16:52:52+00:00,0.3,0.3,0.2,0.29,,47700000.0,90100000.0,94500000.0,-4400000.0,87100000.0,3000000.0,989500000.0,1413400000.0,,-20900000.0,,201400000.0,989500000.0,423900000.0,59400000.0,,201400000.0,222500000.0,-80300000.0,142200000.0,1413400000.0,290300000.0,289700000.0,295400000.0
Fidelity National Information Services Inc,FIS,6WQI0GK1PRFVBA061U48,1136893,2013.0,FY,2013-01-01,2013-12-31,2016-02-26 16:51:03+00:00,1.7,1.7,0.88,1.68,,308900000.0,517700000.0,514600000.0,3100000.0,493100000.0,24600000.0,4092700000.0,6063400000.0,,-51200000.0,,907800000.0,4092700000.0,1970700000.0,198600000.0,10400000.0,907800000.0,1062900000.0,-239400000.0,823500000.0,6063400000.0,290100000.0,289700000.0,294200000.0
Fidelity National Information Services Inc,FIS,6WQI0GK1PRFVBA061U48,1136893,2013.0,Q4,2013-10-01,2013-12-31,,0.24,0.24,0.22,0.24,,94700000.0,80200000.0,83000000.0,-2800000.0,71900000.0,8300000.0,1058100000.0,1572600000.0,,-300000.0,,293100000.0,1058100000.0,514500000.0,53800000.0,10400000.0,293100000.0,221400000.0,-43700000.0,177700000.0,1572600000.0,290100000.0,289700000.0,294200000.0
Fidelity National Information Services Inc,FIS,6WQI0GK1PRFVBA061U48,1136893,2013.0,Q3YTD,2013-01-01,2013-09-30,,1.46,1.46,0.66,1.44,,214200000.0,437500000.0,431600000.0,5900000.0,421200000.0,16300000.0,3034600000.0,4490800000.0,,-50900000.0,,614700000.0,3034600000.0,1456200000.0,144800000.0,,614700000.0,841500000.0,-195700000.0,645800000.0,4490800000.0,287200000.0,289200000.0,293200000.0
Fidelity National Information Services Inc,FIS,6WQI0GK1PRFVBA061U48,1136893,2013.0,Q3TTM,2012-10-01,2013-09-30,,1.93,1.93,0.86,1.91,,292300000.0,582300000.0,582900000.0,-600000.0,557900000.0,24400000.0,4051400000.0,5979100000.0,,-52000000.0,,803000000.0,4051400000.0,1927700000.0,206100000.0,8600000.0,803000000.0,1124700000.0,-249500000.0,875200000.0,5979100000.0,287200000.0,289200000.0,293200000.0
Fidelity National Information Services Inc,FIS,6WQI0GK1PRFVBA061U48,1136893,2013.0,Q3,2013-07-01,2013-09-30,2014-11-07 12:48:21+00:00,0.6,0.6,0.22,0.59,,97800000.0,179100000.0,182100000.0,-3000000.0,172300000.0,6800000.0,995100000.0,1500000000.0,,5900000.0,,187200000.0,995100000.0,504900000.0,43700000.0,,187200000.0,317700000.0,-37800000.0,279900000.0,1500000000.0,287200000.0,289200000.0,293200000.0
Fidelity National Information Services Inc,FIS,6WQI0GK1PRFVBA061U48,1136893,2013.0,Q2YTD,2013-01-01,2013-06-30,,0.86,0.86,0.44,0.85,,116400000.0,258400000.0,249500000.0,8900000.0,248900000.0,9500000.0,2039500000.0,2990800000.0,,-56800000.0,,427500000.0,2039500000.0,951300000.0,101100000.0,,427500000.0,523800000.0,-157900000.0,365900000.0,2990800000.0,291100000.0,289900000.0,294300000.0
Fidelity National Information Services Inc,FIS,6WQI0GK1PRFVBA061U48,1136893,2013.0,Q2TTM,2012-07-01,2013-06-30,,1.63,1.63,0.84,1.61,,273500000.0,495600000.0,554200000.0,-58600000.0,472400000.0,23200000.0,4025100000.0,5916000000.0,,-59400000.0,,796000000.0,4025100000.0,1890900000.0,216400000.0,8600000.0,796000000.0,1094900000.0,-267200000.0,827700000.0,5916000000.0,291100000.0,289900000.0,294300000.0
Fidelity National Information Services Inc,FIS,6WQI0GK1PRFVBA061U48,1136893,2013.0,Q2,2013-04-01,2013-06-30,2014-08-07 14:53:04+00:00,0.36,0.36,0.22,0.36,,41200000.0,109000000.0,96200000.0,12800000.0,104800000.0,4200000.0,1031500000.0,1512800000.0,,-61900000.0,,232600000.0,1031500000.0,481300000.0,49400000.0,,232600000.0,248700000.0,-111300000.0,137400000.0,1512800000.0,291100000.0,289900000.0,294300000.0
Fidelity National Information Services Inc,FIS,6WQI0GK1PRFVBA061U48,1136893,2013.0,Q1TTM,2012-04-01,2013-03-31,,1.78,1.78,0.82,1.75,,297600000.0,540400000.0,617000000.0,-76600000.0,518200000.0,22200000.0,3974700000.0,5860400000.0,,700000.0,,756800000.0,3974700000.0,1885700000.0,223600000.0,8600000.0,756800000.0,1128900000.0,-214300000.0,914600000.0,5860400000.0,288200000.0,291000000.0,295500000.0
Fidelity National Information Services Inc,FIS,6WQI0GK1PRFVBA061U48,1136893,2013.0,Q1,2013-01-01,2013-03-31,2014-05-07 13:36:07+00:00,0.5,0.5,0.22,0.49,,75200000.0,149400000.0,153300000.0,-3900000.0,144100000.0,5300000.0,1008000000.0,1478000000.0,,5100000.0,,194900000.0,1008000000.0,470000000.0,51700000.0,,194900000.0,275100000.0,-46600000.0,228500000.0,1478000000.0,288200000.0,291000000.0,295500000.0
Fidelity National Information Services Inc,FIS,6WQI0GK1PRFVBA061U48,1136893,2014.0,FY,2014-01-01,2014-12-31,2017-02-23 16:10:11+00:00,2.38,2.38,0.96,2.35,,335000000.0,707000000.0,718000000.0,-11000000.0,679000000.0,28000000.0,4327000000.0,6413000000.0,,-60000000.0,,815000000.0,4327000000.0,2086000000.0,173000000.0,15000000.0,815000000.0,1271000000.0,-218000000.0,1053000000.0,6413000000.0,285300000.0,285000000.0,289000000.0
Fidelity National Information Services Inc,FIS,6WQI0GK1PRFVBA061U48,1136893,2014.0,Q4,2014-10-01,2014-12-31,,0.68,0.68,0.24,0.68,,101300000.0,202700000.0,209400000.0,-6700000.0,195200000.0,7500000.0,1115600000.0,1688300000.0,,-3500000.0,,221200000.0,1115600000.0,572700000.0,52300000.0,15000000.0,221200000.0,351500000.0,-40800000.0,310700000.0,1688300000.0,285300000.0,285000000.0,289000000.0
Fidelity National Information Services Inc,FIS,6WQI0GK1PRFVBA061U48,1136893,2014.0,Q3,2014-07-01,2014-09-30,2015-11-05 15:24:50+00:00,0.53,0.53,0.24,0.52,,72100000.0,157900000.0,159100000.0,-1200000.0,150500000.0,7400000.0,1074500000.0,1605300000.0,,-54800000.0,,207100000.0,1074500000.0,530800000.0,37700000.0,,207100000.0,323700000.0,-92500000.0,231200000.0,1605300000.0,284000000.0,283100000.0,287000000.0
Fidelity National Information Services Inc,FIS,6WQI0GK1PRFVBA061U48,1136893,2014.0,Q3YTD,2014-01-01,2014-09-30,,1.7,1.7,0.72,1.67,,233700000.0,504300000.0,508600000.0,-4300000.0,483800000.0,20500000.0,3211400000.0,4724700000.0,,-56500000.0,,593800000.0,3211400000.0,1513300000.0,120700000.0,,593800000.0,919500000.0,-177200000.0,742300000.0,4724700000.0,284000000.0,283100000.0,287000000.0
Fidelity National Information Services Inc,FIS,6WQI0GK1PRFVBA061U48,1136893,2014.0,Q3TTM,2013-10-01,2014-09-30,,1.94,1.94,0.94,1.91,,328400000.0,584500000.0,591600000.0,-7100000.0,555700000.0,28800000.0,4269500000.0,6297300000.0,,-56800000.0,,886900000.0,4269500000.0,2027800000.0,174500000.0,10400000.0,886900000.0,1140900000.0,-220900000.0,920000000.0,6297300000.0,284000000.0,283100000.0,287000000.0
Fidelity National Information Services Inc,FIS,6WQI0GK1PRFVBA061U48,1136893,2014.0,Q2YTD,2014-01-01,2014-06-30,,1.17,1.17,0.48,1.15,,161600000.0,346400000.0,349500000.0,-3100000.0,333300000.0,13100000.0,2136900000.0,3119400000.0,,-1700000.0,,386700000.0,2136900000.0,982500000.0,83000000.0,,386700000.0,595800000.0,-84700000.0,511100000.0,3119400000.0,283800000.0,285500000.0,289200000.0
Fidelity National Information Services Inc,FIS,6WQI0GK1PRFVBA061U48,1136893,2014.0,Q2TTM,2013-07-01,2014-06-30,,2.01,2.01,0.92,1.98,,354100000.0,605700000.0,614600000.0,-8900000.0,577500000.0,28200000.0,4190100000.0,6192000000.0,,3900000.0,,867000000.0,4190100000.0,2001900000.0,180500000.0,10400000.0,867000000.0,1134900000.0,-166200000.0,968700000.0,6192000000.0,283800000.0,285500000.0,289200000.0
Fidelity National Information Services Inc,FIS,6WQI0GK1PRFVBA061U48,1136893,2014.0,Q2,2014-04-01,2014-06-30,2015-08-06 15:59:25+00:00,0.63,0.63,0.24,0.62,,80400000.0,185300000.0,186200000.0,-900000.0,178800000.0,6500000.0,1092500000.0,1599100000.0,,-1200000.0,,196900000.0,1092500000.0,506600000.0,41900000.0,,196900000.0,309700000.0,-43100000.0,266600000.0,1599100000.0,283800000.0,285500000.0,289200000.0
Fidelity National Information Services Inc,FIS,6WQI0GK1PRFVBA061U48,1136893,2014.0,Q1TTM,2013-04-01,2014-03-31,,1.74,1.74,0.9,1.72,,314900000.0,529400000.0,524600000.0,4800000.0,503500000.0,25900000.0,4129100000.0,6105700000.0,,-56800000.0,,902700000.0,4129100000.0,1976600000.0,188000000.0,10400000.0,902700000.0,1073900000.0,-234400000.0,839500000.0,6105700000.0,286100000.0,288000000.0,291900000.0
Fidelity National Information Services Inc,FIS,6WQI0GK1PRFVBA061U48,1136893,2014.0,Q1,2014-01-01,2014-03-31,2015-05-08 12:24:17+00:00,0.54,0.54,0.24,0.53,,81200000.0,161100000.0,163300000.0,-2200000.0,154500000.0,6600000.0,1044400000.0,1520300000.0,,-500000.0,,189800000.0,1044400000.0,475900000.0,41100000.0,,189800000.0,286100000.0,-41600000.0,244500000.0,1520300000.0,286100000.0,288000000.0,291900000.0
Fidelity National Information Services Inc,FIS,6WQI0GK1PRFVBA061U48,1136893,2015.0,FY,2015-01-01,2015-12-31,2018-02-22 15:40:21+00:00,2.22,2.22,1.04,2.19,,379000000.0,651000000.0,658000000.0,-7000000.0,632000000.0,19000000.0,4395000000.0,6596000000.0,0.0,121000000.0,,1102000000.0,4395000000.0,2201000000.0,199000000.0,16000000.0,1102000000.0,1099000000.0,-62000000.0,1037000000.0,6596000000.0,284700000.0,285000000.0,289000000.0
Fidelity National Information Services Inc,FIS,6WQI0GK1PRFVBA061U48,1136893,2015.0,Q4,2015-10-01,2015-12-31,,0.36,0.36,0.26,0.34,,65000000.0,111000000.0,111000000.0,,106000000.0,5000000.0,1233000000.0,1875000000.0,,-9000000.0,,383000000.0,1233000000.0,642000000.0,90000000.0,16000000.0,383000000.0,259000000.0,-83000000.0,176000000.0,1875000000.0,284700000.0,285000000.0,289000000.0
Fidelity National Information Services Inc,FIS,6WQI0GK1PRFVBA061U48,1136893,2015.0,Q3,2015-07-01,2015-09-30,2016-11-02 12:59:29+00:00,0.62,0.62,0.26,0.62,,100000000.0,180000000.0,182000000.0,-2000000.0,175000000.0,5000000.0,1022000000.0,1579000000.0,,-20000000.0,,219000000.0,1022000000.0,557000000.0,36000000.0,,219000000.0,338000000.0,-56000000.0,282000000.0,1579000000.0,282300000.0,280000000.0,284000000.0
Fidelity National Information Services Inc,FIS,6WQI0GK1PRFVBA061U48,1136893,2015.0,Q3YTD,2015-01-01,2015-09-30,,1.86,1.86,0.78,1.85,,314000000.0,540000000.0,547000000.0,-7000000.0,526000000.0,14000000.0,3162000000.0,4721000000.0,,130000000.0,,719000000.0,3162000000.0,1559000000.0,109000000.0,,719000000.0,840000000.0,21000000.0,861000000.0,4721000000.0,282300000.0,280000000.0,284000000.0
Fidelity National Information Services Inc,FIS,6WQI0GK1PRFVBA061U48,1136893,2015.0,Q3TTM,2014-10-01,2015-09-30,,2.54,2.54,1.02,2.53,,415300000.0,742700000.0,756400000.0,-13700000.0,721200000.0,21500000.0,4277600000.0,6409300000.0,,126500000.0,,940200000.0,4277600000.0,2131700000.0,161300000.0,15000000.0,940200000.0,1191500000.0,-19800000.0,1171700000.0,6409300000.0,282300000.0,280000000.0,284000000.0
Fidelity National Information Services Inc,FIS,6WQI0GK1PRFVBA061U48,1136893,2015.0,Q2,2015-04-01,2015-06-30,2016-08-02 14:45:06+00:00,0.85,0.85,0.26,0.84,,156000000.0,245000000.0,247000000.0,-2000000.0,240000000.0,5000000.0,1070000000.0,1587000000.0,,152000000.0,,230000000.0,1070000000.0,517000000.0,36000000.0,,230000000.0,287000000.0,116000000.0,403000000.0,1587000000.0,282400000.0,281000000.0,284000000.0
Fidelity National Information Services Inc,FIS,6WQI0GK1PRFVBA061U48,1136893,2015.0,Q2YTD,2015-01-01,2015-06-30,,1.24,1.24,0.52,1.23,,214000000.0,360000000.0,365000000.0,-5000000.0,351000000.0,9000000.0,2140000000.0,3142000000.0,,150000000.0,,500000000.0,2140000000.0,1002000000.0,73000000.0,,500000000.0,502000000.0,77000000.0,579000000.0,3142000000.0,282400000.0,281000000.0,284000000.0
Fidelity National Information Services Inc,FIS,6WQI0GK1PRFVBA061U48,1136893,2015.0,Q2TTM,2014-07-01,2015-06-30,,2.45,2.45,1.0,2.43,,387400000.0,720600000.0,733500000.0,-12900000.0,696700000.0,23900000.0,4330100000.0,6435600000.0,,91700000.0,,928300000.0,4330100000.0,2105500000.0,163000000.0,15000000.0,928300000.0,1177200000.0,-56300000.0,1120900000.0,6435600000.0,282400000.0,281000000.0,284000000.0
Fidelity National Information Services Inc,FIS,6WQI0GK1PRFVBA061U48,1136893,2015.0,Q1,2015-01-01,2015-03-31,2016-05-04 11:26:41+00:00,0.39,0.39,0.26,0.39,,58000000.0,115000000.0,118000000.0,-3000000.0,111000000.0,4000000.0,1070000000.0,1555000000.0,,-2000000.0,,270000000.0,1070000000.0,485000000.0,37000000.0,,270000000.0,215000000.0,-39000000.0,176000000.0,1555000000.0,284600000.0,283000000.0,287000000.0
Fidelity National Information Services Inc,FIS,6WQI0GK1PRFVBA061U48,1136893,2015.0,Q1TTM,2014-04-01,2015-03-31,,2.23,2.23,0.98,2.21,,311800000.0,660900000.0,672700000.0,-11800000.0,635500000.0,25400000.0,4352600000.0,6447700000.0,,-61500000.0,,895200000.0,4352600000.0,2095100000.0,168900000.0,15000000.0,895200000.0,1199900000.0,-215400000.0,984500000.0,6447700000.0,284600000.0,283000000.0,287000000.0
Fidelity National Information Services Inc,FIS,6WQI0GK1PRFVBA061U48,1136893,2016.0,FY,2016-01-01,2016-12-31,2019-02-21 15:19:29+00:00,1.61,1.61,1.04,1.59,0.0,291000000.0,547000000.0,546000000.0,1000000.0,525000000.0,22000000.0,5895000000.0,8831000000.0,0.0,-9000000.0,,1707000000.0,5895000000.0,2936000000.0,403000000.0,20000000.0,1707000000.0,1229000000.0,-392000000.0,837000000.0,8831000000.0,326100000.0,326000000.0,330000000.0
Fidelity National Information Services Inc,FIS,6WQI0GK1PRFVBA061U48,1136893,2016.0,Q4,2016-10-01,2016-12-31,,0.5,0.5,0.26,0.49,,91000000.0,173000000.0,173000000.0,,164000000.0,9000000.0,1215000000.0,2036000000.0,,-1000000.0,,457000000.0,1215000000.0,821000000.0,119000000.0,20000000.0,457000000.0,364000000.0,-100000000.0,264000000.0,2036000000.0,326100000.0,326000000.0,330000000.0
Fidelity National Information Services Inc,FIS,6WQI0GK1PRFVBA061U48,1136893,2016.0,Q3,2016-07-01,2016-09-30,2017-11-01 12:08:39+00:00,0.57,0.57,0.26,0.56,,103000000.0,191000000.0,191000000.0,0.0,185000000.0,6000000.0,1527000000.0,2309000000.0,0.0,-6000000.0,,384000000.0,1527000000.0,782000000.0,98000000.0,,384000000.0,398000000.0,-104000000.0,294000000.0,2309000000.0,324600000.0,326000000.0,330000000.0
Fidelity National Information Services Inc,FIS,6WQI0GK1PRFVBA061U48,1136893,2016.0,Q3YTD,2016-01-01,2016-09-30,,1.11,1.11,0.78,1.1,,200000000.0,374000000.0,373000000.0,1000000.0,361000000.0,13000000.0,4680000000.0,6795000000.0,,-8000000.0,,1250000000.0,4680000000.0,2115000000.0,284000000.0,,1250000000.0,865000000.0,-292000000.0,573000000.0,6795000000.0,324600000.0,326000000.0,330000000.0
Fidelity National Information Services Inc,FIS,6WQI0GK1PRFVBA061U48,1136893,2016.0,Q3TTM,2015-10-01,2016-09-30,,1.47,1.47,1.04,1.44,,265000000.0,485000000.0,484000000.0,1000000.0,467000000.0,18000000.0,5913000000.0,8670000000.0,,-17000000.0,,1633000000.0,5913000000.0,2757000000.0,374000000.0,16000000.0,1633000000.0,1124000000.0,-375000000.0,749000000.0,8670000000.0,324600000.0,326000000.0,330000000.0
Fidelity National Information Services Inc,FIS,6WQI0GK1PRFVBA061U48,1136893,2016.0,Q2,2016-04-01,2016-06-30,2017-08-03 10:50:59+00:00,0.37,0.37,0.26,0.37,,66000000.0,124000000.0,123000000.0,1000000.0,121000000.0,3000000.0,1600000000.0,2305000000.0,,-1000000.0,,422000000.0,1600000000.0,705000000.0,93000000.0,,422000000.0,283000000.0,-94000000.0,189000000.0,2305000000.0,327000000.0,325000000.0,329000000.0
Fidelity National Information Services Inc,FIS,6WQI0GK1PRFVBA061U48,1136893,2016.0,Q2YTD,2016-01-01,2016-06-30,,0.54,0.54,0.52,0.54,,97000000.0,183000000.0,182000000.0,1000000.0,176000000.0,7000000.0,3153000000.0,4486000000.0,,-2000000.0,,866000000.0,3153000000.0,1333000000.0,186000000.0,,866000000.0,467000000.0,-188000000.0,279000000.0,4486000000.0,327000000.0,325000000.0,329000000.0
Fidelity National Information Services Inc,FIS,6WQI0GK1PRFVBA061U48,1136893,2016.0,Q2TTM,2015-07-01,2016-06-30,,1.52,1.52,1.04,1.5,,262000000.0,474000000.0,475000000.0,-1000000.0,457000000.0,17000000.0,5408000000.0,7940000000.0,,-31000000.0,,1468000000.0,5408000000.0,2532000000.0,312000000.0,16000000.0,1468000000.0,1064000000.0,-327000000.0,737000000.0,7940000000.0,327000000.0,325000000.0,329000000.0
Fidelity National Information Services Inc,FIS,6WQI0GK1PRFVBA061U48,1136893,2016.0,Q1,2016-01-01,2016-03-31,2017-05-03 11:11:12+00:00,0.17,0.17,0.26,0.17,,31000000.0,59000000.0,59000000.0,0.0,55000000.0,4000000.0,1553000000.0,2181000000.0,,-1000000.0,,444000000.0,1553000000.0,628000000.0,93000000.0,,444000000.0,184000000.0,-94000000.0,90000000.0,2181000000.0,323500000.0,324000000.0,327000000.0
Fidelity National Information Services Inc,FIS,6WQI0GK1PRFVBA061U48,1136893,2016.0,Q1TTM,2015-04-01,2016-03-31,,2.0,2.0,1.04,1.97,,352000000.0,595000000.0,599000000.0,-4000000.0,576000000.0,19000000.0,4878000000.0,7222000000.0,,122000000.0,,1276000000.0,4878000000.0,2344000000.0,255000000.0,16000000.0,1276000000.0,1068000000.0,-117000000.0,951000000.0,7222000000.0,323500000.0,324000000.0,327000000.0
Fidelity National Information Services Inc,FIS,6WQI0GK1PRFVBA061U48,1136893,2017.0,FY,2017-01-01,2017-12-31,2020-02-20 17:16:58+00:00,3.82,3.82,1.16,3.75,0.0,-321000000.0,1294000000.0,1294000000.0,,1261000000.0,33000000.0,5794000000.0,8668000000.0,-3000000.0,-119000000.0,,1442000000.0,5794000000.0,2874000000.0,359000000.0,22000000.0,1442000000.0,1432000000.0,-456000000.0,976000000.0,8668000000.0,330100000.0,330000000.0,336000000.0
Fidelity National Information Services Inc,FIS,6WQI0GK1PRFVBA061U48,1136893,2017.0,Q4,2017-10-01,2017-12-31,,2.82,2.83,0.29,2.76,,-581000000.0,943000000.0,943000000.0,,934000000.0,9000000.0,1397000000.0,2166000000.0,-3000000.0,3000000.0,,338000000.0,1397000000.0,769000000.0,91000000.0,22000000.0,338000000.0,431000000.0,-66000000.0,365000000.0,2166000000.0,330100000.0,330000000.0,336000000.0
Fidelity National Information Services Inc,FIS,6WQI0GK1PRFVBA061U48,1136893,2017.0,Q3,2017-07-01,2017-09-30,2018-10-30 16:21:12+00:00,0.18,0.18,0.29,0.18,0.0,50000000.0,69000000.0,69000000.0,,59000000.0,10000000.0,1386000000.0,2096000000.0,0.0,-182000000.0,,325000000.0,1386000000.0,710000000.0,84000000.0,,325000000.0,385000000.0,-266000000.0,119000000.0,2096000000.0,327800000.0,331000000.0,336000000.0
Fidelity National Information Services Inc,FIS,6WQI0GK1PRFVBA061U48,1136893,2017.0,Q3YTD,2017-01-01,2017-09-30,,1.0,0.99,0.87,0.99,,260000000.0,351000000.0,351000000.0,,327000000.0,24000000.0,4397000000.0,6502000000.0,,-122000000.0,,1104000000.0,4397000000.0,2105000000.0,268000000.0,,1104000000.0,1001000000.0,-390000000.0,611000000.0,6502000000.0,327800000.0,331000000.0,336000000.0
Fidelity National Information Services Inc,FIS,6WQI0GK1PRFVBA061U48,1136893,2017.0,Q3TTM,2016-10-01,2017-09-30,,1.5,1.49,1.13,1.48,,351000000.0,524000000.0,524000000.0,,491000000.0,33000000.0,5612000000.0,8538000000.0,,-123000000.0,,1561000000.0,5612000000.0,2926000000.0,387000000.0,20000000.0,1561000000.0,1365000000.0,-490000000.0,875000000.0,8538000000.0,327800000.0,331000000.0,336000000.0
Fidelity National Information Services Inc,FIS,6WQI0GK1PRFVBA061U48,1136893,2017.0,Q2,2017-04-01,2017-06-30,2018-07-31 16:17:00+00:00,0.4,0.42,0.29,0.42,,136000000.0,147000000.0,147000000.0,,139000000.0,8000000.0,1520000000.0,2258000000.0,0.0,4000000.0,,368000000.0,1520000000.0,738000000.0,91000000.0,,368000000.0,370000000.0,-87000000.0,283000000.0,2258000000.0,347500000.0,330000000.0,334000000.0
Fidelity National Information Services Inc,FIS,6WQI0GK1PRFVBA061U48,1136893,2017.0,Q2YTD,2017-01-01,2017-06-30,,0.82,0.81,0.58,0.81,,210000000.0,282000000.0,282000000.0,,268000000.0,14000000.0,3011000000.0,4406000000.0,,60000000.0,,779000000.0,3011000000.0,1395000000.0,184000000.0,,779000000.0,616000000.0,-124000000.0,492000000.0,4406000000.0,347500000.0,330000000.0,334000000.0
Fidelity National Information Services Inc,FIS,6WQI0GK1PRFVBA061U48,1136893,2017.0,Q2TTM,2016-07-01,2017-06-30,,1.89,1.88,1.1,1.86,,404000000.0,646000000.0,646000000.0,,617000000.0,29000000.0,5753000000.0,8751000000.0,,53000000.0,,1620000000.0,5753000000.0,2998000000.0,401000000.0,20000000.0,1620000000.0,1378000000.0,-328000000.0,1050000000.0,8751000000.0,347500000.0,330000000.0,334000000.0
Fidelity National Information Services Inc,FIS,6WQI0GK1PRFVBA061U48,1136893,2017.0,Q1,2017-01-01,2017-03-31,2018-05-02 12:12:57+00:00,0.42,0.39,0.29,0.39,,74000000.0,135000000.0,135000000.0,,129000000.0,6000000.0,1491000000.0,2148000000.0,0.0,56000000.0,,411000000.0,1491000000.0,657000000.0,93000000.0,,411000000.0,246000000.0,-37000000.0,209000000.0,2148000000.0,307100000.0,328000000.0,333000000.0
Fidelity National Information Services Inc,FIS,6WQI0GK1PRFVBA061U48,1136893,2017.0,Q1TTM,2016-04-01,2017-03-31,,1.86,1.83,1.07,1.81,,334000000.0,623000000.0,622000000.0,1000000.0,599000000.0,24000000.0,5833000000.0,8798000000.0,,48000000.0,,1674000000.0,5833000000.0,2965000000.0,403000000.0,20000000.0,1674000000.0,1291000000.0,-335000000.0,956000000.0,8798000000.0,307100000.0,328000000.0,333000000.0
Fidelity National Information Services Inc,FIS,6WQI0GK1PRFVBA061U48,1136893,2018.0,FY,2018-01-01,2018-12-31,2020-02-20 17:16:58+00:00,2.58,2.58,1.28,2.55,95000000.0,208000000.0,881000000.0,881000000.0,,846000000.0,35000000.0,5569000000.0,8423000000.0,-15000000.0,-57000000.0,,1301000000.0,5569000000.0,2854000000.0,314000000.0,17000000.0,1396000000.0,1458000000.0,-354000000.0,1104000000.0,8423000000.0,327900000.0,328000000.0,332000000.0
Fidelity National Information Services Inc,FIS,6WQI0GK1PRFVBA061U48,1136893,2018.0,Q4,2018-10-01,2018-12-31,,0.92,0.92,0.32,0.9,,86000000.0,310000000.0,310000000.0,,298000000.0,12000000.0,1377000000.0,2167000000.0,-3000000.0,2000000.0,,321000000.0,1377000000.0,790000000.0,89000000.0,17000000.0,321000000.0,469000000.0,-70000000.0,399000000.0,2167000000.0,327900000.0,328000000.0,332000000.0
Fidelity National Information Services Inc,FIS,6WQI0GK1PRFVBA061U48,1136893,2018.0,Q3,2018-07-01,2018-09-30,2019-11-05 16:17:12+00:00,0.47,0.47,0.32,0.47,95000000.0,37000000.0,163000000.0,163000000.0,,154000000.0,9000000.0,1364000000.0,2084000000.0,-4000000.0,-58000000.0,,283000000.0,1364000000.0,720000000.0,80000000.0,,378000000.0,342000000.0,-138000000.0,204000000.0,2084000000.0,327700000.0,328000000.0,331000000.0
Fidelity National Information Services Inc,FIS,6WQI0GK1PRFVBA061U48,1136893,2018.0,Q3YTD,2018-01-01,2018-09-30,,1.66,1.66,0.96,1.65,95000000.0,122000000.0,571000000.0,571000000.0,,548000000.0,23000000.0,4192000000.0,6256000000.0,-12000000.0,-59000000.0,,980000000.0,4192000000.0,2064000000.0,225000000.0,,1075000000.0,989000000.0,-284000000.0,705000000.0,6256000000.0,327700000.0,328000000.0,331000000.0
Fidelity National Information Services Inc,FIS,6WQI0GK1PRFVBA061U48,1136893,2018.0,Q3TTM,2017-10-01,2018-09-30,,4.48,4.49,1.25,4.41,95000000.0,-459000000.0,1514000000.0,1514000000.0,,1482000000.0,32000000.0,5589000000.0,8422000000.0,-15000000.0,-56000000.0,,1318000000.0,5589000000.0,2833000000.0,316000000.0,22000000.0,1413000000.0,1420000000.0,-350000000.0,1070000000.0,8422000000.0,327700000.0,328000000.0,331000000.0
Fidelity National Information Services Inc,FIS,6WQI0GK1PRFVBA061U48,1136893,2018.0,Q2,2018-04-01,2018-06-30,2019-08-06 16:17:12+00:00,0.64,0.64,0.32,0.64,,51000000.0,218000000.0,218000000.0,,212000000.0,6000000.0,1414000000.0,2106000000.0,-7000000.0,-4000000.0,,339000000.0,1414000000.0,692000000.0,73000000.0,,339000000.0,353000000.0,-77000000.0,276000000.0,2106000000.0,331300000.0,329000000.0,333000000.0
Fidelity National Information Services Inc,FIS,6WQI0GK1PRFVBA061U48,1136893,2018.0,Q2YTD,2018-01-01,2018-06-30,,1.19,1.19,0.64,1.18,,85000000.0,408000000.0,408000000.0,,394000000.0,14000000.0,2828000000.0,4172000000.0,-8000000.0,-1000000.0,,697000000.0,2828000000.0,1344000000.0,145000000.0,,697000000.0,647000000.0,-146000000.0,501000000.0,4172000000.0,331300000.0,329000000.0,333000000.0
Fidelity National Information Services Inc,FIS,6WQI0GK1PRFVBA061U48,1136893,2018.0,Q2TTM,2017-07-01,2018-06-30,,4.19,4.2,1.22,4.12,,-446000000.0,1420000000.0,1420000000.0,,1387000000.0,33000000.0,5611000000.0,8434000000.0,-11000000.0,-180000000.0,,1360000000.0,5611000000.0,2823000000.0,320000000.0,22000000.0,1360000000.0,1463000000.0,-478000000.0,985000000.0,8434000000.0,331300000.0,329000000.0,333000000.0
Fidelity National Information Services Inc,FIS,6WQI0GK1PRFVBA061U48,1136893,2018.0,Q1,2018-01-01,2018-03-31,2019-04-30 16:16:53+00:00,0.55,0.55,0.32,0.54,,34000000.0,190000000.0,190000000.0,,182000000.0,8000000.0,1414000000.0,2066000000.0,-1000000.0,3000000.0,,358000000.0,1414000000.0,652000000.0,72000000.0,,358000000.0,294000000.0,-69000000.0,225000000.0,2066000000.0,330900000.0,330000000.0,334000000.0
Fidelity National Information Services Inc,FIS,6WQI0GK1PRFVBA061U48,1136893,2018.0,Q1TTM,2017-04-01,2018-03-31,,3.95,3.98,1.19,3.9,,-361000000.0,1349000000.0,1349000000.0,,1314000000.0,35000000.0,5717000000.0,8586000000.0,-4000000.0,-172000000.0,,1389000000.0,5717000000.0,2869000000.0,338000000.0,22000000.0,1389000000.0,1480000000.0,-488000000.0,992000000.0,8586000000.0,330900000.0,330000000.0,334000000.0
Fidelity National Information Services Inc,FIS,6WQI0GK1PRFVBA061U48,1136893,2019.0,Q4,2019-10-01,2019-12-31,,-0.57,-0.57,0.35,-0.55,,-20000000.0,-157000000.0,-157000000.0,,-158000000.0,1000000.0,1987000000.0,3342000000.0,6000000.0,-211000000.0,,1232000000.0,1987000000.0,1355000000.0,147000000.0,52000000.0,1232000000.0,123000000.0,-306000000.0,-183000000.0,3342000000.0,444800000.0,445000000.0,451000000.0
Fidelity National Information Services Inc,FIS,6WQI0GK1PRFVBA061U48,1136893,2019.0,FY,2019-01-01,2019-12-31,2020-02-20 17:16:58+00:00,0.67,0.67,1.4,0.66,87000000.0,100000000.0,303000000.0,303000000.0,,298000000.0,5000000.0,6610000000.0,10333000000.0,-10000000.0,-219000000.0,,2667000000.0,6610000000.0,3723000000.0,389000000.0,52000000.0,2754000000.0,969000000.0,-556000000.0,413000000.0,10333000000.0,444800000.0,445000000.0,451000000.0
Fidelity National Information Services Inc,FIS,6WQI0GK1PRFVBA061U48,1136893,2019.0,Q3YTD,2019-01-01,2019-09-30,,1.24,1.24,1.05,1.21,87000000.0,120000000.0,460000000.0,460000000.0,,456000000.0,4000000.0,4623000000.0,6991000000.0,-16000000.0,-8000000.0,,1435000000.0,4623000000.0,2368000000.0,242000000.0,,1522000000.0,846000000.0,-250000000.0,596000000.0,6991000000.0,513300000.0,516000000.0,524000000.0
Fidelity National Information Services Inc,FIS,6WQI0GK1PRFVBA061U48,1136893,2019.0,Q3TTM,2018-10-01,2019-09-30,,2.16,2.16,1.37,2.11,87000000.0,206000000.0,770000000.0,770000000.0,,754000000.0,16000000.0,6000000000.0,9158000000.0,-19000000.0,-6000000.0,,1756000000.0,6000000000.0,3158000000.0,331000000.0,17000000.0,1843000000.0,1315000000.0,-320000000.0,995000000.0,9158000000.0,513300000.0,516000000.0,524000000.0
Fidelity National Information Services Inc,FIS,6WQI0GK1PRFVBA061U48,1136893,2019.0,Q3,2019-07-01,2019-09-30,2019-11-05 16:17:12+00:00,0.3,0.3,0.35,0.29,87000000.0,48000000.0,156000000.0,156000000.0,,154000000.0,2000000.0,1838000000.0,2822000000.0,-5000000.0,164000000.0,,757000000.0,1838000000.0,984000000.0,95000000.0,,844000000.0,140000000.0,69000000.0,209000000.0,2822000000.0,513300000.0,516000000.0,524000000.0
Fidelity National Information Services Inc,FIS,6WQI0GK1PRFVBA061U48,1136893,2019.0,Q2YTD,2019-01-01,2019-06-30,,0.94,0.94,0.7,0.92,,72000000.0,304000000.0,304000000.0,,302000000.0,2000000.0,2785000000.0,4169000000.0,-11000000.0,-172000000.0,,678000000.0,2785000000.0,1384000000.0,147000000.0,,678000000.0,706000000.0,-319000000.0,387000000.0,4169000000.0,320800000.0,324000000.0,327000000.0
Fidelity National Information Services Inc,FIS,6WQI0GK1PRFVBA061U48,1136893,2019.0,Q2TTM,2018-07-01,2019-06-30,,2.33,2.33,1.34,2.29,95000000.0,195000000.0,777000000.0,777000000.0,,754000000.0,23000000.0,5526000000.0,8420000000.0,-18000000.0,-228000000.0,,1282000000.0,5526000000.0,2894000000.0,316000000.0,17000000.0,1377000000.0,1517000000.0,-527000000.0,990000000.0,8420000000.0,320800000.0,324000000.0,327000000.0
Fidelity National Information Services Inc,FIS,6WQI0GK1PRFVBA061U48,1136893,2019.0,Q2,2019-04-01,2019-06-30,2019-08-06 16:17:12+00:00,0.48,0.48,0.35,0.47,,40000000.0,155000000.0,155000000.0,,154000000.0,1000000.0,1404000000.0,2112000000.0,-4000000.0,-120000000.0,,317000000.0,1404000000.0,708000000.0,72000000.0,,317000000.0,391000000.0,-192000000.0,199000000.0,2112000000.0,320800000.0,324000000.0,327000000.0
Fidelity National Information Services Inc,FIS,6WQI0GK1PRFVBA061U48,1136893,2019.0,Q1,2019-01-01,2019-03-31,2020-05-07 16:17:19+00:00,0.46,0.46,0.35,0.45,,32000000.0,149000000.0,149000000.0,,148000000.0,1000000.0,1381000000.0,2057000000.0,-7000000.0,-52000000.0,,361000000.0,1381000000.0,676000000.0,75000000.0,,361000000.0,315000000.0,-127000000.0,188000000.0,2057000000.0,321700000.0,323000000.0,326000000.0
Fidelity National Information Services Inc,FIS,6WQI0GK1PRFVBA061U48,1136893,2019.0,Q1TTM,2018-04-01,2019-03-31,,2.49,2.49,1.31,2.46,95000000.0,206000000.0,840000000.0,840000000.0,,812000000.0,28000000.0,5536000000.0,8414000000.0,-21000000.0,-112000000.0,,1304000000.0,5536000000.0,2878000000.0,317000000.0,17000000.0,1399000000.0,1479000000.0,-412000000.0,1067000000.0,8414000000.0,321700000.0,323000000.0,326000000.0
Fidelity National Information Services Inc,FIS,6WQI0GK1PRFVBA061U48,1136893,2020.0,Q1TTM,2019-04-01,2020-03-31,,0.23,0.23,1.4,0.23,87000000.0,38000000.0,172000000.0,172000000.0,,165000000.0,7000000.0,7318000000.0,11354000000.0,-4000000.0,-206000000.0,,3187000000.0,7318000000.0,4036000000.0,394000000.0,52000000.0,3274000000.0,762000000.0,-548000000.0,214000000.0,11354000000.0,750000000.0,616000000.0,625000000.0
Fidelity National Information Services Inc,FIS,6WQI0GK1PRFVBA061U48,1136893,2020.0,Q1,2020-01-01,2020-03-31,2020-05-07 16:17:19+00:00,0.02,0.02,0.35,0.02,,-30000000.0,18000000.0,18000000.0,,15000000.0,3000000.0,2089000000.0,3078000000.0,-1000000.0,-39000000.0,,881000000.0,2089000000.0,989000000.0,80000000.0,,881000000.0,108000000.0,-119000000.0,-11000000.0,3078000000.0,750000000.0,616000000.0,625000000.0
