company_name,company_ticker,company_lei,company_cik,year,quarter,start_date,end_date,filing_date,amortizationexpense,basicdilutedeps,basiceps,cashdividendspershare,depreciationexpense,dilutedeps,impairmentexpense,incometaxexpense,marketingexpense,netincome,netincomecontinuing,netincomediscontinued,netincometocommon,operatingcostofrevenue,operatingrevenue,othercostofrevenue,otherincome,otherrevenue,sgaexpense,totalcostofrevenue,totalgrossprofit,totalinterestexpense,totalinterestincome,totaloperatingexpenses,totaloperatingincome,totalotherincome,totalpretaxincome,totalrevenue,weightedavebasicdilutedsharesos,weightedavebasicsharesos,weightedavedilutedsharesos
H & R Block Inc,HRB,,12659,2008.0,FY,2007-05-01,2008-04-30,2010-06-28 19:07:51+00:00,,-0.95,-0.95,0.56,,-0.95,,289124000.0,,-308647000.0,445947000.0,-754594000.0,-308647000.0,2588193000.0,3393906000.0,,25532000.0,541166000.0,788898000.0,2588193000.0,1346879000.0,,151558000.0,788898000.0,557981000.0,177090000.0,735071000.0,3935072000.0,324900000.0,324900000.0,324900000.0
H & R Block Inc,HRB,,12659,2009.0,Q4,2009-02-01,2009-04-30,,,1.31,1.31,0.15,,1.31,,470245000.0,,706903000.0,707809000.0,-906000.0,706903000.0,1112748000.0,2081162000.0,,2303000.0,324573000.0,178254000.0,1112748000.0,1292987000.0,,61018000.0,178254000.0,1114733000.0,63321000.0,1178054000.0,2405735000.0,332787000.0,332787000.0,332787000.0
H & R Block Inc,HRB,,12659,2009.0,FY,2008-05-01,2009-04-30,2011-06-23 17:07:05+00:00,,1.45,1.45,0.59,,1.45,,326315000.0,,485673000.0,513055000.0,-27382000.0,485673000.0,2596218000.0,3437906000.0,,501000.0,491155000.0,648490000.0,2596218000.0,1332843000.0,,154516000.0,648490000.0,684353000.0,155017000.0,839370000.0,3929061000.0,332787000.0,332787000.0,332787000.0
H & R Block Inc,HRB,,12659,2009.0,Q3YTD,2008-05-01,2009-01-31,,,0.14,0.14,0.44,,0.14,,-143930000.0,,-221230000.0,-194754000.0,-26476000.0,-221230000.0,1483470000.0,1356744000.0,,-1802000.0,166582000.0,470236000.0,1483470000.0,39856000.0,,93498000.0,470236000.0,-430380000.0,91696000.0,-338684000.0,1523326000.0,338300000.0,337338000.0,338687000.0
H & R Block Inc,HRB,,12659,2009.0,Q3,2008-11-01,2009-01-31,2010-03-08 17:26:51+00:00,,0.14,0.14,0.15,,0.14,,34909000.0,,47363000.0,66830000.0,-19467000.0,47363000.0,684567000.0,799687000.0,,1674000.0,135155000.0,208814000.0,684567000.0,250275000.0,,58604000.0,208814000.0,41461000.0,60278000.0,101739000.0,934842000.0,338300000.0,337338000.0,338687000.0
H & R Block Inc,HRB,,12659,2009.0,Q2YTD,2008-05-01,2008-10-31,,,,,0.29,,,,-178839000.0,,-268593000.0,-261584000.0,-7009000.0,-268593000.0,798903000.0,557057000.0,,-3476000.0,31427000.0,261422000.0,798903000.0,-210419000.0,,34894000.0,261422000.0,-471841000.0,31418000.0,-440423000.0,588484000.0,329810000.0,329810000.0,329810000.0
H & R Block Inc,HRB,,12659,2009.0,Q2,2008-08-01,2008-10-31,2009-12-09 17:26:25+00:00,,,,0.15,,,,-94292000.0,,-135874000.0,-133161000.0,-2713000.0,-135874000.0,438765000.0,316337000.0,,-2121000.0,18085000.0,138036000.0,438765000.0,-104343000.0,,17047000.0,138036000.0,-242379000.0,14926000.0,-227453000.0,334422000.0,329810000.0,329810000.0,329810000.0
H & R Block Inc,HRB,,12659,2009.0,Q1,2008-05-01,2008-07-31,2009-09-04 17:21:13+00:00,,,,0.14,,,,-84547000.0,,-132719000.0,-128423000.0,-4296000.0,-132719000.0,360138000.0,240720000.0,,-1355000.0,13342000.0,123386000.0,360138000.0,-106076000.0,,17847000.0,123386000.0,-229462000.0,16492000.0,-212970000.0,254062000.0,327141000.0,327141000.0,327141000.0
H & R Block Inc,HRB,,12659,2010.0,Q4,2010-02-01,2010-04-30,,,2.07,2.07,0.15,,2.06,,391080000.0,,690828000.0,658609000.0,32219000.0,690828000.0,-102284000.0,1120278000.0,389725000.0,1604000.0,312505000.0,53041000.0,287441000.0,1145342000.0,89830000.0,45614000.0,53041000.0,1092301000.0,-42612000.0,1049689000.0,1432783000.0,332283000.0,332283000.0,332283000.0
H & R Block Inc,HRB,,12659,2010.0,FY,2009-05-01,2010-04-30,2012-06-26 17:18:58+00:00,,1.44,1.44,0.6,,1.43,,268291000.0,,479242000.0,455123000.0,24119000.0,479242000.0,1340862000.0,2407548000.0,389725000.0,9600000.0,488927000.0,480604000.0,1730587000.0,1165888000.0,89830000.0,118360000.0,480604000.0,685284000.0,38130000.0,723414000.0,2896475000.0,332283000.0,332283000.0,332283000.0
H & R Block Inc,HRB,,12659,2010.0,Q3YTD,2009-05-01,2010-01-31,,,-0.63,-0.63,0.45,,-0.63,,-122789000.0,,-211586000.0,-203486000.0,-8100000.0,-211586000.0,1443146000.0,1287270000.0,,7996000.0,176422000.0,427563000.0,1443146000.0,20546000.0,,72746000.0,427563000.0,-407017000.0,80742000.0,-326275000.0,1463692000.0,337600000.0,332999000.0,334297000.0
H & R Block Inc,HRB,,12659,2010.0,Q3TTM,2009-02-01,2010-01-31,,,0.68,0.68,0.6,,0.68,,347456000.0,,495317000.0,504323000.0,-9006000.0,495317000.0,2555894000.0,3368432000.0,,10299000.0,500995000.0,605817000.0,2555894000.0,1313533000.0,,133764000.0,605817000.0,707716000.0,144063000.0,851779000.0,3869427000.0,337600000.0,332999000.0,334297000.0
H & R Block Inc,HRB,,12659,2010.0,Q3,2009-11-01,2010-01-31,2011-03-09 16:57:28+00:00,,0.15,0.15,0.15,,0.15,,43848000.0,,50635000.0,53603000.0,-2968000.0,50635000.0,645747000.0,744327000.0,,3007000.0,142179000.0,194661000.0,645747000.0,240759000.0,,48346000.0,194661000.0,46098000.0,51353000.0,97451000.0,886506000.0,337600000.0,332999000.0,334297000.0
H & R Block Inc,HRB,,12659,2010.0,Q2YTD,2009-05-01,2009-10-31,,,-0.78,-0.78,0.3,,-0.78,,-166637000.0,,-262221000.0,-257089000.0,-5132000.0,-262221000.0,797399000.0,542943000.0,,4989000.0,34243000.0,232902000.0,797399000.0,-220213000.0,,24400000.0,232902000.0,-453115000.0,29389000.0,-423726000.0,577186000.0,335346000.0,335346000.0,335346000.0
H & R Block Inc,HRB,,12659,2010.0,Q2TTM,2008-11-01,2009-10-31,,,0.67,0.67,0.6,,0.67,,338517000.0,,492045000.0,517550000.0,-25505000.0,492045000.0,2594714000.0,3423792000.0,,8966000.0,493971000.0,619970000.0,2594714000.0,1323049000.0,,144022000.0,619970000.0,703079000.0,152988000.0,856067000.0,3917763000.0,335346000.0,335346000.0,335346000.0
H & R Block Inc,HRB,,12659,2010.0,Q2,2009-08-01,2009-10-31,2010-12-08 15:37:57+00:00,,-0.38,-0.38,0.15,,-0.38,,-86381000.0,,-128587000.0,-126472000.0,-2115000.0,-128587000.0,410949000.0,294958000.0,,1700000.0,19010000.0,129685000.0,410949000.0,-96981000.0,,12113000.0,129685000.0,-226666000.0,13813000.0,-212853000.0,313968000.0,335346000.0,335346000.0,335346000.0
H & R Block Inc,HRB,,12659,2010.0,Q1TTM,2008-08-01,2009-07-31,,,1.05,1.05,0.6,,1.05,,330606000.0,,484758000.0,510861000.0,-26103000.0,484758000.0,2622530000.0,3445171000.0,,5145000.0,493046000.0,628321000.0,2622530000.0,1315687000.0,,148956000.0,628321000.0,687366000.0,154101000.0,841467000.0,3938217000.0,334100000.0,334533000.0,334533000.0
H & R Block Inc,HRB,,12659,2010.0,Q1,2009-05-01,2009-07-31,2010-09-13 19:56:03+00:00,,-0.4,-0.4,0.15,,-0.4,,-80256000.0,,-133634000.0,-130617000.0,-3017000.0,-133634000.0,386450000.0,247985000.0,,3289000.0,15233000.0,103217000.0,386450000.0,-123232000.0,,12287000.0,103217000.0,-226449000.0,15576000.0,-210873000.0,263218000.0,334100000.0,334533000.0,334533000.0
H & R Block Inc,HRB,,12659,2011.0,Q4,2011-02-01,2011-04-30,,,2.12,2.12,,,2.12,,401841000.0,,658561000.0,642663000.0,15898000.0,658561000.0,507926000.0,1566931000.0,150414000.0,2299000.0,246840000.0,146508000.0,658340000.0,1155431000.0,23567000.0,56849000.0,146508000.0,1008923000.0,35581000.0,1044504000.0,1813771000.0,309230000.0,309230000.0,309230000.0
H & R Block Inc,HRB,,12659,2011.0,FY,2010-05-01,2011-04-30,2013-06-26 16:47:35+00:00,,1.31,1.31,0.45,,1.31,22700000.0,235156000.0,,406110000.0,392547000.0,13563000.0,406110000.0,1278052000.0,2428104000.0,404547000.0,11364000.0,383216000.0,529159000.0,1682599000.0,1128721000.0,94183000.0,133660000.0,551859000.0,576862000.0,50841000.0,627703000.0,2811320000.0,309230000.0,309230000.0,309230000.0
H & R Block Inc,HRB,,12659,2011.0,Q3YTD,2010-05-01,2011-01-31,,,-0.81,-0.81,0.45,,-0.81,22700000.0,-166685000.0,,-252451000.0,-250116000.0,-2335000.0,-252451000.0,770126000.0,861173000.0,254133000.0,9065000.0,136376000.0,382651000.0,1024259000.0,-26710000.0,70616000.0,76811000.0,405351000.0,-432061000.0,15260000.0,-416801000.0,997549000.0,305144000.0,305144000.0,305144000.0
H & R Block Inc,HRB,,12659,2011.0,Q3TTM,2010-02-01,2011-01-31,,,1.26,1.26,0.6,,1.25,22700000.0,224395000.0,,438377000.0,408493000.0,29884000.0,438377000.0,667842000.0,1981451000.0,643858000.0,10669000.0,448881000.0,435692000.0,1311700000.0,1118632000.0,160446000.0,122425000.0,458392000.0,660240000.0,-27352000.0,632888000.0,2430332000.0,305144000.0,305144000.0,305144000.0
H & R Block Inc,HRB,,12659,2011.0,Q3,2010-11-01,2011-01-31,2012-03-07 17:14:11+00:00,,-0.04,-0.04,0.15,,-0.04,22700000.0,-14934000.0,,-12721000.0,-11034000.0,-1687000.0,-12721000.0,315667000.0,513914000.0,154555000.0,1959000.0,110370000.0,190639000.0,470222000.0,154062000.0,24662000.0,56012000.0,213339000.0,-59277000.0,33309000.0,-25968000.0,624284000.0,305144000.0,305144000.0,305144000.0
H & R Block Inc,HRB,,12659,2011.0,Q2YTD,2010-05-01,2010-10-31,,,-0.77,-0.77,0.3,,-0.77,,-151751000.0,,-239730000.0,-239082000.0,-648000.0,-239730000.0,454459000.0,347259000.0,99578000.0,7106000.0,26006000.0,192012000.0,554037000.0,-180772000.0,45954000.0,20799000.0,192012000.0,-372784000.0,-18049000.0,-390833000.0,373265000.0,306804000.0,306804000.0,306804000.0
H & R Block Inc,HRB,,12659,2011.0,Q2TTM,2009-11-01,2010-10-31,,,1.45,1.45,0.6,,1.44,,283177000.0,,501733000.0,473130000.0,28603000.0,501733000.0,997922000.0,2211864000.0,489303000.0,11717000.0,480690000.0,439714000.0,1487225000.0,1205329000.0,135784000.0,114759000.0,439714000.0,765615000.0,-9308000.0,756307000.0,2692554000.0,306804000.0,306804000.0,306804000.0
H & R Block Inc,HRB,,12659,2011.0,Q2,2010-08-01,2010-10-31,2011-12-05 17:10:50+00:00,,-0.36,-0.36,0.15,,-0.36,,-72072000.0,,-109049000.0,-111444000.0,2395000.0,-109049000.0,168645000.0,99840000.0,40338000.0,3852000.0,9253000.0,74983000.0,208983000.0,-99890000.0,22992000.0,10497000.0,74983000.0,-174873000.0,-8643000.0,-183516000.0,109093000.0,306804000.0,306804000.0,306804000.0
H & R Block Inc,HRB,,12659,2011.0,Q1TTM,2009-08-01,2010-07-31,,,1.43,1.43,0.6,,1.42,,268868000.0,,482195000.0,458102000.0,24093000.0,482195000.0,1240226000.0,2406982000.0,448965000.0,9565000.0,490447000.0,494416000.0,1689191000.0,1208238000.0,112792000.0,116375000.0,494416000.0,713822000.0,13148000.0,726970000.0,2897429000.0,319690000.0,319690000.0,319690000.0
H & R Block Inc,HRB,,12659,2011.0,Q1,2010-05-01,2010-07-31,2011-09-01 17:01:29+00:00,,-0.41,-0.41,0.15,,-0.41,,-79679000.0,,-130681000.0,-127638000.0,-3043000.0,-130681000.0,285814000.0,247419000.0,59240000.0,3254000.0,16753000.0,117029000.0,345054000.0,-80882000.0,22962000.0,10302000.0,117029000.0,-197911000.0,-9406000.0,-207317000.0,264172000.0,319690000.0,319690000.0,319690000.0
H & R Block Inc,HRB,,12659,2012.0,Q4,2012-02-01,2012-04-30,,,1.94,1.94,0.2,69310000.0,1.94,3152000.0,389923000.0,,586103000.0,591703000.0,-5600000.0,586103000.0,579862000.0,1717064000.0,134349000.0,593000.0,243547000.0,210231000.0,714211000.0,1246400000.0,22737000.0,40063000.0,282693000.0,963707000.0,17919000.0,981626000.0,1960611000.0,297863000.0,297863000.0,297863000.0
H & R Block Inc,HRB,,12659,2012.0,FY,2011-05-01,2012-04-30,2014-06-19 16:08:47+00:00,,0.89,0.89,0.7,69310000.0,0.89,7409000.0,230102000.0,,265932000.0,345968000.0,-80036000.0,265932000.0,1209973000.0,2434307000.0,330323000.0,9778000.0,359664000.0,618375000.0,1540296000.0,1253675000.0,92089000.0,99800000.0,695094000.0,558581000.0,17489000.0,576070000.0,2793971000.0,297863000.0,297863000.0,297863000.0
H & R Block Inc,HRB,,12659,2012.0,Q3YTD,2011-05-01,2012-01-31,,,-1.05,-1.05,0.5,,-1.05,4257000.0,-159821000.0,,-320171000.0,-245735000.0,-74436000.0,-320171000.0,630111000.0,717243000.0,195974000.0,9185000.0,116117000.0,408144000.0,826085000.0,7275000.0,69352000.0,59737000.0,412401000.0,-405126000.0,-430000.0,-405556000.0,833360000.0,292963000.0,334900000.0,334900000.0
H & R Block Inc,HRB,,12659,2012.0,Q3TTM,2011-02-01,2012-01-31,,,1.07,1.07,0.5,,1.07,4257000.0,242020000.0,,338390000.0,396928000.0,-58538000.0,338390000.0,1138037000.0,2284174000.0,346388000.0,11484000.0,362957000.0,554652000.0,1484425000.0,1162706000.0,92919000.0,116586000.0,558909000.0,603797000.0,35151000.0,638948000.0,2647131000.0,292963000.0,334900000.0,334900000.0
H & R Block Inc,HRB,,12659,2012.0,Q3,2011-11-01,2012-01-31,2013-03-07 17:19:37+00:00,,-0.01,-0.01,0.2,,-0.01,,2541000.0,,-3349000.0,-3567000.0,218000.0,-3349000.0,318274000.0,524240000.0,113423000.0,2670000.0,99564000.0,211736000.0,431697000.0,192107000.0,23543000.0,39476000.0,211736000.0,-19629000.0,18603000.0,-1026000.0,623804000.0,292963000.0,334900000.0,334900000.0
H & R Block Inc,HRB,,12659,2012.0,Q2YTD,2011-05-01,2011-10-31,,,-1.04,-1.04,0.3,,-1.04,4257000.0,-162362000.0,,-316822000.0,-242168000.0,-74654000.0,-316822000.0,311837000.0,193003000.0,82551000.0,6515000.0,16553000.0,196408000.0,394388000.0,-184832000.0,45809000.0,20261000.0,200665000.0,-385497000.0,-19033000.0,-404530000.0,209556000.0,299895000.0,299895000.0,299895000.0
H & R Block Inc,HRB,,12659,2012.0,Q2TTM,2010-11-01,2011-10-31,,,1.04,1.04,0.45,,1.04,26957000.0,224545000.0,,329018000.0,389461000.0,-60443000.0,329018000.0,1135430000.0,2273848000.0,387520000.0,10773000.0,373763000.0,533555000.0,1522950000.0,1124661000.0,94038000.0,133122000.0,560512000.0,564149000.0,49857000.0,614006000.0,2647611000.0,299895000.0,299895000.0,299895000.0
H & R Block Inc,HRB,,12659,2012.0,Q2,2011-08-01,2011-10-31,2012-12-06 06:11:18+00:00,,-0.47,-0.47,0.15,,-0.47,4257000.0,-80916000.0,,-141724000.0,-123013000.0,-18711000.0,-141724000.0,164641000.0,109983000.0,40099000.0,2502000.0,9290000.0,103755000.0,204740000.0,-85467000.0,22873000.0,9921000.0,108012000.0,-193479000.0,-10450000.0,-203929000.0,119273000.0,299895000.0,299895000.0,299895000.0
H & R Block Inc,HRB,,12659,2012.0,Q1TTM,2010-08-01,2011-07-31,,,1.15,1.15,0.45,,1.15,22700000.0,233389000.0,,361693000.0,401030000.0,-39337000.0,361693000.0,1139434000.0,2263705000.0,387759000.0,12123000.0,373726000.0,504783000.0,1527193000.0,1110238000.0,94157000.0,133698000.0,527483000.0,582755000.0,51664000.0,634419000.0,2637431000.0,305491000.0,305491000.0,305491000.0
H & R Block Inc,HRB,,12659,2012.0,Q1,2011-05-01,2011-07-31,2012-09-05 17:17:16+00:00,,-0.57,-0.57,0.15,,-0.57,,-81446000.0,,-175098000.0,-119155000.0,-55943000.0,-175098000.0,147196000.0,83020000.0,42452000.0,4013000.0,7263000.0,92653000.0,189648000.0,-99365000.0,22936000.0,10340000.0,92653000.0,-192018000.0,-8583000.0,-200601000.0,90283000.0,305491000.0,305491000.0,305491000.0
H & R Block Inc,HRB,,12659,2013.0,Q4,2013-02-01,2013-04-30,,17178000.0,2.44,2.44,0.2,,2.43,,440914000.0,270783000.0,664340000.0,688922000.0,-24582000.0,664340000.0,648402000.0,1983301000.0,163931000.0,3026000.0,274943000.0,-36294000.0,812333000.0,1445911000.0,9402000.0,-58032000.0,251667000.0,1194244000.0,-64408000.0,1129836000.0,2258244000.0,273057000.0,273057000.0,273057000.0
H & R Block Inc,HRB,,12659,2013.0,FY,2012-05-01,2013-04-30,2015-06-17 16:36:12+00:00,17178000.0,1.59,1.59,0.8,,1.58,,236853000.0,270783000.0,433948000.0,465158000.0,-31210000.0,433948000.0,1199002000.0,2541829000.0,331489000.0,5325000.0,364114000.0,316508000.0,1530491000.0,1375452000.0,74297000.0,,604469000.0,770983000.0,-68972000.0,702011000.0,2905943000.0,273057000.0,273057000.0,273057000.0
H & R Block Inc,HRB,,12659,2013.0,Q3YTD,2012-05-01,2013-01-31,,,-0.85,-0.85,0.6,,-0.85,,-204061000.0,,-230392000.0,-223764000.0,-6628000.0,-230392000.0,550600000.0,558528000.0,167558000.0,2299000.0,89171000.0,352802000.0,718158000.0,-70459000.0,64895000.0,58032000.0,352802000.0,-423261000.0,-4564000.0,-427825000.0,647699000.0,253000000.0,253000000.0,271542000.0
H & R Block Inc,HRB,,12659,2013.0,Q3TTM,2012-02-01,2013-01-31,,,1.09,1.09,0.8,69310000.0,1.09,3152000.0,185862000.0,,355711000.0,367939000.0,-12228000.0,355711000.0,1130462000.0,2275592000.0,301907000.0,2892000.0,332718000.0,563033000.0,1432369000.0,1175941000.0,87632000.0,98095000.0,635495000.0,540446000.0,13355000.0,553801000.0,2608310000.0,253000000.0,253000000.0,271542000.0
H & R Block Inc,HRB,,12659,2013.0,Q3,2012-11-01,2013-01-31,2014-03-06 17:03:35+00:00,,-0.07,-0.07,0.2,,-0.07,,-79353000.0,,-17708000.0,-16915000.0,-793000.0,-17708000.0,263172000.0,362194000.0,95018000.0,-3632000.0,71485000.0,186997000.0,358190000.0,75489000.0,19428000.0,38300000.0,186997000.0,-111508000.0,15240000.0,-96268000.0,433679000.0,253000000.0,253000000.0,271542000.0
H & R Block Inc,HRB,,12659,2013.0,Q2YTD,2012-05-01,2012-10-31,,,-0.78,-0.78,0.4,,-0.78,,-124708000.0,,-212684000.0,-206849000.0,-5835000.0,-212684000.0,287428000.0,196334000.0,72540000.0,5931000.0,17686000.0,165805000.0,359968000.0,-145948000.0,45467000.0,19732000.0,165805000.0,-311753000.0,-19804000.0,-331557000.0,214020000.0,271145000.0,271145000.0,271145000.0
H & R Block Inc,HRB,,12659,2013.0,Q2TTM,2011-11-01,2012-10-31,,,1.15,1.15,0.8,69310000.0,1.15,3152000.0,267756000.0,,370070000.0,381287000.0,-11217000.0,370070000.0,1185564000.0,2437638000.0,320312000.0,9194000.0,360797000.0,587772000.0,1505876000.0,1292559000.0,91747000.0,99271000.0,660234000.0,632325000.0,16718000.0,649043000.0,2798435000.0,271145000.0,271145000.0,271145000.0
H & R Block Inc,HRB,,12659,2013.0,Q2,2012-08-01,2012-10-31,2013-12-10 17:06:26+00:00,,-0.39,-0.39,0.2,,-0.39,,-61089000.0,,-105243000.0,-101199000.0,-4044000.0,-105243000.0,153358000.0,116438000.0,35263000.0,2787000.0,10966000.0,90327000.0,188621000.0,-61217000.0,23390000.0,9859000.0,90327000.0,-151544000.0,-10744000.0,-162288000.0,127404000.0,271145000.0,271145000.0,271145000.0
H & R Block Inc,HRB,,12659,2013.0,Q1TTM,2011-08-01,2012-07-31,,,1.07,1.07,0.75,69310000.0,1.07,7409000.0,247929000.0,,333589000.0,359473000.0,-25884000.0,333589000.0,1196847000.0,2431183000.0,325148000.0,8909000.0,359121000.0,601200000.0,1521995000.0,1268309000.0,91230000.0,99333000.0,677919000.0,590390000.0,17012000.0,607402000.0,2790304000.0,277155000.0,277155000.0,277155000.0
H & R Block Inc,HRB,,12659,2013.0,Q1,2012-05-01,2012-07-31,2013-09-05 13:08:24+00:00,,-0.39,-0.39,0.2,,-0.39,,-63619000.0,,-107441000.0,-105650000.0,-1791000.0,-107441000.0,134070000.0,79896000.0,37277000.0,3144000.0,6720000.0,75478000.0,171347000.0,-84731000.0,22077000.0,9873000.0,75478000.0,-160209000.0,-9060000.0,-169269000.0,86616000.0,277155000.0,277155000.0,277155000.0
H & R Block Inc,HRB,,12659,2014.0,FY,2013-05-01,2014-04-30,2016-06-17 17:07:38+00:00,22345000.0,1.73,1.73,0.8,,1.72,,267019000.0,238763000.0,475157000.0,500097000.0,-24940000.0,475157000.0,1272664000.0,2570273000.0,299713000.0,3905000.0,454022000.0,372320000.0,1572377000.0,1451918000.0,55279000.0,,633428000.0,818490000.0,-51374000.0,767116000.0,3024295000.0,273830000.0,273830000.0,273830000.0
H & R Block Inc,HRB,,12659,2014.0,Q4,2014-02-01,2014-04-30,,15801000.0,3.32,3.32,0.2,-40715000.0,3.31,,549664000.0,160820000.0,909998000.0,929133000.0,-19135000.0,909998000.0,730248000.0,2174059000.0,130509000.0,17200000.0,410754000.0,91570000.0,860757000.0,1724056000.0,13160000.0,-21823000.0,227476000.0,1496580000.0,-17783000.0,1478797000.0,2584813000.0,273830000.0,273830000.0,273830000.0
H & R Block Inc,HRB,,12659,2014.0,Q3YTD,2013-05-01,2014-01-31,,6544000.0,-1.59,-1.59,0.6,40715000.0,-1.59,,-282645000.0,77943000.0,-434841000.0,-429036000.0,-5805000.0,-434841000.0,542416000.0,396214000.0,169204000.0,-13295000.0,43268000.0,280750000.0,711620000.0,-272138000.0,42119000.0,21823000.0,405952000.0,-678090000.0,-33591000.0,-711681000.0,439482000.0,274110000.0,274110000.0,274110000.0
H & R Block Inc,HRB,,12659,2014.0,Q3TTM,2013-02-01,2014-01-31,,23722000.0,0.85,0.85,0.8,40715000.0,0.84,,158269000.0,348726000.0,229499000.0,259886000.0,-30387000.0,229499000.0,1190818000.0,2379515000.0,333135000.0,-10269000.0,318211000.0,244456000.0,1523953000.0,1173773000.0,51521000.0,-36209000.0,657619000.0,516154000.0,-97999000.0,418155000.0,2697726000.0,274110000.0,274110000.0,274110000.0
H & R Block Inc,HRB,,12659,2014.0,Q3,2013-11-01,2014-01-31,2015-03-05 17:05:43+00:00,6544000.0,-0.78,-0.78,0.2,,-0.78,,-135074000.0,77943000.0,-214711000.0,-212751000.0,-1960000.0,-214711000.0,274484000.0,175982000.0,75181000.0,-9610000.0,23788000.0,89961000.0,349665000.0,-149895000.0,13872000.0,,174448000.0,-324343000.0,-23482000.0,-347825000.0,199770000.0,274110000.0,274110000.0,274110000.0
H & R Block Inc,HRB,,12659,2014.0,Q2YTD,2013-05-01,2013-10-31,,,-0.81,-0.81,0.4,40715000.0,-0.81,,-147571000.0,,-220130000.0,-216285000.0,-3845000.0,-220130000.0,267932000.0,220232000.0,94023000.0,-3685000.0,19480000.0,190789000.0,361955000.0,-122243000.0,28247000.0,21823000.0,231504000.0,-353747000.0,-10109000.0,-363856000.0,239712000.0,273907000.0,273907000.0,273907000.0
H & R Block Inc,HRB,,12659,2014.0,Q2TTM,2012-11-01,2013-10-31,,17178000.0,1.56,1.56,0.8,40715000.0,1.55,,213990000.0,270783000.0,426502000.0,455722000.0,-29220000.0,426502000.0,1179506000.0,2565727000.0,352972000.0,-4291000.0,365908000.0,341492000.0,1532478000.0,1399157000.0,57077000.0,2091000.0,670168000.0,728989000.0,-59277000.0,669712000.0,2931635000.0,273907000.0,273907000.0,273907000.0
H & R Block Inc,HRB,,12659,2014.0,Q2,2013-08-01,2013-10-31,2014-12-09 17:06:37+00:00,,-0.39,-0.39,0.2,22095000.0,-0.39,,-76347000.0,,-104943000.0,-103015000.0,-1928000.0,-104943000.0,142884000.0,112432000.0,42084000.0,1254000.0,11282000.0,94092000.0,184968000.0,-61254000.0,13801000.0,10626000.0,116187000.0,-177441000.0,-1921000.0,-179362000.0,123714000.0,273907000.0,273907000.0,273907000.0
H & R Block Inc,HRB,,12659,2014.0,Q1TTM,2012-08-01,2013-07-31,,17178000.0,1.56,1.56,0.8,18620000.0,1.55,,229248000.0,270783000.0,426202000.0,457538000.0,-31336000.0,426202000.0,1189980000.0,2569733000.0,346151000.0,-2758000.0,365592000.0,337727000.0,1536131000.0,1399194000.0,66666000.0,1324000.0,644308000.0,754886000.0,-68100000.0,686786000.0,2935325000.0,273080000.0,273080000.0,273080000.0
H & R Block Inc,HRB,,12659,2014.0,Q1,2013-05-01,2013-07-31,2014-09-04 15:17:17+00:00,,-0.42,-0.42,0.2,18620000.0,-0.42,,-71224000.0,,-115187000.0,-113270000.0,-1917000.0,-115187000.0,125048000.0,107800000.0,51939000.0,-4939000.0,8198000.0,96697000.0,176987000.0,-60989000.0,14446000.0,11197000.0,115317000.0,-176306000.0,-8188000.0,-184494000.0,115998000.0,273080000.0,273080000.0,273080000.0
H & R Block Inc,HRB,,12659,2015.0,FY,2014-05-01,2015-04-30,2017-06-16 16:16:56+00:00,47943000.0,1.72,1.72,0.8,,1.71,,256061000.0,273682000.0,473663000.0,486744000.0,-13081000.0,473663000.0,1342965000.0,2651057000.0,287525000.0,-6615000.0,427601000.0,331877000.0,1630490000.0,1448168000.0,45246000.0,,653502000.0,794666000.0,-51861000.0,742805000.0,3078658000.0,275033000.0,275033000.0,275033000.0
H & R Block Inc,HRB,,12659,2015.0,Q4,2015-02-01,2015-04-30,,14732000.0,2.68,2.68,0.2,,2.67,,465926000.0,165455000.0,738841000.0,744133000.0,-5292000.0,738841000.0,689143000.0,2004402000.0,127246000.0,3014000.0,296968000.0,89189000.0,816389000.0,1484981000.0,8560000.0,,269376000.0,1215605000.0,-5546000.0,1210059000.0,2301370000.0,275033000.0,275033000.0,275033000.0
H & R Block Inc,HRB,,12659,2015.0,Q3,2014-11-01,2015-01-31,2016-03-11 16:04:57+00:00,14110000.0,-0.13,-0.13,0.2,,-0.13,,-55554000.0,87569000.0,-36948000.0,-35311000.0,-1637000.0,-36948000.0,308140000.0,406441000.0,86538000.0,-6666000.0,102633000.0,87868000.0,394678000.0,114396000.0,9048000.0,,189547000.0,-75151000.0,-15714000.0,-90865000.0,509074000.0,275190000.0,275190000.0,275190000.0
H & R Block Inc,HRB,,12659,2015.0,Q3YTD,2014-05-01,2015-01-31,,33211000.0,-0.96,-0.96,0.6,,-0.96,,-209865000.0,108227000.0,-265178000.0,-257389000.0,-7789000.0,-265178000.0,653822000.0,646655000.0,160279000.0,-9629000.0,130633000.0,242688000.0,814101000.0,-36813000.0,36686000.0,,384126000.0,-420939000.0,-46315000.0,-467254000.0,777288000.0,275190000.0,275190000.0,275190000.0
H & R Block Inc,HRB,,12659,2015.0,Q3TTM,2014-02-01,2015-01-31,,49012000.0,2.36,2.36,0.8,-40715000.0,2.35,,339799000.0,269047000.0,644820000.0,671744000.0,-26924000.0,644820000.0,1384070000.0,2820714000.0,290788000.0,7571000.0,541387000.0,334258000.0,1674858000.0,1687243000.0,49846000.0,-21823000.0,611602000.0,1075641000.0,-64098000.0,1011543000.0,3362101000.0,275190000.0,275190000.0,275190000.0
H & R Block Inc,HRB,,12659,2015.0,Q2,2014-08-01,2014-10-31,2015-12-09 17:04:34+00:00,10500000.0,-0.41,-0.41,0.2,,-0.41,,-87346000.0,12513000.0,-111998000.0,-113227000.0,1229000.0,-111998000.0,185436000.0,115442000.0,36261000.0,-2282000.0,19186000.0,74366000.0,221697000.0,-87069000.0,13843000.0,,97379000.0,-184448000.0,-16125000.0,-200573000.0,134628000.0,275106000.0,275106000.0,275106000.0
H & R Block Inc,HRB,,12659,2015.0,Q2YTD,2014-05-01,2014-10-31,,19101000.0,-0.83,-0.83,0.4,,-0.83,,-154311000.0,20658000.0,-228230000.0,-222078000.0,-6152000.0,-228230000.0,345682000.0,240214000.0,73741000.0,-2963000.0,28000000.0,154820000.0,419423000.0,-151209000.0,27638000.0,,194579000.0,-345788000.0,-30601000.0,-376389000.0,268214000.0,275106000.0,275106000.0,275106000.0
H & R Block Inc,HRB,,12659,2015.0,Q2TTM,2013-11-01,2014-10-31,,41446000.0,1.71,1.71,0.8,-40715000.0,1.7,,260279000.0,259421000.0,467057000.0,494304000.0,-27247000.0,467057000.0,1350414000.0,2590255000.0,279431000.0,4627000.0,462542000.0,336351000.0,1629845000.0,1422952000.0,54670000.0,-21823000.0,596503000.0,826449000.0,-71866000.0,754583000.0,3052797000.0,275106000.0,275106000.0,275106000.0
H & R Block Inc,HRB,,12659,2015.0,Q1TTM,2013-08-01,2014-07-31,,30946000.0,1.73,1.73,0.8,-18620000.0,1.72,,271278000.0,246908000.0,474112000.0,504516000.0,-30404000.0,474112000.0,1307862000.0,2587245000.0,285254000.0,8163000.0,454638000.0,356077000.0,1593116000.0,1448767000.0,54628000.0,-11197000.0,615311000.0,833456000.0,-57662000.0,775794000.0,3041883000.0,274575000.0,274575000.0,274575000.0
H & R Block Inc,HRB,,12659,2015.0,Q1,2014-05-01,2014-07-31,2015-09-04 16:09:34+00:00,8601000.0,-0.42,-0.42,0.2,,-0.42,,-66965000.0,8145000.0,-116232000.0,-108851000.0,-7381000.0,-116232000.0,160246000.0,124772000.0,37480000.0,-681000.0,8814000.0,80454000.0,197726000.0,-64140000.0,13795000.0,,97200000.0,-161340000.0,-14476000.0,-175816000.0,133586000.0,274575000.0,274575000.0,274575000.0
H & R Block Inc,HRB,,12659,2016.0,FY,2015-05-01,2016-04-30,2018-06-15 16:34:07+00:00,,1.5,1.5,0.8,,1.49,,185926000.0,,374267000.0,383553000.0,-9286000.0,374267000.0,1685552000.0,2653936000.0,,5249000.0,384217000.0,719409000.0,1685552000.0,1352601000.0,68962000.0,,719409000.0,633192000.0,-63713000.0,569479000.0,3038153000.0,249009000.0,249009000.0,249009000.0
H & R Block Inc,HRB,,12659,2016.0,Q4,2016-02-01,2016-04-30,,-43509000.0,2.76,2.76,0.2,,2.75,,439582000.0,-115204000.0,700662000.0,701225000.0,-563000.0,700662000.0,1019810000.0,2032580000.0,-166680000.0,2591000.0,264897000.0,442211000.0,853130000.0,1444347000.0,22633000.0,,283498000.0,1160849000.0,-20042000.0,1140807000.0,2297477000.0,249009000.0,249009000.0,249009000.0
H & R Block Inc,HRB,,12659,2016.0,Q3,2015-11-01,2016-01-31,2017-03-08 17:20:19+00:00,16508000.0,-0.35,-0.35,0.2,,-0.35,,-67851000.0,93708000.0,-81729000.0,-78649000.0,-3080000.0,-81729000.0,306911000.0,389502000.0,85602000.0,-3085000.0,85041000.0,91656000.0,392513000.0,82030000.0,23573000.0,,201872000.0,-119842000.0,-26658000.0,-146500000.0,474543000.0,231904000.0,231904000.0,231904000.0
H & R Block Inc,HRB,,12659,2016.0,Q3YTD,2015-05-01,2016-01-31,,43509000.0,-1.26,-1.26,0.6,,-1.26,,-253656000.0,115204000.0,-326395000.0,-317672000.0,-8723000.0,-326395000.0,665742000.0,621356000.0,166680000.0,2658000.0,119320000.0,277198000.0,832422000.0,-91746000.0,46329000.0,,435911000.0,-527657000.0,-43671000.0,-571328000.0,740676000.0,231904000.0,231904000.0,231904000.0
H & R Block Inc,HRB,,12659,2016.0,Q3TTM,2015-02-01,2016-01-31,,58241000.0,1.42,1.42,0.8,,1.41,,212270000.0,280659000.0,412446000.0,426461000.0,-14015000.0,412446000.0,1354885000.0,2625758000.0,293926000.0,5672000.0,416288000.0,366387000.0,1648811000.0,1393235000.0,54889000.0,,705287000.0,687948000.0,-49217000.0,638731000.0,3042046000.0,231904000.0,231904000.0,231904000.0
H & R Block Inc,HRB,,12659,2016.0,Q2,2015-08-01,2015-10-31,2016-12-08 17:08:05+00:00,13991000.0,-0.55,-0.55,0.2,,-0.55,,-95201000.0,12965000.0,-145007000.0,-142518000.0,-2489000.0,-145007000.0,186103000.0,113420000.0,40298000.0,10295000.0,14995000.0,108891000.0,226401000.0,-97986000.0,14181000.0,,135847000.0,-233833000.0,-3886000.0,-237719000.0,128415000.0,266267000.0,266267000.0,266267000.0
H & R Block Inc,HRB,,12659,2016.0,Q2YTD,2015-05-01,2015-10-31,,27001000.0,-0.91,-0.91,0.4,,-0.91,,-185805000.0,21496000.0,-244666000.0,-239023000.0,-5643000.0,-244666000.0,358831000.0,231854000.0,81078000.0,5743000.0,34279000.0,185542000.0,439909000.0,-173776000.0,22756000.0,,234039000.0,-407815000.0,-17013000.0,-424828000.0,266133000.0,266267000.0,266267000.0,266267000.0
H & R Block Inc,HRB,,12659,2016.0,Q2TTM,2014-11-01,2015-10-31,,55843000.0,1.64,1.64,0.8,,1.63,,224567000.0,274520000.0,457227000.0,469799000.0,-12572000.0,457227000.0,1356114000.0,2642697000.0,294862000.0,2091000.0,433880000.0,362599000.0,1650976000.0,1425601000.0,40364000.0,,692962000.0,732639000.0,-38273000.0,694366000.0,3076577000.0,266267000.0,266267000.0,266267000.0
H & R Block Inc,HRB,,12659,2016.0,Q1,2015-05-01,2015-07-31,2016-09-01 17:14:04+00:00,13010000.0,-0.36,-0.36,0.2,,-0.36,,-90604000.0,8531000.0,-99659000.0,-96505000.0,-3154000.0,-99659000.0,172728000.0,118434000.0,40780000.0,-4552000.0,19284000.0,76651000.0,213508000.0,-75790000.0,8575000.0,,98192000.0,-173982000.0,-13127000.0,-187109000.0,137718000.0,275765000.0,275765000.0,275765000.0
H & R Block Inc,HRB,,12659,2016.0,Q1TTM,2014-08-01,2015-07-31,,52352000.0,1.78,1.78,0.8,,1.77,,232422000.0,274068000.0,490236000.0,499090000.0,-8854000.0,490236000.0,1355447000.0,2644719000.0,290825000.0,-10486000.0,438071000.0,328074000.0,1646272000.0,1436518000.0,40026000.0,,654494000.0,782024000.0,-50512000.0,731512000.0,3082790000.0,275765000.0,275765000.0,275765000.0
H & R Block Inc,HRB,,12659,2017.0,FY,2016-05-01,2017-04-30,2019-06-14 16:26:26+00:00,,1.92,1.92,0.88,,1.91,,208370000.0,,408945000.0,420917000.0,-12000000.0,408945000.0,1644377000.0,3036314000.0,,6254000.0,,675953000.0,1644377000.0,1391937000.0,92951000.0,,675953000.0,715984000.0,-86697000.0,629287000.0,3036314000.0,212809000.0,212809000.0,212809000.0
H & R Block Inc,HRB,,12659,2017.0,Q4,2017-02-01,2017-04-30,,-44986000.0,3.66,3.66,0.22,,3.65,,425333000.0,-103663000.0,783352000.0,786570000.0,-3246000.0,783352000.0,984487000.0,2443593000.0,-165675000.0,1306000.0,-115678000.0,424230000.0,818812000.0,1509103000.0,22925000.0,,275581000.0,1233522000.0,-21619000.0,1211903000.0,2327915000.0,212809000.0,212809000.0,212809000.0
H & R Block Inc,HRB,,12659,2017.0,Q3,2016-11-01,2017-01-31,2018-03-07 17:52:30+00:00,15332000.0,-0.5,-0.5,0.22,,-0.5,,-49386000.0,84101000.0,-104514000.0,-101212000.0,-3302000.0,-104514000.0,298937000.0,361397000.0,89840000.0,134000.0,90485000.0,88464000.0,388777000.0,63105000.0,25940000.0,,187897000.0,-124792000.0,-25806000.0,-150598000.0,451882000.0,207862000.0,207862000.0,207862000.0
H & R Block Inc,HRB,,12659,2017.0,Q3YTD,2016-05-01,2017-01-31,,44986000.0,-1.74,-1.74,0.66,,-1.74,,-216963000.0,103663000.0,-374407000.0,-365653000.0,-8754000.0,-374407000.0,659890000.0,592721000.0,165675000.0,4948000.0,115678000.0,251723000.0,825565000.0,-117166000.0,70026000.0,,400372000.0,-517538000.0,-65078000.0,-582616000.0,708399000.0,207862000.0,207862000.0,207862000.0
H & R Block Inc,HRB,,12659,2017.0,Q3TTM,2016-02-01,2017-01-31,,1477000.0,1.02,1.02,0.86,,1.01,,222619000.0,-11541000.0,326255000.0,335572000.0,-9317000.0,326255000.0,1679700000.0,2625301000.0,-1005000.0,7539000.0,380575000.0,693934000.0,1678695000.0,1327181000.0,92659000.0,,683870000.0,643311000.0,-85120000.0,558191000.0,3005876000.0,207862000.0,207862000.0,207862000.0
H & R Block Inc,HRB,,12659,2017.0,Q2,2016-08-01,2016-10-31,2017-12-07 17:12:07+00:00,15839000.0,-0.68,-0.68,0.22,,-0.68,,-85054000.0,12001000.0,-146220000.0,-143415000.0,-2805000.0,-146220000.0,186706000.0,118940000.0,38996000.0,2173000.0,12392000.0,85812000.0,225702000.0,-94370000.0,22620000.0,,113652000.0,-208022000.0,-20447000.0,-228469000.0,131332000.0,215535000.0,215535000.0,215535000.0
H & R Block Inc,HRB,,12659,2017.0,Q2YTD,2016-05-01,2016-10-31,,29654000.0,-1.24,-1.24,0.44,,-1.24,,-167577000.0,19562000.0,-269893000.0,-264441000.0,-5452000.0,-269893000.0,360953000.0,231324000.0,75835000.0,4814000.0,25193000.0,163259000.0,436788000.0,-180271000.0,44086000.0,,212475000.0,-392746000.0,-39272000.0,-432018000.0,256517000.0,215535000.0,215535000.0,215535000.0
H & R Block Inc,HRB,,12659,2017.0,Q2TTM,2015-11-01,2016-10-31,,2653000.0,1.17,1.17,0.84,,1.16,,204154000.0,-1934000.0,349040000.0,358135000.0,-9095000.0,349040000.0,1687674000.0,2653406000.0,-5243000.0,4320000.0,375131000.0,697126000.0,1682431000.0,1346106000.0,90292000.0,,697845000.0,648261000.0,-85972000.0,562289000.0,3028537000.0,215535000.0,215535000.0,215535000.0
H & R Block Inc,HRB,,12659,2017.0,Q1,2016-05-01,2016-07-31,2017-09-01 16:11:27+00:00,13815000.0,-0.56,-0.56,0.22,,-0.56,,-82523000.0,7561000.0,-123673000.0,-121026000.0,-2647000.0,-123673000.0,174247000.0,112384000.0,36839000.0,2641000.0,12801000.0,77447000.0,211086000.0,-85901000.0,21466000.0,,98823000.0,-184724000.0,-18825000.0,-203549000.0,125185000.0,220484000.0,220484000.0,220484000.0
H & R Block Inc,HRB,,12659,2017.0,Q1TTM,2015-08-01,2016-07-31,,805000.0,1.3,1.3,0.82,,1.29,,194007000.0,-970000.0,350253000.0,359032000.0,-8779000.0,350253000.0,1687071000.0,2647886000.0,-3941000.0,12442000.0,377734000.0,720205000.0,1683130000.0,1342490000.0,81853000.0,,720040000.0,622450000.0,-69411000.0,553039000.0,3025620000.0,220484000.0,220484000.0,220484000.0
H & R Block Inc,HRB,,12659,2018.0,FY,2017-05-01,2018-04-30,2020-06-16 18:23:12+00:00,,2.93,2.93,0.96,,2.91,0.0,41823000.0,,613149000.0,626909000.0,-13760000.0,613149000.0,1739729000.0,3159931000.0,,6054000.0,,668152000.0,1739729000.0,1420202000.0,89372000.0,,668152000.0,752050000.0,-83318000.0,668732000.0,3159931000.0,209300000.0,209300000.0,210700000.0
H & R Block Inc,HRB,,12659,2018.0,Q4,2018-02-01,2018-04-30,,,5.48,5.48,-0.72,,5.46,,85057000.0,,1142927000.0,1145964000.0,-3037000.0,1142927000.0,855394000.0,2405956000.0,,2795000.0,-13107000.0,286959000.0,855394000.0,1537455000.0,22270000.0,,286959000.0,1250496000.0,-19475000.0,1231021000.0,2392849000.0,209300000.0,209300000.0,210700000.0
H & R Block Inc,HRB,,12659,2018.0,Q3,2017-11-01,2018-01-31,2019-03-08 17:25:00+00:00,,-1.18,-1.18,0.24,,-1.18,,122120000.0,,-245645000.0,-242925000.0,-2720000.0,-245645000.0,416601000.0,488426000.0,,1028000.0,,169098000.0,416601000.0,71825000.0,24560000.0,,169098000.0,-97273000.0,-23532000.0,-120805000.0,488426000.0,209080000.0,209080000.0,209080000.0
H & R Block Inc,HRB,,12659,2018.0,Q3YTD,2017-05-01,2018-01-31,,,-2.55,-2.55,0.72,,-2.55,,-43234000.0,,-529778000.0,-519055000.0,-10723000.0,-529778000.0,884335000.0,753975000.0,,3259000.0,13107000.0,381193000.0,884335000.0,-117253000.0,67102000.0,,381193000.0,-498446000.0,-63843000.0,-562289000.0,767082000.0,209080000.0,209080000.0,209080000.0
H & R Block Inc,HRB,,12659,2018.0,Q3TTM,2017-02-01,2018-01-31,,-44986000.0,1.11,1.11,0.94,,1.1,,382099000.0,-103663000.0,253574000.0,267515000.0,-13969000.0,253574000.0,1868822000.0,3197568000.0,-165675000.0,4565000.0,-102571000.0,805423000.0,1703147000.0,1391850000.0,90027000.0,,656774000.0,735076000.0,-85462000.0,649614000.0,3094997000.0,209080000.0,209080000.0,209080000.0
H & R Block Inc,HRB,,12659,2018.0,Q2,2017-08-01,2017-10-31,2018-12-07 17:14:47+00:00,,-0.74,-0.74,0.24,,-0.74,,-87953000.0,,-153566000.0,-148312000.0,-5254000.0,-153566000.0,240019000.0,140854000.0,,1011000.0,,116846000.0,240019000.0,-99165000.0,21265000.0,,116846000.0,-216011000.0,-20254000.0,-236265000.0,140854000.0,209065000.0,209065000.0,209065000.0
H & R Block Inc,HRB,,12659,2018.0,Q2YTD,2017-05-01,2017-10-31,,,-1.37,-1.37,0.48,,-1.37,,-165354000.0,,-284133000.0,-276130000.0,-8003000.0,-284133000.0,467734000.0,265549000.0,,2231000.0,13107000.0,212095000.0,467734000.0,-189078000.0,42542000.0,,212095000.0,-401173000.0,-40311000.0,-441484000.0,278656000.0,209065000.0,209065000.0,209065000.0
H & R Block Inc,HRB,,12659,2018.0,Q2TTM,2016-11-01,2017-10-31,,-29654000.0,1.79,1.79,0.92,,1.78,,210593000.0,-19562000.0,394705000.0,409228000.0,-14551000.0,394705000.0,1751158000.0,3070539000.0,-75835000.0,3671000.0,-12086000.0,724789000.0,1675323000.0,1383130000.0,91407000.0,,675573000.0,707557000.0,-87736000.0,619821000.0,3058453000.0,209065000.0,209065000.0,209065000.0
H & R Block Inc,HRB,,12659,2018.0,Q1,2017-05-01,2017-07-31,2018-09-07 17:23:56+00:00,,-0.63,-0.63,0.24,,-0.63,,-77401000.0,,-130567000.0,-127818000.0,-2749000.0,-130567000.0,227715000.0,124695000.0,,1220000.0,13107000.0,95249000.0,227715000.0,-89913000.0,21277000.0,,95249000.0,-185162000.0,-20057000.0,-205219000.0,137802000.0,207935000.0,207935000.0,207935000.0
H & R Block Inc,HRB,,12659,2018.0,Q1TTM,2016-08-01,2017-07-31,,-13815000.0,1.85,1.85,0.9,,1.84,,213492000.0,-7561000.0,402051000.0,414125000.0,-12102000.0,402051000.0,1697845000.0,3048625000.0,-36839000.0,4833000.0,306000.0,693755000.0,1661006000.0,1387925000.0,92762000.0,,672379000.0,715546000.0,-87929000.0,627617000.0,3048931000.0,207935000.0,207935000.0,207935000.0
H & R Block Inc,HRB,,12659,2019.0,FY,2018-05-01,2019-04-30,2020-06-16 18:23:12+00:00,,2.05,2.05,1.0,,2.04,0.0,99904000.0,,422509000.0,445256000.0,-22747000.0,422509000.0,1756922000.0,3094881000.0,,16419000.0,,722167000.0,1756922000.0,1337959000.0,87051000.0,,722167000.0,615792000.0,-70632000.0,545160000.0,3094881000.0,206100000.0,206100000.0,207100000.0
H & R Block Inc,HRB,,12659,2019.0,Q4,2019-02-01,2019-04-30,,,4.27,4.27,-0.75,,4.26,,249810000.0,,877909000.0,884769000.0,-6860000.0,877909000.0,863521000.0,2332443000.0,,5144000.0,,317650000.0,863521000.0,1468922000.0,21837000.0,,317650000.0,1151272000.0,-16693000.0,1134579000.0,2332443000.0,206100000.0,206100000.0,207100000.0
H & R Block Inc,HRB,,12659,2019.0,Q3,2018-11-01,2019-01-31,2020-03-09 16:45:05+00:00,,-0.62,-0.62,0.25,,-0.62,,-38885000.0,,-126454000.0,-119779000.0,-6675000.0,-126454000.0,421026000.0,468384000.0,,2269000.0,,185458000.0,421026000.0,47358000.0,22833000.0,,185458000.0,-138100000.0,-20564000.0,-158664000.0,468384000.0,205500000.0,205500000.0,205500000.0
H & R Block Inc,HRB,,12659,2019.0,Q3YTD,2018-05-01,2019-01-31,,,-2.22,-2.22,0.75,,-2.22,,-149906000.0,,-455400000.0,-439513000.0,-15887000.0,-455400000.0,893401000.0,762438000.0,,11275000.0,,404517000.0,893401000.0,-130963000.0,65214000.0,,404517000.0,-535480000.0,-53939000.0,-589419000.0,762438000.0,205500000.0,205500000.0,205500000.0
H & R Block Inc,HRB,,12659,2019.0,Q3TTM,2018-02-01,2019-01-31,,,3.26,3.26,0.03,,3.24,,-64849000.0,,687527000.0,706451000.0,-18924000.0,687527000.0,1748795000.0,3168394000.0,,14070000.0,-13107000.0,691476000.0,1748795000.0,1406492000.0,87484000.0,,691476000.0,715016000.0,-73414000.0,641602000.0,3155287000.0,205500000.0,205500000.0,205500000.0
H & R Block Inc,HRB,,12659,2019.0,Q2,2018-08-01,2018-10-31,2019-12-06 17:25:04+00:00,,-0.86,-0.86,0.25,,-0.86,,-61053000.0,,-176276000.0,-170937000.0,-5339000.0,-176276000.0,250815000.0,148871000.0,,4464000.0,,113319000.0,250815000.0,-101944000.0,21191000.0,,113319000.0,-215263000.0,-16727000.0,-231990000.0,148871000.0,205500000.0,205500000.0,205500000.0
H & R Block Inc,HRB,,12659,2019.0,Q2YTD,2018-05-01,2018-10-31,,,-1.6,-1.6,0.5,,-1.6,,-111021000.0,,-328946000.0,-319734000.0,-9212000.0,-328946000.0,472375000.0,294054000.0,,9006000.0,,219059000.0,472375000.0,-178321000.0,42381000.0,,219059000.0,-397380000.0,-33375000.0,-430755000.0,294054000.0,205500000.0,205500000.0,205500000.0
H & R Block Inc,HRB,,12659,2019.0,Q2TTM,2017-11-01,2018-10-31,,,2.7,2.7,0.02,,2.68,,96156000.0,,568336000.0,583305000.0,-14969000.0,568336000.0,1744370000.0,3188436000.0,,12829000.0,-13107000.0,675116000.0,1744370000.0,1430959000.0,89211000.0,,675116000.0,755843000.0,-76382000.0,679461000.0,3175329000.0,205500000.0,205500000.0,205500000.0
H & R Block Inc,HRB,,12659,2019.0,Q1,2018-05-01,2018-07-31,2019-09-06 16:29:07+00:00,,-0.74,-0.74,0.25,,-0.74,,-49968000.0,,-152670000.0,-148797000.0,-3873000.0,-152670000.0,221560000.0,145183000.0,,4542000.0,,105740000.0,221560000.0,-76377000.0,21190000.0,,105740000.0,-182117000.0,-16648000.0,-198765000.0,145183000.0,207700000.0,207700000.0,207700000.0
H & R Block Inc,HRB,,12659,2019.0,Q1TTM,2017-08-01,2018-07-31,,,2.82,2.82,0.01,,2.8,,69256000.0,,591046000.0,605930000.0,-14884000.0,591046000.0,1733574000.0,3180419000.0,,9376000.0,-13107000.0,678643000.0,1733574000.0,1433738000.0,89285000.0,,678643000.0,755095000.0,-79909000.0,675186000.0,3167312000.0,207700000.0,207700000.0,207700000.0
H & R Block Inc,HRB,,12659,2020.0,Q4,2020-02-01,2020-04-30,,,2.32,2.32,-0.78,,2.32,106000000.0,178616000.0,,460403000.0,463460000.0,-3057000.0,460403000.0,767157000.0,1809352000.0,,1896000.0,,268603000.0,767157000.0,1042195000.0,27412000.0,,374603000.0,667592000.0,-25516000.0,642076000.0,1809352000.0,188200000.0,188200000.0,188200000.0
H & R Block Inc,HRB,,12659,2020.0,FY,2019-05-01,2020-04-30,2020-06-16 18:23:12+00:00,,-0.04,-0.04,1.04,,-0.04,106000000.0,-9530000.0,,-7526000.0,6156000.0,-13682000.0,-7526000.0,1712276000.0,2639720000.0,,15637000.0,,744361000.0,1712276000.0,927444000.0,96094000.0,,850361000.0,77083000.0,-80457000.0,-3374000.0,2639720000.0,188200000.0,188200000.0,188200000.0
H & R Block Inc,HRB,,12659,2020.0,Q3YTD,2019-05-01,2020-01-31,,,-2.36,-2.36,0.78,,-2.36,,-188146000.0,,-467929000.0,-457304000.0,-10625000.0,-467929000.0,945119000.0,830368000.0,,13741000.0,,475758000.0,945119000.0,-114751000.0,68682000.0,,475758000.0,-590509000.0,-54941000.0,-645450000.0,830368000.0,194100000.0,194100000.0,194100000.0
H & R Block Inc,HRB,,12659,2020.0,Q3TTM,2019-02-01,2020-01-31,,,1.91,1.91,0.03,,1.9,,61664000.0,,409980000.0,427465000.0,-17485000.0,409980000.0,1808640000.0,3162811000.0,,18885000.0,,793408000.0,1808640000.0,1354171000.0,90519000.0,,793408000.0,560763000.0,-71634000.0,489129000.0,3162811000.0,194100000.0,194100000.0,194100000.0
H & R Block Inc,HRB,,12659,2020.0,Q3,2019-11-01,2020-01-31,2020-03-09 16:45:05+00:00,,-0.67,-0.67,0.26,,-0.67,,-49004000.0,,-129683000.0,-128026000.0,-1657000.0,-129683000.0,462521000.0,519205000.0,,1879000.0,,209288000.0,462521000.0,56684000.0,26305000.0,,209288000.0,-152604000.0,-24426000.0,-177030000.0,519205000.0,194100000.0,194100000.0,194100000.0
H & R Block Inc,HRB,,12659,2020.0,Q2YTD,2019-05-01,2019-10-31,,,-1.69,-1.69,0.52,,-1.69,,-139142000.0,,-338246000.0,-329278000.0,-8968000.0,-338246000.0,482598000.0,311163000.0,,11862000.0,,266470000.0,482598000.0,-171435000.0,42377000.0,,266470000.0,-437905000.0,-30515000.0,-468420000.0,311163000.0,198100000.0,198100000.0,198100000.0
H & R Block Inc,HRB,,12659,2020.0,Q2TTM,2018-11-01,2019-10-31,,,1.96,1.96,0.02,,1.95,,71783000.0,,413209000.0,435712000.0,-22503000.0,413209000.0,1767145000.0,3111990000.0,,19275000.0,,769578000.0,1767145000.0,1344845000.0,87047000.0,,769578000.0,575267000.0,-67772000.0,507495000.0,3111990000.0,198100000.0,198100000.0,198100000.0
H & R Block Inc,HRB,,12659,2020.0,Q2,2019-08-01,2019-10-31,2019-12-06 17:25:04+00:00,,-0.95,-0.95,0.26,,-0.95,,-77752000.0,,-187999000.0,-183554000.0,-4445000.0,-187999000.0,253206000.0,160801000.0,,2739000.0,,150334000.0,253206000.0,-92405000.0,21306000.0,,150334000.0,-242739000.0,-18567000.0,-261306000.0,160801000.0,198100000.0,198100000.0,198100000.0
H & R Block Inc,HRB,,12659,2020.0,Q1TTM,2018-08-01,2019-07-31,,,2.05,2.05,0.01,,2.04,,88482000.0,,424932000.0,448329000.0,-23397000.0,424932000.0,1764754000.0,3100060000.0,,21000000.0,,732563000.0,1764754000.0,1335306000.0,86932000.0,,732563000.0,602743000.0,-65932000.0,536811000.0,3100060000.0,202000000.0,202000000.0,202000000.0
H & R Block Inc,HRB,,12659,2020.0,Q1,2019-05-01,2019-07-31,2019-09-06 16:29:07+00:00,,-0.74,-0.74,0.26,,-0.74,,-61390000.0,,-150247000.0,-145724000.0,-4523000.0,-150247000.0,229392000.0,150362000.0,,9123000.0,,116136000.0,229392000.0,-79030000.0,21071000.0,,116136000.0,-195166000.0,-11948000.0,-207114000.0,150362000.0,202000000.0,202000000.0,202000000.0
