company_name,company_ticker,company_lei,company_cik,year,quarter,start_date,end_date,filing_date,basicdilutedeps,basiceps,cashdividendspershare,depreciationexpense,dilutedeps,incometaxexpense,marketingexpense,netincome,netincomecontinuing,netincometocommon,operatingcostofrevenue,operatingrevenue,otherincome,otheroperatingexpenses,sgaexpense,totalcostofrevenue,totalgrossprofit,totalinterestexpense,totalinterestincome,totaloperatingexpenses,totaloperatingincome,totalotherincome,totalpretaxincome,totalrevenue,weightedavebasicdilutedsharesos,weightedavebasicsharesos,weightedavedilutedsharesos
Old Dominion Freight Line Inc,ODFL,,878927,2008.0,FY,2008-01-01,2008-12-31,2011-02-28 15:55:57+00:00,1.23,1.23,,87083000.0,1.23,43989000.0,34859000.0,68677000.0,68677000.0,68677000.0,1220822000.0,1537724000.0,-3392000.0,22330000.0,43560000.0,1220822000.0,316902000.0,14008000.0,996000.0,187832000.0,129070000.0,-16404000.0,112666000.0,1537724000.0,55800000.0,55927013.0,55927013.0
Old Dominion Freight Line Inc,ODFL,,878927,2009.0,FY,2009-01-01,2009-12-31,2012-02-29 11:00:03+00:00,0.62,0.62,,94784000.0,0.62,22294000.0,23095000.0,34871000.0,34871000.0,34871000.0,998648000.0,1245005000.0,-228000.0,23074000.0,35013000.0,998648000.0,246357000.0,13041000.0,43000.0,175966000.0,70391000.0,-13226000.0,57165000.0,1245005000.0,56200000.0,55927013.0,55927013.0
Old Dominion Freight Line Inc,ODFL,,878927,2009.0,Q3,2009-07-01,2009-09-30,2010-11-08 14:54:40+00:00,,0.19,,24036000.0,0.19,6740000.0,6155000.0,10495000.0,10495000.0,10495000.0,257106000.0,322763000.0,389000.0,6223000.0,9288000.0,257106000.0,65657000.0,3109000.0,0.0,45702000.0,19955000.0,-2720000.0,17235000.0,322763000.0,,55927013.0,55927013.0
Old Dominion Freight Line Inc,ODFL,,878927,2009.0,Q2,2009-04-01,2009-06-30,2010-08-06 09:51:49+00:00,,0.29,,23948000.0,0.29,7163000.0,5737000.0,10722000.0,10722000.0,10722000.0,249905000.0,316175000.0,-253000.0,6042000.0,9089000.0,249905000.0,66270000.0,3330000.0,14000.0,44816000.0,21454000.0,-3569000.0,17885000.0,316175000.0,,37284675.0,37284675.0
Old Dominion Freight Line Inc,ODFL,,878927,2010.0,Q4,2010-10-01,2010-12-31,,0.26,0.26,,19862000.0,0.26,13045000.0,6491000.0,22056000.0,22056000.0,22056000.0,319617000.0,398972000.0,76000.0,4604000.0,10429000.0,319617000.0,79355000.0,2950000.0,6000.0,41386000.0,37969000.0,-2868000.0,35101000.0,398972000.0,84100000.0,83890483.0,83890483.0
Old Dominion Freight Line Inc,ODFL,,878927,2010.0,FY,2010-01-01,2010-12-31,2013-02-28 17:11:59+00:00,0.9,0.9,,80362000.0,0.9,48775000.0,25329000.0,75651000.0,75651000.0,75651000.0,1174237000.0,1480998000.0,-848000.0,21751000.0,41580000.0,1174237000.0,306761000.0,12613000.0,148000.0,169022000.0,137739000.0,-13313000.0,124426000.0,1480998000.0,84100000.0,83890483.0,83890483.0
Old Dominion Freight Line Inc,ODFL,,878927,2010.0,Q3YTD,2010-01-01,2010-09-30,,0.96,0.96,,60500000.0,0.96,35730000.0,18838000.0,53595000.0,53595000.0,53595000.0,854620000.0,1082026000.0,-924000.0,17147000.0,31151000.0,854620000.0,227406000.0,9663000.0,142000.0,127636000.0,99770000.0,-10445000.0,89325000.0,1082026000.0,,55926984.0,55926984.0
Old Dominion Freight Line Inc,ODFL,,878927,2010.0,Q3,2010-07-01,2010-09-30,2011-11-08 11:44:44+00:00,,0.44,,19396000.0,0.44,16254000.0,7204000.0,24381000.0,24381000.0,24381000.0,309332000.0,395981000.0,178000.0,5529000.0,11136000.0,309332000.0,86649000.0,2964000.0,37000.0,43265000.0,43384000.0,-2749000.0,40635000.0,395981000.0,,55926984.0,55926984.0
Old Dominion Freight Line Inc,ODFL,,878927,2010.0,Q2YTD,2010-01-01,2010-06-30,,0.52,0.52,,41104000.0,0.52,19476000.0,11634000.0,29214000.0,29214000.0,29214000.0,545288000.0,686045000.0,-1102000.0,11618000.0,20015000.0,545288000.0,140757000.0,6699000.0,105000.0,84371000.0,56386000.0,-7696000.0,48690000.0,686045000.0,,55927013.0,55927013.0
Old Dominion Freight Line Inc,ODFL,,878927,2010.0,Q2,2010-04-01,2010-06-30,2011-08-09 11:20:41+00:00,,0.38,,19553000.0,0.38,14341000.0,6209000.0,21513000.0,21513000.0,21513000.0,285805000.0,368250000.0,-1029000.0,6229000.0,10443000.0,285805000.0,82445000.0,3181000.0,53000.0,42434000.0,40011000.0,-4157000.0,35854000.0,368250000.0,,55927013.0,55927013.0
Old Dominion Freight Line Inc,ODFL,,878927,2010.0,Q1,2010-01-01,2010-03-31,2011-05-09 13:36:03+00:00,0.14,0.14,,21551000.0,0.14,5135000.0,5425000.0,7701000.0,7701000.0,7701000.0,259483000.0,317795000.0,-73000.0,5389000.0,9572000.0,259483000.0,58312000.0,3518000.0,52000.0,41937000.0,16375000.0,-3539000.0,12836000.0,317795000.0,55000000.0,55927013.0,55927013.0
Old Dominion Freight Line Inc,ODFL,,878927,2011.0,Q4,2011-10-01,2011-12-31,,0.47,0.47,,24290000.0,0.47,20764000.0,4818000.0,39883000.0,39883000.0,39883000.0,395643000.0,506391000.0,521000.0,5843000.0,12485000.0,395643000.0,110748000.0,3330000.0,144000.0,47436000.0,63312000.0,-2665000.0,60647000.0,506391000.0,85600000.0,85719728.0,85719728.0
Old Dominion Freight Line Inc,ODFL,,878927,2011.0,FY,2011-01-01,2011-12-31,2014-02-28 15:54:29+00:00,1.63,1.63,,90820000.0,1.63,80614000.0,27693000.0,139470000.0,139470000.0,139470000.0,1477169000.0,1903800000.0,-101000.0,24146000.0,49900000.0,1477169000.0,426631000.0,14067000.0,180000.0,192559000.0,234072000.0,-13988000.0,220084000.0,1903800000.0,85600000.0,85719728.0,85719728.0
Old Dominion Freight Line Inc,ODFL,,878927,2011.0,Q3YTD,2011-01-01,2011-09-30,,1.16,1.16,,66530000.0,1.16,59850000.0,22875000.0,99587000.0,99587000.0,99587000.0,1081526000.0,1397409000.0,-622000.0,18303000.0,37415000.0,1081526000.0,315883000.0,10737000.0,36000.0,145123000.0,170760000.0,-11323000.0,159437000.0,1397409000.0,,86164986.0,86164986.0
Old Dominion Freight Line Inc,ODFL,,878927,2011.0,Q3TTM,2010-10-01,2011-09-30,,1.41,1.41,,86392000.0,1.41,72895000.0,29366000.0,121643000.0,121643000.0,121643000.0,1401143000.0,1796381000.0,-546000.0,22907000.0,47844000.0,1401143000.0,395238000.0,13687000.0,42000.0,186509000.0,208729000.0,-14191000.0,194538000.0,1796381000.0,,86164986.0,86164986.0
Old Dominion Freight Line Inc,ODFL,,878927,2011.0,Q3,2011-07-01,2011-09-30,2012-11-06 14:32:52+00:00,,0.45,,23396000.0,0.45,24491000.0,8154000.0,38631000.0,38631000.0,38631000.0,375852000.0,494475000.0,-1678000.0,6231000.0,12648000.0,375852000.0,118623000.0,3397000.0,3000.0,50429000.0,68194000.0,-5072000.0,63122000.0,494475000.0,,86164986.0,86164986.0
Old Dominion Freight Line Inc,ODFL,,878927,2011.0,Q2YTD,2011-01-01,2011-06-30,,1.06,1.06,,43134000.0,1.06,35359000.0,14721000.0,60956000.0,60956000.0,60956000.0,705674000.0,902934000.0,1056000.0,12072000.0,24767000.0,705674000.0,197260000.0,7340000.0,33000.0,94694000.0,102566000.0,-6251000.0,96315000.0,902934000.0,,57443324.0,57443324.0
Old Dominion Freight Line Inc,ODFL,,878927,2011.0,Q2TTM,2010-07-01,2011-06-30,,1.87,1.87,,82392000.0,1.87,64658000.0,28416000.0,107393000.0,107393000.0,107393000.0,1334623000.0,1697887000.0,1310000.0,22205000.0,46332000.0,1334623000.0,363264000.0,13254000.0,76000.0,179345000.0,183919000.0,-11868000.0,172051000.0,1697887000.0,,57443324.0,57443324.0
Old Dominion Freight Line Inc,ODFL,,878927,2011.0,Q2,2011-04-01,2011-06-30,2012-08-09 14:16:32+00:00,,0.69,,22013000.0,0.69,21450000.0,7529000.0,39383000.0,39383000.0,39383000.0,367174000.0,480255000.0,-362000.0,5693000.0,13201000.0,367174000.0,113081000.0,3464000.0,14000.0,48436000.0,64645000.0,-3812000.0,60833000.0,480255000.0,,57443324.0,57443324.0
Old Dominion Freight Line Inc,ODFL,,878927,2011.0,Q1TTM,2010-04-01,2011-03-31,,1.59,1.59,,79932000.0,1.59,57549000.0,27096000.0,89523000.0,89523000.0,89523000.0,1253254000.0,1585882000.0,643000.0,22741000.0,43574000.0,1253254000.0,332628000.0,12971000.0,115000.0,173343000.0,159285000.0,-12213000.0,147072000.0,1585882000.0,56800000.0,56255970.0,56255970.0
Old Dominion Freight Line Inc,ODFL,,878927,2011.0,Q1,2011-01-01,2011-03-31,2012-05-08 13:04:28+00:00,0.38,0.38,,21121000.0,0.38,13909000.0,7192000.0,21573000.0,21573000.0,21573000.0,338500000.0,422679000.0,1418000.0,6379000.0,11566000.0,338500000.0,84179000.0,3876000.0,19000.0,46258000.0,37921000.0,-2439000.0,35482000.0,422679000.0,56800000.0,56255970.0,56255970.0
Old Dominion Freight Line Inc,ODFL,,878927,2012.0,Q4,2012-10-01,2012-12-31,,0.46,0.46,,29948000.0,0.46,24798000.0,6010000.0,39481000.0,39481000.0,39481000.0,416762000.0,539476000.0,-488000.0,4928000.0,14312000.0,416762000.0,122714000.0,2755000.0,6000.0,55198000.0,67516000.0,-3237000.0,64279000.0,539476000.0,86000000.0,86164964.0,86164964.0
Old Dominion Freight Line Inc,ODFL,,878927,2012.0,FY,2012-01-01,2012-12-31,2015-02-26 12:11:44+00:00,1.97,1.97,,110743000.0,1.97,103646000.0,29681000.0,169452000.0,169452000.0,169452000.0,1627113000.0,2134579000.0,-728000.0,22880000.0,58908000.0,1627113000.0,507466000.0,11541000.0,113000.0,222212000.0,285254000.0,-12156000.0,273098000.0,2134579000.0,86000000.0,86164964.0,86164964.0
Old Dominion Freight Line Inc,ODFL,,878927,2012.0,Q3YTD,2012-01-01,2012-09-30,,1.51,1.51,,80795000.0,1.51,78848000.0,23671000.0,129971000.0,129971000.0,129971000.0,1210351000.0,1595103000.0,-240000.0,17952000.0,44596000.0,1210351000.0,384752000.0,8786000.0,107000.0,167014000.0,217738000.0,-8919000.0,208819000.0,1595103000.0,,86164968.0,86164968.0
Old Dominion Freight Line Inc,ODFL,,878927,2012.0,Q3TTM,2011-10-01,2012-09-30,,1.97,1.97,,105085000.0,1.97,99612000.0,28489000.0,169854000.0,169854000.0,169854000.0,1605994000.0,2101494000.0,281000.0,23795000.0,57081000.0,1605994000.0,495500000.0,12116000.0,251000.0,214450000.0,281050000.0,-11584000.0,269466000.0,2101494000.0,,86164968.0,86164968.0
Old Dominion Freight Line Inc,ODFL,,878927,2012.0,Q3,2012-07-01,2012-09-30,2013-11-08 15:43:55+00:00,,0.59,,28727000.0,0.59,27317000.0,8336000.0,51044000.0,51044000.0,51044000.0,412076000.0,550511000.0,289000.0,5933000.0,14507000.0,412076000.0,138435000.0,2882000.0,22000.0,57503000.0,80932000.0,-2571000.0,78361000.0,550511000.0,,86164968.0,86164968.0
Old Dominion Freight Line Inc,ODFL,,878927,2012.0,Q2YTD,2012-01-01,2012-06-30,,0.92,0.92,,52068000.0,0.92,51531000.0,15335000.0,78927000.0,78927000.0,78927000.0,798275000.0,1044592000.0,-529000.0,12019000.0,30089000.0,798275000.0,246317000.0,5904000.0,85000.0,109511000.0,136806000.0,-6348000.0,130458000.0,1044592000.0,85400000.0,86164986.0,86164986.0
Old Dominion Freight Line Inc,ODFL,,878927,2012.0,Q2TTM,2011-07-01,2012-06-30,,1.83,1.83,,99754000.0,1.83,96786000.0,28307000.0,157441000.0,157441000.0,157441000.0,1569770000.0,2045458000.0,-1686000.0,24093000.0,55222000.0,1569770000.0,475688000.0,12631000.0,232000.0,207376000.0,268312000.0,-14085000.0,254227000.0,2045458000.0,85400000.0,86164986.0,86164986.0
Old Dominion Freight Line Inc,ODFL,,878927,2012.0,Q2,2012-04-01,2012-06-30,2013-08-08 15:07:47+00:00,0.56,0.56,,26524000.0,0.56,31229000.0,7652000.0,47832000.0,47832000.0,47832000.0,408629000.0,547452000.0,-875000.0,6122000.0,15937000.0,408629000.0,138823000.0,2685000.0,33000.0,56235000.0,82588000.0,-3527000.0,79061000.0,547452000.0,85400000.0,86164986.0,86164986.0
Old Dominion Freight Line Inc,ODFL,,878927,2012.0,Q1TTM,2011-04-01,2012-03-31,,1.73,1.73,,95243000.0,1.73,87007000.0,28184000.0,148992000.0,148992000.0,148992000.0,1528315000.0,1978261000.0,-1173000.0,23664000.0,52486000.0,1528315000.0,449946000.0,13410000.0,213000.0,199577000.0,250369000.0,-14370000.0,235999000.0,1978261000.0,86400000.0,86164986.0,86164986.0
Old Dominion Freight Line Inc,ODFL,,878927,2012.0,Q1,2012-01-01,2012-03-31,2013-05-08 16:21:33+00:00,0.36,0.36,,25544000.0,0.36,20302000.0,7683000.0,31095000.0,31095000.0,31095000.0,389646000.0,497140000.0,346000.0,5897000.0,14152000.0,389646000.0,107494000.0,3219000.0,52000.0,53276000.0,54218000.0,-2821000.0,51397000.0,497140000.0,86400000.0,86164986.0,86164986.0
Old Dominion Freight Line Inc,ODFL,,878927,2013.0,FY,2013-01-01,2013-12-31,2016-02-29 12:08:12+00:00,2.39,2.39,,127072000.0,2.39,122573000.0,30910000.0,206113000.0,206113000.0,206113000.0,1757150000.0,2337648000.0,-279000.0,14313000.0,69765000.0,1757150000.0,580498000.0,9620000.0,147000.0,242060000.0,338438000.0,-9752000.0,328686000.0,2337648000.0,86200000.0,86164917.0,86164917.0
Old Dominion Freight Line Inc,ODFL,,878927,2013.0,Q4,2013-10-01,2013-12-31,,0.55,0.55,,33807000.0,0.55,27915000.0,7643000.0,47156000.0,47156000.0,47156000.0,457445000.0,592470000.0,518000.0,676000.0,16054000.0,457445000.0,135025000.0,2338000.0,46000.0,58180000.0,76845000.0,-1774000.0,75071000.0,592470000.0,86200000.0,86164917.0,86164917.0
Old Dominion Freight Line Inc,ODFL,,878927,2013.0,Q3YTD,2013-01-01,2013-09-30,,1.84,1.84,,93265000.0,1.84,94658000.0,23267000.0,158957000.0,158957000.0,158957000.0,1299705000.0,1745178000.0,-797000.0,13637000.0,53711000.0,1299705000.0,445473000.0,7282000.0,101000.0,183880000.0,261593000.0,-7978000.0,253615000.0,1745178000.0,,86164917.0,86164917.0
Old Dominion Freight Line Inc,ODFL,,878927,2013.0,Q3TTM,2012-10-01,2013-09-30,,2.3,2.3,,123213000.0,2.3,119456000.0,29277000.0,198438000.0,198438000.0,198438000.0,1716467000.0,2284654000.0,-1285000.0,18565000.0,68023000.0,1716467000.0,568187000.0,10037000.0,107000.0,239078000.0,329109000.0,-11215000.0,317894000.0,2284654000.0,,86164917.0,86164917.0
Old Dominion Freight Line Inc,ODFL,,878927,2013.0,Q3,2013-07-01,2013-09-30,2014-11-05 15:20:06+00:00,,0.7,,32914000.0,0.7,35104000.0,8395000.0,60149000.0,60149000.0,60149000.0,453026000.0,616458000.0,-389000.0,5736000.0,18311000.0,453026000.0,163432000.0,2479000.0,45000.0,65356000.0,98076000.0,-2823000.0,95253000.0,616458000.0,,86164917.0,86164917.0
Old Dominion Freight Line Inc,ODFL,,878927,2013.0,Q2YTD,2013-01-01,2013-06-30,,1.15,1.15,,60351000.0,1.15,59554000.0,14872000.0,98808000.0,98808000.0,98808000.0,846679000.0,1128720000.0,-408000.0,7901000.0,35400000.0,846679000.0,282041000.0,4803000.0,56000.0,118524000.0,163517000.0,-5155000.0,158362000.0,1128720000.0,,86164917.0,86164917.0
Old Dominion Freight Line Inc,ODFL,,878927,2013.0,Q2TTM,2012-07-01,2013-06-30,,2.2,2.2,,119026000.0,2.2,111669000.0,29218000.0,189333000.0,189333000.0,189333000.0,1675517000.0,2218707000.0,-607000.0,18762000.0,64219000.0,1675517000.0,543190000.0,10440000.0,84000.0,231225000.0,311965000.0,-10963000.0,301002000.0,2218707000.0,,86164917.0,86164917.0
Old Dominion Freight Line Inc,ODFL,,878927,2013.0,Q2,2013-04-01,2013-06-30,2014-08-07 12:20:56+00:00,,0.68,,30517000.0,0.68,36623000.0,7602000.0,58255000.0,58255000.0,58255000.0,433847000.0,590304000.0,-334000.0,3126000.0,17639000.0,433847000.0,156457000.0,2403000.0,42000.0,58884000.0,97573000.0,-2695000.0,94878000.0,590304000.0,,86164917.0,86164917.0
Old Dominion Freight Line Inc,ODFL,,878927,2013.0,Q1TTM,2012-04-01,2013-03-31,,2.08,2.08,,115033000.0,2.08,106275000.0,29268000.0,178910000.0,178910000.0,178910000.0,1650299000.0,2175855000.0,-1148000.0,21758000.0,62517000.0,1650299000.0,525556000.0,10722000.0,75000.0,228576000.0,296980000.0,-11795000.0,285185000.0,2175855000.0,86300000.0,86164917.0,86164917.0
Old Dominion Freight Line Inc,ODFL,,878927,2013.0,Q1,2013-01-01,2013-03-31,2014-05-06 15:21:58+00:00,0.47,0.47,,29834000.0,0.47,22931000.0,7270000.0,40553000.0,40553000.0,40553000.0,412832000.0,538416000.0,-74000.0,4775000.0,17761000.0,412832000.0,125584000.0,2400000.0,14000.0,59640000.0,65944000.0,-2460000.0,63484000.0,538416000.0,86300000.0,86164917.0,86164917.0
Old Dominion Freight Line Inc,ODFL,,878927,2014.0,FY,2014-01-01,2014-12-31,2017-02-27 16:50:23+00:00,3.1,3.1,,146466000.0,3.1,165000000.0,36145000.0,267514000.0,267514000.0,267514000.0,2052188000.0,2787897000.0,-2291000.0,28626000.0,83165000.0,2052188000.0,735709000.0,6610000.0,108000.0,294402000.0,441307000.0,-8793000.0,432514000.0,2787897000.0,86300000.0,86162137.0,86162137.0
Old Dominion Freight Line Inc,ODFL,,878927,2014.0,Q4,2014-10-01,2014-12-31,,0.81,0.81,,39546000.0,0.81,40480000.0,8218000.0,69869000.0,69869000.0,69869000.0,532352000.0,721048000.0,-530000.0,7424000.0,21210000.0,532352000.0,188696000.0,1449000.0,30000.0,76398000.0,112298000.0,-1949000.0,110349000.0,721048000.0,86300000.0,86162137.0,86162137.0
Old Dominion Freight Line Inc,ODFL,,878927,2014.0,Q3,2014-07-01,2014-09-30,2015-11-09 12:10:57+00:00,0.9,0.9,,37707000.0,0.9,45958000.0,10118000.0,77909000.0,77909000.0,77909000.0,537338000.0,743586000.0,-951000.0,10230000.0,21931000.0,537338000.0,206248000.0,1463000.0,19000.0,79986000.0,126262000.0,-2395000.0,123867000.0,743586000.0,86600000.0,86164917.0,86164917.0
Old Dominion Freight Line Inc,ODFL,,878927,2014.0,Q3YTD,2014-01-01,2014-09-30,,2.29,2.29,,106920000.0,2.29,124520000.0,27927000.0,197645000.0,197645000.0,197645000.0,1519836000.0,2066849000.0,-1761000.0,21202000.0,61955000.0,1519836000.0,547013000.0,5161000.0,78000.0,218004000.0,329009000.0,-6844000.0,322165000.0,2066849000.0,86600000.0,86164917.0,86164917.0
Old Dominion Freight Line Inc,ODFL,,878927,2014.0,Q3TTM,2013-10-01,2014-09-30,,2.84,2.84,,140727000.0,2.84,152435000.0,35570000.0,244801000.0,244801000.0,244801000.0,1977281000.0,2659319000.0,-1243000.0,21878000.0,78009000.0,1977281000.0,682038000.0,7499000.0,124000.0,276184000.0,405854000.0,-8618000.0,397236000.0,2659319000.0,86600000.0,86164917.0,86164917.0
Old Dominion Freight Line Inc,ODFL,,878927,2014.0,Q2YTD,2014-01-01,2014-06-30,,1.39,1.39,,69213000.0,1.39,78562000.0,17809000.0,119736000.0,119736000.0,119736000.0,982498000.0,1323263000.0,-810000.0,10972000.0,40024000.0,982498000.0,340765000.0,3698000.0,59000.0,138018000.0,202747000.0,-4449000.0,198298000.0,1323263000.0,85900000.0,86164917.0,86164917.0
Old Dominion Freight Line Inc,ODFL,,878927,2014.0,Q2TTM,2013-07-01,2014-06-30,,2.63,2.63,,135934000.0,2.63,141581000.0,33847000.0,227041000.0,227041000.0,227041000.0,1892969000.0,2532191000.0,-681000.0,17384000.0,74389000.0,1892969000.0,639222000.0,8515000.0,150000.0,261554000.0,377668000.0,-9046000.0,368622000.0,2532191000.0,85900000.0,86164917.0,86164917.0
Old Dominion Freight Line Inc,ODFL,,878927,2014.0,Q2,2014-04-01,2014-06-30,2015-08-06 16:39:25+00:00,0.86,0.86,,35121000.0,0.86,47215000.0,9836000.0,73849000.0,73849000.0,73849000.0,510103000.0,702987000.0,-35000.0,4343000.0,20889000.0,510103000.0,192884000.0,1622000.0,26000.0,70189000.0,122695000.0,-1631000.0,121064000.0,702987000.0,85900000.0,86164917.0,86164917.0
Old Dominion Freight Line Inc,ODFL,,878927,2014.0,Q1TTM,2013-04-01,2014-03-31,,2.45,2.45,,131330000.0,2.45,130989000.0,31613000.0,211447000.0,211447000.0,211447000.0,1816713000.0,2419508000.0,-980000.0,16167000.0,71139000.0,1816713000.0,602795000.0,9296000.0,166000.0,250249000.0,352546000.0,-10110000.0,342436000.0,2419508000.0,86600000.0,86164917.0,86164917.0
Old Dominion Freight Line Inc,ODFL,,878927,2014.0,Q1,2014-01-01,2014-03-31,2015-05-07 10:46:42+00:00,0.53,0.53,,34092000.0,0.53,31347000.0,7973000.0,45887000.0,45887000.0,45887000.0,472395000.0,620276000.0,-775000.0,6629000.0,19135000.0,472395000.0,147881000.0,2076000.0,33000.0,67829000.0,80052000.0,-2818000.0,77234000.0,620276000.0,86600000.0,86164917.0,86164917.0
Old Dominion Freight Line Inc,ODFL,,878927,2015.0,FY,2015-01-01,2015-12-31,2018-02-27 12:54:04+00:00,3.57,3.57,0.0,165343000.0,3.57,185327000.0,37368000.0,304690000.0,304690000.0,304690000.0,2160185000.0,2972442000.0,-3222000.0,21998000.0,89308000.0,2160185000.0,812257000.0,5210000.0,209000.0,314017000.0,498240000.0,-8223000.0,490017000.0,2972442000.0,85300000.0,85378480.0,85378480.0
Old Dominion Freight Line Inc,ODFL,,878927,2015.0,Q4,2015-10-01,2015-12-31,,2.84,0.85,,44223000.0,0.85,39733000.0,6197000.0,72224000.0,72224000.0,72224000.0,544663000.0,734572000.0,-678000.0,5434000.0,20133000.0,544663000.0,189909000.0,1309000.0,22000.0,75987000.0,113922000.0,-1965000.0,111957000.0,734572000.0,85300000.0,85378480.0,85378480.0
Old Dominion Freight Line Inc,ODFL,,878927,2015.0,Q3,2015-07-01,2015-09-30,2016-11-07 10:40:27+00:00,,0.99,,42561000.0,0.99,52490000.0,10808000.0,84368000.0,84368000.0,84368000.0,556280000.0,779474000.0,-1866000.0,5621000.0,24350000.0,556280000.0,223194000.0,1163000.0,33000.0,83340000.0,139854000.0,-2996000.0,136858000.0,779474000.0,,85247467.0,85247467.0
Old Dominion Freight Line Inc,ODFL,,878927,2015.0,Q3YTD,2015-01-01,2015-09-30,,0.73,2.72,,121120000.0,2.72,145594000.0,31171000.0,232466000.0,232466000.0,232466000.0,1615522000.0,2237870000.0,-2544000.0,16564000.0,69175000.0,1615522000.0,622348000.0,3901000.0,187000.0,238030000.0,384318000.0,-6258000.0,378060000.0,2237870000.0,,85247467.0,85247467.0
Old Dominion Freight Line Inc,ODFL,,878927,2015.0,Q3TTM,2014-10-01,2015-09-30,,1.54,3.53,,160666000.0,3.53,186074000.0,39389000.0,302335000.0,302335000.0,302335000.0,2147874000.0,2958918000.0,-3074000.0,23988000.0,90385000.0,2147874000.0,811044000.0,5350000.0,217000.0,314428000.0,496616000.0,-8207000.0,488409000.0,2958918000.0,,85247467.0,85247467.0
Old Dominion Freight Line Inc,ODFL,,878927,2015.0,Q2,2015-04-01,2015-06-30,2016-08-08 16:46:25+00:00,,1.0,,39771000.0,1.0,53798000.0,10321000.0,85574000.0,85574000.0,85574000.0,543554000.0,762151000.0,-441000.0,4073000.0,23533000.0,543554000.0,218597000.0,1169000.0,83000.0,77698000.0,140899000.0,-1527000.0,139372000.0,762151000.0,,85726933.0,85726933.0
Old Dominion Freight Line Inc,ODFL,,878927,2015.0,Q2YTD,2015-01-01,2015-06-30,,0.73,1.73,,78559000.0,1.73,93104000.0,20363000.0,148098000.0,148098000.0,148098000.0,1059242000.0,1458396000.0,-678000.0,10943000.0,44825000.0,1059242000.0,399154000.0,2738000.0,154000.0,154690000.0,244464000.0,-3262000.0,241202000.0,1458396000.0,,85726933.0,85726933.0
Old Dominion Freight Line Inc,ODFL,,878927,2015.0,Q2TTM,2014-07-01,2015-06-30,,3.45,3.45,,155812000.0,3.45,179542000.0,38699000.0,295876000.0,295876000.0,295876000.0,2128932000.0,2923030000.0,-2159000.0,28597000.0,87966000.0,2128932000.0,794098000.0,5650000.0,203000.0,311074000.0,483024000.0,-7606000.0,475418000.0,2923030000.0,,85726933.0,85726933.0
Old Dominion Freight Line Inc,ODFL,,878927,2015.0,Q1,2015-01-01,2015-03-31,2016-05-06 14:05:41+00:00,0.73,0.73,,38788000.0,0.73,39306000.0,10042000.0,62524000.0,62524000.0,62524000.0,515688000.0,696245000.0,-237000.0,6870000.0,21292000.0,515688000.0,180557000.0,1569000.0,71000.0,76992000.0,103565000.0,-1735000.0,101830000.0,696245000.0,85600000.0,85970829.0,85970829.0
Old Dominion Freight Line Inc,ODFL,,878927,2015.0,Q1TTM,2014-04-01,2015-03-31,,3.31,3.31,,151162000.0,3.31,172959000.0,38214000.0,284151000.0,284151000.0,284151000.0,2095481000.0,2863866000.0,-1753000.0,28867000.0,85322000.0,2095481000.0,768385000.0,6103000.0,146000.0,303565000.0,464820000.0,-7710000.0,457110000.0,2863866000.0,85600000.0,85970829.0,85970829.0
Old Dominion Freight Line Inc,ODFL,,878927,2016.0,FY,2016-01-01,2016-12-31,2019-02-27 11:40:36+00:00,3.56,3.56,,189867000.0,3.56,181822000.0,37861000.0,295765000.0,295765000.0,295765000.0,1846436000.0,2991517000.0,-1974000.0,7920000.0,425598000.0,1846436000.0,1145081000.0,4332000.0,58000.0,661246000.0,483835000.0,-6248000.0,477587000.0,2991517000.0,83100000.0,83112012.0,83153659.0
Old Dominion Freight Line Inc,ODFL,,878927,2016.0,Q4,2016-10-01,2016-12-31,,1.55,0.83,,49574000.0,0.83,42810000.0,8069000.0,68511000.0,68511000.0,68511000.0,226859000.0,745738000.0,-1192000.0,-11879000.0,359668000.0,226859000.0,518879000.0,954000.0,20000.0,405432000.0,113447000.0,-2126000.0,111321000.0,745738000.0,83100000.0,83112012.0,83153659.0
Old Dominion Freight Line Inc,ODFL,,878927,2016.0,Q3,2016-07-01,2016-09-30,2017-11-06 17:38:15+00:00,1.03,1.03,0.0,49041000.0,1.03,50696000.0,10185000.0,85581000.0,85581000.0,85581000.0,556919000.0,782611000.0,-6000.0,7052000.0,22010000.0,556919000.0,225692000.0,1131000.0,10000.0,88288000.0,137404000.0,-1127000.0,136277000.0,782611000.0,83100000.0,82742070.0,82811371.0
Old Dominion Freight Line Inc,ODFL,,878927,2016.0,Q3YTD,2016-01-01,2016-09-30,,2.01,2.73,,140293000.0,2.73,139012000.0,29792000.0,227254000.0,227254000.0,227254000.0,1619577000.0,2245779000.0,-782000.0,19799000.0,65930000.0,1619577000.0,626202000.0,3378000.0,38000.0,255814000.0,370388000.0,-4122000.0,366266000.0,2245779000.0,83100000.0,82742070.0,82811371.0
Old Dominion Freight Line Inc,ODFL,,878927,2016.0,Q3TTM,2015-10-01,2016-09-30,,4.85,3.58,,184516000.0,3.58,178745000.0,35989000.0,299478000.0,299478000.0,299478000.0,2164240000.0,2980351000.0,-1460000.0,25233000.0,86063000.0,2164240000.0,816111000.0,4687000.0,60000.0,331801000.0,484310000.0,-6087000.0,478223000.0,2980351000.0,83100000.0,82742070.0,82811371.0
Old Dominion Freight Line Inc,ODFL,,878927,2016.0,Q2,2016-04-01,2016-06-30,2017-08-07 15:36:12+00:00,0.98,0.98,0.0,46480000.0,0.98,50736000.0,9363000.0,81388000.0,81388000.0,81388000.0,537728000.0,755435000.0,-260000.0,5650000.0,22778000.0,537728000.0,217707000.0,1064000.0,12000.0,84271000.0,133436000.0,-1312000.0,132124000.0,755435000.0,83000000.0,83354013.0,83381429.0
Old Dominion Freight Line Inc,ODFL,,878927,2016.0,Q2YTD,2016-01-01,2016-06-30,,0.98,1.7,,91252000.0,1.7,88316000.0,19607000.0,141673000.0,141673000.0,141673000.0,1062658000.0,1463168000.0,-776000.0,12747000.0,43920000.0,1062658000.0,400510000.0,2247000.0,28000.0,167526000.0,232984000.0,-2995000.0,229989000.0,1463168000.0,83000000.0,83354013.0,83381429.0
Old Dominion Freight Line Inc,ODFL,,878927,2016.0,Q2TTM,2015-07-01,2016-06-30,,3.82,3.54,,178036000.0,3.54,180539000.0,36612000.0,298265000.0,298265000.0,298265000.0,2163601000.0,2977214000.0,-3320000.0,23802000.0,88403000.0,2163601000.0,813613000.0,4719000.0,83000.0,326853000.0,486760000.0,-7956000.0,478804000.0,2977214000.0,83000000.0,83354013.0,83381429.0
Old Dominion Freight Line Inc,ODFL,,878927,2016.0,Q1,2016-01-01,2016-03-31,2017-05-10 12:31:58+00:00,,0.72,0.0,44772000.0,0.72,37580000.0,10244000.0,60285000.0,60285000.0,60285000.0,524930000.0,707733000.0,-516000.0,7097000.0,21142000.0,524930000.0,182803000.0,1183000.0,16000.0,83255000.0,99548000.0,-1683000.0,97865000.0,707733000.0,,83983028.0,83983028.0
Old Dominion Freight Line Inc,ODFL,,878927,2016.0,Q1TTM,2015-04-01,2016-03-31,,2.84,3.56,,171327000.0,3.56,183601000.0,37570000.0,302451000.0,302451000.0,302451000.0,2169427000.0,2983930000.0,-3501000.0,22225000.0,89158000.0,2169427000.0,814503000.0,4824000.0,154000.0,320280000.0,494223000.0,-8171000.0,486052000.0,2983930000.0,,83983028.0,83983028.0
Old Dominion Freight Line Inc,ODFL,,878927,2017.0,FY,2017-01-01,2017-12-31,2020-02-26 11:13:04+00:00,5.63,5.63,0.4,205763000.0,5.63,112058000.0,41718000.0,463774000.0,463774000.0,463774000.0,2014719000.0,3358112000.0,1360000.0,,520026000.0,2014719000.0,1343393000.0,2154000.0,740000.0,767507000.0,575886000.0,-54000.0,575832000.0,3358112000.0,82400000.0,82308417.0,82407068.0
Old Dominion Freight Line Inc,ODFL,,878927,2017.0,Q4,2017-10-01,2017-12-31,,2.4,2.4,0.1,53093000.0,2.4,-53386000.0,12914000.0,197250000.0,197250000.0,197250000.0,447454000.0,891117000.0,361000.0,-11082000.0,245281000.0,447454000.0,443663000.0,362000.0,408000.0,300206000.0,143457000.0,407000.0,143864000.0,891117000.0,82400000.0,82308417.0,82407068.0
Old Dominion Freight Line Inc,ODFL,,878927,2017.0,Q3,2017-07-01,2017-09-30,2018-11-05 09:33:05+00:00,1.24,1.24,0.1,51934000.0,1.24,62211000.0,10700000.0,102314000.0,102314000.0,102314000.0,515575000.0,872987000.0,977000.0,2018000.0,128885000.0,515575000.0,357412000.0,555000.0,228000.0,193537000.0,163875000.0,650000.0,164525000.0,872987000.0,82500000.0,82286295.0,82380936.0
Old Dominion Freight Line Inc,ODFL,,878927,2017.0,Q3YTD,2017-01-01,2017-09-30,,3.24,3.24,0.3,152670000.0,3.24,165444000.0,28804000.0,266524000.0,266524000.0,266524000.0,1567265000.0,2466995000.0,999000.0,11082000.0,274745000.0,1567265000.0,899730000.0,1792000.0,332000.0,467301000.0,432429000.0,-461000.0,431968000.0,2466995000.0,82500000.0,82286295.0,82380936.0
Old Dominion Freight Line Inc,ODFL,,878927,2017.0,Q3TTM,2016-10-01,2017-09-30,,4.07,4.07,0.3,202244000.0,4.07,208254000.0,36873000.0,335035000.0,335035000.0,335035000.0,1794124000.0,3212733000.0,-193000.0,-797000.0,634413000.0,1794124000.0,1418609000.0,2746000.0,352000.0,872733000.0,545876000.0,-2587000.0,543289000.0,3212733000.0,82500000.0,82286295.0,82380936.0
Old Dominion Freight Line Inc,ODFL,,878927,2017.0,Q2,2017-04-01,2017-06-30,2018-08-07 13:19:50+00:00,1.2,1.2,0.1,50449000.0,1.19,61872000.0,9314000.0,98418000.0,98418000.0,98418000.0,494747000.0,839912000.0,431000.0,1982000.0,122988000.0,494747000.0,345165000.0,642000.0,69000.0,184733000.0,160432000.0,-142000.0,160290000.0,839912000.0,82000000.0,82318623.0,82427975.0
Old Dominion Freight Line Inc,ODFL,,878927,2017.0,Q2YTD,2017-01-01,2017-06-30,,1.99,1.99,0.2,100736000.0,1.99,103233000.0,18104000.0,164210000.0,164210000.0,164210000.0,1051690000.0,1594008000.0,22000.0,9064000.0,145860000.0,1051690000.0,542318000.0,1237000.0,104000.0,273764000.0,268554000.0,-1111000.0,267443000.0,1594008000.0,82000000.0,82318623.0,82427975.0
Old Dominion Freight Line Inc,ODFL,,878927,2017.0,Q2TTM,2016-07-01,2017-06-30,,3.87,3.87,0.2,199351000.0,3.87,196739000.0,36358000.0,318302000.0,318302000.0,318302000.0,1835468000.0,3122357000.0,-1176000.0,4237000.0,527538000.0,1835468000.0,1286889000.0,3322000.0,134000.0,767484000.0,519405000.0,-4364000.0,515041000.0,3122357000.0,82000000.0,82318623.0,82427975.0
Old Dominion Freight Line Inc,ODFL,,878927,2017.0,Q1,2017-01-01,2017-03-31,2018-05-07 16:01:37+00:00,0.8,0.8,0.1,50287000.0,0.8,41361000.0,8790000.0,65792000.0,65792000.0,65792000.0,556943000.0,754096000.0,-409000.0,7082000.0,22872000.0,556943000.0,197153000.0,595000.0,35000.0,89031000.0,108122000.0,-969000.0,107153000.0,754096000.0,82200000.0,82349024.0,82444458.0
Old Dominion Freight Line Inc,ODFL,,878927,2017.0,Q1TTM,2016-04-01,2017-03-31,,3.66,3.66,0.1,195382000.0,3.66,185603000.0,36407000.0,301272000.0,301272000.0,301272000.0,1878449000.0,3037880000.0,-1867000.0,7905000.0,427328000.0,1878449000.0,1159431000.0,3744000.0,77000.0,667022000.0,492409000.0,-5534000.0,486875000.0,3037880000.0,82200000.0,82349024.0,82444458.0
Old Dominion Freight Line Inc,ODFL,,878927,2018.0,FY,2018-01-01,2018-12-31,2020-02-26 11:13:04+00:00,7.39,7.39,0.52,230357000.0,7.38,209845000.0,44118000.0,605668000.0,605668000.0,605668000.0,2314899000.0,4043695000.0,-4462000.0,,637270000.0,2314899000.0,1728796000.0,189000.0,3113000.0,911745000.0,817051000.0,-1538000.0,815513000.0,4043695000.0,82000000.0,81923564.0,82019781.0
Old Dominion Freight Line Inc,ODFL,,878927,2018.0,Q4,2018-10-01,2018-12-31,,1.95,1.95,0.13,62555000.0,1.95,57892000.0,9608000.0,159459000.0,159459000.0,159459000.0,576064000.0,1026944000.0,-2567000.0,,159872000.0,576064000.0,450880000.0,138000.0,1211000.0,232035000.0,218845000.0,-1494000.0,217351000.0,1026944000.0,82000000.0,81923564.0,82019781.0
Old Dominion Freight Line Inc,ODFL,,878927,2018.0,Q3,2018-07-01,2018-09-30,2019-11-04 14:45:18+00:00,2.12,2.12,0.13,58086000.0,2.12,55762000.0,12069000.0,173442000.0,173442000.0,173442000.0,598053000.0,1058233000.0,70000.0,,161640000.0,598053000.0,460180000.0,29000.0,778000.0,231795000.0,228385000.0,819000.0,229204000.0,1058233000.0,81800000.0,81885262.0,81975774.0
Old Dominion Freight Line Inc,ODFL,,878927,2018.0,Q3YTD,2018-01-01,2018-09-30,,5.45,5.45,0.39,167802000.0,5.45,151953000.0,34510000.0,446209000.0,446209000.0,446209000.0,1738835000.0,3016751000.0,-1895000.0,,477398000.0,1738835000.0,1277916000.0,51000.0,1902000.0,679710000.0,598206000.0,-44000.0,598162000.0,3016751000.0,81800000.0,81885262.0,81975774.0
Old Dominion Freight Line Inc,ODFL,,878927,2018.0,Q3TTM,2017-10-01,2018-09-30,,7.86,7.86,0.49,220895000.0,7.86,98567000.0,47424000.0,643459000.0,643459000.0,643459000.0,2186289000.0,3907868000.0,-1534000.0,-11082000.0,722679000.0,2186289000.0,1721579000.0,413000.0,2310000.0,979916000.0,741663000.0,363000.0,742026000.0,3907868000.0,81800000.0,81885262.0,81975774.0
Old Dominion Freight Line Inc,ODFL,,878927,2018.0,Q2,2018-04-01,2018-06-30,2019-08-07 14:40:16+00:00,1.99,1.99,0.13,56235000.0,1.99,58038000.0,11342000.0,163434000.0,163434000.0,163434000.0,583897000.0,1033498000.0,334000.0,,161543000.0,583897000.0,449601000.0,11000.0,668000.0,229120000.0,220481000.0,991000.0,221472000.0,1033498000.0,82100000.0,82067872.0,82169552.0
Old Dominion Freight Line Inc,ODFL,,878927,2018.0,Q2YTD,2018-01-01,2018-06-30,,3.32,3.32,0.26,109716000.0,3.32,96191000.0,22441000.0,272767000.0,272767000.0,272767000.0,1140782000.0,1958518000.0,-1965000.0,,315758000.0,1140782000.0,817736000.0,22000.0,1124000.0,447915000.0,369821000.0,-863000.0,368958000.0,1958518000.0,82100000.0,82067872.0,82169552.0
Old Dominion Freight Line Inc,ODFL,,878927,2018.0,Q2TTM,2017-07-01,2018-06-30,,6.97,6.97,0.46,214743000.0,6.97,105016000.0,46055000.0,572331000.0,572331000.0,572331000.0,2103811000.0,3722622000.0,-627000.0,-9064000.0,689924000.0,2103811000.0,1618811000.0,939000.0,1760000.0,941658000.0,677153000.0,194000.0,677347000.0,3722622000.0,82100000.0,82067872.0,82169552.0
Old Dominion Freight Line Inc,ODFL,,878927,2018.0,Q1,2018-01-01,2018-03-31,2019-05-07 12:26:08+00:00,1.33,1.33,0.13,53481000.0,1.33,38153000.0,11099000.0,109333000.0,109333000.0,109333000.0,556885000.0,925020000.0,-2299000.0,,154215000.0,556885000.0,368135000.0,11000.0,456000.0,218795000.0,149340000.0,-1854000.0,147486000.0,925020000.0,82200000.0,82253470.0,82356048.0
Old Dominion Freight Line Inc,ODFL,,878927,2018.0,Q1TTM,2017-04-01,2018-03-31,,6.17,6.17,0.43,208957000.0,6.17,108850000.0,44027000.0,507315000.0,507315000.0,507315000.0,2014661000.0,3529036000.0,-530000.0,-7082000.0,651369000.0,2014661000.0,1514375000.0,1570000.0,1161000.0,897271000.0,617104000.0,-939000.0,616165000.0,3529036000.0,82200000.0,82253470.0,82356048.0
Old Dominion Freight Line Inc,ODFL,,878927,2019.0,Q4,2019-10-01,2019-12-31,,1.79,1.79,0.17,64544000.0,1.79,45570000.0,18510000.0,144024000.0,144024000.0,144024000.0,592301000.0,1009206000.0,-375000.0,,145587000.0,592301000.0,416905000.0,92000.0,1797000.0,228641000.0,188264000.0,1330000.0,189594000.0,1009206000.0,80300000.0,80276145.0,80406399.0
Old Dominion Freight Line Inc,ODFL,,878927,2019.0,FY,2019-01-01,2019-12-31,2020-02-26 11:13:04+00:00,7.67,7.67,0.68,253681000.0,7.66,208431000.0,52549000.0,615518000.0,615518000.0,615518000.0,2358540000.0,4109111000.0,-1143000.0,,625635000.0,2358540000.0,1750571000.0,377000.0,6763000.0,931865000.0,818706000.0,5243000.0,823949000.0,4109111000.0,80300000.0,80276145.0,80406399.0
Old Dominion Freight Line Inc,ODFL,,878927,2019.0,Q3YTD,2019-01-01,2019-09-30,,5.9,5.9,0.51,189137000.0,5.9,162861000.0,34039000.0,471494000.0,471494000.0,471494000.0,1766239000.0,3099905000.0,-768000.0,,480048000.0,1766239000.0,1333666000.0,285000.0,4966000.0,703224000.0,630442000.0,3913000.0,634355000.0,3099905000.0,80000000.0,79880281.0,79989435.0
Old Dominion Freight Line Inc,ODFL,,878927,2019.0,Q3TTM,2018-10-01,2019-09-30,,7.9,7.9,0.65,251692000.0,7.9,220753000.0,43647000.0,630953000.0,630953000.0,630953000.0,2342303000.0,4126849000.0,-3335000.0,,639920000.0,2342303000.0,1784546000.0,423000.0,6177000.0,935259000.0,849287000.0,2419000.0,851706000.0,4126849000.0,80000000.0,79880281.0,79989435.0
Old Dominion Freight Line Inc,ODFL,,878927,2019.0,Q3,2019-07-01,2019-09-30,2019-11-04 14:45:18+00:00,2.05,2.05,0.17,63493000.0,2.05,54295000.0,11280000.0,164099000.0,164099000.0,164099000.0,593729000.0,1048457000.0,-844000.0,,162428000.0,593729000.0,454728000.0,3000.0,1714000.0,237201000.0,217527000.0,867000.0,218394000.0,1048457000.0,80000000.0,79880281.0,79989435.0
Old Dominion Freight Line Inc,ODFL,,878927,2019.0,Q2YTD,2019-01-01,2019-06-30,,3.82,3.82,0.34,125644000.0,3.82,108566000.0,22759000.0,307395000.0,307395000.0,307395000.0,1172510000.0,2051448000.0,76000.0,,317620000.0,1172510000.0,878938000.0,282000.0,3252000.0,466023000.0,412915000.0,3046000.0,415961000.0,2051448000.0,80600000.0,80522276.0,80645364.0
Old Dominion Freight Line Inc,ODFL,,878927,2019.0,Q2TTM,2018-07-01,2019-06-30,,7.95,7.95,0.6,246285000.0,7.95,222220000.0,44436000.0,640296000.0,640296000.0,640296000.0,2346627000.0,4136625000.0,-2421000.0,,639132000.0,2346627000.0,1789998000.0,449000.0,5241000.0,929853000.0,860145000.0,2371000.0,862516000.0,4136625000.0,80600000.0,80522276.0,80645364.0
Old Dominion Freight Line Inc,ODFL,,878927,2019.0,Q2,2019-04-01,2019-06-30,2019-08-07 14:40:16+00:00,2.16,2.16,0.17,62571000.0,2.16,61502000.0,11587000.0,174072000.0,174072000.0,174072000.0,592569000.0,1060666000.0,-524000.0,,159450000.0,592569000.0,468097000.0,160000.0,1769000.0,233608000.0,234489000.0,1085000.0,235574000.0,1060666000.0,80600000.0,80522276.0,80645364.0
Old Dominion Freight Line Inc,ODFL,,878927,2019.0,Q1,2019-01-01,2019-03-31,2020-05-05 10:28:08+00:00,1.1,1.1,0.11,63073000.0,1.1,47064000.0,11172000.0,133323000.0,133323000.0,133323000.0,579941000.0,990782000.0,600000.0,,158170000.0,579941000.0,410841000.0,122000.0,1483000.0,232415000.0,178426000.0,1961000.0,180387000.0,990782000.0,121200000.0,121549706.0,121715331.0
Old Dominion Freight Line Inc,ODFL,,878927,2019.0,Q1TTM,2018-04-01,2019-03-31,,5.18,5.18,0.38,239949000.0,5.18,218756000.0,44191000.0,629658000.0,629658000.0,629658000.0,2337955000.0,4109457000.0,-1563000.0,,641225000.0,2337955000.0,1771502000.0,300000.0,4140000.0,925365000.0,846137000.0,2277000.0,848414000.0,4109457000.0,121200000.0,121549706.0,121715331.0
Old Dominion Freight Line Inc,ODFL,,878927,2020.0,Q1TTM,2019-04-01,2020-03-31,,5.17,5.17,0.5,256043000.0,5.17,208891000.0,51227000.0,615372000.0,615372000.0,615372000.0,2361387000.0,4105693000.0,-5360000.0,,613586000.0,2361387000.0,1744306000.0,355000.0,6528000.0,920856000.0,823450000.0,813000.0,824263000.0,4105693000.0,118900000.0,119050174.0,119805572.0
Old Dominion Freight Line Inc,ODFL,,878927,2020.0,Q1,2020-01-01,2020-03-31,2020-05-05 10:28:08+00:00,1.12,1.12,0.15,65435000.0,1.11,47524000.0,9850000.0,133177000.0,133177000.0,133177000.0,582788000.0,987364000.0,-3617000.0,,146121000.0,582788000.0,404576000.0,100000.0,1248000.0,221406000.0,183170000.0,-2469000.0,180701000.0,987364000.0,118900000.0,119050174.0,119805572.0
