company_name,company_ticker,company_lei,company_cik,year,quarter,start_date,end_date,filing_date,basicdilutedeps,basiceps,cashdividendspershare,depreciationexpense,dilutedeps,incometaxexpense,netincome,netincomecontinuing,netincomediscontinued,netincometocommon,operatingcostofrevenue,operatingrevenue,otheradjustmentstoconsolidatednetincome,othergains,otherincome,otheroperatingexpenses,otherspecialcharges,sgaexpense,totalcostofrevenue,totalgrossprofit,totalinterestexpense,totalinterestincome,totaloperatingexpenses,totaloperatingincome,totalotherincome,totalpretaxincome,totalrevenue,weightedavebasicdilutedsharesos,weightedavebasicsharesos,weightedavedilutedsharesos
Public Service Enterprise Group Inc,PEG,PUSS41EMO3E6XXNV3U28,788784,2007.0,FY,2007-01-01,2007-12-31,2010-02-25 15:10:11+00:00,2.63,2.63,1.17,774000000.0,2.62,1064000000.0,1335000000.0,1325000000.0,10000000.0,1335000000.0,8918000000.0,12677000000.0,,,206000000.0,139000000.0,,,8918000000.0,3759000000.0,727000000.0,64000000.0,913000000.0,2846000000.0,-457000000.0,2389000000.0,12677000000.0,507600000.0,507560000.0,508813000.0
Public Service Enterprise Group Inc,PEG,PUSS41EMO3E6XXNV3U28,788784,2008.0,FY,2008-01-01,2008-12-31,2011-02-25 15:45:24+00:00,2.34,2.34,1.29,775000000.0,2.34,888000000.0,1188000000.0,918000000.0,270000000.0,1188000000.0,9214000000.0,12609000000.0,,,108000000.0,136000000.0,,,9214000000.0,3395000000.0,566000000.0,-220000000.0,911000000.0,2484000000.0,-678000000.0,1806000000.0,12609000000.0,507700000.0,507693000.0,508427000.0
Public Service Enterprise Group Inc,PEG,PUSS41EMO3E6XXNV3U28,788784,2008.0,Q3,2008-07-01,2008-09-30,2009-10-30 17:24:17+00:00,1.29,1.29,0.3225,214000000.0,1.29,334000000.0,656000000.0,476000000.0,180000000.0,656000000.0,1899000000.0,3718000000.0,,,60000000.0,31000000.0,,609000000.0,1899000000.0,1819000000.0,149000000.0,-66000000.0,854000000.0,965000000.0,-155000000.0,810000000.0,3718000000.0,508500000.0,507724000.0,508326000.0
Public Service Enterprise Group Inc,PEG,PUSS41EMO3E6XXNV3U28,788784,2008.0,Q2,2008-04-01,2008-06-30,2009-07-31 20:31:39+00:00,-0.29,-0.29,0.3225,191000000.0,-0.29,213000000.0,-150000000.0,-166000000.0,16000000.0,-150000000.0,1535000000.0,2550000000.0,,,48000000.0,27000000.0,,620000000.0,1535000000.0,1015000000.0,146000000.0,-32000000.0,838000000.0,177000000.0,-130000000.0,47000000.0,2550000000.0,517200000.0,508491000.0,509487000.0
Public Service Enterprise Group Inc,PEG,PUSS41EMO3E6XXNV3U28,788784,2009.0,Q4,2009-10-01,2009-12-31,,0.69,0.69,0.33,185000000.0,0.69,161000000.0,349000000.0,351000000.0,-2000000.0,349000000.0,1669000000.0,2515000000.0,,,-3000000.0,33000000.0,,,1669000000.0,846000000.0,114000000.0,1000000.0,218000000.0,628000000.0,-116000000.0,512000000.0,2515000000.0,505400000.0,505986000.0,507064000.0
Public Service Enterprise Group Inc,PEG,PUSS41EMO3E6XXNV3U28,788784,2009.0,FY,2009-01-01,2009-12-31,2012-02-27 16:50:41+00:00,3.15,3.15,1.33,819000000.0,3.14,1042000000.0,1592000000.0,1594000000.0,-2000000.0,1592000000.0,7967000000.0,12035000000.0,,,102000000.0,133000000.0,,,7967000000.0,4068000000.0,521000000.0,-61000000.0,952000000.0,3116000000.0,-480000000.0,2636000000.0,12035000000.0,505400000.0,505986000.0,507064000.0
Public Service Enterprise Group Inc,PEG,PUSS41EMO3E6XXNV3U28,788784,2009.0,Q3,2009-07-01,2009-09-30,2010-10-29 17:04:22+00:00,0.96,0.96,0.3325,224000000.0,0.96,337000000.0,488000000.0,488000000.0,,488000000.0,1862000000.0,3040000000.0,,,30000000.0,30000000.0,,,1862000000.0,1178000000.0,129000000.0,0.0,254000000.0,924000000.0,-99000000.0,825000000.0,3040000000.0,508300000.0,505982000.0,507242000.0
Public Service Enterprise Group Inc,PEG,PUSS41EMO3E6XXNV3U28,788784,2009.0,Q3YTD,2009-01-01,2009-09-30,,2.46,2.46,1.0,634000000.0,2.46,881000000.0,1243000000.0,1243000000.0,,1243000000.0,6298000000.0,9520000000.0,,,105000000.0,100000000.0,,,6298000000.0,3222000000.0,407000000.0,-62000000.0,734000000.0,2488000000.0,-364000000.0,2124000000.0,9520000000.0,508300000.0,505982000.0,507242000.0
Public Service Enterprise Group Inc,PEG,PUSS41EMO3E6XXNV3U28,788784,2009.0,Q2,2009-04-01,2009-06-30,2010-08-23 16:11:16+00:00,0.61,0.61,0.3325,203000000.0,0.61,240000000.0,311000000.0,311000000.0,,311000000.0,1694000000.0,2560000000.0,,,48000000.0,26000000.0,,,1694000000.0,866000000.0,133000000.0,-1000000.0,229000000.0,637000000.0,-86000000.0,551000000.0,2560000000.0,509800000.0,505990000.0,506936000.0
Public Service Enterprise Group Inc,PEG,PUSS41EMO3E6XXNV3U28,788784,2009.0,Q2YTD,2009-01-01,2009-06-30,,1.49,1.49,0.66,410000000.0,1.49,544000000.0,755000000.0,755000000.0,,755000000.0,4436000000.0,6480000000.0,,,75000000.0,70000000.0,,,4436000000.0,2044000000.0,278000000.0,-62000000.0,480000000.0,1564000000.0,-265000000.0,1299000000.0,6480000000.0,509800000.0,505990000.0,506936000.0
Public Service Enterprise Group Inc,PEG,PUSS41EMO3E6XXNV3U28,788784,2009.0,Q1,2009-01-01,2009-03-31,2010-05-06 12:58:47+00:00,0.88,0.88,0.3325,207000000.0,0.88,304000000.0,444000000.0,444000000.0,,444000000.0,2742000000.0,3920000000.0,,,27000000.0,44000000.0,,,2742000000.0,1178000000.0,145000000.0,-61000000.0,251000000.0,927000000.0,-179000000.0,748000000.0,3920000000.0,504500000.0,505986000.0,506548000.0
Public Service Enterprise Group Inc,PEG,PUSS41EMO3E6XXNV3U28,788784,2010.0,Q4,2010-10-01,2010-12-31,,0.56,0.56,0.34,239000000.0,0.55,203000000.0,282000000.0,290000000.0,-8000000.0,282000000.0,1882000000.0,2745000000.0,,,22000000.0,35000000.0,,,1882000000.0,863000000.0,116000000.0,-2000000.0,274000000.0,589000000.0,-96000000.0,493000000.0,2745000000.0,506100000.0,505985000.0,507045000.0
Public Service Enterprise Group Inc,PEG,PUSS41EMO3E6XXNV3U28,788784,2010.0,FY,2010-01-01,2010-12-31,2013-02-25 21:47:38+00:00,3.09,3.09,1.37,955000000.0,3.08,1059000000.0,1564000000.0,1557000000.0,7000000.0,1564000000.0,7765000000.0,11793000000.0,,,162000000.0,136000000.0,,,7765000000.0,4028000000.0,472000000.0,-11000000.0,1091000000.0,2937000000.0,-321000000.0,2616000000.0,11793000000.0,506100000.0,505985000.0,507045000.0
Public Service Enterprise Group Inc,PEG,PUSS41EMO3E6XXNV3U28,788784,2010.0,Q3YTD,2010-01-01,2010-09-30,,2.53,2.53,1.03,716000000.0,2.53,856000000.0,1282000000.0,1267000000.0,15000000.0,1282000000.0,5883000000.0,9048000000.0,,,140000000.0,101000000.0,,,5883000000.0,3165000000.0,356000000.0,-9000000.0,817000000.0,2348000000.0,-225000000.0,2123000000.0,9048000000.0,506300000.0,505945000.0,506968000.0
Public Service Enterprise Group Inc,PEG,PUSS41EMO3E6XXNV3U28,788784,2010.0,Q3TTM,2009-10-01,2010-09-30,,3.22,3.22,1.36,901000000.0,3.22,1017000000.0,1631000000.0,1618000000.0,13000000.0,1631000000.0,7552000000.0,11563000000.0,,,137000000.0,134000000.0,,,7552000000.0,4011000000.0,470000000.0,-8000000.0,1035000000.0,2976000000.0,-341000000.0,2635000000.0,11563000000.0,506300000.0,505945000.0,506968000.0
Public Service Enterprise Group Inc,PEG,PUSS41EMO3E6XXNV3U28,788784,2010.0,Q3,2010-07-01,2010-09-30,2011-11-01 17:26:16+00:00,1.12,1.12,0.3425,260000000.0,1.12,371000000.0,567000000.0,547000000.0,20000000.0,567000000.0,1852000000.0,3114000000.0,,,70000000.0,31000000.0,,,1852000000.0,1262000000.0,120000000.0,-3000000.0,291000000.0,971000000.0,-53000000.0,918000000.0,3114000000.0,506300000.0,505945000.0,506968000.0
Public Service Enterprise Group Inc,PEG,PUSS41EMO3E6XXNV3U28,788784,2010.0,Q2YTD,2010-01-01,2010-06-30,,1.41,1.41,0.69,456000000.0,1.41,485000000.0,715000000.0,720000000.0,-5000000.0,715000000.0,4031000000.0,5934000000.0,,,70000000.0,70000000.0,,,4031000000.0,1903000000.0,236000000.0,-6000000.0,526000000.0,1377000000.0,-172000000.0,1205000000.0,5934000000.0,509100000.0,506109000.0,507091000.0
Public Service Enterprise Group Inc,PEG,PUSS41EMO3E6XXNV3U28,788784,2010.0,Q2TTM,2009-07-01,2010-06-30,,3.07,3.07,1.35,865000000.0,3.07,983000000.0,1552000000.0,1559000000.0,-7000000.0,1552000000.0,7562000000.0,11489000000.0,,,97000000.0,133000000.0,,,7562000000.0,3927000000.0,479000000.0,-5000000.0,998000000.0,2929000000.0,-387000000.0,2542000000.0,11489000000.0,509100000.0,506109000.0,507091000.0
Public Service Enterprise Group Inc,PEG,PUSS41EMO3E6XXNV3U28,788784,2010.0,Q2,2010-04-01,2010-06-30,2011-08-03 15:37:18+00:00,0.44,0.44,0.3425,229000000.0,0.44,124000000.0,224000000.0,222000000.0,2000000.0,224000000.0,1673000000.0,2361000000.0,,,40000000.0,28000000.0,,,1673000000.0,688000000.0,120000000.0,-5000000.0,257000000.0,431000000.0,-85000000.0,346000000.0,2361000000.0,509100000.0,506109000.0,507091000.0
Public Service Enterprise Group Inc,PEG,PUSS41EMO3E6XXNV3U28,788784,2010.0,Q1TTM,2009-04-01,2010-03-31,,3.24,3.24,1.34,839000000.0,3.24,1099000000.0,1639000000.0,1648000000.0,-9000000.0,1639000000.0,7583000000.0,11688000000.0,,,105000000.0,131000000.0,,,7583000000.0,4105000000.0,492000000.0,-1000000.0,970000000.0,3135000000.0,-388000000.0,2747000000.0,11688000000.0,506200000.0,505950000.0,507147000.0
Public Service Enterprise Group Inc,PEG,PUSS41EMO3E6XXNV3U28,788784,2010.0,Q1,2010-01-01,2010-03-31,2011-05-05 16:40:59+00:00,0.97,0.97,0.3425,227000000.0,0.97,361000000.0,491000000.0,498000000.0,-7000000.0,491000000.0,2358000000.0,3573000000.0,,,30000000.0,42000000.0,,,2358000000.0,1215000000.0,116000000.0,-1000000.0,269000000.0,946000000.0,-87000000.0,859000000.0,3573000000.0,506200000.0,505950000.0,507147000.0
Public Service Enterprise Group Inc,PEG,PUSS41EMO3E6XXNV3U28,788784,2011.0,Q4,2011-10-01,2011-12-31,,0.72,0.72,0.34,237000000.0,0.71,220000000.0,360000000.0,360000000.0,,360000000.0,1659000000.0,2636000000.0,,,-6000000.0,31000000.0,,,1659000000.0,977000000.0,114000000.0,-9000000.0,268000000.0,709000000.0,-129000000.0,580000000.0,2636000000.0,506100000.0,505949000.0,506982000.0
Public Service Enterprise Group Inc,PEG,PUSS41EMO3E6XXNV3U28,788784,2011.0,FY,2011-01-01,2011-12-31,2014-02-26 17:26:36+00:00,2.97,2.97,1.37,976000000.0,2.96,977000000.0,1503000000.0,1407000000.0,96000000.0,1503000000.0,7228000000.0,11079000000.0,,,139000000.0,133000000.0,,,7228000000.0,3851000000.0,475000000.0,-22000000.0,1109000000.0,2742000000.0,-358000000.0,2384000000.0,11079000000.0,506100000.0,505949000.0,506982000.0
Public Service Enterprise Group Inc,PEG,PUSS41EMO3E6XXNV3U28,788784,2011.0,Q3YTD,2011-01-01,2011-09-30,,2.25,2.25,1.03,739000000.0,2.25,757000000.0,1143000000.0,1047000000.0,96000000.0,1143000000.0,5569000000.0,8443000000.0,,,145000000.0,102000000.0,,,5569000000.0,2874000000.0,361000000.0,-13000000.0,841000000.0,2033000000.0,-229000000.0,1804000000.0,8443000000.0,506900000.0,505909000.0,506999000.0
Public Service Enterprise Group Inc,PEG,PUSS41EMO3E6XXNV3U28,788784,2011.0,Q3TTM,2010-10-01,2011-09-30,,2.81,2.81,1.37,978000000.0,2.8,960000000.0,1425000000.0,1337000000.0,88000000.0,1425000000.0,7451000000.0,11188000000.0,,,167000000.0,137000000.0,,,7451000000.0,3737000000.0,477000000.0,-15000000.0,1115000000.0,2622000000.0,-325000000.0,2297000000.0,11188000000.0,506900000.0,505909000.0,506999000.0
Public Service Enterprise Group Inc,PEG,PUSS41EMO3E6XXNV3U28,788784,2011.0,Q3,2011-07-01,2011-09-30,2012-11-02 14:56:25+00:00,0.58,0.58,0.3425,263000000.0,0.58,201000000.0,294000000.0,265000000.0,29000000.0,294000000.0,1770000000.0,2620000000.0,,,35000000.0,31000000.0,,,1770000000.0,850000000.0,117000000.0,-8000000.0,294000000.0,556000000.0,-90000000.0,466000000.0,2620000000.0,506900000.0,505909000.0,506999000.0
Public Service Enterprise Group Inc,PEG,PUSS41EMO3E6XXNV3U28,788784,2011.0,Q2YTD,2011-01-01,2011-06-30,,1.67,1.67,0.69,476000000.0,1.67,556000000.0,849000000.0,782000000.0,67000000.0,849000000.0,3799000000.0,5823000000.0,,,110000000.0,71000000.0,,,3799000000.0,2024000000.0,244000000.0,-5000000.0,547000000.0,1477000000.0,-139000000.0,1338000000.0,5823000000.0,512700000.0,505988000.0,506761000.0
Public Service Enterprise Group Inc,PEG,PUSS41EMO3E6XXNV3U28,788784,2011.0,Q2TTM,2010-07-01,2011-06-30,,3.35,3.35,1.37,975000000.0,3.34,1130000000.0,1698000000.0,1619000000.0,79000000.0,1698000000.0,7533000000.0,11682000000.0,,,202000000.0,137000000.0,,,7533000000.0,4149000000.0,480000000.0,-10000000.0,1112000000.0,3037000000.0,-288000000.0,2749000000.0,11682000000.0,512700000.0,505988000.0,506761000.0
Public Service Enterprise Group Inc,PEG,PUSS41EMO3E6XXNV3U28,788784,2011.0,Q2,2011-04-01,2011-06-30,2012-08-02 17:05:04+00:00,0.63,0.63,0.3425,235000000.0,0.63,227000000.0,323000000.0,320000000.0,3000000.0,323000000.0,1585000000.0,2469000000.0,,,44000000.0,28000000.0,,,1585000000.0,884000000.0,117000000.0,-1000000.0,263000000.0,621000000.0,-74000000.0,547000000.0,2469000000.0,512700000.0,505988000.0,506761000.0
Public Service Enterprise Group Inc,PEG,PUSS41EMO3E6XXNV3U28,788784,2011.0,Q1TTM,2010-04-01,2011-03-31,,3.16,3.16,1.37,969000000.0,3.15,1027000000.0,1599000000.0,1521000000.0,78000000.0,1599000000.0,7621000000.0,11574000000.0,,,198000000.0,137000000.0,,,7621000000.0,3953000000.0,483000000.0,-14000000.0,1106000000.0,2847000000.0,-299000000.0,2548000000.0,11574000000.0,505800000.0,505979000.0,507132000.0
Public Service Enterprise Group Inc,PEG,PUSS41EMO3E6XXNV3U28,788784,2011.0,Q1,2011-01-01,2011-03-31,2012-05-02 17:26:38+00:00,1.04,1.04,0.3425,241000000.0,1.04,329000000.0,526000000.0,462000000.0,64000000.0,526000000.0,2214000000.0,3354000000.0,,,66000000.0,43000000.0,,,2214000000.0,1140000000.0,127000000.0,-4000000.0,284000000.0,856000000.0,-65000000.0,791000000.0,3354000000.0,505800000.0,505979000.0,507132000.0
Public Service Enterprise Group Inc,PEG,PUSS41EMO3E6XXNV3U28,788784,2012.0,Q4,2012-10-01,2012-12-31,,0.44,0.44,0.36,257000000.0,0.44,137000000.0,224000000.0,224000000.0,,224000000.0,1656000000.0,2406000000.0,,,10000000.0,25000000.0,,,1656000000.0,750000000.0,113000000.0,-4000000.0,282000000.0,468000000.0,-107000000.0,361000000.0,2406000000.0,506000000.0,505933000.0,507086000.0
Public Service Enterprise Group Inc,PEG,PUSS41EMO3E6XXNV3U28,788784,2012.0,FY,2012-01-01,2012-12-31,2014-02-26 17:26:36+00:00,2.52,2.52,1.42,1054000000.0,2.51,736000000.0,1275000000.0,1275000000.0,0.0,1275000000.0,6351000000.0,9781000000.0,,,174000000.0,98000000.0,,,6351000000.0,3430000000.0,423000000.0,-18000000.0,1152000000.0,2278000000.0,-267000000.0,2011000000.0,9781000000.0,506000000.0,505933000.0,507086000.0
Public Service Enterprise Group Inc,PEG,PUSS41EMO3E6XXNV3U28,788784,2012.0,Q3YTD,2012-01-01,2012-09-30,,2.08,2.08,1.07,797000000.0,2.07,599000000.0,1051000000.0,1051000000.0,,1051000000.0,4695000000.0,7375000000.0,,,164000000.0,73000000.0,,,4695000000.0,2680000000.0,310000000.0,-14000000.0,870000000.0,1810000000.0,-160000000.0,1650000000.0,7375000000.0,502900000.0,505914000.0,507111000.0
Public Service Enterprise Group Inc,PEG,PUSS41EMO3E6XXNV3U28,788784,2012.0,Q3TTM,2011-10-01,2012-09-30,,2.8,2.8,1.41,1034000000.0,2.78,819000000.0,1411000000.0,1411000000.0,,1411000000.0,6354000000.0,10011000000.0,,,158000000.0,104000000.0,,,6354000000.0,3657000000.0,424000000.0,-23000000.0,1138000000.0,2519000000.0,-289000000.0,2230000000.0,10011000000.0,502900000.0,505914000.0,507111000.0
Public Service Enterprise Group Inc,PEG,PUSS41EMO3E6XXNV3U28,788784,2012.0,Q3,2012-07-01,2012-09-30,2013-10-30 18:34:23+00:00,0.69,0.69,0.355,286000000.0,0.68,241000000.0,347000000.0,347000000.0,,347000000.0,1498000000.0,2402000000.0,,,102000000.0,24000000.0,,,1498000000.0,904000000.0,106000000.0,-2000000.0,310000000.0,594000000.0,-6000000.0,588000000.0,2402000000.0,502900000.0,505914000.0,507111000.0
Public Service Enterprise Group Inc,PEG,PUSS41EMO3E6XXNV3U28,788784,2012.0,Q2YTD,2012-01-01,2012-06-30,,1.39,1.39,0.71,511000000.0,1.39,358000000.0,704000000.0,704000000.0,,704000000.0,3197000000.0,4973000000.0,,,62000000.0,49000000.0,,,3197000000.0,1776000000.0,204000000.0,-12000000.0,560000000.0,1216000000.0,-154000000.0,1062000000.0,4973000000.0,502400000.0,505903000.0,506969000.0
Public Service Enterprise Group Inc,PEG,PUSS41EMO3E6XXNV3U28,788784,2012.0,Q2TTM,2011-07-01,2012-06-30,,2.69,2.69,1.4,1011000000.0,2.68,779000000.0,1358000000.0,1329000000.0,29000000.0,1358000000.0,6626000000.0,10229000000.0,,,91000000.0,111000000.0,,,6626000000.0,3603000000.0,435000000.0,-29000000.0,1122000000.0,2481000000.0,-373000000.0,2108000000.0,10229000000.0,502400000.0,505903000.0,506969000.0
Public Service Enterprise Group Inc,PEG,PUSS41EMO3E6XXNV3U28,788784,2012.0,Q2,2012-04-01,2012-06-30,2013-07-30 17:32:04+00:00,0.42,0.42,0.355,255000000.0,0.42,146000000.0,211000000.0,211000000.0,,211000000.0,1390000000.0,2098000000.0,,,34000000.0,20000000.0,,,1390000000.0,708000000.0,103000000.0,-7000000.0,275000000.0,433000000.0,-76000000.0,357000000.0,2098000000.0,502400000.0,505903000.0,506969000.0
Public Service Enterprise Group Inc,PEG,PUSS41EMO3E6XXNV3U28,788784,2012.0,Q1TTM,2011-04-01,2012-03-31,,2.9,2.9,1.38,991000000.0,2.89,860000000.0,1470000000.0,1438000000.0,32000000.0,1470000000.0,6821000000.0,10600000000.0,,,101000000.0,119000000.0,,,6821000000.0,3779000000.0,449000000.0,-23000000.0,1110000000.0,2669000000.0,-371000000.0,2298000000.0,10600000000.0,508200000.0,506010000.0,507029000.0
Public Service Enterprise Group Inc,PEG,PUSS41EMO3E6XXNV3U28,788784,2012.0,Q1,2012-01-01,2012-03-31,2013-04-30 18:07:26+00:00,0.97,0.97,0.355,256000000.0,0.97,212000000.0,493000000.0,493000000.0,,493000000.0,1807000000.0,2875000000.0,,,28000000.0,29000000.0,,,1807000000.0,1068000000.0,101000000.0,-5000000.0,285000000.0,783000000.0,-78000000.0,705000000.0,2875000000.0,508200000.0,506010000.0,507029000.0
Public Service Enterprise Group Inc,PEG,PUSS41EMO3E6XXNV3U28,788784,2013.0,FY,2013-01-01,2013-12-31,2016-02-25 21:14:33+00:00,2.46,2.46,1.44,1178000000.0,2.45,812000000.0,1243000000.0,1243000000.0,,1243000000.0,6423000000.0,9968000000.0,,,170000000.0,68000000.0,,,6423000000.0,3545000000.0,402000000.0,-12000000.0,1246000000.0,2299000000.0,-244000000.0,2055000000.0,9968000000.0,505300000.0,506000000.0,508000000.0
Public Service Enterprise Group Inc,PEG,PUSS41EMO3E6XXNV3U28,788784,2013.0,Q4,2013-10-01,2013-12-31,,0.4,0.4,0.36,292000000.0,0.39,104000000.0,200000000.0,200000000.0,,200000000.0,1643000000.0,2318000000.0,,,43000000.0,18000000.0,,,1643000000.0,675000000.0,99000000.0,-5000000.0,310000000.0,365000000.0,-61000000.0,304000000.0,2318000000.0,505300000.0,506000000.0,508000000.0
Public Service Enterprise Group Inc,PEG,PUSS41EMO3E6XXNV3U28,788784,2013.0,Q3YTD,2013-01-01,2013-09-30,,2.06,2.06,1.08,886000000.0,2.06,708000000.0,1043000000.0,1043000000.0,,1043000000.0,4780000000.0,7650000000.0,,,127000000.0,50000000.0,,,4780000000.0,2870000000.0,303000000.0,-7000000.0,936000000.0,1934000000.0,-183000000.0,1751000000.0,7650000000.0,506500000.0,505858000.0,507694000.0
Public Service Enterprise Group Inc,PEG,PUSS41EMO3E6XXNV3U28,788784,2013.0,Q3TTM,2012-10-01,2013-09-30,,2.5,2.5,1.43,1143000000.0,2.5,845000000.0,1267000000.0,1267000000.0,,1267000000.0,6436000000.0,10056000000.0,,,137000000.0,75000000.0,,,6436000000.0,3620000000.0,416000000.0,-11000000.0,1218000000.0,2402000000.0,-290000000.0,2112000000.0,10056000000.0,506500000.0,505858000.0,507694000.0
Public Service Enterprise Group Inc,PEG,PUSS41EMO3E6XXNV3U28,788784,2013.0,Q3,2013-07-01,2013-09-30,2014-10-30 17:28:28+00:00,0.77,0.77,0.36,313000000.0,0.77,270000000.0,390000000.0,390000000.0,,390000000.0,1514000000.0,2554000000.0,,,51000000.0,15000000.0,,,1514000000.0,1040000000.0,100000000.0,-3000000.0,328000000.0,712000000.0,-52000000.0,660000000.0,2554000000.0,506500000.0,505858000.0,507694000.0
Public Service Enterprise Group Inc,PEG,PUSS41EMO3E6XXNV3U28,788784,2013.0,Q2YTD,2013-01-01,2013-06-30,,1.29,1.29,0.72,573000000.0,1.29,438000000.0,653000000.0,653000000.0,,653000000.0,3266000000.0,5096000000.0,,,76000000.0,35000000.0,,,3266000000.0,1830000000.0,203000000.0,-4000000.0,608000000.0,1222000000.0,-131000000.0,1091000000.0,5096000000.0,504500000.0,505900000.0,507381000.0
Public Service Enterprise Group Inc,PEG,PUSS41EMO3E6XXNV3U28,788784,2013.0,Q2TTM,2012-07-01,2013-06-30,,2.42,2.42,1.43,1116000000.0,2.41,816000000.0,1224000000.0,1224000000.0,,1224000000.0,6420000000.0,9904000000.0,,,188000000.0,84000000.0,,,6420000000.0,3484000000.0,422000000.0,-10000000.0,1200000000.0,2284000000.0,-244000000.0,2040000000.0,9904000000.0,504500000.0,505900000.0,507381000.0
Public Service Enterprise Group Inc,PEG,PUSS41EMO3E6XXNV3U28,788784,2013.0,Q2,2013-04-01,2013-06-30,2014-08-01 15:50:17+00:00,0.66,0.66,0.36,283000000.0,0.66,218000000.0,333000000.0,333000000.0,,333000000.0,1401000000.0,2310000000.0,,,42000000.0,14000000.0,,,1401000000.0,909000000.0,101000000.0,-2000000.0,297000000.0,612000000.0,-61000000.0,551000000.0,2310000000.0,504500000.0,505900000.0,507381000.0
Public Service Enterprise Group Inc,PEG,PUSS41EMO3E6XXNV3U28,788784,2013.0,Q1TTM,2012-04-01,2013-03-31,,2.18,2.18,1.42,1088000000.0,2.17,744000000.0,1102000000.0,1102000000.0,,1102000000.0,6409000000.0,9692000000.0,,,180000000.0,90000000.0,,,6409000000.0,3283000000.0,424000000.0,-15000000.0,1178000000.0,2105000000.0,-259000000.0,1846000000.0,9692000000.0,507900000.0,505942000.0,507220000.0
Public Service Enterprise Group Inc,PEG,PUSS41EMO3E6XXNV3U28,788784,2013.0,Q1,2013-01-01,2013-03-31,2014-05-01 19:13:49+00:00,0.63,0.63,0.36,290000000.0,0.63,220000000.0,320000000.0,320000000.0,,320000000.0,1865000000.0,2786000000.0,,,34000000.0,21000000.0,,,1865000000.0,921000000.0,102000000.0,-2000000.0,311000000.0,610000000.0,-70000000.0,540000000.0,2786000000.0,507900000.0,505942000.0,507220000.0
Public Service Enterprise Group Inc,PEG,PUSS41EMO3E6XXNV3U28,788784,2014.0,FY,2014-01-01,2014-12-31,2017-02-27 17:28:47+00:00,3.0,3.0,1.48,1227000000.0,2.99,938000000.0,1518000000.0,1518000000.0,,1518000000.0,7036000000.0,10886000000.0,,,242000000.0,,,,7036000000.0,3850000000.0,389000000.0,-20000000.0,1227000000.0,2623000000.0,-167000000.0,2456000000.0,10886000000.0,506000000.0,506000000.0,508000000.0
Public Service Enterprise Group Inc,PEG,PUSS41EMO3E6XXNV3U28,788784,2014.0,Q4,2014-10-01,2014-12-31,,0.94,0.94,0.37,308000000.0,0.94,305000000.0,476000000.0,476000000.0,,476000000.0,1658000000.0,2773000000.0,,,78000000.0,,,,1658000000.0,1115000000.0,98000000.0,-6000000.0,308000000.0,807000000.0,-26000000.0,781000000.0,2773000000.0,506000000.0,506000000.0,508000000.0
Public Service Enterprise Group Inc,PEG,PUSS41EMO3E6XXNV3U28,788784,2014.0,Q3,2014-07-01,2014-09-30,2015-10-30 17:26:21+00:00,0.88,0.88,0.37,318000000.0,0.87,261000000.0,444000000.0,444000000.0,,444000000.0,1577000000.0,2641000000.0,,,69000000.0,,,,1577000000.0,1064000000.0,100000000.0,-10000000.0,318000000.0,746000000.0,-41000000.0,705000000.0,2641000000.0,504500000.0,506000000.0,507000000.0
Public Service Enterprise Group Inc,PEG,PUSS41EMO3E6XXNV3U28,788784,2014.0,Q3YTD,2014-01-01,2014-09-30,,2.06,2.06,1.11,919000000.0,2.05,633000000.0,1042000000.0,1042000000.0,,1042000000.0,5378000000.0,8113000000.0,,,164000000.0,,,,5378000000.0,2735000000.0,291000000.0,-14000000.0,919000000.0,1816000000.0,-141000000.0,1675000000.0,8113000000.0,504500000.0,506000000.0,507000000.0
Public Service Enterprise Group Inc,PEG,PUSS41EMO3E6XXNV3U28,788784,2014.0,Q3TTM,2013-10-01,2014-09-30,,2.46,2.46,1.47,1211000000.0,2.44,737000000.0,1242000000.0,1242000000.0,,1242000000.0,7021000000.0,10431000000.0,,,207000000.0,18000000.0,,,7021000000.0,3410000000.0,390000000.0,-19000000.0,1229000000.0,2181000000.0,-202000000.0,1979000000.0,10431000000.0,504500000.0,506000000.0,507000000.0
Public Service Enterprise Group Inc,PEG,PUSS41EMO3E6XXNV3U28,788784,2014.0,Q2YTD,2014-01-01,2014-06-30,,1.18,1.18,0.74,601000000.0,1.18,372000000.0,598000000.0,598000000.0,,598000000.0,3801000000.0,5472000000.0,,,95000000.0,,,,3801000000.0,1671000000.0,191000000.0,-4000000.0,601000000.0,1070000000.0,-100000000.0,970000000.0,5472000000.0,504800000.0,506000000.0,508000000.0
Public Service Enterprise Group Inc,PEG,PUSS41EMO3E6XXNV3U28,788784,2014.0,Q2TTM,2013-07-01,2014-06-30,,2.35,2.35,1.46,1206000000.0,2.34,746000000.0,1188000000.0,1188000000.0,,1188000000.0,6958000000.0,10344000000.0,,,189000000.0,33000000.0,,,6958000000.0,3386000000.0,390000000.0,-12000000.0,1239000000.0,2147000000.0,-213000000.0,1934000000.0,10344000000.0,504800000.0,506000000.0,508000000.0
Public Service Enterprise Group Inc,PEG,PUSS41EMO3E6XXNV3U28,788784,2014.0,Q2,2014-04-01,2014-06-30,2015-07-31 17:07:09+00:00,0.42,0.42,0.37,295000000.0,0.42,112000000.0,212000000.0,212000000.0,,212000000.0,1589000000.0,2249000000.0,,,55000000.0,,,,1589000000.0,660000000.0,94000000.0,-2000000.0,295000000.0,365000000.0,-41000000.0,324000000.0,2249000000.0,504800000.0,506000000.0,508000000.0
Public Service Enterprise Group Inc,PEG,PUSS41EMO3E6XXNV3U28,788784,2014.0,Q1TTM,2013-04-01,2014-03-31,,2.59,2.59,1.45,1194000000.0,2.58,852000000.0,1309000000.0,1309000000.0,,1309000000.0,6770000000.0,10405000000.0,,,176000000.0,47000000.0,,,6770000000.0,3635000000.0,397000000.0,-12000000.0,1241000000.0,2394000000.0,-233000000.0,2161000000.0,10405000000.0,507900000.0,506000000.0,508000000.0
Public Service Enterprise Group Inc,PEG,PUSS41EMO3E6XXNV3U28,788784,2014.0,Q1,2014-01-01,2014-03-31,2015-05-01 18:35:59+00:00,0.76,0.76,0.37,306000000.0,0.76,260000000.0,386000000.0,386000000.0,,386000000.0,2212000000.0,3223000000.0,,,40000000.0,,,,2212000000.0,1011000000.0,97000000.0,-2000000.0,306000000.0,705000000.0,-59000000.0,646000000.0,3223000000.0,507900000.0,506000000.0,508000000.0
Public Service Enterprise Group Inc,PEG,PUSS41EMO3E6XXNV3U28,788784,2015.0,FY,2015-01-01,2015-12-31,2018-02-26 09:22:03+00:00,3.32,3.32,1.56,1214000000.0,3.3,1001000000.0,1679000000.0,1679000000.0,,1679000000.0,6239000000.0,10415000000.0,,,164000000.0,,,,6239000000.0,4176000000.0,393000000.0,-53000000.0,1214000000.0,2962000000.0,-282000000.0,2680000000.0,10415000000.0,505700000.0,505000000.0,508000000.0
Public Service Enterprise Group Inc,PEG,PUSS41EMO3E6XXNV3U28,788784,2015.0,Q4,2015-10-01,2015-12-31,,0.61,0.61,0.39,254000000.0,0.6,132000000.0,309000000.0,309000000.0,,309000000.0,1492000000.0,2278000000.0,,,19000000.0,,,,1492000000.0,786000000.0,102000000.0,-8000000.0,254000000.0,532000000.0,-91000000.0,441000000.0,2278000000.0,505700000.0,505000000.0,508000000.0
Public Service Enterprise Group Inc,PEG,PUSS41EMO3E6XXNV3U28,788784,2015.0,Q3,2015-07-01,2015-09-30,2016-10-31 17:28:00+00:00,0.87,0.87,0.39,313000000.0,0.87,285000000.0,439000000.0,439000000.0,,439000000.0,1561000000.0,2688000000.0,,,36000000.0,,,,1561000000.0,1127000000.0,96000000.0,-30000000.0,313000000.0,814000000.0,-90000000.0,724000000.0,2688000000.0,504600000.0,505000000.0,508000000.0
Public Service Enterprise Group Inc,PEG,PUSS41EMO3E6XXNV3U28,788784,2015.0,Q3YTD,2015-01-01,2015-09-30,,2.71,2.71,1.17,960000000.0,2.7,869000000.0,1370000000.0,1370000000.0,,1370000000.0,4747000000.0,8137000000.0,,,145000000.0,,,,4747000000.0,3390000000.0,291000000.0,-45000000.0,960000000.0,2430000000.0,-191000000.0,2239000000.0,8137000000.0,504600000.0,505000000.0,508000000.0
Public Service Enterprise Group Inc,PEG,PUSS41EMO3E6XXNV3U28,788784,2015.0,Q3TTM,2014-10-01,2015-09-30,,3.65,3.65,1.54,1268000000.0,3.64,1174000000.0,1846000000.0,1846000000.0,,1846000000.0,6405000000.0,10910000000.0,,,223000000.0,,,,6405000000.0,4505000000.0,389000000.0,-51000000.0,1268000000.0,3237000000.0,-217000000.0,3020000000.0,10910000000.0,504600000.0,505000000.0,508000000.0
Public Service Enterprise Group Inc,PEG,PUSS41EMO3E6XXNV3U28,788784,2015.0,Q2,2015-04-01,2015-06-30,2016-07-29 17:16:29+00:00,0.68,0.68,0.39,317000000.0,0.68,186000000.0,345000000.0,345000000.0,,345000000.0,1429000000.0,2314000000.0,,,70000000.0,,,,1429000000.0,885000000.0,97000000.0,-10000000.0,317000000.0,568000000.0,-37000000.0,531000000.0,2314000000.0,507400000.0,506000000.0,508000000.0
Public Service Enterprise Group Inc,PEG,PUSS41EMO3E6XXNV3U28,788784,2015.0,Q2YTD,2015-01-01,2015-06-30,,1.84,1.84,0.78,647000000.0,1.83,584000000.0,931000000.0,931000000.0,,931000000.0,3186000000.0,5449000000.0,,,109000000.0,,,,3186000000.0,2263000000.0,195000000.0,-15000000.0,647000000.0,1616000000.0,-101000000.0,1515000000.0,5449000000.0,507400000.0,506000000.0,508000000.0
Public Service Enterprise Group Inc,PEG,PUSS41EMO3E6XXNV3U28,788784,2015.0,Q2TTM,2014-07-01,2015-06-30,,3.66,3.66,1.52,1273000000.0,3.64,1150000000.0,1851000000.0,1851000000.0,,1851000000.0,6421000000.0,10863000000.0,,,256000000.0,,,,6421000000.0,4442000000.0,393000000.0,-31000000.0,1273000000.0,3169000000.0,-168000000.0,3001000000.0,10863000000.0,507400000.0,506000000.0,508000000.0
Public Service Enterprise Group Inc,PEG,PUSS41EMO3E6XXNV3U28,788784,2015.0,Q1,2015-01-01,2015-03-31,2016-04-29 19:14:47+00:00,1.16,1.16,0.39,330000000.0,1.15,398000000.0,586000000.0,586000000.0,,586000000.0,1757000000.0,3135000000.0,,,39000000.0,,,,1757000000.0,1378000000.0,98000000.0,-5000000.0,330000000.0,1048000000.0,-64000000.0,984000000.0,3135000000.0,505200000.0,506000000.0,508000000.0
Public Service Enterprise Group Inc,PEG,PUSS41EMO3E6XXNV3U28,788784,2015.0,Q1TTM,2014-04-01,2015-03-31,,3.4,3.4,1.5,1251000000.0,3.38,1076000000.0,1718000000.0,1718000000.0,,1718000000.0,6581000000.0,10798000000.0,,,241000000.0,,,,6581000000.0,4217000000.0,390000000.0,-23000000.0,1251000000.0,2966000000.0,-172000000.0,2794000000.0,10798000000.0,505200000.0,506000000.0,508000000.0
Public Service Enterprise Group Inc,PEG,PUSS41EMO3E6XXNV3U28,788784,2016.0,FY,2016-01-01,2016-12-31,2019-02-27 19:35:09+00:00,1.76,1.76,1.64,1476000000.0,1.75,411000000.0,887000000.0,887000000.0,,887000000.0,5892000000.0,8966000000.0,,,91000000.0,,,,5892000000.0,3074000000.0,385000000.0,-6000000.0,1476000000.0,1598000000.0,-300000000.0,1298000000.0,8966000000.0,504000000.0,505000000.0,508000000.0
Public Service Enterprise Group Inc,PEG,PUSS41EMO3E6XXNV3U28,788784,2016.0,Q4,2016-10-01,2016-12-31,,-0.19,-0.19,0.41,797000000.0,-0.19,-151000000.0,-98000000.0,-98000000.0,,-98000000.0,1351000000.0,1995000000.0,,,-18000000.0,,,,1351000000.0,644000000.0,97000000.0,19000000.0,797000000.0,-153000000.0,-96000000.0,-249000000.0,1995000000.0,504000000.0,505000000.0,508000000.0
Public Service Enterprise Group Inc,PEG,PUSS41EMO3E6XXNV3U28,788784,2016.0,Q3,2016-07-01,2016-09-30,2017-10-31 17:09:14+00:00,0.65,0.65,0.41,231000000.0,0.64,188000000.0,327000000.0,327000000.0,,327000000.0,1642000000.0,2450000000.0,,,42000000.0,,,,1642000000.0,808000000.0,99000000.0,-5000000.0,231000000.0,577000000.0,-62000000.0,515000000.0,2450000000.0,503100000.0,505000000.0,508000000.0
Public Service Enterprise Group Inc,PEG,PUSS41EMO3E6XXNV3U28,788784,2016.0,Q3YTD,2016-01-01,2016-09-30,,1.95,1.95,1.23,679000000.0,1.94,562000000.0,985000000.0,985000000.0,,985000000.0,4541000000.0,6971000000.0,,,109000000.0,,,,4541000000.0,2430000000.0,288000000.0,-25000000.0,679000000.0,1751000000.0,-204000000.0,1547000000.0,6971000000.0,503100000.0,505000000.0,508000000.0
Public Service Enterprise Group Inc,PEG,PUSS41EMO3E6XXNV3U28,788784,2016.0,Q3TTM,2015-10-01,2016-09-30,,2.56,2.56,1.62,933000000.0,2.54,694000000.0,1294000000.0,1294000000.0,,1294000000.0,6033000000.0,9249000000.0,,,128000000.0,,,,6033000000.0,3216000000.0,390000000.0,-33000000.0,933000000.0,2283000000.0,-295000000.0,1988000000.0,9249000000.0,503100000.0,505000000.0,508000000.0
Public Service Enterprise Group Inc,PEG,PUSS41EMO3E6XXNV3U28,788784,2016.0,Q2,2016-04-01,2016-06-30,2017-07-28 16:57:44+00:00,0.37,0.37,0.41,224000000.0,0.37,91000000.0,187000000.0,187000000.0,,187000000.0,1334000000.0,1905000000.0,,,38000000.0,,,,1334000000.0,571000000.0,97000000.0,-10000000.0,224000000.0,347000000.0,-69000000.0,278000000.0,1905000000.0,505400000.0,505000000.0,508000000.0
Public Service Enterprise Group Inc,PEG,PUSS41EMO3E6XXNV3U28,788784,2016.0,Q2YTD,2016-01-01,2016-06-30,,1.3,1.3,0.82,448000000.0,1.3,374000000.0,658000000.0,658000000.0,,658000000.0,2899000000.0,4521000000.0,,,67000000.0,,,,2899000000.0,1622000000.0,189000000.0,-20000000.0,448000000.0,1174000000.0,-142000000.0,1032000000.0,4521000000.0,505400000.0,505000000.0,508000000.0
Public Service Enterprise Group Inc,PEG,PUSS41EMO3E6XXNV3U28,788784,2016.0,Q2TTM,2015-07-01,2016-06-30,,2.78,2.78,1.6,1015000000.0,2.77,791000000.0,1406000000.0,1406000000.0,,1406000000.0,5952000000.0,9487000000.0,,,122000000.0,,,,5952000000.0,3535000000.0,387000000.0,-58000000.0,1015000000.0,2520000000.0,-323000000.0,2197000000.0,9487000000.0,505400000.0,505000000.0,508000000.0
Public Service Enterprise Group Inc,PEG,PUSS41EMO3E6XXNV3U28,788784,2016.0,Q1,2016-01-01,2016-03-31,2017-04-28 17:25:55+00:00,0.93,0.93,0.41,224000000.0,0.93,283000000.0,471000000.0,471000000.0,,471000000.0,1565000000.0,2616000000.0,,,29000000.0,,,,1565000000.0,1051000000.0,92000000.0,-10000000.0,224000000.0,827000000.0,-73000000.0,754000000.0,2616000000.0,506500000.0,505000000.0,508000000.0
Public Service Enterprise Group Inc,PEG,PUSS41EMO3E6XXNV3U28,788784,2016.0,Q1TTM,2015-04-01,2016-03-31,,3.09,3.09,1.58,1108000000.0,3.08,886000000.0,1564000000.0,1564000000.0,,1564000000.0,6047000000.0,9896000000.0,,,154000000.0,,,,6047000000.0,3849000000.0,387000000.0,-58000000.0,1108000000.0,2741000000.0,-291000000.0,2450000000.0,9896000000.0,506500000.0,505000000.0,508000000.0
Public Service Enterprise Group Inc,PEG,PUSS41EMO3E6XXNV3U28,788784,2017.0,FY,2017-01-01,2017-12-31,2020-02-26 17:15:29+00:00,3.12,3.12,1.72,1986000000.0,3.1,-306000000.0,1574000000.0,1574000000.0,,1574000000.0,5679000000.0,9094000000.0,,,96000000.0,,0.0,,5679000000.0,3415000000.0,391000000.0,134000000.0,1986000000.0,1429000000.0,-161000000.0,1268000000.0,9094000000.0,504500000.0,505000000.0,507000000.0
Public Service Enterprise Group Inc,PEG,PUSS41EMO3E6XXNV3U28,788784,2017.0,Q4,2017-10-01,2017-12-31,,1.89,1.89,-1.29,265000000.0,1.88,-646000000.0,956000000.0,956000000.0,,956000000.0,1479000000.0,2107000000.0,,,-14000000.0,,,,1479000000.0,628000000.0,102000000.0,63000000.0,265000000.0,363000000.0,-53000000.0,310000000.0,2107000000.0,504500000.0,505000000.0,507000000.0
Public Service Enterprise Group Inc,PEG,PUSS41EMO3E6XXNV3U28,788784,2017.0,Q3,2017-07-01,2017-09-30,2018-10-30 17:26:59+00:00,0.78,0.78,0.43,252000000.0,0.78,252000000.0,395000000.0,395000000.0,,395000000.0,1309000000.0,2254000000.0,,,36000000.0,,,,1309000000.0,945000000.0,100000000.0,18000000.0,252000000.0,693000000.0,-46000000.0,647000000.0,2254000000.0,506400000.0,505000000.0,507000000.0
Public Service Enterprise Group Inc,PEG,PUSS41EMO3E6XXNV3U28,788784,2017.0,Q3YTD,2017-01-01,2017-09-30,,1.23,1.23,1.29,1721000000.0,1.22,340000000.0,618000000.0,618000000.0,,618000000.0,4200000000.0,6987000000.0,,,110000000.0,,,,4200000000.0,2787000000.0,289000000.0,71000000.0,1721000000.0,1066000000.0,-108000000.0,958000000.0,6987000000.0,506400000.0,505000000.0,507000000.0
Public Service Enterprise Group Inc,PEG,PUSS41EMO3E6XXNV3U28,788784,2017.0,Q3TTM,2016-10-01,2017-09-30,,1.04,1.04,1.7,2518000000.0,1.03,189000000.0,520000000.0,520000000.0,,520000000.0,5551000000.0,8982000000.0,,,92000000.0,,,,5551000000.0,3431000000.0,386000000.0,90000000.0,2518000000.0,913000000.0,-204000000.0,709000000.0,8982000000.0,506400000.0,505000000.0,507000000.0
Public Service Enterprise Group Inc,PEG,PUSS41EMO3E6XXNV3U28,788784,2017.0,Q2,2017-04-01,2017-06-30,2018-08-01 16:40:21+00:00,0.22,0.22,0.43,641000000.0,0.22,59000000.0,109000000.0,109000000.0,,109000000.0,1306000000.0,2142000000.0,,,39000000.0,,,,1306000000.0,836000000.0,91000000.0,25000000.0,641000000.0,195000000.0,-27000000.0,168000000.0,2142000000.0,495500000.0,505000000.0,507000000.0
Public Service Enterprise Group Inc,PEG,PUSS41EMO3E6XXNV3U28,788784,2017.0,Q2YTD,2017-01-01,2017-06-30,,0.45,0.45,0.86,1469000000.0,0.44,88000000.0,223000000.0,223000000.0,,223000000.0,2891000000.0,4733000000.0,,,74000000.0,,,,2891000000.0,1842000000.0,189000000.0,53000000.0,1469000000.0,373000000.0,-62000000.0,311000000.0,4733000000.0,495500000.0,505000000.0,507000000.0
Public Service Enterprise Group Inc,PEG,PUSS41EMO3E6XXNV3U28,788784,2017.0,Q2TTM,2016-07-01,2017-06-30,,0.91,0.91,1.68,2497000000.0,0.89,125000000.0,452000000.0,452000000.0,,452000000.0,5884000000.0,9178000000.0,,,98000000.0,,,,5884000000.0,3294000000.0,385000000.0,67000000.0,2497000000.0,797000000.0,-220000000.0,577000000.0,9178000000.0,495500000.0,505000000.0,507000000.0
Public Service Enterprise Group Inc,PEG,PUSS41EMO3E6XXNV3U28,788784,2017.0,Q1,2017-01-01,2017-03-31,2018-04-30 17:24:58+00:00,0.23,0.23,0.43,828000000.0,0.22,29000000.0,114000000.0,114000000.0,,114000000.0,1585000000.0,2591000000.0,,,35000000.0,,,,1585000000.0,1006000000.0,98000000.0,28000000.0,828000000.0,178000000.0,-35000000.0,143000000.0,2591000000.0,495700000.0,505000000.0,508000000.0
Public Service Enterprise Group Inc,PEG,PUSS41EMO3E6XXNV3U28,788784,2017.0,Q1TTM,2016-04-01,2017-03-31,,1.06,1.06,1.66,2080000000.0,1.04,157000000.0,530000000.0,530000000.0,,530000000.0,5912000000.0,8941000000.0,,,97000000.0,,,,5912000000.0,3029000000.0,391000000.0,32000000.0,2080000000.0,949000000.0,-262000000.0,687000000.0,8941000000.0,495700000.0,505000000.0,508000000.0
Public Service Enterprise Group Inc,PEG,PUSS41EMO3E6XXNV3U28,788784,2018.0,Q1,2018-01-01,2018-03-31,2019-05-02 16:51:04+00:00,1.11,1.11,0.45,280000000.0,1.1,202000000.0,558000000.0,558000000.0,,558000000.0,1706000000.0,2818000000.0,2000000.0,,51000000.0,,,,1706000000.0,1112000000.0,103000000.0,-22000000.0,280000000.0,832000000.0,-74000000.0,760000000.0,2818000000.0,502700000.0,504000000.0,507000000.0
Public Service Enterprise Group Inc,PEG,PUSS41EMO3E6XXNV3U28,788784,2018.0,Q1TTM,2017-04-01,2018-03-31,,4.0,4.0,0.02,1438000000.0,3.98,-133000000.0,2018000000.0,2018000000.0,,2018000000.0,5800000000.0,9321000000.0,2000000.0,,112000000.0,,,,5800000000.0,3521000000.0,396000000.0,84000000.0,1438000000.0,2083000000.0,-200000000.0,1885000000.0,9321000000.0,502700000.0,504000000.0,507000000.0
Public Service Enterprise Group Inc,PEG,PUSS41EMO3E6XXNV3U28,788784,2019.0,Q1,2019-01-01,2019-03-31,2020-05-04 21:10:24+00:00,1.39,1.39,0.47,314000000.0,1.38,149000000.0,700000000.0,700000000.0,,700000000.0,1880000000.0,2980000000.0,,,68000000.0,,,,1880000000.0,1100000000.0,133000000.0,128000000.0,314000000.0,786000000.0,63000000.0,849000000.0,2980000000.0,503600000.0,504000000.0,507000000.0
Public Service Enterprise Group Inc,PEG,PUSS41EMO3E6XXNV3U28,788784,2020.0,Q1,2020-01-01,2020-03-31,2020-05-04 21:10:24+00:00,0.89,0.89,0.49,640000000.0,0.88,83000000.0,901000000.0,898000000.0,,901000000.0,3550000000.0,2781000000.0,3000000.0,-3000000.0,135000000.0,-2982000000.0,,,3550000000.0,-769000000.0,283000000.0,-441000000.0,-2342000000.0,1573000000.0,-589000000.0,984000000.0,2781000000.0,1012400000.0,504000000.0,507000000.0
