company_name,company_ticker,company_lei,company_cik,year,quarter,start_date,end_date,filing_date,basicdilutedeps,basiceps,dilutedeps,incometaxexpense,netincome,netincomecontinuing,netincometocommon,operatingcostofrevenue,operatingrevenue,otherincome,otheroperatingexpenses,otherrevenue,otherspecialcharges,rdexpense,sgaexpense,totalcostofrevenue,totalgrossprofit,totalinterestexpense,totalinterestincome,totaloperatingexpenses,totaloperatingincome,totalotherincome,totalpretaxincome,totalrevenue,weightedavebasicdilutedsharesos,weightedavebasicsharesos,weightedavedilutedsharesos
Incyte Corp,INCY,549300Z4WN6JVZ3T4680,879169,2009.0,FY,2009-01-01,2009-12-31,2012-02-22 16:29:04+00:00,-2.06,-2.06,-2.06,,,,,,9265000.0,177570000.0,,,,119442000.0,29591000.0,,9265000.0,37852000.0,50000.0,149033000.0,-139768000.0,139768000.0,0.0,9265000.0,,102943000.0,102943000.0
Incyte Corp,INCY,549300Z4WN6JVZ3T4680,879169,2010.0,FY,2010-01-01,2010-12-31,2013-02-21 16:17:27+00:00,-0.26,-0.26,-0.26,0.0,-31846000.0,-31846000.0,-31846000.0,0.0,168948000.0,-3988000.0,,930000.0,,123880000.0,31949000.0,,169878000.0,43323000.0,1416000.0,155829000.0,14049000.0,-45895000.0,-31846000.0,169878000.0,121628000.0,122500000.0,122500000.0
Incyte Corp,INCY,549300Z4WN6JVZ3T4680,879169,2010.0,Q4,2010-10-01,2010-12-31,,0.27,0.01,0.02,,32540000.0,32540000.0,32540000.0,,84941000.0,-3988000.0,,930000.0,,32949000.0,10611000.0,,85871000.0,6650000.0,867000.0,43560000.0,42311000.0,-9771000.0,32540000.0,85871000.0,121628000.0,122500000.0,122500000.0
Incyte Corp,INCY,549300Z4WN6JVZ3T4680,879169,2010.0,Q3,2010-07-01,2010-09-30,2011-10-27 16:25:59+00:00,-0.26,0.0,0.0,-658000.0,-31701000.0,-31701000.0,-31701000.0,,16872000.0,,,,,30609000.0,8319000.0,,16872000.0,10515000.0,212000.0,38928000.0,-22056000.0,-10303000.0,-32359000.0,16872000.0,121900000.0,122189000.0,122189000.0
Incyte Corp,INCY,549300Z4WN6JVZ3T4680,879169,2010.0,Q3YTD,2010-01-01,2010-09-30,,-0.53,-0.27,-0.28,,-64386000.0,-64386000.0,-64386000.0,,84007000.0,,,,,90931000.0,21338000.0,,84007000.0,36673000.0,549000.0,112269000.0,-28262000.0,-36124000.0,-64386000.0,84007000.0,121900000.0,122189000.0,122189000.0
Incyte Corp,INCY,549300Z4WN6JVZ3T4680,879169,2010.0,Q2,2010-04-01,2010-06-30,2011-07-28 16:13:32+00:00,0.03,0.03,0.02,331000.0,3044000.0,3044000.0,3044000.0,,49847000.0,,,,,28883000.0,7340000.0,,49847000.0,10391000.0,142000.0,36223000.0,13624000.0,-10249000.0,3375000.0,49847000.0,101500000.0,121630000.0,128291000.0
Incyte Corp,INCY,549300Z4WN6JVZ3T4680,879169,2010.0,Q2YTD,2010-01-01,2010-06-30,,-0.27,-0.27,-0.28,658000.0,-32685000.0,-32685000.0,-32685000.0,,67135000.0,,,,,60322000.0,13019000.0,,67135000.0,26158000.0,337000.0,73341000.0,-6206000.0,-25821000.0,-32027000.0,67135000.0,101500000.0,121630000.0,128291000.0
Incyte Corp,INCY,549300Z4WN6JVZ3T4680,879169,2010.0,Q1,2010-01-01,2010-03-31,2011-05-03 16:24:07+00:00,-0.3,-0.3,-0.3,327000.0,-35729000.0,-35729000.0,-35729000.0,,17288000.0,,,,,31439000.0,5679000.0,,17288000.0,15767000.0,195000.0,37118000.0,-19830000.0,-15572000.0,-35402000.0,17288000.0,119100000.0,119727000.0,119727000.0
Incyte Corp,INCY,549300Z4WN6JVZ3T4680,879169,2011.0,FY,2011-01-01,2011-12-31,2014-02-21 17:11:16+00:00,-1.49,-1.49,-1.49,0.0,-186540000.0,-186540000.0,-186540000.0,0.0,93960000.0,0.0,,495000.0,,178707000.0,58931000.0,,94455000.0,43819000.0,462000.0,237638000.0,-143183000.0,-43357000.0,-186540000.0,94455000.0,125362000.0,125200000.0,125200000.0
Incyte Corp,INCY,549300Z4WN6JVZ3T4680,879169,2011.0,Q4,2011-10-01,2011-12-31,,-0.86,-0.87,-0.87,,-55080000.0,-55080000.0,-55080000.0,,28439000.0,,,450000.0,,51774000.0,21255000.0,,28889000.0,11153000.0,213000.0,73029000.0,-44140000.0,-10940000.0,-55080000.0,28889000.0,125362000.0,125200000.0,125200000.0
Incyte Corp,INCY,549300Z4WN6JVZ3T4680,879169,2011.0,Q3,2011-07-01,2011-09-30,2012-11-01 16:20:43+00:00,-0.42,0.0,0.0,0.0,-53078000.0,-53078000.0,-53078000.0,0.0,16737000.0,0.0,,45000.0,,44604000.0,14282000.0,,16782000.0,11019000.0,45000.0,58886000.0,-42104000.0,-10974000.0,-53078000.0,16782000.0,126260000.0,0.0,0.0
Incyte Corp,INCY,549300Z4WN6JVZ3T4680,879169,2011.0,Q3YTD,2011-01-01,2011-09-30,,-0.63,-0.62,-0.62,,-131460000.0,-131460000.0,-131460000.0,,65521000.0,,,45000.0,,126933000.0,37676000.0,,65566000.0,32666000.0,249000.0,164609000.0,-99043000.0,-32417000.0,-131460000.0,65566000.0,126260000.0,0.0,0.0
Incyte Corp,INCY,549300Z4WN6JVZ3T4680,879169,2011.0,Q3TTM,2010-10-01,2011-09-30,,-0.36,-0.61,-0.6,,-98920000.0,-98920000.0,-98920000.0,,150462000.0,-3988000.0,,975000.0,,159882000.0,48287000.0,,151437000.0,39316000.0,1116000.0,208169000.0,-56732000.0,-42188000.0,-98920000.0,151437000.0,126260000.0,0.0,0.0
Incyte Corp,INCY,549300Z4WN6JVZ3T4680,879169,2011.0,Q2,2011-04-01,2011-06-30,2012-08-03 16:12:20+00:00,0.0,-0.41,-0.41,0.0,-51870000.0,-51870000.0,-51870000.0,0.0,16811000.0,0.0,,,,46047000.0,11878000.0,,16811000.0,10888000.0,132000.0,57925000.0,-41114000.0,-10756000.0,-51870000.0,16811000.0,,125330000.0,125330000.0
Incyte Corp,INCY,549300Z4WN6JVZ3T4680,879169,2011.0,Q2YTD,2011-01-01,2011-06-30,,-0.21,-0.62,-0.62,,-78382000.0,-78382000.0,-78382000.0,,48784000.0,,,,,82329000.0,23394000.0,,48784000.0,21647000.0,204000.0,105723000.0,-56939000.0,-21443000.0,-78382000.0,48784000.0,,125330000.0,125330000.0
Incyte Corp,INCY,549300Z4WN6JVZ3T4680,879169,2011.0,Q2TTM,2010-07-01,2011-06-30,,-0.2,-0.61,-0.6,-658000.0,-77543000.0,-77543000.0,-77543000.0,,150597000.0,-3988000.0,,930000.0,,145887000.0,42324000.0,,151527000.0,38812000.0,1283000.0,188211000.0,-36684000.0,-41517000.0,-78201000.0,151527000.0,,125330000.0,125330000.0
Incyte Corp,INCY,549300Z4WN6JVZ3T4680,879169,2011.0,Q1,2011-01-01,2011-03-31,2011-05-03 16:24:07+00:00,-0.21,-0.21,-0.21,0.0,-26512000.0,-26512000.0,-26512000.0,,31973000.0,,,,,36282000.0,11516000.0,,31973000.0,10759000.0,72000.0,47798000.0,-15825000.0,-10687000.0,-26512000.0,31973000.0,126200000.0,123467000.0,123467000.0
Incyte Corp,INCY,549300Z4WN6JVZ3T4680,879169,2011.0,Q1TTM,2010-04-01,2011-03-31,,-0.17,-0.17,-0.17,-327000.0,-22629000.0,-22629000.0,-22629000.0,,183633000.0,-3988000.0,,930000.0,,128723000.0,37786000.0,,184563000.0,38315000.0,1293000.0,166509000.0,18054000.0,-41010000.0,-22956000.0,184563000.0,126200000.0,123467000.0,123467000.0
Incyte Corp,INCY,549300Z4WN6JVZ3T4680,879169,2012.0,FY,2012-01-01,2012-12-31,2015-02-17 16:11:01+00:00,-0.34,-0.34,-0.34,174000.0,-44320000.0,-44320000.0,-44320000.0,157000.0,296601000.0,,,458000.0,,210391000.0,85363000.0,157000.0,296902000.0,46058000.0,764000.0,295754000.0,1148000.0,-45294000.0,-44146000.0,297059000.0,129747000.0,130400000.0,130400000.0
Incyte Corp,INCY,549300Z4WN6JVZ3T4680,879169,2012.0,Q4,2012-10-01,2012-12-31,,0.16,0.16,0.16,81000.0,18779000.0,18779000.0,18779000.0,99000.0,113689000.0,,,157000.0,,59764000.0,23728000.0,99000.0,113747000.0,11765000.0,370000.0,83492000.0,30255000.0,-11395000.0,18860000.0,113846000.0,129747000.0,130400000.0,130400000.0
Incyte Corp,INCY,549300Z4WN6JVZ3T4680,879169,2012.0,Q3YTD,2012-01-01,2012-09-30,,-0.5,-0.5,-0.5,93000.0,-63099000.0,-63099000.0,-63099000.0,58000.0,182912000.0,,,301000.0,,150627000.0,61635000.0,58000.0,183155000.0,34293000.0,394000.0,212262000.0,-29107000.0,-33899000.0,-63006000.0,183213000.0,130851000.0,127700000.0,127700000.0
Incyte Corp,INCY,549300Z4WN6JVZ3T4680,879169,2012.0,Q3TTM,2011-10-01,2012-09-30,,-1.36,-1.37,-1.37,93000.0,-118179000.0,-118179000.0,-118179000.0,58000.0,211351000.0,,,751000.0,,202401000.0,82890000.0,58000.0,212044000.0,45446000.0,607000.0,285291000.0,-73247000.0,-44839000.0,-118086000.0,212102000.0,130851000.0,127700000.0,127700000.0
Incyte Corp,INCY,549300Z4WN6JVZ3T4680,879169,2012.0,Q3,2012-07-01,2012-09-30,2013-10-31 16:12:49+00:00,-0.17,-0.17,-0.17,26000.0,-21710000.0,-21710000.0,-21710000.0,31000.0,60432000.0,,,60000.0,,50079000.0,20520000.0,31000.0,60461000.0,11573000.0,27000.0,70599000.0,-10138000.0,-11546000.0,-21684000.0,60492000.0,130851000.0,127700000.0,127700000.0
Incyte Corp,INCY,549300Z4WN6JVZ3T4680,879169,2012.0,Q2YTD,2012-01-01,2012-06-30,,-0.33,-0.33,-0.33,67000.0,-41389000.0,-41389000.0,-41389000.0,27000.0,122480000.0,,,241000.0,,100548000.0,41115000.0,27000.0,122694000.0,22720000.0,367000.0,141663000.0,-18969000.0,-22353000.0,-41322000.0,122721000.0,134600000.0,129224000.0,137969000.0
Incyte Corp,INCY,549300Z4WN6JVZ3T4680,879169,2012.0,Q2TTM,2011-07-01,2012-06-30,,-1.61,-1.2,-1.2,67000.0,-149547000.0,-149547000.0,-149547000.0,27000.0,167656000.0,,,736000.0,,196926000.0,76652000.0,27000.0,168365000.0,44892000.0,625000.0,273578000.0,-105213000.0,-44267000.0,-149480000.0,168392000.0,134600000.0,129224000.0,137969000.0
Incyte Corp,INCY,549300Z4WN6JVZ3T4680,879169,2012.0,Q2,2012-04-01,2012-06-30,2013-08-01 16:07:00+00:00,0.03,0.03,0.03,67000.0,4037000.0,4037000.0,4037000.0,16000.0,86464000.0,,,78000.0,,51588000.0,19719000.0,16000.0,86526000.0,11430000.0,315000.0,71307000.0,15219000.0,-11115000.0,4104000.0,86542000.0,134600000.0,129224000.0,137969000.0
Incyte Corp,INCY,549300Z4WN6JVZ3T4680,879169,2012.0,Q1TTM,2011-04-01,2012-03-31,,-1.64,-1.64,-1.64,,-205454000.0,-205454000.0,-205454000.0,11000.0,98003000.0,,,658000.0,,191385000.0,68811000.0,11000.0,98650000.0,44350000.0,442000.0,260196000.0,-161546000.0,-43908000.0,-205454000.0,98661000.0,127203000.0,126200000.0,126200000.0
Incyte Corp,INCY,549300Z4WN6JVZ3T4680,879169,2012.0,Q1,2012-01-01,2012-03-31,2013-05-02 16:30:47+00:00,-0.36,-0.36,-0.36,,-45426000.0,-45426000.0,-45426000.0,11000.0,36016000.0,,,163000.0,,48960000.0,21396000.0,11000.0,36168000.0,11290000.0,52000.0,70356000.0,-34188000.0,-11238000.0,-45426000.0,36179000.0,127203000.0,126200000.0,126200000.0
Incyte Corp,INCY,549300Z4WN6JVZ3T4680,879169,2013.0,FY,2013-01-01,2013-12-31,2016-02-12 16:41:11+00:00,-0.56,-0.56,-0.56,299000.0,-83147000.0,-83147000.0,-83147000.0,630000.0,354741000.0,-17934000.0,,206000.0,,260436000.0,109983000.0,630000.0,354317000.0,50136000.0,1324000.0,370419000.0,-16102000.0,-66746000.0,-82848000.0,354947000.0,148500000.0,148403000.0,148403000.0
Incyte Corp,INCY,549300Z4WN6JVZ3T4680,879169,2013.0,Q4,2013-10-01,2013-12-31,,-0.28,-0.28,-0.28,136000.0,-42870000.0,-42870000.0,-42870000.0,168000.0,97048000.0,-17934000.0,,24000.0,,75019000.0,38026000.0,168000.0,96904000.0,9154000.0,495000.0,113045000.0,-16141000.0,-26593000.0,-42734000.0,97072000.0,148500000.0,148403000.0,148403000.0
Incyte Corp,INCY,549300Z4WN6JVZ3T4680,879169,2013.0,Q3YTD,2013-01-01,2013-09-30,,-0.28,-0.28,-0.28,163000.0,-40277000.0,-40277000.0,-40277000.0,462000.0,257693000.0,,,182000.0,,185417000.0,71957000.0,462000.0,257413000.0,40982000.0,829000.0,257374000.0,39000.0,-40153000.0,-40114000.0,257875000.0,157400000.0,155067000.0,155067000.0
Incyte Corp,INCY,549300Z4WN6JVZ3T4680,879169,2013.0,Q3TTM,2012-10-01,2013-09-30,,-0.12,-0.12,-0.12,244000.0,-21498000.0,-21498000.0,-21498000.0,561000.0,371382000.0,,,339000.0,,245181000.0,95685000.0,561000.0,371160000.0,52747000.0,1199000.0,340866000.0,30294000.0,-51548000.0,-21254000.0,371721000.0,157400000.0,155067000.0,155067000.0
Incyte Corp,INCY,549300Z4WN6JVZ3T4680,879169,2013.0,Q3,2013-07-01,2013-09-30,2014-10-30 16:37:16+00:00,-0.14,-0.14,-0.14,49000.0,-22037000.0,-22037000.0,-22037000.0,155000.0,85122000.0,,,1000.0,,71704000.0,26447000.0,155000.0,84968000.0,9190000.0,385000.0,98151000.0,-13183000.0,-8805000.0,-21988000.0,85123000.0,157400000.0,155067000.0,155067000.0
Incyte Corp,INCY,549300Z4WN6JVZ3T4680,879169,2013.0,Q2YTD,2013-01-01,2013-06-30,,-0.14,-0.14,-0.14,114000.0,-18240000.0,-18240000.0,-18240000.0,307000.0,172571000.0,,,181000.0,,113713000.0,45510000.0,307000.0,172445000.0,31792000.0,444000.0,159223000.0,13222000.0,-31348000.0,-18126000.0,172752000.0,142284000.0,128600000.0,128600000.0
Incyte Corp,INCY,549300Z4WN6JVZ3T4680,879169,2013.0,Q2TTM,2012-07-01,2013-06-30,,-0.15,-0.15,-0.15,221000.0,-21171000.0,-21171000.0,-21171000.0,437000.0,346692000.0,,,398000.0,,223556000.0,89758000.0,437000.0,346653000.0,55130000.0,841000.0,313314000.0,33339000.0,-54289000.0,-20950000.0,347090000.0,142284000.0,128600000.0,128600000.0
Incyte Corp,INCY,549300Z4WN6JVZ3T4680,879169,2013.0,Q2,2013-04-01,2013-06-30,2014-07-31 16:07:52+00:00,-0.02,-0.02,-0.02,71000.0,-2571000.0,-2571000.0,-2571000.0,157000.0,101636000.0,,,39000.0,,60950000.0,23249000.0,157000.0,101518000.0,20064000.0,245000.0,84199000.0,17319000.0,-19819000.0,-2500000.0,101675000.0,142284000.0,128600000.0,128600000.0
Incyte Corp,INCY,549300Z4WN6JVZ3T4680,879169,2013.0,Q1TTM,2012-04-01,2013-03-31,,-0.1,-0.1,-0.1,217000.0,-14563000.0,-14563000.0,-14563000.0,296000.0,331520000.0,,,437000.0,,214194000.0,86228000.0,296000.0,331661000.0,46496000.0,911000.0,300422000.0,31239000.0,-45585000.0,-14346000.0,331957000.0,134345000.0,130600000.0,130600000.0
Incyte Corp,INCY,549300Z4WN6JVZ3T4680,879169,2013.0,Q1,2013-01-01,2013-03-31,2014-05-01 16:08:57+00:00,-0.12,-0.12,-0.12,43000.0,-15669000.0,-15669000.0,-15669000.0,150000.0,70935000.0,,,142000.0,,52763000.0,22261000.0,150000.0,70927000.0,11728000.0,199000.0,75024000.0,-4097000.0,-11529000.0,-15626000.0,71077000.0,134345000.0,130600000.0,130600000.0
Incyte Corp,INCY,549300Z4WN6JVZ3T4680,879169,2014.0,FY,2014-01-01,2014-12-31,2017-02-14 16:13:15+00:00,-0.29,-0.29,-0.29,-66000.0,-48481000.0,-48481000.0,-48481000.0,3004000.0,511385000.0,,,110000.0,,347523000.0,165772000.0,3004000.0,508491000.0,47093000.0,3350000.0,513295000.0,-4804000.0,-43743000.0,-48547000.0,511495000.0,167200000.0,167947000.0,167947000.0
Incyte Corp,INCY,549300Z4WN6JVZ3T4680,879169,2014.0,Q4,2014-10-01,2014-12-31,,-0.21,-0.21,-0.19,-257000.0,-36944000.0,-36944000.0,-36944000.0,2428000.0,123971000.0,,,3000.0,,98718000.0,48453000.0,2428000.0,121546000.0,12516000.0,940000.0,147171000.0,-25625000.0,-11576000.0,-37201000.0,123974000.0,167200000.0,167947000.0,167947000.0
Incyte Corp,INCY,549300Z4WN6JVZ3T4680,879169,2014.0,Q3,2014-07-01,2014-09-30,2015-11-03 16:16:16+00:00,0.35,0.35,0.33,72000.0,59293000.0,59293000.0,59293000.0,221000.0,198144000.0,,,3000.0,,88537000.0,39446000.0,221000.0,197926000.0,11463000.0,885000.0,127983000.0,69943000.0,-10578000.0,59365000.0,198147000.0,169400000.0,168592000.0,189046000.0
Incyte Corp,INCY,549300Z4WN6JVZ3T4680,879169,2014.0,Q3YTD,2014-01-01,2014-09-30,,-0.08,-0.08,-0.1,191000.0,-11537000.0,-11537000.0,-11537000.0,576000.0,387414000.0,,,107000.0,,248805000.0,117319000.0,576000.0,386945000.0,34577000.0,2410000.0,366124000.0,20821000.0,-32167000.0,-11346000.0,387521000.0,169400000.0,168592000.0,189046000.0
Incyte Corp,INCY,549300Z4WN6JVZ3T4680,879169,2014.0,Q3TTM,2013-10-01,2014-09-30,,-0.36,-0.36,-0.38,327000.0,-54407000.0,-54407000.0,-54407000.0,744000.0,484462000.0,-17934000.0,,131000.0,,323824000.0,155345000.0,744000.0,483849000.0,43731000.0,2905000.0,479169000.0,4680000.0,-58760000.0,-54080000.0,484593000.0,169400000.0,168592000.0,189046000.0
Incyte Corp,INCY,549300Z4WN6JVZ3T4680,879169,2014.0,Q2,2014-04-01,2014-06-30,2015-08-04 16:09:56+00:00,-0.22,-0.22,-0.22,70000.0,-36873000.0,-36873000.0,-36873000.0,187000.0,99579000.0,,,3000.0,,84683000.0,40899000.0,187000.0,99395000.0,11406000.0,790000.0,125582000.0,-26187000.0,-10616000.0,-36803000.0,99582000.0,167600000.0,167914000.0,167914000.0
Incyte Corp,INCY,549300Z4WN6JVZ3T4680,879169,2014.0,Q2YTD,2014-01-01,2014-06-30,,-0.43,-0.43,-0.43,119000.0,-70830000.0,-70830000.0,-70830000.0,355000.0,189270000.0,,,104000.0,,160268000.0,77873000.0,355000.0,189019000.0,23114000.0,1525000.0,238141000.0,-49122000.0,-21589000.0,-70711000.0,189374000.0,167600000.0,167914000.0,167914000.0
Incyte Corp,INCY,549300Z4WN6JVZ3T4680,879169,2014.0,Q2TTM,2013-07-01,2014-06-30,,-0.85,-0.85,-0.85,304000.0,-135737000.0,-135737000.0,-135737000.0,678000.0,371440000.0,-17934000.0,,129000.0,,306991000.0,142346000.0,678000.0,370891000.0,41458000.0,2405000.0,449337000.0,-78446000.0,-56987000.0,-135433000.0,371569000.0,167600000.0,167914000.0,167914000.0
Incyte Corp,INCY,549300Z4WN6JVZ3T4680,879169,2014.0,Q1,2014-01-01,2014-03-31,2015-04-30 16:45:12+00:00,-0.21,-0.21,-0.21,49000.0,-33957000.0,-33957000.0,-33957000.0,168000.0,89691000.0,,,101000.0,,75585000.0,36974000.0,168000.0,89624000.0,11708000.0,735000.0,112559000.0,-22935000.0,-10973000.0,-33908000.0,89792000.0,165357000.0,161700000.0,161700000.0
Incyte Corp,INCY,549300Z4WN6JVZ3T4680,879169,2014.0,Q1TTM,2013-04-01,2014-03-31,,-0.65,-0.65,-0.65,305000.0,-101435000.0,-101435000.0,-101435000.0,648000.0,373497000.0,-17934000.0,,165000.0,,283258000.0,124696000.0,648000.0,373014000.0,50116000.0,1860000.0,407954000.0,-34940000.0,-66190000.0,-101130000.0,373662000.0,165357000.0,161700000.0,161700000.0
Incyte Corp,INCY,549300Z4WN6JVZ3T4680,879169,2015.0,FY,2015-01-01,2015-12-31,2018-02-15 16:03:25+00:00,0.04,0.04,0.03,1025000.0,6531000.0,6531000.0,6531000.0,26972000.0,753693000.0,-4581000.0,,58000.0,,479514000.0,196614000.0,26972000.0,726779000.0,45603000.0,7089000.0,676128000.0,50651000.0,-43095000.0,7556000.0,753751000.0,163300000.0,179601000.0,187302000.0
Incyte Corp,INCY,549300Z4WN6JVZ3T4680,879169,2015.0,Q4,2015-10-01,2015-12-31,,0.32,0.32,0.31,513000.0,55178000.0,55178000.0,55178000.0,9704000.0,243881000.0,-466000.0,,,,116631000.0,52465000.0,9704000.0,234177000.0,10213000.0,1289000.0,169096000.0,65081000.0,-9390000.0,55691000.0,243881000.0,163300000.0,179601000.0,187302000.0
Incyte Corp,INCY,549300Z4WN6JVZ3T4680,879169,2015.0,Q3,2015-07-01,2015-09-30,2016-11-01 16:11:45+00:00,-0.22,-0.22,-0.22,9000.0,-39582000.0,-39582000.0,-39582000.0,8040000.0,187611000.0,-31289000.0,,,,132073000.0,47599000.0,8040000.0,179571000.0,11209000.0,3026000.0,179672000.0,-101000.0,-39472000.0,-39573000.0,187611000.0,179900000.0,181387000.0,181387000.0
Incyte Corp,INCY,549300Z4WN6JVZ3T4680,879169,2015.0,Q3YTD,2015-01-01,2015-09-30,,-0.28,-0.28,-0.28,512000.0,-48647000.0,-48647000.0,-48647000.0,17268000.0,509812000.0,-4115000.0,,58000.0,,362883000.0,144149000.0,17268000.0,492602000.0,35390000.0,5800000.0,507032000.0,-14430000.0,-33705000.0,-48135000.0,509870000.0,179900000.0,181387000.0,181387000.0
Incyte Corp,INCY,549300Z4WN6JVZ3T4680,879169,2015.0,Q3TTM,2014-10-01,2015-09-30,,-0.49,-0.49,-0.47,255000.0,-85591000.0,-85591000.0,-85591000.0,19696000.0,633783000.0,-4115000.0,,61000.0,,461601000.0,192602000.0,19696000.0,614148000.0,47906000.0,6740000.0,654203000.0,-40055000.0,-45281000.0,-85336000.0,633844000.0,179900000.0,181387000.0,181387000.0
Incyte Corp,INCY,549300Z4WN6JVZ3T4680,879169,2015.0,Q2,2015-04-01,2015-06-30,2016-08-09 16:57:43+00:00,0.05,0.05,0.05,136000.0,9294000.0,9294000.0,9294000.0,6254000.0,162984000.0,27174000.0,,,,112445000.0,51679000.0,6254000.0,156730000.0,11494000.0,1144000.0,164124000.0,-7394000.0,16824000.0,9430000.0,162984000.0,185900000.0,178676000.0,186493000.0
Incyte Corp,INCY,549300Z4WN6JVZ3T4680,879169,2015.0,Q2YTD,2015-01-01,2015-06-30,,-0.06,-0.06,-0.06,503000.0,-9065000.0,-9065000.0,-9065000.0,9228000.0,322201000.0,27174000.0,,58000.0,,230810000.0,96550000.0,9228000.0,313031000.0,24181000.0,2774000.0,327360000.0,-14329000.0,5767000.0,-8562000.0,322259000.0,185900000.0,178676000.0,186493000.0
Incyte Corp,INCY,549300Z4WN6JVZ3T4680,879169,2015.0,Q2TTM,2014-07-01,2015-06-30,,0.08,0.08,0.08,318000.0,13284000.0,13284000.0,13284000.0,11877000.0,644316000.0,27174000.0,,64000.0,,418065000.0,184449000.0,11877000.0,632503000.0,48160000.0,4599000.0,602514000.0,29989000.0,-16387000.0,13602000.0,644380000.0,185900000.0,178676000.0,186493000.0
Incyte Corp,INCY,549300Z4WN6JVZ3T4680,879169,2015.0,Q1,2015-01-01,2015-03-31,2016-05-09 16:50:57+00:00,-0.11,-0.11,-0.11,367000.0,-18359000.0,-18359000.0,-18359000.0,2974000.0,159217000.0,,,58000.0,,118365000.0,44871000.0,2974000.0,156301000.0,12687000.0,1630000.0,163236000.0,-6935000.0,-11057000.0,-17992000.0,159275000.0,166900000.0,172070000.0,172070000.0
Incyte Corp,INCY,549300Z4WN6JVZ3T4680,879169,2015.0,Q1TTM,2014-04-01,2015-03-31,,-0.19,-0.19,-0.19,252000.0,-32883000.0,-32883000.0,-32883000.0,5810000.0,580911000.0,,,67000.0,,390303000.0,173669000.0,5810000.0,575168000.0,48072000.0,4245000.0,563972000.0,11196000.0,-43827000.0,-32631000.0,580978000.0,166900000.0,172070000.0,172070000.0
Incyte Corp,INCY,549300Z4WN6JVZ3T4680,879169,2016.0,FY,2016-01-01,2016-12-31,2019-02-14 16:07:03+00:00,0.55,0.55,0.54,3182000.0,104222000.0,104222000.0,104222000.0,58187000.0,1105719000.0,,,,17422000.0,581861000.0,303251000.0,58187000.0,1047532000.0,38745000.0,1151000.0,902534000.0,144998000.0,-37594000.0,107404000.0,1105719000.0,189500000.0,187873000.0,194125000.0
Incyte Corp,INCY,549300Z4WN6JVZ3T4680,879169,2016.0,Q4,2016-10-01,2016-12-31,,0.04,0.04,0.05,572000.0,8873000.0,8873000.0,8873000.0,19610000.0,326584000.0,-20497000.0,,-86000.0,7139000.0,161584000.0,96087000.0,19610000.0,306888000.0,9470000.0,-2666000.0,264810000.0,42078000.0,-32633000.0,9445000.0,326498000.0,189500000.0,187873000.0,194125000.0
Incyte Corp,INCY,549300Z4WN6JVZ3T4680,879169,2016.0,Q3,2016-07-01,2016-09-30,2017-10-31 16:03:50+00:00,0.2,0.2,0.19,1425000.0,36877000.0,36877000.0,36877000.0,20205000.0,269463000.0,24301000.0,,6000.0,8012000.0,143184000.0,75776000.0,20205000.0,249264000.0,9479000.0,1188000.0,226972000.0,22292000.0,16010000.0,38302000.0,269469000.0,184400000.0,188029000.0,194265000.0
Incyte Corp,INCY,549300Z4WN6JVZ3T4680,879169,2016.0,Q3YTD,2016-01-01,2016-09-30,,0.51,0.51,0.49,2610000.0,95349000.0,95349000.0,95349000.0,38577000.0,779135000.0,20497000.0,,86000.0,10283000.0,420277000.0,207164000.0,38577000.0,740644000.0,29275000.0,3817000.0,637724000.0,102920000.0,-4961000.0,97959000.0,779221000.0,184400000.0,188029000.0,194265000.0
Incyte Corp,INCY,549300Z4WN6JVZ3T4680,879169,2016.0,Q3TTM,2015-10-01,2016-09-30,,0.83,0.83,0.8,3123000.0,150527000.0,150527000.0,150527000.0,48281000.0,1023016000.0,20031000.0,,86000.0,10283000.0,536908000.0,259629000.0,48281000.0,974821000.0,39488000.0,5106000.0,806820000.0,168001000.0,-14351000.0,153650000.0,1023102000.0,184400000.0,188029000.0,194265000.0
Incyte Corp,INCY,549300Z4WN6JVZ3T4680,879169,2016.0,Q2,2016-04-01,2016-06-30,2017-08-01 16:02:49+00:00,0.18,0.18,0.18,785000.0,34425000.0,34425000.0,34425000.0,12367000.0,246288000.0,-854000.0,,,2271000.0,120269000.0,66792000.0,12367000.0,233921000.0,9662000.0,1137000.0,189332000.0,44589000.0,-9379000.0,35210000.0,246288000.0,191300000.0,187682000.0,193015000.0
Incyte Corp,INCY,549300Z4WN6JVZ3T4680,879169,2016.0,Q2YTD,2016-01-01,2016-06-30,,0.31,0.31,0.3,1185000.0,58472000.0,58472000.0,58472000.0,18372000.0,509672000.0,-3804000.0,,80000.0,2271000.0,277093000.0,131388000.0,18372000.0,491380000.0,19796000.0,2629000.0,410752000.0,80628000.0,-20971000.0,59657000.0,509752000.0,191300000.0,187682000.0,193015000.0
Incyte Corp,INCY,549300Z4WN6JVZ3T4680,879169,2016.0,Q2TTM,2015-07-01,2016-06-30,,0.41,0.41,0.39,1707000.0,74068000.0,74068000.0,74068000.0,36116000.0,941164000.0,-35559000.0,,80000.0,2271000.0,525797000.0,231452000.0,36116000.0,905128000.0,41218000.0,6944000.0,759520000.0,145608000.0,-69833000.0,75775000.0,941244000.0,191300000.0,187682000.0,193015000.0
Incyte Corp,INCY,549300Z4WN6JVZ3T4680,879169,2016.0,Q1,2016-01-01,2016-03-31,2017-05-04 16:23:14+00:00,0.13,0.13,0.12,400000.0,24047000.0,24047000.0,24047000.0,6005000.0,263384000.0,-2950000.0,,80000.0,,156824000.0,64596000.0,6005000.0,257459000.0,10134000.0,1492000.0,221420000.0,36039000.0,-11592000.0,24447000.0,263464000.0,185000000.0,187184000.0,192625000.0
Incyte Corp,INCY,549300Z4WN6JVZ3T4680,879169,2016.0,Q1TTM,2015-04-01,2016-03-31,,0.28,0.28,0.26,1058000.0,48937000.0,48937000.0,48937000.0,30003000.0,857860000.0,-7531000.0,,80000.0,,517973000.0,216339000.0,30003000.0,827937000.0,43050000.0,6951000.0,734312000.0,93625000.0,-43630000.0,49995000.0,857940000.0,185000000.0,187184000.0,192625000.0
Incyte Corp,INCY,549300Z4WN6JVZ3T4680,879169,2017.0,FY,2017-01-01,2017-12-31,2020-02-13 16:05:19+00:00,-1.53,-1.53,-1.53,852000.0,-313142000.0,-313142000.0,-313142000.0,79479000.0,1536216000.0,17153000.0,,,7704000.0,1326134000.0,366286000.0,79479000.0,1456737000.0,61781000.0,-24275000.0,1700124000.0,-243387000.0,-68903000.0,-312290000.0,1536216000.0,204700000.0,204580000.0,204580000.0
Incyte Corp,INCY,549300Z4WN6JVZ3T4680,879169,2017.0,Q4,2017-10-01,2017-12-31,,-0.68,-0.68,-0.68,1352000.0,-149629000.0,-149629000.0,-149629000.0,22359000.0,444156000.0,6446000.0,,,9618000.0,446871000.0,97726000.0,22359000.0,421797000.0,373000.0,-21932000.0,554215000.0,-132418000.0,-15859000.0,-148277000.0,444156000.0,204700000.0,204580000.0,204580000.0
Incyte Corp,INCY,549300Z4WN6JVZ3T4680,879169,2017.0,Q3,2017-07-01,2017-09-30,2018-10-30 16:02:55+00:00,0.17,0.17,0.17,7300000.0,36054000.0,36054000.0,36054000.0,22036000.0,381534000.0,5494000.0,,,-16343000.0,269557000.0,91265000.0,22036000.0,359498000.0,204000.0,23045000.0,344479000.0,15019000.0,28335000.0,43354000.0,381534000.0,212100000.0,206796000.0,212610000.0
Incyte Corp,INCY,549300Z4WN6JVZ3T4680,879169,2017.0,Q3YTD,2017-01-01,2017-09-30,,-0.85,-0.85,-0.85,-500000.0,-163513000.0,-163513000.0,-163513000.0,57120000.0,1092060000.0,10707000.0,,,-1914000.0,879263000.0,268560000.0,57120000.0,1034940000.0,61408000.0,-2343000.0,1145909000.0,-110969000.0,-53044000.0,-164013000.0,1092060000.0,212100000.0,206796000.0,212610000.0
Incyte Corp,INCY,549300Z4WN6JVZ3T4680,879169,2017.0,Q3TTM,2016-10-01,2017-09-30,,-0.81,-0.81,-0.8,72000.0,-154640000.0,-154640000.0,-154640000.0,76730000.0,1418644000.0,-9790000.0,,-86000.0,5225000.0,1040847000.0,364647000.0,76730000.0,1341828000.0,70878000.0,-5009000.0,1410719000.0,-68891000.0,-85677000.0,-154568000.0,1418558000.0,212100000.0,206796000.0,212610000.0
Incyte Corp,INCY,549300Z4WN6JVZ3T4680,879169,2017.0,Q2,2017-04-01,2017-06-30,2018-07-31 16:02:57+00:00,-0.06,-0.06,-0.06,3100000.0,-12484000.0,-12484000.0,-12484000.0,20260000.0,326444000.0,4066000.0,,,7073000.0,201786000.0,90066000.0,20260000.0,306184000.0,1135000.0,-19574000.0,298925000.0,7259000.0,-16643000.0,-9384000.0,326444000.0,208100000.0,205141000.0,205141000.0
Incyte Corp,INCY,549300Z4WN6JVZ3T4680,879169,2017.0,Q2YTD,2017-01-01,2017-06-30,,-1.02,-1.02,-1.02,-7800000.0,-199567000.0,-199567000.0,-199567000.0,35084000.0,710526000.0,5213000.0,,,14429000.0,609706000.0,177295000.0,35084000.0,675442000.0,61204000.0,-25388000.0,801430000.0,-125988000.0,-81379000.0,-207367000.0,710526000.0,208100000.0,205141000.0,205141000.0
Incyte Corp,INCY,549300Z4WN6JVZ3T4680,879169,2017.0,Q2TTM,2016-07-01,2017-06-30,,-0.78,-0.78,-0.78,-5803000.0,-153817000.0,-153817000.0,-153817000.0,74899000.0,1306573000.0,9017000.0,,-80000.0,29580000.0,914474000.0,349158000.0,74899000.0,1231594000.0,80153000.0,-26866000.0,1293212000.0,-61618000.0,-98002000.0,-159620000.0,1306493000.0,208100000.0,205141000.0,205141000.0
Incyte Corp,INCY,549300Z4WN6JVZ3T4680,879169,2017.0,Q1,2017-01-01,2017-03-31,2018-05-01 16:03:35+00:00,-0.96,-0.96,-0.96,-10900000.0,-187083000.0,-187083000.0,-187083000.0,14824000.0,384082000.0,1147000.0,,,7356000.0,407920000.0,87229000.0,14824000.0,369258000.0,60069000.0,-5814000.0,502505000.0,-133247000.0,-64736000.0,-197983000.0,384082000.0,195260000.0,194900000.0,194900000.0
Incyte Corp,INCY,549300Z4WN6JVZ3T4680,879169,2017.0,Q1TTM,2016-04-01,2017-03-31,,-0.54,-0.54,-0.54,-8118000.0,-106908000.0,-106908000.0,-106908000.0,67006000.0,1226417000.0,4097000.0,,-80000.0,24778000.0,832957000.0,325884000.0,67006000.0,1159331000.0,88680000.0,-6155000.0,1183619000.0,-24288000.0,-90738000.0,-115026000.0,1226337000.0,195260000.0,194900000.0,194900000.0
Incyte Corp,INCY,549300Z4WN6JVZ3T4680,879169,2018.0,FY,2018-01-01,2018-12-31,2020-02-13 16:05:19+00:00,0.52,0.52,0.51,5854000.0,109493000.0,109493000.0,109493000.0,94123000.0,1881883000.0,31760000.0,,,26173000.0,1197957000.0,434407000.0,94123000.0,1787760000.0,1543000.0,-44093000.0,1658537000.0,129223000.0,-13876000.0,115347000.0,1881883000.0,210600000.0,212383000.0,215635000.0
Incyte Corp,INCY,549300Z4WN6JVZ3T4680,879169,2018.0,Q4,2018-10-01,2018-12-31,,0.32,0.32,0.32,1668000.0,69063000.0,69049000.0,69063000.0,26366000.0,528402000.0,11279000.0,,,7465000.0,304238000.0,108358000.0,26366000.0,502036000.0,355000.0,-22182000.0,420061000.0,81975000.0,-11258000.0,70717000.0,528402000.0,210600000.0,212383000.0,215635000.0
Incyte Corp,INCY,549300Z4WN6JVZ3T4680,879169,2018.0,Q3,2018-07-01,2018-09-30,2019-10-29 19:38:47+00:00,0.14,0.14,0.14,1800000.0,29176000.0,29176000.0,29176000.0,24795000.0,449683000.0,10211000.0,,,4720000.0,292527000.0,96522000.0,24795000.0,424888000.0,405000.0,-9949000.0,393769000.0,31119000.0,-143000.0,30976000.0,449683000.0,208400000.0,212627000.0,215964000.0
Incyte Corp,INCY,549300Z4WN6JVZ3T4680,879169,2018.0,Q3YTD,2018-01-01,2018-09-30,,0.2,0.2,0.19,4186000.0,40430000.0,40444000.0,40430000.0,67757000.0,1353481000.0,20481000.0,,,18708000.0,893719000.0,326049000.0,67757000.0,1285724000.0,1188000.0,-21911000.0,1238476000.0,47248000.0,-2618000.0,44630000.0,1353481000.0,208400000.0,212627000.0,215964000.0
Incyte Corp,INCY,549300Z4WN6JVZ3T4680,879169,2018.0,Q3TTM,2017-10-01,2018-09-30,,-0.48,-0.48,-0.49,5538000.0,-109199000.0,-109185000.0,-109199000.0,90116000.0,1797637000.0,26927000.0,,,28326000.0,1340590000.0,423775000.0,90116000.0,1707521000.0,1561000.0,-43843000.0,1792691000.0,-85170000.0,-18477000.0,-103647000.0,1797637000.0,208400000.0,212627000.0,215964000.0
Incyte Corp,INCY,549300Z4WN6JVZ3T4680,879169,2018.0,Q2,2018-04-01,2018-06-30,2019-07-30 16:06:50+00:00,0.25,0.25,0.24,1600000.0,52394000.0,52408000.0,52394000.0,24856000.0,521516000.0,5808000.0,,,7303000.0,298089000.0,108029000.0,24856000.0,496660000.0,398000.0,-34641000.0,413421000.0,83239000.0,-29231000.0,54008000.0,521516000.0,209600000.0,212210000.0,215103000.0
Incyte Corp,INCY,549300Z4WN6JVZ3T4680,879169,2018.0,Q2YTD,2018-01-01,2018-06-30,,0.06,0.06,0.05,2386000.0,11254000.0,11268000.0,11254000.0,42962000.0,903798000.0,10270000.0,,,13988000.0,601192000.0,229527000.0,42962000.0,860836000.0,783000.0,-11962000.0,844707000.0,16129000.0,-2475000.0,13654000.0,903798000.0,209600000.0,212210000.0,215103000.0
Incyte Corp,INCY,549300Z4WN6JVZ3T4680,879169,2018.0,Q2TTM,2017-07-01,2018-06-30,,-0.45,-0.45,-0.46,11038000.0,-102321000.0,-102307000.0,-102321000.0,87357000.0,1729488000.0,22210000.0,,,7263000.0,1317620000.0,418518000.0,87357000.0,1642131000.0,1360000.0,-10849000.0,1743401000.0,-101270000.0,10001000.0,-91269000.0,1729488000.0,209600000.0,212210000.0,215103000.0
Incyte Corp,INCY,549300Z4WN6JVZ3T4680,879169,2018.0,Q1,2018-01-01,2018-03-31,2019-04-30 16:05:32+00:00,-0.19,-0.19,-0.19,786000.0,-41140000.0,-41140000.0,-41140000.0,18106000.0,382282000.0,4462000.0,,,6685000.0,303103000.0,121498000.0,18106000.0,364176000.0,385000.0,22679000.0,431286000.0,-67110000.0,26756000.0,-40354000.0,382282000.0,216500000.0,211681000.0,211681000.0
Incyte Corp,INCY,549300Z4WN6JVZ3T4680,879169,2018.0,Q1TTM,2017-04-01,2018-03-31,,-0.76,-0.76,-0.76,12538000.0,-167199000.0,-167199000.0,-167199000.0,82761000.0,1534416000.0,20468000.0,,,7033000.0,1221317000.0,400555000.0,82761000.0,1451655000.0,2097000.0,4218000.0,1628905000.0,-177250000.0,22589000.0,-154661000.0,1534416000.0,216500000.0,211681000.0,211681000.0
Incyte Corp,INCY,549300Z4WN6JVZ3T4680,879169,2019.0,Q4,2019-10-01,2019-12-31,,0.51,0.51,0.51,15000000.0,111005000.0,111004000.0,111005000.0,32215000.0,579389000.0,15848000.0,,,3122000.0,312867000.0,136177000.0,32215000.0,547174000.0,607000.0,15755000.0,452166000.0,95008000.0,30996000.0,126004000.0,579389000.0,214900000.0,214913000.0,217657000.0
Incyte Corp,INCY,549300Z4WN6JVZ3T4680,879169,2019.0,FY,2019-01-01,2019-12-31,2020-02-13 16:05:19+00:00,2.08,2.08,2.05,39885000.0,446906000.0,446906000.0,446906000.0,114249000.0,2158759000.0,52182000.0,,,19682000.0,1154111000.0,468711000.0,114249000.0,2044510000.0,1855000.0,34458000.0,1642504000.0,402006000.0,84785000.0,486791000.0,2158759000.0,214900000.0,214913000.0,217657000.0
Incyte Corp,INCY,549300Z4WN6JVZ3T4680,879169,2019.0,Q3YTD,2019-01-01,2019-09-30,,1.57,1.57,1.54,24885000.0,335901000.0,335902000.0,335901000.0,82034000.0,1579370000.0,36334000.0,,,16560000.0,841244000.0,332534000.0,82034000.0,1497336000.0,1248000.0,18703000.0,1190338000.0,306998000.0,53789000.0,360787000.0,1579370000.0,213800000.0,215199000.0,217791000.0
Incyte Corp,INCY,549300Z4WN6JVZ3T4680,879169,2019.0,Q3TTM,2018-10-01,2019-09-30,,1.89,1.89,1.86,26553000.0,404964000.0,404951000.0,404964000.0,108400000.0,2107772000.0,47613000.0,,,24025000.0,1145482000.0,440892000.0,108400000.0,1999372000.0,1603000.0,-3479000.0,1610399000.0,388973000.0,42531000.0,431504000.0,2107772000.0,213800000.0,215199000.0,217791000.0
Incyte Corp,INCY,549300Z4WN6JVZ3T4680,879169,2019.0,Q3,2019-07-01,2019-09-30,2019-10-29 19:38:47+00:00,0.6,0.6,0.59,19700000.0,128271000.0,128319000.0,128271000.0,30040000.0,551581000.0,11961000.0,,,3281000.0,281336000.0,102608000.0,30040000.0,521541000.0,597000.0,2339000.0,387225000.0,134316000.0,13703000.0,148019000.0,551581000.0,213800000.0,215199000.0,217791000.0
Incyte Corp,INCY,549300Z4WN6JVZ3T4680,879169,2019.0,Q2YTD,2019-01-01,2019-06-30,,0.97,0.97,0.95,5185000.0,207630000.0,207583000.0,207630000.0,51994000.0,1027789000.0,24373000.0,,,13279000.0,559908000.0,229926000.0,51994000.0,975795000.0,651000.0,16364000.0,803113000.0,172682000.0,40086000.0,212768000.0,1027789000.0,214900000.0,214620000.0,217483000.0
Incyte Corp,INCY,549300Z4WN6JVZ3T4680,879169,2019.0,Q2TTM,2018-07-01,2019-06-30,,1.43,1.43,1.41,8653000.0,305869000.0,305808000.0,305869000.0,103155000.0,2005874000.0,45863000.0,,,25464000.0,1156673000.0,434806000.0,103155000.0,1902719000.0,1411000.0,-15767000.0,1616943000.0,285776000.0,28685000.0,314461000.0,2005874000.0,214900000.0,214620000.0,217483000.0
Incyte Corp,INCY,549300Z4WN6JVZ3T4680,879169,2019.0,Q2,2019-04-01,2019-06-30,2019-07-30 16:06:50+00:00,0.49,0.49,0.48,3400000.0,105318000.0,105271000.0,105318000.0,29406000.0,529932000.0,15000000.0,,,6608000.0,289363000.0,105943000.0,29406000.0,500526000.0,316000.0,-4625000.0,401914000.0,98612000.0,10059000.0,108671000.0,529932000.0,214900000.0,214620000.0,217483000.0
Incyte Corp,INCY,549300Z4WN6JVZ3T4680,879169,2019.0,Q1,2019-01-01,2019-03-31,2020-05-05 16:09:15+00:00,0.48,0.48,0.47,1785000.0,102312000.0,102312000.0,102312000.0,22588000.0,497857000.0,9373000.0,,,6671000.0,270545000.0,123983000.0,22588000.0,475269000.0,335000.0,20989000.0,401199000.0,74070000.0,30027000.0,104097000.0,497857000.0,213200000.0,214065000.0,217061000.0
Incyte Corp,INCY,549300Z4WN6JVZ3T4680,879169,2019.0,Q1TTM,2018-04-01,2019-03-31,,1.19,1.19,1.17,6853000.0,252945000.0,252945000.0,252945000.0,98605000.0,1997458000.0,36671000.0,,,26159000.0,1165399000.0,436892000.0,98605000.0,1898853000.0,1493000.0,-45783000.0,1628450000.0,270403000.0,-10605000.0,259798000.0,1997458000.0,213200000.0,214065000.0,217061000.0
Incyte Corp,INCY,549300Z4WN6JVZ3T4680,879169,2020.0,Q1TTM,2019-04-01,2020-03-31,,-1.73,-1.73,-1.75,54666000.0,-376048000.0,-376048000.0,-376048000.0,118980000.0,2229409000.0,51471000.0,2130000.0,,19638000.0,1968853000.0,455876000.0,118980000.0,2110429000.0,2122000.0,-34663000.0,2446497000.0,-336068000.0,14686000.0,-321382000.0,2229409000.0,216400000.0,216721000.0,216721000.0
Incyte Corp,INCY,549300Z4WN6JVZ3T4680,879169,2020.0,Q1,2020-01-01,2020-03-31,2020-05-05 16:09:15+00:00,-3.33,-3.33,-3.33,16566000.0,-720642000.0,-720642000.0,-720642000.0,27319000.0,568507000.0,8662000.0,2130000.0,,6627000.0,1085287000.0,111148000.0,27319000.0,541188000.0,602000.0,-48132000.0,1205192000.0,-664004000.0,-40072000.0,-704076000.0,568507000.0,216400000.0,216721000.0,216721000.0
