company_name,company_ticker,company_lei,company_cik,year,quarter,start_date,end_date,filing_date,basicdilutedeps,basiceps,cashdividendspershare,dilutedeps,incometaxexpense,netincome,netincomecontinuing,netincometocommon,operatingcostofrevenue,operatingrevenue,otheradjustmentstonetincometocommon,otheroperatingexpenses,sgaexpense,totalcostofrevenue,totalgrossprofit,totalinterestincome,totaloperatingexpenses,totaloperatingincome,totalotherincome,totalpretaxincome,totalrevenue,weightedavebasicdilutedsharesos,weightedavebasicsharesos,weightedavedilutedsharesos
Paychex Inc,PAYX,,723531,2008.0,FY,2007-06-01,2008-05-31,2010-07-16 16:17:20+00:00,1.56,1.56,1.2,1.56,278670000.0,576145000.0,576145000.0,576145000.0,,2066323000.0,,,1238056000.0,,2066323000.0,26548000.0,1238056000.0,828267000.0,26548000.0,854815000.0,2066323000.0,369300000.0,368420000.0,369528000.0
Paychex Inc,PAYX,,723531,2009.0,Q3,2009-12-01,2010-02-28,2011-03-23 17:04:19+00:00,0.31,0.31,0.31,0.31,57400000.0,112000000.0,112000000.0,112000000.0,,507800000.0,,,339600000.0,,507800000.0,1200000.0,339600000.0,168200000.0,1200000.0,169400000.0,507800000.0,361300000.0,361400000.0,361900000.0
Paychex Inc,PAYX,,723531,2009.0,Q3YTD,2009-06-01,2010-02-28,,1.0,1.0,0.93,1.0,193000000.0,361400000.0,361400000.0,361400000.0,,1504600000.0,,,953400000.0,,1504600000.0,3200000.0,953400000.0,551200000.0,3200000.0,554400000.0,1504600000.0,361300000.0,361400000.0,361900000.0
Paychex Inc,PAYX,,723531,2009.0,Q2,2009-09-01,2009-11-30,2010-12-20 16:36:03+00:00,0.35,0.35,0.31,0.35,68400000.0,125800000.0,125800000.0,125800000.0,,496600000.0,,,303500000.0,,496600000.0,1100000.0,303500000.0,193100000.0,1100000.0,194200000.0,496600000.0,359400000.0,361400000.0,361700000.0
Paychex Inc,PAYX,,723531,2009.0,Q2YTD,2009-06-01,2009-11-30,,0.69,0.69,0.62,0.69,135600000.0,249400000.0,249400000.0,249400000.0,,996800000.0,,,613800000.0,,996800000.0,2000000.0,613800000.0,383000000.0,2000000.0,385000000.0,996800000.0,359400000.0,361400000.0,361700000.0
Paychex Inc,PAYX,,723531,2009.0,Q1,2009-06-01,2009-08-31,2010-09-27 16:42:40+00:00,0.34,0.34,0.31,0.34,67200000.0,123600000.0,123600000.0,123600000.0,,500200000.0,,,310300000.0,,500200000.0,900000.0,310300000.0,189900000.0,900000.0,190800000.0,500200000.0,363500000.0,361200000.0,361400000.0
Paychex Inc,PAYX,,723531,2009.0,Q4,2010-03-01,2009-05-31,,0.48,0.48,0.31,0.48,-193000000.0,-361400000.0,-361400000.0,-361400000.0,,-1504600000.0,,,-953400000.0,,-1504600000.0,-3200000.0,-953400000.0,-551200000.0,-3200000.0,-554400000.0,-1504600000.0,360800000.0,360800000.0,360800000.0
Paychex Inc,PAYX,,723531,2009.0,FY,2008-06-01,2009-05-31,2011-07-15 17:24:01+00:00,1.48,1.48,1.24,1.48,,,,,,,,,,,,,,,,,,360800000.0,360800000.0,360800000.0
Paychex Inc,PAYX,,723531,2010.0,Q4,2010-03-01,2010-05-31,,1.32,1.32,1.24,1.32,252300000.0,477000000.0,477000000.0,477000000.0,,2000800000.0,,,1276000000.0,,2000800000.0,4500000.0,1276000000.0,724800000.0,4500000.0,729300000.0,2000800000.0,361400000.0,361400000.0,361700000.0
Paychex Inc,PAYX,,723531,2010.0,FY,2009-06-01,2010-05-31,2012-07-20 16:48:58+00:00,1.32,1.32,1.24,1.32,252300000.0,477000000.0,477000000.0,477000000.0,,2000800000.0,,,1276000000.0,,2000800000.0,4500000.0,1276000000.0,724800000.0,4500000.0,729300000.0,2000800000.0,361400000.0,361400000.0,361700000.0
Paychex Inc,PAYX,,723531,2010.0,Q3YTD,2009-06-01,2010-02-28,,1.0,1.0,0.93,1.0,193000000.0,361400000.0,361400000.0,361400000.0,,1504600000.0,,,953400000.0,,1504600000.0,3200000.0,953400000.0,551200000.0,3200000.0,554400000.0,1504600000.0,361300000.0,361400000.0,361900000.0
Paychex Inc,PAYX,,723531,2010.0,Q3TTM,2009-03-01,2010-02-28,,2.12,1.32,1.24,1.32,254405000.0,475159000.0,475159000.0,475159000.0,,2000574000.0,,,1275060000.0,,2000574000.0,4050000.0,1275060000.0,725514000.0,4050000.0,729564000.0,2000574000.0,361300000.0,361400000.0,361900000.0
Paychex Inc,PAYX,,723531,2010.0,Q2YTD,2009-06-01,2009-11-30,,0.69,0.69,0.62,0.69,135600000.0,249400000.0,249400000.0,249400000.0,,996800000.0,,,613800000.0,,996800000.0,2000000.0,613800000.0,383000000.0,2000000.0,385000000.0,996800000.0,359400000.0,361400000.0,361700000.0
Paychex Inc,PAYX,,723531,2010.0,Q2TTM,2008-12-01,2009-11-30,,2.17,1.37,1.24,1.37,264683000.0,493949000.0,493949000.0,493949000.0,,2021355000.0,,,1266640000.0,,2021355000.0,3917000.0,1266640000.0,754715000.0,3917000.0,758632000.0,2021355000.0,359400000.0,361400000.0,361700000.0
Paychex Inc,PAYX,,723531,2010.0,Q1TTM,2008-09-01,2009-08-31,,1.82,1.41,1.24,1.41,269873000.0,508391000.0,508391000.0,508391000.0,,2048915000.0,,,1275400000.0,,2048915000.0,4749000.0,1275400000.0,773515000.0,4749000.0,778264000.0,2048915000.0,363500000.0,361200000.0,361400000.0
Paychex Inc,PAYX,,723531,2011.0,FY,2010-06-01,2011-05-31,2013-07-22 13:56:25+00:00,1.42,1.42,1.24,1.42,276900000.0,515300000.0,515300000.0,515300000.0,,2084300000.0,,,1297900000.0,,2084300000.0,5800000.0,1297900000.0,786400000.0,5800000.0,792200000.0,2084300000.0,362900000.0,361800000.0,362400000.0
Paychex Inc,PAYX,,723531,2011.0,Q4,2011-03-01,2011-05-31,,0.33,0.33,0.31,0.33,65300000.0,118900000.0,118900000.0,118900000.0,,522700000.0,,,339900000.0,,522700000.0,1400000.0,339900000.0,182800000.0,1400000.0,184200000.0,522700000.0,362900000.0,361800000.0,362400000.0
Paychex Inc,PAYX,,723531,2011.0,Q3YTD,2010-06-01,2011-02-28,,1.09,1.09,0.93,1.09,211600000.0,396400000.0,396400000.0,396400000.0,,1561600000.0,,,958000000.0,,1561600000.0,4400000.0,958000000.0,603600000.0,4400000.0,608000000.0,1561600000.0,362800000.0,361800000.0,362600000.0
Paychex Inc,PAYX,,723531,2011.0,Q3TTM,2010-03-01,2011-02-28,,1.41,1.41,1.24,1.41,270900000.0,512000000.0,512000000.0,512000000.0,,2057800000.0,,,1280600000.0,,2057800000.0,5700000.0,1280600000.0,777200000.0,5700000.0,782900000.0,2057800000.0,362800000.0,361800000.0,362600000.0
Paychex Inc,PAYX,,723531,2011.0,Q2,2010-09-01,2010-11-30,2011-12-20 16:39:52+00:00,0.37,0.37,0.31,0.37,71500000.0,133900000.0,133900000.0,133900000.0,,512000000.0,,,308100000.0,,512000000.0,1500000.0,308100000.0,203900000.0,1500000.0,205400000.0,512000000.0,361900000.0,361700000.0,362100000.0
Paychex Inc,PAYX,,723531,2011.0,Q2YTD,2010-06-01,2010-11-30,,0.73,0.73,0.62,0.73,141800000.0,265800000.0,265800000.0,265800000.0,,1030300000.0,,,625600000.0,,1030300000.0,2900000.0,625600000.0,404700000.0,2900000.0,407600000.0,1030300000.0,361900000.0,361700000.0,362100000.0
Paychex Inc,PAYX,,723531,2011.0,Q2TTM,2009-12-01,2010-11-30,,1.36,1.36,1.24,1.36,258500000.0,493400000.0,493400000.0,493400000.0,,2034300000.0,,,1287800000.0,,2034300000.0,5400000.0,1287800000.0,746500000.0,5400000.0,751900000.0,2034300000.0,361900000.0,361700000.0,362100000.0
Paychex Inc,PAYX,,723531,2011.0,Q1,2010-06-01,2010-08-31,2011-09-27 17:13:36+00:00,0.36,0.36,0.31,0.36,70300000.0,131900000.0,131900000.0,131900000.0,,518300000.0,,,317500000.0,,518300000.0,1400000.0,317500000.0,200800000.0,1400000.0,202200000.0,518300000.0,366400000.0,361600000.0,362000000.0
Paychex Inc,PAYX,,723531,2011.0,Q1TTM,2009-09-01,2010-08-31,,1.34,1.34,1.24,1.34,255400000.0,485300000.0,485300000.0,485300000.0,,2018900000.0,,,1283200000.0,,2018900000.0,5000000.0,1283200000.0,735700000.0,5000000.0,740700000.0,2018900000.0,366400000.0,361600000.0,362000000.0
Paychex Inc,PAYX,,723531,2012.0,FY,2011-06-01,2012-05-31,2013-07-22 13:56:25+00:00,1.51,1.51,1.27,1.51,312300000.0,548000000.0,548000000.0,548000000.0,,2229800000.0,,,1375900000.0,,2229800000.0,6400000.0,1375900000.0,853900000.0,6400000.0,860300000.0,2229800000.0,362900000.0,362400000.0,363000000.0
Paychex Inc,PAYX,,723531,2012.0,Q4,2012-03-01,2012-05-31,,0.34,0.34,0.32,0.34,74400000.0,123300000.0,123300000.0,123300000.0,,551500000.0,,,355600000.0,,551500000.0,1800000.0,355600000.0,195900000.0,1800000.0,197700000.0,551500000.0,362900000.0,362400000.0,363000000.0
Paychex Inc,PAYX,,723531,2012.0,Q3,2011-12-01,2012-02-29,2013-03-27 17:09:20+00:00,0.37,0.37,0.32,0.37,76600000.0,135400000.0,135400000.0,135400000.0,,569500000.0,,,359100000.0,,569500000.0,1600000.0,359100000.0,210400000.0,1600000.0,212000000.0,569500000.0,365900000.0,362500000.0,363100000.0
Paychex Inc,PAYX,,723531,2012.0,Q3YTD,2011-06-01,2012-02-29,,1.17,1.17,0.95,1.17,237900000.0,424700000.0,424700000.0,424700000.0,,1678300000.0,,,1020300000.0,,1678300000.0,4600000.0,1020300000.0,658000000.0,4600000.0,662600000.0,1678300000.0,365900000.0,362500000.0,363100000.0
Paychex Inc,PAYX,,723531,2012.0,Q3TTM,2011-03-01,2012-02-29,,1.5,1.5,1.26,1.5,303200000.0,543600000.0,543600000.0,543600000.0,,2201000000.0,,,1360200000.0,,2201000000.0,6000000.0,1360200000.0,840800000.0,6000000.0,846800000.0,2201000000.0,365900000.0,362500000.0,363100000.0
Paychex Inc,PAYX,,723531,2012.0,Q2,2011-09-01,2011-11-30,2012-12-19 17:32:03+00:00,0.39,0.39,0.32,0.39,79000000.0,140400000.0,140400000.0,140400000.0,,545700000.0,,,327800000.0,,545700000.0,1500000.0,327800000.0,217900000.0,1500000.0,219400000.0,545700000.0,360000000.0,362400000.0,362800000.0
Paychex Inc,PAYX,,723531,2012.0,Q2YTD,2011-06-01,2011-11-30,,0.8,0.8,0.63,0.8,161300000.0,289300000.0,289300000.0,289300000.0,,1108800000.0,,,661200000.0,,1108800000.0,3000000.0,661200000.0,447600000.0,3000000.0,450600000.0,1108800000.0,360000000.0,362400000.0,362800000.0
Paychex Inc,PAYX,,723531,2012.0,Q2TTM,2010-12-01,2011-11-30,,1.49,1.49,1.25,1.49,296400000.0,538800000.0,538800000.0,538800000.0,,2162800000.0,,,1333500000.0,,2162800000.0,5900000.0,1333500000.0,829300000.0,5900000.0,835200000.0,2162800000.0,360000000.0,362400000.0,362800000.0
Paychex Inc,PAYX,,723531,2012.0,Q1,2011-06-01,2011-08-31,2012-09-24 16:39:54+00:00,0.41,0.41,0.31,0.41,82300000.0,148900000.0,148900000.0,148900000.0,,563100000.0,,,333400000.0,,563100000.0,1500000.0,333400000.0,229700000.0,1500000.0,231200000.0,563100000.0,363200000.0,362200000.0,362800000.0
Paychex Inc,PAYX,,723531,2012.0,Q1TTM,2010-09-01,2011-08-31,,1.47,1.47,1.24,1.47,288900000.0,532300000.0,532300000.0,532300000.0,,2129100000.0,,,1313800000.0,,2129100000.0,5900000.0,1313800000.0,815300000.0,5900000.0,821200000.0,2129100000.0,363200000.0,362200000.0,362800000.0
Paychex Inc,PAYX,,723531,2013.0,Q4,2013-03-01,2013-05-31,,0.33,0.33,,0.33,89700000.0,123500000.0,123500000.0,107800000.0,,585300000.0,15700000.0,,373500000.0,,585300000.0,1400000.0,373500000.0,211800000.0,1400000.0,213200000.0,585300000.0,354700000.0,363800000.0,364700000.0
Paychex Inc,PAYX,,723531,2013.0,FY,2012-06-01,2013-05-31,2015-07-21 16:39:00+00:00,1.56,1.56,1.31,1.56,342400000.0,569000000.0,569000000.0,553300000.0,,2326200000.0,15700000.0,,1421400000.0,,2326200000.0,6600000.0,1421400000.0,904800000.0,6600000.0,911400000.0,2326200000.0,354700000.0,363800000.0,364700000.0
Paychex Inc,PAYX,,723531,2013.0,Q3,2012-12-01,2013-02-28,2014-03-26 16:30:03+00:00,0.4,0.4,0.66,0.4,81900000.0,144500000.0,144500000.0,144500000.0,,593300000.0,,,368300000.0,,593300000.0,1400000.0,368300000.0,225000000.0,1400000.0,226400000.0,593300000.0,361300000.0,363800000.0,364600000.0
Paychex Inc,PAYX,,723531,2013.0,Q3YTD,2012-06-01,2013-02-28,,1.23,1.23,1.31,1.23,252700000.0,445500000.0,445500000.0,445500000.0,,1740900000.0,,,1047900000.0,,1740900000.0,5200000.0,1047900000.0,693000000.0,5200000.0,698200000.0,1740900000.0,361300000.0,363800000.0,364600000.0
Paychex Inc,PAYX,,723531,2013.0,Q3TTM,2012-03-01,2013-02-28,,1.57,1.57,1.63,1.57,327100000.0,568800000.0,568800000.0,568800000.0,,2292400000.0,,,1403500000.0,,2292400000.0,7000000.0,1403500000.0,888900000.0,7000000.0,895900000.0,2292400000.0,361300000.0,363800000.0,364600000.0
Paychex Inc,PAYX,,723531,2013.0,Q2,2012-09-01,2012-11-30,2013-12-20 11:59:19+00:00,0.41,0.41,0.33,0.41,84000000.0,147900000.0,147900000.0,147900000.0,,569400000.0,,,339400000.0,,569400000.0,1900000.0,339400000.0,230000000.0,1900000.0,231900000.0,569400000.0,360700000.0,363600000.0,364400000.0
Paychex Inc,PAYX,,723531,2013.0,Q2YTD,2012-06-01,2012-11-30,,0.83,0.83,0.65,0.83,170800000.0,301000000.0,301000000.0,301000000.0,,1147600000.0,,,679600000.0,,1147600000.0,3800000.0,679600000.0,468000000.0,3800000.0,471800000.0,1147600000.0,360700000.0,363600000.0,364400000.0
Paychex Inc,PAYX,,723531,2013.0,Q2TTM,2011-12-01,2012-11-30,,1.54,1.54,1.29,1.54,321800000.0,559700000.0,559700000.0,559700000.0,,2268600000.0,,,1394300000.0,,2268600000.0,7200000.0,1394300000.0,874300000.0,7200000.0,881500000.0,2268600000.0,360700000.0,363600000.0,364400000.0
Paychex Inc,PAYX,,723531,2013.0,Q1,2012-06-01,2012-08-31,2013-09-30 17:21:08+00:00,0.42,0.42,0.32,0.42,86800000.0,153100000.0,153100000.0,153100000.0,,578200000.0,,,340200000.0,,578200000.0,1900000.0,340200000.0,238000000.0,1900000.0,239900000.0,578200000.0,364500000.0,363000000.0,363800000.0
Paychex Inc,PAYX,,723531,2013.0,Q1TTM,2011-09-01,2012-08-31,,1.52,1.52,1.28,1.52,316800000.0,552200000.0,552200000.0,552200000.0,,2244900000.0,,,1382700000.0,,2244900000.0,6800000.0,1382700000.0,862200000.0,6800000.0,869000000.0,2244900000.0,364500000.0,363000000.0,363800000.0
Paychex Inc,PAYX,,723531,2014.0,FY,2013-06-01,2014-05-31,2016-07-22 17:28:47+00:00,1.72,1.72,1.4,1.71,360600000.0,627500000.0,627500000.0,627000000.0,,2518900000.0,500000.0,,1536200000.0,,2518900000.0,5400000.0,1536200000.0,982700000.0,5400000.0,988100000.0,2518900000.0,364500000.0,364500000.0,366100000.0
Paychex Inc,PAYX,,723531,2014.0,Q4,2014-03-01,2014-05-31,,0.4,0.4,0.35,0.4,83800000.0,145900000.0,145900000.0,145400000.0,,639000000.0,500000.0,,410700000.0,,639000000.0,1400000.0,410700000.0,228300000.0,1400000.0,229700000.0,639000000.0,364500000.0,364500000.0,366100000.0
Paychex Inc,PAYX,,723531,2014.0,Q3,2013-12-01,2014-02-28,2015-03-25 16:49:56+00:00,0.44,0.44,0.35,0.44,92100000.0,160100000.0,160100000.0,160100000.0,,650400000.0,,,399700000.0,,650400000.0,1500000.0,399700000.0,250700000.0,1500000.0,252200000.0,650400000.0,363900000.0,364200000.0,365800000.0
Paychex Inc,PAYX,,723531,2014.0,Q3YTD,2013-06-01,2014-02-28,,1.32,1.32,1.05,1.31,276800000.0,481600000.0,481600000.0,481600000.0,,1879900000.0,,,1125500000.0,,1879900000.0,4000000.0,1125500000.0,754400000.0,4000000.0,758400000.0,1879900000.0,363900000.0,364200000.0,365800000.0
Paychex Inc,PAYX,,723531,2014.0,Q3TTM,2013-03-01,2014-02-28,,1.65,1.65,1.05,1.64,366500000.0,605100000.0,605100000.0,589400000.0,,2465200000.0,15700000.0,,1499000000.0,,2465200000.0,5400000.0,1499000000.0,966200000.0,5400000.0,971600000.0,2465200000.0,363900000.0,364200000.0,365800000.0
Paychex Inc,PAYX,,723531,2014.0,Q2YTD,2013-06-01,2013-11-30,,0.88,0.88,0.7,0.87,184700000.0,321500000.0,321500000.0,321500000.0,,1229500000.0,,,725800000.0,,1229500000.0,2500000.0,725800000.0,503700000.0,2500000.0,506200000.0,1229500000.0,369100000.0,364900000.0,366400000.0
Paychex Inc,PAYX,,723531,2014.0,Q2TTM,2012-12-01,2013-11-30,,1.61,1.61,1.36,1.6,356300000.0,589500000.0,589500000.0,573800000.0,,2408100000.0,15700000.0,,1467600000.0,,2408100000.0,5300000.0,1467600000.0,940500000.0,5300000.0,945800000.0,2408100000.0,369100000.0,364900000.0,366400000.0
Paychex Inc,PAYX,,723531,2014.0,Q2,2013-09-01,2013-11-30,2014-12-19 15:17:41+00:00,0.43,0.43,0.35,0.43,91200000.0,158700000.0,158700000.0,158700000.0,,616400000.0,,,367800000.0,,616400000.0,1300000.0,367800000.0,248600000.0,1300000.0,249900000.0,616400000.0,369100000.0,364900000.0,366400000.0
Paychex Inc,PAYX,,723531,2014.0,Q1TTM,2012-09-01,2013-08-31,,1.59,1.59,1.34,1.58,349100000.0,578700000.0,578700000.0,563000000.0,,2361100000.0,15700000.0,,1439200000.0,,2361100000.0,5900000.0,1439200000.0,921900000.0,5900000.0,927800000.0,2361100000.0,361800000.0,365300000.0,366700000.0
Paychex Inc,PAYX,,723531,2014.0,Q1,2013-06-01,2013-08-31,2014-09-24 14:38:36+00:00,0.45,0.45,0.35,0.44,93500000.0,162800000.0,162800000.0,162800000.0,,613100000.0,,,358000000.0,,613100000.0,1200000.0,358000000.0,255100000.0,1200000.0,256300000.0,613100000.0,361800000.0,365300000.0,366700000.0
Paychex Inc,PAYX,,723531,2015.0,FY,2014-06-01,2015-05-31,2017-07-21 17:29:04+00:00,1.86,1.86,1.52,1.85,385100000.0,674900000.0,674900000.0,660900000.0,,2739600000.0,14000000.0,,1686000000.0,,2739600000.0,6400000.0,1686000000.0,1053600000.0,6400000.0,1060000000.0,2739600000.0,355300000.0,362900000.0,364600000.0
Paychex Inc,PAYX,,723531,2015.0,Q4,2015-03-01,2015-05-31,,0.44,0.44,0.38,0.45,92400000.0,161200000.0,161200000.0,147200000.0,,692200000.0,14000000.0,,440600000.0,,692200000.0,2000000.0,440600000.0,251600000.0,2000000.0,253600000.0,692200000.0,355300000.0,362900000.0,364600000.0
Paychex Inc,PAYX,,723531,2015.0,Q3,2014-12-01,2015-02-28,2016-03-30 17:24:20+00:00,0.47,0.47,0.38,0.46,96500000.0,169400000.0,169400000.0,169400000.0,,704300000.0,,,440000000.0,,704300000.0,1600000.0,440000000.0,264300000.0,1600000.0,265900000.0,704300000.0,360400000.0,363200000.0,365000000.0
Paychex Inc,PAYX,,723531,2015.0,Q3YTD,2014-06-01,2015-02-28,,1.42,1.42,1.14,1.4,292700000.0,513700000.0,513700000.0,513700000.0,,2047400000.0,,,1245400000.0,,2047400000.0,4400000.0,1245400000.0,802000000.0,4400000.0,806400000.0,2047400000.0,360400000.0,363200000.0,365000000.0
Paychex Inc,PAYX,,723531,2015.0,Q3TTM,2014-03-01,2015-02-28,,1.82,1.82,1.49,1.8,376500000.0,659600000.0,659600000.0,659100000.0,,2686400000.0,500000.0,,1656100000.0,,2686400000.0,5800000.0,1656100000.0,1030300000.0,5800000.0,1036100000.0,2686400000.0,360400000.0,363200000.0,365000000.0
Paychex Inc,PAYX,,723531,2015.0,Q2,2014-09-01,2014-11-30,2015-12-23 13:50:37+00:00,0.48,0.48,0.38,0.47,98600000.0,173000000.0,173000000.0,173000000.0,,676300000.0,,,406100000.0,,676300000.0,1400000.0,406100000.0,270200000.0,1400000.0,271600000.0,676300000.0,360400000.0,363000000.0,364600000.0
Paychex Inc,PAYX,,723531,2015.0,Q2YTD,2014-06-01,2014-11-30,,0.95,0.95,0.76,0.94,196200000.0,344300000.0,344300000.0,344300000.0,,1343100000.0,,,805400000.0,,1343100000.0,2800000.0,805400000.0,537700000.0,2800000.0,540500000.0,1343100000.0,360400000.0,363000000.0,364600000.0
Paychex Inc,PAYX,,723531,2015.0,Q2TTM,2013-12-01,2014-11-30,,1.79,1.79,1.46,1.78,372100000.0,650300000.0,650300000.0,649800000.0,,2632500000.0,500000.0,,1615800000.0,,2632500000.0,5700000.0,1615800000.0,1016700000.0,5700000.0,1022400000.0,2632500000.0,360400000.0,363000000.0,364600000.0
Paychex Inc,PAYX,,723531,2015.0,Q1,2014-06-01,2014-08-31,2015-09-30 17:06:47+00:00,0.47,0.47,0.38,0.47,97600000.0,171300000.0,171300000.0,171300000.0,,666800000.0,,,399300000.0,,666800000.0,1400000.0,399300000.0,267500000.0,1400000.0,268900000.0,666800000.0,364500000.0,363100000.0,364700000.0
Paychex Inc,PAYX,,723531,2015.0,Q1TTM,2013-09-01,2014-08-31,,1.74,1.74,1.43,1.74,364700000.0,636000000.0,636000000.0,635500000.0,,2572600000.0,500000.0,,1577500000.0,,2572600000.0,5600000.0,1577500000.0,995100000.0,5600000.0,1000700000.0,2572600000.0,364500000.0,363100000.0,364700000.0
Paychex Inc,PAYX,,723531,2016.0,FY,2015-06-01,2016-05-31,2018-07-20 17:11:56+00:00,2.1,2.1,1.68,2.09,394300000.0,756800000.0,756800000.0,756800000.0,,2951900000.0,,,1805300000.0,,2951900000.0,4500000.0,1805300000.0,1146600000.0,4500000.0,1151100000.0,2951900000.0,360400000.0,360700000.0,362500000.0
Paychex Inc,PAYX,,723531,2016.0,Q4,2016-03-01,2016-05-31,,0.5,0.5,0.42,0.49,98000000.0,178100000.0,178100000.0,178100000.0,,753900000.0,,,477600000.0,,753900000.0,-200000.0,477600000.0,276300000.0,-200000.0,276100000.0,753900000.0,360400000.0,360700000.0,362500000.0
Paychex Inc,PAYX,,723531,2016.0,Q3,2015-12-01,2016-02-29,2017-03-31 14:33:58+00:00,0.5,0.5,0.42,0.5,101300000.0,180400000.0,180400000.0,180400000.0,,752600000.0,,,472600000.0,,752600000.0,1700000.0,472600000.0,280000000.0,1700000.0,281700000.0,752600000.0,360800000.0,360500000.0,362200000.0
Paychex Inc,PAYX,,723531,2016.0,Q3YTD,2015-06-01,2016-02-29,,1.6,1.6,1.26,1.6,296300000.0,578700000.0,578700000.0,578700000.0,,2198000000.0,,,1327700000.0,,2198000000.0,4700000.0,1327700000.0,870300000.0,4700000.0,875000000.0,2198000000.0,360800000.0,360500000.0,362200000.0
Paychex Inc,PAYX,,723531,2016.0,Q3TTM,2015-03-01,2016-02-29,,2.04,2.04,1.64,2.05,388700000.0,739900000.0,739900000.0,725900000.0,,2890200000.0,14000000.0,,1768300000.0,,2890200000.0,6700000.0,1768300000.0,1121900000.0,6700000.0,1128600000.0,2890200000.0,360800000.0,360500000.0,362200000.0
Paychex Inc,PAYX,,723531,2016.0,Q2,2015-09-01,2015-11-30,2016-12-23 14:52:52+00:00,0.52,0.52,0.42,0.52,106600000.0,189200000.0,189200000.0,189200000.0,,722400000.0,,,428200000.0,,722400000.0,1600000.0,428200000.0,294200000.0,1600000.0,295800000.0,722400000.0,363800000.0,360700000.0,362300000.0
Paychex Inc,PAYX,,723531,2016.0,Q2YTD,2015-06-01,2015-11-30,,1.1,1.1,0.84,1.1,195000000.0,398300000.0,398300000.0,398300000.0,,1445400000.0,,,855100000.0,,1445400000.0,3000000.0,855100000.0,590300000.0,3000000.0,593300000.0,1445400000.0,363800000.0,360700000.0,362300000.0
Paychex Inc,PAYX,,723531,2016.0,Q2TTM,2014-12-01,2015-11-30,,2.01,2.01,1.6,2.01,383900000.0,728900000.0,728900000.0,714900000.0,,2841900000.0,14000000.0,,1735700000.0,,2841900000.0,6600000.0,1735700000.0,1106200000.0,6600000.0,1112800000.0,2841900000.0,363800000.0,360700000.0,362300000.0
Paychex Inc,PAYX,,723531,2016.0,Q1,2015-06-01,2015-08-31,2016-09-30 17:28:42+00:00,0.58,0.58,0.42,0.58,88400000.0,209100000.0,209100000.0,209100000.0,,723000000.0,,,426900000.0,,723000000.0,1400000.0,426900000.0,296100000.0,1400000.0,297500000.0,723000000.0,360500000.0,361100000.0,362800000.0
Paychex Inc,PAYX,,723531,2016.0,Q1TTM,2014-09-01,2015-08-31,,1.97,1.97,1.56,1.96,375900000.0,712700000.0,712700000.0,698700000.0,,2795800000.0,14000000.0,,1713600000.0,,2795800000.0,6400000.0,1713600000.0,1082200000.0,6400000.0,1088600000.0,2795800000.0,360500000.0,361100000.0,362800000.0
Paychex Inc,PAYX,,723531,2017.0,FY,2016-06-01,2017-05-31,2019-07-24 17:25:48+00:00,2.3,2.3,1.84,2.28,432800000.0,826300000.0,826300000.0,826300000.0,,3153000000.0,,,1899100000.0,,3153000000.0,5200000.0,1899100000.0,1253900000.0,5200000.0,1259100000.0,3153000000.0,359300000.0,359800000.0,362600000.0
Paychex Inc,PAYX,,723531,2017.0,Q4,2017-03-01,2017-05-31,,0.58,0.58,-1.38,0.56,110500000.0,204300000.0,204300000.0,204300000.0,,800300000.0,,,487100000.0,,800300000.0,1600000.0,487100000.0,313200000.0,1600000.0,314800000.0,800300000.0,359300000.0,359800000.0,362600000.0
Paychex Inc,PAYX,,723531,2017.0,Q3,2016-12-01,2017-02-28,2018-03-28 16:37:36+00:00,0.56,0.56,0.46,0.56,105300000.0,202500000.0,202500000.0,202500000.0,,795800000.0,,,489200000.0,,795800000.0,1200000.0,489200000.0,306600000.0,1200000.0,307800000.0,795800000.0,361600000.0,359000000.0,361800000.0
Paychex Inc,PAYX,,723531,2017.0,Q3YTD,2016-06-01,2017-02-28,,1.72,1.72,1.38,1.72,322300000.0,622000000.0,622000000.0,622000000.0,,2352700000.0,,,1412000000.0,,2352700000.0,3600000.0,1412000000.0,940700000.0,3600000.0,944300000.0,2352700000.0,361600000.0,359000000.0,361800000.0
Paychex Inc,PAYX,,723531,2017.0,Q3TTM,2016-03-01,2017-02-28,,2.22,2.22,1.8,2.21,420300000.0,800100000.0,800100000.0,800100000.0,,3106600000.0,,,1889600000.0,,3106600000.0,3400000.0,1889600000.0,1217000000.0,3400000.0,1220400000.0,3106600000.0,361600000.0,359000000.0,361800000.0
Paychex Inc,PAYX,,723531,2017.0,Q2,2016-09-01,2016-11-30,2017-12-21 17:09:08+00:00,0.56,0.56,0.46,0.56,109900000.0,202100000.0,202100000.0,202100000.0,,771400000.0,,,460300000.0,,771400000.0,900000.0,460300000.0,311100000.0,900000.0,312000000.0,771400000.0,360900000.0,360200000.0,362600000.0
Paychex Inc,PAYX,,723531,2017.0,Q2YTD,2016-06-01,2016-11-30,,1.16,1.16,0.92,1.16,217000000.0,419500000.0,419500000.0,419500000.0,,1556900000.0,,,922800000.0,,1556900000.0,2400000.0,922800000.0,634100000.0,2400000.0,636500000.0,1556900000.0,360900000.0,360200000.0,362600000.0
Paychex Inc,PAYX,,723531,2017.0,Q2TTM,2015-12-01,2016-11-30,,2.16,2.16,1.76,2.15,416300000.0,778000000.0,778000000.0,778000000.0,,3063400000.0,,,1873000000.0,,3063400000.0,3900000.0,1873000000.0,1190400000.0,3900000.0,1194300000.0,3063400000.0,360900000.0,360200000.0,362600000.0
Paychex Inc,PAYX,,723531,2017.0,Q1,2016-06-01,2016-08-31,2017-10-05 17:38:05+00:00,0.6,0.6,0.46,0.6,107100000.0,217400000.0,217400000.0,217400000.0,,785500000.0,,,462500000.0,,785500000.0,1500000.0,462500000.0,323000000.0,1500000.0,324500000.0,785500000.0,362300000.0,361000000.0,364100000.0
Paychex Inc,PAYX,,723531,2017.0,Q1TTM,2015-09-01,2016-08-31,,2.12,2.12,1.72,2.11,413000000.0,765100000.0,765100000.0,765100000.0,,3014400000.0,,,1840900000.0,,3014400000.0,4600000.0,1840900000.0,1173500000.0,4600000.0,1178100000.0,3014400000.0,362300000.0,361000000.0,364100000.0
Paychex Inc,PAYX,,723531,2018.0,Q4,2018-03-01,2018-05-31,,-2.25,0.61,-1.0,0.61,86900000.0,217700000.0,217700000.0,217700000.0,1018200000.0,7537600000.0,,6691900000.0,-474600000.0,1018200000.0,6519400000.0,2500000.0,6217300000.0,302100000.0,2500000.0,304600000.0,7537600000.0,,359000000.0,361500000.0
Paychex Inc,PAYX,,723531,2018.0,Q3,2017-12-01,2018-02-28,2019-03-29 17:08:58+00:00,1.02,1.02,,1.01,4100000.0,367200000.0,367200000.0,367200000.0,,936100000.0,,,567100000.0,,936100000.0,2300000.0,567100000.0,369000000.0,2300000.0,371300000.0,936100000.0,360000000.0,359200000.0,362000000.0
Paychex Inc,PAYX,,723531,2018.0,Q3YTD,2017-06-01,2018-02-28,,2.25,2.16,1.0,2.14,219100000.0,776400000.0,776400000.0,776400000.0,,2532000000.0,,,1542600000.0,,2532000000.0,6100000.0,1542600000.0,989400000.0,6100000.0,995500000.0,2532000000.0,360000000.0,359200000.0,362000000.0
Paychex Inc,PAYX,,723531,2018.0,Q3TTM,2017-03-01,2018-02-28,,2.83,2.74,1.46,2.7,329600000.0,980700000.0,980700000.0,980700000.0,,3332300000.0,,,2029700000.0,,3332300000.0,7700000.0,2029700000.0,1302600000.0,7700000.0,1310300000.0,3332300000.0,360000000.0,359200000.0,362000000.0
Paychex Inc,PAYX,,723531,2018.0,Q2,2017-09-01,2017-11-30,2018-12-21 17:03:06+00:00,0.6,0.55,0.5,0.55,106000000.0,198800000.0,198800000.0,198800000.0,,803000000.0,,,499900000.0,,803000000.0,1700000.0,499900000.0,303100000.0,1700000.0,304800000.0,803000000.0,331300000.0,359100000.0,361400000.0
Paychex Inc,PAYX,,723531,2018.0,Q2YTD,2017-06-01,2017-11-30,,1.23,1.14,1.0,1.13,215000000.0,409200000.0,409200000.0,409200000.0,,1595900000.0,,,975500000.0,,1595900000.0,3800000.0,975500000.0,620400000.0,3800000.0,624200000.0,1595900000.0,331300000.0,359100000.0,361400000.0
Paychex Inc,PAYX,,723531,2018.0,Q2TTM,2016-12-01,2017-11-30,,2.37,2.28,1.92,2.25,430800000.0,816000000.0,816000000.0,816000000.0,,3192000000.0,,,1951800000.0,,3192000000.0,6600000.0,1951800000.0,1240200000.0,6600000.0,1246800000.0,3192000000.0,331300000.0,359100000.0,361400000.0
Paychex Inc,PAYX,,723531,2018.0,Q1,2017-06-01,2017-08-31,2018-10-05 17:05:29+00:00,0.63,0.59,0.5,0.58,109000000.0,210400000.0,210400000.0,210400000.0,,792900000.0,,,475600000.0,,792900000.0,2100000.0,475600000.0,317300000.0,2100000.0,319400000.0,792900000.0,334000000.0,358900000.0,361300000.0
Paychex Inc,PAYX,,723531,2018.0,Q1TTM,2016-09-01,2017-08-31,,2.33,2.29,1.88,2.26,434700000.0,819300000.0,819300000.0,819300000.0,,3160400000.0,,,1912200000.0,,3160400000.0,5800000.0,1912200000.0,1248200000.0,5800000.0,1254000000.0,3160400000.0,334000000.0,358900000.0,361300000.0
Paychex Inc,PAYX,,723531,2019.0,Q4,2019-03-01,2019-05-31,,-2.24,0.64,-0.56,0.64,80100000.0,230400000.0,230400000.0,230400000.0,1177800000.0,8444800000.0,,7464400000.0,-511900000.0,1177800000.0,7267000000.0,-4000000.0,6952500000.0,314500000.0,-4000000.0,310500000.0,8444800000.0,,359200000.0,361800000.0
Paychex Inc,PAYX,,723531,2019.0,Q3,2018-12-01,2019-02-28,2019-03-29 17:08:58+00:00,0.9,0.9,,0.9,101000000.0,324600000.0,324600000.0,324600000.0,,1070400000.0,,,641100000.0,,1070400000.0,-3700000.0,641100000.0,429300000.0,-3700000.0,425600000.0,1070400000.0,360700000.0,359200000.0,361600000.0
Paychex Inc,PAYX,,723531,2019.0,Q3YTD,2018-06-01,2019-02-28,,2.24,2.24,0.56,2.22,253500000.0,804000000.0,804000000.0,804000000.0,,2792100000.0,,,1735300000.0,,2792100000.0,700000.0,1735300000.0,1056800000.0,700000.0,1057500000.0,2792100000.0,360700000.0,359200000.0,361600000.0
Paychex Inc,PAYX,,723531,2019.0,Q3TTM,2018-03-01,2019-02-28,,-0.01,2.85,-0.44,2.83,340400000.0,1021700000.0,1021700000.0,1021700000.0,1018200000.0,10329700000.0,,6691900000.0,1260700000.0,1018200000.0,9311500000.0,3200000.0,7952600000.0,1358900000.0,3200000.0,1362100000.0,10329700000.0,360700000.0,359200000.0,361600000.0
Paychex Inc,PAYX,,723531,2019.0,Q2,2018-09-01,2018-11-30,2019-12-20 16:03:03+00:00,0.66,0.66,,0.65,73500000.0,235800000.0,235800000.0,235800000.0,,858900000.0,,,551700000.0,,858900000.0,2100000.0,551700000.0,307200000.0,2100000.0,309300000.0,858900000.0,357300000.0,359100000.0,361500000.0
Paychex Inc,PAYX,,723531,2019.0,Q2YTD,2018-06-01,2018-11-30,,1.34,1.34,0.56,1.32,152500000.0,479400000.0,479400000.0,479400000.0,,1721700000.0,,,1094200000.0,,1721700000.0,4400000.0,1094200000.0,627500000.0,4400000.0,631900000.0,1721700000.0,357300000.0,359100000.0,361500000.0
Paychex Inc,PAYX,,723531,2019.0,Q2TTM,2017-12-01,2018-11-30,,0.11,2.97,-0.44,2.94,243500000.0,1064300000.0,1064300000.0,1064300000.0,1018200000.0,10195400000.0,,6691900000.0,1186700000.0,1018200000.0,9177200000.0,9200000.0,7878600000.0,1298600000.0,9200000.0,1307800000.0,10195400000.0,357300000.0,359100000.0,361500000.0
Paychex Inc,PAYX,,723531,2019.0,Q1,2018-06-01,2018-08-31,2019-10-04 17:22:56+00:00,0.68,0.68,0.56,0.67,79000000.0,243600000.0,243600000.0,243600000.0,,862800000.0,,,542500000.0,,862800000.0,2300000.0,542500000.0,320300000.0,2300000.0,322600000.0,862800000.0,358200000.0,359100000.0,361500000.0
Paychex Inc,PAYX,,723531,2019.0,Q1TTM,2017-09-01,2018-08-31,,0.05,2.86,0.06,2.84,276000000.0,1027300000.0,1027300000.0,1027300000.0,1018200000.0,10139500000.0,,6691900000.0,1134900000.0,1018200000.0,9121300000.0,8800000.0,7826800000.0,1294500000.0,8800000.0,1303300000.0,10139500000.0,358200000.0,359100000.0,361500000.0
Paychex Inc,PAYX,,723531,2020.0,Q3YTD,2019-06-01,2020-02-29,,2.45,2.45,0.62,2.43,268100000.0,877400000.0,877400000.0,877400000.0,,3125400000.0,,,1964500000.0,,3125400000.0,-15400000.0,1964500000.0,1160900000.0,-15400000.0,1145500000.0,3125400000.0,358100000.0,358500000.0,361000000.0
Paychex Inc,PAYX,,723531,2020.0,Q3TTM,2019-03-01,2020-02-29,,0.21,3.09,0.06,3.07,348200000.0,1107800000.0,1107800000.0,1107800000.0,1177800000.0,11570200000.0,,7464400000.0,1452600000.0,1177800000.0,10392400000.0,-19400000.0,8917000000.0,1475400000.0,-19400000.0,1456000000.0,11570200000.0,358100000.0,358500000.0,361000000.0
Paychex Inc,PAYX,,723531,2020.0,Q3,2019-12-01,2020-02-29,2020-03-27 16:25:35+00:00,0.99,0.99,,0.98,109700000.0,354500000.0,354500000.0,354500000.0,,1142700000.0,,,672600000.0,,1142700000.0,-5900000.0,672600000.0,470100000.0,-5900000.0,464200000.0,1142700000.0,358100000.0,358500000.0,361000000.0
Paychex Inc,PAYX,,723531,2020.0,Q2YTD,2019-06-01,2019-11-30,,1.46,1.46,0.62,1.45,158400000.0,522900000.0,522900000.0,522900000.0,,1982700000.0,,,1291900000.0,,1982700000.0,-9500000.0,1291900000.0,690800000.0,-9500000.0,681300000.0,1982700000.0,359300000.0,358100000.0,360600000.0
Paychex Inc,PAYX,,723531,2020.0,Q2TTM,2018-12-01,2019-11-30,,0.12,3.0,0.06,2.99,339500000.0,1077900000.0,1077900000.0,1077900000.0,1177800000.0,11497900000.0,,7464400000.0,1421100000.0,1177800000.0,10320100000.0,-17200000.0,8885500000.0,1434600000.0,-17200000.0,1417400000.0,11497900000.0,359300000.0,358100000.0,360600000.0
Paychex Inc,PAYX,,723531,2020.0,Q2,2019-09-01,2019-11-30,2019-12-20 16:03:03+00:00,0.72,0.72,,0.72,78300000.0,258700000.0,258700000.0,258700000.0,,990700000.0,,,649000000.0,,990700000.0,-4700000.0,649000000.0,341700000.0,-4700000.0,337000000.0,990700000.0,359300000.0,358100000.0,360600000.0
Paychex Inc,PAYX,,723531,2020.0,Q1,2019-06-01,2019-08-31,2019-10-04 17:22:56+00:00,0.74,0.74,0.62,0.73,80100000.0,264200000.0,264200000.0,264200000.0,,992000000.0,,,642900000.0,,992000000.0,-4800000.0,642900000.0,349100000.0,-4800000.0,344300000.0,992000000.0,357000000.0,358600000.0,361500000.0
Paychex Inc,PAYX,,723531,2020.0,Q1TTM,2018-09-01,2019-08-31,,0.06,2.94,0.06,2.92,334700000.0,1055000000.0,1055000000.0,1055000000.0,1177800000.0,11366100000.0,,7464400000.0,1323800000.0,1177800000.0,10188300000.0,-10400000.0,8788200000.0,1400100000.0,-10400000.0,1389700000.0,11366100000.0,357000000.0,358600000.0,361500000.0
