company_name,company_ticker,company_lei,company_cik,year,quarter,start_date,end_date,filing_date,basicdilutedeps,basiceps,dilutedeps,incometaxexpense,marketingexpense,netincome,netincomecontinuing,netincometocommon,operatingcostofrevenue,operatingrevenue,otherincome,otheroperatingexpenses,rdexpense,restructuringcharge,sgaexpense,totalcostofrevenue,totalgrossprofit,totalinterestincome,totaloperatingexpenses,totaloperatingincome,totalotherincome,totalpretaxincome,totalrevenue,weightedavebasicdilutedsharesos,weightedavebasicsharesos,weightedavedilutedsharesos
Fortinet Inc,FTNT,549300O0QJWDBAS0QX03,1262039,2009.0,FY,2008-12-29,2009-12-31,2012-03-28 14:35:39+00:00,0.97,0.97,0.39,-32666000.0,96291000.0,60179000.0,60179000.0,60179000.0,69975000.0,252115000.0,198000.0,,42195000.0,,18320000.0,69975000.0,182140000.0,1981000.0,156806000.0,25334000.0,2179000.0,27513000.0,252115000.0,62000000.0,52668000.0,130438000.0
Fortinet Inc,FTNT,549300O0QJWDBAS0QX03,1262039,2010.0,FY,2010-01-01,2010-12-31,2013-02-27 16:51:54+00:00,0.29,0.29,0.26,15096000.0,111968000.0,41245000.0,41245000.0,41245000.0,85206000.0,324696000.0,-815000.0,,49801000.0,,22380000.0,85206000.0,239490000.0,1815000.0,184149000.0,55341000.0,1000000.0,56341000.0,324696000.0,142200000.0,140726000.0,156406000.0
Fortinet Inc,FTNT,549300O0QJWDBAS0QX03,1262039,2010.0,Q3,2010-07-01,2010-09-30,2011-11-04 15:45:44+00:00,,0.1,0.09,4254000.0,26987000.0,14017000.0,14017000.0,14017000.0,21443000.0,84971000.0,-402000.0,,12389000.0,,5993000.0,21443000.0,63528000.0,514000.0,45369000.0,18159000.0,112000.0,18271000.0,84971000.0,,143672000.0,155842000.0
Fortinet Inc,FTNT,549300O0QJWDBAS0QX03,1262039,2010.0,Q2,2010-04-01,2010-06-30,2011-08-04 16:07:03+00:00,0.05,0.05,0.05,3397000.0,27777000.0,6869000.0,6869000.0,6869000.0,20165000.0,76331000.0,87000.0,,12676000.0,,5933000.0,20165000.0,56166000.0,399000.0,46386000.0,9780000.0,486000.0,10266000.0,76331000.0,137400000.0,136990000.0,151274000.0
Fortinet Inc,FTNT,549300O0QJWDBAS0QX03,1262039,2011.0,Q4,2011-10-01,2011-12-31,,0.11,0.11,0.11,10877000.0,39984000.0,16494000.0,16494000.0,16494000.0,32485000.0,120861000.0,-112000.0,,16380000.0,,5492000.0,32485000.0,88376000.0,963000.0,61856000.0,26520000.0,851000.0,27371000.0,120861000.0,152400000.0,152581000.0,163781000.0
Fortinet Inc,FTNT,549300O0QJWDBAS0QX03,1262039,2011.0,FY,2011-01-01,2011-12-31,2014-02-28 20:09:17+00:00,0.41,0.41,0.38,29581000.0,145532000.0,62492000.0,62492000.0,62492000.0,113598000.0,433576000.0,-354000.0,,63577000.0,,21965000.0,113598000.0,319978000.0,3523000.0,231074000.0,88904000.0,3169000.0,92073000.0,433576000.0,152400000.0,152581000.0,163781000.0
Fortinet Inc,FTNT,549300O0QJWDBAS0QX03,1262039,2011.0,Q3,2011-07-01,2011-09-30,2011-11-04 15:45:44+00:00,,0.12,0.11,9207000.0,36934000.0,17917000.0,17917000.0,17917000.0,31139000.0,116426000.0,60000.0,,16834000.0,,5359000.0,31139000.0,85287000.0,904000.0,59127000.0,26160000.0,964000.0,27124000.0,116426000.0,,153265000.0,163869000.0
Fortinet Inc,FTNT,549300O0QJWDBAS0QX03,1262039,2011.0,Q3YTD,2011-01-01,2011-09-30,,0.3,0.3,0.3,18704000.0,105548000.0,45998000.0,45998000.0,45998000.0,81113000.0,312715000.0,-242000.0,,47197000.0,,16473000.0,81113000.0,231602000.0,2560000.0,169218000.0,62384000.0,2318000.0,64702000.0,312715000.0,,153265000.0,163869000.0
Fortinet Inc,FTNT,549300O0QJWDBAS0QX03,1262039,2011.0,Q2,2011-04-01,2011-06-30,2011-08-04 16:07:03+00:00,0.1,0.1,0.09,4941000.0,35896000.0,14494000.0,14494000.0,14494000.0,26558000.0,103023000.0,-207000.0,,15942000.0,,5848000.0,26558000.0,76465000.0,863000.0,57686000.0,18779000.0,656000.0,19435000.0,103023000.0,144900000.0,152267000.0,163887000.0
Fortinet Inc,FTNT,549300O0QJWDBAS0QX03,1262039,2011.0,Q2YTD,2011-01-01,2011-06-30,,0.18,0.18,0.18,9497000.0,68614000.0,28081000.0,28081000.0,28081000.0,49974000.0,196289000.0,-302000.0,,30363000.0,,11114000.0,49974000.0,146315000.0,1656000.0,110091000.0,36224000.0,1354000.0,37578000.0,196289000.0,144900000.0,152267000.0,163887000.0
Fortinet Inc,FTNT,549300O0QJWDBAS0QX03,1262039,2011.0,Q1,2011-01-01,2011-03-31,2012-05-07 14:40:43+00:00,0.09,0.09,0.08,4556000.0,32718000.0,13587000.0,13587000.0,13587000.0,23416000.0,93266000.0,-95000.0,,14421000.0,,5266000.0,23416000.0,69850000.0,793000.0,52405000.0,17445000.0,698000.0,18143000.0,93266000.0,151000000.0,150308000.0,162864000.0
Fortinet Inc,FTNT,549300O0QJWDBAS0QX03,1262039,2012.0,Q4,2012-10-01,2012-12-31,,0.14,0.14,0.14,14763000.0,48117000.0,21507000.0,21507000.0,21507000.0,41442000.0,151162000.0,-170000.0,,20525000.0,,6038000.0,41442000.0,109720000.0,1400000.0,74680000.0,35040000.0,1230000.0,36270000.0,151162000.0,159100000.0,158074000.0,166329000.0
Fortinet Inc,FTNT,549300O0QJWDBAS0QX03,1262039,2012.0,FY,2012-01-01,2012-12-31,2014-02-28 20:09:17+00:00,0.42,0.42,0.4,38160000.0,179155000.0,66836000.0,66836000.0,66836000.0,147420000.0,533639000.0,-485000.0,,81078000.0,,25511000.0,147420000.0,386219000.0,5006000.0,285744000.0,100475000.0,4521000.0,104996000.0,533639000.0,159100000.0,158074000.0,166329000.0
Fortinet Inc,FTNT,549300O0QJWDBAS0QX03,1262039,2012.0,Q3,2012-07-01,2012-09-30,2012-10-30 17:12:32+00:00,0.11,0.11,0.1,9565000.0,44743000.0,17206000.0,17206000.0,17206000.0,37808000.0,136268000.0,-317000.0,,20498000.0,,7449000.0,37808000.0,98460000.0,1318000.0,72690000.0,25770000.0,1001000.0,26771000.0,136268000.0,156400000.0,158751000.0,166791000.0
Fortinet Inc,FTNT,549300O0QJWDBAS0QX03,1262039,2012.0,Q3YTD,2012-01-01,2012-09-30,,0.29,0.29,0.29,23397000.0,131038000.0,45329000.0,45329000.0,45329000.0,105978000.0,382477000.0,-315000.0,,60553000.0,,19473000.0,105978000.0,276499000.0,3606000.0,211064000.0,65435000.0,3291000.0,68726000.0,382477000.0,156400000.0,158751000.0,166791000.0
Fortinet Inc,FTNT,549300O0QJWDBAS0QX03,1262039,2012.0,Q3TTM,2011-10-01,2012-09-30,,0.39,0.39,0.39,34274000.0,171022000.0,61823000.0,61823000.0,61823000.0,138463000.0,503338000.0,-427000.0,,76933000.0,,24965000.0,138463000.0,364875000.0,4569000.0,272920000.0,91955000.0,4142000.0,96097000.0,503338000.0,156400000.0,158751000.0,166791000.0
Fortinet Inc,FTNT,549300O0QJWDBAS0QX03,1262039,2012.0,Q2YTD,2012-01-01,2012-06-30,,0.18,0.18,0.18,13832000.0,86295000.0,28123000.0,28123000.0,28123000.0,68170000.0,246209000.0,2000.0,,40055000.0,,12024000.0,68170000.0,178039000.0,2288000.0,138374000.0,39665000.0,2290000.0,41955000.0,246209000.0,155000000.0,157474000.0,166061000.0
Fortinet Inc,FTNT,549300O0QJWDBAS0QX03,1262039,2012.0,Q2TTM,2011-07-01,2012-06-30,,0.4,0.4,0.4,33916000.0,163213000.0,62534000.0,62534000.0,62534000.0,131794000.0,483496000.0,-50000.0,,73269000.0,,22875000.0,131794000.0,351702000.0,4155000.0,259357000.0,92345000.0,4105000.0,96450000.0,483496000.0,155000000.0,157474000.0,166061000.0
Fortinet Inc,FTNT,549300O0QJWDBAS0QX03,1262039,2012.0,Q2,2012-04-01,2012-06-30,2013-08-07 16:52:04+00:00,0.09,0.09,0.08,8276000.0,44259000.0,13950000.0,13950000.0,13950000.0,37127000.0,128962000.0,73000.0,,20388000.0,,6238000.0,37127000.0,91835000.0,1203000.0,70885000.0,20950000.0,1276000.0,22226000.0,128962000.0,155000000.0,157474000.0,166061000.0
Fortinet Inc,FTNT,549300O0QJWDBAS0QX03,1262039,2012.0,Q1,2012-01-01,2012-03-31,2012-05-07 14:40:43+00:00,0.09,0.09,0.09,5556000.0,42036000.0,14173000.0,14173000.0,14173000.0,31043000.0,117247000.0,-71000.0,,19667000.0,,5786000.0,31043000.0,86204000.0,1085000.0,67489000.0,18715000.0,1014000.0,19729000.0,117247000.0,157500000.0,156010000.0,165751000.0
Fortinet Inc,FTNT,549300O0QJWDBAS0QX03,1262039,2012.0,Q1TTM,2011-04-01,2012-03-31,,0.4,0.4,0.4,30581000.0,154850000.0,63078000.0,63078000.0,63078000.0,121225000.0,457557000.0,-330000.0,,68823000.0,,22485000.0,121225000.0,336332000.0,3815000.0,246158000.0,90174000.0,3485000.0,93659000.0,457557000.0,157500000.0,156010000.0,165751000.0
Fortinet Inc,FTNT,549300O0QJWDBAS0QX03,1262039,2013.0,FY,2013-01-01,2013-12-31,2015-02-27 21:06:38+00:00,0.27,0.27,0.26,31668000.0,224991000.0,44273000.0,44273000.0,44273000.0,180643000.0,615297000.0,-1455000.0,,102660000.0,,34913000.0,180643000.0,434654000.0,5306000.0,362564000.0,72090000.0,3851000.0,75941000.0,615297000.0,164000000.0,162435000.0,168183000.0
Fortinet Inc,FTNT,549300O0QJWDBAS0QX03,1262039,2013.0,Q4,2013-10-01,2013-12-31,,0.06,0.06,0.07,13526000.0,62331000.0,12016000.0,12016000.0,12016000.0,53877000.0,177350000.0,-419000.0,,27747000.0,,8752000.0,53877000.0,123473000.0,1318000.0,98830000.0,24643000.0,899000.0,25542000.0,177350000.0,164000000.0,162435000.0,168183000.0
Fortinet Inc,FTNT,549300O0QJWDBAS0QX03,1262039,2013.0,Q3,2013-07-01,2013-09-30,2014-11-06 17:31:35+00:00,0.07,0.07,0.07,7381000.0,56687000.0,11029000.0,11029000.0,11029000.0,43930000.0,154699000.0,-1151000.0,,26421000.0,,9382000.0,43930000.0,110769000.0,1282000.0,92490000.0,18279000.0,131000.0,18410000.0,154699000.0,157600000.0,162906000.0,168666000.0
Fortinet Inc,FTNT,549300O0QJWDBAS0QX03,1262039,2013.0,Q3YTD,2013-01-01,2013-09-30,,0.2,0.2,0.2,18142000.0,162660000.0,32257000.0,32257000.0,32257000.0,126766000.0,437947000.0,-1036000.0,,74913000.0,,26161000.0,126766000.0,311181000.0,3988000.0,263734000.0,47447000.0,2952000.0,50399000.0,437947000.0,157600000.0,162906000.0,168666000.0
Fortinet Inc,FTNT,549300O0QJWDBAS0QX03,1262039,2013.0,Q3TTM,2012-10-01,2013-09-30,,0.33,0.33,0.33,32905000.0,210777000.0,53764000.0,53764000.0,53764000.0,168208000.0,589109000.0,-1206000.0,,95438000.0,,32199000.0,168208000.0,420901000.0,5388000.0,338414000.0,82487000.0,4182000.0,86669000.0,589109000.0,157600000.0,162906000.0,168666000.0
Fortinet Inc,FTNT,549300O0QJWDBAS0QX03,1262039,2013.0,Q2YTD,2013-01-01,2013-06-30,,0.13,0.13,0.13,10761000.0,105973000.0,21228000.0,21228000.0,21228000.0,82836000.0,283248000.0,115000.0,,48492000.0,,16779000.0,82836000.0,200412000.0,2706000.0,171244000.0,29168000.0,2821000.0,31989000.0,283248000.0,149700000.0,162247000.0,168042000.0
Fortinet Inc,FTNT,549300O0QJWDBAS0QX03,1262039,2013.0,Q2TTM,2012-07-01,2013-06-30,,0.37,0.37,0.37,35089000.0,198833000.0,59941000.0,59941000.0,59941000.0,162086000.0,570678000.0,-372000.0,,89515000.0,,30266000.0,162086000.0,408592000.0,5424000.0,318614000.0,89978000.0,5052000.0,95030000.0,570678000.0,149700000.0,162247000.0,168042000.0
Fortinet Inc,FTNT,549300O0QJWDBAS0QX03,1262039,2013.0,Q2,2013-04-01,2013-06-30,2013-08-07 16:52:04+00:00,0.06,0.06,0.05,6035000.0,55997000.0,8979000.0,8979000.0,8979000.0,43708000.0,147428000.0,-100000.0,,25158000.0,,8788000.0,43708000.0,103720000.0,1337000.0,89943000.0,13777000.0,1237000.0,15014000.0,147428000.0,149700000.0,162247000.0,168042000.0
Fortinet Inc,FTNT,549300O0QJWDBAS0QX03,1262039,2013.0,Q1,2013-01-01,2013-03-31,2014-05-06 20:19:58+00:00,0.08,0.08,0.07,4726000.0,49976000.0,12249000.0,12249000.0,12249000.0,39128000.0,135820000.0,215000.0,,23334000.0,,7991000.0,39128000.0,96692000.0,1369000.0,81301000.0,15391000.0,1584000.0,16975000.0,135820000.0,153100000.0,161282000.0,167823000.0
Fortinet Inc,FTNT,549300O0QJWDBAS0QX03,1262039,2013.0,Q1TTM,2012-04-01,2013-03-31,,0.4,0.4,0.4,37330000.0,187095000.0,64912000.0,64912000.0,64912000.0,155505000.0,552212000.0,-199000.0,,84745000.0,,27716000.0,155505000.0,396707000.0,5290000.0,299556000.0,97151000.0,5091000.0,102242000.0,552212000.0,153100000.0,161282000.0,167823000.0
Fortinet Inc,FTNT,549300O0QJWDBAS0QX03,1262039,2014.0,FY,2014-01-01,2014-12-31,2017-03-01 14:20:23+00:00,0.15,0.15,0.15,36206000.0,315804000.0,25343000.0,25343000.0,25343000.0,231009000.0,770364000.0,-3168000.0,,122880000.0,0.0,41347000.0,231009000.0,539355000.0,5393000.0,480031000.0,59324000.0,2225000.0,61549000.0,770364000.0,169000000.0,163831000.0,169289000.0
Fortinet Inc,FTNT,549300O0QJWDBAS0QX03,1262039,2014.0,Q4,2014-10-01,2014-12-31,,0.04,0.04,0.04,13305000.0,93228000.0,6813000.0,6813000.0,6813000.0,65624000.0,223969000.0,-1200000.0,,33097000.0,,12104000.0,65624000.0,158345000.0,1402000.0,138429000.0,19916000.0,202000.0,20118000.0,223969000.0,169000000.0,163831000.0,169289000.0
Fortinet Inc,FTNT,549300O0QJWDBAS0QX03,1262039,2014.0,Q3,2014-07-01,2014-09-30,2015-11-06 20:57:10+00:00,0.02,0.02,0.02,11729000.0,80433000.0,4056000.0,4056000.0,4056000.0,56885000.0,193348000.0,-1005000.0,,30790000.0,0.0,9789000.0,56885000.0,136463000.0,1339000.0,121012000.0,15451000.0,334000.0,15785000.0,193348000.0,202800000.0,164294000.0,169727000.0
Fortinet Inc,FTNT,549300O0QJWDBAS0QX03,1262039,2014.0,Q3YTD,2014-01-01,2014-09-30,,0.11,0.11,0.11,22901000.0,222576000.0,18530000.0,18530000.0,18530000.0,165385000.0,546395000.0,-1968000.0,,89783000.0,,29243000.0,165385000.0,381010000.0,3991000.0,341602000.0,39408000.0,2023000.0,41431000.0,546395000.0,202800000.0,164294000.0,169727000.0
Fortinet Inc,FTNT,549300O0QJWDBAS0QX03,1262039,2014.0,Q3TTM,2013-10-01,2014-09-30,,0.17,0.17,0.18,36427000.0,284907000.0,30546000.0,30546000.0,30546000.0,219262000.0,723745000.0,-2387000.0,,117530000.0,,37995000.0,219262000.0,504483000.0,5309000.0,440432000.0,64051000.0,2922000.0,66973000.0,723745000.0,202800000.0,164294000.0,169727000.0
Fortinet Inc,FTNT,549300O0QJWDBAS0QX03,1262039,2014.0,Q2YTD,2014-01-01,2014-06-30,,0.09,0.09,0.09,11172000.0,142143000.0,14474000.0,14474000.0,14474000.0,108500000.0,353047000.0,-963000.0,,58993000.0,,19454000.0,108500000.0,244547000.0,2652000.0,220590000.0,23957000.0,1689000.0,25646000.0,353047000.0,152000000.0,163161000.0,168345000.0
Fortinet Inc,FTNT,549300O0QJWDBAS0QX03,1262039,2014.0,Q2TTM,2013-07-01,2014-06-30,,0.22,0.22,0.23,32079000.0,261161000.0,37519000.0,37519000.0,37519000.0,206307000.0,685096000.0,-2533000.0,,113161000.0,,37588000.0,206307000.0,478789000.0,5252000.0,411910000.0,66879000.0,2719000.0,69598000.0,685096000.0,152000000.0,163161000.0,168345000.0
Fortinet Inc,FTNT,549300O0QJWDBAS0QX03,1262039,2014.0,Q2,2014-04-01,2014-06-30,2015-08-04 17:29:59+00:00,0.04,0.04,0.04,5806000.0,74817000.0,6081000.0,6081000.0,6081000.0,57757000.0,184098000.0,-574000.0,,29938000.0,,10444000.0,57757000.0,126341000.0,1319000.0,115199000.0,11142000.0,745000.0,11887000.0,184098000.0,152000000.0,163161000.0,168345000.0
Fortinet Inc,FTNT,549300O0QJWDBAS0QX03,1262039,2014.0,Q1,2014-01-01,2014-03-31,2014-05-06 20:19:58+00:00,0.05,0.05,0.05,5366000.0,67326000.0,8393000.0,8393000.0,8393000.0,50743000.0,168949000.0,-389000.0,,29055000.0,,9010000.0,50743000.0,118206000.0,1333000.0,105391000.0,12815000.0,944000.0,13759000.0,168949000.0,167900000.0,162391000.0,168114000.0
Fortinet Inc,FTNT,549300O0QJWDBAS0QX03,1262039,2014.0,Q1TTM,2013-04-01,2014-03-31,,0.25,0.25,0.25,32308000.0,242341000.0,40417000.0,40417000.0,40417000.0,192258000.0,648426000.0,-2059000.0,,108381000.0,,35932000.0,192258000.0,456168000.0,5270000.0,386654000.0,69514000.0,3211000.0,72725000.0,648426000.0,167900000.0,162391000.0,168114000.0
Fortinet Inc,FTNT,549300O0QJWDBAS0QX03,1262039,2015.0,FY,2015-01-01,2015-12-31,2018-02-26 17:20:10+00:00,0.05,0.05,0.05,9018000.0,470371000.0,7987000.0,7987000.0,7987000.0,286777000.0,1009268000.0,-3167000.0,,158129000.0,7600000.0,71514000.0,286777000.0,722491000.0,5295000.0,707614000.0,14877000.0,2128000.0,17005000.0,1009268000.0,159700000.0,170385000.0,176141000.0
Fortinet Inc,FTNT,549300O0QJWDBAS0QX03,1262039,2015.0,Q4,2015-10-01,2015-12-31,,-0.01,-0.01,-0.01,15570000.0,136840000.0,-2534000.0,-2534000.0,-2534000.0,81976000.0,296529000.0,-1007000.0,,42814000.0,1717000.0,20315000.0,81976000.0,214553000.0,1176000.0,201686000.0,12867000.0,169000.0,13036000.0,296529000.0,159700000.0,170385000.0,176141000.0
Fortinet Inc,FTNT,549300O0QJWDBAS0QX03,1262039,2015.0,Q3,2015-07-01,2015-09-30,2016-11-08 17:16:42+00:00,0.05,0.05,0.05,-9329000.0,120994000.0,8169000.0,8169000.0,8169000.0,71701000.0,260068000.0,-653000.0,,42110000.0,5883000.0,21220000.0,71701000.0,188367000.0,1333000.0,190207000.0,-1840000.0,680000.0,-1160000.0,260068000.0,163400000.0,171648000.0,177897000.0
Fortinet Inc,FTNT,549300O0QJWDBAS0QX03,1262039,2015.0,Q3YTD,2015-01-01,2015-09-30,,0.06,0.06,0.06,-6552000.0,333531000.0,10521000.0,10521000.0,10521000.0,204801000.0,712739000.0,-2160000.0,,115315000.0,5883000.0,51199000.0,204801000.0,507938000.0,4119000.0,505928000.0,2010000.0,1959000.0,3969000.0,712739000.0,163400000.0,171648000.0,177897000.0
Fortinet Inc,FTNT,549300O0QJWDBAS0QX03,1262039,2015.0,Q3TTM,2014-10-01,2015-09-30,,0.1,0.1,0.1,6753000.0,426759000.0,17334000.0,17334000.0,17334000.0,270425000.0,936708000.0,-3360000.0,,148412000.0,5883000.0,63303000.0,270425000.0,666283000.0,5521000.0,644357000.0,21926000.0,2161000.0,24087000.0,936708000.0,163400000.0,171648000.0,177897000.0
Fortinet Inc,FTNT,549300O0QJWDBAS0QX03,1262039,2015.0,Q2,2015-04-01,2015-06-30,2016-08-05 17:19:25+00:00,0.0,0.0,0.0,2694000.0,111928000.0,792000.0,792000.0,792000.0,69498000.0,239785000.0,-830000.0,,37389000.0,0.0,18018000.0,69498000.0,170287000.0,1364000.0,167335000.0,2952000.0,534000.0,3486000.0,239785000.0,,169930000.0,176234000.0
Fortinet Inc,FTNT,549300O0QJWDBAS0QX03,1262039,2015.0,Q2YTD,2015-01-01,2015-06-30,,0.01,0.01,0.01,2777000.0,212537000.0,2352000.0,2352000.0,2352000.0,133100000.0,452671000.0,-1507000.0,,73205000.0,,29979000.0,133100000.0,319571000.0,2786000.0,315721000.0,3850000.0,1279000.0,5129000.0,452671000.0,,169930000.0,176234000.0
Fortinet Inc,FTNT,549300O0QJWDBAS0QX03,1262039,2015.0,Q2TTM,2014-07-01,2015-06-30,,0.07,0.07,0.07,27811000.0,386198000.0,13221000.0,13221000.0,13221000.0,255609000.0,869988000.0,-3712000.0,,137092000.0,,51872000.0,255609000.0,614379000.0,5527000.0,575162000.0,39217000.0,1815000.0,41032000.0,869988000.0,,169930000.0,176234000.0
Fortinet Inc,FTNT,549300O0QJWDBAS0QX03,1262039,2015.0,Q1,2015-01-01,2015-03-31,2016-05-06 17:29:33+00:00,0.01,0.01,0.01,83000.0,100609000.0,1560000.0,1560000.0,1560000.0,63602000.0,212886000.0,-677000.0,,35816000.0,0.0,11961000.0,63602000.0,149284000.0,1422000.0,148386000.0,898000.0,745000.0,1643000.0,212886000.0,156000000.0,168077000.0,173720000.0
Fortinet Inc,FTNT,549300O0QJWDBAS0QX03,1262039,2015.0,Q1TTM,2014-04-01,2015-03-31,,0.11,0.11,0.11,30923000.0,349087000.0,18510000.0,18510000.0,18510000.0,243868000.0,814301000.0,-3456000.0,,129641000.0,,44298000.0,243868000.0,570433000.0,5482000.0,523026000.0,47407000.0,2026000.0,49433000.0,814301000.0,156000000.0,168077000.0,173720000.0
Fortinet Inc,FTNT,549300O0QJWDBAS0QX03,1262039,2016.0,FY,2016-01-01,2016-12-31,2019-02-26 19:50:32+00:00,0.19,0.19,0.18,10900000.0,626500000.0,32200000.0,32200000.0,32200000.0,337800000.0,1275400000.0,-7100000.0,,183100000.0,4000000.0,81100000.0,337800000.0,937600000.0,7300000.0,894700000.0,42900000.0,200000.0,43100000.0,1275400000.0,169500000.0,172600000.0,176300000.0
Fortinet Inc,FTNT,549300O0QJWDBAS0QX03,1262039,2016.0,Q4,2016-10-01,2016-12-31,,0.15,0.15,0.14,18280000.0,162872000.0,25179000.0,25179000.0,25179000.0,90854000.0,362787000.0,-3651000.0,,45605000.0,836000.0,17471000.0,90854000.0,271933000.0,1961000.0,226784000.0,45149000.0,-1690000.0,43459000.0,362787000.0,169500000.0,172600000.0,176300000.0
Fortinet Inc,FTNT,549300O0QJWDBAS0QX03,1262039,2016.0,Q3,2016-07-01,2016-09-30,2017-11-01 21:24:33+00:00,0.04,0.04,0.04,298000.0,154831000.0,6291000.0,6291000.0,6291000.0,84799000.0,316646000.0,-787000.0,,47239000.0,2283000.0,22006000.0,84799000.0,231847000.0,1888000.0,226359000.0,5488000.0,1101000.0,6589000.0,316646000.0,157300000.0,173335000.0,177938000.0
Fortinet Inc,FTNT,549300O0QJWDBAS0QX03,1262039,2016.0,Q3YTD,2016-01-01,2016-09-30,,0.04,0.04,0.04,-7380000.0,463628000.0,7021000.0,7021000.0,7021000.0,246946000.0,912613000.0,-3449000.0,,137495000.0,3164000.0,63629000.0,246946000.0,665667000.0,5339000.0,667916000.0,-2249000.0,1890000.0,-359000.0,912613000.0,157300000.0,173335000.0,177938000.0
Fortinet Inc,FTNT,549300O0QJWDBAS0QX03,1262039,2016.0,Q3TTM,2015-10-01,2016-09-30,,0.03,0.03,0.03,8190000.0,600468000.0,4487000.0,4487000.0,4487000.0,328922000.0,1209142000.0,-4456000.0,,180309000.0,4881000.0,83944000.0,328922000.0,880220000.0,6515000.0,869602000.0,10618000.0,2059000.0,12677000.0,1209142000.0,157300000.0,173335000.0,177938000.0
Fortinet Inc,FTNT,549300O0QJWDBAS0QX03,1262039,2016.0,Q2,2016-04-01,2016-06-30,2017-08-01 18:07:59+00:00,-0.01,-0.01,-0.01,-2302000.0,162694000.0,-1388000.0,-1388000.0,-1388000.0,84503000.0,311391000.0,-1350000.0,,45502000.0,553000.0,22184000.0,84503000.0,226888000.0,1705000.0,230933000.0,-4045000.0,355000.0,-3690000.0,311391000.0,138800000.0,172075000.0,172075000.0
Fortinet Inc,FTNT,549300O0QJWDBAS0QX03,1262039,2016.0,Q2YTD,2016-01-01,2016-06-30,,,,,-7678000.0,308797000.0,730000.0,730000.0,730000.0,162147000.0,595967000.0,-2662000.0,,90256000.0,881000.0,41623000.0,162147000.0,433820000.0,3451000.0,441557000.0,-7737000.0,789000.0,-6948000.0,595967000.0,138800000.0,172075000.0,172075000.0
Fortinet Inc,FTNT,549300O0QJWDBAS0QX03,1262039,2016.0,Q2TTM,2015-07-01,2016-06-30,,0.04,0.04,0.04,-1437000.0,566631000.0,6365000.0,6365000.0,6365000.0,315824000.0,1152564000.0,-4322000.0,,175180000.0,8481000.0,83158000.0,315824000.0,836740000.0,5960000.0,833450000.0,3290000.0,1638000.0,4928000.0,1152564000.0,138800000.0,172075000.0,172075000.0
Fortinet Inc,FTNT,549300O0QJWDBAS0QX03,1262039,2016.0,Q1,2016-01-01,2016-03-31,2017-05-02 18:12:47+00:00,0.01,0.01,0.01,-5376000.0,146103000.0,2118000.0,2118000.0,2118000.0,77644000.0,284576000.0,-1312000.0,,44754000.0,328000.0,19439000.0,77644000.0,206932000.0,1746000.0,210624000.0,-3692000.0,434000.0,-3258000.0,284576000.0,211800000.0,171745000.0,174421000.0
Fortinet Inc,FTNT,549300O0QJWDBAS0QX03,1262039,2016.0,Q1TTM,2015-04-01,2016-03-31,,0.05,0.05,0.05,3559000.0,515865000.0,8545000.0,8545000.0,8545000.0,300819000.0,1080958000.0,-3802000.0,,167067000.0,7928000.0,78992000.0,300819000.0,780139000.0,5619000.0,769852000.0,10287000.0,1817000.0,12104000.0,1080958000.0,211800000.0,171745000.0,174421000.0
Fortinet Inc,FTNT,549300O0QJWDBAS0QX03,1262039,2017.0,FY,2017-01-01,2017-12-31,2020-02-25 20:52:45+00:00,0.18,0.18,0.18,92600000.0,701000000.0,31400000.0,31400000.0,31400000.0,385300000.0,1494900000.0,700000.0,,210600000.0,300000.0,87900000.0,385300000.0,1109600000.0,13500000.0,999800000.0,109800000.0,14200000.0,124000000.0,1494900000.0,174400000.0,174300000.0,178100000.0
Fortinet Inc,FTNT,549300O0QJWDBAS0QX03,1262039,2017.0,Q4,2017-10-01,2017-12-31,,-0.16,-0.16,-0.16,74000000.0,191900000.0,-29000000.0,-29000000.0,-29000000.0,105400000.0,416600000.0,-1200000.0,,54700000.0,,22400000.0,105400000.0,311200000.0,4000000.0,269000000.0,42200000.0,2800000.0,45000000.0,416600000.0,174400000.0,174300000.0,178100000.0
Fortinet Inc,FTNT,549300O0QJWDBAS0QX03,1262039,2017.0,Q3,2017-07-01,2017-09-30,2018-11-07 17:27:13+00:00,0.15,0.15,0.15,11300000.0,172400000.0,26700000.0,26700000.0,26700000.0,93600000.0,374200000.0,400000.0,,53500000.0,0.0,21000000.0,93600000.0,280600000.0,3900000.0,246900000.0,33700000.0,4300000.0,38000000.0,374200000.0,178000000.0,175500000.0,179000000.0
Fortinet Inc,FTNT,549300O0QJWDBAS0QX03,1262039,2017.0,Q3YTD,2017-01-01,2017-09-30,,0.34,0.34,0.34,18600000.0,509100000.0,60400000.0,60400000.0,60400000.0,279900000.0,1078300000.0,1900000.0,,155900000.0,300000.0,65500000.0,279900000.0,798400000.0,9500000.0,730800000.0,67600000.0,11400000.0,79000000.0,1078300000.0,178000000.0,175500000.0,179000000.0
Fortinet Inc,FTNT,549300O0QJWDBAS0QX03,1262039,2017.0,Q3TTM,2016-10-01,2017-09-30,,0.49,0.49,0.48,36880000.0,671972000.0,85579000.0,85579000.0,85579000.0,370754000.0,1441087000.0,-1751000.0,,201505000.0,1136000.0,82971000.0,370754000.0,1070333000.0,11461000.0,957584000.0,112749000.0,9710000.0,122459000.0,1441087000.0,178000000.0,175500000.0,179000000.0
Fortinet Inc,FTNT,549300O0QJWDBAS0QX03,1262039,2017.0,Q2,2017-04-01,2017-06-30,2018-08-06 19:47:04+00:00,0.13,0.13,0.13,9900000.0,166300000.0,23000000.0,23000000.0,23000000.0,95700000.0,363500000.0,1200000.0,,51200000.0,-100000.0,21900000.0,95700000.0,267800000.0,3200000.0,239300000.0,28500000.0,4400000.0,32900000.0,363500000.0,176900000.0,175700000.0,179700000.0
Fortinet Inc,FTNT,549300O0QJWDBAS0QX03,1262039,2017.0,Q2YTD,2017-01-01,2017-06-30,,0.19,0.19,0.19,7300000.0,336700000.0,33700000.0,33700000.0,33700000.0,186300000.0,704100000.0,1500000.0,,102400000.0,300000.0,44500000.0,186300000.0,517800000.0,5600000.0,483900000.0,33900000.0,7100000.0,41000000.0,704100000.0,176900000.0,175700000.0,179700000.0
Fortinet Inc,FTNT,549300O0QJWDBAS0QX03,1262039,2017.0,Q2TTM,2016-07-01,2017-06-30,,0.38,0.38,0.37,25878000.0,654403000.0,65170000.0,65170000.0,65170000.0,361953000.0,1383533000.0,-2938000.0,,195244000.0,3419000.0,83977000.0,361953000.0,1021580000.0,9449000.0,937043000.0,84537000.0,6511000.0,91048000.0,1383533000.0,176900000.0,175700000.0,179700000.0
Fortinet Inc,FTNT,549300O0QJWDBAS0QX03,1262039,2017.0,Q1,2017-01-01,2017-03-31,2018-05-07 20:37:01+00:00,0.06,0.06,0.06,-2600000.0,170400000.0,10700000.0,10700000.0,10700000.0,90600000.0,340600000.0,300000.0,,51200000.0,400000.0,22600000.0,90600000.0,250000000.0,2400000.0,244600000.0,5400000.0,2700000.0,8100000.0,340600000.0,178300000.0,174500000.0,178300000.0
Fortinet Inc,FTNT,549300O0QJWDBAS0QX03,1262039,2017.0,Q1TTM,2016-04-01,2017-03-31,,0.24,0.24,0.23,13676000.0,650797000.0,40782000.0,40782000.0,40782000.0,350756000.0,1331424000.0,-5488000.0,,189546000.0,4072000.0,84261000.0,350756000.0,980668000.0,7954000.0,928676000.0,51992000.0,2466000.0,54458000.0,1331424000.0,178300000.0,174500000.0,178300000.0
Fortinet Inc,FTNT,549300O0QJWDBAS0QX03,1262039,2018.0,FY,2018-01-01,2018-12-31,2020-02-25 20:52:45+00:00,1.96,1.96,1.91,-81300000.0,782300000.0,332200000.0,332200000.0,332200000.0,450400000.0,1801200000.0,-6600000.0,,244500000.0,0.0,93000000.0,450400000.0,1350800000.0,26500000.0,1119800000.0,231000000.0,19900000.0,250900000.0,1801200000.0,169500000.0,169100000.0,174200000.0
Fortinet Inc,FTNT,549300O0QJWDBAS0QX03,1262039,2018.0,Q4,2018-10-01,2018-12-31,,1.07,1.07,1.06,-90500000.0,205900000.0,182600000.0,182600000.0,182600000.0,128500000.0,507000000.0,-2300000.0,,65500000.0,,22000000.0,128500000.0,378500000.0,9300000.0,293400000.0,85100000.0,7000000.0,92100000.0,507000000.0,169500000.0,169100000.0,174200000.0
Fortinet Inc,FTNT,549300O0QJWDBAS0QX03,1262039,2018.0,Q3,2018-07-01,2018-09-30,2019-10-31 17:13:21+00:00,0.35,0.35,0.33,11900000.0,198300000.0,58700000.0,58700000.0,58700000.0,111600000.0,453900000.0,900000.0,,58700000.0,,22500000.0,111600000.0,342300000.0,6900000.0,279500000.0,62800000.0,7800000.0,70600000.0,453900000.0,167700000.0,169800000.0,175700000.0
Fortinet Inc,FTNT,549300O0QJWDBAS0QX03,1262039,2018.0,Q3YTD,2018-01-01,2018-09-30,,0.89,0.89,0.85,9200000.0,576400000.0,149600000.0,149600000.0,149600000.0,321900000.0,1294200000.0,-4300000.0,,179000000.0,,71000000.0,321900000.0,972300000.0,17200000.0,826400000.0,145900000.0,12900000.0,158800000.0,1294200000.0,167700000.0,169800000.0,175700000.0
Fortinet Inc,FTNT,549300O0QJWDBAS0QX03,1262039,2018.0,Q3TTM,2017-10-01,2018-09-30,,0.73,0.73,0.69,83200000.0,768300000.0,120600000.0,120600000.0,120600000.0,427300000.0,1710800000.0,-5500000.0,,233700000.0,,93400000.0,427300000.0,1283500000.0,21200000.0,1095400000.0,188100000.0,15700000.0,203800000.0,1710800000.0,167700000.0,169800000.0,175700000.0
Fortinet Inc,FTNT,549300O0QJWDBAS0QX03,1262039,2018.0,Q2,2018-04-01,2018-06-30,2019-08-01 17:18:57+00:00,0.29,0.29,0.28,2200000.0,192800000.0,49300000.0,49300000.0,49300000.0,113100000.0,441300000.0,-5000000.0,,61200000.0,,23500000.0,113100000.0,328200000.0,5800000.0,277500000.0,50700000.0,800000.0,51500000.0,441300000.0,170000000.0,168600000.0,173500000.0
Fortinet Inc,FTNT,549300O0QJWDBAS0QX03,1262039,2018.0,Q2YTD,2018-01-01,2018-06-30,,0.54,0.54,0.52,-2700000.0,378100000.0,90900000.0,90900000.0,90900000.0,210300000.0,840300000.0,-5200000.0,,120300000.0,,48500000.0,210300000.0,630000000.0,10300000.0,546900000.0,83100000.0,5100000.0,88200000.0,840300000.0,170000000.0,168600000.0,173500000.0
Fortinet Inc,FTNT,549300O0QJWDBAS0QX03,1262039,2018.0,Q2TTM,2017-07-01,2018-06-30,,0.53,0.53,0.51,82600000.0,742400000.0,88600000.0,88600000.0,88600000.0,409300000.0,1631100000.0,-6000000.0,,228500000.0,,91900000.0,409300000.0,1221800000.0,18200000.0,1062800000.0,159000000.0,12200000.0,171200000.0,1631100000.0,170000000.0,168600000.0,173500000.0
Fortinet Inc,FTNT,549300O0QJWDBAS0QX03,1262039,2018.0,Q1,2018-01-01,2018-03-31,2019-05-07 19:44:39+00:00,0.25,0.25,0.24,-4900000.0,185300000.0,41600000.0,41600000.0,41600000.0,97200000.0,399000000.0,-200000.0,,59100000.0,,25000000.0,97200000.0,301800000.0,4500000.0,269400000.0,32400000.0,4300000.0,36700000.0,399000000.0,166400000.0,167700000.0,171800000.0
Fortinet Inc,FTNT,549300O0QJWDBAS0QX03,1262039,2018.0,Q1TTM,2017-04-01,2018-03-31,,0.37,0.37,0.36,90300000.0,715900000.0,62300000.0,62300000.0,62300000.0,391900000.0,1553300000.0,200000.0,,218500000.0,-100000.0,90300000.0,391900000.0,1161400000.0,15600000.0,1024600000.0,136800000.0,15800000.0,152600000.0,1553300000.0,166400000.0,167700000.0,171800000.0
Fortinet Inc,FTNT,549300O0QJWDBAS0QX03,1262039,2019.0,FY,2019-01-01,2019-12-31,2020-02-25 20:52:45+00:00,1.91,1.91,1.87,52700000.0,926900000.0,326500000.0,326500000.0,326500000.0,505900000.0,2156200000.0,-7500000.0,,277100000.0,0.0,102100000.0,505900000.0,1650300000.0,42500000.0,1306100000.0,344200000.0,35000000.0,379200000.0,2156200000.0,170900000.0,171000000.0,175000000.0
Fortinet Inc,FTNT,549300O0QJWDBAS0QX03,1262039,2019.0,Q4,2019-10-01,2019-12-31,,0.67,0.67,0.65,12500000.0,257100000.0,115200000.0,115200000.0,115200000.0,140500000.0,614400000.0,-600000.0,,71200000.0,,27200000.0,140500000.0,473900000.0,9900000.0,355500000.0,118400000.0,9300000.0,127700000.0,614400000.0,170900000.0,171000000.0,175000000.0
Fortinet Inc,FTNT,549300O0QJWDBAS0QX03,1262039,2019.0,Q3YTD,2019-01-01,2019-09-30,,1.24,1.24,1.22,40200000.0,669800000.0,211300000.0,211300000.0,211300000.0,365400000.0,1541800000.0,-6900000.0,,205900000.0,,74900000.0,365400000.0,1176400000.0,32600000.0,950600000.0,225800000.0,25700000.0,251500000.0,1541800000.0,169800000.0,171300000.0,174800000.0
Fortinet Inc,FTNT,549300O0QJWDBAS0QX03,1262039,2019.0,Q3TTM,2018-10-01,2019-09-30,,2.31,2.31,2.28,-50300000.0,875700000.0,393900000.0,393900000.0,393900000.0,493900000.0,2048800000.0,-9200000.0,,271400000.0,,96900000.0,493900000.0,1554900000.0,41900000.0,1244000000.0,310900000.0,32700000.0,343600000.0,2048800000.0,169800000.0,171300000.0,174800000.0
Fortinet Inc,FTNT,549300O0QJWDBAS0QX03,1262039,2019.0,Q3,2019-07-01,2019-09-30,2019-10-31 17:13:21+00:00,0.47,0.47,0.46,25600000.0,227400000.0,79800000.0,79800000.0,79800000.0,124100000.0,547500000.0,-6000000.0,,69900000.0,,26100000.0,124100000.0,423400000.0,11400000.0,323400000.0,100000000.0,5400000.0,105400000.0,547500000.0,169800000.0,171300000.0,174800000.0
Fortinet Inc,FTNT,549300O0QJWDBAS0QX03,1262039,2019.0,Q2YTD,2019-01-01,2019-06-30,,0.77,0.77,0.76,14600000.0,442400000.0,131500000.0,131500000.0,131500000.0,241300000.0,994300000.0,-900000.0,,136000000.0,,48800000.0,241300000.0,753000000.0,21200000.0,627200000.0,125800000.0,20300000.0,146100000.0,994300000.0,173100000.0,171100000.0,175100000.0
Fortinet Inc,FTNT,549300O0QJWDBAS0QX03,1262039,2019.0,Q2TTM,2018-07-01,2019-06-30,,2.19,2.19,2.15,-64000000.0,846600000.0,372800000.0,372800000.0,372800000.0,481400000.0,1955200000.0,-2300000.0,,260200000.0,,93300000.0,481400000.0,1473800000.0,37400000.0,1200100000.0,273700000.0,35100000.0,308800000.0,1955200000.0,173100000.0,171100000.0,175100000.0
Fortinet Inc,FTNT,549300O0QJWDBAS0QX03,1262039,2019.0,Q2,2019-04-01,2019-06-30,2019-08-01 17:18:57+00:00,0.42,0.42,0.42,13100000.0,226500000.0,72700000.0,72700000.0,72700000.0,128300000.0,521700000.0,-400000.0,,67400000.0,,24300000.0,128300000.0,393400000.0,11000000.0,318200000.0,75200000.0,10600000.0,85800000.0,521700000.0,173100000.0,171100000.0,175100000.0
Fortinet Inc,FTNT,549300O0QJWDBAS0QX03,1262039,2019.0,Q1,2019-01-01,2019-03-31,2020-05-06 19:33:53+00:00,0.35,0.35,0.34,1500000.0,215900000.0,58800000.0,58800000.0,58800000.0,113000000.0,472600000.0,-500000.0,0.0,68600000.0,,24500000.0,113000000.0,359600000.0,10200000.0,309000000.0,50600000.0,9700000.0,60300000.0,472600000.0,168000000.0,170200000.0,174800000.0
Fortinet Inc,FTNT,549300O0QJWDBAS0QX03,1262039,2019.0,Q1TTM,2018-04-01,2019-03-31,,2.06,2.06,2.01,-74900000.0,812900000.0,349400000.0,349400000.0,349400000.0,466200000.0,1874800000.0,-6900000.0,,254000000.0,,92500000.0,466200000.0,1408600000.0,32200000.0,1159400000.0,249200000.0,25300000.0,274500000.0,1874800000.0,168000000.0,170200000.0,174800000.0
Fortinet Inc,FTNT,549300O0QJWDBAS0QX03,1262039,2020.0,Q1TTM,2019-04-01,2020-03-31,,2.17,2.17,2.13,64300000.0,971000000.0,371700000.0,371700000.0,371700000.0,521600000.0,2260500000.0,-15000000.0,-36800000.0,288800000.0,,106400000.0,521600000.0,1738900000.0,41500000.0,1329400000.0,409500000.0,26500000.0,436000000.0,2260500000.0,170500000.0,170600000.0,174200000.0
Fortinet Inc,FTNT,549300O0QJWDBAS0QX03,1262039,2020.0,Q1,2020-01-01,2020-03-31,2020-05-06 19:33:53+00:00,0.61,0.61,0.6,13100000.0,260000000.0,104000000.0,104000000.0,104000000.0,128700000.0,576900000.0,-8000000.0,-36800000.0,80300000.0,,28800000.0,128700000.0,448200000.0,9200000.0,332300000.0,115900000.0,1200000.0,117100000.0,576900000.0,170500000.0,170600000.0,174200000.0
