company_name,company_ticker,company_lei,company_cik,year,quarter,start_date,end_date,filing_date,basicdilutedeps,basiceps,cashdividendspershare,dilutedeps,impairmentexpense,incometaxexpense,netincome,netincomecontinuing,netincometocommon,netincometononcontrollinginterest,operatingcostofrevenue,operatingrevenue,otherincome,otheroperatingexpenses,otherspecialcharges,rdexpense,restructuringcharge,sgaexpense,totalcostofrevenue,totalgrossprofit,totalinterestexpense,totalinterestincome,totaloperatingexpenses,totaloperatingincome,totalotherincome,totalpretaxincome,totalrevenue,weightedavebasicdilutedsharesos,weightedavebasicsharesos,weightedavedilutedsharesos
Cummins Inc,CMI,ZUNI8PYC725B6H8JU438,26172,2007.0,FY,2007-01-01,2007-12-31,2010-02-25 18:45:41+00:00,3.72,3.72,,3.7,,381000000.0,788000000.0,788000000.0,739000000.0,49000000.0,10492000000.0,13048000000.0,33000000.0,-22000000.0,,329000000.0,,1296000000.0,10492000000.0,2556000000.0,58000000.0,241000000.0,1603000000.0,953000000.0,216000000.0,1169000000.0,13048000000.0,198700000.0,198700000.0,199700000.0
Cummins Inc,CMI,ZUNI8PYC725B6H8JU438,26172,2008.0,FY,2008-01-01,2008-12-31,2011-02-24 12:32:07+00:00,3.87,3.87,,3.84,,360000000.0,818000000.0,818000000.0,755000000.0,63000000.0,11402000000.0,14342000000.0,-70000000.0,12000000.0,,422000000.0,37000000.0,1450000000.0,11402000000.0,2940000000.0,42000000.0,271000000.0,1921000000.0,1019000000.0,159000000.0,1178000000.0,14342000000.0,194958370.0,194958370.0,194958370.0
Cummins Inc,CMI,ZUNI8PYC725B6H8JU438,26172,2008.0,Q3,2008-06-30,2008-09-28,2009-10-30 14:09:17+00:00,1.18,1.18,0.175,1.17,,123000000.0,247000000.0,247000000.0,229000000.0,18000000.0,2873000000.0,3693000000.0,-7000000.0,2000000.0,,113000000.0,,388000000.0,2873000000.0,820000000.0,10000000.0,70000000.0,503000000.0,317000000.0,53000000.0,370000000.0,3693000000.0,194100000.0,194900000.0,196500000.0
Cummins Inc,CMI,ZUNI8PYC725B6H8JU438,26172,2008.0,Q2,2008-03-31,2008-06-29,2009-07-30 12:38:01+00:00,1.5,1.5,0.125,1.49,,147000000.0,310000000.0,310000000.0,293000000.0,17000000.0,3008000000.0,3887000000.0,-3000000.0,6000000.0,,104000000.0,,370000000.0,3008000000.0,879000000.0,12000000.0,73000000.0,480000000.0,399000000.0,58000000.0,457000000.0,3887000000.0,195300000.0,195200000.0,196600000.0
Cummins Inc,CMI,ZUNI8PYC725B6H8JU438,26172,2009.0,Q4,2009-09-28,2009-12-31,,1.37,1.37,0.27,1.37,,84000000.0,290000000.0,290000000.0,270000000.0,20000000.0,2627000000.0,3400000000.0,-5000000.0,-5000000.0,,108000000.0,4000000.0,348000000.0,2627000000.0,773000000.0,9000000.0,70000000.0,455000000.0,318000000.0,56000000.0,374000000.0,3400000000.0,197445998.0,197445998.0,197445998.0
Cummins Inc,CMI,ZUNI8PYC725B6H8JU438,26172,2009.0,FY,2009-01-01,2009-12-31,2012-02-21 06:02:55+00:00,2.17,2.17,0.7,2.16,,156000000.0,484000000.0,484000000.0,428000000.0,56000000.0,8631000000.0,10800000000.0,-15000000.0,1000000.0,,362000000.0,99000000.0,1239000000.0,8631000000.0,2169000000.0,35000000.0,222000000.0,1701000000.0,468000000.0,172000000.0,640000000.0,10800000000.0,197445998.0,197445998.0,197445998.0
Cummins Inc,CMI,ZUNI8PYC725B6H8JU438,26172,2009.0,Q3YTD,2009-01-01,2009-09-27,,0.8,0.8,0.62,0.8,,72000000.0,194000000.0,194000000.0,158000000.0,36000000.0,6004000000.0,7400000000.0,-10000000.0,6000000.0,,254000000.0,95000000.0,891000000.0,6004000000.0,1396000000.0,26000000.0,152000000.0,1246000000.0,150000000.0,116000000.0,266000000.0,7400000000.0,197900000.0,197400000.0,197800000.0
Cummins Inc,CMI,ZUNI8PYC725B6H8JU438,26172,2009.0,Q3,2009-06-29,2009-09-27,2010-10-29 10:49:20+00:00,0.48,0.48,0.175,0.48,,36000000.0,110000000.0,110000000.0,95000000.0,15000000.0,2027000000.0,2530000000.0,6000000.0,-3000000.0,,90000000.0,22000000.0,304000000.0,2027000000.0,503000000.0,9000000.0,59000000.0,413000000.0,90000000.0,56000000.0,146000000.0,2530000000.0,197900000.0,197400000.0,197800000.0
Cummins Inc,CMI,ZUNI8PYC725B6H8JU438,26172,2009.0,Q2YTD,2009-01-01,2009-06-28,,0.32,0.32,0.41,0.32,,36000000.0,84000000.0,84000000.0,63000000.0,21000000.0,3977000000.0,4870000000.0,-16000000.0,9000000.0,,164000000.0,73000000.0,587000000.0,3977000000.0,893000000.0,17000000.0,93000000.0,833000000.0,60000000.0,60000000.0,120000000.0,4870000000.0,200000000.0,197100000.0,197400000.0
Cummins Inc,CMI,ZUNI8PYC725B6H8JU438,26172,2009.0,Q2,2009-03-30,2009-06-28,2010-07-30 10:44:45+00:00,0.28,0.28,0.175,0.28,,29000000.0,70000000.0,70000000.0,56000000.0,14000000.0,1983000000.0,2431000000.0,-13000000.0,11000000.0,,79000000.0,7000000.0,287000000.0,1983000000.0,448000000.0,10000000.0,58000000.0,384000000.0,64000000.0,35000000.0,99000000.0,2431000000.0,200000000.0,197100000.0,197400000.0
Cummins Inc,CMI,ZUNI8PYC725B6H8JU438,26172,2009.0,Q1,2009-01-01,2009-03-29,2010-04-29 10:50:30+00:00,0.04,0.04,0.175,0.04,,7000000.0,14000000.0,14000000.0,7000000.0,7000000.0,1994000000.0,2439000000.0,-3000000.0,-2000000.0,,85000000.0,66000000.0,300000000.0,1994000000.0,445000000.0,7000000.0,35000000.0,449000000.0,-4000000.0,25000000.0,21000000.0,2439000000.0,175000000.0,196800000.0,197000000.0
Cummins Inc,CMI,ZUNI8PYC725B6H8JU438,26172,2010.0,Q4,2010-09-27,2010-12-31,,1.84,1.84,0.26,1.84,,139000000.0,391000000.0,391000000.0,362000000.0,29000000.0,3155000000.0,4139000000.0,9000000.0,3000000.0,,123000000.0,,423000000.0,3155000000.0,984000000.0,11000000.0,97000000.0,549000000.0,435000000.0,95000000.0,530000000.0,4139000000.0,196699155.0,196699155.0,196699155.0
Cummins Inc,CMI,ZUNI8PYC725B6H8JU438,26172,2010.0,FY,2010-01-01,2010-12-31,2013-02-20 10:57:47+00:00,5.29,5.29,0.875,5.28,,477000000.0,1140000000.0,1140000000.0,1040000000.0,100000000.0,10058000000.0,13226000000.0,34000000.0,16000000.0,,414000000.0,,1487000000.0,10058000000.0,3168000000.0,40000000.0,372000000.0,1917000000.0,1251000000.0,366000000.0,1617000000.0,13226000000.0,196699155.0,196699155.0,196699155.0
Cummins Inc,CMI,ZUNI8PYC725B6H8JU438,26172,2010.0,Q3YTD,2010-01-01,2010-09-26,,3.46,3.46,0.72,3.46,,338000000.0,749000000.0,749000000.0,678000000.0,71000000.0,6903000000.0,9087000000.0,25000000.0,13000000.0,,291000000.0,,1064000000.0,6903000000.0,2184000000.0,29000000.0,275000000.0,1368000000.0,816000000.0,271000000.0,1087000000.0,9087000000.0,195200000.0,195800000.0,196300000.0
Cummins Inc,CMI,ZUNI8PYC725B6H8JU438,26172,2010.0,Q3TTM,2009-09-28,2010-09-26,,4.84,4.84,0.99,4.84,,422000000.0,1039000000.0,1039000000.0,948000000.0,91000000.0,9530000000.0,12487000000.0,20000000.0,8000000.0,,399000000.0,4000000.0,1412000000.0,9530000000.0,2957000000.0,38000000.0,345000000.0,1823000000.0,1134000000.0,327000000.0,1461000000.0,12487000000.0,195200000.0,195800000.0,196300000.0
Cummins Inc,CMI,ZUNI8PYC725B6H8JU438,26172,2010.0,Q3,2010-06-28,2010-09-26,2011-10-26 17:37:16+00:00,1.45,1.45,0.2625,1.44,,129000000.0,309000000.0,309000000.0,283000000.0,26000000.0,2571000000.0,3401000000.0,8000000.0,5000000.0,,103000000.0,,375000000.0,2571000000.0,830000000.0,11000000.0,94000000.0,483000000.0,347000000.0,91000000.0,438000000.0,3401000000.0,195200000.0,195800000.0,196300000.0
Cummins Inc,CMI,ZUNI8PYC725B6H8JU438,26172,2010.0,Q2YTD,2010-01-01,2010-06-27,,2.01,2.01,0.38,2.01,,209000000.0,440000000.0,440000000.0,395000000.0,45000000.0,4332000000.0,5686000000.0,17000000.0,8000000.0,,188000000.0,,689000000.0,4332000000.0,1354000000.0,18000000.0,181000000.0,885000000.0,469000000.0,180000000.0,649000000.0,5686000000.0,196800000.0,196900000.0,197300000.0
Cummins Inc,CMI,ZUNI8PYC725B6H8JU438,26172,2010.0,Q2TTM,2009-06-29,2010-06-27,,3.86,3.86,0.85,3.86,,329000000.0,840000000.0,840000000.0,760000000.0,80000000.0,8986000000.0,11616000000.0,18000000.0,,,386000000.0,26000000.0,1341000000.0,8986000000.0,2630000000.0,36000000.0,310000000.0,1753000000.0,877000000.0,292000000.0,1169000000.0,11616000000.0,196800000.0,196900000.0,197300000.0
Cummins Inc,CMI,ZUNI8PYC725B6H8JU438,26172,2010.0,Q2,2010-03-29,2010-06-27,2011-07-27 20:56:19+00:00,1.25,1.25,0.175,1.25,,122000000.0,270000000.0,270000000.0,246000000.0,24000000.0,2455000000.0,3208000000.0,,4000000.0,,96000000.0,,354000000.0,2455000000.0,753000000.0,9000000.0,102000000.0,454000000.0,299000000.0,93000000.0,392000000.0,3208000000.0,196800000.0,196900000.0,197300000.0
Cummins Inc,CMI,ZUNI8PYC725B6H8JU438,26172,2010.0,Q1TTM,2009-03-30,2010-03-28,,2.87,2.87,0.84,2.87,,236000000.0,640000000.0,640000000.0,570000000.0,70000000.0,8514000000.0,10839000000.0,5000000.0,7000000.0,,369000000.0,33000000.0,1274000000.0,8514000000.0,2325000000.0,37000000.0,266000000.0,1683000000.0,642000000.0,234000000.0,876000000.0,10839000000.0,198700000.0,198400000.0,198700000.0
Cummins Inc,CMI,ZUNI8PYC725B6H8JU438,26172,2010.0,Q1,2010-01-01,2010-03-28,2011-04-27 19:02:39+00:00,0.75,0.75,0.175,0.75,,87000000.0,170000000.0,170000000.0,149000000.0,21000000.0,1877000000.0,2478000000.0,17000000.0,4000000.0,,92000000.0,,335000000.0,1877000000.0,601000000.0,9000000.0,79000000.0,431000000.0,170000000.0,87000000.0,257000000.0,2478000000.0,198700000.0,198400000.0,198700000.0
Cummins Inc,CMI,ZUNI8PYC725B6H8JU438,26172,2011.0,Q4,2011-09-26,2011-12-31,,2.87,2.87,0.4,2.85,,186000000.0,572000000.0,572000000.0,548000000.0,24000000.0,3680000000.0,4921000000.0,14000000.0,-25000000.0,-53000000.0,179000000.0,,496000000.0,3680000000.0,1241000000.0,10000000.0,110000000.0,597000000.0,644000000.0,114000000.0,758000000.0,4921000000.0,192972211.0,192972211.0,192972211.0
Cummins Inc,CMI,ZUNI8PYC725B6H8JU438,26172,2011.0,FY,2011-01-01,2011-12-31,2014-02-18 14:43:01+00:00,9.58,9.58,1.325,9.55,,725000000.0,1946000000.0,1946000000.0,1848000000.0,98000000.0,13459000000.0,18048000000.0,0.0,-21000000.0,-121000000.0,629000000.0,,1837000000.0,13459000000.0,4589000000.0,44000000.0,450000000.0,2324000000.0,2265000000.0,406000000.0,2671000000.0,18048000000.0,192972211.0,192972211.0,192972211.0
Cummins Inc,CMI,ZUNI8PYC725B6H8JU438,26172,2011.0,Q3YTD,2011-01-01,2011-09-25,,6.71,6.71,0.93,6.7,,539000000.0,1374000000.0,1374000000.0,1300000000.0,74000000.0,9779000000.0,13127000000.0,-14000000.0,4000000.0,-68000000.0,450000000.0,,1341000000.0,9779000000.0,3348000000.0,34000000.0,340000000.0,1727000000.0,1621000000.0,292000000.0,1913000000.0,13127000000.0,192300000.0,192100000.0,192700000.0
Cummins Inc,CMI,ZUNI8PYC725B6H8JU438,26172,2011.0,Q3TTM,2010-09-27,2011-09-25,,8.55,8.55,1.19,8.54,,678000000.0,1765000000.0,1765000000.0,1662000000.0,103000000.0,12934000000.0,17266000000.0,-5000000.0,7000000.0,-68000000.0,573000000.0,,1764000000.0,12934000000.0,4332000000.0,45000000.0,437000000.0,2276000000.0,2056000000.0,387000000.0,2443000000.0,17266000000.0,192300000.0,192100000.0,192700000.0
Cummins Inc,CMI,ZUNI8PYC725B6H8JU438,26172,2011.0,Q3,2011-06-27,2011-09-25,2012-10-31 13:59:29+00:00,2.35,2.35,0.4,2.35,,157000000.0,472000000.0,472000000.0,452000000.0,20000000.0,3438000000.0,4626000000.0,-8000000.0,-2000000.0,,164000000.0,,489000000.0,3438000000.0,1188000000.0,11000000.0,111000000.0,651000000.0,537000000.0,92000000.0,629000000.0,4626000000.0,192300000.0,192100000.0,192700000.0
Cummins Inc,CMI,ZUNI8PYC725B6H8JU438,26172,2011.0,Q2YTD,2011-01-01,2011-06-26,,4.36,4.36,0.53,4.35,,382000000.0,902000000.0,902000000.0,848000000.0,54000000.0,6341000000.0,8501000000.0,-6000000.0,6000000.0,-68000000.0,286000000.0,,852000000.0,6341000000.0,2160000000.0,23000000.0,229000000.0,1076000000.0,1084000000.0,200000000.0,1284000000.0,8501000000.0,193500000.0,193800000.0,194400000.0
Cummins Inc,CMI,ZUNI8PYC725B6H8JU438,26172,2011.0,Q2TTM,2010-06-28,2011-06-26,,7.65,7.65,1.05,7.63,,650000000.0,1602000000.0,1602000000.0,1493000000.0,109000000.0,12067000000.0,16041000000.0,11000000.0,14000000.0,-68000000.0,512000000.0,,1650000000.0,12067000000.0,3974000000.0,45000000.0,420000000.0,2108000000.0,1866000000.0,386000000.0,2252000000.0,16041000000.0,193500000.0,193800000.0,194400000.0
Cummins Inc,CMI,ZUNI8PYC725B6H8JU438,26172,2011.0,Q2,2011-03-28,2011-06-26,2012-08-01 11:09:52+00:00,2.61,2.61,0.2625,2.6,,225000000.0,537000000.0,537000000.0,505000000.0,32000000.0,3438000000.0,4641000000.0,-3000000.0,,-68000000.0,157000000.0,,463000000.0,3438000000.0,1203000000.0,13000000.0,127000000.0,552000000.0,651000000.0,111000000.0,762000000.0,4641000000.0,193500000.0,193800000.0,194400000.0
Cummins Inc,CMI,ZUNI8PYC725B6H8JU438,26172,2011.0,Q1TTM,2010-03-29,2011-03-27,,6.29,6.29,0.96,6.28,,547000000.0,1335000000.0,1335000000.0,1234000000.0,101000000.0,11084000000.0,14608000000.0,14000000.0,18000000.0,,451000000.0,,1541000000.0,11084000000.0,3524000000.0,41000000.0,395000000.0,2010000000.0,1514000000.0,368000000.0,1882000000.0,14608000000.0,196000000.0,195500000.0,196100000.0
Cummins Inc,CMI,ZUNI8PYC725B6H8JU438,26172,2011.0,Q1,2011-01-01,2011-03-27,2012-05-02 15:05:39+00:00,1.75,1.75,0.2625,1.75,,157000000.0,365000000.0,365000000.0,343000000.0,22000000.0,2903000000.0,3860000000.0,-3000000.0,6000000.0,,129000000.0,,389000000.0,2903000000.0,957000000.0,10000000.0,102000000.0,524000000.0,433000000.0,89000000.0,522000000.0,3860000000.0,196000000.0,195500000.0,196100000.0
Cummins Inc,CMI,ZUNI8PYC725B6H8JU438,26172,2012.0,Q4,2012-10-01,2012-12-31,,1.96,1.96,0.5,1.96,,75000000.0,398000000.0,398000000.0,369000000.0,29000000.0,3326000000.0,4292000000.0,10000000.0,19000000.0,,174000000.0,,390000000.0,3326000000.0,966000000.0,7000000.0,87000000.0,583000000.0,383000000.0,90000000.0,473000000.0,4292000000.0,189286821.0,189286821.0,189286821.0
Cummins Inc,CMI,ZUNI8PYC725B6H8JU438,26172,2012.0,FY,2012-01-01,2012-12-31,2015-02-17 13:19:48+00:00,8.69,8.69,1.8,8.67,,533000000.0,1738000000.0,1738000000.0,1645000000.0,93000000.0,12918000000.0,17334000000.0,24000000.0,10000000.0,,728000000.0,,1808000000.0,12918000000.0,4416000000.0,32000000.0,409000000.0,2546000000.0,1870000000.0,401000000.0,2271000000.0,17334000000.0,189286821.0,189286821.0,189286821.0
Cummins Inc,CMI,ZUNI8PYC725B6H8JU438,26172,2012.0,Q3YTD,2012-01-01,2012-09-30,,6.73,6.73,1.3,6.71,,458000000.0,1340000000.0,1340000000.0,1276000000.0,64000000.0,9592000000.0,13042000000.0,14000000.0,-9000000.0,,554000000.0,,1418000000.0,9592000000.0,3450000000.0,25000000.0,322000000.0,1963000000.0,1487000000.0,311000000.0,1798000000.0,13042000000.0,188200000.0,188600000.0,189000000.0
Cummins Inc,CMI,ZUNI8PYC725B6H8JU438,26172,2012.0,Q3TTM,2011-09-26,2012-09-30,,9.6,9.6,1.7,9.56,,644000000.0,1912000000.0,1912000000.0,1824000000.0,88000000.0,13272000000.0,17963000000.0,28000000.0,-34000000.0,-53000000.0,733000000.0,,1914000000.0,13272000000.0,4691000000.0,35000000.0,432000000.0,2560000000.0,2131000000.0,425000000.0,2556000000.0,17963000000.0,188200000.0,188600000.0,189000000.0
Cummins Inc,CMI,ZUNI8PYC725B6H8JU438,26172,2012.0,Q3,2012-07-02,2012-09-30,2013-10-30 09:08:17+00:00,1.87,1.87,0.5,1.86,,117000000.0,370000000.0,370000000.0,352000000.0,18000000.0,3076000000.0,4118000000.0,-2000000.0,1000000.0,0.0,186000000.0,,456000000.0,3076000000.0,1042000000.0,9000000.0,99000000.0,643000000.0,399000000.0,88000000.0,487000000.0,4118000000.0,188200000.0,188600000.0,189000000.0
Cummins Inc,CMI,ZUNI8PYC725B6H8JU438,26172,2012.0,Q2YTD,2012-01-01,2012-07-01,,4.86,4.86,0.8,4.85,,341000000.0,970000000.0,970000000.0,924000000.0,46000000.0,6516000000.0,8924000000.0,16000000.0,-10000000.0,,368000000.0,,962000000.0,6516000000.0,2408000000.0,16000000.0,223000000.0,1320000000.0,1088000000.0,223000000.0,1311000000.0,8924000000.0,189900000.0,189800000.0,190100000.0
Cummins Inc,CMI,ZUNI8PYC725B6H8JU438,26172,2012.0,Q2TTM,2011-06-27,2012-07-01,,10.08,10.08,1.6,10.05,,684000000.0,2014000000.0,2014000000.0,1924000000.0,90000000.0,13634000000.0,18471000000.0,22000000.0,-37000000.0,-53000000.0,711000000.0,,1947000000.0,13634000000.0,4837000000.0,37000000.0,444000000.0,2568000000.0,2269000000.0,429000000.0,2698000000.0,18471000000.0,189900000.0,189800000.0,190100000.0
Cummins Inc,CMI,ZUNI8PYC725B6H8JU438,26172,2012.0,Q2,2012-04-02,2012-07-01,2013-07-31 16:27:05+00:00,2.47,2.47,0.4,2.47,,166000000.0,495000000.0,495000000.0,469000000.0,26000000.0,3242000000.0,4452000000.0,14000000.0,-8000000.0,,187000000.0,,487000000.0,3242000000.0,1210000000.0,8000000.0,111000000.0,666000000.0,544000000.0,117000000.0,661000000.0,4452000000.0,189900000.0,189800000.0,190100000.0
Cummins Inc,CMI,ZUNI8PYC725B6H8JU438,26172,2012.0,Q1TTM,2011-03-28,2012-04-01,,10.22,10.22,1.46,10.18,,743000000.0,2056000000.0,2056000000.0,1960000000.0,96000000.0,13830000000.0,18660000000.0,5000000.0,-29000000.0,-121000000.0,681000000.0,,1923000000.0,13830000000.0,4830000000.0,42000000.0,460000000.0,2454000000.0,2376000000.0,423000000.0,2799000000.0,18660000000.0,190400000.0,190400000.0,190800000.0
Cummins Inc,CMI,ZUNI8PYC725B6H8JU438,26172,2012.0,Q1,2012-01-01,2012-04-01,2013-05-01 10:30:02+00:00,2.39,2.39,0.4,2.38,,175000000.0,475000000.0,475000000.0,455000000.0,20000000.0,3274000000.0,4472000000.0,2000000.0,-2000000.0,,181000000.0,,475000000.0,3274000000.0,1198000000.0,8000000.0,112000000.0,654000000.0,544000000.0,106000000.0,650000000.0,4472000000.0,190400000.0,190400000.0,190800000.0
Cummins Inc,CMI,ZUNI8PYC725B6H8JU438,26172,2013.0,FY,2013-01-01,2013-12-31,2016-02-12 16:56:03+00:00,7.93,7.93,2.25,7.91,0.0,531000000.0,1588000000.0,1588000000.0,1483000000.0,105000000.0,13021000000.0,17301000000.0,32000000.0,10000000.0,,713000000.0,,1817000000.0,13021000000.0,4280000000.0,41000000.0,388000000.0,2540000000.0,1740000000.0,379000000.0,2119000000.0,17301000000.0,186994382.0,186994382.0,186994382.0
Cummins Inc,CMI,ZUNI8PYC725B6H8JU438,26172,2013.0,Q4,2013-09-30,2013-12-31,,2.32,2.32,0.63,2.32,,86000000.0,461000000.0,461000000.0,432000000.0,29000000.0,3499000000.0,4588000000.0,7000000.0,10000000.0,,181000000.0,,425000000.0,3499000000.0,1089000000.0,19000000.0,86000000.0,616000000.0,473000000.0,74000000.0,547000000.0,4588000000.0,186994382.0,186994382.0,186994382.0
Cummins Inc,CMI,ZUNI8PYC725B6H8JU438,26172,2013.0,Q3YTD,2013-01-01,2013-09-29,,5.61,5.61,1.63,5.59,,445000000.0,1127000000.0,1127000000.0,1051000000.0,76000000.0,9522000000.0,12713000000.0,25000000.0,,,532000000.0,,1392000000.0,9522000000.0,3191000000.0,22000000.0,302000000.0,1924000000.0,1267000000.0,305000000.0,1572000000.0,12713000000.0,185900000.0,186000000.0,186500000.0
Cummins Inc,CMI,ZUNI8PYC725B6H8JU438,26172,2013.0,Q3TTM,2012-10-01,2013-09-29,,7.57,7.57,2.13,7.55,,520000000.0,1525000000.0,1525000000.0,1420000000.0,105000000.0,12848000000.0,17005000000.0,35000000.0,19000000.0,,706000000.0,,1782000000.0,12848000000.0,4157000000.0,29000000.0,389000000.0,2507000000.0,1650000000.0,395000000.0,2045000000.0,17005000000.0,185900000.0,186000000.0,186500000.0
Cummins Inc,CMI,ZUNI8PYC725B6H8JU438,26172,2013.0,Q3,2013-07-01,2013-09-29,2014-10-28 18:31:59+00:00,1.91,1.91,0.625,1.9,,154000000.0,374000000.0,374000000.0,355000000.0,19000000.0,3185000000.0,4266000000.0,6000000.0,11000000.0,,173000000.0,,464000000.0,3185000000.0,1081000000.0,8000000.0,97000000.0,648000000.0,433000000.0,95000000.0,528000000.0,4266000000.0,185900000.0,186000000.0,186500000.0
Cummins Inc,CMI,ZUNI8PYC725B6H8JU438,26172,2013.0,Q2YTD,2013-01-01,2013-06-30,,3.7,3.7,1.0,3.69,,291000000.0,753000000.0,753000000.0,696000000.0,57000000.0,6337000000.0,8447000000.0,19000000.0,-11000000.0,,359000000.0,,928000000.0,6337000000.0,2110000000.0,14000000.0,205000000.0,1276000000.0,834000000.0,210000000.0,1044000000.0,8447000000.0,188200000.0,187800000.0,188200000.0
Cummins Inc,CMI,ZUNI8PYC725B6H8JU438,26172,2013.0,Q2TTM,2012-07-02,2013-06-30,,7.53,7.53,2.0,7.51,,483000000.0,1521000000.0,1521000000.0,1417000000.0,104000000.0,12739000000.0,16857000000.0,27000000.0,9000000.0,,719000000.0,,1774000000.0,12739000000.0,4118000000.0,30000000.0,391000000.0,2502000000.0,1616000000.0,388000000.0,2004000000.0,16857000000.0,188200000.0,187800000.0,188200000.0
Cummins Inc,CMI,ZUNI8PYC725B6H8JU438,26172,2013.0,Q2,2013-04-01,2013-06-30,2014-07-29 10:29:36+00:00,2.2,2.2,0.5,2.2,,172000000.0,441000000.0,441000000.0,414000000.0,27000000.0,3372000000.0,4525000000.0,1000000.0,-10000000.0,,177000000.0,,484000000.0,3372000000.0,1153000000.0,8000000.0,118000000.0,651000000.0,502000000.0,111000000.0,613000000.0,4525000000.0,188200000.0,187800000.0,188200000.0
Cummins Inc,CMI,ZUNI8PYC725B6H8JU438,26172,2013.0,Q1TTM,2012-04-02,2013-03-31,,7.8,7.8,1.9,7.78,,477000000.0,1575000000.0,1575000000.0,1472000000.0,103000000.0,12609000000.0,16784000000.0,40000000.0,11000000.0,,729000000.0,,1777000000.0,12609000000.0,4175000000.0,30000000.0,384000000.0,2517000000.0,1658000000.0,394000000.0,2052000000.0,16784000000.0,188000000.0,188400000.0,188800000.0
Cummins Inc,CMI,ZUNI8PYC725B6H8JU438,26172,2013.0,Q1,2013-01-01,2013-03-31,2014-04-29 17:46:35+00:00,1.5,1.5,0.5,1.49,,119000000.0,312000000.0,312000000.0,282000000.0,30000000.0,2965000000.0,3922000000.0,18000000.0,-1000000.0,,182000000.0,,444000000.0,2965000000.0,957000000.0,6000000.0,87000000.0,625000000.0,332000000.0,99000000.0,431000000.0,3922000000.0,188000000.0,188400000.0,188800000.0
Cummins Inc,CMI,ZUNI8PYC725B6H8JU438,26172,2014.0,FY,2014-01-01,2014-12-31,2017-02-13 14:08:52+00:00,9.04,9.04,2.81,9.02,0.0,698000000.0,1736000000.0,1736000000.0,1651000000.0,85000000.0,14360000000.0,19221000000.0,110000000.0,17000000.0,0.0,754000000.0,,2095000000.0,14360000000.0,4861000000.0,64000000.0,393000000.0,2866000000.0,1995000000.0,439000000.0,2434000000.0,19221000000.0,182637568.0,182637568.0,182637568.0
Cummins Inc,CMI,ZUNI8PYC725B6H8JU438,26172,2014.0,Q4,2014-09-29,2014-12-31,,2.45,2.45,0.78,2.44,,145000000.0,467000000.0,467000000.0,444000000.0,23000000.0,3817000000.0,5090000000.0,42000000.0,13000000.0,,187000000.0,,568000000.0,3817000000.0,1273000000.0,17000000.0,82000000.0,768000000.0,505000000.0,107000000.0,612000000.0,5090000000.0,182637568.0,182637568.0,182637568.0
Cummins Inc,CMI,ZUNI8PYC725B6H8JU438,26172,2014.0,Q3,2014-06-30,2014-09-28,2015-10-27 15:08:17+00:00,2.32,2.32,0.78,2.32,,230000000.0,439000000.0,439000000.0,423000000.0,16000000.0,3606000000.0,4890000000.0,19000000.0,-3000000.0,,198000000.0,,529000000.0,3606000000.0,1284000000.0,15000000.0,105000000.0,724000000.0,560000000.0,109000000.0,669000000.0,4890000000.0,182300000.0,182200000.0,182700000.0
Cummins Inc,CMI,ZUNI8PYC725B6H8JU438,26172,2014.0,Q3YTD,2014-01-01,2014-09-28,,6.59,6.59,2.03,6.58,,553000000.0,1269000000.0,1269000000.0,1207000000.0,62000000.0,10543000000.0,14131000000.0,68000000.0,4000000.0,,567000000.0,,1527000000.0,10543000000.0,3588000000.0,47000000.0,311000000.0,2098000000.0,1490000000.0,332000000.0,1822000000.0,14131000000.0,182300000.0,182200000.0,182700000.0
Cummins Inc,CMI,ZUNI8PYC725B6H8JU438,26172,2014.0,Q3TTM,2013-09-30,2014-09-28,,8.91,8.91,2.66,8.9,,639000000.0,1730000000.0,1730000000.0,1639000000.0,91000000.0,14042000000.0,18719000000.0,75000000.0,14000000.0,,748000000.0,,1952000000.0,14042000000.0,4677000000.0,66000000.0,397000000.0,2714000000.0,1963000000.0,406000000.0,2369000000.0,18719000000.0,182300000.0,182200000.0,182700000.0
Cummins Inc,CMI,ZUNI8PYC725B6H8JU438,26172,2014.0,Q2,2014-03-31,2014-06-29,2015-07-28 17:46:21+00:00,2.44,2.44,0.625,2.43,,170000000.0,472000000.0,472000000.0,446000000.0,26000000.0,3630000000.0,4835000000.0,39000000.0,6000000.0,,179000000.0,,513000000.0,3630000000.0,1205000000.0,15000000.0,111000000.0,698000000.0,507000000.0,135000000.0,642000000.0,4835000000.0,182800000.0,182800000.0,183200000.0
Cummins Inc,CMI,ZUNI8PYC725B6H8JU438,26172,2014.0,Q2YTD,2014-01-01,2014-06-29,,4.27,4.27,1.25,4.26,,323000000.0,830000000.0,830000000.0,784000000.0,46000000.0,6937000000.0,9241000000.0,49000000.0,7000000.0,,369000000.0,,998000000.0,6937000000.0,2304000000.0,32000000.0,206000000.0,1374000000.0,930000000.0,223000000.0,1153000000.0,9241000000.0,182800000.0,182800000.0,183200000.0
Cummins Inc,CMI,ZUNI8PYC725B6H8JU438,26172,2014.0,Q2TTM,2013-07-01,2014-06-29,,8.5,8.5,2.5,8.48,,563000000.0,1665000000.0,1665000000.0,1571000000.0,94000000.0,13621000000.0,18095000000.0,62000000.0,28000000.0,,723000000.0,,1887000000.0,13621000000.0,4474000000.0,59000000.0,389000000.0,2638000000.0,1836000000.0,392000000.0,2228000000.0,18095000000.0,182800000.0,182800000.0,183200000.0
Cummins Inc,CMI,ZUNI8PYC725B6H8JU438,26172,2014.0,Q1,2014-01-01,2014-03-30,2015-04-28 19:15:00+00:00,1.83,1.83,0.625,1.83,,153000000.0,358000000.0,358000000.0,338000000.0,20000000.0,3307000000.0,4406000000.0,10000000.0,1000000.0,,190000000.0,,485000000.0,3307000000.0,1099000000.0,17000000.0,95000000.0,676000000.0,423000000.0,88000000.0,511000000.0,4406000000.0,184700000.0,184300000.0,184700000.0
Cummins Inc,CMI,ZUNI8PYC725B6H8JU438,26172,2014.0,Q1TTM,2013-04-01,2014-03-30,,8.26,8.26,2.38,8.25,,565000000.0,1634000000.0,1634000000.0,1539000000.0,95000000.0,13363000000.0,17785000000.0,24000000.0,12000000.0,,721000000.0,,1858000000.0,13363000000.0,4422000000.0,52000000.0,396000000.0,2591000000.0,1831000000.0,368000000.0,2199000000.0,17785000000.0,184700000.0,184300000.0,184700000.0
Cummins Inc,CMI,ZUNI8PYC725B6H8JU438,26172,2015.0,FY,2015-01-01,2015-12-31,2018-02-14 15:35:05+00:00,7.86,7.86,3.51,7.84,211000000.0,555000000.0,1470000000.0,1470000000.0,1399000000.0,71000000.0,14163000000.0,19110000000.0,9000000.0,17000000.0,60000000.0,735000000.0,90000000.0,2092000000.0,14163000000.0,4947000000.0,65000000.0,339000000.0,3205000000.0,1742000000.0,283000000.0,2025000000.0,19110000000.0,178037581.0,178037581.0,178037581.0
Cummins Inc,CMI,ZUNI8PYC725B6H8JU438,26172,2015.0,Q4,2015-09-28,2015-12-31,,0.94,0.94,0.97,0.94,211000000.0,34000000.0,178000000.0,178000000.0,161000000.0,17000000.0,3554000000.0,4766000000.0,-3000000.0,12000000.0,60000000.0,177000000.0,90000000.0,508000000.0,3554000000.0,1212000000.0,18000000.0,79000000.0,1058000000.0,154000000.0,58000000.0,212000000.0,4766000000.0,178037581.0,178037581.0,178037581.0
Cummins Inc,CMI,ZUNI8PYC725B6H8JU438,26172,2015.0,Q3,2015-06-29,2015-09-27,2016-11-01 12:55:45+00:00,2.15,2.15,0.975,2.14,,169000000.0,392000000.0,392000000.0,380000000.0,12000000.0,3412000000.0,4620000000.0,11000000.0,2000000.0,0.0,197000000.0,,530000000.0,3412000000.0,1208000000.0,16000000.0,87000000.0,729000000.0,479000000.0,82000000.0,561000000.0,4620000000.0,176700000.0,177000000.0,177400000.0
Cummins Inc,CMI,ZUNI8PYC725B6H8JU438,26172,2015.0,Q3YTD,2015-01-01,2015-09-27,,6.92,6.92,2.54,6.9,,521000000.0,1292000000.0,1292000000.0,1238000000.0,54000000.0,10609000000.0,14344000000.0,12000000.0,5000000.0,,558000000.0,,1584000000.0,10609000000.0,3735000000.0,47000000.0,260000000.0,2147000000.0,1588000000.0,225000000.0,1813000000.0,14344000000.0,176700000.0,177000000.0,177400000.0
Cummins Inc,CMI,ZUNI8PYC725B6H8JU438,26172,2015.0,Q3TTM,2014-09-29,2015-09-27,,9.37,9.37,3.31,9.34,,666000000.0,1759000000.0,1759000000.0,1682000000.0,77000000.0,14426000000.0,19434000000.0,54000000.0,18000000.0,,745000000.0,,2152000000.0,14426000000.0,5008000000.0,64000000.0,342000000.0,2915000000.0,2093000000.0,332000000.0,2425000000.0,19434000000.0,176700000.0,177000000.0,177400000.0
Cummins Inc,CMI,ZUNI8PYC725B6H8JU438,26172,2015.0,Q2,2015-03-30,2015-06-28,2016-08-02 13:14:46+00:00,2.63,2.63,0.78,2.62,,208000000.0,496000000.0,496000000.0,471000000.0,25000000.0,3683000000.0,5015000000.0,-8000000.0,0.0,,166000000.0,,537000000.0,3683000000.0,1332000000.0,17000000.0,100000000.0,703000000.0,629000000.0,75000000.0,704000000.0,5015000000.0,179100000.0,179200000.0,179600000.0
Cummins Inc,CMI,ZUNI8PYC725B6H8JU438,26172,2015.0,Q2YTD,2015-01-01,2015-06-28,,4.77,4.77,1.56,4.76,,352000000.0,900000000.0,900000000.0,858000000.0,42000000.0,7197000000.0,9724000000.0,1000000.0,3000000.0,,361000000.0,,1054000000.0,7197000000.0,2527000000.0,31000000.0,173000000.0,1418000000.0,1109000000.0,143000000.0,1252000000.0,9724000000.0,179100000.0,179200000.0,179600000.0
Cummins Inc,CMI,ZUNI8PYC725B6H8JU438,26172,2015.0,Q2TTM,2014-06-30,2015-06-28,,9.54,9.54,3.12,9.52,,727000000.0,1806000000.0,1806000000.0,1725000000.0,81000000.0,14620000000.0,19704000000.0,62000000.0,13000000.0,,746000000.0,,2151000000.0,14620000000.0,5084000000.0,63000000.0,360000000.0,2910000000.0,2174000000.0,359000000.0,2533000000.0,19704000000.0,179100000.0,179200000.0,179600000.0
Cummins Inc,CMI,ZUNI8PYC725B6H8JU438,26172,2015.0,Q1,2015-01-01,2015-03-29,2016-05-03 13:21:55+00:00,2.14,2.14,0.78,2.14,,144000000.0,404000000.0,404000000.0,387000000.0,17000000.0,3514000000.0,4709000000.0,9000000.0,3000000.0,,195000000.0,,517000000.0,3514000000.0,1195000000.0,14000000.0,73000000.0,715000000.0,480000000.0,68000000.0,548000000.0,4709000000.0,180800000.0,180600000.0,181000000.0
Cummins Inc,CMI,ZUNI8PYC725B6H8JU438,26172,2015.0,Q1TTM,2014-03-31,2015-03-29,,9.35,9.35,2.97,9.33,,689000000.0,1782000000.0,1782000000.0,1700000000.0,82000000.0,14567000000.0,19524000000.0,109000000.0,19000000.0,,759000000.0,,2127000000.0,14567000000.0,4957000000.0,61000000.0,371000000.0,2905000000.0,2052000000.0,419000000.0,2471000000.0,19524000000.0,180800000.0,180600000.0,181000000.0
Cummins Inc,CMI,ZUNI8PYC725B6H8JU438,26172,2016.0,FY,2016-01-01,2016-12-31,2019-02-11 17:06:33+00:00,8.25,8.25,4.0,8.23,,474000000.0,1456000000.0,1456000000.0,1394000000.0,62000000.0,13051000000.0,17509000000.0,96000000.0,5000000.0,138000000.0,637000000.0,,2099000000.0,13051000000.0,4458000000.0,69000000.0,324000000.0,2879000000.0,1579000000.0,351000000.0,1930000000.0,17509000000.0,169038410.0,169038410.0,169038410.0
Cummins Inc,CMI,ZUNI8PYC725B6H8JU438,26172,2016.0,Q4,2016-10-03,2016-12-31,,2.25,2.25,1.03,2.24,,112000000.0,396000000.0,396000000.0,378000000.0,18000000.0,3377000000.0,4503000000.0,62000000.0,3000000.0,,159000000.0,,572000000.0,3377000000.0,1126000000.0,18000000.0,72000000.0,734000000.0,392000000.0,116000000.0,508000000.0,4503000000.0,169038410.0,169038410.0,169038410.0
Cummins Inc,CMI,ZUNI8PYC725B6H8JU438,26172,2016.0,Q3,2016-07-04,2016-10-02,2017-10-31 13:50:10+00:00,1.72,1.72,1.025,1.72,,82000000.0,300000000.0,300000000.0,289000000.0,11000000.0,3108000000.0,4187000000.0,8000000.0,0.0,99000000.0,157000000.0,,513000000.0,3108000000.0,1079000000.0,16000000.0,80000000.0,769000000.0,310000000.0,72000000.0,382000000.0,4187000000.0,168000000.0,167800000.0,168200000.0
Cummins Inc,CMI,ZUNI8PYC725B6H8JU438,26172,2016.0,Q3YTD,2016-01-01,2016-10-02,,6.0,6.0,2.97,5.99,,362000000.0,1060000000.0,1060000000.0,1016000000.0,44000000.0,9674000000.0,13006000000.0,34000000.0,2000000.0,138000000.0,478000000.0,,1527000000.0,9674000000.0,3332000000.0,51000000.0,252000000.0,2145000000.0,1187000000.0,235000000.0,1422000000.0,13006000000.0,168000000.0,167800000.0,168200000.0
Cummins Inc,CMI,ZUNI8PYC725B6H8JU438,26172,2016.0,Q3TTM,2015-09-28,2016-10-02,,6.94,6.94,3.95,6.93,211000000.0,396000000.0,1238000000.0,1238000000.0,1177000000.0,61000000.0,13228000000.0,17772000000.0,31000000.0,14000000.0,198000000.0,655000000.0,90000000.0,2035000000.0,13228000000.0,4544000000.0,69000000.0,331000000.0,3203000000.0,1341000000.0,293000000.0,1634000000.0,17772000000.0,168000000.0,167800000.0,168200000.0
Cummins Inc,CMI,ZUNI8PYC725B6H8JU438,26172,2016.0,Q2,2016-04-04,2016-07-03,2017-08-01 13:55:29+00:00,2.41,2.41,0.975,2.4,,148000000.0,427000000.0,427000000.0,406000000.0,21000000.0,3331000000.0,4528000000.0,18000000.0,0.0,39000000.0,155000000.0,,524000000.0,3331000000.0,1197000000.0,16000000.0,94000000.0,718000000.0,479000000.0,96000000.0,575000000.0,4528000000.0,168500000.0,168800000.0,169000000.0
Cummins Inc,CMI,ZUNI8PYC725B6H8JU438,26172,2016.0,Q2YTD,2016-01-01,2016-07-03,,4.28,4.28,1.95,4.27,,280000000.0,760000000.0,760000000.0,727000000.0,33000000.0,6566000000.0,8819000000.0,26000000.0,2000000.0,39000000.0,321000000.0,,1014000000.0,6566000000.0,2253000000.0,35000000.0,172000000.0,1376000000.0,877000000.0,163000000.0,1040000000.0,8819000000.0,168500000.0,168800000.0,169000000.0
Cummins Inc,CMI,ZUNI8PYC725B6H8JU438,26172,2016.0,Q2TTM,2015-06-29,2016-07-03,,7.37,7.37,3.9,7.35,211000000.0,483000000.0,1330000000.0,1330000000.0,1268000000.0,62000000.0,13532000000.0,18205000000.0,34000000.0,16000000.0,99000000.0,695000000.0,90000000.0,2052000000.0,13532000000.0,4673000000.0,69000000.0,338000000.0,3163000000.0,1510000000.0,303000000.0,1813000000.0,18205000000.0,168500000.0,168800000.0,169000000.0
Cummins Inc,CMI,ZUNI8PYC725B6H8JU438,26172,2016.0,Q1,2016-01-01,2016-04-03,2017-05-02 12:50:05+00:00,1.87,1.87,0.975,1.87,,132000000.0,333000000.0,333000000.0,321000000.0,12000000.0,3235000000.0,4291000000.0,8000000.0,2000000.0,,166000000.0,,490000000.0,3235000000.0,1056000000.0,19000000.0,78000000.0,658000000.0,398000000.0,67000000.0,465000000.0,4291000000.0,171700000.0,171800000.0,172000000.0
Cummins Inc,CMI,ZUNI8PYC725B6H8JU438,26172,2016.0,Q1TTM,2015-03-30,2016-04-03,,7.59,7.59,3.7,7.57,211000000.0,543000000.0,1399000000.0,1399000000.0,1333000000.0,66000000.0,13884000000.0,18692000000.0,8000000.0,16000000.0,60000000.0,706000000.0,90000000.0,2065000000.0,13884000000.0,4808000000.0,70000000.0,344000000.0,3148000000.0,1660000000.0,282000000.0,1942000000.0,18692000000.0,171700000.0,171800000.0,172000000.0
Cummins Inc,CMI,ZUNI8PYC725B6H8JU438,26172,2017.0,FY,2017-01-01,2017-12-31,2020-02-11 13:46:32+00:00,5.99,5.99,4.21,5.97,,1371000000.0,994000000.0,994000000.0,999000000.0,-5000000.0,15328000000.0,20428000000.0,94000000.0,-60000000.0,,754000000.0,,2429000000.0,15328000000.0,5100000000.0,81000000.0,375000000.0,3123000000.0,1977000000.0,388000000.0,2365000000.0,20428000000.0,166700000.0,166700000.0,166700000.0
Cummins Inc,CMI,ZUNI8PYC725B6H8JU438,26172,2017.0,Q4,2017-10-02,2017-12-31,,-1.62,-1.62,1.08,-1.63,,905000000.0,-309000000.0,-309000000.0,-274000000.0,-35000000.0,4100000000.0,5476000000.0,27000000.0,-5000000.0,,208000000.0,,643000000.0,4100000000.0,1376000000.0,24000000.0,63000000.0,846000000.0,530000000.0,66000000.0,596000000.0,5476000000.0,166700000.0,166700000.0,166700000.0
Cummins Inc,CMI,ZUNI8PYC725B6H8JU438,26172,2017.0,Q3,2017-07-03,2017-10-01,2018-10-30 13:31:57+00:00,2.72,2.72,1.08,2.71,,165000000.0,457000000.0,457000000.0,453000000.0,4000000.0,3944000000.0,5285000000.0,14000000.0,-32000000.0,,213000000.0,,633000000.0,3944000000.0,1341000000.0,18000000.0,99000000.0,814000000.0,527000000.0,95000000.0,622000000.0,5285000000.0,166500000.0,166300000.0,167000000.0
Cummins Inc,CMI,ZUNI8PYC725B6H8JU438,26172,2017.0,Q3YTD,2017-01-01,2017-10-01,,7.61,7.61,3.13,7.6,,466000000.0,1303000000.0,1303000000.0,1273000000.0,30000000.0,11228000000.0,14952000000.0,67000000.0,-55000000.0,,546000000.0,,1786000000.0,11228000000.0,3724000000.0,57000000.0,312000000.0,2277000000.0,1447000000.0,322000000.0,1769000000.0,14952000000.0,166500000.0,166300000.0,167000000.0
Cummins Inc,CMI,ZUNI8PYC725B6H8JU438,26172,2017.0,Q3TTM,2016-10-03,2017-10-01,,9.86,9.86,4.16,9.84,,578000000.0,1699000000.0,1699000000.0,1651000000.0,48000000.0,14605000000.0,19455000000.0,129000000.0,-52000000.0,,705000000.0,,2358000000.0,14605000000.0,4850000000.0,75000000.0,384000000.0,3011000000.0,1839000000.0,438000000.0,2277000000.0,19455000000.0,166500000.0,166300000.0,167000000.0
Cummins Inc,CMI,ZUNI8PYC725B6H8JU438,26172,2017.0,Q2,2017-04-03,2017-07-02,2018-07-31 13:31:17+00:00,2.53,2.53,1.025,2.53,,158000000.0,441000000.0,441000000.0,424000000.0,17000000.0,3827000000.0,5078000000.0,29000000.0,-18000000.0,,175000000.0,,606000000.0,3827000000.0,1251000000.0,21000000.0,103000000.0,763000000.0,488000000.0,111000000.0,599000000.0,5078000000.0,167600000.0,167300000.0,167800000.0
Cummins Inc,CMI,ZUNI8PYC725B6H8JU438,26172,2017.0,Q2YTD,2017-01-01,2017-07-02,,4.89,4.89,2.05,4.89,,301000000.0,846000000.0,846000000.0,820000000.0,26000000.0,7284000000.0,9667000000.0,53000000.0,-23000000.0,,333000000.0,,1153000000.0,7284000000.0,2383000000.0,39000000.0,213000000.0,1463000000.0,920000000.0,227000000.0,1147000000.0,9667000000.0,167600000.0,167300000.0,167800000.0
Cummins Inc,CMI,ZUNI8PYC725B6H8JU438,26172,2017.0,Q2TTM,2016-07-04,2017-07-02,,8.86,8.86,4.1,8.85,,495000000.0,1542000000.0,1542000000.0,1487000000.0,55000000.0,13769000000.0,18357000000.0,123000000.0,-20000000.0,99000000.0,649000000.0,,2238000000.0,13769000000.0,4588000000.0,73000000.0,365000000.0,2966000000.0,1622000000.0,415000000.0,2037000000.0,18357000000.0,167600000.0,167300000.0,167800000.0
Cummins Inc,CMI,ZUNI8PYC725B6H8JU438,26172,2017.0,Q1,2017-01-01,2017-04-02,2018-05-01 13:55:06+00:00,2.36,2.36,1.025,2.36,,143000000.0,405000000.0,405000000.0,396000000.0,9000000.0,3457000000.0,4589000000.0,24000000.0,-5000000.0,,158000000.0,,547000000.0,3457000000.0,1132000000.0,18000000.0,110000000.0,700000000.0,432000000.0,116000000.0,548000000.0,4589000000.0,167800000.0,167500000.0,168000000.0
Cummins Inc,CMI,ZUNI8PYC725B6H8JU438,26172,2017.0,Q1TTM,2016-04-04,2017-04-02,,8.74,8.74,4.05,8.72,,485000000.0,1528000000.0,1528000000.0,1469000000.0,59000000.0,13273000000.0,17807000000.0,112000000.0,-2000000.0,138000000.0,629000000.0,,2156000000.0,13273000000.0,4534000000.0,68000000.0,356000000.0,2921000000.0,1613000000.0,400000000.0,2013000000.0,17807000000.0,167800000.0,167500000.0,168000000.0
Cummins Inc,CMI,ZUNI8PYC725B6H8JU438,26172,2018.0,FY,2018-01-01,2018-12-31,2020-02-11 13:46:32+00:00,13.2,13.2,4.44,13.15,,566000000.0,2187000000.0,2187000000.0,2141000000.0,46000000.0,18034000000.0,23771000000.0,46000000.0,6000000.0,,902000000.0,,2437000000.0,18034000000.0,5737000000.0,114000000.0,429000000.0,3345000000.0,2392000000.0,361000000.0,2753000000.0,23771000000.0,162200000.0,162200000.0,162200000.0
Cummins Inc,CMI,ZUNI8PYC725B6H8JU438,26172,2018.0,Q4,2018-10-01,2018-12-31,,3.61,3.61,1.14,3.59,,100000000.0,610000000.0,610000000.0,579000000.0,31000000.0,4580000000.0,6126000000.0,2000000.0,7000000.0,,244000000.0,,643000000.0,4580000000.0,1546000000.0,32000000.0,88000000.0,894000000.0,652000000.0,58000000.0,710000000.0,6126000000.0,162200000.0,162200000.0,162200000.0
Cummins Inc,CMI,ZUNI8PYC725B6H8JU438,26172,2018.0,Q3,2018-07-02,2018-09-30,2019-10-29 14:03:11+00:00,4.29,4.29,1.14,4.28,,107000000.0,698000000.0,698000000.0,692000000.0,6000000.0,4392000000.0,5943000000.0,23000000.0,5000000.0,,229000000.0,,604000000.0,4392000000.0,1551000000.0,30000000.0,99000000.0,838000000.0,713000000.0,92000000.0,805000000.0,5943000000.0,161300000.0,161300000.0,161800000.0
Cummins Inc,CMI,ZUNI8PYC725B6H8JU438,26172,2018.0,Q3YTD,2018-01-01,2018-09-30,,9.59,9.59,3.3,9.56,,466000000.0,1577000000.0,1577000000.0,1562000000.0,15000000.0,13454000000.0,17645000000.0,44000000.0,-1000000.0,,658000000.0,,1794000000.0,13454000000.0,4191000000.0,82000000.0,341000000.0,2451000000.0,1740000000.0,303000000.0,2043000000.0,17645000000.0,161300000.0,161300000.0,161800000.0
Cummins Inc,CMI,ZUNI8PYC725B6H8JU438,26172,2018.0,Q3TTM,2017-10-02,2018-09-30,,7.97,7.97,4.38,7.93,,1371000000.0,1268000000.0,1268000000.0,1288000000.0,-20000000.0,17554000000.0,23121000000.0,71000000.0,-6000000.0,,866000000.0,,2437000000.0,17554000000.0,5567000000.0,106000000.0,404000000.0,3297000000.0,2270000000.0,369000000.0,2639000000.0,23121000000.0,161300000.0,161300000.0,161800000.0
Cummins Inc,CMI,ZUNI8PYC725B6H8JU438,26172,2018.0,Q2,2018-04-02,2018-07-01,2019-07-30 13:45:48+00:00,3.33,3.33,1.08,3.32,,161000000.0,554000000.0,554000000.0,545000000.0,9000000.0,4692000000.0,6132000000.0,11000000.0,-4000000.0,,219000000.0,,613000000.0,4692000000.0,1440000000.0,28000000.0,120000000.0,828000000.0,612000000.0,103000000.0,715000000.0,6132000000.0,163700000.0,163800000.0,164300000.0
Cummins Inc,CMI,ZUNI8PYC725B6H8JU438,26172,2018.0,Q2YTD,2018-01-01,2018-07-01,,5.3,5.3,2.16,5.28,,359000000.0,879000000.0,879000000.0,870000000.0,9000000.0,9062000000.0,11702000000.0,21000000.0,-6000000.0,,429000000.0,,1190000000.0,9062000000.0,2640000000.0,52000000.0,242000000.0,1613000000.0,1027000000.0,211000000.0,1238000000.0,11702000000.0,163700000.0,163800000.0,164300000.0
Cummins Inc,CMI,ZUNI8PYC725B6H8JU438,26172,2018.0,Q2TTM,2017-07-03,2018-07-01,,6.4,6.4,4.32,6.36,,1429000000.0,1027000000.0,1027000000.0,1049000000.0,-22000000.0,17106000000.0,22463000000.0,62000000.0,-43000000.0,,850000000.0,,2466000000.0,17106000000.0,5357000000.0,94000000.0,404000000.0,3273000000.0,2084000000.0,372000000.0,2456000000.0,22463000000.0,163700000.0,163800000.0,164300000.0
Cummins Inc,CMI,ZUNI8PYC725B6H8JU438,26172,2018.0,Q1,2018-01-01,2018-04-01,2019-04-30 13:16:48+00:00,1.97,1.97,1.08,1.96,,198000000.0,325000000.0,325000000.0,325000000.0,0.0,4370000000.0,5570000000.0,10000000.0,-2000000.0,,210000000.0,,577000000.0,4370000000.0,1200000000.0,24000000.0,122000000.0,785000000.0,415000000.0,108000000.0,523000000.0,5570000000.0,165000000.0,164900000.0,165700000.0
Cummins Inc,CMI,ZUNI8PYC725B6H8JU438,26172,2018.0,Q1TTM,2017-04-03,2018-04-01,,5.6,5.6,4.27,5.57,,1426000000.0,914000000.0,914000000.0,928000000.0,-14000000.0,16241000000.0,21409000000.0,80000000.0,-57000000.0,,806000000.0,,2459000000.0,16241000000.0,5168000000.0,87000000.0,387000000.0,3208000000.0,1960000000.0,380000000.0,2340000000.0,21409000000.0,165000000.0,164900000.0,165700000.0
Cummins Inc,CMI,ZUNI8PYC725B6H8JU438,26172,2019.0,Q4,2019-09-30,2019-12-31,,2.04,2.04,1.31,2.04,,65000000.0,298000000.0,298000000.0,300000000.0,-2000000.0,4265000000.0,5578000000.0,23000000.0,130000000.0,,271000000.0,,632000000.0,4265000000.0,1313000000.0,22000000.0,82000000.0,1033000000.0,280000000.0,83000000.0,363000000.0,5578000000.0,155400000.0,155400000.0,155400000.0
Cummins Inc,CMI,ZUNI8PYC725B6H8JU438,26172,2019.0,FY,2019-01-01,2019-12-31,2020-02-11 13:46:32+00:00,14.54,14.54,4.9,14.48,,566000000.0,2268000000.0,2268000000.0,2260000000.0,8000000.0,17591000000.0,23571000000.0,197000000.0,155000000.0,,1001000000.0,,2454000000.0,17591000000.0,5980000000.0,109000000.0,376000000.0,3610000000.0,2370000000.0,464000000.0,2834000000.0,23571000000.0,155400000.0,155400000.0,155400000.0
Cummins Inc,CMI,ZUNI8PYC725B6H8JU438,26172,2019.0,Q3YTD,2019-01-01,2019-09-29,,12.5,12.5,3.59,12.44,,501000000.0,1970000000.0,1970000000.0,1960000000.0,10000000.0,13326000000.0,17993000000.0,174000000.0,25000000.0,,730000000.0,,1822000000.0,13326000000.0,4667000000.0,87000000.0,294000000.0,2577000000.0,2090000000.0,381000000.0,2471000000.0,17993000000.0,155900000.0,155900000.0,156600000.0
Cummins Inc,CMI,ZUNI8PYC725B6H8JU438,26172,2019.0,Q3TTM,2018-10-01,2019-09-29,,16.11,16.11,4.73,16.03,,601000000.0,2580000000.0,2580000000.0,2539000000.0,41000000.0,17906000000.0,24119000000.0,176000000.0,32000000.0,,974000000.0,,2465000000.0,17906000000.0,6213000000.0,119000000.0,382000000.0,3471000000.0,2742000000.0,439000000.0,3181000000.0,24119000000.0,155900000.0,155900000.0,156600000.0
Cummins Inc,CMI,ZUNI8PYC725B6H8JU438,26172,2019.0,Q3,2019-07-01,2019-09-29,2019-10-29 14:03:11+00:00,3.99,3.99,1.311,3.97,,139000000.0,616000000.0,616000000.0,622000000.0,-6000000.0,4274000000.0,5768000000.0,68000000.0,21000000.0,,242000000.0,,600000000.0,4274000000.0,1494000000.0,26000000.0,82000000.0,863000000.0,631000000.0,124000000.0,755000000.0,5768000000.0,155900000.0,155900000.0,156600000.0
Cummins Inc,CMI,ZUNI8PYC725B6H8JU438,26172,2019.0,Q2YTD,2019-01-01,2019-06-30,,8.51,8.51,2.28,8.47,,362000000.0,1354000000.0,1354000000.0,1338000000.0,16000000.0,9052000000.0,12225000000.0,106000000.0,4000000.0,,488000000.0,,1222000000.0,9052000000.0,3173000000.0,61000000.0,212000000.0,1714000000.0,1459000000.0,257000000.0,1716000000.0,12225000000.0,157300000.0,157400000.0,158000000.0
Cummins Inc,CMI,ZUNI8PYC725B6H8JU438,26172,2019.0,Q2TTM,2018-07-02,2019-06-30,,16.41,16.41,4.56,16.34,,569000000.0,2662000000.0,2662000000.0,2609000000.0,53000000.0,18024000000.0,24294000000.0,131000000.0,16000000.0,,961000000.0,,2469000000.0,18024000000.0,6270000000.0,123000000.0,399000000.0,3446000000.0,2824000000.0,407000000.0,3231000000.0,24294000000.0,157300000.0,157400000.0,158000000.0
Cummins Inc,CMI,ZUNI8PYC725B6H8JU438,26172,2019.0,Q2,2019-04-01,2019-06-30,2019-07-30 13:45:48+00:00,4.29,4.29,1.14,4.27,,186000000.0,685000000.0,685000000.0,675000000.0,10000000.0,4580000000.0,6221000000.0,40000000.0,9000000.0,,251000000.0,,629000000.0,4580000000.0,1641000000.0,29000000.0,108000000.0,889000000.0,752000000.0,119000000.0,871000000.0,6221000000.0,157300000.0,157400000.0,158000000.0
Cummins Inc,CMI,ZUNI8PYC725B6H8JU438,26172,2019.0,Q1,2019-01-01,2019-03-31,2020-04-28 11:32:34+00:00,4.22,4.22,1.14,4.2,,176000000.0,669000000.0,669000000.0,663000000.0,6000000.0,4472000000.0,6004000000.0,66000000.0,-5000000.0,,237000000.0,,593000000.0,4472000000.0,1532000000.0,32000000.0,104000000.0,825000000.0,707000000.0,138000000.0,845000000.0,6004000000.0,157100000.0,157200000.0,157700000.0
Cummins Inc,CMI,ZUNI8PYC725B6H8JU438,26172,2019.0,Q1TTM,2018-04-02,2019-03-31,,15.45,15.45,4.5,15.39,,544000000.0,2531000000.0,2531000000.0,2479000000.0,52000000.0,18136000000.0,24205000000.0,102000000.0,3000000.0,,929000000.0,,2453000000.0,18136000000.0,6069000000.0,122000000.0,411000000.0,3385000000.0,2684000000.0,391000000.0,3075000000.0,24205000000.0,157100000.0,157200000.0,157700000.0
Cummins Inc,CMI,ZUNI8PYC725B6H8JU438,26172,2020.0,Q1TTM,2019-04-01,2020-03-29,,13.74,13.74,5.07,13.69,,517000000.0,2127000000.0,2127000000.0,2108000000.0,19000000.0,16836000000.0,22578000000.0,168000000.0,165000000.0,,1002000000.0,,2407000000.0,16836000000.0,5742000000.0,100000000.0,408000000.0,3574000000.0,2168000000.0,476000000.0,2644000000.0,22578000000.0,149400000.0,149300000.0,149700000.0
Cummins Inc,CMI,ZUNI8PYC725B6H8JU438,26172,2020.0,Q1,2020-01-01,2020-03-29,2020-04-28 11:32:34+00:00,3.42,3.42,1.311,3.41,,127000000.0,528000000.0,528000000.0,511000000.0,17000000.0,3717000000.0,5011000000.0,37000000.0,5000000.0,,238000000.0,,546000000.0,3717000000.0,1294000000.0,23000000.0,136000000.0,789000000.0,505000000.0,150000000.0,655000000.0,5011000000.0,149400000.0,149300000.0,149700000.0
