company_name,company_ticker,company_lei,company_cik,year,quarter,start_date,end_date,filing_date,basicdilutedeps,basiceps,cashdividendspershare,depreciationexpense,dilutedeps,impairmentexpense,incometaxexpense,marketingexpense,netincome,netincomecontinuing,netincometocommon,operatingcostofrevenue,operatingrevenue,otherincome,otheroperatingexpenses,restructuringcharge,sgaexpense,totalcostofrevenue,totalgrossprofit,totalinterestexpense,totalinterestincome,totaloperatingexpenses,totaloperatingincome,totalotherincome,totalpretaxincome,totalrevenue,weightedavebasicdilutedsharesos,weightedavebasicsharesos,weightedavedilutedsharesos
FedEx Corp,FDX,549300E707U7WNPZN687,1048911,2008.0,FY,2007-06-01,2008-05-31,2010-07-15 15:33:17+00:00,3.64,3.64,0.3,1946000000.0,3.6,882000000.0,891000000.0,,1125000000.0,1125000000.0,1125000000.0,27754000000.0,37953000000.0,-5000000.0,,,5296000000.0,27754000000.0,10199000000.0,98000000.0,44000000.0,8124000000.0,2075000000.0,-59000000.0,2016000000.0,37953000000.0,309100000.0,309100000.0,312500000.0
FedEx Corp,FDX,549300E707U7WNPZN687,1048911,2009.0,FY,2008-06-01,2009-05-31,2011-07-12 17:20:39+00:00,0.31,0.31,0.44,1975000000.0,0.31,,579000000.0,,98000000.0,98000000.0,98000000.0,26439000000.0,35497000000.0,-11000000.0,,1204000000.0,5132000000.0,26439000000.0,9058000000.0,85000000.0,26000000.0,8311000000.0,747000000.0,-70000000.0,677000000.0,35497000000.0,311000000.0,311000000.0,311000000.0
FedEx Corp,FDX,549300E707U7WNPZN687,1048911,2009.0,Q3,2008-12-01,2009-02-28,2010-03-19 12:35:41+00:00,0.31,0.31,0.11,496000000.0,0.31,,62000000.0,,97000000.0,97000000.0,97000000.0,6168000000.0,8137000000.0,-4000000.0,1291000000.0,,,6168000000.0,1969000000.0,,-19000000.0,1787000000.0,182000000.0,-23000000.0,159000000.0,8137000000.0,312900000.0,312900000.0,312900000.0
FedEx Corp,FDX,549300E707U7WNPZN687,1048911,2009.0,Q2,2008-09-01,2008-11-30,2009-12-18 12:33:17+00:00,1.59,1.59,0.11,491000000.0,1.58,,281000000.0,,493000000.0,493000000.0,493000000.0,6923000000.0,9538000000.0,0.0,1340000000.0,,,6923000000.0,2615000000.0,,-10000000.0,1831000000.0,784000000.0,-10000000.0,774000000.0,9538000000.0,310100000.0,310100000.0,312000000.0
FedEx Corp,FDX,549300E707U7WNPZN687,1048911,2010.0,Q4,2010-03-01,2010-05-31,,-2.44,-2.44,-0.44,-1470000000.0,-2.44,,-457000000.0,,-765000000.0,-765000000.0,-765000000.0,-18978000000.0,-25306000000.0,28000000.0,,,-3556000000.0,-18978000000.0,-6328000000.0,-52000000.0,,-5026000000.0,-1302000000.0,80000000.0,-1222000000.0,-25306000000.0,,,
FedEx Corp,FDX,549300E707U7WNPZN687,1048911,2010.0,Q3YTD,2009-06-01,2010-02-28,,2.44,2.44,0.44,1470000000.0,2.44,,457000000.0,,765000000.0,765000000.0,765000000.0,18978000000.0,25306000000.0,-28000000.0,,,3556000000.0,18978000000.0,6328000000.0,52000000.0,,5026000000.0,1302000000.0,-80000000.0,1222000000.0,25306000000.0,312000000.0,312000000.0,312000000.0
FedEx Corp,FDX,549300E707U7WNPZN687,1048911,2010.0,Q3,2009-12-01,2010-02-28,2011-03-18 12:37:13+00:00,0.76,0.76,0.11,488000000.0,0.76,,142000000.0,,239000000.0,239000000.0,239000000.0,6576000000.0,8701000000.0,-16000000.0,,,1221000000.0,6576000000.0,2125000000.0,19000000.0,,1709000000.0,416000000.0,-35000000.0,381000000.0,8701000000.0,312000000.0,312000000.0,312000000.0
FedEx Corp,FDX,549300E707U7WNPZN687,1048911,2010.0,Q2YTD,2009-06-01,2009-11-30,,1.68,1.68,0.33,982000000.0,1.68,,315000000.0,,526000000.0,526000000.0,526000000.0,12402000000.0,16605000000.0,-12000000.0,,,2335000000.0,12402000000.0,4203000000.0,33000000.0,,3317000000.0,886000000.0,-45000000.0,841000000.0,16605000000.0,312000000.0,312000000.0,312000000.0
FedEx Corp,FDX,549300E707U7WNPZN687,1048911,2010.0,Q2,2009-09-01,2009-11-30,2010-12-17 12:54:55+00:00,1.1,1.1,0.11,487000000.0,1.1,,202000000.0,,345000000.0,345000000.0,345000000.0,6326000000.0,8596000000.0,-9000000.0,,,1212000000.0,6326000000.0,2270000000.0,15000000.0,,1699000000.0,571000000.0,-24000000.0,547000000.0,8596000000.0,312000000.0,312000000.0,312000000.0
FedEx Corp,FDX,549300E707U7WNPZN687,1048911,2010.0,Q1,2009-06-01,2009-08-31,2010-09-17 16:38:24+00:00,0.58,0.58,0.22,495000000.0,0.58,,113000000.0,,181000000.0,181000000.0,181000000.0,6076000000.0,8009000000.0,-3000000.0,,,1123000000.0,6076000000.0,1933000000.0,18000000.0,,1618000000.0,315000000.0,-21000000.0,294000000.0,8009000000.0,312000000.0,312000000.0,312000000.0
FedEx Corp,FDX,549300E707U7WNPZN687,1048911,2011.0,Q4,2011-03-01,2011-05-31,,4.61,4.61,0.48,1973000000.0,4.57,89000000.0,813000000.0,,1452000000.0,1452000000.0,1452000000.0,29542000000.0,39304000000.0,-36000000.0,,,5322000000.0,29542000000.0,9762000000.0,86000000.0,9000000.0,7384000000.0,2378000000.0,-113000000.0,2265000000.0,39304000000.0,315000000.0,315000000.0,315000000.0
FedEx Corp,FDX,549300E707U7WNPZN687,1048911,2011.0,FY,2010-06-01,2011-05-31,2013-07-15 17:29:55+00:00,4.61,4.61,0.48,1973000000.0,4.57,89000000.0,813000000.0,,1452000000.0,1452000000.0,1452000000.0,29542000000.0,39304000000.0,-36000000.0,,,5322000000.0,29542000000.0,9762000000.0,86000000.0,9000000.0,7384000000.0,2378000000.0,-113000000.0,2265000000.0,39304000000.0,315000000.0,315000000.0,315000000.0
FedEx Corp,FDX,549300E707U7WNPZN687,1048911,2011.0,Q3TTM,2010-03-01,2011-02-28,,-2.44,-2.44,-0.44,-1470000000.0,-2.44,,-457000000.0,,-765000000.0,-765000000.0,-765000000.0,-18978000000.0,-25306000000.0,28000000.0,,,-3556000000.0,-18978000000.0,-6328000000.0,-52000000.0,,-5026000000.0,-1302000000.0,80000000.0,-1222000000.0,-25306000000.0,,,
FedEx Corp,FDX,549300E707U7WNPZN687,1048911,2011.0,Q2TTM,2009-12-01,2010-11-30,,-1.68,-1.68,-0.33,-982000000.0,-1.68,,-315000000.0,,-526000000.0,-526000000.0,-526000000.0,-12402000000.0,-16605000000.0,12000000.0,,,-2335000000.0,-12402000000.0,-4203000000.0,-33000000.0,,-3317000000.0,-886000000.0,45000000.0,-841000000.0,-16605000000.0,,,
FedEx Corp,FDX,549300E707U7WNPZN687,1048911,2011.0,Q1TTM,2009-09-01,2010-08-31,,-0.58,-0.58,-0.22,-495000000.0,-0.58,,-113000000.0,,-181000000.0,-181000000.0,-181000000.0,-6076000000.0,-8009000000.0,3000000.0,,,-1123000000.0,-6076000000.0,-1933000000.0,-18000000.0,,-1618000000.0,-315000000.0,21000000.0,-294000000.0,-8009000000.0,,,
FedEx Corp,FDX,549300E707U7WNPZN687,1048911,2012.0,Q4,2012-03-01,2012-05-31,,1.75,1.75,,543000000.0,1.73,134000000.0,298000000.0,,550000000.0,550000000.0,550000000.0,8071000000.0,11008000000.0,1000000.0,,,1404000000.0,8071000000.0,2937000000.0,52000000.0,43000000.0,2081000000.0,856000000.0,-8000000.0,848000000.0,11008000000.0,315000000.0,315000000.0,315000000.0
FedEx Corp,FDX,549300E707U7WNPZN687,1048911,2012.0,FY,2011-06-01,2012-05-31,2014-07-14 17:06:58+00:00,6.44,6.44,0.52,2113000000.0,6.41,134000000.0,1109000000.0,,2032000000.0,2032000000.0,2032000000.0,31857000000.0,42680000000.0,-6000000.0,,,5390000000.0,31857000000.0,10823000000.0,52000000.0,13000000.0,7637000000.0,3186000000.0,-45000000.0,3141000000.0,42680000000.0,315000000.0,315000000.0,315000000.0
FedEx Corp,FDX,549300E707U7WNPZN687,1048911,2012.0,Q3YTD,2011-06-01,2012-02-29,,4.69,4.69,0.52,1570000000.0,4.68,,811000000.0,,1482000000.0,1482000000.0,1482000000.0,23786000000.0,31672000000.0,-7000000.0,,,3986000000.0,23786000000.0,7886000000.0,,-30000000.0,5556000000.0,2330000000.0,-37000000.0,2293000000.0,31672000000.0,314000000.0,314000000.0,314000000.0
FedEx Corp,FDX,549300E707U7WNPZN687,1048911,2012.0,Q3TTM,2011-03-01,2012-02-29,,9.3,9.3,1.0,3543000000.0,9.25,89000000.0,1624000000.0,,2934000000.0,2934000000.0,2934000000.0,53328000000.0,70976000000.0,-43000000.0,,,9308000000.0,53328000000.0,17648000000.0,86000000.0,-21000000.0,12940000000.0,4708000000.0,-150000000.0,4558000000.0,70976000000.0,314000000.0,314000000.0,314000000.0
FedEx Corp,FDX,549300E707U7WNPZN687,1048911,2012.0,Q3,2011-12-01,2012-02-29,2013-03-21 16:50:08+00:00,1.66,1.66,0.13,543000000.0,1.65,,271000000.0,,521000000.0,521000000.0,521000000.0,7957000000.0,10564000000.0,-9000000.0,,,1251000000.0,7957000000.0,2607000000.0,,-12000000.0,1794000000.0,813000000.0,-21000000.0,792000000.0,10564000000.0,314000000.0,314000000.0,314000000.0
FedEx Corp,FDX,549300E707U7WNPZN687,1048911,2012.0,Q2YTD,2011-06-01,2011-11-30,,3.03,3.03,0.39,1027000000.0,3.03,,540000000.0,,961000000.0,961000000.0,961000000.0,15829000000.0,21108000000.0,2000000.0,,,2735000000.0,15829000000.0,5279000000.0,,-18000000.0,3762000000.0,1517000000.0,-16000000.0,1501000000.0,21108000000.0,315000000.0,315000000.0,315000000.0
FedEx Corp,FDX,549300E707U7WNPZN687,1048911,2012.0,Q2TTM,2010-12-01,2011-11-30,,7.64,7.64,0.87,3000000000.0,7.6,89000000.0,1353000000.0,,2413000000.0,2413000000.0,2413000000.0,45371000000.0,60412000000.0,-34000000.0,,,8057000000.0,45371000000.0,15041000000.0,86000000.0,-9000000.0,11146000000.0,3895000000.0,-129000000.0,3766000000.0,60412000000.0,315000000.0,315000000.0,315000000.0
FedEx Corp,FDX,549300E707U7WNPZN687,1048911,2012.0,Q2,2011-09-01,2011-11-30,2012-12-20 16:37:07+00:00,1.57,1.57,0.13,518000000.0,1.57,,280000000.0,,497000000.0,497000000.0,497000000.0,7892000000.0,10587000000.0,4000000.0,,,1397000000.0,7892000000.0,2695000000.0,,-7000000.0,1915000000.0,780000000.0,-3000000.0,777000000.0,10587000000.0,315000000.0,315000000.0,315000000.0
FedEx Corp,FDX,549300E707U7WNPZN687,1048911,2012.0,Q1TTM,2010-09-01,2011-08-31,,6.07,6.07,0.74,2482000000.0,6.03,89000000.0,1073000000.0,,1916000000.0,1916000000.0,1916000000.0,37479000000.0,49825000000.0,-38000000.0,,,6660000000.0,37479000000.0,12346000000.0,86000000.0,-2000000.0,9231000000.0,3115000000.0,-126000000.0,2989000000.0,49825000000.0,316000000.0,316000000.0,316000000.0
FedEx Corp,FDX,549300E707U7WNPZN687,1048911,2012.0,Q1,2011-06-01,2011-08-31,2012-09-19 16:10:18+00:00,1.46,1.46,0.26,509000000.0,1.46,,260000000.0,,464000000.0,464000000.0,464000000.0,7937000000.0,10521000000.0,-2000000.0,,,1338000000.0,7937000000.0,2584000000.0,,-11000000.0,1847000000.0,737000000.0,-13000000.0,724000000.0,10521000000.0,316000000.0,316000000.0,316000000.0
FedEx Corp,FDX,549300E707U7WNPZN687,1048911,2013.0,Q4,2013-03-01,2013-05-31,,-0.33,4.62,,622000000.0,4.58,660000000.0,897000000.0,-1368000000.0,1458000000.0,1458000000.0,1458000000.0,7753000000.0,11435000000.0,-6000000.0,,-47000000.0,1430000000.0,7753000000.0,3682000000.0,82000000.0,58000000.0,1297000000.0,2385000000.0,-30000000.0,2355000000.0,11435000000.0,742100000.0,315000000.0,315000000.0
FedEx Corp,FDX,549300E707U7WNPZN687,1048911,2013.0,FY,2012-06-01,2013-05-31,2015-07-14 17:22:58+00:00,3.66,8.61,0.56,2386000000.0,8.55,660000000.0,1622000000.0,-1368000000.0,2716000000.0,2716000000.0,2716000000.0,32503000000.0,44287000000.0,-35000000.0,,,5672000000.0,32503000000.0,11784000000.0,82000000.0,21000000.0,7350000000.0,4434000000.0,-96000000.0,4338000000.0,44287000000.0,742100000.0,315000000.0,315000000.0
FedEx Corp,FDX,549300E707U7WNPZN687,1048911,2013.0,Q3YTD,2012-06-01,2013-02-28,,3.99,3.99,0.56,1764000000.0,3.97,,725000000.0,,1258000000.0,1258000000.0,1258000000.0,24750000000.0,32852000000.0,-29000000.0,,47000000.0,4242000000.0,24750000000.0,8102000000.0,,-37000000.0,6053000000.0,2049000000.0,-66000000.0,1983000000.0,32852000000.0,315000000.0,315000000.0,315000000.0
FedEx Corp,FDX,549300E707U7WNPZN687,1048911,2013.0,Q3TTM,2012-03-01,2013-02-28,,5.74,5.74,0.56,2307000000.0,5.7,134000000.0,1023000000.0,,1808000000.0,1808000000.0,1808000000.0,32821000000.0,43860000000.0,-28000000.0,,47000000.0,5646000000.0,32821000000.0,11039000000.0,52000000.0,6000000.0,8134000000.0,2905000000.0,-74000000.0,2831000000.0,43860000000.0,315000000.0,315000000.0,315000000.0
FedEx Corp,FDX,549300E707U7WNPZN687,1048911,2013.0,Q3,2012-12-01,2013-02-28,2014-03-20 15:33:08+00:00,1.14,1.14,0.14,599000000.0,1.13,,203000000.0,,361000000.0,361000000.0,361000000.0,8300000000.0,10953000000.0,-16000000.0,,47000000.0,1418000000.0,8300000000.0,2653000000.0,,-9000000.0,2064000000.0,589000000.0,-25000000.0,564000000.0,10953000000.0,315000000.0,315000000.0,315000000.0
FedEx Corp,FDX,549300E707U7WNPZN687,1048911,2013.0,Q2YTD,2012-06-01,2012-11-30,,2.85,2.85,0.42,1165000000.0,2.84,,522000000.0,,897000000.0,897000000.0,897000000.0,16450000000.0,21899000000.0,-13000000.0,,,2824000000.0,16450000000.0,5449000000.0,,-28000000.0,3989000000.0,1460000000.0,-41000000.0,1419000000.0,21899000000.0,314000000.0,314000000.0,314000000.0
FedEx Corp,FDX,549300E707U7WNPZN687,1048911,2013.0,Q2TTM,2011-12-01,2012-11-30,,6.26,6.26,0.55,2251000000.0,6.22,134000000.0,1091000000.0,,1968000000.0,1968000000.0,1968000000.0,32478000000.0,43471000000.0,-21000000.0,,,5479000000.0,32478000000.0,10993000000.0,52000000.0,3000000.0,7864000000.0,3129000000.0,-70000000.0,3059000000.0,43471000000.0,314000000.0,314000000.0,314000000.0
FedEx Corp,FDX,549300E707U7WNPZN687,1048911,2013.0,Q2,2012-09-01,2012-11-30,2013-12-19 13:21:23+00:00,1.39,1.39,0.14,592000000.0,1.39,,254000000.0,,438000000.0,438000000.0,438000000.0,8369000000.0,11107000000.0,-8000000.0,,,1428000000.0,8369000000.0,2738000000.0,,-18000000.0,2020000000.0,718000000.0,-26000000.0,692000000.0,11107000000.0,314000000.0,314000000.0,314000000.0
FedEx Corp,FDX,549300E707U7WNPZN687,1048911,2013.0,Q1TTM,2011-09-01,2012-08-31,,6.44,6.44,0.54,2177000000.0,6.4,134000000.0,1117000000.0,,2027000000.0,2027000000.0,2027000000.0,32001000000.0,42951000000.0,-9000000.0,,,5448000000.0,32001000000.0,10950000000.0,52000000.0,14000000.0,7759000000.0,3191000000.0,-47000000.0,3144000000.0,42951000000.0,315000000.0,315000000.0,315000000.0
FedEx Corp,FDX,549300E707U7WNPZN687,1048911,2013.0,Q1,2012-06-01,2012-08-31,2013-09-19 17:25:31+00:00,1.46,1.46,0.28,573000000.0,1.45,,268000000.0,,459000000.0,459000000.0,459000000.0,8081000000.0,10792000000.0,-5000000.0,,,1396000000.0,8081000000.0,2711000000.0,,-10000000.0,1969000000.0,742000000.0,-15000000.0,727000000.0,10792000000.0,315000000.0,315000000.0,315000000.0
FedEx Corp,FDX,549300E707U7WNPZN687,1048911,2014.0,FY,2013-06-01,2014-05-31,2016-07-18 16:29:51+00:00,7.56,7.56,0.6,2587000000.0,7.48,,1334000000.0,15000000.0,2324000000.0,2324000000.0,2324000000.0,33223000000.0,45567000000.0,-15000000.0,,,5927000000.0,33223000000.0,12344000000.0,160000000.0,18000000.0,8529000000.0,3815000000.0,-157000000.0,3658000000.0,45567000000.0,307000000.0,307000000.0,307000000.0
FedEx Corp,FDX,549300E707U7WNPZN687,1048911,2014.0,Q4,2014-03-01,2014-05-31,,3.2,3.2,,649000000.0,3.15,,549000000.0,15000000.0,957000000.0,957000000.0,957000000.0,8099000000.0,11839000000.0,1000000.0,,,1524000000.0,8099000000.0,3740000000.0,160000000.0,113000000.0,2188000000.0,1552000000.0,-46000000.0,1506000000.0,11839000000.0,307000000.0,307000000.0,307000000.0
FedEx Corp,FDX,549300E707U7WNPZN687,1048911,2014.0,Q3YTD,2013-06-01,2014-02-28,,4.36,4.36,0.6,1938000000.0,4.33,,785000000.0,,1367000000.0,1367000000.0,1367000000.0,25124000000.0,33728000000.0,-16000000.0,,,4403000000.0,25124000000.0,8604000000.0,,-95000000.0,6341000000.0,2263000000.0,-111000000.0,2152000000.0,33728000000.0,303000000.0,303000000.0,303000000.0
FedEx Corp,FDX,549300E707U7WNPZN687,1048911,2014.0,Q3TTM,2013-03-01,2014-02-28,,4.03,8.98,0.6,2560000000.0,8.91,660000000.0,1682000000.0,-1368000000.0,2825000000.0,2825000000.0,2825000000.0,32877000000.0,45163000000.0,-22000000.0,,-47000000.0,5833000000.0,32877000000.0,12286000000.0,82000000.0,-37000000.0,7638000000.0,4648000000.0,-141000000.0,4507000000.0,45163000000.0,303000000.0,303000000.0,303000000.0
FedEx Corp,FDX,549300E707U7WNPZN687,1048911,2014.0,Q3,2013-12-01,2014-02-28,2015-03-19 15:41:08+00:00,1.24,1.24,0.15,652000000.0,1.23,,216000000.0,,378000000.0,378000000.0,378000000.0,8493000000.0,11301000000.0,-9000000.0,,,1515000000.0,8493000000.0,2808000000.0,,-38000000.0,2167000000.0,641000000.0,-47000000.0,594000000.0,11301000000.0,303000000.0,303000000.0,303000000.0
FedEx Corp,FDX,549300E707U7WNPZN687,1048911,2014.0,Q2YTD,2013-06-01,2013-11-30,,3.12,3.12,0.45,1286000000.0,3.1,,569000000.0,,989000000.0,989000000.0,989000000.0,16631000000.0,22427000000.0,-7000000.0,,,2888000000.0,16631000000.0,5796000000.0,,-57000000.0,4174000000.0,1622000000.0,-64000000.0,1558000000.0,22427000000.0,315000000.0,315000000.0,315000000.0
FedEx Corp,FDX,549300E707U7WNPZN687,1048911,2014.0,Q2TTM,2012-12-01,2013-11-30,,3.93,8.88,0.59,2507000000.0,8.81,660000000.0,1669000000.0,-1368000000.0,2808000000.0,2808000000.0,2808000000.0,32684000000.0,44815000000.0,-29000000.0,,,5736000000.0,32684000000.0,12131000000.0,82000000.0,-8000000.0,7535000000.0,4596000000.0,-119000000.0,4477000000.0,44815000000.0,315000000.0,315000000.0,315000000.0
FedEx Corp,FDX,549300E707U7WNPZN687,1048911,2014.0,Q2,2013-09-01,2013-11-30,2014-12-18 14:19:34+00:00,1.58,1.58,0.15,647000000.0,1.57,,292000000.0,,500000000.0,500000000.0,500000000.0,8451000000.0,11403000000.0,-5000000.0,,,1478000000.0,8451000000.0,2952000000.0,,-30000000.0,2125000000.0,827000000.0,-35000000.0,792000000.0,11403000000.0,315000000.0,315000000.0,315000000.0
FedEx Corp,FDX,549300E707U7WNPZN687,1048911,2014.0,Q1TTM,2012-09-01,2013-08-31,,3.74,8.69,0.58,2452000000.0,8.63,660000000.0,1631000000.0,-1368000000.0,2746000000.0,2746000000.0,2746000000.0,32602000000.0,44519000000.0,-32000000.0,,,5686000000.0,32602000000.0,11917000000.0,82000000.0,4000000.0,7430000000.0,4487000000.0,-110000000.0,4377000000.0,44519000000.0,316000000.0,316000000.0,316000000.0
FedEx Corp,FDX,549300E707U7WNPZN687,1048911,2014.0,Q1,2013-06-01,2013-08-31,2014-09-18 15:32:04+00:00,1.54,1.54,0.3,639000000.0,1.53,,277000000.0,,489000000.0,489000000.0,489000000.0,8180000000.0,11024000000.0,-2000000.0,,,1410000000.0,8180000000.0,2844000000.0,,-27000000.0,2049000000.0,795000000.0,-29000000.0,766000000.0,11024000000.0,316000000.0,316000000.0,316000000.0
FedEx Corp,FDX,549300E707U7WNPZN687,1048911,2015.0,FY,2014-06-01,2015-05-31,2017-07-17 08:46:15+00:00,3.7,3.7,0.8,2611000000.0,3.65,276000000.0,577000000.0,,1050000000.0,1050000000.0,1050000000.0,36284000000.0,47453000000.0,-19000000.0,,,6415000000.0,36284000000.0,11169000000.0,235000000.0,14000000.0,9302000000.0,1867000000.0,-240000000.0,1627000000.0,47453000000.0,283000000.0,283000000.0,283000000.0
FedEx Corp,FDX,549300E707U7WNPZN687,1048911,2015.0,Q4,2015-03-01,2015-05-31,,-3.14,-3.14,,657000000.0,-3.1,276000000.0,-522000000.0,,-894000000.0,-894000000.0,-894000000.0,10607000000.0,12114000000.0,-27000000.0,,,1895000000.0,10607000000.0,1507000000.0,235000000.0,167000000.0,2828000000.0,-1321000000.0,-95000000.0,-1416000000.0,12114000000.0,283000000.0,283000000.0,283000000.0
FedEx Corp,FDX,549300E707U7WNPZN687,1048911,2015.0,Q3,2014-12-01,2015-02-28,2016-03-17 14:53:47+00:00,2.21,2.21,0.2,652000000.0,2.18,,357000000.0,,628000000.0,628000000.0,628000000.0,8501000000.0,11716000000.0,5000000.0,,,1525000000.0,8501000000.0,3215000000.0,,-58000000.0,2177000000.0,1038000000.0,-53000000.0,985000000.0,11716000000.0,283000000.0,283000000.0,283000000.0
FedEx Corp,FDX,549300E707U7WNPZN687,1048911,2015.0,Q3YTD,2014-06-01,2015-02-28,,6.84,6.84,0.8,1954000000.0,6.75,,1099000000.0,,1944000000.0,1944000000.0,1944000000.0,25677000000.0,35339000000.0,8000000.0,,,4520000000.0,25677000000.0,9662000000.0,,-153000000.0,6474000000.0,3188000000.0,-145000000.0,3043000000.0,35339000000.0,283000000.0,283000000.0,283000000.0
FedEx Corp,FDX,549300E707U7WNPZN687,1048911,2015.0,Q3TTM,2014-03-01,2015-02-28,,10.04,10.04,0.8,2603000000.0,9.9,,1648000000.0,15000000.0,2901000000.0,2901000000.0,2901000000.0,33776000000.0,47178000000.0,9000000.0,,,6044000000.0,33776000000.0,13402000000.0,160000000.0,-40000000.0,8662000000.0,4740000000.0,-191000000.0,4549000000.0,47178000000.0,283000000.0,283000000.0,283000000.0
FedEx Corp,FDX,549300E707U7WNPZN687,1048911,2015.0,Q2,2014-09-01,2014-11-30,2015-12-17 16:27:49+00:00,2.34,2.34,0.2,651000000.0,2.31,,383000000.0,,663000000.0,663000000.0,663000000.0,8672000000.0,11939000000.0,5000000.0,,,1528000000.0,8672000000.0,3267000000.0,,-47000000.0,2179000000.0,1088000000.0,-42000000.0,1046000000.0,11939000000.0,283000000.0,283000000.0,283000000.0
FedEx Corp,FDX,549300E707U7WNPZN687,1048911,2015.0,Q2YTD,2014-06-01,2014-11-30,,4.63,4.63,0.6,1302000000.0,4.57,,742000000.0,,1316000000.0,1316000000.0,1316000000.0,17176000000.0,23623000000.0,3000000.0,,,2995000000.0,17176000000.0,6447000000.0,,-95000000.0,4297000000.0,2150000000.0,-92000000.0,2058000000.0,23623000000.0,283000000.0,283000000.0,283000000.0
FedEx Corp,FDX,549300E707U7WNPZN687,1048911,2015.0,Q2TTM,2013-12-01,2014-11-30,,9.07,9.07,0.75,2603000000.0,8.95,,1507000000.0,15000000.0,2651000000.0,2651000000.0,2651000000.0,33768000000.0,46763000000.0,-5000000.0,,,6034000000.0,33768000000.0,12995000000.0,160000000.0,-20000000.0,8652000000.0,4343000000.0,-185000000.0,4158000000.0,46763000000.0,283000000.0,283000000.0,283000000.0
FedEx Corp,FDX,549300E707U7WNPZN687,1048911,2015.0,Q1,2014-06-01,2014-08-31,2015-09-17 17:10:31+00:00,2.29,2.29,0.4,651000000.0,2.26,,359000000.0,,653000000.0,653000000.0,653000000.0,8504000000.0,11684000000.0,-2000000.0,,,1467000000.0,8504000000.0,3180000000.0,,-48000000.0,2118000000.0,1062000000.0,-50000000.0,1012000000.0,11684000000.0,285000000.0,285000000.0,285000000.0
FedEx Corp,FDX,549300E707U7WNPZN687,1048911,2015.0,Q1TTM,2013-09-01,2014-08-31,,8.31,8.31,0.7,2599000000.0,8.21,,1416000000.0,15000000.0,2488000000.0,2488000000.0,2488000000.0,33547000000.0,46227000000.0,-15000000.0,,,5984000000.0,33547000000.0,12680000000.0,160000000.0,-3000000.0,8598000000.0,4082000000.0,-178000000.0,3904000000.0,46227000000.0,285000000.0,285000000.0,285000000.0
FedEx Corp,FDX,549300E707U7WNPZN687,1048911,2016.0,FY,2015-06-01,2016-05-31,2018-07-16 16:19:05+00:00,6.59,6.59,1.0,2631000000.0,6.51,,920000000.0,,1820000000.0,1820000000.0,1820000000.0,37406000000.0,50365000000.0,-22000000.0,,,7251000000.0,37406000000.0,12959000000.0,336000000.0,21000000.0,9882000000.0,3077000000.0,-337000000.0,2740000000.0,50365000000.0,276000000.0,276000000.0,276000000.0
FedEx Corp,FDX,549300E707U7WNPZN687,1048911,2016.0,Q4,2016-03-01,2016-05-31,,-0.19,-0.19,,667000000.0,-0.19,,-111000000.0,,-70000000.0,-70000000.0,-70000000.0,10528000000.0,12979000000.0,-16000000.0,,,1852000000.0,10528000000.0,2451000000.0,336000000.0,239000000.0,2519000000.0,-68000000.0,-113000000.0,-181000000.0,12979000000.0,276000000.0,276000000.0,276000000.0
FedEx Corp,FDX,549300E707U7WNPZN687,1048911,2016.0,Q3,2015-12-01,2016-02-29,2017-03-22 17:08:19+00:00,1.86,1.86,0.25,663000000.0,1.84,,275000000.0,,507000000.0,507000000.0,507000000.0,9120000000.0,12654000000.0,-1000000.0,,,2007000000.0,9120000000.0,3534000000.0,,-81000000.0,2670000000.0,864000000.0,-82000000.0,782000000.0,12654000000.0,272000000.0,272000000.0,272000000.0
FedEx Corp,FDX,549300E707U7WNPZN687,1048911,2016.0,Q3YTD,2015-06-01,2016-02-29,,6.78,6.78,1.0,1964000000.0,6.7,,1031000000.0,,1890000000.0,1890000000.0,1890000000.0,26878000000.0,37386000000.0,-6000000.0,,,5399000000.0,26878000000.0,10508000000.0,,-218000000.0,7363000000.0,3145000000.0,-224000000.0,2921000000.0,37386000000.0,272000000.0,272000000.0,272000000.0
FedEx Corp,FDX,549300E707U7WNPZN687,1048911,2016.0,Q3TTM,2015-03-01,2016-02-29,,3.64,3.64,1.0,2621000000.0,3.6,276000000.0,509000000.0,,996000000.0,996000000.0,996000000.0,37485000000.0,49500000000.0,-33000000.0,,,7294000000.0,37485000000.0,12015000000.0,235000000.0,-51000000.0,10191000000.0,1824000000.0,-319000000.0,1505000000.0,49500000000.0,272000000.0,272000000.0,272000000.0
FedEx Corp,FDX,549300E707U7WNPZN687,1048911,2016.0,Q2,2015-09-01,2015-11-30,2016-12-21 16:39:39+00:00,2.47,2.47,0.25,653000000.0,2.44,,364000000.0,,691000000.0,691000000.0,691000000.0,8934000000.0,12453000000.0,-8000000.0,,,1729000000.0,8934000000.0,3519000000.0,,-74000000.0,2382000000.0,1137000000.0,-82000000.0,1055000000.0,12453000000.0,279000000.0,279000000.0,279000000.0
FedEx Corp,FDX,549300E707U7WNPZN687,1048911,2016.0,Q2YTD,2015-06-01,2015-11-30,,4.92,4.92,0.75,1301000000.0,4.86,,756000000.0,,1383000000.0,1383000000.0,1383000000.0,17758000000.0,24732000000.0,-5000000.0,,,3392000000.0,17758000000.0,6974000000.0,,-137000000.0,4693000000.0,2281000000.0,-142000000.0,2139000000.0,24732000000.0,279000000.0,279000000.0,279000000.0
FedEx Corp,FDX,549300E707U7WNPZN687,1048911,2016.0,Q2TTM,2014-12-01,2015-11-30,,3.99,3.99,0.95,2610000000.0,3.94,276000000.0,591000000.0,,1117000000.0,1117000000.0,1117000000.0,36866000000.0,48562000000.0,-27000000.0,,,6812000000.0,36866000000.0,11696000000.0,235000000.0,-28000000.0,9698000000.0,1998000000.0,-290000000.0,1708000000.0,48562000000.0,279000000.0,279000000.0,279000000.0
FedEx Corp,FDX,549300E707U7WNPZN687,1048911,2016.0,Q1,2015-06-01,2015-08-31,2016-09-21 16:56:07+00:00,2.45,2.45,0.5,648000000.0,2.42,,392000000.0,,692000000.0,692000000.0,692000000.0,8824000000.0,12279000000.0,3000000.0,,,1663000000.0,8824000000.0,3455000000.0,,-63000000.0,2311000000.0,1144000000.0,-60000000.0,1084000000.0,12279000000.0,282000000.0,282000000.0,282000000.0
FedEx Corp,FDX,549300E707U7WNPZN687,1048911,2016.0,Q1TTM,2014-09-01,2015-08-31,,3.86,3.86,0.9,2608000000.0,3.81,276000000.0,610000000.0,,1089000000.0,1089000000.0,1089000000.0,36604000000.0,48048000000.0,-14000000.0,,,6611000000.0,36604000000.0,11444000000.0,235000000.0,-1000000.0,9495000000.0,1949000000.0,-250000000.0,1699000000.0,48048000000.0,282000000.0,282000000.0,282000000.0
FedEx Corp,FDX,549300E707U7WNPZN687,1048911,2017.0,FY,2016-06-01,2017-05-31,2019-07-16 16:18:24+00:00,11.24,11.24,1.6,2995000000.0,11.07,,1582000000.0,,2997000000.0,2997000000.0,2997000000.0,44006000000.0,60319000000.0,492000000.0,,,8752000000.0,44006000000.0,16313000000.0,512000000.0,33000000.0,11747000000.0,4566000000.0,13000000.0,4579000000.0,60319000000.0,266600000.0,266600000.0,270700000.0
FedEx Corp,FDX,549300E707U7WNPZN687,1048911,2017.0,Q4,2017-03-01,2017-05-31,,3.81,3.81,-1.6,754000000.0,3.76,,440000000.0,,1020000000.0,1020000000.0,1020000000.0,11544000000.0,15728000000.0,475000000.0,,,2320000000.0,11544000000.0,4184000000.0,512000000.0,387000000.0,3074000000.0,1110000000.0,350000000.0,1460000000.0,15728000000.0,266600000.0,266600000.0,270700000.0
FedEx Corp,FDX,549300E707U7WNPZN687,1048911,2017.0,Q3,2016-12-01,2017-02-28,2018-03-21 14:35:33+00:00,2.11,2.11,0.4,762000000.0,2.07,,337000000.0,,562000000.0,562000000.0,562000000.0,11050000000.0,14997000000.0,-4000000.0,,,2160000000.0,11050000000.0,3947000000.0,,-122000000.0,2922000000.0,1025000000.0,-126000000.0,899000000.0,14997000000.0,266000000.0,266000000.0,266000000.0
FedEx Corp,FDX,549300E707U7WNPZN687,1048911,2017.0,Q3YTD,2016-06-01,2017-02-28,,7.43,7.43,1.6,2241000000.0,7.31,,1142000000.0,,1977000000.0,1977000000.0,1977000000.0,32462000000.0,44591000000.0,17000000.0,,,6432000000.0,32462000000.0,12129000000.0,,-354000000.0,8673000000.0,3456000000.0,-337000000.0,3119000000.0,44591000000.0,266000000.0,266000000.0,266000000.0
FedEx Corp,FDX,549300E707U7WNPZN687,1048911,2017.0,Q3TTM,2016-03-01,2017-02-28,,7.24,7.24,1.6,2908000000.0,7.12,,1031000000.0,,1907000000.0,1907000000.0,1907000000.0,42990000000.0,57570000000.0,1000000.0,,,8284000000.0,42990000000.0,14580000000.0,336000000.0,-115000000.0,11192000000.0,3388000000.0,-450000000.0,2938000000.0,57570000000.0,266000000.0,266000000.0,266000000.0
FedEx Corp,FDX,549300E707U7WNPZN687,1048911,2017.0,Q2,2016-09-01,2016-11-30,2017-12-20 16:17:05+00:00,2.63,2.63,0.4,740000000.0,2.59,,378000000.0,,700000000.0,700000000.0,700000000.0,10823000000.0,14931000000.0,30000000.0,,,2201000000.0,10823000000.0,4108000000.0,,-119000000.0,2941000000.0,1167000000.0,-89000000.0,1078000000.0,14931000000.0,266000000.0,266000000.0,266000000.0
FedEx Corp,FDX,549300E707U7WNPZN687,1048911,2017.0,Q2YTD,2016-06-01,2016-11-30,,5.32,5.32,1.2,1479000000.0,5.24,,805000000.0,,1415000000.0,1415000000.0,1415000000.0,21412000000.0,29594000000.0,21000000.0,,,4272000000.0,21412000000.0,8182000000.0,,-232000000.0,5751000000.0,2431000000.0,-211000000.0,2220000000.0,29594000000.0,266000000.0,266000000.0,266000000.0
FedEx Corp,FDX,549300E707U7WNPZN687,1048911,2017.0,Q2TTM,2015-12-01,2016-11-30,,6.99,6.99,1.45,2809000000.0,6.89,,969000000.0,,1852000000.0,1852000000.0,1852000000.0,41060000000.0,55227000000.0,4000000.0,,,8131000000.0,41060000000.0,14167000000.0,336000000.0,-74000000.0,10940000000.0,3227000000.0,-406000000.0,2821000000.0,55227000000.0,266000000.0,266000000.0,266000000.0
FedEx Corp,FDX,549300E707U7WNPZN687,1048911,2017.0,Q1,2016-06-01,2016-08-31,2017-09-20 16:22:02+00:00,2.69,2.69,0.8,739000000.0,2.65,,427000000.0,,715000000.0,715000000.0,715000000.0,10589000000.0,14663000000.0,-9000000.0,,,2071000000.0,10589000000.0,4074000000.0,,-113000000.0,2810000000.0,1264000000.0,-122000000.0,1142000000.0,14663000000.0,265000000.0,265000000.0,265000000.0
FedEx Corp,FDX,549300E707U7WNPZN687,1048911,2017.0,Q1TTM,2015-09-01,2016-08-31,,6.83,6.83,1.3,2722000000.0,6.74,,955000000.0,,1843000000.0,1843000000.0,1843000000.0,39171000000.0,52749000000.0,-34000000.0,,,7659000000.0,39171000000.0,13578000000.0,336000000.0,-29000000.0,10381000000.0,3197000000.0,-399000000.0,2798000000.0,52749000000.0,265000000.0,265000000.0,265000000.0
FedEx Corp,FDX,549300E707U7WNPZN687,1048911,2018.0,FY,2017-06-01,2018-05-31,2019-07-16 16:18:24+00:00,17.08,17.08,2.0,3095000000.0,16.79,380000000.0,-219000000.0,,4572000000.0,4572000000.0,4572000000.0,48253000000.0,65450000000.0,591000000.0,,,9450000000.0,48253000000.0,17197000000.0,558000000.0,48000000.0,12925000000.0,4272000000.0,81000000.0,4353000000.0,65450000000.0,267700000.0,267700000.0,272300000.0
FedEx Corp,FDX,549300E707U7WNPZN687,1048911,2018.0,Q4,2018-03-01,2018-05-31,,4.23,4.23,-2.0,802000000.0,4.17,380000000.0,231000000.0,,1127000000.0,1127000000.0,1127000000.0,12427000000.0,17314000000.0,177000000.0,,,2377000000.0,12427000000.0,4887000000.0,558000000.0,411000000.0,3559000000.0,1328000000.0,30000000.0,1358000000.0,17314000000.0,267700000.0,267700000.0,272300000.0
FedEx Corp,FDX,549300E707U7WNPZN687,1048911,2018.0,Q3,2017-12-01,2018-02-28,2019-03-19 16:20:41+00:00,7.74,7.74,0.5,786000000.0,7.59,,-1200000000.0,,2074000000.0,2074000000.0,2074000000.0,12474000000.0,16526000000.0,141000000.0,,0.0,2408000000.0,12474000000.0,4052000000.0,,-125000000.0,3194000000.0,858000000.0,16000000.0,874000000.0,16526000000.0,268000000.0,268000000.0,273300000.0
FedEx Corp,FDX,549300E707U7WNPZN687,1048911,2018.0,Q3YTD,2017-06-01,2018-02-28,,12.85,12.85,2.0,2293000000.0,12.62,,-450000000.0,,3445000000.0,3445000000.0,3445000000.0,35826000000.0,48136000000.0,414000000.0,,,7073000000.0,35826000000.0,12310000000.0,,-363000000.0,9366000000.0,2944000000.0,51000000.0,2995000000.0,48136000000.0,268000000.0,268000000.0,273300000.0
FedEx Corp,FDX,549300E707U7WNPZN687,1048911,2018.0,Q3TTM,2017-03-01,2018-02-28,,16.66,16.66,0.4,3047000000.0,16.38,,-10000000.0,,4465000000.0,4465000000.0,4465000000.0,47370000000.0,63864000000.0,889000000.0,,,9393000000.0,47370000000.0,16494000000.0,512000000.0,24000000.0,12440000000.0,4054000000.0,401000000.0,4455000000.0,63864000000.0,268000000.0,268000000.0,273300000.0
FedEx Corp,FDX,549300E707U7WNPZN687,1048911,2018.0,Q2,2017-09-01,2017-11-30,2018-12-18 16:07:08+00:00,2.89,2.89,0.5,756000000.0,2.84,,364000000.0,,775000000.0,775000000.0,775000000.0,12047000000.0,16313000000.0,148000000.0,,,2395000000.0,12047000000.0,4266000000.0,,-124000000.0,3151000000.0,1115000000.0,24000000.0,1139000000.0,16313000000.0,268200000.0,268200000.0,272900000.0
FedEx Corp,FDX,549300E707U7WNPZN687,1048911,2018.0,Q2YTD,2017-06-01,2017-11-30,,5.11,5.11,1.5,1507000000.0,5.03,,750000000.0,,1371000000.0,1371000000.0,1371000000.0,23352000000.0,31610000000.0,273000000.0,,,4665000000.0,23352000000.0,8258000000.0,,-238000000.0,6172000000.0,2086000000.0,35000000.0,2121000000.0,31610000000.0,268200000.0,268200000.0,272900000.0
FedEx Corp,FDX,549300E707U7WNPZN687,1048911,2018.0,Q2TTM,2016-12-01,2017-11-30,,11.03,11.03,0.3,3023000000.0,10.86,,1527000000.0,,2953000000.0,2953000000.0,2953000000.0,45946000000.0,62335000000.0,744000000.0,,,9145000000.0,45946000000.0,16389000000.0,512000000.0,27000000.0,12168000000.0,4221000000.0,259000000.0,4480000000.0,62335000000.0,268200000.0,268200000.0,272900000.0
FedEx Corp,FDX,549300E707U7WNPZN687,1048911,2018.0,Q1,2017-06-01,2017-08-31,2018-09-17 16:27:09+00:00,2.22,2.22,1.0,751000000.0,2.19,,386000000.0,,596000000.0,596000000.0,596000000.0,11305000000.0,15297000000.0,125000000.0,,,2270000000.0,11305000000.0,3992000000.0,,-114000000.0,3021000000.0,971000000.0,11000000.0,982000000.0,15297000000.0,268000000.0,268000000.0,268000000.0
FedEx Corp,FDX,549300E707U7WNPZN687,1048911,2018.0,Q1TTM,2016-09-01,2017-08-31,,10.77,10.77,0.2,3007000000.0,10.61,,1541000000.0,,2878000000.0,2878000000.0,2878000000.0,44722000000.0,60953000000.0,626000000.0,,,8951000000.0,44722000000.0,16231000000.0,512000000.0,32000000.0,11958000000.0,4273000000.0,146000000.0,4419000000.0,60953000000.0,268000000.0,268000000.0,268000000.0
FedEx Corp,FDX,549300E707U7WNPZN687,1048911,2019.0,Q4,2019-03-01,2019-05-31,,-7.48,-7.48,-2.6,866000000.0,-7.38,,-585000000.0,,-1969000000.0,-1969000000.0,-1969000000.0,12736000000.0,17807000000.0,-3418000000.0,,316000000.0,2573000000.0,12736000000.0,5071000000.0,904000000.0,452000000.0,3755000000.0,1316000000.0,-3870000000.0,-2554000000.0,17807000000.0,262100000.0,262100000.0,266000000.0
FedEx Corp,FDX,549300E707U7WNPZN687,1048911,2019.0,FY,2018-06-01,2019-05-31,2019-07-16 16:18:24+00:00,2.06,2.06,2.6,3353000000.0,2.03,,115000000.0,,540000000.0,540000000.0,540000000.0,51513000000.0,69693000000.0,-3282000000.0,,320000000.0,10041000000.0,51513000000.0,18180000000.0,588000000.0,59000000.0,13714000000.0,4466000000.0,-3811000000.0,655000000.0,69693000000.0,262100000.0,262100000.0,266000000.0
FedEx Corp,FDX,549300E707U7WNPZN687,1048911,2019.0,Q3,2018-12-01,2019-02-28,2020-03-17 16:17:33+00:00,2.83,2.83,0.65,851000000.0,2.8,,192000000.0,,739000000.0,739000000.0,739000000.0,12761000000.0,17010000000.0,-3000000.0,,4000000.0,2483000000.0,12761000000.0,4249000000.0,-158000000.0,-135000000.0,3338000000.0,911000000.0,20000000.0,931000000.0,17010000000.0,261100000.0,261100000.0,263900000.0
FedEx Corp,FDX,549300E707U7WNPZN687,1048911,2019.0,Q3YTD,2018-06-01,2019-02-28,,9.54,9.54,2.6,2487000000.0,9.41,,700000000.0,,2509000000.0,2509000000.0,2509000000.0,38777000000.0,51886000000.0,136000000.0,,4000000.0,7468000000.0,38777000000.0,13109000000.0,-316000000.0,-393000000.0,9959000000.0,3150000000.0,59000000.0,3209000000.0,51886000000.0,261100000.0,261100000.0,263900000.0
FedEx Corp,FDX,549300E707U7WNPZN687,1048911,2019.0,Q3TTM,2018-03-01,2019-02-28,,13.77,13.77,0.6,3289000000.0,13.58,380000000.0,931000000.0,,3636000000.0,3636000000.0,3636000000.0,51204000000.0,69200000000.0,313000000.0,,4000000.0,9845000000.0,51204000000.0,17996000000.0,242000000.0,18000000.0,13518000000.0,4478000000.0,89000000.0,4567000000.0,69200000000.0,261100000.0,261100000.0,263900000.0
FedEx Corp,FDX,549300E707U7WNPZN687,1048911,2019.0,Q2,2018-09-01,2018-11-30,2019-12-17 16:17:32+00:00,3.56,3.56,0.65,828000000.0,3.51,,242000000.0,,935000000.0,935000000.0,935000000.0,13245000000.0,17824000000.0,-18000000.0,,,2583000000.0,13245000000.0,4579000000.0,-158000000.0,-131000000.0,3411000000.0,1168000000.0,9000000.0,1177000000.0,17824000000.0,262600000.0,262600000.0,266400000.0
FedEx Corp,FDX,549300E707U7WNPZN687,1048911,2019.0,Q2YTD,2018-06-01,2018-11-30,,6.71,6.71,1.95,1636000000.0,6.61,,508000000.0,,1770000000.0,1770000000.0,1770000000.0,26016000000.0,34876000000.0,139000000.0,,,4985000000.0,26016000000.0,8860000000.0,-158000000.0,-258000000.0,6621000000.0,2239000000.0,39000000.0,2278000000.0,34876000000.0,262600000.0,262600000.0,266400000.0
FedEx Corp,FDX,549300E707U7WNPZN687,1048911,2019.0,Q2TTM,2017-12-01,2018-11-30,,18.68,18.68,0.45,3224000000.0,18.37,380000000.0,-461000000.0,,4971000000.0,4971000000.0,4971000000.0,50917000000.0,68716000000.0,457000000.0,,,9770000000.0,50917000000.0,17799000000.0,400000000.0,28000000.0,13374000000.0,4425000000.0,85000000.0,4510000000.0,68716000000.0,262600000.0,262600000.0,266400000.0
FedEx Corp,FDX,549300E707U7WNPZN687,1048911,2019.0,Q1,2018-06-01,2018-08-31,2019-09-17 16:17:01+00:00,3.15,3.15,1.3,808000000.0,3.1,,266000000.0,,835000000.0,835000000.0,835000000.0,12771000000.0,17052000000.0,157000000.0,,,2402000000.0,12771000000.0,4281000000.0,,-127000000.0,3210000000.0,1071000000.0,30000000.0,1101000000.0,17052000000.0,265100000.0,265100000.0,269400000.0
FedEx Corp,FDX,549300E707U7WNPZN687,1048911,2019.0,Q1TTM,2017-09-01,2018-08-31,,18.01,18.01,0.3,3152000000.0,17.7,380000000.0,-339000000.0,,4811000000.0,4811000000.0,4811000000.0,49719000000.0,67205000000.0,623000000.0,,,9582000000.0,49719000000.0,17486000000.0,558000000.0,35000000.0,13114000000.0,4372000000.0,100000000.0,4472000000.0,67205000000.0,265100000.0,265100000.0,269400000.0
FedEx Corp,FDX,549300E707U7WNPZN687,1048911,2020.0,Q3YTD,2019-06-01,2020-02-29,,6.22,6.22,2.6,2688000000.0,6.17,66000000.0,368000000.0,,1620000000.0,1620000000.0,1620000000.0,39291000000.0,51859000000.0,153000000.0,,,7872000000.0,39291000000.0,12568000000.0,-336000000.0,-443000000.0,10626000000.0,1942000000.0,46000000.0,1988000000.0,51859000000.0,260300000.0,260300000.0,262500000.0
FedEx Corp,FDX,549300E707U7WNPZN687,1048911,2020.0,Q3TTM,2019-03-01,2020-02-29,,-1.26,-1.26,,3554000000.0,-1.21,66000000.0,-217000000.0,,-349000000.0,-349000000.0,-349000000.0,52027000000.0,69666000000.0,-3265000000.0,,316000000.0,10445000000.0,52027000000.0,17639000000.0,568000000.0,9000000.0,14381000000.0,3258000000.0,-3824000000.0,-566000000.0,69666000000.0,260300000.0,260300000.0,262500000.0
FedEx Corp,FDX,549300E707U7WNPZN687,1048911,2020.0,Q3,2019-12-01,2020-02-29,2020-03-17 16:17:33+00:00,1.21,1.21,0.65,908000000.0,1.2,,105000000.0,,315000000.0,315000000.0,315000000.0,13467000000.0,17487000000.0,-4000000.0,,,2701000000.0,13467000000.0,4020000000.0,-168000000.0,-155000000.0,3609000000.0,411000000.0,9000000.0,420000000.0,17487000000.0,260300000.0,260300000.0,262500000.0
FedEx Corp,FDX,549300E707U7WNPZN687,1048911,2020.0,Q2YTD,2019-06-01,2019-11-30,,5.01,5.01,1.95,1780000000.0,4.97,66000000.0,263000000.0,,1305000000.0,1305000000.0,1305000000.0,25824000000.0,34372000000.0,157000000.0,,,5171000000.0,25824000000.0,8548000000.0,-168000000.0,-288000000.0,7017000000.0,1531000000.0,37000000.0,1568000000.0,34372000000.0,260500000.0,260500000.0,262900000.0
FedEx Corp,FDX,549300E707U7WNPZN687,1048911,2020.0,Q2TTM,2018-12-01,2019-11-30,,0.36,0.36,,3497000000.0,0.39,66000000.0,-130000000.0,,75000000.0,75000000.0,75000000.0,51321000000.0,69189000000.0,-3264000000.0,,320000000.0,10227000000.0,51321000000.0,17868000000.0,578000000.0,29000000.0,14110000000.0,3758000000.0,-3813000000.0,-55000000.0,69189000000.0,260500000.0,260500000.0,262900000.0
FedEx Corp,FDX,549300E707U7WNPZN687,1048911,2020.0,Q2,2019-09-01,2019-11-30,2019-12-17 16:17:32+00:00,2.15,2.15,0.65,901000000.0,2.13,66000000.0,12000000.0,,560000000.0,560000000.0,560000000.0,13151000000.0,17324000000.0,1000000.0,,,2652000000.0,13151000000.0,4173000000.0,-168000000.0,-151000000.0,3619000000.0,554000000.0,18000000.0,572000000.0,17324000000.0,260500000.0,260500000.0,262900000.0
FedEx Corp,FDX,549300E707U7WNPZN687,1048911,2020.0,Q1TTM,2018-09-01,2019-08-31,,1.77,1.77,,3424000000.0,1.77,,100000000.0,,450000000.0,450000000.0,450000000.0,51415000000.0,69689000000.0,-3283000000.0,,320000000.0,10158000000.0,51415000000.0,18274000000.0,588000000.0,49000000.0,13902000000.0,4372000000.0,-3822000000.0,550000000.0,69689000000.0,260500000.0,260500000.0,262300000.0
FedEx Corp,FDX,549300E707U7WNPZN687,1048911,2020.0,Q1,2019-06-01,2019-08-31,2019-09-17 16:17:01+00:00,2.86,2.86,1.3,879000000.0,2.84,,251000000.0,,745000000.0,745000000.0,745000000.0,12673000000.0,17048000000.0,156000000.0,,,2519000000.0,12673000000.0,4375000000.0,,-137000000.0,3398000000.0,977000000.0,19000000.0,996000000.0,17048000000.0,260500000.0,260500000.0,262300000.0
