company_name,company_ticker,company_lei,company_cik,year,quarter,start_date,end_date,filing_date,basicdilutedeps,basiceps,cashdividendspershare,dilutedeps,incometaxexpense,netincome,netincomecontinuing,netincomediscontinued,netincometocommon,netincometononcontrollinginterest,operatingcostofrevenue,operatingrevenue,otherincome,otheroperatingexpenses,rdexpense,restructuringcharge,sgaexpense,totalcostofrevenue,totalgrossprofit,totalinterestexpense,totaloperatingexpenses,totaloperatingincome,totalotherincome,totalpretaxincome,totalrevenue,weightedavebasicdilutedsharesos,weightedavebasicsharesos,weightedavedilutedsharesos
Baxter International Inc,BAX,J5OIVXX3P24RJRW5CK77,10456,2007.0,FY,2007-01-01,2007-12-31,2010-02-22 21:55:06+00:00,2.65,2.65,0.72,2.61,407000000.0,1721000000.0,1721000000.0,,1707000000.0,14000000.0,5744000000.0,11263000000.0,-18000000.0,,760000000.0,70000000.0,2521000000.0,5744000000.0,5519000000.0,22000000.0,3351000000.0,2168000000.0,-40000000.0,2128000000.0,11263000000.0,644200000.0,644000000.0,654000000.0
Baxter International Inc,BAX,J5OIVXX3P24RJRW5CK77,10456,2008.0,FY,2008-01-01,2008-12-31,2010-02-22 21:55:06+00:00,3.22,3.22,0.9129999999999999,3.16,437000000.0,2025000000.0,2025000000.0,,2014000000.0,11000000.0,6218000000.0,12348000000.0,-26000000.0,,868000000.0,,2698000000.0,6218000000.0,6130000000.0,76000000.0,3566000000.0,2564000000.0,-102000000.0,2462000000.0,12348000000.0,625500000.0,625000000.0,637000000.0
Baxter International Inc,BAX,J5OIVXX3P24RJRW5CK77,10456,2008.0,Q3,2008-07-01,2008-09-30,2009-10-29 17:20:48+00:00,0.76,0.76,0.218,0.74,86000000.0,476000000.0,476000000.0,,472000000.0,4000000.0,1630000000.0,3151000000.0,-28000000.0,,230000000.0,,681000000.0,1630000000.0,1521000000.0,20000000.0,911000000.0,610000000.0,-48000000.0,562000000.0,3151000000.0,621100000.0,625000000.0,638000000.0
Baxter International Inc,BAX,J5OIVXX3P24RJRW5CK77,10456,2009.0,Q4,2009-10-01,2009-12-31,,0.94,0.94,0.29,0.93,139000000.0,576000000.0,576000000.0,,572000000.0,4000000.0,1703000000.0,3470000000.0,7000000.0,,246000000.0,,788000000.0,1703000000.0,1767000000.0,25000000.0,1034000000.0,733000000.0,-18000000.0,715000000.0,3470000000.0,607400000.0,607000000.0,614000000.0
Baxter International Inc,BAX,J5OIVXX3P24RJRW5CK77,10456,2009.0,FY,2009-01-01,2009-12-31,2011-02-23 17:04:55+00:00,3.63,3.63,1.07,3.59,519000000.0,2215000000.0,2215000000.0,,2205000000.0,10000000.0,6037000000.0,12562000000.0,-45000000.0,,917000000.0,,2731000000.0,6037000000.0,6525000000.0,98000000.0,3648000000.0,2877000000.0,-143000000.0,2734000000.0,12562000000.0,607400000.0,607000000.0,614000000.0
Baxter International Inc,BAX,J5OIVXX3P24RJRW5CK77,10456,2009.0,Q3,2009-07-01,2009-09-30,2009-10-29 17:20:48+00:00,0.88,0.88,0.26,0.87,126000000.0,532000000.0,532000000.0,,530000000.0,2000000.0,1513000000.0,3145000000.0,-51000000.0,,228000000.0,,672000000.0,1513000000.0,1632000000.0,23000000.0,900000000.0,732000000.0,-74000000.0,658000000.0,3145000000.0,602300000.0,605000000.0,612000000.0
Baxter International Inc,BAX,J5OIVXX3P24RJRW5CK77,10456,2009.0,Q3YTD,2009-01-01,2009-09-30,,2.69,2.69,0.78,2.66,380000000.0,1639000000.0,1639000000.0,,1633000000.0,6000000.0,4334000000.0,9092000000.0,-52000000.0,,671000000.0,,1943000000.0,4334000000.0,4758000000.0,73000000.0,2614000000.0,2144000000.0,-125000000.0,2019000000.0,9092000000.0,602300000.0,605000000.0,612000000.0
Baxter International Inc,BAX,J5OIVXX3P24RJRW5CK77,10456,2009.0,Q2YTD,2009-01-01,2009-06-30,,1.81,1.81,0.52,1.79,254000000.0,1107000000.0,1107000000.0,,1103000000.0,4000000.0,2821000000.0,5947000000.0,-1000000.0,,443000000.0,,1271000000.0,2821000000.0,3126000000.0,50000000.0,1714000000.0,1412000000.0,-51000000.0,1361000000.0,5947000000.0,605200000.0,607000000.0,612000000.0
Baxter International Inc,BAX,J5OIVXX3P24RJRW5CK77,10456,2009.0,Q2,2009-04-01,2009-06-30,2010-08-04 21:15:02+00:00,0.97,0.97,0.26,0.96,135000000.0,589000000.0,589000000.0,,587000000.0,2000000.0,1485000000.0,3123000000.0,1000000.0,,231000000.0,,660000000.0,1485000000.0,1638000000.0,24000000.0,891000000.0,747000000.0,-23000000.0,724000000.0,3123000000.0,605200000.0,607000000.0,612000000.0
Baxter International Inc,BAX,J5OIVXX3P24RJRW5CK77,10456,2009.0,Q1,2009-01-01,2009-03-31,2010-05-10 16:35:24+00:00,0.84,0.84,0.26,0.83,119000000.0,518000000.0,518000000.0,,516000000.0,2000000.0,1336000000.0,2824000000.0,-2000000.0,,212000000.0,,611000000.0,1336000000.0,1488000000.0,26000000.0,823000000.0,665000000.0,-28000000.0,637000000.0,2824000000.0,614300000.0,613000000.0,621000000.0
Baxter International Inc,BAX,J5OIVXX3P24RJRW5CK77,10456,2010.0,FY,2010-01-01,2010-12-31,2012-02-23 17:29:13+00:00,2.41,2.41,1.18,2.39,463000000.0,1427000000.0,1427000000.0,,1420000000.0,7000000.0,6885000000.0,12843000000.0,-159000000.0,,915000000.0,,2907000000.0,6885000000.0,5958000000.0,87000000.0,3822000000.0,2136000000.0,-246000000.0,1890000000.0,12843000000.0,589200000.0,590000000.0,594000000.0
Baxter International Inc,BAX,J5OIVXX3P24RJRW5CK77,10456,2010.0,Q4,2010-10-01,2010-12-31,,0.72,0.72,0.31,0.71,41000000.0,426000000.0,426000000.0,,423000000.0,3000000.0,1880000000.0,3498000000.0,-37000000.0,,262000000.0,,833000000.0,1880000000.0,1618000000.0,19000000.0,1095000000.0,523000000.0,-56000000.0,467000000.0,3498000000.0,589200000.0,590000000.0,594000000.0
Baxter International Inc,BAX,J5OIVXX3P24RJRW5CK77,10456,2010.0,Q3,2010-07-01,2010-09-30,2010-11-03 17:16:50+00:00,0.9,0.9,0.29,0.89,117000000.0,524000000.0,524000000.0,,525000000.0,-1000000.0,1565000000.0,3224000000.0,-117000000.0,,207000000.0,,670000000.0,1565000000.0,1659000000.0,24000000.0,877000000.0,782000000.0,-141000000.0,641000000.0,3224000000.0,583300000.0,584000000.0,587000000.0
Baxter International Inc,BAX,J5OIVXX3P24RJRW5CK77,10456,2010.0,Q3YTD,2010-01-01,2010-09-30,,1.69,1.69,0.87,1.68,422000000.0,1001000000.0,1001000000.0,,997000000.0,4000000.0,5005000000.0,9345000000.0,-122000000.0,,653000000.0,,2074000000.0,5005000000.0,4340000000.0,68000000.0,2727000000.0,1613000000.0,-190000000.0,1423000000.0,9345000000.0,583300000.0,584000000.0,587000000.0
Baxter International Inc,BAX,J5OIVXX3P24RJRW5CK77,10456,2010.0,Q3TTM,2009-10-01,2010-09-30,,2.63,2.63,1.16,2.61,561000000.0,1577000000.0,1577000000.0,,1569000000.0,8000000.0,6708000000.0,12815000000.0,-115000000.0,,899000000.0,,2862000000.0,6708000000.0,6107000000.0,93000000.0,3761000000.0,2346000000.0,-208000000.0,2138000000.0,12815000000.0,583300000.0,584000000.0,587000000.0
Baxter International Inc,BAX,J5OIVXX3P24RJRW5CK77,10456,2010.0,Q2,2010-04-01,2010-06-30,2010-08-04 21:15:02+00:00,0.9,0.9,0.29,0.9,133000000.0,537000000.0,537000000.0,,535000000.0,2000000.0,1556000000.0,3194000000.0,-3000000.0,,219000000.0,,721000000.0,1556000000.0,1638000000.0,25000000.0,940000000.0,698000000.0,-28000000.0,670000000.0,3194000000.0,594400000.0,593000000.0,596000000.0
Baxter International Inc,BAX,J5OIVXX3P24RJRW5CK77,10456,2010.0,Q2YTD,2010-01-01,2010-06-30,,0.79,0.79,0.58,0.79,305000000.0,477000000.0,477000000.0,,472000000.0,5000000.0,3440000000.0,6121000000.0,-5000000.0,,446000000.0,,1404000000.0,3440000000.0,2681000000.0,44000000.0,1850000000.0,831000000.0,-49000000.0,782000000.0,6121000000.0,594400000.0,593000000.0,596000000.0
Baxter International Inc,BAX,J5OIVXX3P24RJRW5CK77,10456,2010.0,Q2TTM,2009-07-01,2010-06-30,,2.61,2.61,1.13,2.59,570000000.0,1585000000.0,1585000000.0,,1574000000.0,11000000.0,6656000000.0,12736000000.0,-49000000.0,,920000000.0,,2864000000.0,6656000000.0,6080000000.0,92000000.0,3784000000.0,2296000000.0,-141000000.0,2155000000.0,12736000000.0,594400000.0,593000000.0,596000000.0
Baxter International Inc,BAX,J5OIVXX3P24RJRW5CK77,10456,2010.0,Q1,2010-01-01,2010-03-31,2010-05-10 16:35:24+00:00,-0.11,-0.11,0.29,-0.11,172000000.0,-60000000.0,-60000000.0,,-63000000.0,3000000.0,1884000000.0,2927000000.0,-2000000.0,,227000000.0,,683000000.0,1884000000.0,1043000000.0,19000000.0,910000000.0,133000000.0,-21000000.0,112000000.0,2927000000.0,572700000.0,602000000.0,602000000.0
Baxter International Inc,BAX,J5OIVXX3P24RJRW5CK77,10456,2010.0,Q1TTM,2009-04-01,2010-03-31,,2.68,2.68,1.1,2.65,572000000.0,1637000000.0,1637000000.0,,1626000000.0,11000000.0,6585000000.0,12665000000.0,-45000000.0,,932000000.0,,2803000000.0,6585000000.0,6080000000.0,91000000.0,3735000000.0,2345000000.0,-136000000.0,2209000000.0,12665000000.0,572700000.0,602000000.0,602000000.0
Baxter International Inc,BAX,J5OIVXX3P24RJRW5CK77,10456,2011.0,Q4,2011-10-01,2011-12-31,,0.82,0.82,0.33,0.82,76000000.0,472000000.0,472000000.0,,463000000.0,9000000.0,1829000000.0,3594000000.0,-62000000.0,,254000000.0,,886000000.0,1829000000.0,1765000000.0,15000000.0,1140000000.0,625000000.0,-77000000.0,548000000.0,3594000000.0,568800000.0,569000000.0,573000000.0
Baxter International Inc,BAX,J5OIVXX3P24RJRW5CK77,10456,2011.0,FY,2011-01-01,2011-12-31,2014-02-21 07:04:23+00:00,3.91,3.91,1.265,3.88,553000000.0,2256000000.0,2256000000.0,,2224000000.0,32000000.0,6847000000.0,13893000000.0,-83000000.0,,946000000.0,,3154000000.0,6847000000.0,7046000000.0,54000000.0,4100000000.0,2946000000.0,-137000000.0,2809000000.0,13893000000.0,568800000.0,569000000.0,573000000.0
Baxter International Inc,BAX,J5OIVXX3P24RJRW5CK77,10456,2011.0,Q3,2011-07-01,2011-09-30,2011-11-02 16:52:58+00:00,1.02,1.02,0.31,1.01,149000000.0,578000000.0,578000000.0,,576000000.0,2000000.0,1708000000.0,3479000000.0,-4000000.0,,239000000.0,,787000000.0,1708000000.0,1771000000.0,14000000.0,1026000000.0,745000000.0,-18000000.0,727000000.0,3479000000.0,564700000.0,566000000.0,571000000.0
Baxter International Inc,BAX,J5OIVXX3P24RJRW5CK77,10456,2011.0,Q3YTD,2011-01-01,2011-09-30,,3.09,3.09,0.93,3.06,477000000.0,1784000000.0,1784000000.0,,1761000000.0,23000000.0,5018000000.0,10299000000.0,-21000000.0,,692000000.0,,2268000000.0,5018000000.0,5281000000.0,39000000.0,2960000000.0,2321000000.0,-60000000.0,2261000000.0,10299000000.0,564700000.0,566000000.0,571000000.0
Baxter International Inc,BAX,J5OIVXX3P24RJRW5CK77,10456,2011.0,Q3TTM,2010-10-01,2011-09-30,,3.81,3.81,1.24,3.77,518000000.0,2210000000.0,2210000000.0,,2184000000.0,26000000.0,6898000000.0,13797000000.0,-58000000.0,,954000000.0,,3101000000.0,6898000000.0,6899000000.0,58000000.0,4055000000.0,2844000000.0,-116000000.0,2728000000.0,13797000000.0,564700000.0,566000000.0,571000000.0
Baxter International Inc,BAX,J5OIVXX3P24RJRW5CK77,10456,2011.0,Q2,2011-04-01,2011-06-30,2011-08-02 16:58:40+00:00,1.08,1.08,0.31,1.07,174000000.0,629000000.0,629000000.0,,615000000.0,14000000.0,1701000000.0,3536000000.0,-13000000.0,,239000000.0,,765000000.0,1701000000.0,1835000000.0,15000000.0,1004000000.0,831000000.0,-28000000.0,803000000.0,3536000000.0,569400000.0,570000000.0,575000000.0
Baxter International Inc,BAX,J5OIVXX3P24RJRW5CK77,10456,2011.0,Q2YTD,2011-01-01,2011-06-30,,2.07,2.07,0.62,2.05,328000000.0,1206000000.0,1206000000.0,,1185000000.0,21000000.0,3310000000.0,6820000000.0,-17000000.0,,453000000.0,,1481000000.0,3310000000.0,3510000000.0,25000000.0,1934000000.0,1576000000.0,-42000000.0,1534000000.0,6820000000.0,569400000.0,570000000.0,575000000.0
Baxter International Inc,BAX,J5OIVXX3P24RJRW5CK77,10456,2011.0,Q2TTM,2010-07-01,2011-06-30,,3.69,3.69,1.22,3.65,486000000.0,2156000000.0,2156000000.0,,2133000000.0,23000000.0,6755000000.0,13542000000.0,-171000000.0,,922000000.0,,2984000000.0,6755000000.0,6787000000.0,68000000.0,3906000000.0,2881000000.0,-239000000.0,2642000000.0,13542000000.0,569400000.0,570000000.0,575000000.0
Baxter International Inc,BAX,J5OIVXX3P24RJRW5CK77,10456,2011.0,Q1,2011-01-01,2011-03-31,2011-05-03 17:27:30+00:00,0.99,0.99,0.31,0.98,154000000.0,577000000.0,577000000.0,,570000000.0,7000000.0,1609000000.0,3284000000.0,-4000000.0,,214000000.0,,716000000.0,1609000000.0,1675000000.0,10000000.0,930000000.0,745000000.0,-14000000.0,731000000.0,3284000000.0,575800000.0,577000000.0,581000000.0
Baxter International Inc,BAX,J5OIVXX3P24RJRW5CK77,10456,2011.0,Q1TTM,2010-04-01,2011-03-31,,3.51,3.51,1.2,3.48,445000000.0,2064000000.0,2064000000.0,,2053000000.0,11000000.0,6610000000.0,13200000000.0,-161000000.0,,902000000.0,,2940000000.0,6610000000.0,6590000000.0,78000000.0,3842000000.0,2748000000.0,-239000000.0,2509000000.0,13200000000.0,575800000.0,577000000.0,581000000.0
Baxter International Inc,BAX,J5OIVXX3P24RJRW5CK77,10456,2012.0,Q4,2012-10-01,2012-12-31,,0.9,0.9,0.45,0.89,72000000.0,494000000.0,451000000.0,43000000.0,494000000.0,,1761000000.0,3499000000.0,22000000.0,,216000000.0,,999000000.0,1761000000.0,1738000000.0,22000000.0,1215000000.0,523000000.0,,523000000.0,3499000000.0,551200000.0,551000000.0,556000000.0
Baxter International Inc,BAX,J5OIVXX3P24RJRW5CK77,10456,2012.0,FY,2012-01-01,2012-12-31,2015-02-26 16:45:55+00:00,4.22,4.22,1.57,4.18,555000000.0,2326000000.0,2283000000.0,43000000.0,2326000000.0,,6802000000.0,13936000000.0,155000000.0,,1081000000.0,,3283000000.0,6802000000.0,7134000000.0,87000000.0,4364000000.0,2770000000.0,68000000.0,2838000000.0,13936000000.0,551200000.0,551000000.0,556000000.0
Baxter International Inc,BAX,J5OIVXX3P24RJRW5CK77,10456,2012.0,Q3,2012-07-01,2012-09-30,2012-11-01 17:18:13+00:00,1.07,1.07,0.45,1.06,183000000.0,583000000.0,583000000.0,,583000000.0,,1667000000.0,3477000000.0,14000000.0,,290000000.0,,743000000.0,1667000000.0,1810000000.0,25000000.0,1033000000.0,777000000.0,-11000000.0,766000000.0,3477000000.0,544900000.0,548000000.0,552000000.0
Baxter International Inc,BAX,J5OIVXX3P24RJRW5CK77,10456,2012.0,Q3TTM,2011-10-01,2012-09-30,,4.14,4.14,1.45,4.11,559000000.0,2304000000.0,2304000000.0,,2295000000.0,9000000.0,6870000000.0,14031000000.0,71000000.0,,1119000000.0,,3170000000.0,6870000000.0,7161000000.0,80000000.0,4289000000.0,2872000000.0,-9000000.0,2863000000.0,14031000000.0,544900000.0,548000000.0,552000000.0
Baxter International Inc,BAX,J5OIVXX3P24RJRW5CK77,10456,2012.0,Q2,2012-04-01,2012-06-30,2012-08-02 17:20:47+00:00,1.2,1.2,0.335,1.19,156000000.0,661000000.0,661000000.0,,661000000.0,,1700000000.0,3572000000.0,62000000.0,,306000000.0,,789000000.0,1700000000.0,1872000000.0,22000000.0,1095000000.0,777000000.0,40000000.0,817000000.0,3572000000.0,550800000.0,550000000.0,553000000.0
Baxter International Inc,BAX,J5OIVXX3P24RJRW5CK77,10456,2012.0,Q2YTD,2012-01-01,2012-06-30,,2.25,2.25,0.67,2.23,300000000.0,1249000000.0,1249000000.0,,1249000000.0,,3374000000.0,6960000000.0,119000000.0,,575000000.0,,1541000000.0,3374000000.0,3586000000.0,40000000.0,2116000000.0,1470000000.0,79000000.0,1549000000.0,6960000000.0,550800000.0,550000000.0,553000000.0
Baxter International Inc,BAX,J5OIVXX3P24RJRW5CK77,10456,2012.0,Q2TTM,2011-07-01,2012-06-30,,4.09,4.09,1.31,4.06,525000000.0,2299000000.0,2299000000.0,,2288000000.0,11000000.0,6911000000.0,14033000000.0,53000000.0,,1068000000.0,,3214000000.0,6911000000.0,7122000000.0,69000000.0,4282000000.0,2840000000.0,-16000000.0,2824000000.0,14033000000.0,550800000.0,550000000.0,553000000.0
Baxter International Inc,BAX,J5OIVXX3P24RJRW5CK77,10456,2012.0,Q1,2012-01-01,2012-03-31,2012-05-03 17:25:42+00:00,1.05,1.05,0.335,1.04,144000000.0,588000000.0,588000000.0,,588000000.0,,1674000000.0,3388000000.0,57000000.0,,269000000.0,,752000000.0,1674000000.0,1714000000.0,18000000.0,1021000000.0,693000000.0,39000000.0,732000000.0,3388000000.0,560000000.0,559000000.0,563000000.0
Baxter International Inc,BAX,J5OIVXX3P24RJRW5CK77,10456,2012.0,Q1TTM,2011-04-01,2012-03-31,,3.97,3.97,1.29,3.94,543000000.0,2267000000.0,2267000000.0,,2242000000.0,25000000.0,6912000000.0,13997000000.0,-22000000.0,,1001000000.0,,3190000000.0,6912000000.0,7085000000.0,62000000.0,4191000000.0,2894000000.0,-84000000.0,2810000000.0,13997000000.0,560000000.0,559000000.0,563000000.0
Baxter International Inc,BAX,J5OIVXX3P24RJRW5CK77,10456,2013.0,Q4,2013-10-01,2013-12-31,,0.6,0.6,0.49,0.6,102000000.0,326000000.0,326000000.0,,326000000.0,,2245000000.0,4076000000.0,19000000.0,,356000000.0,,1025000000.0,2245000000.0,1831000000.0,41000000.0,1381000000.0,450000000.0,-22000000.0,428000000.0,4076000000.0,543800000.0,543000000.0,549000000.0
Baxter International Inc,BAX,J5OIVXX3P24RJRW5CK77,10456,2013.0,FY,2013-01-01,2013-12-31,2015-02-26 16:45:55+00:00,3.7,3.7,1.92,3.66,534000000.0,2012000000.0,2012000000.0,0.0,2012000000.0,,7495000000.0,14967000000.0,9000000.0,,1165000000.0,,3642000000.0,7495000000.0,7472000000.0,128000000.0,4807000000.0,2665000000.0,-119000000.0,2546000000.0,14967000000.0,543800000.0,543000000.0,549000000.0
Baxter International Inc,BAX,J5OIVXX3P24RJRW5CK77,10456,2013.0,Q3,2013-07-01,2013-09-30,2013-10-30 17:07:00+00:00,1.0,1.0,0.49,0.99,138000000.0,544000000.0,544000000.0,,544000000.0,,1828000000.0,3774000000.0,55000000.0,,290000000.0,,984000000.0,1828000000.0,1946000000.0,45000000.0,1274000000.0,672000000.0,10000000.0,682000000.0,3774000000.0,544000000.0,543000000.0,549000000.0
Baxter International Inc,BAX,J5OIVXX3P24RJRW5CK77,10456,2013.0,Q3YTD,2013-01-01,2013-09-30,,3.1,3.1,1.43,3.06,432000000.0,1686000000.0,1686000000.0,,1686000000.0,,5250000000.0,10891000000.0,-10000000.0,,809000000.0,,2617000000.0,5250000000.0,5641000000.0,87000000.0,3426000000.0,2215000000.0,-97000000.0,2118000000.0,10891000000.0,544000000.0,543000000.0,549000000.0
Baxter International Inc,BAX,J5OIVXX3P24RJRW5CK77,10456,2013.0,Q3TTM,2012-10-01,2013-09-30,,4.0,4.0,1.88,3.95,504000000.0,2180000000.0,2137000000.0,43000000.0,2180000000.0,,7011000000.0,14390000000.0,12000000.0,,1025000000.0,,3616000000.0,7011000000.0,7379000000.0,109000000.0,4641000000.0,2738000000.0,-97000000.0,2641000000.0,14390000000.0,544000000.0,543000000.0,549000000.0
Baxter International Inc,BAX,J5OIVXX3P24RJRW5CK77,10456,2013.0,Q2,2013-04-01,2013-06-30,2013-07-31 17:21:19+00:00,1.09,1.09,0.49,1.07,153000000.0,590000000.0,590000000.0,,590000000.0,,1730000000.0,3669000000.0,-68000000.0,,273000000.0,,838000000.0,1730000000.0,1939000000.0,17000000.0,1111000000.0,828000000.0,-85000000.0,743000000.0,3669000000.0,541300000.0,543000000.0,549000000.0
Baxter International Inc,BAX,J5OIVXX3P24RJRW5CK77,10456,2013.0,Q2YTD,2013-01-01,2013-06-30,,2.1,2.1,0.94,2.07,294000000.0,1142000000.0,1142000000.0,,1142000000.0,,3422000000.0,7117000000.0,-65000000.0,,519000000.0,,1633000000.0,3422000000.0,3695000000.0,42000000.0,2152000000.0,1543000000.0,-107000000.0,1436000000.0,7117000000.0,541300000.0,543000000.0,549000000.0
Baxter International Inc,BAX,J5OIVXX3P24RJRW5CK77,10456,2013.0,Q2TTM,2012-07-01,2013-06-30,,4.07,4.07,1.84,4.02,549000000.0,2219000000.0,2176000000.0,43000000.0,2219000000.0,,6850000000.0,14093000000.0,-29000000.0,,1025000000.0,,3375000000.0,6850000000.0,7243000000.0,89000000.0,4400000000.0,2843000000.0,-118000000.0,2725000000.0,14093000000.0,541300000.0,543000000.0,549000000.0
Baxter International Inc,BAX,J5OIVXX3P24RJRW5CK77,10456,2013.0,Q1,2013-01-01,2013-03-31,2013-05-01 16:52:07+00:00,1.01,1.01,0.45,1.0,141000000.0,552000000.0,552000000.0,,552000000.0,,1692000000.0,3448000000.0,3000000.0,,246000000.0,,795000000.0,1692000000.0,1756000000.0,25000000.0,1041000000.0,715000000.0,-22000000.0,693000000.0,3448000000.0,546500000.0,545000000.0,551000000.0
Baxter International Inc,BAX,J5OIVXX3P24RJRW5CK77,10456,2013.0,Q1TTM,2012-04-01,2013-03-31,,4.18,4.18,1.69,4.14,552000000.0,2290000000.0,2247000000.0,43000000.0,2290000000.0,,6820000000.0,13996000000.0,101000000.0,,1058000000.0,,3326000000.0,6820000000.0,7176000000.0,94000000.0,4384000000.0,2792000000.0,7000000.0,2799000000.0,13996000000.0,546500000.0,545000000.0,551000000.0
Baxter International Inc,BAX,J5OIVXX3P24RJRW5CK77,10456,2014.0,FY,2014-01-01,2014-12-31,2017-02-23 17:01:01+00:00,4.61,4.61,2.05,4.56,33000000.0,2497000000.0,457000000.0,2040000000.0,2497000000.0,,6138000000.0,10719000000.0,-21000000.0,,610000000.0,,3315000000.0,6138000000.0,4581000000.0,145000000.0,3925000000.0,656000000.0,-166000000.0,490000000.0,10719000000.0,541600000.0,542000000.0,547000000.0
Baxter International Inc,BAX,J5OIVXX3P24RJRW5CK77,10456,2014.0,Q4,2014-10-01,2014-12-31,,1.77,1.77,0.52,1.74,-281000000.0,953000000.0,-742000000.0,1695000000.0,953000000.0,,447000000.0,-95000000.0,-46000000.0,,-174000000.0,,580000000.0,447000000.0,-542000000.0,29000000.0,406000000.0,-948000000.0,-75000000.0,-1023000000.0,-95000000.0,541600000.0,542000000.0,547000000.0
Baxter International Inc,BAX,J5OIVXX3P24RJRW5CK77,10456,2014.0,Q3,2014-07-01,2014-09-30,2015-11-09 07:03:25+00:00,0.86,0.86,0.52,0.86,27000000.0,468000000.0,175000000.0,293000000.0,468000000.0,,1516000000.0,2709000000.0,16000000.0,,149000000.0,,827000000.0,1516000000.0,1193000000.0,31000000.0,976000000.0,217000000.0,-15000000.0,202000000.0,2709000000.0,544200000.0,542000000.0,547000000.0
Baxter International Inc,BAX,J5OIVXX3P24RJRW5CK77,10456,2014.0,Q3YTD,2014-01-01,2014-09-30,,2.84,2.84,1.53,2.82,314000000.0,1544000000.0,1199000000.0,345000000.0,1544000000.0,,5691000000.0,10814000000.0,25000000.0,,784000000.0,,2735000000.0,5691000000.0,5123000000.0,116000000.0,3519000000.0,1604000000.0,-91000000.0,1513000000.0,10814000000.0,544200000.0,542000000.0,547000000.0
Baxter International Inc,BAX,J5OIVXX3P24RJRW5CK77,10456,2014.0,Q3TTM,2013-10-01,2014-09-30,,3.44,3.44,2.02,3.42,416000000.0,1870000000.0,1525000000.0,345000000.0,1870000000.0,,7936000000.0,14890000000.0,44000000.0,,1140000000.0,,3760000000.0,7936000000.0,6954000000.0,157000000.0,4900000000.0,2054000000.0,-113000000.0,1941000000.0,14890000000.0,544200000.0,542000000.0,547000000.0
Baxter International Inc,BAX,J5OIVXX3P24RJRW5CK77,10456,2014.0,Q2YTD,2014-01-01,2014-06-30,,1.98,1.98,1.01,1.96,287000000.0,1076000000.0,1024000000.0,52000000.0,1076000000.0,,4175000000.0,8105000000.0,9000000.0,,635000000.0,,1908000000.0,4175000000.0,3930000000.0,85000000.0,2543000000.0,1387000000.0,-76000000.0,1311000000.0,8105000000.0,541700000.0,542000000.0,548000000.0
Baxter International Inc,BAX,J5OIVXX3P24RJRW5CK77,10456,2014.0,Q2TTM,2013-07-01,2014-06-30,,3.58,3.58,1.99,3.55,527000000.0,1946000000.0,1894000000.0,52000000.0,1946000000.0,,8248000000.0,15955000000.0,83000000.0,,1281000000.0,,3917000000.0,8248000000.0,7707000000.0,171000000.0,5198000000.0,2509000000.0,-88000000.0,2421000000.0,15955000000.0,541700000.0,542000000.0,548000000.0
Baxter International Inc,BAX,J5OIVXX3P24RJRW5CK77,10456,2014.0,Q2,2014-04-01,2014-06-30,2015-08-07 16:59:08+00:00,0.96,0.96,0.52,0.95,134000000.0,520000000.0,468000000.0,52000000.0,520000000.0,,2185000000.0,4154000000.0,-15000000.0,,322000000.0,,988000000.0,2185000000.0,1969000000.0,42000000.0,1310000000.0,659000000.0,-57000000.0,602000000.0,4154000000.0,541700000.0,542000000.0,548000000.0
Baxter International Inc,BAX,J5OIVXX3P24RJRW5CK77,10456,2014.0,Q1,2014-01-01,2014-03-31,2014-04-30 17:06:39+00:00,1.02,1.02,0.49,1.01,153000000.0,556000000.0,556000000.0,,556000000.0,,1990000000.0,3951000000.0,24000000.0,,313000000.0,,920000000.0,1990000000.0,1961000000.0,43000000.0,1233000000.0,728000000.0,-19000000.0,709000000.0,3951000000.0,545100000.0,542000000.0,548000000.0
Baxter International Inc,BAX,J5OIVXX3P24RJRW5CK77,10456,2014.0,Q1TTM,2013-04-01,2014-03-31,,3.71,3.71,1.96,3.67,546000000.0,2016000000.0,2016000000.0,,2016000000.0,,7793000000.0,15470000000.0,30000000.0,,1232000000.0,,3767000000.0,7793000000.0,7677000000.0,146000000.0,4999000000.0,2678000000.0,-116000000.0,2562000000.0,15470000000.0,545100000.0,542000000.0,548000000.0
Baxter International Inc,BAX,J5OIVXX3P24RJRW5CK77,10456,2015.0,FY,2015-01-01,2015-12-31,2018-02-23 06:04:09+00:00,1.78,1.78,1.27,1.76,35000000.0,968000000.0,393000000.0,575000000.0,968000000.0,,5822000000.0,9968000000.0,105000000.0,,603000000.0,,3094000000.0,5822000000.0,4146000000.0,126000000.0,3697000000.0,449000000.0,-21000000.0,428000000.0,9968000000.0,543800000.0,545000000.0,549000000.0
Baxter International Inc,BAX,J5OIVXX3P24RJRW5CK77,10456,2015.0,Q4,2015-10-01,2015-12-31,,0.38,0.38,0.11,0.38,22000000.0,205000000.0,183000000.0,22000000.0,205000000.0,,1531000000.0,2603000000.0,59000000.0,,161000000.0,,733000000.0,1531000000.0,1072000000.0,32000000.0,894000000.0,178000000.0,27000000.0,205000000.0,2603000000.0,543800000.0,545000000.0,549000000.0
Baxter International Inc,BAX,J5OIVXX3P24RJRW5CK77,10456,2015.0,Q3,2015-07-01,2015-09-30,2016-11-07 17:10:11+00:00,0.0,0.0,0.115,0.0,-35000000.0,1000000.0,2000000.0,-1000000.0,1000000.0,,1453000000.0,2487000000.0,-91000000.0,,148000000.0,,794000000.0,1453000000.0,1034000000.0,34000000.0,942000000.0,92000000.0,-125000000.0,-33000000.0,2487000000.0,,546000000.0,549000000.0
Baxter International Inc,BAX,J5OIVXX3P24RJRW5CK77,10456,2015.0,Q3YTD,2015-01-01,2015-09-30,,1.4,1.4,1.16,1.38,13000000.0,763000000.0,210000000.0,553000000.0,763000000.0,,4291000000.0,7365000000.0,46000000.0,,442000000.0,,2361000000.0,4291000000.0,3074000000.0,94000000.0,2803000000.0,271000000.0,-48000000.0,223000000.0,7365000000.0,,546000000.0,549000000.0
Baxter International Inc,BAX,J5OIVXX3P24RJRW5CK77,10456,2015.0,Q3TTM,2014-10-01,2015-09-30,,3.17,3.17,1.67,3.12,-268000000.0,1716000000.0,-532000000.0,2248000000.0,1716000000.0,,4738000000.0,7270000000.0,,,268000000.0,,2941000000.0,4738000000.0,2532000000.0,123000000.0,3209000000.0,-677000000.0,-123000000.0,-800000000.0,7270000000.0,,546000000.0,549000000.0
Baxter International Inc,BAX,J5OIVXX3P24RJRW5CK77,10456,2015.0,Q2,2015-04-01,2015-06-30,2016-08-04 16:49:15+00:00,0.61,0.61,0.52,0.6,34000000.0,332000000.0,74000000.0,258000000.0,332000000.0,,1454000000.0,2475000000.0,51000000.0,,151000000.0,,783000000.0,1454000000.0,1021000000.0,30000000.0,934000000.0,87000000.0,21000000.0,108000000.0,2475000000.0,544300000.0,544000000.0,549000000.0
Baxter International Inc,BAX,J5OIVXX3P24RJRW5CK77,10456,2015.0,Q2YTD,2015-01-01,2015-06-30,,1.4,1.4,1.04,1.38,48000000.0,762000000.0,208000000.0,554000000.0,762000000.0,,2838000000.0,4878000000.0,137000000.0,,294000000.0,,1567000000.0,2838000000.0,2040000000.0,60000000.0,1861000000.0,179000000.0,77000000.0,256000000.0,4878000000.0,544300000.0,544000000.0,549000000.0
Baxter International Inc,BAX,J5OIVXX3P24RJRW5CK77,10456,2015.0,Q2TTM,2014-07-01,2015-06-30,,4.03,4.03,2.08,3.98,-206000000.0,2183000000.0,-359000000.0,2542000000.0,2183000000.0,,4801000000.0,7492000000.0,107000000.0,,269000000.0,,2974000000.0,4801000000.0,2691000000.0,120000000.0,3243000000.0,-552000000.0,-13000000.0,-565000000.0,7492000000.0,544300000.0,544000000.0,549000000.0
Baxter International Inc,BAX,J5OIVXX3P24RJRW5CK77,10456,2015.0,Q1,2015-01-01,2015-03-31,2016-05-06 16:13:47+00:00,0.79,0.79,0.52,0.78,14000000.0,430000000.0,134000000.0,296000000.0,430000000.0,,1384000000.0,2403000000.0,86000000.0,,143000000.0,,784000000.0,1384000000.0,1019000000.0,30000000.0,927000000.0,92000000.0,56000000.0,148000000.0,2403000000.0,544300000.0,543000000.0,548000000.0
Baxter International Inc,BAX,J5OIVXX3P24RJRW5CK77,10456,2015.0,Q1TTM,2014-04-01,2015-03-31,,4.38,4.38,2.08,4.33,-106000000.0,2371000000.0,35000000.0,2336000000.0,2371000000.0,,5532000000.0,9171000000.0,41000000.0,,440000000.0,,3179000000.0,5532000000.0,3639000000.0,132000000.0,3619000000.0,20000000.0,-91000000.0,-71000000.0,9171000000.0,544300000.0,543000000.0,548000000.0
Baxter International Inc,BAX,J5OIVXX3P24RJRW5CK77,10456,2016.0,FY,2016-01-01,2016-12-31,2019-02-21 17:29:43+00:00,9.09,9.09,0.51,9.01,-12000000.0,4965000000.0,4966000000.0,-1000000.0,4965000000.0,,6047000000.0,10163000000.0,4275000000.0,,646000000.0,,2725000000.0,6047000000.0,4116000000.0,66000000.0,3371000000.0,745000000.0,4209000000.0,4954000000.0,10163000000.0,546200000.0,546000000.0,551000000.0
Baxter International Inc,BAX,J5OIVXX3P24RJRW5CK77,10456,2016.0,Q4,2016-10-01,2016-12-31,,0.48,0.48,0.14,0.46,39000000.0,243000000.0,240000000.0,3000000.0,243000000.0,,1537000000.0,2645000000.0,-11000000.0,,156000000.0,,649000000.0,1537000000.0,1108000000.0,13000000.0,805000000.0,303000000.0,-24000000.0,279000000.0,2645000000.0,546200000.0,546000000.0,551000000.0
Baxter International Inc,BAX,J5OIVXX3P24RJRW5CK77,10456,2016.0,Q3,2016-07-01,2016-09-30,2017-11-02 16:34:25+00:00,0.24,0.24,0.13,0.24,1000000.0,130000000.0,127000000.0,3000000.0,130000000.0,,1487000000.0,2558000000.0,-44000000.0,,159000000.0,,726000000.0,1487000000.0,1071000000.0,14000000.0,885000000.0,186000000.0,-58000000.0,128000000.0,2558000000.0,541700000.0,544000000.0,551000000.0
Baxter International Inc,BAX,J5OIVXX3P24RJRW5CK77,10456,2016.0,Q3YTD,2016-01-01,2016-09-30,,8.61,8.61,0.38,8.55,-51000000.0,4722000000.0,4726000000.0,-4000000.0,4722000000.0,,4510000000.0,7518000000.0,4286000000.0,,490000000.0,,2076000000.0,4510000000.0,3008000000.0,53000000.0,2566000000.0,442000000.0,4233000000.0,4675000000.0,7518000000.0,541700000.0,544000000.0,551000000.0
Baxter International Inc,BAX,J5OIVXX3P24RJRW5CK77,10456,2016.0,Q3TTM,2015-10-01,2016-09-30,,8.99,8.99,0.49,8.93,-29000000.0,4927000000.0,4909000000.0,18000000.0,4927000000.0,,6041000000.0,10121000000.0,4345000000.0,,651000000.0,,2809000000.0,6041000000.0,4080000000.0,85000000.0,3460000000.0,620000000.0,4260000000.0,4880000000.0,10121000000.0,541700000.0,544000000.0,551000000.0
Baxter International Inc,BAX,J5OIVXX3P24RJRW5CK77,10456,2016.0,Q2,2016-04-01,2016-06-30,2017-08-07 16:37:17+00:00,2.21,2.21,0.13,2.19,6000000.0,1212000000.0,1212000000.0,,1212000000.0,,1613000000.0,2585000000.0,1161000000.0,,195000000.0,,709000000.0,1613000000.0,972000000.0,11000000.0,904000000.0,68000000.0,1150000000.0,1218000000.0,2585000000.0,548400000.0,548000000.0,553000000.0
Baxter International Inc,BAX,J5OIVXX3P24RJRW5CK77,10456,2016.0,Q2YTD,2016-01-01,2016-06-30,,8.37,8.37,0.25,8.31,-52000000.0,4592000000.0,4599000000.0,-7000000.0,4592000000.0,,3023000000.0,4960000000.0,4330000000.0,,331000000.0,,1350000000.0,3023000000.0,1937000000.0,39000000.0,1681000000.0,256000000.0,4291000000.0,4547000000.0,4960000000.0,548400000.0,548000000.0,553000000.0
Baxter International Inc,BAX,J5OIVXX3P24RJRW5CK77,10456,2016.0,Q2TTM,2015-07-01,2016-06-30,,8.75,8.75,0.48,8.69,-65000000.0,4798000000.0,4784000000.0,14000000.0,4798000000.0,,6007000000.0,10050000000.0,4298000000.0,,640000000.0,,2877000000.0,6007000000.0,4043000000.0,105000000.0,3517000000.0,526000000.0,4193000000.0,4719000000.0,10050000000.0,548400000.0,548000000.0,553000000.0
Baxter International Inc,BAX,J5OIVXX3P24RJRW5CK77,10456,2016.0,Q1,2016-01-01,2016-03-31,2017-05-04 16:40:03+00:00,6.16,6.16,0.115,6.12,-58000000.0,3380000000.0,3387000000.0,-7000000.0,3380000000.0,,1410000000.0,2375000000.0,3169000000.0,,136000000.0,,641000000.0,1410000000.0,965000000.0,28000000.0,777000000.0,188000000.0,3141000000.0,3329000000.0,2375000000.0,548700000.0,549000000.0,552000000.0
Baxter International Inc,BAX,J5OIVXX3P24RJRW5CK77,10456,2016.0,Q1TTM,2015-04-01,2016-03-31,,7.15,7.15,0.87,7.1,-37000000.0,3918000000.0,3646000000.0,272000000.0,3918000000.0,,5848000000.0,9940000000.0,3188000000.0,,596000000.0,,2951000000.0,5848000000.0,4092000000.0,124000000.0,3547000000.0,545000000.0,3064000000.0,3609000000.0,9940000000.0,548700000.0,549000000.0,552000000.0
Baxter International Inc,BAX,J5OIVXX3P24RJRW5CK77,10456,2017.0,FY,2017-01-01,2017-12-31,2020-03-17 07:12:46+00:00,1.11,1.11,0.61,1.08,491000000.0,602000000.0,609000000.0,-7000000.0,602000000.0,0.0,6110000000.0,10584000000.0,-133000000.0,-56000000.0,615000000.0,,2627000000.0,6110000000.0,4474000000.0,55000000.0,3186000000.0,1288000000.0,-188000000.0,1100000000.0,10584000000.0,542300000.0,543000000.0,555000000.0
Baxter International Inc,BAX,J5OIVXX3P24RJRW5CK77,10456,2017.0,Q4,2017-10-01,2017-12-31,,-0.34,-0.34,0.16,-0.34,352000000.0,-186000000.0,-176000000.0,-10000000.0,-186000000.0,,1629000000.0,2797000000.0,-98000000.0,-56000000.0,183000000.0,,753000000.0,1629000000.0,1168000000.0,14000000.0,880000000.0,288000000.0,-112000000.0,176000000.0,2797000000.0,542300000.0,543000000.0,555000000.0
Baxter International Inc,BAX,J5OIVXX3P24RJRW5CK77,10456,2017.0,Q3,2017-07-01,2017-09-30,2018-11-05 17:18:12+00:00,0.46,0.46,0.16,0.45,42000000.0,251000000.0,248000000.0,3000000.0,251000000.0,,1577000000.0,2707000000.0,4000000.0,,150000000.0,,680000000.0,1577000000.0,1130000000.0,14000000.0,830000000.0,300000000.0,-10000000.0,290000000.0,2707000000.0,545700000.0,545000000.0,557000000.0
Baxter International Inc,BAX,J5OIVXX3P24RJRW5CK77,10456,2017.0,Q3YTD,2017-01-01,2017-09-30,,1.45,1.45,0.45,1.42,139000000.0,788000000.0,785000000.0,3000000.0,788000000.0,,4481000000.0,7787000000.0,-35000000.0,,432000000.0,,1874000000.0,4481000000.0,3306000000.0,41000000.0,2306000000.0,1000000000.0,-76000000.0,924000000.0,7787000000.0,545700000.0,545000000.0,557000000.0
Baxter International Inc,BAX,J5OIVXX3P24RJRW5CK77,10456,2017.0,Q3TTM,2016-10-01,2017-09-30,,1.93,1.93,0.59,1.88,178000000.0,1031000000.0,1025000000.0,6000000.0,1031000000.0,,6018000000.0,10432000000.0,-46000000.0,,588000000.0,,2523000000.0,6018000000.0,4414000000.0,54000000.0,3111000000.0,1303000000.0,-100000000.0,1203000000.0,10432000000.0,545700000.0,545000000.0,557000000.0
Baxter International Inc,BAX,J5OIVXX3P24RJRW5CK77,10456,2017.0,Q2,2017-04-01,2017-06-30,2018-08-06 16:12:12+00:00,0.49,0.49,0.16,0.48,42000000.0,265000000.0,264000000.0,1000000.0,265000000.0,,1473000000.0,2605000000.0,-28000000.0,,155000000.0,,630000000.0,1473000000.0,1132000000.0,13000000.0,785000000.0,347000000.0,-41000000.0,306000000.0,2605000000.0,540800000.0,544000000.0,555000000.0
Baxter International Inc,BAX,J5OIVXX3P24RJRW5CK77,10456,2017.0,Q2YTD,2017-01-01,2017-06-30,,0.99,0.99,0.29,0.97,97000000.0,537000000.0,537000000.0,,537000000.0,,2904000000.0,5080000000.0,-39000000.0,,282000000.0,,1194000000.0,2904000000.0,2176000000.0,27000000.0,1476000000.0,700000000.0,-66000000.0,634000000.0,5080000000.0,540800000.0,544000000.0,555000000.0
Baxter International Inc,BAX,J5OIVXX3P24RJRW5CK77,10456,2017.0,Q2TTM,2016-07-01,2017-06-30,,1.71,1.71,0.56,1.67,137000000.0,910000000.0,904000000.0,6000000.0,910000000.0,,5928000000.0,10283000000.0,-94000000.0,,597000000.0,,2569000000.0,5928000000.0,4355000000.0,54000000.0,3166000000.0,1189000000.0,-148000000.0,1041000000.0,10283000000.0,540800000.0,544000000.0,555000000.0
Baxter International Inc,BAX,J5OIVXX3P24RJRW5CK77,10456,2017.0,Q1,2017-01-01,2017-03-31,2018-05-09 16:30:43+00:00,0.5,0.5,0.13,0.49,55000000.0,272000000.0,273000000.0,-1000000.0,272000000.0,,1431000000.0,2475000000.0,-11000000.0,,127000000.0,,564000000.0,1431000000.0,1044000000.0,14000000.0,691000000.0,353000000.0,-25000000.0,328000000.0,2475000000.0,544000000.0,541000000.0,551000000.0
Baxter International Inc,BAX,J5OIVXX3P24RJRW5CK77,10456,2017.0,Q1TTM,2016-04-01,2017-03-31,,3.43,3.43,0.53,3.38,101000000.0,1857000000.0,1852000000.0,5000000.0,1857000000.0,,6068000000.0,10263000000.0,1095000000.0,,637000000.0,,2648000000.0,6068000000.0,4195000000.0,52000000.0,3285000000.0,910000000.0,1043000000.0,1953000000.0,10263000000.0,544000000.0,541000000.0,551000000.0
Baxter International Inc,BAX,J5OIVXX3P24RJRW5CK77,10456,2018.0,FY,2018-01-01,2018-12-31,2020-03-17 07:12:46+00:00,2.9,2.9,0.73,2.83,65000000.0,1546000000.0,1552000000.0,-6000000.0,1546000000.0,0.0,6340000000.0,11099000000.0,78000000.0,-99000000.0,654000000.0,,2620000000.0,6340000000.0,4759000000.0,45000000.0,3175000000.0,1584000000.0,33000000.0,1617000000.0,11099000000.0,533100000.0,534000000.0,546000000.0
Baxter International Inc,BAX,J5OIVXX3P24RJRW5CK77,10456,2018.0,Q4,2018-10-01,2018-12-31,,0.57,0.57,0.38,0.54,101000000.0,296000000.0,302000000.0,-6000000.0,296000000.0,,1645000000.0,2819000000.0,28000000.0,-19000000.0,174000000.0,,633000000.0,1645000000.0,1174000000.0,11000000.0,788000000.0,386000000.0,17000000.0,403000000.0,2819000000.0,533100000.0,534000000.0,546000000.0
Baxter International Inc,BAX,J5OIVXX3P24RJRW5CK77,10456,2018.0,Q3,2018-07-01,2018-09-30,2020-03-17 07:03:09+00:00,0.97,0.97,,0.95,-146000000.0,518000000.0,518000000.0,,518000000.0,0.0,1529000000.0,2761000000.0,1000000.0,0.0,166000000.0,,684000000.0,1529000000.0,1232000000.0,11000000.0,850000000.0,382000000.0,-10000000.0,372000000.0,2761000000.0,534000000.0,534000000.0,546000000.0
Baxter International Inc,BAX,J5OIVXX3P24RJRW5CK77,10456,2018.0,Q3YTD,2018-01-01,2018-09-30,,2.33,2.33,0.35,2.29,-36000000.0,1250000000.0,1250000000.0,,1250000000.0,,4695000000.0,8280000000.0,50000000.0,-80000000.0,480000000.0,,1987000000.0,4695000000.0,3585000000.0,34000000.0,2387000000.0,1198000000.0,16000000.0,1214000000.0,8280000000.0,534000000.0,534000000.0,546000000.0
Baxter International Inc,BAX,J5OIVXX3P24RJRW5CK77,10456,2018.0,Q3TTM,2017-10-01,2018-09-30,,1.99,1.99,0.51,1.95,316000000.0,1064000000.0,1074000000.0,-10000000.0,1064000000.0,,6324000000.0,11077000000.0,-48000000.0,-136000000.0,663000000.0,,2740000000.0,6324000000.0,4753000000.0,48000000.0,3267000000.0,1486000000.0,-96000000.0,1390000000.0,11077000000.0,534000000.0,534000000.0,546000000.0
Baxter International Inc,BAX,J5OIVXX3P24RJRW5CK77,10456,2018.0,Q2,2018-04-01,2018-06-30,2019-07-30 16:39:33+00:00,0.64,0.64,0.19,0.63,61000000.0,343000000.0,343000000.0,,343000000.0,,1603000000.0,2842000000.0,31000000.0,,174000000.0,,681000000.0,1603000000.0,1239000000.0,11000000.0,855000000.0,384000000.0,20000000.0,404000000.0,2842000000.0,535900000.0,535000000.0,547000000.0
Baxter International Inc,BAX,J5OIVXX3P24RJRW5CK77,10456,2018.0,Q2YTD,2018-01-01,2018-06-30,,1.36,1.36,0.35,1.34,110000000.0,732000000.0,732000000.0,,732000000.0,,3166000000.0,5519000000.0,49000000.0,-80000000.0,314000000.0,,1303000000.0,3166000000.0,2353000000.0,23000000.0,1537000000.0,816000000.0,26000000.0,842000000.0,5519000000.0,535900000.0,535000000.0,547000000.0
Baxter International Inc,BAX,J5OIVXX3P24RJRW5CK77,10456,2018.0,Q2TTM,2017-07-01,2018-06-30,,1.48,1.48,0.67,1.45,504000000.0,797000000.0,804000000.0,-7000000.0,797000000.0,,6372000000.0,11023000000.0,-45000000.0,-136000000.0,647000000.0,,2736000000.0,6372000000.0,4651000000.0,51000000.0,3247000000.0,1404000000.0,-96000000.0,1308000000.0,11023000000.0,535900000.0,535000000.0,547000000.0
Baxter International Inc,BAX,J5OIVXX3P24RJRW5CK77,10456,2018.0,Q1,2018-01-01,2018-03-31,2019-05-07 17:55:55+00:00,0.72,0.72,0.16,0.71,49000000.0,389000000.0,389000000.0,,389000000.0,,1563000000.0,2677000000.0,18000000.0,-80000000.0,140000000.0,,622000000.0,1563000000.0,1114000000.0,12000000.0,682000000.0,432000000.0,6000000.0,438000000.0,2677000000.0,540300000.0,539000000.0,551000000.0
Baxter International Inc,BAX,J5OIVXX3P24RJRW5CK77,10456,2018.0,Q1TTM,2017-04-01,2018-03-31,,1.33,1.33,0.64,1.3,485000000.0,719000000.0,725000000.0,-6000000.0,719000000.0,,6242000000.0,10786000000.0,-104000000.0,-136000000.0,628000000.0,,2685000000.0,6242000000.0,4544000000.0,53000000.0,3177000000.0,1367000000.0,-157000000.0,1210000000.0,10786000000.0,540300000.0,539000000.0,551000000.0
Baxter International Inc,BAX,J5OIVXX3P24RJRW5CK77,10456,2019.0,Q4,2019-10-01,2019-12-31,,-0.09,-0.09,0.44,-0.1,-211000000.0,-49000000.0,-49000000.0,,-53000000.0,4000000.0,1741000000.0,3033000000.0,-771000000.0,-60000000.0,156000000.0,,665000000.0,1741000000.0,1292000000.0,20000000.0,761000000.0,531000000.0,-791000000.0,-260000000.0,3033000000.0,508100000.0,509000000.0,519000000.0
Baxter International Inc,BAX,J5OIVXX3P24RJRW5CK77,10456,2019.0,FY,2019-01-01,2019-12-31,2020-03-17 07:12:46+00:00,1.97,1.97,0.85,1.93,-41000000.0,1011000000.0,1011000000.0,0.0,1001000000.0,10000000.0,6601000000.0,11362000000.0,-731000000.0,-141000000.0,595000000.0,,2535000000.0,6601000000.0,4761000000.0,71000000.0,2989000000.0,1772000000.0,-802000000.0,970000000.0,11362000000.0,508100000.0,509000000.0,519000000.0
Baxter International Inc,BAX,J5OIVXX3P24RJRW5CK77,10456,2019.0,Q3,2019-07-01,2019-09-30,2020-03-17 07:03:09+00:00,0.72,0.72,,0.71,106000000.0,375000000.0,375000000.0,,369000000.0,6000000.0,1621000000.0,2851000000.0,-9000000.0,-44000000.0,144000000.0,,627000000.0,1621000000.0,1230000000.0,13000000.0,727000000.0,503000000.0,-22000000.0,481000000.0,2851000000.0,512500000.0,511000000.0,520000000.0
Baxter International Inc,BAX,J5OIVXX3P24RJRW5CK77,10456,2019.0,Q3YTD,2019-01-01,2019-09-30,,2.06,2.06,0.41,2.03,170000000.0,1060000000.0,1060000000.0,,1054000000.0,6000000.0,4860000000.0,8329000000.0,40000000.0,-81000000.0,439000000.0,,1870000000.0,4860000000.0,3469000000.0,51000000.0,2228000000.0,1241000000.0,-11000000.0,1230000000.0,8329000000.0,512500000.0,511000000.0,520000000.0
Baxter International Inc,BAX,J5OIVXX3P24RJRW5CK77,10456,2019.0,Q3TTM,2018-10-01,2019-09-30,,2.63,2.63,0.79,2.57,271000000.0,1356000000.0,1362000000.0,-6000000.0,1350000000.0,6000000.0,6505000000.0,11148000000.0,68000000.0,-100000000.0,613000000.0,,2503000000.0,6505000000.0,4643000000.0,62000000.0,3016000000.0,1627000000.0,6000000.0,1633000000.0,11148000000.0,512500000.0,511000000.0,520000000.0
Baxter International Inc,BAX,J5OIVXX3P24RJRW5CK77,10456,2019.0,Q2YTD,2019-01-01,2019-06-30,,1.34,1.34,0.41,1.32,64000000.0,685000000.0,685000000.0,,685000000.0,,3239000000.0,5478000000.0,49000000.0,-37000000.0,295000000.0,,1243000000.0,3239000000.0,2239000000.0,38000000.0,1501000000.0,738000000.0,11000000.0,749000000.0,5478000000.0,511900000.0,510000000.0,519000000.0
Baxter International Inc,BAX,J5OIVXX3P24RJRW5CK77,10456,2019.0,Q2TTM,2018-07-01,2019-06-30,,2.88,2.88,0.79,2.81,19000000.0,1499000000.0,1505000000.0,-6000000.0,1499000000.0,,6413000000.0,11058000000.0,78000000.0,-56000000.0,635000000.0,,2560000000.0,6413000000.0,4645000000.0,60000000.0,3139000000.0,1506000000.0,18000000.0,1524000000.0,11058000000.0,511900000.0,510000000.0,519000000.0
Baxter International Inc,BAX,J5OIVXX3P24RJRW5CK77,10456,2019.0,Q2,2019-04-01,2019-06-30,2019-07-30 16:39:33+00:00,0.67,0.67,0.22,0.66,20000000.0,343000000.0,343000000.0,,343000000.0,,1681000000.0,2840000000.0,28000000.0,-4000000.0,166000000.0,,642000000.0,1681000000.0,1159000000.0,20000000.0,804000000.0,355000000.0,8000000.0,363000000.0,2840000000.0,511900000.0,510000000.0,519000000.0
Baxter International Inc,BAX,J5OIVXX3P24RJRW5CK77,10456,2019.0,Q1,2019-01-01,2019-03-31,2020-04-30 07:23:21+00:00,0.67,0.67,0.19,0.66,44000000.0,342000000.0,342000000.0,,342000000.0,0.0,1558000000.0,2638000000.0,21000000.0,-33000000.0,129000000.0,,601000000.0,1558000000.0,1080000000.0,18000000.0,697000000.0,383000000.0,3000000.0,386000000.0,2638000000.0,510400000.0,512000000.0,522000000.0
Baxter International Inc,BAX,J5OIVXX3P24RJRW5CK77,10456,2019.0,Q1TTM,2018-04-01,2019-03-31,,2.85,2.85,0.76,2.78,60000000.0,1499000000.0,1505000000.0,-6000000.0,1499000000.0,,6335000000.0,11060000000.0,81000000.0,-52000000.0,643000000.0,,2599000000.0,6335000000.0,4725000000.0,51000000.0,3190000000.0,1535000000.0,30000000.0,1565000000.0,11060000000.0,510400000.0,512000000.0,522000000.0
Baxter International Inc,BAX,J5OIVXX3P24RJRW5CK77,10456,2020.0,Q1TTM,2019-04-01,2020-03-31,,1.95,1.95,0.88,1.91,-40000000.0,1002000000.0,1002000000.0,,991000000.0,11000000.0,6682000000.0,11526000000.0,-762000000.0,-128000000.0,612000000.0,,2562000000.0,6682000000.0,4844000000.0,74000000.0,3046000000.0,1798000000.0,-836000000.0,962000000.0,11526000000.0,510800000.0,507000000.0,516000000.0
Baxter International Inc,BAX,J5OIVXX3P24RJRW5CK77,10456,2020.0,Q1,2020-01-01,2020-03-31,2020-04-30 07:23:21+00:00,0.65,0.65,0.22,0.64,45000000.0,333000000.0,333000000.0,,332000000.0,1000000.0,1639000000.0,2802000000.0,-10000000.0,-20000000.0,146000000.0,,628000000.0,1639000000.0,1163000000.0,21000000.0,754000000.0,409000000.0,-31000000.0,378000000.0,2802000000.0,510800000.0,507000000.0,516000000.0
