company_name,company_ticker,company_lei,company_cik,year,quarter,start_date,end_date,filing_date,basicdilutedeps,basiceps,cashdividendspershare,depreciationexpense,dilutedeps,impairmentexpense,incometaxexpense,netincome,netincomecontinuing,netincometocommon,netincometononcontrollinginterest,operatingcostofrevenue,operatingrevenue,otheradjustmentstoconsolidatednetincome,otherincome,otheroperatingexpenses,otherspecialcharges,preferreddividends,restructuringcharge,sgaexpense,totalcostofrevenue,totalgrossprofit,totalinterestexpense,totalinterestincome,totaloperatingexpenses,totaloperatingincome,totalotherincome,totalpretaxincome,totalrevenue,weightedavebasicdilutedsharesos,weightedavebasicsharesos,weightedavedilutedsharesos
Frontier Communications Corp,FTR,,20520,2008.0,FY,2008-01-01,2008-12-31,2011-02-25 12:25:21+00:00,0.57,0.57,,561801000.0,0.57,,106496000.0,184274000.0,184274000.0,182660000.0,1614000.0,222013000.0,2237018000.0,,-5170000.0,,,,,810748000.0,222013000.0,2015005000.0,362634000.0,16118000.0,1372549000.0,642456000.0,-351686000.0,290770000.0,2237018000.0,320500000.0,320500000.0,320500000.0
Frontier Communications Corp,FTR,,20520,2009.0,FY,2009-01-01,2009-12-31,2012-02-23 16:16:15+00:00,0.38,0.38,,476391000.0,0.38,,69928000.0,123181000.0,123181000.0,120783000.0,2398000.0,225907000.0,2117894000.0,,-41127000.0,,,,28334000.0,781097000.0,225907000.0,1891987000.0,378214000.0,6285000.0,1285822000.0,606165000.0,-413056000.0,193109000.0,2117894000.0,317900000.0,317900000.0,317900000.0
Frontier Communications Corp,FTR,,20520,2009.0,Q3,2009-07-01,2009-09-30,2010-11-09 12:36:28+00:00,0.17,0.17,,103123000.0,0.17,,29021000.0,52746000.0,52746000.0,52159000.0,587000.0,54549000.0,526816000.0,,5200000.0,,,,3706000.0,192948000.0,54549000.0,472267000.0,96578000.0,655000.0,299777000.0,172490000.0,-90723000.0,81767000.0,526816000.0,306800000.0,306800000.0,306800000.0
Frontier Communications Corp,FTR,,20520,2009.0,Q2,2009-04-01,2009-06-30,2010-08-05 13:04:15+00:00,0.09,0.09,,132818000.0,0.09,,14254000.0,28310000.0,28310000.0,27918000.0,392000.0,59203000.0,532142000.0,,3355000.0,,,,10751000.0,192754000.0,59203000.0,472939000.0,98670000.0,1263000.0,336323000.0,136616000.0,-94052000.0,42564000.0,532142000.0,310200000.0,310200000.0,310200000.0
Frontier Communications Corp,FTR,,20520,2010.0,Q4,2010-10-01,2010-12-31,,-0.05,-0.05,,352802000.0,-0.05,,26247000.0,46622000.0,46622000.0,45992000.0,630000.0,140624000.0,1358721000.0,,193000.0,,,,11275000.0,614340000.0,140624000.0,1218097000.0,167458000.0,454000.0,978417000.0,239680000.0,-166811000.0,72869000.0,1358721000.0,649828000.0,649828000.0,649828000.0
Frontier Communications Corp,FTR,,20520,2010.0,FY,2010-01-01,2010-12-31,2013-02-27 11:39:17+00:00,0.23,0.23,,893719000.0,0.23,,114999000.0,155717000.0,155717000.0,152673000.0,3044000.0,383679000.0,3797675000.0,,13690000.0,,,,137142000.0,1611137000.0,383679000.0,3413996000.0,521820000.0,6848000.0,2641998000.0,771998000.0,-501282000.0,270716000.0,3797675000.0,649828000.0,649828000.0,649828000.0
Frontier Communications Corp,FTR,,20520,2010.0,Q3YTD,2010-01-01,2010-09-30,,0.28,0.28,,540917000.0,0.28,,88752000.0,109095000.0,109095000.0,106681000.0,2414000.0,243055000.0,2438954000.0,,13497000.0,,,,125867000.0,996797000.0,243055000.0,2195899000.0,354362000.0,6394000.0,1663581000.0,532318000.0,-334471000.0,197847000.0,2438954000.0,988945000.0,988945000.0,988945000.0
Frontier Communications Corp,FTR,,20520,2010.0,Q3,2010-07-01,2010-09-30,2011-11-04 15:03:01+00:00,0.03,0.03,,339894000.0,0.03,,40358000.0,29684000.0,29684000.0,28995000.0,689000.0,136373000.0,1402968000.0,,2207000.0,,,,78533000.0,614123000.0,136373000.0,1266595000.0,166607000.0,397000.0,1032550000.0,234045000.0,-164003000.0,70042000.0,1402968000.0,988945000.0,988945000.0,988945000.0
Frontier Communications Corp,FTR,,20520,2010.0,Q2YTD,2010-01-01,2010-06-30,,0.25,0.25,,201023000.0,0.25,,48394000.0,79411000.0,79411000.0,77686000.0,1725000.0,106682000.0,1035986000.0,,11290000.0,,,,47334000.0,382674000.0,106682000.0,929304000.0,187755000.0,5997000.0,631031000.0,298273000.0,-170468000.0,127805000.0,1035986000.0,319300000.0,319300000.0,319300000.0
Frontier Communications Corp,FTR,,20520,2010.0,Q2,2010-04-01,2010-06-30,2011-08-05 16:33:26+00:00,0.11,0.11,,99974000.0,0.11,,16338000.0,35939000.0,35939000.0,35121000.0,818000.0,53139000.0,516137000.0,,6334000.0,,,,36964000.0,189649000.0,53139000.0,462998000.0,93968000.0,3500000.0,326587000.0,136411000.0,-84134000.0,52277000.0,516137000.0,319300000.0,319300000.0,319300000.0
Frontier Communications Corp,FTR,,20520,2010.0,Q1,2010-01-01,2010-03-31,2011-05-06 13:43:28+00:00,0.14,0.14,,101049000.0,0.14,,32056000.0,43472000.0,43472000.0,42565000.0,907000.0,53543000.0,519849000.0,,4956000.0,,,,10370000.0,193025000.0,53543000.0,466306000.0,93787000.0,2497000.0,304444000.0,161862000.0,-86334000.0,75528000.0,519849000.0,304000000.0,304000000.0,304000000.0
Frontier Communications Corp,FTR,,20520,2011.0,Q4,2011-10-01,2011-12-31,,0.05,0.05,,341025000.0,0.05,,21534000.0,45248000.0,45248000.0,42247000.0,3001000.0,120828000.0,1283152000.0,,1720000.0,,,,42247000.0,548595000.0,120828000.0,1162324000.0,165162000.0,-233000.0,931867000.0,230457000.0,-163675000.0,66782000.0,1283152000.0,989852000.0,989852000.0,989852000.0
Frontier Communications Corp,FTR,,20520,2011.0,FY,2011-01-01,2011-12-31,2014-02-27 10:39:06+00:00,0.15,0.15,,1403175000.0,0.15,,88343000.0,157608000.0,157608000.0,149614000.0,7994000.0,518682000.0,5243043000.0,,9135000.0,,,,143146000.0,2278419000.0,518682000.0,4724361000.0,665196000.0,2391000.0,3824740000.0,899621000.0,-653670000.0,245951000.0,5243043000.0,989852000.0,989852000.0,989852000.0
Frontier Communications Corp,FTR,,20520,2011.0,Q3YTD,2011-01-01,2011-09-30,,0.1,0.1,,1062150000.0,0.1,,66809000.0,112360000.0,112360000.0,107367000.0,4993000.0,397854000.0,3959891000.0,,7415000.0,,,,100899000.0,1729824000.0,397854000.0,3562037000.0,500034000.0,2624000.0,2892873000.0,669164000.0,-489995000.0,179169000.0,3959891000.0,990259000.0,990259000.0,990259000.0
Frontier Communications Corp,FTR,,20520,2011.0,Q3TTM,2010-10-01,2011-09-30,,0.05,0.05,,1414952000.0,0.05,,93056000.0,158982000.0,158982000.0,153359000.0,5623000.0,538478000.0,5318612000.0,,7608000.0,,,,112174000.0,2344164000.0,538478000.0,4780134000.0,667492000.0,3078000.0,3871290000.0,908844000.0,-656806000.0,252038000.0,5318612000.0,990259000.0,990259000.0,990259000.0
Frontier Communications Corp,FTR,,20520,2011.0,Q3,2011-07-01,2011-09-30,2012-11-08 15:54:48+00:00,0.02,0.02,,351907000.0,0.02,,-6948000.0,22320000.0,22320000.0,20395000.0,1925000.0,119941000.0,1290939000.0,,1502000.0,,,,67412000.0,571388000.0,119941000.0,1170998000.0,165755000.0,-666000.0,990707000.0,180291000.0,-164919000.0,15372000.0,1290939000.0,990259000.0,990259000.0,990259000.0
Frontier Communications Corp,FTR,,20520,2011.0,Q2YTD,2011-01-01,2011-06-30,,0.08,0.08,,710243000.0,0.08,,73757000.0,90040000.0,90040000.0,86972000.0,3068000.0,277913000.0,2668952000.0,,5913000.0,,,,33487000.0,1158436000.0,277913000.0,2391039000.0,334279000.0,3290000.0,1902166000.0,488873000.0,-325076000.0,163797000.0,2668952000.0,1075400000.0,1075400000.0,1075400000.0
Frontier Communications Corp,FTR,,20520,2011.0,Q2TTM,2010-07-01,2011-06-30,,0.06,0.06,,1402939000.0,0.06,,140362000.0,166346000.0,166346000.0,161959000.0,4387000.0,554910000.0,5430641000.0,,8313000.0,,,,123295000.0,2386899000.0,554910000.0,4875731000.0,668344000.0,4141000.0,3913133000.0,962598000.0,-655890000.0,306708000.0,5430641000.0,1075400000.0,1075400000.0,1075400000.0
Frontier Communications Corp,FTR,,20520,2011.0,Q2,2011-04-01,2011-06-30,2012-08-03 09:57:33+00:00,0.03,0.03,,358986000.0,0.03,,37190000.0,33844000.0,33844000.0,32261000.0,1583000.0,126629000.0,1322255000.0,,-557000.0,,,,20264000.0,578096000.0,126629000.0,1195626000.0,166864000.0,175000.0,957346000.0,238280000.0,-167246000.0,71034000.0,1322255000.0,1075400000.0,1075400000.0,1075400000.0
Frontier Communications Corp,FTR,,20520,2011.0,Q1TTM,2010-04-01,2011-03-31,,0.14,0.14,,1143927000.0,0.14,,119510000.0,168441000.0,168441000.0,164819000.0,3622000.0,481420000.0,4624523000.0,,15204000.0,,,,139995000.0,1998452000.0,481420000.0,4143103000.0,595448000.0,7466000.0,3282374000.0,860729000.0,-572778000.0,287951000.0,4624523000.0,1094200000.0,1094200000.0,1094200000.0
Frontier Communications Corp,FTR,,20520,2011.0,Q1,2011-01-01,2011-03-31,2012-05-09 15:05:03+00:00,0.05,0.05,,351257000.0,0.05,,36567000.0,56196000.0,56196000.0,54711000.0,1485000.0,151284000.0,1346697000.0,,6470000.0,,,,13223000.0,580340000.0,151284000.0,1195413000.0,167415000.0,3115000.0,944820000.0,250593000.0,-157830000.0,92763000.0,1346697000.0,1094200000.0,1094200000.0,1094200000.0
Frontier Communications Corp,FTR,,20520,2012.0,Q4,2012-10-01,2012-12-31,,0.02,0.02,,304044000.0,0.01,,9488000.0,12521000.0,29199000.0,24879000.0,-12358000.0,108535000.0,1232553000.0,-16678000.0,13555000.0,1133692000.0,,,13533000.0,-562981000.0,108535000.0,1124018000.0,198181000.0,-12417000.0,888288000.0,235730000.0,-197043000.0,38687000.0,1232553000.0,990537000.0,990537000.0,1051000000.0
Frontier Communications Corp,FTR,,20520,2012.0,FY,2012-01-01,2012-12-31,2015-02-24 21:17:02+00:00,0.14,0.14,,1266807000.0,0.13,,75638000.0,136636000.0,153314000.0,136636000.0,,441588000.0,5011853000.0,-16678000.0,20132000.0,1133692000.0,,,81737000.0,1100861000.0,441588000.0,4570265000.0,778348000.0,,3583097000.0,987168000.0,-758216000.0,228952000.0,5011853000.0,990537000.0,990537000.0,1051000000.0
Frontier Communications Corp,FTR,,20520,2012.0,Q3YTD,2012-01-01,2012-09-30,,0.12,0.12,,962763000.0,0.12,,66150000.0,124115000.0,124115000.0,111757000.0,12358000.0,333053000.0,3779300000.0,,6577000.0,,,,68204000.0,1663842000.0,333053000.0,3446247000.0,580167000.0,12417000.0,2694809000.0,751438000.0,-561173000.0,190265000.0,3779300000.0,991295000.0,991295000.0,991295000.0
Frontier Communications Corp,FTR,,20520,2012.0,Q3TTM,2011-10-01,2012-09-30,,0.17,0.17,,1303788000.0,0.17,,87684000.0,169363000.0,169363000.0,154004000.0,15359000.0,453881000.0,5062452000.0,,8297000.0,,,,110451000.0,2212437000.0,453881000.0,4608571000.0,745329000.0,12184000.0,3626676000.0,981895000.0,-724848000.0,257047000.0,5062452000.0,991295000.0,991295000.0,991295000.0
Frontier Communications Corp,FTR,,20520,2012.0,Q3,2012-07-01,2012-09-30,2013-11-07 10:06:03+00:00,0.07,0.07,,298416000.0,0.07,,35739000.0,71626000.0,71626000.0,67000000.0,4626000.0,102051000.0,1252469000.0,,4279000.0,,,,4458000.0,572348000.0,102051000.0,1150418000.0,172433000.0,323000.0,875222000.0,275196000.0,-167831000.0,107365000.0,1252469000.0,991295000.0,991295000.0,991295000.0
Frontier Communications Corp,FTR,,20520,2012.0,Q2YTD,2012-01-01,2012-06-30,,0.05,0.05,,664347000.0,0.05,,30411000.0,52489000.0,52489000.0,44757000.0,7732000.0,231002000.0,2526831000.0,,2298000.0,,,,63746000.0,1091494000.0,231002000.0,2295829000.0,407734000.0,12094000.0,1819587000.0,476242000.0,-393342000.0,82900000.0,2526831000.0,899500000.0,899500000.0,899500000.0
Frontier Communications Corp,FTR,,20520,2012.0,Q2TTM,2011-07-01,2012-06-30,,0.12,0.12,,1357279000.0,0.12,,44997000.0,120057000.0,120057000.0,107399000.0,12658000.0,471771000.0,5100922000.0,,5520000.0,,,,173405000.0,2211477000.0,471771000.0,4629151000.0,738651000.0,11195000.0,3742161000.0,886990000.0,-721936000.0,165054000.0,5100922000.0,899500000.0,899500000.0,899500000.0
Frontier Communications Corp,FTR,,20520,2012.0,Q2,2012-04-01,2012-06-30,2013-08-08 11:02:13+00:00,0.02,0.02,,307047000.0,0.02,,11717000.0,21999000.0,21999000.0,17989000.0,4010000.0,115433000.0,1258777000.0,,-1187000.0,,0.0,,28602000.0,539911000.0,115433000.0,1143344000.0,242872000.0,9991000.0,875560000.0,267784000.0,-234068000.0,33716000.0,1258777000.0,899500000.0,899500000.0,899500000.0
Frontier Communications Corp,FTR,,20520,2012.0,Q1TTM,2011-04-01,2012-03-31,,0.13,0.13,,1409218000.0,0.13,,70470000.0,131902000.0,131902000.0,121671000.0,10231000.0,482967000.0,5164400000.0,,6150000.0,,,,165067000.0,2249662000.0,482967000.0,4681433000.0,662643000.0,1379000.0,3823947000.0,857486000.0,-655114000.0,202372000.0,5164400000.0,892300000.0,892300000.0,892300000.0
Frontier Communications Corp,FTR,,20520,2012.0,Q1,2012-01-01,2012-03-31,2013-05-07 16:18:53+00:00,0.03,0.03,,357300000.0,0.03,,18694000.0,30490000.0,30490000.0,26768000.0,3722000.0,115569000.0,1268054000.0,,3485000.0,,,,35144000.0,551583000.0,115569000.0,1152485000.0,164862000.0,2103000.0,944027000.0,208458000.0,-159274000.0,49184000.0,1268054000.0,892300000.0,892300000.0,892300000.0
Frontier Communications Corp,FTR,,20520,2013.0,FY,2013-01-01,2013-12-31,2015-02-24 21:17:02+00:00,0.11,0.11,,1169500000.0,0.11,,47242000.0,112835000.0,115478000.0,112835000.0,,431073000.0,4761576000.0,-2643000.0,9177000.0,1083555000.0,29562000.0,,9652000.0,1057513000.0,431073000.0,4330503000.0,827178000.0,,3349782000.0,980721000.0,-818001000.0,162720000.0,4761576000.0,992659000.0,992659000.0,992659000.0
Frontier Communications Corp,FTR,,20520,2013.0,Q3,2013-07-01,2013-09-30,2014-11-05 15:58:35+00:00,0.04,0.04,,285701000.0,0.04,,8461000.0,35400000.0,35400000.0,35400000.0,,103955000.0,1185278000.0,,1524000.0,,40309000.0,,,549141000.0,103955000.0,1081323000.0,163835000.0,,875151000.0,206172000.0,-162311000.0,43861000.0,1185278000.0,885000000.0,885000000.0,885000000.0
Frontier Communications Corp,FTR,,20520,2013.0,Q1,2013-01-01,2013-03-31,2014-05-08 16:33:41+00:00,0.05,0.05,,303675000.0,0.05,,33275000.0,48140000.0,50783000.0,48140000.0,,109398000.0,1205396000.0,-2643000.0,4654000.0,,,,,541499000.0,109398000.0,1095998000.0,171420000.0,,845174000.0,250824000.0,-166766000.0,84058000.0,1205396000.0,991873000.0,991873000.0,991873000.0
Frontier Communications Corp,FTR,,20520,2013.0,Q1TTM,2012-04-01,2013-03-31,,0.16,0.16,,1213182000.0,0.15,,90219000.0,154286000.0,173607000.0,158008000.0,-3722000.0,435417000.0,4949195000.0,-19321000.0,21301000.0,1133692000.0,,,46593000.0,1090777000.0,435417000.0,4513778000.0,784906000.0,-2103000.0,3484244000.0,1029534000.0,-765708000.0,263826000.0,4949195000.0,991873000.0,991873000.0,991873000.0
Frontier Communications Corp,FTR,,20520,2014.0,FY,2014-01-01,2014-12-31,2017-02-28 17:41:53+00:00,0.13,0.13,,1139000000.0,0.13,,30000000.0,133000000.0,133000000.0,133000000.0,,465000000.0,4772000000.0,,39000000.0,1118000000.0,,,144000000.0,1086000000.0,465000000.0,4307000000.0,696000000.0,,3487000000.0,820000000.0,-657000000.0,163000000.0,4772000000.0,1023100000.0,994418000.0,998162000.0
Frontier Communications Corp,FTR,,20520,2014.0,Q4,2014-10-01,2014-12-31,,0.01,0.01,0.1,323000000.0,0.01,,-16000000.0,14000000.0,14000000.0,14000000.0,,144000000.0,1330000000.0,,13000000.0,320000000.0,,,72000000.0,298000000.0,144000000.0,1186000000.0,188000000.0,,1013000000.0,173000000.0,-175000000.0,-2000000.0,1330000000.0,1023100000.0,994418000.0,998162000.0
Frontier Communications Corp,FTR,,20520,2014.0,Q3,2014-07-01,2014-09-30,2015-11-05 16:55:22+00:00,0.04,0.04,,261000000.0,0.04,,10000000.0,42000000.0,42000000.0,42000000.0,,108000000.0,1141000000.0,,25000000.0,276000000.0,,,42000000.0,257000000.0,108000000.0,1033000000.0,170000000.0,,836000000.0,197000000.0,-145000000.0,52000000.0,1141000000.0,1050000000.0,994647000.0,997855000.0
Frontier Communications Corp,FTR,,20520,2014.0,Q3YTD,2014-01-01,2014-09-30,,0.12,0.12,0.3,816000000.0,0.12,,46000000.0,119000000.0,119000000.0,119000000.0,,321000000.0,3442000000.0,,26000000.0,798000000.0,,,72000000.0,788000000.0,321000000.0,3121000000.0,508000000.0,,2474000000.0,647000000.0,-482000000.0,165000000.0,3442000000.0,1050000000.0,994647000.0,997855000.0
Frontier Communications Corp,FTR,,20520,2014.0,Q2YTD,2014-01-01,2014-06-30,,0.08,0.08,,555000000.0,0.08,,36000000.0,77000000.0,77000000.0,77000000.0,,213000000.0,2301000000.0,,1000000.0,522000000.0,,,30000000.0,531000000.0,213000000.0,2088000000.0,338000000.0,,1638000000.0,450000000.0,-337000000.0,113000000.0,2301000000.0,994628000.0,994628000.0,994628000.0
Frontier Communications Corp,FTR,,20520,2014.0,Q2,2014-04-01,2014-06-30,2015-08-05 16:01:49+00:00,0.04,0.04,,274000000.0,0.04,,19000000.0,38000000.0,38000000.0,38000000.0,,106000000.0,1147000000.0,,,259000000.0,,,19000000.0,265000000.0,106000000.0,1041000000.0,167000000.0,,817000000.0,224000000.0,-167000000.0,57000000.0,1147000000.0,994628000.0,994628000.0,994628000.0
Frontier Communications Corp,FTR,,20520,2014.0,Q1TTM,2013-04-01,2014-03-31,,0.1,0.1,,1146825000.0,0.1,,30967000.0,103695000.0,103695000.0,103695000.0,,428675000.0,4710180000.0,,5523000.0,1346555000.0,29562000.0,,20652000.0,782014000.0,428675000.0,4281505000.0,826758000.0,,3325608000.0,955897000.0,-821235000.0,134662000.0,4710180000.0,994026000.0,994026000.0,994026000.0
Frontier Communications Corp,FTR,,20520,2014.0,Q1,2014-01-01,2014-03-31,2015-05-07 16:09:03+00:00,0.04,0.04,,281000000.0,0.04,,17000000.0,39000000.0,39000000.0,39000000.0,,107000000.0,1154000000.0,,1000000.0,263000000.0,,,11000000.0,266000000.0,107000000.0,1047000000.0,171000000.0,,821000000.0,226000000.0,-170000000.0,56000000.0,1154000000.0,994026000.0,994026000.0,994026000.0
Frontier Communications Corp,FTR,,20520,2015.0,FY,2015-01-01,2015-12-31,2018-02-28 18:12:14+00:00,-4.41,-4.41,,1320000000.0,-4.41,,-165000000.0,-196000000.0,-196000000.0,-316000000.0,,640000000.0,5576000000.0,,7000000.0,1287000000.0,,120000000.0,238000000.0,1346000000.0,640000000.0,4936000000.0,1113000000.0,,4191000000.0,745000000.0,-1106000000.0,-361000000.0,5576000000.0,71700000.0,72308000.0,72308000.0
Frontier Communications Corp,FTR,,20520,2015.0,Q4,2015-10-01,2015-12-31,,-2.16,-2.16,2.43,319000000.0,-2.16,,-73000000.0,-103000000.0,-103000000.0,-156000000.0,,165000000.0,1413000000.0,,4000000.0,318000000.0,,53000000.0,88000000.0,341000000.0,165000000.0,1248000000.0,362000000.0,,1066000000.0,182000000.0,-358000000.0,-176000000.0,1413000000.0,71700000.0,72308000.0,72308000.0
Frontier Communications Corp,FTR,,20520,2015.0,Q3,2015-07-01,2015-09-30,2016-11-03 16:18:18+00:00,-0.07,-0.07,,325000000.0,-0.07,,-24000000.0,-14000000.0,-14000000.0,-81000000.0,,159000000.0,1424000000.0,,1000000.0,331000000.0,,67000000.0,58000000.0,344000000.0,159000000.0,1265000000.0,246000000.0,,1058000000.0,207000000.0,-245000000.0,-38000000.0,1424000000.0,1161207000.0,1161207000.0,1161207000.0
Frontier Communications Corp,FTR,,20520,2015.0,Q3YTD,2015-01-01,2015-09-30,,-0.14,-0.14,0.34,1001000000.0,-0.14,,-92000000.0,-93000000.0,-93000000.0,-160000000.0,,475000000.0,4163000000.0,,3000000.0,969000000.0,,67000000.0,150000000.0,1005000000.0,475000000.0,3688000000.0,751000000.0,,3125000000.0,563000000.0,-748000000.0,-185000000.0,4163000000.0,1161207000.0,1161207000.0,1161207000.0
Frontier Communications Corp,FTR,,20520,2015.0,Q3TTM,2014-10-01,2015-09-30,,-0.13,-0.13,0.43,1324000000.0,-0.13,,-108000000.0,-79000000.0,-79000000.0,-146000000.0,,619000000.0,5493000000.0,,16000000.0,1289000000.0,,67000000.0,222000000.0,1303000000.0,619000000.0,4874000000.0,939000000.0,,4138000000.0,736000000.0,-923000000.0,-187000000.0,5493000000.0,1161207000.0,1161207000.0,1161207000.0
Frontier Communications Corp,FTR,,20520,2015.0,Q2,2015-04-01,2015-06-30,2016-08-08 08:31:33+00:00,-0.03,-0.03,,335000000.0,-0.03,,-38000000.0,-28000000.0,-28000000.0,-28000000.0,,161000000.0,1368000000.0,,1000000.0,313000000.0,,,35000000.0,331000000.0,161000000.0,1207000000.0,260000000.0,,1014000000.0,193000000.0,-259000000.0,-66000000.0,1368000000.0,1037407000.0,933300000.0,933300000.0
Frontier Communications Corp,FTR,,20520,2015.0,Q2YTD,2015-01-01,2015-06-30,,-0.08,-0.08,0.23,676000000.0,-0.08,,-68000000.0,-79000000.0,-79000000.0,-79000000.0,,316000000.0,2739000000.0,,2000000.0,638000000.0,,,92000000.0,661000000.0,316000000.0,2423000000.0,505000000.0,,2067000000.0,356000000.0,-503000000.0,-147000000.0,2739000000.0,1037407000.0,933300000.0,933300000.0
Frontier Communications Corp,FTR,,20520,2015.0,Q2TTM,2014-07-01,2015-06-30,,-0.02,-0.02,0.44,1260000000.0,-0.02,,-74000000.0,-23000000.0,-23000000.0,-23000000.0,,568000000.0,5210000000.0,,40000000.0,1234000000.0,,,206000000.0,1216000000.0,568000000.0,4642000000.0,863000000.0,,3916000000.0,726000000.0,-823000000.0,-97000000.0,5210000000.0,1037407000.0,933300000.0,933300000.0
Frontier Communications Corp,FTR,,20520,2015.0,Q1,2015-01-01,2015-03-31,2016-05-05 16:08:13+00:00,-0.05,-0.05,,341000000.0,-0.05,,-30000000.0,-51000000.0,-51000000.0,-51000000.0,,155000000.0,1371000000.0,,1000000.0,325000000.0,,,57000000.0,330000000.0,155000000.0,1216000000.0,245000000.0,,1053000000.0,163000000.0,-244000000.0,-81000000.0,1371000000.0,994716000.0,994716000.0,994716000.0
Frontier Communications Corp,FTR,,20520,2015.0,Q1TTM,2014-04-01,2015-03-31,,0.04,0.04,0.41,1199000000.0,0.04,,-17000000.0,43000000.0,43000000.0,43000000.0,,513000000.0,4989000000.0,,39000000.0,1180000000.0,,,190000000.0,1150000000.0,513000000.0,4476000000.0,770000000.0,,3719000000.0,757000000.0,-731000000.0,26000000.0,4989000000.0,994716000.0,994716000.0,994716000.0
Frontier Communications Corp,FTR,,20520,2016.0,FY,2016-01-01,2016-12-31,2018-02-28 18:12:14+00:00,-7.61,-7.61,6.35,2031000000.0,-7.61,,-250000000.0,-373000000.0,-373000000.0,-587000000.0,,1470000000.0,8896000000.0,,27000000.0,1887000000.0,,214000000.0,527000000.0,2093000000.0,1470000000.0,7426000000.0,1538000000.0,,6538000000.0,888000000.0,-1511000000.0,-623000000.0,8896000000.0,77100000.0,77607000.0,77607000.0
Frontier Communications Corp,FTR,,20520,2016.0,Q4,2016-10-01,2016-12-31,,-1.71,-1.71,2.27,562000000.0,-1.71,,-38000000.0,-80000000.0,-80000000.0,-133000000.0,,417000000.0,2409000000.0,,13000000.0,488000000.0,,53000000.0,129000000.0,558000000.0,417000000.0,1992000000.0,386000000.0,,1737000000.0,255000000.0,-373000000.0,-118000000.0,2409000000.0,77100000.0,77607000.0,77607000.0
Frontier Communications Corp,FTR,,20520,2016.0,Q3,2016-07-01,2016-09-30,2017-11-02 16:48:20+00:00,-1.73,-1.73,,578000000.0,-1.73,,-46000000.0,-80000000.0,-80000000.0,-134000000.0,,440000000.0,2524000000.0,,3000000.0,527000000.0,,54000000.0,133000000.0,582000000.0,440000000.0,2084000000.0,393000000.0,,1820000000.0,264000000.0,-390000000.0,-126000000.0,2524000000.0,77500000.0,77612000.0,77612000.0
Frontier Communications Corp,FTR,,20520,2016.0,Q3YTD,2016-01-01,2016-09-30,,-5.85,-5.85,6.84,1469000000.0,-5.85,,-212000000.0,-293000000.0,-293000000.0,-454000000.0,,1053000000.0,6487000000.0,,14000000.0,1399000000.0,,161000000.0,398000000.0,1535000000.0,1053000000.0,5434000000.0,1152000000.0,,4801000000.0,633000000.0,-1138000000.0,-505000000.0,6487000000.0,77500000.0,77612000.0,77612000.0
Frontier Communications Corp,FTR,,20520,2016.0,Q3TTM,2015-10-01,2016-09-30,,-7.86,-7.86,9.11,1788000000.0,-7.86,,-285000000.0,-396000000.0,-396000000.0,-610000000.0,,1218000000.0,7900000000.0,,18000000.0,1717000000.0,,214000000.0,486000000.0,1876000000.0,1218000000.0,6682000000.0,1514000000.0,,5867000000.0,815000000.0,-1496000000.0,-681000000.0,7900000000.0,77500000.0,77612000.0,77612000.0
Frontier Communications Corp,FTR,,20520,2016.0,Q2,2016-04-01,2016-06-30,2017-08-03 16:43:15+00:00,-1.05,-1.05,,575000000.0,-1.05,,-48000000.0,-27000000.0,-27000000.0,-80000000.0,,453000000.0,2608000000.0,,,546000000.0,,53000000.0,127000000.0,596000000.0,453000000.0,2155000000.0,386000000.0,,1844000000.0,311000000.0,-386000000.0,-75000000.0,2608000000.0,76200000.0,77625000.0,77625000.0
Frontier Communications Corp,FTR,,20520,2016.0,Q2YTD,2016-01-01,2016-06-30,,-4.12,-4.12,4.55,891000000.0,-4.12,,-166000000.0,-213000000.0,-213000000.0,-320000000.0,,613000000.0,3963000000.0,,11000000.0,872000000.0,,107000000.0,265000000.0,953000000.0,613000000.0,3350000000.0,759000000.0,,2981000000.0,369000000.0,-748000000.0,-379000000.0,3963000000.0,76200000.0,77625000.0,77625000.0
Frontier Communications Corp,FTR,,20520,2016.0,Q2TTM,2015-07-01,2016-06-30,,-7.18,-7.18,9.25,1535000000.0,-7.18,,-263000000.0,-330000000.0,-330000000.0,-557000000.0,,937000000.0,6800000000.0,,16000000.0,1521000000.0,,227000000.0,411000000.0,1638000000.0,937000000.0,5863000000.0,1367000000.0,,5105000000.0,758000000.0,-1351000000.0,-593000000.0,6800000000.0,76200000.0,77625000.0,77625000.0
Frontier Communications Corp,FTR,,20520,2016.0,Q1,2016-01-01,2016-03-31,2017-05-04 16:12:30+00:00,-0.21,-0.21,,316000000.0,-0.21,,-118000000.0,-186000000.0,-186000000.0,-240000000.0,,160000000.0,1355000000.0,,11000000.0,326000000.0,,54000000.0,138000000.0,357000000.0,160000000.0,1195000000.0,373000000.0,,1137000000.0,58000000.0,-362000000.0,-304000000.0,1355000000.0,1164041000.0,1164041000.0,1164041000.0
Frontier Communications Corp,FTR,,20520,2016.0,Q1TTM,2015-04-01,2016-03-31,,-0.43,-0.43,0.56,1295000000.0,-0.43,,-253000000.0,-331000000.0,-331000000.0,-505000000.0,,645000000.0,5560000000.0,,17000000.0,1288000000.0,,174000000.0,319000000.0,1373000000.0,645000000.0,4915000000.0,1241000000.0,,4275000000.0,640000000.0,-1224000000.0,-584000000.0,5560000000.0,1164041000.0,1164041000.0,1164041000.0
Frontier Communications Corp,FTR,,20520,2017.0,FY,2017-01-01,2017-12-31,2020-03-31 17:21:02+00:00,-25.99,-25.99,3.42,2184000000.0,-25.99,2748000000.0,-1383000000.0,-1804000000.0,-1804000000.0,-2018000000.0,,1597000000.0,9128000000.0,,-83000000.0,1958000000.0,,214000000.0,107000000.0,2017000000.0,1597000000.0,7531000000.0,1622000000.0,1000000.0,9014000000.0,-1483000000.0,-1704000000.0,-3187000000.0,9128000000.0,77736000.0,77736000.0,77736000.0
Frontier Communications Corp,FTR,,20520,2017.0,Q4,2017-10-01,2017-12-31,,-13.92,-13.92,1.29,514000000.0,-13.92,2078000000.0,-1103000000.0,-1029000000.0,-1029000000.0,-1082000000.0,,388000000.0,2217000000.0,,-10000000.0,490000000.0,,53000000.0,37000000.0,457000000.0,388000000.0,1829000000.0,376000000.0,1000000.0,3576000000.0,-1747000000.0,-385000000.0,-2132000000.0,2217000000.0,77736000.0,77736000.0,77736000.0
Frontier Communications Corp,FTR,,20520,2017.0,Q3,2017-07-01,2017-09-30,2018-11-07 16:04:37+00:00,-1.19,-1.19,,539000000.0,-1.19,,-31000000.0,-38000000.0,-38000000.0,-92000000.0,,390000000.0,2251000000.0,,-11000000.0,498000000.0,,54000000.0,15000000.0,487000000.0,390000000.0,1861000000.0,380000000.0,,1539000000.0,322000000.0,-391000000.0,-69000000.0,2251000000.0,77300000.0,77797000.0,77797000.0
Frontier Communications Corp,FTR,,20520,2017.0,Q3YTD,2017-01-01,2017-09-30,,-12.03,-12.03,4.88,1670000000.0,-12.03,670000000.0,-280000000.0,-775000000.0,-775000000.0,-936000000.0,,1209000000.0,6911000000.0,,-73000000.0,1468000000.0,,161000000.0,70000000.0,1560000000.0,1209000000.0,5702000000.0,1246000000.0,,5438000000.0,264000000.0,-1319000000.0,-1055000000.0,6911000000.0,77300000.0,77797000.0,77797000.0
Frontier Communications Corp,FTR,,20520,2017.0,Q3TTM,2016-10-01,2017-09-30,,-13.74,-13.74,7.15,2232000000.0,-13.74,670000000.0,-318000000.0,-855000000.0,-855000000.0,-1069000000.0,,1626000000.0,9320000000.0,,-60000000.0,1956000000.0,,214000000.0,199000000.0,2118000000.0,1626000000.0,7694000000.0,1632000000.0,,7175000000.0,519000000.0,-1692000000.0,-1173000000.0,9320000000.0,77300000.0,77797000.0,77797000.0
Frontier Communications Corp,FTR,,20520,2017.0,Q2,2017-04-01,2017-06-30,2018-08-02 17:52:17+00:00,-9.2,-9.2,,552000000.0,-9.21,670000000.0,-210000000.0,-662000000.0,-662000000.0,-715000000.0,,408000000.0,2304000000.0,,-19000000.0,477000000.0,,53000000.0,41000000.0,531000000.0,408000000.0,1896000000.0,478000000.0,,2271000000.0,-375000000.0,-497000000.0,-872000000.0,2304000000.0,77700000.0,77795000.0,77951000.0
Frontier Communications Corp,FTR,,20520,2017.0,Q2YTD,2017-01-01,2017-06-30,,-10.85,-10.85,3.59,1131000000.0,-10.85,670000000.0,-249000000.0,-737000000.0,-737000000.0,-844000000.0,,819000000.0,4660000000.0,,-62000000.0,970000000.0,,107000000.0,55000000.0,1073000000.0,819000000.0,3841000000.0,866000000.0,,3899000000.0,-58000000.0,-928000000.0,-986000000.0,4660000000.0,77700000.0,77795000.0,77951000.0
Frontier Communications Corp,FTR,,20520,2017.0,Q2TTM,2016-07-01,2017-06-30,,-14.28,-14.28,8.14,2271000000.0,-14.28,670000000.0,-333000000.0,-897000000.0,-897000000.0,-1111000000.0,,1676000000.0,9593000000.0,,-46000000.0,1985000000.0,,214000000.0,317000000.0,2213000000.0,1676000000.0,7917000000.0,1645000000.0,,7456000000.0,461000000.0,-1691000000.0,-1230000000.0,9593000000.0,77700000.0,77795000.0,77951000.0
Frontier Communications Corp,FTR,,20520,2017.0,Q1,2017-01-01,2017-03-31,2018-05-03 17:39:32+00:00,-1.67,-1.67,,579000000.0,-1.67,,-39000000.0,-75000000.0,-75000000.0,-129000000.0,,411000000.0,2356000000.0,,-43000000.0,493000000.0,,54000000.0,14000000.0,542000000.0,411000000.0,1945000000.0,388000000.0,,1628000000.0,317000000.0,-431000000.0,-114000000.0,2356000000.0,77591000.0,77200000.0,77200000.0
Frontier Communications Corp,FTR,,20520,2017.0,Q1TTM,2016-04-01,2017-03-31,,-6.17,-6.17,9.17,2294000000.0,-6.17,,-171000000.0,-262000000.0,-262000000.0,-476000000.0,,1721000000.0,9897000000.0,,-27000000.0,2054000000.0,,214000000.0,403000000.0,2278000000.0,1721000000.0,8176000000.0,1553000000.0,,7029000000.0,1147000000.0,-1580000000.0,-433000000.0,9897000000.0,77591000.0,77200000.0,77200000.0
Frontier Communications Corp,FTR,,20520,2018.0,FY,2018-01-01,2018-12-31,2020-03-31 17:21:02+00:00,-8.37,-8.37,,1954000000.0,-8.37,641000000.0,-62000000.0,-643000000.0,-643000000.0,-750000000.0,,1441000000.0,8611000000.0,,-41000000.0,1898000000.0,,107000000.0,35000000.0,1815000000.0,1441000000.0,7170000000.0,1504000000.0,13000000.0,6343000000.0,827000000.0,-1532000000.0,-705000000.0,8611000000.0,89683000.0,89683000.0,89683000.0
Frontier Communications Corp,FTR,,20520,2018.0,Q4,2018-10-01,2018-12-31,,-2.44,-2.44,,492000000.0,-2.44,241000000.0,-51000000.0,-219000000.0,-219000000.0,-219000000.0,,1441000000.0,2124000000.0,,-57000000.0,-633000000.0,,,15000000.0,441000000.0,1441000000.0,683000000.0,353000000.0,13000000.0,556000000.0,127000000.0,-397000000.0,-270000000.0,2124000000.0,89683000.0,89683000.0,89683000.0
Frontier Communications Corp,FTR,,20520,2018.0,Q3,2018-07-01,2018-09-30,2019-11-06 16:19:01+00:00,-4.11,-4.11,,471000000.0,-4.11,400000000.0,-4000000.0,-426000000.0,-426000000.0,-426000000.0,,,2126000000.0,,3000000.0,829000000.0,0.0,0.0,14000000.0,445000000.0,,2126000000.0,400000000.0,,2159000000.0,-33000000.0,-397000000.0,-430000000.0,2126000000.0,103665000.0,103600000.0,103600000.0
Frontier Communications Corp,FTR,,20520,2018.0,Q3YTD,2018-01-01,2018-09-30,,-5.13,-5.13,1.03,1462000000.0,-5.13,400000000.0,-11000000.0,-424000000.0,-424000000.0,-531000000.0,,,6487000000.0,,16000000.0,2531000000.0,,107000000.0,20000000.0,1374000000.0,,6487000000.0,1151000000.0,,5787000000.0,700000000.0,-1135000000.0,-435000000.0,6487000000.0,103665000.0,103600000.0,103600000.0
Frontier Communications Corp,FTR,,20520,2018.0,Q3TTM,2017-10-01,2018-09-30,,-15.57,-15.57,2.0,1976000000.0,-15.57,2478000000.0,-1114000000.0,-1453000000.0,-1453000000.0,-1613000000.0,,388000000.0,8704000000.0,,6000000.0,3021000000.0,,160000000.0,57000000.0,1831000000.0,388000000.0,8316000000.0,1527000000.0,1000000.0,9363000000.0,-1047000000.0,-1520000000.0,-2567000000.0,8704000000.0,103665000.0,103600000.0,103600000.0
Frontier Communications Corp,FTR,,20520,2018.0,Q2,2018-04-01,2018-06-30,2019-08-07 17:20:57+00:00,-0.92,-0.92,,486000000.0,-0.92,0.0,-20000000.0,-18000000.0,-18000000.0,-72000000.0,,,2162000000.0,,5000000.0,847000000.0,0.0,54000000.0,2000000.0,460000000.0,,2162000000.0,410000000.0,,1795000000.0,367000000.0,-405000000.0,-38000000.0,2162000000.0,78026000.0,78300000.0,78300000.0
Frontier Communications Corp,FTR,,20520,2018.0,Q2YTD,2018-01-01,2018-06-30,,-1.34,-1.34,0.68,991000000.0,-1.34,,-7000000.0,2000000.0,2000000.0,-105000000.0,,,4361000000.0,,13000000.0,1702000000.0,,107000000.0,6000000.0,929000000.0,,4361000000.0,751000000.0,,3628000000.0,733000000.0,-738000000.0,-5000000.0,4361000000.0,78026000.0,78300000.0,78300000.0
Frontier Communications Corp,FTR,,20520,2018.0,Q2TTM,2017-07-01,2018-06-30,,-16.33,-16.33,3.24,2044000000.0,-16.33,2078000000.0,-1141000000.0,-1065000000.0,-1065000000.0,-1279000000.0,,778000000.0,8829000000.0,,-8000000.0,2690000000.0,,214000000.0,58000000.0,1873000000.0,778000000.0,8051000000.0,1507000000.0,1000000.0,8743000000.0,-692000000.0,-1514000000.0,-2206000000.0,8829000000.0,78026000.0,78300000.0,78300000.0
Frontier Communications Corp,FTR,,20520,2018.0,Q1,2018-01-01,2018-03-31,2019-05-02 16:22:29+00:00,-0.44,-0.44,,505000000.0,-0.44,,13000000.0,20000000.0,20000000.0,-33000000.0,,,2199000000.0,,8000000.0,855000000.0,,53000000.0,4000000.0,469000000.0,,2199000000.0,341000000.0,,1833000000.0,366000000.0,-333000000.0,33000000.0,2199000000.0,77416000.0,75000000.0,75000000.0
Frontier Communications Corp,FTR,,20520,2018.0,Q1TTM,2017-04-01,2018-03-31,,-25.63,-25.63,4.73,2110000000.0,-25.63,2748000000.0,-1331000000.0,-1709000000.0,-1709000000.0,-1922000000.0,,1186000000.0,8971000000.0,,-32000000.0,2320000000.0,,213000000.0,97000000.0,1944000000.0,1186000000.0,7785000000.0,1575000000.0,1000000.0,9219000000.0,-1434000000.0,-1606000000.0,-3040000000.0,8971000000.0,77416000.0,75000000.0,75000000.0
Frontier Communications Corp,FTR,,20520,2019.0,Q4,2019-10-01,2019-12-31,,-1.58,-1.58,,420000000.0,-1.58,,-74000000.0,-162000000.0,-162000000.0,-162000000.0,,1247000000.0,1942000000.0,,-29000000.0,-932000000.0,446000000.0,,82000000.0,458000000.0,1247000000.0,695000000.0,391000000.0,-37000000.0,474000000.0,221000000.0,-457000000.0,-236000000.0,1942000000.0,104065000.0,104065000.0,104065000.0
Frontier Communications Corp,FTR,,20520,2019.0,FY,2019-01-01,2019-12-31,2020-03-31 17:21:02+00:00,-56.8,-56.8,,1780000000.0,-56.8,5725000000.0,-611000000.0,-5911000000.0,-5911000000.0,-5911000000.0,,1247000000.0,8107000000.0,,-57000000.0,1810000000.0,446000000.0,,168000000.0,1804000000.0,1247000000.0,6860000000.0,1555000000.0,-37000000.0,11733000000.0,-4873000000.0,-1649000000.0,-6522000000.0,8107000000.0,104065000.0,104065000.0,104065000.0
Frontier Communications Corp,FTR,,20520,2019.0,Q3,2019-07-01,2019-09-30,2019-11-06 16:19:01+00:00,-3.31,-3.31,,422000000.0,-3.31,276000000.0,-21000000.0,-345000000.0,-345000000.0,-345000000.0,,,1997000000.0,,-10000000.0,801000000.0,,0.0,27000000.0,445000000.0,,1997000000.0,382000000.0,,1971000000.0,26000000.0,-392000000.0,-366000000.0,1997000000.0,104135000.0,104200000.0,104200000.0
Frontier Communications Corp,FTR,,20520,2019.0,Q3YTD,2019-01-01,2019-09-30,,-55.17,-55.17,,1360000000.0,-55.17,5725000000.0,-537000000.0,-5749000000.0,-5749000000.0,-5749000000.0,,,6165000000.0,,-28000000.0,2742000000.0,,,86000000.0,1346000000.0,,6165000000.0,1164000000.0,,11259000000.0,-5094000000.0,-1192000000.0,-6286000000.0,6165000000.0,104135000.0,104200000.0,104200000.0
Frontier Communications Corp,FTR,,20520,2019.0,Q3TTM,2018-10-01,2019-09-30,,-57.27,-57.27,,1852000000.0,-57.27,5966000000.0,-588000000.0,-5968000000.0,-5968000000.0,-5968000000.0,,1441000000.0,8289000000.0,,-85000000.0,2109000000.0,,,101000000.0,1787000000.0,1441000000.0,6848000000.0,1517000000.0,13000000.0,11815000000.0,-4967000000.0,-1589000000.0,-6556000000.0,8289000000.0,104135000.0,104200000.0,104200000.0
Frontier Communications Corp,FTR,,20520,2019.0,Q2,2019-04-01,2019-06-30,2019-08-07 17:20:57+00:00,-51.07,-51.07,,454000000.0,-51.07,5449000000.0,-534000000.0,-5317000000.0,-5317000000.0,-5317000000.0,,,2067000000.0,,-9000000.0,1147000000.0,,0.0,31000000.0,445000000.0,,2067000000.0,383000000.0,,7526000000.0,-5459000000.0,-392000000.0,-5851000000.0,2067000000.0,104118000.0,104100000.0,104100000.0
Frontier Communications Corp,FTR,,20520,2019.0,Q2YTD,2019-01-01,2019-06-30,,-51.91,-51.91,,938000000.0,-51.91,5449000000.0,-516000000.0,-5404000000.0,-5404000000.0,-5404000000.0,,,4168000000.0,,-18000000.0,1941000000.0,,,59000000.0,901000000.0,,4168000000.0,782000000.0,,9288000000.0,-5120000000.0,-800000000.0,-5920000000.0,4168000000.0,104118000.0,104100000.0,104100000.0
Frontier Communications Corp,FTR,,20520,2019.0,Q2TTM,2018-07-01,2019-06-30,,-58.11,-58.11,0.52,1901000000.0,-58.11,6090000000.0,-571000000.0,-6049000000.0,-6049000000.0,-6049000000.0,,1441000000.0,8418000000.0,,-72000000.0,2137000000.0,,,88000000.0,1787000000.0,1441000000.0,6977000000.0,1535000000.0,13000000.0,12003000000.0,-5026000000.0,-1594000000.0,-6620000000.0,8418000000.0,104118000.0,104100000.0,104100000.0
Frontier Communications Corp,FTR,,20520,2019.0,Q1,2019-01-01,2019-03-31,2020-05-06 16:26:10+00:00,-0.84,-0.84,,484000000.0,-0.84,,18000000.0,-87000000.0,-87000000.0,-87000000.0,,,2101000000.0,,-9000000.0,794000000.0,,,28000000.0,456000000.0,,2101000000.0,399000000.0,,1762000000.0,339000000.0,-408000000.0,-69000000.0,2101000000.0,103885000.0,103885000.0,103885000.0
Frontier Communications Corp,FTR,,20520,2019.0,Q1TTM,2018-04-01,2019-03-31,,-7.74,-7.74,0.52,1933000000.0,-7.74,641000000.0,-57000000.0,-750000000.0,-750000000.0,-804000000.0,,1441000000.0,8513000000.0,,-58000000.0,1837000000.0,,54000000.0,59000000.0,1802000000.0,1441000000.0,7072000000.0,1562000000.0,13000000.0,6272000000.0,800000000.0,-1607000000.0,-807000000.0,8513000000.0,103885000.0,103885000.0,103885000.0
Frontier Communications Corp,FTR,,20520,2020.0,Q1TTM,2019-04-01,2020-03-31,,-57.59,-57.59,,1711000000.0,-57.59,5725000000.0,-652000000.0,-6010000000.0,-6010000000.0,-6010000000.0,,1247000000.0,7939000000.0,,-43000000.0,1746000000.0,470000000.0,,188000000.0,1792000000.0,1247000000.0,6692000000.0,1642000000.0,-37000000.0,11632000000.0,-4940000000.0,-1722000000.0,-6662000000.0,7939000000.0,104363000.0,104363000.0,104363000.0
Frontier Communications Corp,FTR,,20520,2020.0,Q1,2020-01-01,2020-03-31,2020-05-06 16:26:10+00:00,-1.78,-1.78,,415000000.0,-1.78,,-23000000.0,-186000000.0,-186000000.0,-186000000.0,,,1933000000.0,,5000000.0,730000000.0,24000000.0,,48000000.0,444000000.0,,1933000000.0,486000000.0,,1661000000.0,272000000.0,-481000000.0,-209000000.0,1933000000.0,104363000.0,104363000.0,104363000.0
