company_name,company_ticker,company_lei,company_cik,year,quarter,start_date,end_date,filing_date,basicdilutedeps,basiceps,cashdividendspershare,dilutedeps,incometaxexpense,netincome,netincomecontinuing,netincometocommon,netincometononcontrollinginterest,operatingcostofrevenue,operatingrevenue,othergains,otherincome,sgaexpense,totalcostofrevenue,totalgrossprofit,totalinterestexpense,totaloperatingexpenses,totaloperatingincome,totalotherincome,totalpretaxincome,totalrevenue,weightedavebasicdilutedsharesos,weightedavebasicsharesos,weightedavedilutedsharesos
Kellogg Co,K,LONOZNOJYIBXOHXWDB86,55067,2008.0,Q3,2008-06-29,2008-09-27,2009-11-06 11:25:07+00:00,0.9,0.9,0.34,0.89,133000000.0,341000000.0,341000000.0,342000000.0,-1000000.0,1885000000.0,3288000000.0,0.0,12000000.0,870000000.0,1885000000.0,1403000000.0,71000000.0,870000000.0,533000000.0,-59000000.0,474000000.0,3288000000.0,380000000.0,380000000.0,384000000.0
Kellogg Co,K,LONOZNOJYIBXOHXWDB86,55067,2008.0,FY,2006-12-31,2007-12-29,2010-02-26 15:02:52+00:00,2.79,2.79,1.202,2.76,444000000.0,1102000000.0,1102000000.0,1103000000.0,-1000000.0,6597000000.0,11776000000.0,,-3000000.0,3311000000.0,6597000000.0,5179000000.0,319000000.0,3311000000.0,1868000000.0,-322000000.0,1546000000.0,11776000000.0,395300000.0,395300000.0,399600000.0
Kellogg Co,K,LONOZNOJYIBXOHXWDB86,55067,2009.0,Q4,2009-10-04,2010-01-02,,0.46,0.46,0.37,0.46,60000000.0,176000000.0,176000000.0,176000000.0,,1655000000.0,2900000000.0,1000000.0,-21000000.0,893000000.0,1655000000.0,1245000000.0,96000000.0,893000000.0,352000000.0,-117000000.0,235000000.0,2900000000.0,382300000.0,382300000.0,383500000.0
Kellogg Co,K,LONOZNOJYIBXOHXWDB86,55067,2009.0,FY,2009-01-04,2010-01-02,2012-02-28 18:08:40+00:00,3.17,3.17,1.43,3.16,476000000.0,1208000000.0,1208000000.0,1212000000.0,-4000000.0,7184000000.0,12575000000.0,,-22000000.0,3390000000.0,7184000000.0,5391000000.0,295000000.0,3390000000.0,2001000000.0,-317000000.0,1684000000.0,12575000000.0,382300000.0,382300000.0,383500000.0
Kellogg Co,K,LONOZNOJYIBXOHXWDB86,55067,2009.0,Q3YTD,2007-12-30,2009-10-03,,2.71,2.71,1.06,2.7,416000000.0,1032000000.0,1032000000.0,1036000000.0,-4000000.0,5529000000.0,9675000000.0,-1000000.0,-1000000.0,2497000000.0,5529000000.0,4146000000.0,199000000.0,2497000000.0,1649000000.0,-200000000.0,1449000000.0,9675000000.0,384000000.0,382000000.0,384000000.0
Kellogg Co,K,LONOZNOJYIBXOHXWDB86,55067,2009.0,Q3,2009-07-05,2009-10-03,2010-11-05 10:18:06+00:00,0.94,0.94,0.375,0.94,132000000.0,360000000.0,360000000.0,361000000.0,-1000000.0,1837000000.0,3277000000.0,,-10000000.0,873000000.0,1837000000.0,1440000000.0,65000000.0,873000000.0,567000000.0,-75000000.0,492000000.0,3277000000.0,384000000.0,382000000.0,384000000.0
Kellogg Co,K,LONOZNOJYIBXOHXWDB86,55067,2009.0,Q2YTD,2007-12-30,2009-07-04,,1.77,1.77,0.68,1.76,284000000.0,672000000.0,672000000.0,675000000.0,-3000000.0,3692000000.0,6398000000.0,-1000000.0,9000000.0,1624000000.0,3692000000.0,2706000000.0,134000000.0,1624000000.0,1082000000.0,-125000000.0,957000000.0,6398000000.0,380600000.0,383000000.0,383000000.0
Kellogg Co,K,LONOZNOJYIBXOHXWDB86,55067,2009.0,Q2,2009-04-05,2009-07-04,2010-08-20 08:33:54+00:00,0.93,0.93,0.34,0.92,141000000.0,353000000.0,353000000.0,354000000.0,-1000000.0,1825000000.0,3229000000.0,-1000000.0,9000000.0,851000000.0,1825000000.0,1404000000.0,67000000.0,851000000.0,553000000.0,-58000000.0,495000000.0,3229000000.0,380600000.0,383000000.0,383000000.0
Kellogg Co,K,LONOZNOJYIBXOHXWDB86,55067,2009.0,Q1,2009-01-04,2009-04-04,2010-05-07 16:57:44+00:00,0.84,0.84,0.34,0.84,143000000.0,319000000.0,319000000.0,321000000.0,-2000000.0,1867000000.0,3169000000.0,,0.0,773000000.0,1867000000.0,1302000000.0,67000000.0,773000000.0,529000000.0,-67000000.0,462000000.0,3169000000.0,382100000.0,382000000.0,383000000.0
Kellogg Co,K,LONOZNOJYIBXOHXWDB86,55067,2010.0,FY,2010-01-03,2011-01-01,2013-02-26 08:01:36+00:00,3.43,3.43,1.56,3.4,510000000.0,1280000000.0,1280000000.0,1287000000.0,-7000000.0,7055000000.0,12397000000.0,0.0,1000000.0,3305000000.0,7055000000.0,5342000000.0,248000000.0,3305000000.0,2037000000.0,-247000000.0,1790000000.0,12397000000.0,375200000.0,375200000.0,378500000.0
Kellogg Co,K,LONOZNOJYIBXOHXWDB86,55067,2010.0,Q4,2010-10-03,2011-01-01,,0.62,0.62,0.41,0.62,83000000.0,225000000.0,225000000.0,229000000.0,-4000000.0,1617000000.0,2860000000.0,,-8000000.0,867000000.0,1617000000.0,1243000000.0,60000000.0,867000000.0,376000000.0,-68000000.0,308000000.0,2860000000.0,375200000.0,375200000.0,378500000.0
Kellogg Co,K,LONOZNOJYIBXOHXWDB86,55067,2010.0,Q3TTM,2009-10-04,2010-10-02,,3.27,3.27,1.53,3.24,487000000.0,1231000000.0,1231000000.0,1234000000.0,-3000000.0,7093000000.0,12437000000.0,1000000.0,-12000000.0,3331000000.0,7093000000.0,5344000000.0,284000000.0,3331000000.0,2013000000.0,-296000000.0,1717000000.0,12437000000.0,371400000.0,373000000.0,376000000.0
Kellogg Co,K,LONOZNOJYIBXOHXWDB86,55067,2010.0,Q3YTD,2010-01-03,2010-10-02,,2.81,2.81,1.16,2.78,427000000.0,1055000000.0,1055000000.0,1058000000.0,-3000000.0,5438000000.0,9537000000.0,,9000000.0,2438000000.0,5438000000.0,4099000000.0,188000000.0,2438000000.0,1661000000.0,-179000000.0,1482000000.0,9537000000.0,371400000.0,373000000.0,376000000.0
Kellogg Co,K,LONOZNOJYIBXOHXWDB86,55067,2010.0,Q3,2010-07-04,2010-10-02,2011-11-09 16:18:52+00:00,0.91,0.91,0.405,0.9,143000000.0,337000000.0,337000000.0,338000000.0,-1000000.0,1788000000.0,3157000000.0,,1000000.0,828000000.0,1788000000.0,1369000000.0,62000000.0,828000000.0,541000000.0,-61000000.0,480000000.0,3157000000.0,371400000.0,373000000.0,376000000.0
Kellogg Co,K,LONOZNOJYIBXOHXWDB86,55067,2010.0,Q2TTM,2009-07-05,2010-07-03,,3.3,3.3,1.5,3.28,476000000.0,1254000000.0,1254000000.0,1257000000.0,-3000000.0,7142000000.0,12557000000.0,1000000.0,-23000000.0,3376000000.0,7142000000.0,5415000000.0,287000000.0,3376000000.0,2039000000.0,-310000000.0,1729000000.0,12557000000.0,377500000.0,381000000.0,384000000.0
Kellogg Co,K,LONOZNOJYIBXOHXWDB86,55067,2010.0,Q2YTD,2010-01-03,2010-07-03,,1.9,1.9,0.75,1.88,284000000.0,718000000.0,718000000.0,720000000.0,-2000000.0,3650000000.0,6380000000.0,,8000000.0,1610000000.0,3650000000.0,2730000000.0,126000000.0,1610000000.0,1120000000.0,-118000000.0,1002000000.0,6380000000.0,377500000.0,381000000.0,384000000.0
Kellogg Co,K,LONOZNOJYIBXOHXWDB86,55067,2010.0,Q2,2010-04-04,2010-07-03,2011-08-05 09:40:40+00:00,0.8,0.8,0.375,0.79,128000000.0,301000000.0,301000000.0,302000000.0,-1000000.0,1757000000.0,3062000000.0,,7000000.0,822000000.0,1757000000.0,1305000000.0,61000000.0,822000000.0,483000000.0,-54000000.0,429000000.0,3062000000.0,377500000.0,381000000.0,384000000.0
Kellogg Co,K,LONOZNOJYIBXOHXWDB86,55067,2010.0,Q1TTM,2009-04-05,2010-04-03,,3.43,3.43,1.47,3.41,489000000.0,1306000000.0,1306000000.0,1309000000.0,-3000000.0,7210000000.0,12724000000.0,,-21000000.0,3405000000.0,7210000000.0,5514000000.0,293000000.0,3405000000.0,2109000000.0,-314000000.0,1795000000.0,12724000000.0,380000000.0,380000000.0,384000000.0
Kellogg Co,K,LONOZNOJYIBXOHXWDB86,55067,2010.0,Q1,2010-01-03,2010-04-03,2011-05-10 16:33:53+00:00,1.1,1.1,0.375,1.09,156000000.0,417000000.0,417000000.0,418000000.0,-1000000.0,1893000000.0,3318000000.0,,1000000.0,788000000.0,1893000000.0,1425000000.0,65000000.0,788000000.0,637000000.0,-64000000.0,573000000.0,3318000000.0,380000000.0,380000000.0,384000000.0
Kellogg Co,K,LONOZNOJYIBXOHXWDB86,55067,2011.0,Q4,2011-10-02,2011-12-31,,-0.36,-0.36,0.43,-0.36,-74000000.0,-133000000.0,-133000000.0,-133000000.0,,2077000000.0,3015000000.0,,,1090000000.0,2077000000.0,938000000.0,55000000.0,1090000000.0,-152000000.0,-55000000.0,-207000000.0,3015000000.0,362000000.0,362000000.0,362000000.0
Kellogg Co,K,LONOZNOJYIBXOHXWDB86,55067,2011.0,FY,2011-01-02,2011-12-31,2014-02-24 16:28:28+00:00,2.39,2.39,1.67,2.38,320000000.0,864000000.0,864000000.0,866000000.0,-2000000.0,8046000000.0,13198000000.0,0.0,-10000000.0,3725000000.0,8046000000.0,5152000000.0,233000000.0,3725000000.0,1427000000.0,-243000000.0,1184000000.0,13198000000.0,362000000.0,362000000.0,362000000.0
Kellogg Co,K,LONOZNOJYIBXOHXWDB86,55067,2011.0,Q3TTM,2010-10-03,2011-10-01,,3.37,3.37,1.65,3.36,477000000.0,1222000000.0,1222000000.0,1228000000.0,-6000000.0,7586000000.0,13043000000.0,,-18000000.0,3502000000.0,7586000000.0,5457000000.0,238000000.0,3502000000.0,1955000000.0,-256000000.0,1699000000.0,13043000000.0,358000000.0,360000000.0,363000000.0
Kellogg Co,K,LONOZNOJYIBXOHXWDB86,55067,2011.0,Q3YTD,2011-01-02,2011-10-01,,2.75,2.75,1.24,2.74,394000000.0,997000000.0,997000000.0,999000000.0,-2000000.0,5969000000.0,10183000000.0,,-10000000.0,2635000000.0,5969000000.0,4214000000.0,178000000.0,2635000000.0,1579000000.0,-188000000.0,1391000000.0,10183000000.0,358000000.0,360000000.0,363000000.0
Kellogg Co,K,LONOZNOJYIBXOHXWDB86,55067,2011.0,Q3,2011-07-03,2011-10-01,2012-11-05 16:20:04+00:00,0.81,0.81,0.43,0.8,107000000.0,290000000.0,290000000.0,290000000.0,0.0,1962000000.0,3312000000.0,0.0,-9000000.0,886000000.0,1962000000.0,1350000000.0,58000000.0,886000000.0,464000000.0,-67000000.0,397000000.0,3312000000.0,358000000.0,360000000.0,363000000.0
Kellogg Co,K,LONOZNOJYIBXOHXWDB86,55067,2011.0,Q2TTM,2010-07-04,2011-07-02,,3.47,3.47,1.62,3.46,513000000.0,1269000000.0,1269000000.0,1276000000.0,-7000000.0,7412000000.0,12888000000.0,,-8000000.0,3444000000.0,7412000000.0,5476000000.0,242000000.0,3444000000.0,2032000000.0,-250000000.0,1782000000.0,12888000000.0,364900000.0,363000000.0,366000000.0
Kellogg Co,K,LONOZNOJYIBXOHXWDB86,55067,2011.0,Q2YTD,2011-01-02,2011-07-02,,1.94,1.94,0.81,1.94,287000000.0,707000000.0,707000000.0,709000000.0,-2000000.0,4007000000.0,6871000000.0,,-1000000.0,1749000000.0,4007000000.0,2864000000.0,120000000.0,1749000000.0,1115000000.0,-121000000.0,994000000.0,6871000000.0,364900000.0,363000000.0,366000000.0
Kellogg Co,K,LONOZNOJYIBXOHXWDB86,55067,2011.0,Q2,2011-04-03,2011-07-02,2012-08-07 16:59:47+00:00,0.94,0.94,0.405,0.94,147000000.0,342000000.0,342000000.0,343000000.0,-1000000.0,1943000000.0,3386000000.0,,-1000000.0,900000000.0,1943000000.0,1443000000.0,53000000.0,900000000.0,543000000.0,-54000000.0,489000000.0,3386000000.0,364900000.0,363000000.0,366000000.0
Kellogg Co,K,LONOZNOJYIBXOHXWDB86,55067,2011.0,Q1TTM,2010-04-04,2011-04-02,,3.33,3.33,1.59,3.31,494000000.0,1228000000.0,1228000000.0,1235000000.0,-7000000.0,7226000000.0,12564000000.0,,,3366000000.0,7226000000.0,5338000000.0,250000000.0,3366000000.0,1972000000.0,-250000000.0,1722000000.0,12564000000.0,366000000.0,365000000.0,368000000.0
Kellogg Co,K,LONOZNOJYIBXOHXWDB86,55067,2011.0,Q1,2011-01-02,2011-04-02,2012-05-04 12:02:29+00:00,1.0,1.0,0.405,1.0,140000000.0,365000000.0,365000000.0,366000000.0,-1000000.0,2064000000.0,3485000000.0,,0.0,849000000.0,2064000000.0,1421000000.0,67000000.0,849000000.0,572000000.0,-67000000.0,505000000.0,3485000000.0,366000000.0,365000000.0,368000000.0
Kellogg Co,K,LONOZNOJYIBXOHXWDB86,55067,2012.0,Q4,2012-09-30,2012-12-29,,-0.1,-0.1,0.44,-0.1,-37000000.0,-32000000.0,-32000000.0,-32000000.0,,2387000000.0,3563000000.0,,-6000000.0,1173000000.0,2387000000.0,1176000000.0,66000000.0,1173000000.0,3000000.0,-72000000.0,-69000000.0,3563000000.0,358000000.0,358000000.0,358000000.0
Kellogg Co,K,LONOZNOJYIBXOHXWDB86,55067,2012.0,FY,2012-01-01,2012-12-29,2015-02-25 17:24:42+00:00,2.68,2.68,1.74,2.67,363000000.0,961000000.0,961000000.0,961000000.0,0.0,8763000000.0,14197000000.0,-1000000.0,24000000.0,3872000000.0,8763000000.0,5434000000.0,261000000.0,3872000000.0,1562000000.0,-237000000.0,1325000000.0,14197000000.0,358000000.0,358000000.0,358000000.0
Kellogg Co,K,LONOZNOJYIBXOHXWDB86,55067,2012.0,Q3YTD,2012-01-01,2012-09-29,,2.78,2.78,1.3,2.77,400000000.0,993000000.0,993000000.0,993000000.0,,6376000000.0,10634000000.0,-1000000.0,30000000.0,2699000000.0,6376000000.0,4258000000.0,195000000.0,2699000000.0,1559000000.0,-165000000.0,1394000000.0,10634000000.0,357300000.0,358000000.0,359000000.0
Kellogg Co,K,LONOZNOJYIBXOHXWDB86,55067,2012.0,Q3TTM,2011-10-02,2012-09-29,,2.42,2.42,1.73,2.41,326000000.0,860000000.0,860000000.0,860000000.0,,8453000000.0,13649000000.0,-1000000.0,30000000.0,3789000000.0,8453000000.0,5196000000.0,250000000.0,3789000000.0,1407000000.0,-220000000.0,1187000000.0,13649000000.0,357300000.0,358000000.0,359000000.0
Kellogg Co,K,LONOZNOJYIBXOHXWDB86,55067,2012.0,Q3,2012-07-01,2012-09-29,2013-11-05 16:28:07+00:00,0.89,0.89,0.44,0.89,131000000.0,318000000.0,318000000.0,318000000.0,0.0,2254000000.0,3720000000.0,-1000000.0,10000000.0,953000000.0,2254000000.0,1466000000.0,73000000.0,953000000.0,513000000.0,-63000000.0,450000000.0,3720000000.0,357300000.0,358000000.0,359000000.0
Kellogg Co,K,LONOZNOJYIBXOHXWDB86,55067,2012.0,Q2YTD,2012-01-01,2012-06-30,,1.89,1.89,0.86,1.88,269000000.0,675000000.0,675000000.0,675000000.0,,4122000000.0,6914000000.0,,20000000.0,1746000000.0,4122000000.0,2792000000.0,122000000.0,1746000000.0,1046000000.0,-102000000.0,944000000.0,6914000000.0,356000000.0,357000000.0,359000000.0
Kellogg Co,K,LONOZNOJYIBXOHXWDB86,55067,2012.0,Q2TTM,2011-07-03,2012-06-30,,2.34,2.34,1.72,2.32,302000000.0,832000000.0,832000000.0,832000000.0,,8161000000.0,13241000000.0,,11000000.0,3722000000.0,8161000000.0,5080000000.0,235000000.0,3722000000.0,1358000000.0,-224000000.0,1134000000.0,13241000000.0,356000000.0,357000000.0,359000000.0
Kellogg Co,K,LONOZNOJYIBXOHXWDB86,55067,2012.0,Q2,2012-04-01,2012-06-30,2013-08-06 08:13:03+00:00,0.91,0.91,0.43,0.9,113000000.0,324000000.0,324000000.0,324000000.0,0.0,2035000000.0,3474000000.0,0.0,7000000.0,920000000.0,2035000000.0,1439000000.0,89000000.0,920000000.0,519000000.0,-82000000.0,437000000.0,3474000000.0,356000000.0,357000000.0,359000000.0
Kellogg Co,K,LONOZNOJYIBXOHXWDB86,55067,2012.0,Q1TTM,2011-04-03,2012-03-31,,2.37,2.37,1.7,2.36,336000000.0,850000000.0,850000000.0,851000000.0,-1000000.0,8069000000.0,13153000000.0,,3000000.0,3702000000.0,8069000000.0,5084000000.0,199000000.0,3702000000.0,1382000000.0,-196000000.0,1186000000.0,13153000000.0,358200000.0,357000000.0,359000000.0
Kellogg Co,K,LONOZNOJYIBXOHXWDB86,55067,2012.0,Q1,2012-01-01,2012-03-31,2013-05-07 10:51:36+00:00,0.98,0.98,0.43,0.98,156000000.0,351000000.0,351000000.0,351000000.0,0.0,2087000000.0,3440000000.0,0.0,13000000.0,826000000.0,2087000000.0,1353000000.0,33000000.0,826000000.0,527000000.0,-20000000.0,507000000.0,3440000000.0,358200000.0,357000000.0,359000000.0
Kellogg Co,K,LONOZNOJYIBXOHXWDB86,55067,2013.0,Q4,2013-09-29,2013-12-28,,2.26,2.26,0.46,2.23,394000000.0,819000000.0,819000000.0,818000000.0,1000000.0,1718000000.0,3501000000.0,-1000000.0,12000000.0,523000000.0,1718000000.0,1783000000.0,58000000.0,523000000.0,1260000000.0,-46000000.0,1214000000.0,3501000000.0,363000000.0,363000000.0,363000000.0
Kellogg Co,K,LONOZNOJYIBXOHXWDB86,55067,2013.0,FY,2012-12-30,2013-12-28,2016-02-24 16:42:27+00:00,4.98,4.98,1.8,4.94,792000000.0,1808000000.0,1808000000.0,1807000000.0,1000000.0,8689000000.0,14792000000.0,-6000000.0,4000000.0,3266000000.0,8689000000.0,6103000000.0,235000000.0,3266000000.0,2837000000.0,-231000000.0,2606000000.0,14792000000.0,363000000.0,363000000.0,363000000.0
Kellogg Co,K,LONOZNOJYIBXOHXWDB86,55067,2013.0,Q3YTD,2012-12-30,2013-09-28,,2.72,2.72,1.34,2.71,398000000.0,989000000.0,989000000.0,989000000.0,,6971000000.0,11291000000.0,-5000000.0,-8000000.0,2743000000.0,6971000000.0,4320000000.0,177000000.0,2743000000.0,1577000000.0,-185000000.0,1392000000.0,11291000000.0,362200000.0,362000000.0,364000000.0
Kellogg Co,K,LONOZNOJYIBXOHXWDB86,55067,2013.0,Q3TTM,2012-09-30,2013-09-28,,2.62,2.62,1.78,2.61,361000000.0,957000000.0,957000000.0,957000000.0,,9358000000.0,14854000000.0,-5000000.0,-14000000.0,3916000000.0,9358000000.0,5496000000.0,243000000.0,3916000000.0,1580000000.0,-257000000.0,1323000000.0,14854000000.0,362200000.0,362000000.0,364000000.0
Kellogg Co,K,LONOZNOJYIBXOHXWDB86,55067,2013.0,Q3,2013-06-30,2013-09-28,2014-11-04 08:02:07+00:00,0.9,0.9,0.46,0.9,124000000.0,326000000.0,326000000.0,326000000.0,0.0,2266000000.0,3716000000.0,-2000000.0,4000000.0,946000000.0,2266000000.0,1450000000.0,56000000.0,946000000.0,504000000.0,-52000000.0,452000000.0,3716000000.0,362200000.0,362000000.0,364000000.0
Kellogg Co,K,LONOZNOJYIBXOHXWDB86,55067,2013.0,Q2YTD,2012-12-30,2013-06-29,,1.82,1.82,0.88,1.81,274000000.0,663000000.0,663000000.0,663000000.0,,4705000000.0,7575000000.0,-3000000.0,-12000000.0,1797000000.0,4705000000.0,2870000000.0,121000000.0,1797000000.0,1073000000.0,-133000000.0,940000000.0,7575000000.0,366700000.0,364000000.0,367000000.0
Kellogg Co,K,LONOZNOJYIBXOHXWDB86,55067,2013.0,Q2TTM,2012-07-01,2013-06-29,,2.61,2.61,1.76,2.6,368000000.0,949000000.0,949000000.0,949000000.0,,9346000000.0,14858000000.0,-4000000.0,-8000000.0,3923000000.0,9346000000.0,5512000000.0,260000000.0,3923000000.0,1589000000.0,-268000000.0,1321000000.0,14858000000.0,366700000.0,364000000.0,367000000.0
Kellogg Co,K,LONOZNOJYIBXOHXWDB86,55067,2013.0,Q2,2013-03-31,2013-06-29,2014-08-04 17:01:08+00:00,0.96,0.96,0.44,0.96,150000000.0,352000000.0,352000000.0,352000000.0,0.0,2237000000.0,3714000000.0,-2000000.0,-5000000.0,907000000.0,2237000000.0,1477000000.0,61000000.0,907000000.0,570000000.0,-66000000.0,504000000.0,3714000000.0,366700000.0,364000000.0,367000000.0
Kellogg Co,K,LONOZNOJYIBXOHXWDB86,55067,2013.0,Q1TTM,2012-04-01,2013-03-30,,2.56,2.56,1.75,2.54,331000000.0,921000000.0,921000000.0,921000000.0,,9144000000.0,14618000000.0,-2000000.0,4000000.0,3936000000.0,9144000000.0,5474000000.0,288000000.0,3936000000.0,1538000000.0,-284000000.0,1254000000.0,14618000000.0,361600000.0,363000000.0,366000000.0
Kellogg Co,K,LONOZNOJYIBXOHXWDB86,55067,2013.0,Q1,2012-12-30,2013-03-30,2014-05-05 17:03:01+00:00,0.86,0.86,0.44,0.85,124000000.0,311000000.0,311000000.0,311000000.0,0.0,2468000000.0,3861000000.0,-1000000.0,-7000000.0,890000000.0,2468000000.0,1393000000.0,60000000.0,890000000.0,503000000.0,-67000000.0,436000000.0,3861000000.0,361600000.0,363000000.0,366000000.0
Kellogg Co,K,LONOZNOJYIBXOHXWDB86,55067,2014.0,Q4,2014-09-28,2015-01-03,,-0.82,-0.82,0.49,-0.81,-187000000.0,-293000000.0,-293000000.0,-293000000.0,,2658000000.0,3514000000.0,-1000000.0,-4000000.0,1278000000.0,2658000000.0,856000000.0,53000000.0,1278000000.0,-422000000.0,-57000000.0,-479000000.0,3514000000.0,358000000.0,358000000.0,358000000.0
Kellogg Co,K,LONOZNOJYIBXOHXWDB86,55067,2014.0,FY,2013-12-29,2015-01-03,2017-02-21 16:15:46+00:00,1.76,1.76,1.9,1.75,186000000.0,633000000.0,633000000.0,632000000.0,1000000.0,9517000000.0,14580000000.0,-6000000.0,10000000.0,4039000000.0,9517000000.0,5063000000.0,209000000.0,4039000000.0,1024000000.0,-199000000.0,825000000.0,14580000000.0,358000000.0,358000000.0,358000000.0
Kellogg Co,K,LONOZNOJYIBXOHXWDB86,55067,2014.0,Q3YTD,2013-12-29,2014-09-27,,2.58,2.58,1.41,2.56,373000000.0,926000000.0,926000000.0,925000000.0,1000000.0,6859000000.0,11066000000.0,-5000000.0,14000000.0,2761000000.0,6859000000.0,4207000000.0,156000000.0,2761000000.0,1446000000.0,-142000000.0,1304000000.0,11066000000.0,355600000.0,358000000.0,360000000.0
Kellogg Co,K,LONOZNOJYIBXOHXWDB86,55067,2014.0,Q3TTM,2013-09-29,2014-09-27,,4.84,4.84,1.87,4.79,767000000.0,1745000000.0,1745000000.0,1743000000.0,2000000.0,8577000000.0,14567000000.0,-6000000.0,26000000.0,3284000000.0,8577000000.0,5990000000.0,214000000.0,3284000000.0,2706000000.0,-188000000.0,2518000000.0,14567000000.0,355600000.0,358000000.0,360000000.0
Kellogg Co,K,LONOZNOJYIBXOHXWDB86,55067,2014.0,Q3,2014-06-29,2014-09-27,2015-11-06 16:09:47+00:00,0.63,0.63,0.49,0.62,86000000.0,225000000.0,225000000.0,224000000.0,1000000.0,2347000000.0,3639000000.0,-1000000.0,1000000.0,927000000.0,2347000000.0,1292000000.0,54000000.0,927000000.0,365000000.0,-53000000.0,312000000.0,3639000000.0,355600000.0,358000000.0,360000000.0
Kellogg Co,K,LONOZNOJYIBXOHXWDB86,55067,2014.0,Q2YTD,2013-12-29,2014-06-28,,1.95,1.95,0.92,1.94,287000000.0,701000000.0,701000000.0,701000000.0,,4512000000.0,7427000000.0,-4000000.0,13000000.0,1834000000.0,4512000000.0,2915000000.0,102000000.0,1834000000.0,1081000000.0,-89000000.0,992000000.0,7427000000.0,359800000.0,359000000.0,362000000.0
Kellogg Co,K,LONOZNOJYIBXOHXWDB86,55067,2014.0,Q2TTM,2013-06-30,2014-06-28,,5.11,5.11,1.84,5.07,805000000.0,1846000000.0,1846000000.0,1845000000.0,1000000.0,8496000000.0,14644000000.0,-7000000.0,29000000.0,3303000000.0,8496000000.0,6148000000.0,216000000.0,3303000000.0,2845000000.0,-187000000.0,2658000000.0,14644000000.0,359800000.0,359000000.0,362000000.0
Kellogg Co,K,LONOZNOJYIBXOHXWDB86,55067,2014.0,Q2,2014-03-30,2014-06-28,2015-08-10 17:04:23+00:00,0.82,0.82,0.46,0.82,122000000.0,295000000.0,295000000.0,295000000.0,0.0,2274000000.0,3685000000.0,-3000000.0,3000000.0,944000000.0,2274000000.0,1411000000.0,50000000.0,944000000.0,467000000.0,-47000000.0,420000000.0,3685000000.0,359800000.0,359000000.0,362000000.0
Kellogg Co,K,LONOZNOJYIBXOHXWDB86,55067,2014.0,Q1TTM,2013-03-31,2014-03-29,,5.25,5.25,1.82,5.21,833000000.0,1903000000.0,1903000000.0,1902000000.0,1000000.0,8459000000.0,14673000000.0,-6000000.0,21000000.0,3266000000.0,8459000000.0,6214000000.0,227000000.0,3266000000.0,2948000000.0,-206000000.0,2742000000.0,14673000000.0,359300000.0,360000000.0,362000000.0
Kellogg Co,K,LONOZNOJYIBXOHXWDB86,55067,2014.0,Q1,2013-12-29,2014-03-29,2015-05-11 16:31:12+00:00,1.13,1.13,0.46,1.12,165000000.0,406000000.0,406000000.0,406000000.0,0.0,2238000000.0,3742000000.0,-1000000.0,10000000.0,890000000.0,2238000000.0,1504000000.0,52000000.0,890000000.0,614000000.0,-42000000.0,572000000.0,3742000000.0,359300000.0,360000000.0,362000000.0
Kellogg Co,K,LONOZNOJYIBXOHXWDB86,55067,2015.0,Q4,2015-10-04,2016-01-02,,-0.11,-0.11,0.5,-0.13,-68000000.0,-40000000.0,-40000000.0,-41000000.0,1000000.0,2180000000.0,3142000000.0,3000000.0,-13000000.0,1001000000.0,2180000000.0,962000000.0,59000000.0,1001000000.0,-39000000.0,-72000000.0,-111000000.0,3142000000.0,354000000.0,354000000.0,354000000.0
Kellogg Co,K,LONOZNOJYIBXOHXWDB86,55067,2015.0,FY,2015-01-04,2016-01-02,2018-02-20 08:04:17+00:00,1.74,1.74,1.98,1.72,159000000.0,614000000.0,614000000.0,614000000.0,0.0,8844000000.0,13525000000.0,0.0,-91000000.0,3590000000.0,8844000000.0,4681000000.0,227000000.0,3590000000.0,1091000000.0,-318000000.0,773000000.0,13525000000.0,354000000.0,354000000.0,354000000.0
Kellogg Co,K,LONOZNOJYIBXOHXWDB86,55067,2015.0,Q3YTD,2015-01-04,2015-10-03,,1.85,1.85,1.48,1.85,227000000.0,654000000.0,654000000.0,655000000.0,-1000000.0,6664000000.0,10383000000.0,-3000000.0,-78000000.0,2589000000.0,6664000000.0,3719000000.0,168000000.0,2589000000.0,1130000000.0,-246000000.0,884000000.0,10383000000.0,353400000.0,354000000.0,356000000.0
Kellogg Co,K,LONOZNOJYIBXOHXWDB86,55067,2015.0,Q3TTM,2014-09-28,2015-10-03,,1.03,1.03,1.97,1.04,40000000.0,361000000.0,361000000.0,362000000.0,-1000000.0,9322000000.0,13897000000.0,-4000000.0,-82000000.0,3867000000.0,9322000000.0,4575000000.0,221000000.0,3867000000.0,708000000.0,-303000000.0,405000000.0,13897000000.0,353400000.0,354000000.0,356000000.0
Kellogg Co,K,LONOZNOJYIBXOHXWDB86,55067,2015.0,Q3,2015-07-05,2015-10-03,2016-11-07 07:56:08+00:00,0.58,0.58,0.5,0.58,66000000.0,205000000.0,205000000.0,205000000.0,0.0,2096000000.0,3329000000.0,-1000000.0,-6000000.0,899000000.0,2096000000.0,1233000000.0,56000000.0,899000000.0,334000000.0,-62000000.0,272000000.0,3329000000.0,353400000.0,354000000.0,356000000.0
Kellogg Co,K,LONOZNOJYIBXOHXWDB86,55067,2015.0,Q2YTD,2015-01-04,2015-07-04,,1.27,1.27,0.98,1.27,161000000.0,449000000.0,449000000.0,450000000.0,-1000000.0,4568000000.0,7054000000.0,-2000000.0,-72000000.0,1690000000.0,4568000000.0,2486000000.0,112000000.0,1690000000.0,796000000.0,-184000000.0,612000000.0,7054000000.0,354000000.0,353000000.0,355000000.0
Kellogg Co,K,LONOZNOJYIBXOHXWDB86,55067,2015.0,Q2TTM,2014-06-29,2015-07-04,,1.08,1.08,1.96,1.08,60000000.0,381000000.0,381000000.0,381000000.0,,9573000000.0,14207000000.0,-4000000.0,-75000000.0,3895000000.0,9573000000.0,4634000000.0,219000000.0,3895000000.0,739000000.0,-294000000.0,445000000.0,14207000000.0,354000000.0,353000000.0,355000000.0
Kellogg Co,K,LONOZNOJYIBXOHXWDB86,55067,2015.0,Q2,2015-04-05,2015-07-04,2016-08-08 16:18:56+00:00,0.63,0.63,0.49,0.63,85000000.0,222000000.0,222000000.0,223000000.0,-1000000.0,2257000000.0,3498000000.0,-1000000.0,-46000000.0,829000000.0,2257000000.0,1241000000.0,58000000.0,829000000.0,412000000.0,-104000000.0,308000000.0,3498000000.0,354000000.0,353000000.0,355000000.0
Kellogg Co,K,LONOZNOJYIBXOHXWDB86,55067,2015.0,Q1TTM,2014-03-30,2015-04-04,,1.27,1.27,1.93,1.27,97000000.0,454000000.0,454000000.0,453000000.0,1000000.0,9590000000.0,14394000000.0,-6000000.0,-26000000.0,4010000000.0,9590000000.0,4804000000.0,211000000.0,4010000000.0,794000000.0,-237000000.0,557000000.0,14394000000.0,354700000.0,355000000.0,357000000.0
Kellogg Co,K,LONOZNOJYIBXOHXWDB86,55067,2015.0,Q1,2015-01-04,2015-04-04,2016-05-09 16:21:26+00:00,0.64,0.64,0.49,0.64,76000000.0,227000000.0,227000000.0,227000000.0,0.0,2311000000.0,3556000000.0,-1000000.0,-26000000.0,861000000.0,2311000000.0,1245000000.0,54000000.0,861000000.0,384000000.0,-80000000.0,304000000.0,3556000000.0,354700000.0,355000000.0,357000000.0
Kellogg Co,K,LONOZNOJYIBXOHXWDB86,55067,2016.0,FY,2016-01-03,2016-12-31,2019-02-25 16:20:08+00:00,1.99,1.99,2.04,1.97,235000000.0,700000000.0,700000000.0,699000000.0,1000000.0,8131000000.0,12965000000.0,1000000.0,-143000000.0,3351000000.0,8131000000.0,4834000000.0,406000000.0,3351000000.0,1483000000.0,-549000000.0,934000000.0,12965000000.0,351300000.0,351300000.0,354800000.0
Kellogg Co,K,LONOZNOJYIBXOHXWDB86,55067,2016.0,Q4,2016-10-02,2016-12-31,,-0.14,-0.14,-1.52,-0.13,20000000.0,-47000000.0,-47000000.0,-48000000.0,1000000.0,1993000000.0,3048000000.0,,-150000000.0,869000000.0,1993000000.0,1055000000.0,63000000.0,869000000.0,186000000.0,-213000000.0,-27000000.0,3048000000.0,351300000.0,351300000.0,354800000.0
Kellogg Co,K,LONOZNOJYIBXOHXWDB86,55067,2016.0,Q3YTD,2016-01-03,2016-10-01,,2.13,2.13,1.52,2.1,215000000.0,747000000.0,747000000.0,747000000.0,,6138000000.0,9917000000.0,1000000.0,7000000.0,2482000000.0,6138000000.0,3779000000.0,343000000.0,2482000000.0,1297000000.0,-336000000.0,961000000.0,9917000000.0,351800000.0,350000000.0,354000000.0
Kellogg Co,K,LONOZNOJYIBXOHXWDB86,55067,2016.0,Q3TTM,2015-10-04,2016-10-01,,2.02,2.02,2.02,1.97,147000000.0,707000000.0,707000000.0,706000000.0,1000000.0,8318000000.0,13059000000.0,4000000.0,-6000000.0,3483000000.0,8318000000.0,4741000000.0,402000000.0,3483000000.0,1258000000.0,-408000000.0,850000000.0,13059000000.0,351800000.0,350000000.0,354000000.0
Kellogg Co,K,LONOZNOJYIBXOHXWDB86,55067,2016.0,Q3,2016-07-03,2016-10-01,2017-11-03 16:17:03+00:00,0.83,0.83,0.52,0.82,62000000.0,292000000.0,292000000.0,292000000.0,,1990000000.0,3254000000.0,-1000000.0,3000000.0,854000000.0,1990000000.0,1264000000.0,58000000.0,854000000.0,410000000.0,-55000000.0,355000000.0,3254000000.0,351800000.0,350000000.0,354000000.0
Kellogg Co,K,LONOZNOJYIBXOHXWDB86,55067,2016.0,Q2YTD,2016-01-03,2016-07-02,,1.3,1.3,1.0,1.28,153000000.0,455000000.0,455000000.0,455000000.0,,4148000000.0,6663000000.0,2000000.0,4000000.0,1628000000.0,4148000000.0,2515000000.0,285000000.0,1628000000.0,887000000.0,-281000000.0,606000000.0,6663000000.0,350000000.0,350000000.0,354000000.0
Kellogg Co,K,LONOZNOJYIBXOHXWDB86,55067,2016.0,Q2TTM,2015-07-05,2016-07-02,,1.77,1.77,2.0,1.73,151000000.0,620000000.0,620000000.0,619000000.0,1000000.0,8424000000.0,13134000000.0,4000000.0,-15000000.0,3528000000.0,8424000000.0,4710000000.0,400000000.0,3528000000.0,1182000000.0,-415000000.0,767000000.0,13134000000.0,350000000.0,350000000.0,354000000.0
Kellogg Co,K,LONOZNOJYIBXOHXWDB86,55067,2016.0,Q2,2016-04-03,2016-07-02,2017-08-04 16:16:44+00:00,0.8,0.8,0.5,0.79,106000000.0,280000000.0,280000000.0,280000000.0,,1998000000.0,3268000000.0,1000000.0,4000000.0,821000000.0,1998000000.0,1270000000.0,68000000.0,821000000.0,449000000.0,-64000000.0,385000000.0,3268000000.0,350000000.0,350000000.0,354000000.0
Kellogg Co,K,LONOZNOJYIBXOHXWDB86,55067,2016.0,Q1TTM,2015-04-05,2016-04-02,,1.6,1.6,1.99,1.57,130000000.0,562000000.0,562000000.0,562000000.0,,8683000000.0,13364000000.0,2000000.0,-65000000.0,3536000000.0,8683000000.0,4681000000.0,390000000.0,3536000000.0,1145000000.0,-455000000.0,690000000.0,13364000000.0,350000000.0,351000000.0,355000000.0
Kellogg Co,K,LONOZNOJYIBXOHXWDB86,55067,2016.0,Q1,2016-01-03,2016-04-02,2017-05-08 16:16:48+00:00,0.5,0.5,0.5,0.49,47000000.0,175000000.0,175000000.0,175000000.0,,2150000000.0,3395000000.0,1000000.0,0.0,807000000.0,2150000000.0,1245000000.0,217000000.0,807000000.0,438000000.0,-217000000.0,221000000.0,3395000000.0,350000000.0,351000000.0,355000000.0
Kellogg Co,K,LONOZNOJYIBXOHXWDB86,55067,2017.0,FY,2017-01-01,2017-12-30,2020-02-24 16:32:44+00:00,3.61,3.61,2.12,3.58,410000000.0,1254000000.0,1254000000.0,1254000000.0,0.0,8155000000.0,12854000000.0,7000000.0,526000000.0,3312000000.0,8155000000.0,4699000000.0,256000000.0,3312000000.0,1387000000.0,270000000.0,1657000000.0,12854000000.0,347400000.0,347400000.0,350300000.0
Kellogg Co,K,LONOZNOJYIBXOHXWDB86,55067,2017.0,Q4,2017-10-01,2017-12-30,,1.21,1.21,-1.58,1.2,164000000.0,417000000.0,417000000.0,417000000.0,,2043000000.0,3185000000.0,2000000.0,258000000.0,753000000.0,2043000000.0,1142000000.0,68000000.0,753000000.0,389000000.0,190000000.0,579000000.0,3185000000.0,347400000.0,347400000.0,350300000.0
Kellogg Co,K,LONOZNOJYIBXOHXWDB86,55067,2017.0,Q3,2017-07-02,2017-09-30,2018-11-01 16:19:56+00:00,0.83,0.83,0.54,0.83,101000000.0,288000000.0,288000000.0,288000000.0,0.0,2074000000.0,3246000000.0,3000000.0,117000000.0,839000000.0,2074000000.0,1172000000.0,64000000.0,839000000.0,333000000.0,53000000.0,386000000.0,3246000000.0,347000000.0,345000000.0,348000000.0
Kellogg Co,K,LONOZNOJYIBXOHXWDB86,55067,2017.0,Q3YTD,2017-01-01,2017-09-30,,2.4,2.4,1.58,2.38,246000000.0,837000000.0,837000000.0,837000000.0,,6112000000.0,9669000000.0,5000000.0,268000000.0,2559000000.0,6112000000.0,3557000000.0,188000000.0,2559000000.0,998000000.0,80000000.0,1078000000.0,9669000000.0,347000000.0,345000000.0,348000000.0
Kellogg Co,K,LONOZNOJYIBXOHXWDB86,55067,2017.0,Q3TTM,2016-10-02,2017-09-30,,2.26,2.26,0.06,2.25,266000000.0,790000000.0,790000000.0,789000000.0,1000000.0,8105000000.0,12717000000.0,5000000.0,118000000.0,3428000000.0,8105000000.0,4612000000.0,251000000.0,3428000000.0,1184000000.0,-133000000.0,1051000000.0,12717000000.0,347000000.0,345000000.0,348000000.0
Kellogg Co,K,LONOZNOJYIBXOHXWDB86,55067,2017.0,Q2,2017-04-02,2017-07-01,2018-08-03 16:18:16+00:00,0.81,0.81,0.52,0.8,102000000.0,283000000.0,283000000.0,283000000.0,0.0,1950000000.0,3175000000.0,0.0,63000000.0,840000000.0,1950000000.0,1225000000.0,63000000.0,840000000.0,385000000.0,,385000000.0,3175000000.0,349400000.0,349000000.0,352000000.0
Kellogg Co,K,LONOZNOJYIBXOHXWDB86,55067,2017.0,Q2YTD,2017-01-01,2017-07-01,,1.57,1.57,1.04,1.55,145000000.0,549000000.0,549000000.0,549000000.0,,4038000000.0,6423000000.0,2000000.0,151000000.0,1720000000.0,4038000000.0,2385000000.0,124000000.0,1720000000.0,665000000.0,27000000.0,692000000.0,6423000000.0,349400000.0,349000000.0,352000000.0
Kellogg Co,K,LONOZNOJYIBXOHXWDB86,55067,2017.0,Q2TTM,2016-07-03,2017-07-01,,2.26,2.26,0.04,2.24,227000000.0,794000000.0,794000000.0,793000000.0,1000000.0,8021000000.0,12725000000.0,1000000.0,4000000.0,3443000000.0,8021000000.0,4704000000.0,245000000.0,3443000000.0,1261000000.0,-241000000.0,1020000000.0,12725000000.0,349400000.0,349000000.0,352000000.0
Kellogg Co,K,LONOZNOJYIBXOHXWDB86,55067,2017.0,Q1,2017-01-01,2017-04-01,2018-05-04 16:18:01+00:00,0.76,0.76,0.52,0.75,43000000.0,266000000.0,266000000.0,266000000.0,,2088000000.0,3248000000.0,2000000.0,88000000.0,880000000.0,2088000000.0,1160000000.0,61000000.0,880000000.0,280000000.0,27000000.0,307000000.0,3248000000.0,350000000.0,351000000.0,354000000.0
Kellogg Co,K,LONOZNOJYIBXOHXWDB86,55067,2017.0,Q1TTM,2016-04-03,2017-04-01,,2.25,2.25,0.02,2.23,231000000.0,791000000.0,791000000.0,790000000.0,1000000.0,8069000000.0,12818000000.0,2000000.0,-55000000.0,3424000000.0,8069000000.0,4749000000.0,250000000.0,3424000000.0,1325000000.0,-305000000.0,1020000000.0,12818000000.0,350000000.0,351000000.0,354000000.0
Kellogg Co,K,LONOZNOJYIBXOHXWDB86,55067,2018.0,FY,2017-12-31,2018-12-29,2020-02-24 16:32:44+00:00,3.85,3.85,2.2,3.83,181000000.0,1344000000.0,1344000000.0,1336000000.0,8000000.0,8821000000.0,13547000000.0,196000000.0,-90000000.0,3020000000.0,8821000000.0,4726000000.0,287000000.0,3020000000.0,1706000000.0,-377000000.0,1329000000.0,13547000000.0,347000000.0,347000000.0,348800000.0
Kellogg Co,K,LONOZNOJYIBXOHXWDB86,55067,2018.0,Q4,2018-09-30,2018-12-29,,-0.25,-0.25,,-0.24,-25000000.0,-82000000.0,-82000000.0,-84000000.0,2000000.0,2228000000.0,3317000000.0,,-359000000.0,763000000.0,2228000000.0,1089000000.0,74000000.0,763000000.0,326000000.0,-433000000.0,-107000000.0,3317000000.0,347000000.0,347000000.0,348800000.0
Kellogg Co,K,LONOZNOJYIBXOHXWDB86,55067,2018.0,Q3,2018-07-01,2018-09-29,2019-10-30 16:25:56+00:00,1.1,1.1,,1.09,69000000.0,383000000.0,383000000.0,380000000.0,3000000.0,2293000000.0,3469000000.0,-2000000.0,130000000.0,780000000.0,2293000000.0,1176000000.0,72000000.0,780000000.0,396000000.0,58000000.0,454000000.0,3469000000.0,345500000.0,347000000.0,349000000.0
Kellogg Co,K,LONOZNOJYIBXOHXWDB86,55067,2018.0,Q3YTD,2017-12-31,2018-09-29,,4.1,4.1,,4.07,206000000.0,1426000000.0,1426000000.0,1420000000.0,6000000.0,6593000000.0,10230000000.0,196000000.0,269000000.0,2257000000.0,6593000000.0,3637000000.0,213000000.0,2257000000.0,1380000000.0,56000000.0,1436000000.0,10230000000.0,345500000.0,347000000.0,349000000.0
Kellogg Co,K,LONOZNOJYIBXOHXWDB86,55067,2018.0,Q3TTM,2017-10-01,2018-09-29,,5.31,5.31,-1.58,5.27,370000000.0,1843000000.0,1843000000.0,1837000000.0,6000000.0,8636000000.0,13415000000.0,198000000.0,527000000.0,3010000000.0,8636000000.0,4779000000.0,281000000.0,3010000000.0,1769000000.0,246000000.0,2015000000.0,13415000000.0,345500000.0,347000000.0,349000000.0
Kellogg Co,K,LONOZNOJYIBXOHXWDB86,55067,2018.0,Q2,2018-04-01,2018-06-30,2019-08-02 16:17:23+00:00,1.72,1.72,,1.71,70000000.0,599000000.0,599000000.0,596000000.0,3000000.0,2151000000.0,3360000000.0,198000000.0,69000000.0,735000000.0,2151000000.0,1209000000.0,72000000.0,735000000.0,474000000.0,-3000000.0,471000000.0,3360000000.0,346500000.0,347000000.0,348000000.0
Kellogg Co,K,LONOZNOJYIBXOHXWDB86,55067,2018.0,Q2YTD,2017-12-31,2018-06-30,,3.0,3.0,,2.98,137000000.0,1043000000.0,1043000000.0,1040000000.0,3000000.0,4300000000.0,6761000000.0,198000000.0,139000000.0,1477000000.0,4300000000.0,2461000000.0,141000000.0,1477000000.0,984000000.0,-2000000.0,982000000.0,6761000000.0,346500000.0,347000000.0,348000000.0
Kellogg Co,K,LONOZNOJYIBXOHXWDB86,55067,2018.0,Q2TTM,2017-07-02,2018-06-30,,5.04,5.04,-1.04,5.01,402000000.0,1748000000.0,1748000000.0,1745000000.0,3000000.0,8417000000.0,13192000000.0,203000000.0,514000000.0,3069000000.0,8417000000.0,4775000000.0,273000000.0,3069000000.0,1706000000.0,241000000.0,1947000000.0,13192000000.0,346500000.0,347000000.0,348000000.0
Kellogg Co,K,LONOZNOJYIBXOHXWDB86,55067,2018.0,Q1TTM,2017-04-02,2018-03-31,,4.13,4.13,-0.52,4.1,434000000.0,1432000000.0,1432000000.0,1432000000.0,,8216000000.0,13007000000.0,5000000.0,508000000.0,3174000000.0,8216000000.0,4791000000.0,264000000.0,3174000000.0,1617000000.0,244000000.0,1861000000.0,13007000000.0,346900000.0,346000000.0,348000000.0
Kellogg Co,K,LONOZNOJYIBXOHXWDB86,55067,2018.0,Q1,2017-12-31,2018-03-31,2019-05-03 16:17:47+00:00,1.28,1.28,0.54,1.27,67000000.0,444000000.0,444000000.0,444000000.0,0.0,2149000000.0,3401000000.0,0.0,70000000.0,742000000.0,2149000000.0,1252000000.0,69000000.0,742000000.0,510000000.0,1000000.0,511000000.0,3401000000.0,346900000.0,346000000.0,348000000.0
Kellogg Co,K,LONOZNOJYIBXOHXWDB86,55067,2019.0,Q4,2019-09-29,2019-12-28,,0.42,0.42,,0.42,84000000.0,152000000.0,152000000.0,145000000.0,7000000.0,2135000000.0,3223000000.0,-2000000.0,-59000000.0,728000000.0,2135000000.0,1088000000.0,63000000.0,728000000.0,360000000.0,-122000000.0,238000000.0,3223000000.0,341600000.0,341600000.0,342900000.0
Kellogg Co,K,LONOZNOJYIBXOHXWDB86,55067,2019.0,FY,2018-12-30,2019-12-28,2020-02-24 16:32:44+00:00,2.81,2.81,2.26,2.8,321000000.0,977000000.0,977000000.0,960000000.0,17000000.0,9197000000.0,13578000000.0,-7000000.0,188000000.0,2980000000.0,9197000000.0,4381000000.0,284000000.0,2980000000.0,1401000000.0,-96000000.0,1305000000.0,13578000000.0,341600000.0,341600000.0,342900000.0
Kellogg Co,K,LONOZNOJYIBXOHXWDB86,55067,2019.0,Q3YTD,2018-12-30,2019-09-28,,2.39,2.39,,2.38,237000000.0,825000000.0,825000000.0,815000000.0,10000000.0,7062000000.0,10355000000.0,-5000000.0,247000000.0,2252000000.0,7062000000.0,3293000000.0,221000000.0,2252000000.0,1041000000.0,26000000.0,1067000000.0,10355000000.0,338400000.0,341000000.0,342000000.0
Kellogg Co,K,LONOZNOJYIBXOHXWDB86,55067,2019.0,Q3TTM,2018-09-30,2019-09-28,,2.14,2.14,,2.14,212000000.0,743000000.0,743000000.0,731000000.0,12000000.0,9290000000.0,13672000000.0,-5000000.0,-112000000.0,3015000000.0,9290000000.0,4382000000.0,295000000.0,3015000000.0,1367000000.0,-407000000.0,960000000.0,13672000000.0,338400000.0,341000000.0,342000000.0
Kellogg Co,K,LONOZNOJYIBXOHXWDB86,55067,2019.0,Q3,2019-06-30,2019-09-28,2019-10-30 16:25:56+00:00,0.73,0.73,,0.72,91000000.0,248000000.0,248000000.0,247000000.0,1000000.0,2372000000.0,3372000000.0,-2000000.0,150000000.0,737000000.0,2372000000.0,1000000000.0,72000000.0,737000000.0,263000000.0,78000000.0,341000000.0,3372000000.0,338400000.0,341000000.0,342000000.0
Kellogg Co,K,LONOZNOJYIBXOHXWDB86,55067,2019.0,Q2YTD,2018-12-30,2019-06-29,,1.66,1.66,,1.66,146000000.0,577000000.0,577000000.0,568000000.0,9000000.0,4690000000.0,6983000000.0,-3000000.0,97000000.0,1515000000.0,4690000000.0,2293000000.0,149000000.0,1515000000.0,778000000.0,-52000000.0,726000000.0,6983000000.0,340500000.0,340000000.0,341000000.0
Kellogg Co,K,LONOZNOJYIBXOHXWDB86,55067,2019.0,Q2TTM,2018-07-01,2019-06-29,,2.51,2.51,,2.51,190000000.0,878000000.0,878000000.0,864000000.0,14000000.0,9211000000.0,13769000000.0,-5000000.0,-132000000.0,3058000000.0,9211000000.0,4558000000.0,295000000.0,3058000000.0,1500000000.0,-427000000.0,1073000000.0,13769000000.0,340500000.0,340000000.0,341000000.0
Kellogg Co,K,LONOZNOJYIBXOHXWDB86,55067,2019.0,Q2,2019-03-31,2019-06-29,2019-08-02 16:17:23+00:00,0.84,0.84,,0.84,74000000.0,292000000.0,292000000.0,286000000.0,6000000.0,2275000000.0,3461000000.0,-1000000.0,45000000.0,789000000.0,2275000000.0,1186000000.0,75000000.0,789000000.0,397000000.0,-30000000.0,367000000.0,3461000000.0,340500000.0,340000000.0,341000000.0
Kellogg Co,K,LONOZNOJYIBXOHXWDB86,55067,2019.0,Q1,2018-12-30,2019-03-30,2020-05-01 16:18:44+00:00,0.82,0.82,0.56,0.82,72000000.0,285000000.0,285000000.0,282000000.0,3000000.0,2415000000.0,3522000000.0,-2000000.0,52000000.0,726000000.0,2415000000.0,1107000000.0,74000000.0,726000000.0,381000000.0,-22000000.0,359000000.0,3522000000.0,343900000.0,342000000.0,343000000.0
Kellogg Co,K,LONOZNOJYIBXOHXWDB86,55067,2019.0,Q1TTM,2018-04-01,2019-03-30,,3.39,3.39,,3.38,186000000.0,1185000000.0,1185000000.0,1174000000.0,11000000.0,9087000000.0,13668000000.0,194000000.0,-108000000.0,3004000000.0,9087000000.0,4581000000.0,292000000.0,3004000000.0,1577000000.0,-400000000.0,1177000000.0,13668000000.0,343900000.0,342000000.0,343000000.0
Kellogg Co,K,LONOZNOJYIBXOHXWDB86,55067,2020.0,Q1TTM,2019-03-31,2020-03-28,,3.0,3.0,,2.99,343000000.0,1042000000.0,1042000000.0,1025000000.0,17000000.0,9050000000.0,13468000000.0,-7000000.0,187000000.0,2939000000.0,9050000000.0,4418000000.0,274000000.0,2939000000.0,1479000000.0,-87000000.0,1392000000.0,13468000000.0,343600000.0,342000000.0,344000000.0
Kellogg Co,K,LONOZNOJYIBXOHXWDB86,55067,2020.0,Q1,2019-12-29,2020-03-28,2020-05-01 16:18:44+00:00,1.01,1.01,0.57,1.01,94000000.0,350000000.0,350000000.0,347000000.0,3000000.0,2268000000.0,3412000000.0,-2000000.0,51000000.0,685000000.0,2268000000.0,1144000000.0,64000000.0,685000000.0,459000000.0,-13000000.0,446000000.0,3412000000.0,343600000.0,342000000.0,344000000.0
