company_name,company_ticker,company_lei,company_cik,year,quarter,start_date,end_date,filing_date,basicdilutedeps,basiceps,cashdividendspershare,depreciationexpense,dilutedeps,incometaxexpense,netincome,netincomecontinuing,netincometocommon,netincometononcontrollinginterest,operatingcostofrevenue,operatingrevenue,otherincome,otheroperatingexpenses,otherspecialcharges,preferreddividends,restructuringcharge,sgaexpense,totalcostofrevenue,totalgrossprofit,totalinterestexpense,totalinterestincome,totaloperatingexpenses,totaloperatingincome,totalotherincome,totalpretaxincome,totalrevenue,weightedavebasicdilutedsharesos,weightedavebasicsharesos,weightedavedilutedsharesos
Kansas City Southern,KSU,5493008C12PZMWP3WY03,54480,2007.0,FY,2007-01-01,2007-12-31,2010-02-11 19:37:06+00:00,1.77,1.77,,159000000.0,1.57,67100000.0,154200000.0,154200000.0,134000000.0,400000.0,953700000.0,1742800000.0,11100000.0,267700000.0,,19800000.0,,,953700000.0,789100000.0,163600000.0,11400000.0,426700000.0,362400000.0,-141100000.0,221300000.0,1742800000.0,75700000.0,75832000.0,97616000.0
Kansas City Southern,KSU,5493008C12PZMWP3WY03,54480,2008.0,FY,2008-01-01,2008-12-31,2011-02-09 14:13:58+00:00,1.99,1.99,,167800000.0,1.84,63800000.0,182100000.0,182100000.0,166600000.0,300000.0,1084200000.0,1852100000.0,-15000000.0,212700000.0,,15200000.0,,,1084200000.0,767900000.0,144500000.0,18000000.0,380500000.0,387400000.0,-141500000.0,245900000.0,1852100000.0,83700000.0,83674000.0,98602000.0
Kansas City Southern,KSU,5493008C12PZMWP3WY03,54480,2008.0,Q3,2008-07-01,2008-09-30,2009-10-29 17:09:40+00:00,0.55,0.55,,42700000.0,0.52,25100000.0,51700000.0,51700000.0,48900000.0,100000.0,263500000.0,491500000.0,-3700000.0,74300000.0,,2700000.0,,,263500000.0,228000000.0,35500000.0,5000000.0,117000000.0,111000000.0,-34200000.0,76800000.0,491500000.0,88900000.0,88400000.0,98918000.0
Kansas City Southern,KSU,5493008C12PZMWP3WY03,54480,2008.0,Q2,2008-04-01,2008-06-30,2009-07-30 15:38:51+00:00,0.64,0.64,,40200000.0,0.56,26400000.0,55500000.0,55500000.0,50500000.0,100000.0,269300000.0,486200000.0,5900000.0,72100000.0,,4900000.0,,,269300000.0,216900000.0,33300000.0,4700000.0,112300000.0,104600000.0,-22700000.0,81900000.0,486200000.0,78900000.0,79272000.0,99146000.0
Kansas City Southern,KSU,5493008C12PZMWP3WY03,54480,2009.0,Q4,2009-10-01,2009-12-31,,0.35,0.35,,42700000.0,0.35,17700000.0,35200000.0,35200000.0,32300000.0,200000.0,259700000.0,406800000.0,3200000.0,12200000.0,,2700000.0,,,259700000.0,147100000.0,45300000.0,2800000.0,54900000.0,92200000.0,-39300000.0,52900000.0,406800000.0,93500000.0,93145000.0,93649000.0
Kansas City Southern,KSU,5493008C12PZMWP3WY03,54480,2009.0,FY,2009-01-01,2009-12-31,2012-02-08 15:19:28+00:00,0.6,0.6,,181600000.0,0.6,34100000.0,68100000.0,68100000.0,56100000.0,1000000.0,858100000.0,1480200000.0,7300000.0,173700000.0,0.0,11000000.0,,,858100000.0,622100000.0,179600000.0,7700000.0,355300000.0,266800000.0,-164600000.0,102200000.0,1480200000.0,93500000.0,93145000.0,93649000.0
Kansas City Southern,KSU,5493008C12PZMWP3WY03,54480,2009.0,Q3YTD,2009-01-01,2009-09-30,,0.25,0.25,,138900000.0,0.25,16400000.0,32900000.0,32900000.0,23800000.0,800000.0,598400000.0,1073400000.0,4100000.0,161500000.0,,8300000.0,,,598400000.0,475000000.0,134300000.0,4900000.0,300400000.0,174600000.0,-125300000.0,49300000.0,1073400000.0,94100000.0,94683000.0,95243000.0
Kansas City Southern,KSU,5493008C12PZMWP3WY03,54480,2009.0,Q3,2009-07-01,2009-09-30,2010-10-26 11:54:43+00:00,0.27,0.27,,44600000.0,0.27,14800000.0,28600000.0,28600000.0,25400000.0,400000.0,208500000.0,386100000.0,-1200000.0,49100000.0,,2800000.0,,,208500000.0,177600000.0,41200000.0,1900000.0,93700000.0,83900000.0,-40500000.0,43400000.0,386100000.0,94100000.0,94683000.0,95243000.0
Kansas City Southern,KSU,5493008C12PZMWP3WY03,54480,2009.0,Q2YTD,2009-01-01,2009-06-30,,-0.02,-0.02,,94300000.0,-0.02,1600000.0,4300000.0,4300000.0,-1600000.0,400000.0,389900000.0,687300000.0,5300000.0,112400000.0,,5500000.0,,,389900000.0,297400000.0,93100000.0,3000000.0,206700000.0,90700000.0,-84800000.0,5900000.0,687300000.0,92900000.0,91955000.0,99408000.0
Kansas City Southern,KSU,5493008C12PZMWP3WY03,54480,2009.0,Q2,2009-04-01,2009-06-30,2010-07-27 13:46:57+00:00,0.07,0.07,,47400000.0,0.07,1500000.0,7100000.0,7100000.0,6500000.0,500000.0,196500000.0,341300000.0,8900000.0,54300000.0,,100000.0,,,196500000.0,144800000.0,45400000.0,2000000.0,101700000.0,43100000.0,-34500000.0,8600000.0,341300000.0,92900000.0,91955000.0,99408000.0
Kansas City Southern,KSU,5493008C12PZMWP3WY03,54480,2009.0,Q1,2009-01-01,2009-03-31,2010-04-27 12:07:50+00:00,-0.09,-0.09,,46900000.0,-0.09,100000.0,-2800000.0,-2800000.0,-8100000.0,-100000.0,193400000.0,346000000.0,-3600000.0,58100000.0,,5400000.0,,,193400000.0,152600000.0,47700000.0,1000000.0,105000000.0,47600000.0,-50300000.0,-2700000.0,346000000.0,90000000.0,90743000.0,90743000.0
Kansas City Southern,KSU,5493008C12PZMWP3WY03,54480,2010.0,Q4,2010-10-01,2010-12-31,,0.51,0.51,,46100000.0,0.51,30700000.0,55600000.0,55600000.0,51800000.0,1000000.0,90200000.0,478600000.0,2300000.0,48200000.0,,2800000.0,,159000000.0,90200000.0,388400000.0,54600000.0,3500000.0,253300000.0,135100000.0,-48800000.0,86300000.0,478600000.0,100100000.0,100054000.0,107534000.0
Kansas City Southern,KSU,5493008C12PZMWP3WY03,54480,2010.0,FY,2010-01-01,2010-12-31,2013-02-04 13:46:45+00:00,1.69,1.69,0.0,184900000.0,1.67,109200000.0,180000000.0,180000000.0,169200000.0,-200000.0,795300000.0,1814800000.0,9400000.0,189100000.0,0.0,11000000.0,,159000000.0,795300000.0,1019500000.0,226400000.0,19700000.0,533000000.0,486500000.0,-197300000.0,289200000.0,1814800000.0,100100000.0,100054000.0,107534000.0
Kansas City Southern,KSU,5493008C12PZMWP3WY03,54480,2010.0,Q3YTD,2010-01-01,2010-09-30,,1.18,1.18,,138800000.0,1.16,78500000.0,124400000.0,124400000.0,117400000.0,-1200000.0,705100000.0,1336200000.0,7100000.0,140900000.0,,8200000.0,,,705100000.0,631100000.0,171800000.0,16200000.0,279700000.0,351400000.0,-148500000.0,202900000.0,1336200000.0,102400000.0,102082000.0,109510000.0
Kansas City Southern,KSU,5493008C12PZMWP3WY03,54480,2010.0,Q3TTM,2009-10-01,2010-09-30,,1.53,1.53,,181500000.0,1.51,96200000.0,159600000.0,159600000.0,149700000.0,-1000000.0,964800000.0,1743000000.0,10300000.0,153100000.0,,10900000.0,,,964800000.0,778200000.0,217100000.0,19000000.0,334600000.0,443600000.0,-187800000.0,255800000.0,1743000000.0,102400000.0,102082000.0,109510000.0
Kansas City Southern,KSU,5493008C12PZMWP3WY03,54480,2010.0,Q3,2010-07-01,2010-09-30,2011-10-21 12:58:38+00:00,0.49,0.49,,46100000.0,0.48,34700000.0,52800000.0,52800000.0,50200000.0,-100000.0,228200000.0,438300000.0,4400000.0,48000000.0,0.0,2700000.0,,,228200000.0,210100000.0,38100000.0,5200000.0,94100000.0,116000000.0,-28500000.0,87500000.0,438300000.0,102400000.0,102082000.0,109510000.0
Kansas City Southern,KSU,5493008C12PZMWP3WY03,54480,2010.0,Q2YTD,2010-01-01,2010-06-30,,0.69,0.69,,92700000.0,0.68,43800000.0,71600000.0,71600000.0,67200000.0,-1100000.0,476900000.0,897900000.0,2700000.0,92900000.0,,5500000.0,,,476900000.0,421000000.0,133700000.0,11000000.0,185600000.0,235400000.0,-120000000.0,115400000.0,897900000.0,98900000.0,99907000.0,100366000.0
Kansas City Southern,KSU,5493008C12PZMWP3WY03,54480,2010.0,Q2TTM,2009-07-01,2010-06-30,,1.31,1.31,,180000000.0,1.3,76300000.0,135400000.0,135400000.0,124900000.0,-500000.0,945100000.0,1690800000.0,4700000.0,154200000.0,,11000000.0,,,945100000.0,745700000.0,220200000.0,15700000.0,334200000.0,411500000.0,-199800000.0,211700000.0,1690800000.0,98900000.0,99907000.0,100366000.0
Kansas City Southern,KSU,5493008C12PZMWP3WY03,54480,2010.0,Q2,2010-04-01,2010-06-30,2011-07-21 19:08:08+00:00,0.35,0.35,,46900000.0,0.34,19600000.0,37400000.0,37400000.0,34600000.0,0.0,239500000.0,461600000.0,-400000.0,48000000.0,,2800000.0,,,239500000.0,222100000.0,74400000.0,4600000.0,94900000.0,127200000.0,-70200000.0,57000000.0,461600000.0,98900000.0,99907000.0,100366000.0
Kansas City Southern,KSU,5493008C12PZMWP3WY03,54480,2010.0,Q1TTM,2009-04-01,2010-03-31,,1.03,1.03,,180500000.0,1.03,58200000.0,105100000.0,105100000.0,96800000.0,,902100000.0,1570500000.0,14000000.0,160500000.0,,8300000.0,,,902100000.0,668400000.0,191200000.0,13100000.0,341000000.0,327400000.0,-164100000.0,163300000.0,1570500000.0,95900000.0,95890000.0,96458000.0
Kansas City Southern,KSU,5493008C12PZMWP3WY03,54480,2010.0,Q1,2010-01-01,2010-03-31,2011-04-21 11:56:49+00:00,0.34,0.34,,45800000.0,0.34,24200000.0,34200000.0,34200000.0,32600000.0,-1100000.0,237400000.0,436300000.0,3100000.0,44900000.0,,2700000.0,,,237400000.0,198900000.0,59300000.0,6400000.0,90700000.0,108200000.0,-49800000.0,58400000.0,436300000.0,95900000.0,95890000.0,96458000.0
Kansas City Southern,KSU,5493008C12PZMWP3WY03,54480,2011.0,Q4,2011-10-01,2011-12-31,,0.88,0.88,,47100000.0,0.87,700000.0,96000000.0,96000000.0,95600000.0,300000.0,244700000.0,530300000.0,-2400000.0,51300000.0,,100000.0,,36800000.0,244700000.0,285600000.0,55900000.0,4600000.0,135200000.0,150400000.0,-53700000.0,96700000.0,530300000.0,108100000.0,108208000.0,109830000.0
Kansas City Southern,KSU,5493008C12PZMWP3WY03,54480,2011.0,FY,2011-01-01,2011-12-31,2014-01-31 11:35:40+00:00,3.04,3.04,0.0,186200000.0,3.0,123100000.0,331900000.0,331900000.0,328700000.0,1600000.0,942300000.0,2098300000.0,-7000000.0,204800000.0,-25600000.0,1600000.0,,179000000.0,942300000.0,1156000000.0,167800000.0,18200000.0,544400000.0,611600000.0,-156600000.0,455000000.0,2098300000.0,108100000.0,108208000.0,109830000.0
Kansas City Southern,KSU,5493008C12PZMWP3WY03,54480,2011.0,Q3YTD,2011-01-01,2011-09-30,,2.16,2.16,,139100000.0,2.13,122400000.0,235900000.0,235900000.0,233100000.0,1300000.0,697600000.0,1568000000.0,-4600000.0,153500000.0,-25600000.0,1500000.0,,142200000.0,697600000.0,870400000.0,111900000.0,13600000.0,409200000.0,461200000.0,-102900000.0,358300000.0,1568000000.0,109700000.0,109515000.0,109862000.0
Kansas City Southern,KSU,5493008C12PZMWP3WY03,54480,2011.0,Q3TTM,2010-10-01,2011-09-30,,2.67,2.67,,185200000.0,2.64,153100000.0,291500000.0,291500000.0,284900000.0,2300000.0,787800000.0,2046600000.0,-2300000.0,201700000.0,-25600000.0,4300000.0,,301200000.0,787800000.0,1258800000.0,166500000.0,17100000.0,662500000.0,596300000.0,-151700000.0,444600000.0,2046600000.0,109700000.0,109515000.0,109862000.0
Kansas City Southern,KSU,5493008C12PZMWP3WY03,54480,2011.0,Q3,2011-07-01,2011-09-30,2012-10-19 11:19:22+00:00,0.91,0.91,0.0,47900000.0,0.91,43700000.0,100100000.0,100100000.0,99800000.0,300000.0,237200000.0,544500000.0,-6600000.0,50600000.0,-25600000.0,0.0,,52600000.0,237200000.0,307300000.0,36100000.0,4700000.0,125500000.0,181800000.0,-38000000.0,143800000.0,544500000.0,109700000.0,109515000.0,109862000.0
Kansas City Southern,KSU,5493008C12PZMWP3WY03,54480,2011.0,Q2YTD,2011-01-01,2011-06-30,,1.25,1.25,,91200000.0,1.22,78700000.0,135800000.0,135800000.0,133300000.0,1000000.0,460400000.0,1023500000.0,2000000.0,102900000.0,,1500000.0,,89600000.0,460400000.0,563100000.0,75800000.0,8900000.0,283700000.0,279400000.0,-64900000.0,214500000.0,1023500000.0,108800000.0,109428000.0,109810000.0
Kansas City Southern,KSU,5493008C12PZMWP3WY03,54480,2011.0,Q2TTM,2010-07-01,2011-06-30,,2.25,2.25,,183400000.0,2.21,144100000.0,244200000.0,244200000.0,235300000.0,1900000.0,778800000.0,1940400000.0,8700000.0,199100000.0,,7000000.0,,248600000.0,778800000.0,1161600000.0,168500000.0,17600000.0,631100000.0,530500000.0,-142200000.0,388300000.0,1940400000.0,108800000.0,109428000.0,109810000.0
Kansas City Southern,KSU,5493008C12PZMWP3WY03,54480,2011.0,Q2,2011-04-01,2011-06-30,2012-07-17 11:11:58+00:00,0.65,0.65,0.0,45500000.0,0.64,42900000.0,71700000.0,71700000.0,70700000.0,900000.0,239100000.0,534900000.0,400000.0,54800000.0,,100000.0,,43900000.0,239100000.0,295800000.0,42700000.0,5300000.0,144200000.0,151600000.0,-37000000.0,114600000.0,534900000.0,108800000.0,109428000.0,109810000.0
Kansas City Southern,KSU,5493008C12PZMWP3WY03,54480,2011.0,Q1TTM,2010-04-01,2011-03-31,,1.95,1.95,,184800000.0,1.91,120800000.0,209900000.0,209900000.0,199200000.0,1000000.0,779200000.0,1867100000.0,7900000.0,192300000.0,,9700000.0,,204700000.0,779200000.0,1087900000.0,200200000.0,16900000.0,581800000.0,506100000.0,-175400000.0,330700000.0,1867100000.0,104300000.0,104269000.0,109751000.0
Kansas City Southern,KSU,5493008C12PZMWP3WY03,54480,2011.0,Q1,2011-01-01,2011-03-31,2012-04-24 14:55:53+00:00,0.6,0.6,0.0,45700000.0,0.58,35800000.0,64100000.0,64100000.0,62600000.0,100000.0,221300000.0,488600000.0,1600000.0,48100000.0,,1400000.0,,45700000.0,221300000.0,267300000.0,33100000.0,3600000.0,139500000.0,127800000.0,-27900000.0,99900000.0,488600000.0,104300000.0,104269000.0,109751000.0
Kansas City Southern,KSU,5493008C12PZMWP3WY03,54480,2012.0,Q4,2012-10-01,2012-12-31,,0.84,0.84,0.19,51900000.0,0.84,57800000.0,92500000.0,92500000.0,91800000.0,700000.0,244700000.0,568400000.0,-1600000.0,50500000.0,,,,47700000.0,244700000.0,323700000.0,25900000.0,4200000.0,150100000.0,173600000.0,-23300000.0,150300000.0,568400000.0,109600000.0,109712000.0,110080000.0
Kansas City Southern,KSU,5493008C12PZMWP3WY03,54480,2012.0,FY,2012-01-01,2012-12-31,2015-01-30 13:02:48+00:00,3.44,3.44,0.78,198800000.0,3.43,237000000.0,379400000.0,379400000.0,377100000.0,2100000.0,957200000.0,2238600000.0,1700000.0,176800000.0,0.0,200000.0,,189900000.0,957200000.0,1281400000.0,120500000.0,19300000.0,565500000.0,715900000.0,-99500000.0,616400000.0,2238600000.0,109600000.0,109712000.0,110080000.0
Kansas City Southern,KSU,5493008C12PZMWP3WY03,54480,2012.0,Q3YTD,2012-01-01,2012-09-30,,2.6,2.6,0.59,146900000.0,2.59,179200000.0,286900000.0,286900000.0,285300000.0,1400000.0,712500000.0,1670200000.0,3300000.0,126300000.0,,200000.0,,142200000.0,712500000.0,957700000.0,94600000.0,15100000.0,415400000.0,542300000.0,-76200000.0,466100000.0,1670200000.0,109800000.0,109739000.0,110127000.0
Kansas City Southern,KSU,5493008C12PZMWP3WY03,54480,2012.0,Q3TTM,2011-10-01,2012-09-30,,3.48,3.48,0.59,194000000.0,3.46,179900000.0,382900000.0,382900000.0,380900000.0,1700000.0,957200000.0,2200500000.0,900000.0,177600000.0,,300000.0,,179000000.0,957200000.0,1243300000.0,150500000.0,19700000.0,550600000.0,692700000.0,-129900000.0,562800000.0,2200500000.0,109800000.0,109739000.0,110127000.0
Kansas City Southern,KSU,5493008C12PZMWP3WY03,54480,2012.0,Q3,2012-07-01,2012-09-30,2013-10-18 11:31:41+00:00,0.82,0.82,0.195,49800000.0,0.82,73900000.0,90700000.0,90700000.0,90000000.0,600000.0,240800000.0,577400000.0,3600000.0,54600000.0,,100000.0,,51500000.0,240800000.0,336600000.0,24100000.0,4400000.0,155900000.0,180700000.0,-16100000.0,164600000.0,577400000.0,109800000.0,109739000.0,110127000.0
Kansas City Southern,KSU,5493008C12PZMWP3WY03,54480,2012.0,Q2YTD,2012-01-01,2012-06-30,,1.78,1.78,0.39,97100000.0,1.77,105300000.0,196200000.0,196200000.0,195300000.0,800000.0,471700000.0,1092800000.0,-300000.0,71700000.0,,100000.0,,90700000.0,471700000.0,621100000.0,70500000.0,10700000.0,259500000.0,361600000.0,-60100000.0,301500000.0,1092800000.0,109500000.0,109689000.0,110056000.0
Kansas City Southern,KSU,5493008C12PZMWP3WY03,54480,2012.0,Q2TTM,2011-07-01,2012-06-30,,3.57,3.57,0.39,192100000.0,3.55,149700000.0,392300000.0,392300000.0,390700000.0,1400000.0,953600000.0,2167600000.0,-9300000.0,173600000.0,-25600000.0,200000.0,,180100000.0,953600000.0,1214000000.0,162500000.0,20000000.0,520200000.0,693800000.0,-151800000.0,542000000.0,2167600000.0,109500000.0,109689000.0,110056000.0
Kansas City Southern,KSU,5493008C12PZMWP3WY03,54480,2012.0,Q2,2012-04-01,2012-06-30,2013-07-19 13:26:35+00:00,1.1,1.1,0.195,48700000.0,1.09,53100000.0,120900000.0,120900000.0,120400000.0,500000.0,233800000.0,545300000.0,-4300000.0,17300000.0,,0.0,,41700000.0,233800000.0,311500000.0,30400000.0,4900000.0,107700000.0,203800000.0,-29800000.0,174000000.0,545300000.0,109500000.0,109689000.0,110056000.0
Kansas City Southern,KSU,5493008C12PZMWP3WY03,54480,2012.0,Q1TTM,2011-04-01,2012-03-31,,3.12,3.12,0.2,188900000.0,3.1,139500000.0,343100000.0,343100000.0,341000000.0,1800000.0,958900000.0,2157200000.0,-4600000.0,211100000.0,-25600000.0,300000.0,,182300000.0,958900000.0,1198300000.0,174800000.0,20400000.0,556700000.0,641600000.0,-159000000.0,482600000.0,2157200000.0,110100000.0,109622000.0,109996000.0
Kansas City Southern,KSU,5493008C12PZMWP3WY03,54480,2012.0,Q1,2012-01-01,2012-03-31,2013-04-22 13:50:18+00:00,0.68,0.68,0.195,48400000.0,0.68,52200000.0,75300000.0,75300000.0,74900000.0,300000.0,237900000.0,547500000.0,4000000.0,54400000.0,,100000.0,,49000000.0,237900000.0,309600000.0,40100000.0,5800000.0,151800000.0,157800000.0,-30300000.0,127500000.0,547500000.0,110100000.0,109622000.0,109996000.0
Kansas City Southern,KSU,5493008C12PZMWP3WY03,54480,2013.0,FY,2013-01-01,2013-12-31,2016-01-29 12:25:52+00:00,3.19,3.19,0.86,223300000.0,3.18,198300000.0,353300000.0,353300000.0,351200000.0,1900000.0,991700000.0,2369300000.0,-6000000.0,217600000.0,0.0,200000.0,,198100000.0,991700000.0,1377600000.0,199800000.0,18800000.0,639000000.0,738600000.0,-187000000.0,551600000.0,2369300000.0,110100000.0,109973000.0,110340000.0
Kansas City Southern,KSU,5493008C12PZMWP3WY03,54480,2013.0,Q4,2013-10-01,2013-12-31,,1.03,1.03,0.22,58300000.0,1.03,66500000.0,114400000.0,114400000.0,113800000.0,600000.0,256700000.0,615600000.0,4600000.0,57200000.0,,,,47300000.0,256700000.0,358900000.0,24800000.0,5000000.0,162800000.0,196100000.0,-15200000.0,180900000.0,615600000.0,110100000.0,109973000.0,110340000.0
Kansas City Southern,KSU,5493008C12PZMWP3WY03,54480,2013.0,Q3YTD,2013-01-01,2013-09-30,,2.16,2.16,0.65,165000000.0,2.15,131800000.0,238900000.0,238900000.0,237400000.0,1300000.0,735000000.0,1753700000.0,-10600000.0,160400000.0,,200000.0,,150800000.0,735000000.0,1018700000.0,175000000.0,13800000.0,476200000.0,542500000.0,-171800000.0,370700000.0,1753700000.0,109500000.0,110003000.0,110373000.0
Kansas City Southern,KSU,5493008C12PZMWP3WY03,54480,2013.0,Q3TTM,2012-10-01,2013-09-30,,3.0,3.0,0.84,216900000.0,2.99,189600000.0,331400000.0,331400000.0,329200000.0,2000000.0,979700000.0,2322100000.0,-12200000.0,210900000.0,,200000.0,,198500000.0,979700000.0,1342400000.0,200900000.0,18000000.0,626300000.0,716100000.0,-195100000.0,521000000.0,2322100000.0,109500000.0,110003000.0,110373000.0
Kansas City Southern,KSU,5493008C12PZMWP3WY03,54480,2013.0,Q3,2013-07-01,2013-09-30,2014-10-17 10:04:14+00:00,1.08,1.08,0.215,57200000.0,1.07,63300000.0,119000000.0,119000000.0,118300000.0,600000.0,253600000.0,621600000.0,-2100000.0,57200000.0,0.0,100000.0,,53300000.0,253600000.0,368000000.0,20700000.0,4800000.0,167700000.0,200300000.0,-18000000.0,182300000.0,621600000.0,109500000.0,110003000.0,110373000.0
Kansas City Southern,KSU,5493008C12PZMWP3WY03,54480,2013.0,Q2YTD,2013-01-01,2013-06-30,,1.08,1.08,0.43,107800000.0,1.08,68500000.0,119900000.0,119900000.0,119100000.0,700000.0,481400000.0,1132100000.0,-8500000.0,103200000.0,,100000.0,,97500000.0,481400000.0,650700000.0,154300000.0,9000000.0,308500000.0,342200000.0,-153800000.0,188400000.0,1132100000.0,110000000.0,109968000.0,110323000.0
Kansas City Southern,KSU,5493008C12PZMWP3WY03,54480,2013.0,Q2TTM,2012-07-01,2013-06-30,,2.74,2.74,0.82,209500000.0,2.74,200200000.0,303100000.0,303100000.0,300900000.0,2000000.0,966900000.0,2277900000.0,-6500000.0,208300000.0,,200000.0,,196700000.0,966900000.0,1311000000.0,204300000.0,17600000.0,614500000.0,696500000.0,-193200000.0,503300000.0,2277900000.0,110000000.0,109968000.0,110323000.0
Kansas City Southern,KSU,5493008C12PZMWP3WY03,54480,2013.0,Q2,2013-04-01,2013-06-30,2014-07-18 10:52:25+00:00,0.14,0.14,0.215,54700000.0,0.14,14200000.0,15700000.0,15700000.0,15400000.0,300000.0,241700000.0,579300000.0,-22300000.0,50900000.0,0.0,0.0,,52700000.0,241700000.0,337600000.0,130600000.0,3500000.0,158300000.0,179300000.0,-149400000.0,29900000.0,579300000.0,110000000.0,109968000.0,110323000.0
Kansas City Southern,KSU,5493008C12PZMWP3WY03,54480,2013.0,Q1TTM,2012-04-01,2013-03-31,,3.7,3.7,0.8,203500000.0,3.69,239100000.0,408300000.0,408300000.0,405900000.0,2200000.0,959000000.0,2243900000.0,11500000.0,174700000.0,,200000.0,,185700000.0,959000000.0,1284900000.0,104100000.0,19000000.0,563900000.0,721000000.0,-73600000.0,647400000.0,2243900000.0,110300000.0,109907000.0,110265000.0
Kansas City Southern,KSU,5493008C12PZMWP3WY03,54480,2013.0,Q1,2013-01-01,2013-03-31,2014-04-16 18:04:34+00:00,0.94,0.94,0.215,53100000.0,0.94,54300000.0,104200000.0,104200000.0,103700000.0,400000.0,239700000.0,552800000.0,13800000.0,52300000.0,0.0,100000.0,,44800000.0,239700000.0,313100000.0,23700000.0,5500000.0,150200000.0,162900000.0,-4400000.0,158500000.0,552800000.0,110300000.0,109907000.0,110265000.0
Kansas City Southern,KSU,5493008C12PZMWP3WY03,54480,2014.0,FY,2014-01-01,2014-12-31,2017-01-27 10:57:51+00:00,4.56,4.56,1.12,258100000.0,4.55,208800000.0,504300000.0,504300000.0,502400000.0,1700000.0,1009600000.0,2577100000.0,-37700000.0,245200000.0,38300000.0,200000.0,,216800000.0,1009600000.0,1567500000.0,79400000.0,21100000.0,758400000.0,809100000.0,-96000000.0,713100000.0,2577100000.0,110200000.0,110163000.0,110433000.0
Kansas City Southern,KSU,5493008C12PZMWP3WY03,54480,2014.0,Q4,2014-10-01,2014-12-31,,1.28,1.28,0.28,67300000.0,1.27,28500000.0,141700000.0,141700000.0,141000000.0,700000.0,247900000.0,642500000.0,-29900000.0,62000000.0,,,,51400000.0,247900000.0,394600000.0,18300000.0,4500000.0,180700000.0,213900000.0,-43700000.0,170200000.0,642500000.0,110200000.0,110163000.0,110433000.0
Kansas City Southern,KSU,5493008C12PZMWP3WY03,54480,2014.0,Q3,2014-07-01,2014-09-30,2015-10-16 11:00:50+00:00,1.25,1.25,0.28,65000000.0,1.25,65200000.0,138400000.0,138400000.0,138000000.0,300000.0,262800000.0,677500000.0,-12900000.0,64200000.0,0.0,100000.0,,56100000.0,262800000.0,414700000.0,17900000.0,5000000.0,185300000.0,229400000.0,-25800000.0,203600000.0,677500000.0,110400000.0,110182000.0,110441000.0
Kansas City Southern,KSU,5493008C12PZMWP3WY03,54480,2014.0,Q3YTD,2014-01-01,2014-09-30,,3.28,3.28,0.84,190800000.0,3.28,180300000.0,362600000.0,362600000.0,361400000.0,1000000.0,761700000.0,1934600000.0,-7800000.0,183200000.0,38300000.0,200000.0,,165400000.0,761700000.0,1172900000.0,61100000.0,16600000.0,577700000.0,595200000.0,-52300000.0,542900000.0,1934600000.0,110400000.0,110182000.0,110441000.0
Kansas City Southern,KSU,5493008C12PZMWP3WY03,54480,2014.0,Q3TTM,2013-10-01,2014-09-30,,4.31,4.31,1.06,249100000.0,4.31,246800000.0,477000000.0,477000000.0,475200000.0,1600000.0,1018400000.0,2550200000.0,-3200000.0,240400000.0,38300000.0,200000.0,,212700000.0,1018400000.0,1531800000.0,85900000.0,21600000.0,740500000.0,791300000.0,-67500000.0,723800000.0,2550200000.0,110400000.0,110182000.0,110441000.0
Kansas City Southern,KSU,5493008C12PZMWP3WY03,54480,2014.0,Q2YTD,2014-01-01,2014-06-30,,2.03,2.03,0.56,125800000.0,2.03,115100000.0,224200000.0,224200000.0,223400000.0,700000.0,498900000.0,1257100000.0,5100000.0,119000000.0,38300000.0,100000.0,,109300000.0,498900000.0,758200000.0,43200000.0,11600000.0,392400000.0,365800000.0,-26500000.0,339300000.0,1257100000.0,110000000.0,110160000.0,110397000.0
Kansas City Southern,KSU,5493008C12PZMWP3WY03,54480,2014.0,Q2TTM,2013-07-01,2014-06-30,,4.14,4.14,0.99,241300000.0,4.13,244900000.0,457600000.0,457600000.0,455500000.0,1900000.0,1009200000.0,2494300000.0,7600000.0,233400000.0,38300000.0,200000.0,,209900000.0,1009200000.0,1485100000.0,88700000.0,21400000.0,722900000.0,762200000.0,-59700000.0,702500000.0,2494300000.0,110000000.0,110160000.0,110397000.0
Kansas City Southern,KSU,5493008C12PZMWP3WY03,54480,2014.0,Q2,2014-04-01,2014-06-30,2015-07-17 12:13:44+00:00,1.18,1.18,0.28,63900000.0,1.18,66100000.0,130200000.0,130200000.0,129800000.0,400000.0,252700000.0,649700000.0,2500000.0,63800000.0,8400000.0,0.0,,55100000.0,252700000.0,397000000.0,17900000.0,5900000.0,191200000.0,205800000.0,-9500000.0,196300000.0,649700000.0,110000000.0,110160000.0,110397000.0
Kansas City Southern,KSU,5493008C12PZMWP3WY03,54480,2014.0,Q1TTM,2013-04-01,2014-03-31,,3.1,3.1,0.93,232100000.0,3.09,193000000.0,343100000.0,343100000.0,341100000.0,1800000.0,998200000.0,2423900000.0,-17200000.0,220500000.0,29900000.0,200000.0,,207500000.0,998200000.0,1425700000.0,201400000.0,19000000.0,690000000.0,735700000.0,-199600000.0,536100000.0,2423900000.0,110100000.0,110086000.0,110403000.0
Kansas City Southern,KSU,5493008C12PZMWP3WY03,54480,2014.0,Q1,2014-01-01,2014-03-31,2015-04-21 10:44:44+00:00,0.85,0.85,0.28,61900000.0,0.85,49000000.0,94000000.0,94000000.0,93600000.0,300000.0,246200000.0,607400000.0,2600000.0,55200000.0,29900000.0,100000.0,,54200000.0,246200000.0,361200000.0,25300000.0,5700000.0,201200000.0,160000000.0,-17000000.0,143000000.0,607400000.0,110100000.0,110086000.0,110403000.0
Kansas City Southern,KSU,5493008C12PZMWP3WY03,54480,2015.0,FY,2015-01-01,2015-12-31,2018-01-26 16:56:39+00:00,4.41,4.41,1.32,284600000.0,4.4,187300000.0,485300000.0,485300000.0,483300000.0,1800000.0,868500000.0,2418800000.0,-60000000.0,223000000.0,9600000.0,200000.0,,229300000.0,868500000.0,1550300000.0,89500000.0,18300000.0,746500000.0,803800000.0,-131200000.0,672600000.0,2418800000.0,109600000.0,109709000.0,109915000.0
Kansas City Southern,KSU,5493008C12PZMWP3WY03,54480,2015.0,Q4,2015-10-01,2015-12-31,,1.29,1.29,0.33,73900000.0,1.28,46700000.0,140000000.0,140000000.0,139300000.0,700000.0,203000000.0,598000000.0,-4800000.0,50900000.0,,,,51300000.0,203000000.0,395000000.0,31300000.0,3900000.0,176100000.0,218900000.0,-32200000.0,186700000.0,598000000.0,109600000.0,109709000.0,109915000.0
Kansas City Southern,KSU,5493008C12PZMWP3WY03,54480,2015.0,Q3,2015-07-01,2015-09-30,2016-10-18 11:27:13+00:00,1.2,1.2,0.33,71400000.0,1.2,40000000.0,131900000.0,131900000.0,131500000.0,300000.0,222400000.0,631900000.0,-31100000.0,57000000.0,0.0,100000.0,,61200000.0,222400000.0,409500000.0,21900000.0,5000000.0,189600000.0,219900000.0,-48000000.0,171900000.0,631900000.0,109600000.0,109692000.0,109901000.0
Kansas City Southern,KSU,5493008C12PZMWP3WY03,54480,2015.0,Q3YTD,2015-01-01,2015-09-30,,3.12,3.12,0.99,210700000.0,3.12,140600000.0,345300000.0,345300000.0,344000000.0,1100000.0,665500000.0,1820800000.0,-55200000.0,172100000.0,9600000.0,200000.0,,178000000.0,665500000.0,1155300000.0,58200000.0,14400000.0,570400000.0,584900000.0,-99000000.0,485900000.0,1820800000.0,109600000.0,109692000.0,109901000.0
Kansas City Southern,KSU,5493008C12PZMWP3WY03,54480,2015.0,Q3TTM,2014-10-01,2015-09-30,,4.4,4.4,1.27,278000000.0,4.39,169100000.0,487000000.0,487000000.0,485000000.0,1800000.0,913400000.0,2463300000.0,-85100000.0,234100000.0,9600000.0,200000.0,,229400000.0,913400000.0,1549900000.0,76500000.0,18900000.0,751100000.0,798800000.0,-142700000.0,656100000.0,2463300000.0,109600000.0,109692000.0,109901000.0
Kansas City Southern,KSU,5493008C12PZMWP3WY03,54480,2015.0,Q2,2015-04-01,2015-06-30,2016-07-19 11:23:59+00:00,1.01,1.01,0.33,70800000.0,1.01,50200000.0,112200000.0,112200000.0,111800000.0,400000.0,215400000.0,585800000.0,-11700000.0,57000000.0,0.0,0.0,,55800000.0,215400000.0,370400000.0,17700000.0,5000000.0,183600000.0,186800000.0,-24400000.0,162400000.0,585800000.0,110700000.0,110334000.0,110515000.0
Kansas City Southern,KSU,5493008C12PZMWP3WY03,54480,2015.0,Q2YTD,2015-01-01,2015-06-30,,1.92,1.92,0.66,139300000.0,1.92,100600000.0,213400000.0,213400000.0,212500000.0,800000.0,443100000.0,1188900000.0,-24100000.0,115100000.0,9600000.0,100000.0,,116800000.0,443100000.0,745800000.0,36300000.0,9400000.0,380800000.0,365000000.0,-51000000.0,314000000.0,1188900000.0,110700000.0,110334000.0,110515000.0
Kansas City Southern,KSU,5493008C12PZMWP3WY03,54480,2015.0,Q2TTM,2014-07-01,2015-06-30,,4.45,4.45,1.22,271600000.0,4.44,194300000.0,493500000.0,493500000.0,491500000.0,1800000.0,953800000.0,2508900000.0,-66900000.0,241300000.0,9600000.0,200000.0,,224300000.0,953800000.0,1555100000.0,72500000.0,18900000.0,746800000.0,808300000.0,-120500000.0,687800000.0,2508900000.0,110700000.0,110334000.0,110515000.0
Kansas City Southern,KSU,5493008C12PZMWP3WY03,54480,2015.0,Q1,2015-01-01,2015-03-31,2016-04-19 10:50:40+00:00,0.91,0.91,0.33,68500000.0,0.91,50400000.0,101200000.0,101200000.0,100700000.0,400000.0,227700000.0,603100000.0,-12400000.0,58100000.0,9600000.0,100000.0,,61000000.0,227700000.0,375400000.0,18600000.0,4400000.0,197200000.0,178200000.0,-26600000.0,151600000.0,603100000.0,110700000.0,110309000.0,110527000.0
Kansas City Southern,KSU,5493008C12PZMWP3WY03,54480,2015.0,Q1TTM,2014-04-01,2015-03-31,,4.62,4.62,1.17,264700000.0,4.61,210200000.0,511500000.0,511500000.0,509500000.0,1800000.0,991100000.0,2572800000.0,-52700000.0,248100000.0,18000000.0,200000.0,,223600000.0,991100000.0,1581700000.0,72700000.0,19800000.0,754400000.0,827300000.0,-105600000.0,721700000.0,2572800000.0,110700000.0,110309000.0,110527000.0
Kansas City Southern,KSU,5493008C12PZMWP3WY03,54480,2016.0,FY,2016-01-01,2016-12-31,2019-01-25 16:59:10+00:00,4.44,4.44,1.32,305000000.0,4.43,182800000.0,479900000.0,479900000.0,477900000.0,1800000.0,836200000.0,2334200000.0,-72700000.0,145700000.0,0.0,200000.0,,228800000.0,836200000.0,1498000000.0,97700000.0,14600000.0,679500000.0,818500000.0,-155800000.0,662700000.0,2334200000.0,107600000.0,107560000.0,107761000.0
Kansas City Southern,KSU,5493008C12PZMWP3WY03,54480,2016.0,Q4,2016-10-01,2016-12-31,,1.2,1.2,0.33,78100000.0,1.21,35400000.0,130300000.0,130300000.0,129600000.0,700000.0,217300000.0,598500000.0,-24900000.0,36200000.0,,,,56000000.0,217300000.0,381200000.0,24500000.0,4200000.0,170300000.0,210900000.0,-45200000.0,165700000.0,598500000.0,107600000.0,107560000.0,107761000.0
Kansas City Southern,KSU,5493008C12PZMWP3WY03,54480,2016.0,Q3,2016-07-01,2016-09-30,2017-10-20 12:15:07+00:00,1.12,1.12,0.33,76900000.0,1.12,37300000.0,121000000.0,121000000.0,120500000.0,400000.0,227500000.0,604500000.0,-19800000.0,38900000.0,,100000.0,,61400000.0,227500000.0,377000000.0,25200000.0,3500000.0,177200000.0,199800000.0,-41500000.0,158300000.0,604500000.0,107600000.0,107621000.0,107812000.0
Kansas City Southern,KSU,5493008C12PZMWP3WY03,54480,2016.0,Q3YTD,2016-01-01,2016-09-30,,3.24,3.24,0.99,226900000.0,3.22,147400000.0,349600000.0,349600000.0,348300000.0,1100000.0,618900000.0,1735700000.0,-47800000.0,109500000.0,,200000.0,,172800000.0,618900000.0,1116800000.0,73200000.0,10400000.0,509200000.0,607600000.0,-110600000.0,497000000.0,1735700000.0,107600000.0,107621000.0,107812000.0
Kansas City Southern,KSU,5493008C12PZMWP3WY03,54480,2016.0,Q3TTM,2015-10-01,2016-09-30,,4.53,4.53,1.32,300800000.0,4.5,194100000.0,489600000.0,489600000.0,487600000.0,1800000.0,821900000.0,2333700000.0,-52600000.0,160400000.0,,200000.0,,224100000.0,821900000.0,1511800000.0,104500000.0,14300000.0,685300000.0,826500000.0,-142800000.0,683700000.0,2333700000.0,107600000.0,107621000.0,107812000.0
Kansas City Southern,KSU,5493008C12PZMWP3WY03,54480,2016.0,Q2,2016-04-01,2016-06-30,2017-07-21 11:02:38+00:00,1.12,1.12,0.33,75700000.0,1.11,53300000.0,120500000.0,120500000.0,120100000.0,400000.0,197800000.0,568500000.0,-24700000.0,19700000.0,,0.0,,55400000.0,197800000.0,370700000.0,24400000.0,3000000.0,150800000.0,219900000.0,-46100000.0,173800000.0,568500000.0,107200000.0,107720000.0,107907000.0
Kansas City Southern,KSU,5493008C12PZMWP3WY03,54480,2016.0,Q2YTD,2016-01-01,2016-06-30,,2.12,2.12,0.66,150000000.0,2.1,110100000.0,228600000.0,228600000.0,227800000.0,700000.0,391400000.0,1131200000.0,-28000000.0,70600000.0,,100000.0,,111400000.0,391400000.0,739800000.0,48000000.0,6900000.0,332000000.0,407800000.0,-69100000.0,338700000.0,1131200000.0,107200000.0,107720000.0,107907000.0
Kansas City Southern,KSU,5493008C12PZMWP3WY03,54480,2016.0,Q2TTM,2015-07-01,2016-06-30,,4.61,4.61,1.32,295300000.0,4.58,196800000.0,500500000.0,500500000.0,498600000.0,1700000.0,816800000.0,2361100000.0,-63900000.0,178500000.0,,200000.0,,223900000.0,816800000.0,1544300000.0,101200000.0,15800000.0,697700000.0,846600000.0,-149300000.0,697300000.0,2361100000.0,107200000.0,107720000.0,107907000.0
Kansas City Southern,KSU,5493008C12PZMWP3WY03,54480,2016.0,Q1,2016-01-01,2016-03-31,2017-04-21 11:03:20+00:00,1.0,1.0,0.33,74300000.0,0.99,56800000.0,108100000.0,108100000.0,107700000.0,300000.0,193600000.0,562700000.0,-3300000.0,50900000.0,,100000.0,,56000000.0,193600000.0,369100000.0,23600000.0,3900000.0,181200000.0,187900000.0,-23000000.0,164900000.0,562700000.0,107700000.0,108057000.0,108275000.0
Kansas City Southern,KSU,5493008C12PZMWP3WY03,54480,2016.0,Q1TTM,2015-04-01,2016-03-31,,4.5,4.5,1.32,290400000.0,4.48,193700000.0,492200000.0,492200000.0,490300000.0,1700000.0,834400000.0,2378400000.0,-50900000.0,215800000.0,,200000.0,,224300000.0,834400000.0,1544000000.0,94500000.0,17800000.0,730500000.0,813500000.0,-127600000.0,685900000.0,2378400000.0,107700000.0,108057000.0,108275000.0
Kansas City Southern,KSU,5493008C12PZMWP3WY03,54480,2017.0,FY,2017-01-01,2017-12-31,2020-01-24 15:32:02+00:00,9.18,9.18,1.38,320900000.0,9.16,-89600000.0,963900000.0,963900000.0,961800000.0,1900000.0,895000000.0,2582900000.0,41400000.0,193700000.0,0.0,200000.0,0.0,251700000.0,895000000.0,1687900000.0,100200000.0,11500000.0,766300000.0,921600000.0,-47300000.0,874300000.0,2582900000.0,104800000.0,104728000.0,105040000.0
Kansas City Southern,KSU,5493008C12PZMWP3WY03,54480,2017.0,Q4,2017-10-01,2017-12-31,,5.29,5.29,0.36,79300000.0,5.28,-359200000.0,552400000.0,552400000.0,551700000.0,700000.0,195700000.0,660400000.0,-21100000.0,82800000.0,,,,64800000.0,195700000.0,464700000.0,25300000.0,1800000.0,226900000.0,237800000.0,-44600000.0,193200000.0,660400000.0,104800000.0,104728000.0,105040000.0
Kansas City Southern,KSU,5493008C12PZMWP3WY03,54480,2017.0,Q3,2017-07-01,2017-09-30,2018-10-19 11:36:31+00:00,1.24,1.24,0.36,81900000.0,1.23,82000000.0,129900000.0,129900000.0,129200000.0,600000.0,240000000.0,656600000.0,500000.0,35200000.0,0.0,100000.0,,65700000.0,240000000.0,416600000.0,25200000.0,2800000.0,182800000.0,233800000.0,-21900000.0,211900000.0,656600000.0,104200000.0,104324000.0,104678000.0
Kansas City Southern,KSU,5493008C12PZMWP3WY03,54480,2017.0,Q3YTD,2017-01-01,2017-09-30,,3.89,3.89,1.02,241600000.0,3.88,269600000.0,411500000.0,411500000.0,410100000.0,1200000.0,699300000.0,1922500000.0,62500000.0,110900000.0,,200000.0,,186900000.0,699300000.0,1223200000.0,74900000.0,9700000.0,539400000.0,683800000.0,-2700000.0,681100000.0,1922500000.0,104200000.0,104324000.0,104678000.0
Kansas City Southern,KSU,5493008C12PZMWP3WY03,54480,2017.0,Q3TTM,2016-10-01,2017-09-30,,5.09,5.09,1.35,319700000.0,5.09,305000000.0,541800000.0,541800000.0,539700000.0,1900000.0,916600000.0,2521000000.0,37600000.0,147100000.0,,200000.0,,242900000.0,916600000.0,1604400000.0,99400000.0,13900000.0,709700000.0,894700000.0,-47900000.0,846800000.0,2521000000.0,104200000.0,104324000.0,104678000.0
Kansas City Southern,KSU,5493008C12PZMWP3WY03,54480,2017.0,Q2,2017-04-01,2017-06-30,2018-07-20 11:17:26+00:00,1.27,1.27,0.33,80400000.0,1.27,96600000.0,134700000.0,134700000.0,134400000.0,300000.0,235300000.0,656400000.0,14100000.0,38600000.0,,0.0,,62800000.0,235300000.0,421100000.0,25000000.0,2900000.0,181800000.0,239300000.0,-8000000.0,231300000.0,656400000.0,105800000.0,105473000.0,105758000.0
Kansas City Southern,KSU,5493008C12PZMWP3WY03,54480,2017.0,Q2YTD,2017-01-01,2017-06-30,,2.65,2.65,0.66,159700000.0,2.65,187600000.0,281600000.0,281600000.0,280900000.0,600000.0,459300000.0,1265900000.0,62000000.0,75700000.0,,100000.0,,121200000.0,459300000.0,806600000.0,49700000.0,6900000.0,356600000.0,450000000.0,19200000.0,469200000.0,1265900000.0,105800000.0,105473000.0,105758000.0
Kansas City Southern,KSU,5493008C12PZMWP3WY03,54480,2017.0,Q2TTM,2016-07-01,2017-06-30,,4.97,4.97,1.32,314700000.0,4.98,260300000.0,532900000.0,532900000.0,531000000.0,1700000.0,904100000.0,2468900000.0,17300000.0,150800000.0,,200000.0,,238600000.0,904100000.0,1564800000.0,99400000.0,14600000.0,704100000.0,860700000.0,-67500000.0,793200000.0,2468900000.0,105800000.0,105473000.0,105758000.0
Kansas City Southern,KSU,5493008C12PZMWP3WY03,54480,2017.0,Q1,2017-01-01,2017-03-31,2018-04-20 13:35:54+00:00,1.38,1.38,0.33,79300000.0,1.38,91000000.0,146900000.0,146900000.0,146500000.0,300000.0,224000000.0,609500000.0,47900000.0,37100000.0,,100000.0,,58400000.0,224000000.0,385500000.0,24700000.0,4000000.0,174800000.0,210700000.0,27200000.0,237900000.0,609500000.0,106200000.0,106111000.0,106326000.0
Kansas City Southern,KSU,5493008C12PZMWP3WY03,54480,2017.0,Q1TTM,2016-04-01,2017-03-31,,4.82,4.82,1.32,310000000.0,4.82,217000000.0,518700000.0,518700000.0,516700000.0,1800000.0,866600000.0,2381000000.0,-21500000.0,131900000.0,,200000.0,,231200000.0,866600000.0,1514400000.0,98800000.0,14700000.0,673100000.0,841300000.0,-105600000.0,735700000.0,2381000000.0,106200000.0,106111000.0,106326000.0
Kansas City Southern,KSU,5493008C12PZMWP3WY03,54480,2018.0,FY,2018-01-01,2018-12-31,2020-01-24 15:32:02+00:00,6.16,6.16,1.44,346700000.0,6.13,257500000.0,629400000.0,629400000.0,627200000.0,2000000.0,932300000.0,2714000000.0,10200000.0,200700000.0,-17900000.0,200000.0,0.0,265900000.0,932300000.0,1781700000.0,112200000.0,2600000.0,795400000.0,986300000.0,-99400000.0,886900000.0,2714000000.0,101800000.0,101852000.0,102270000.0
Kansas City Southern,KSU,5493008C12PZMWP3WY03,54480,2018.0,Q4,2018-10-01,2018-12-31,,1.59,1.59,0.36,89600000.0,1.58,60300000.0,161800000.0,161800000.0,161100000.0,700000.0,238600000.0,694000000.0,-6900000.0,51500000.0,-8500000.0,,,66400000.0,238600000.0,455400000.0,28200000.0,800000.0,199000000.0,256400000.0,-34300000.0,222100000.0,694000000.0,101800000.0,101852000.0,102270000.0
Kansas City Southern,KSU,5493008C12PZMWP3WY03,54480,2018.0,Q3,2018-07-01,2018-09-30,2019-10-18 12:30:54+00:00,1.71,1.71,0.36,87500000.0,1.7,73000000.0,174000000.0,174000000.0,173500000.0,400000.0,237300000.0,699000000.0,10100000.0,52600000.0,-9400000.0,100000.0,0.0,65600000.0,237300000.0,461700000.0,28300000.0,-200000.0,196300000.0,265400000.0,-18400000.0,247000000.0,699000000.0,101500000.0,101658000.0,102110000.0
Kansas City Southern,KSU,5493008C12PZMWP3WY03,54480,2018.0,Q3YTD,2018-01-01,2018-09-30,,4.57,4.57,1.08,257100000.0,4.55,197200000.0,467600000.0,467600000.0,466100000.0,1300000.0,693700000.0,2020000000.0,17100000.0,149200000.0,-9400000.0,200000.0,,199500000.0,693700000.0,1326300000.0,84000000.0,1800000.0,596400000.0,729900000.0,-65100000.0,664800000.0,2020000000.0,101500000.0,101658000.0,102110000.0
Kansas City Southern,KSU,5493008C12PZMWP3WY03,54480,2018.0,Q3TTM,2017-10-01,2018-09-30,,9.86,9.86,1.44,336400000.0,9.83,-162000000.0,1020000000.0,1020000000.0,1017800000.0,2000000.0,889400000.0,2680400000.0,-4000000.0,232000000.0,-9400000.0,200000.0,,264300000.0,889400000.0,1791000000.0,109300000.0,3600000.0,823300000.0,967700000.0,-109700000.0,858000000.0,2680400000.0,101500000.0,101658000.0,102110000.0
Kansas City Southern,KSU,5493008C12PZMWP3WY03,54480,2018.0,Q2,2018-04-01,2018-06-30,2019-07-19 11:43:30+00:00,1.45,1.45,0.36,86300000.0,1.45,47400000.0,148700000.0,148700000.0,148200000.0,500000.0,230500000.0,682400000.0,-20500000.0,49500000.0,,0.0,0.0,70300000.0,230500000.0,451900000.0,30200000.0,1000000.0,206100000.0,245800000.0,-49700000.0,196100000.0,682400000.0,102200000.0,102092000.0,102492000.0
Kansas City Southern,KSU,5493008C12PZMWP3WY03,54480,2018.0,Q2YTD,2018-01-01,2018-06-30,,2.86,2.86,0.72,169600000.0,2.85,124200000.0,293600000.0,293600000.0,292600000.0,900000.0,456400000.0,1321000000.0,7000000.0,96600000.0,,100000.0,,133900000.0,456400000.0,864600000.0,55700000.0,2000000.0,400100000.0,464500000.0,-46700000.0,417800000.0,1321000000.0,102200000.0,102092000.0,102492000.0
Kansas City Southern,KSU,5493008C12PZMWP3WY03,54480,2018.0,Q2TTM,2017-07-01,2018-06-30,,9.39,9.39,1.44,330800000.0,9.36,-153000000.0,975900000.0,975900000.0,973500000.0,2200000.0,892100000.0,2638000000.0,-13600000.0,214600000.0,,200000.0,,264400000.0,892100000.0,1745900000.0,106200000.0,6600000.0,809800000.0,936100000.0,-113200000.0,822900000.0,2638000000.0,102200000.0,102092000.0,102492000.0
Kansas City Southern,KSU,5493008C12PZMWP3WY03,54480,2018.0,Q1,2018-01-01,2018-03-31,2019-04-17 14:22:28+00:00,1.41,1.41,0.36,83300000.0,1.4,76800000.0,144900000.0,144900000.0,144400000.0,400000.0,225900000.0,638600000.0,27500000.0,47100000.0,,100000.0,0.0,63600000.0,225900000.0,412700000.0,25500000.0,1000000.0,194000000.0,218700000.0,3000000.0,221700000.0,638600000.0,102400000.0,102574000.0,102976000.0
Kansas City Southern,KSU,5493008C12PZMWP3WY03,54480,2018.0,Q1TTM,2017-04-01,2018-03-31,,9.21,9.21,1.41,324900000.0,9.18,-103800000.0,961900000.0,961900000.0,959700000.0,2000000.0,896900000.0,2612000000.0,21000000.0,203700000.0,,200000.0,,256900000.0,896900000.0,1715100000.0,101000000.0,8500000.0,785500000.0,929600000.0,-71500000.0,858100000.0,2612000000.0,102400000.0,102574000.0,102976000.0
Kansas City Southern,KSU,5493008C12PZMWP3WY03,54480,2019.0,Q4,2019-10-01,2019-12-31,,2.59,1.3,0.76,88000000.0,1.29,79600000.0,127900000.0,127900000.0,127200000.0,700000.0,334200000.0,729500000.0,6400000.0,-31400000.0,,,38300000.0,64400000.0,334200000.0,395300000.0,32300000.0,-2600000.0,159300000.0,236000000.0,-28500000.0,207500000.0,729500000.0,99400000.0,99316000.0,99747000.0
Kansas City Southern,KSU,5493008C12PZMWP3WY03,54480,2019.0,FY,2019-01-01,2019-12-31,2020-01-24 15:32:02+00:00,5.42,5.42,1.48,350700000.0,5.4,247600000.0,540800000.0,540800000.0,538700000.0,1900000.0,978100000.0,2866000000.0,18100000.0,219200000.0,0.0,200000.0,168800000.0,262900000.0,978100000.0,1887900000.0,117000000.0,1000000.0,1001600000.0,886300000.0,-97900000.0,788400000.0,2866000000.0,99400000.0,99316000.0,99747000.0
Kansas City Southern,KSU,5493008C12PZMWP3WY03,54480,2019.0,Q3YTD,2019-01-01,2019-09-30,,2.83,4.12,0.72,262700000.0,4.11,168000000.0,412900000.0,412900000.0,411500000.0,1200000.0,643900000.0,2136500000.0,11700000.0,250600000.0,,200000.0,130500000.0,198500000.0,643900000.0,1492600000.0,84700000.0,3600000.0,842300000.0,650300000.0,-69400000.0,580900000.0,2136500000.0,99500000.0,99296000.0,99699000.0
Kansas City Southern,KSU,5493008C12PZMWP3WY03,54480,2019.0,Q3TTM,2018-10-01,2019-09-30,,4.42,5.71,1.08,352300000.0,5.69,228300000.0,574700000.0,574700000.0,572600000.0,1900000.0,882500000.0,2830500000.0,4800000.0,302100000.0,-8500000.0,200000.0,130500000.0,264900000.0,882500000.0,1948000000.0,112900000.0,4400000.0,1041300000.0,906700000.0,-103700000.0,803000000.0,2830500000.0,99500000.0,99296000.0,99699000.0
Kansas City Southern,KSU,5493008C12PZMWP3WY03,54480,2019.0,Q3,2019-07-01,2019-09-30,2019-10-18 12:30:54+00:00,1.81,1.81,0.36,86500000.0,1.81,74200000.0,180600000.0,180600000.0,180100000.0,400000.0,247000000.0,747700000.0,-1400000.0,53400000.0,0.0,100000.0,12000000.0,66800000.0,247000000.0,500700000.0,27900000.0,2100000.0,218700000.0,282000000.0,-27200000.0,254800000.0,747700000.0,99500000.0,99296000.0,99699000.0
Kansas City Southern,KSU,5493008C12PZMWP3WY03,54480,2019.0,Q2,2019-04-01,2019-06-30,2020-07-17 14:23:21+00:00,,1.29,,87700000.0,1.28,59100000.0,129100000.0,129100000.0,128700000.0,400000.0,154600000.0,714000000.0,8400000.0,144400000.0,,0.0,51000000.0,68300000.0,154600000.0,559400000.0,28000000.0,-200000.0,351400000.0,208000000.0,-19800000.0,188200000.0,714000000.0,,100028000.0,100422000.0
Kansas City Southern,KSU,5493008C12PZMWP3WY03,54480,2019.0,Q2YTD,2019-01-01,2019-06-30,,1.02,2.31,0.36,176200000.0,2.3,93800000.0,232300000.0,232300000.0,231400000.0,800000.0,396900000.0,1388800000.0,13100000.0,197200000.0,,100000.0,118500000.0,131700000.0,396900000.0,991900000.0,56800000.0,1500000.0,623600000.0,368300000.0,-42200000.0,326100000.0,1388800000.0,,100028000.0,100422000.0
Kansas City Southern,KSU,5493008C12PZMWP3WY03,54480,2019.0,Q2TTM,2018-07-01,2019-06-30,,4.32,5.61,1.08,353300000.0,5.58,227100000.0,568100000.0,568100000.0,566000000.0,1900000.0,872800000.0,2781800000.0,16300000.0,301300000.0,-17900000.0,200000.0,118500000.0,263700000.0,872800000.0,1909000000.0,113300000.0,2100000.0,1018900000.0,890100000.0,-94900000.0,795200000.0,2781800000.0,,100028000.0,100422000.0
Kansas City Southern,KSU,5493008C12PZMWP3WY03,54480,2019.0,Q1,2019-01-01,2019-03-31,2020-04-17 13:46:55+00:00,1.02,1.02,0.36,88500000.0,1.02,34700000.0,103200000.0,103200000.0,102700000.0,400000.0,242300000.0,674800000.0,4700000.0,52800000.0,,100000.0,67500000.0,63400000.0,242300000.0,432500000.0,28800000.0,1700000.0,272200000.0,160300000.0,-22400000.0,137900000.0,674800000.0,100700000.0,100500000.0,100915000.0
Kansas City Southern,KSU,5493008C12PZMWP3WY03,54480,2019.0,Q1TTM,2018-04-01,2019-03-31,,5.77,5.77,1.44,351900000.0,5.75,215400000.0,587700000.0,587700000.0,585500000.0,2000000.0,948700000.0,2750200000.0,-12600000.0,206400000.0,-17900000.0,200000.0,67500000.0,265700000.0,948700000.0,1801500000.0,115500000.0,3300000.0,873600000.0,927900000.0,-124800000.0,803100000.0,2750200000.0,100700000.0,100500000.0,100915000.0
Kansas City Southern,KSU,5493008C12PZMWP3WY03,54480,2020.0,Q2YTD,2020-01-01,2020-06-30,,1.59,2.75,0.4,178700000.0,2.74,86000000.0,262600000.0,262600000.0,261400000.0,1100000.0,391600000.0,1279600000.0,-49500000.0,97900000.0,,100000.0,16500000.0,125700000.0,391600000.0,888000000.0,72300000.0,1200000.0,418800000.0,469200000.0,-120600000.0,348600000.0,1279600000.0,,94476000.0,94893000.0
Kansas City Southern,KSU,5493008C12PZMWP3WY03,54480,2020.0,Q2TTM,2019-07-01,2020-06-30,,5.99,5.86,1.52,353200000.0,5.84,239800000.0,571100000.0,571100000.0,568700000.0,2200000.0,972800000.0,2756800000.0,-44500000.0,119900000.0,,200000.0,66800000.0,256900000.0,972800000.0,1784000000.0,132500000.0,700000.0,796800000.0,987200000.0,-176300000.0,810900000.0,2756800000.0,,94476000.0,94893000.0
Kansas City Southern,KSU,5493008C12PZMWP3WY03,54480,2020.0,Q2,2020-04-01,2020-06-30,2020-07-17 14:23:21+00:00,,1.16,,89300000.0,1.16,40800000.0,110300000.0,110300000.0,109700000.0,600000.0,161400000.0,547900000.0,8600000.0,44600000.0,,0.0,10500000.0,61700000.0,161400000.0,386500000.0,38100000.0,200000.0,206100000.0,180400000.0,-29300000.0,151100000.0,547900000.0,,94476000.0,94893000.0
Kansas City Southern,KSU,5493008C12PZMWP3WY03,54480,2020.0,Q1TTM,2019-04-01,2020-03-31,,5.99,5.99,1.52,351600000.0,5.96,258100000.0,589900000.0,589900000.0,587700000.0,2000000.0,966000000.0,2922900000.0,-44700000.0,219700000.0,,200000.0,107300000.0,263500000.0,966000000.0,1956900000.0,122400000.0,300000.0,942100000.0,1014800000.0,-166800000.0,848000000.0,2922900000.0,95400000.0,95662000.0,96171000.0
Kansas City Southern,KSU,5493008C12PZMWP3WY03,54480,2020.0,Q1,2020-01-01,2020-03-31,2020-04-17 13:46:55+00:00,1.59,1.59,0.4,89400000.0,1.58,45200000.0,152300000.0,152300000.0,151700000.0,500000.0,230200000.0,731700000.0,-58100000.0,53300000.0,,100000.0,6000000.0,64000000.0,230200000.0,501500000.0,34200000.0,1000000.0,212700000.0,288800000.0,-91300000.0,197500000.0,731700000.0,95400000.0,95662000.0,96171000.0
