company_name,company_ticker,company_lei,company_cik,year,quarter,start_date,end_date,filing_date,basicdilutedeps,basiceps,cashdividendspershare,depreciationexpense,dilutedeps,explorationexpense,incometaxexpense,marketingexpense,netincome,netincomecontinuing,netincometocommon,netincometononcontrollinginterest,operatingcostofrevenue,operatingrevenue,otherincome,otheroperatingexpenses,otherrevenue,otherspecialcharges,sgaexpense,totalcostofrevenue,totalgrossprofit,totalinterestexpense,totalinterestincome,totaloperatingexpenses,totaloperatingincome,totalotherincome,totalpretaxincome,totalrevenue,weightedavebasicdilutedsharesos,weightedavebasicsharesos,weightedavedilutedsharesos
Exxon Mobil Corp,XOM,J3WHBG0MTS7O8ZVMDC91,34088,2007.0,FY,2007-01-01,2007-12-31,2010-02-26 16:17:17+00:00,7.31,7.31,,12250000000.0,7.26,1469000000.0,29864000000.0,,41615000000.0,41615000000.0,40610000000.0,1005000000.0,263111000000.0,399229000000.0,,40953000000.0,5323000000.0,,14890000000.0,263111000000.0,141441000000.0,400000000.0,,69562000000.0,71879000000.0,-400000000.0,71479000000.0,404552000000.0,5555400000.0,5555400000.0,5593700000.0
Exxon Mobil Corp,XOM,J3WHBG0MTS7O8ZVMDC91,34088,2008.0,FY,2008-01-01,2008-12-31,2011-02-28 17:01:32+00:00,8.7,8.7,1.55,12379000000.0,8.66,1451000000.0,36530000000.0,,46867000000.0,46867000000.0,45220000000.0,1647000000.0,321867000000.0,470660000000.0,,41719000000.0,6699000000.0,,15873000000.0,321867000000.0,155492000000.0,673000000.0,,71422000000.0,84070000000.0,-673000000.0,83397000000.0,477359000000.0,5194000000.0,5194000000.0,5194000000.0
Exxon Mobil Corp,XOM,J3WHBG0MTS7O8ZVMDC91,34088,2008.0,Q3,2008-07-01,2008-09-30,2009-11-05 14:18:41+00:00,2.86,2.86,0.4,3008000000.0,2.85,403000000.0,11327000000.0,,15366000000.0,15366000000.0,14830000000.0,536000000.0,92503000000.0,134909000000.0,,10989000000.0,2828000000.0,,3823000000.0,92503000000.0,45234000000.0,318000000.0,,18223000000.0,27011000000.0,-318000000.0,26693000000.0,137737000000.0,5185300000.0,5185300000.0,5203500000.0
Exxon Mobil Corp,XOM,J3WHBG0MTS7O8ZVMDC91,34088,2008.0,Q2,2008-04-01,2008-06-30,2009-08-05 14:45:57+00:00,2.24,2.24,0.4,3090000000.0,2.22,338000000.0,10526000000.0,,11905000000.0,11905000000.0,11680000000.0,225000000.0,96299000000.0,136759000000.0,,11418000000.0,1313000000.0,,4389000000.0,96299000000.0,41773000000.0,107000000.0,,19235000000.0,22538000000.0,-107000000.0,22431000000.0,138072000000.0,5214300000.0,5214300000.0,5261300000.0
Exxon Mobil Corp,XOM,J3WHBG0MTS7O8ZVMDC91,34088,2009.0,Q4,2009-10-01,2009-12-31,,1.27,1.27,0.42,3193000000.0,1.27,685000000.0,4067000000.0,,6139000000.0,6139000000.0,6050000000.0,89000000.0,62351000000.0,89530000000.0,,9489000000.0,311000000.0,,3881000000.0,62351000000.0,27490000000.0,36000000.0,,17248000000.0,10242000000.0,-36000000.0,10206000000.0,89841000000.0,4832000000.0,4832000000.0,4832000000.0
Exxon Mobil Corp,XOM,J3WHBG0MTS7O8ZVMDC91,34088,2009.0,FY,2009-01-01,2009-12-31,2012-02-24 16:08:32+00:00,3.99,3.99,1.66,11917000000.0,3.98,2021000000.0,15119000000.0,,19658000000.0,19658000000.0,19280000000.0,378000000.0,211769000000.0,308643000000.0,,34819000000.0,1943000000.0,,14735000000.0,211769000000.0,98817000000.0,548000000.0,,63492000000.0,35325000000.0,-548000000.0,34777000000.0,310586000000.0,4832000000.0,4832000000.0,4832000000.0
Exxon Mobil Corp,XOM,J3WHBG0MTS7O8ZVMDC91,34088,2009.0,Q3,2009-07-01,2009-09-30,2009-11-05 14:18:41+00:00,0.98,0.98,0.42,2927000000.0,0.98,495000000.0,4333000000.0,,4871000000.0,4871000000.0,4730000000.0,141000000.0,56591000000.0,81765000000.0,,9094000000.0,495000000.0,,3887000000.0,56591000000.0,25669000000.0,62000000.0,,16403000000.0,9266000000.0,-62000000.0,9204000000.0,82260000000.0,4826500000.0,4826500000.0,4826500000.0
Exxon Mobil Corp,XOM,J3WHBG0MTS7O8ZVMDC91,34088,2009.0,Q3YTD,2009-01-01,2009-09-30,,2.72,2.72,1.24,8724000000.0,2.71,1336000000.0,11052000000.0,,13519000000.0,13519000000.0,13230000000.0,289000000.0,149418000000.0,219113000000.0,,25330000000.0,1632000000.0,,10854000000.0,149418000000.0,71327000000.0,512000000.0,,46244000000.0,25083000000.0,-512000000.0,24571000000.0,220745000000.0,4826500000.0,4826500000.0,4826500000.0
Exxon Mobil Corp,XOM,J3WHBG0MTS7O8ZVMDC91,34088,2009.0,Q2,2009-04-01,2009-06-30,2009-08-05 14:45:57+00:00,0.82,0.82,0.42,3004000000.0,0.81,490000000.0,3571000000.0,,3946000000.0,3946000000.0,3950000000.0,-4000000.0,51148000000.0,73750000000.0,,8436000000.0,707000000.0,,3519000000.0,51148000000.0,23309000000.0,343000000.0,,15449000000.0,7860000000.0,-343000000.0,7517000000.0,74457000000.0,4817100000.0,4817100000.0,4876500000.0
Exxon Mobil Corp,XOM,J3WHBG0MTS7O8ZVMDC91,34088,2009.0,Q2YTD,2009-01-01,2009-06-30,,1.74,1.74,0.82,5797000000.0,1.73,841000000.0,6719000000.0,,8648000000.0,8648000000.0,8500000000.0,148000000.0,92827000000.0,137348000000.0,,16236000000.0,1137000000.0,,6967000000.0,92827000000.0,45658000000.0,450000000.0,,29841000000.0,15817000000.0,-450000000.0,15367000000.0,138485000000.0,4817100000.0,4817100000.0,4876500000.0
Exxon Mobil Corp,XOM,J3WHBG0MTS7O8ZVMDC91,34088,2009.0,Q1,2009-01-01,2009-03-31,2010-05-06 13:53:44+00:00,0.92,0.92,0.4,2793000000.0,0.92,351000000.0,3148000000.0,,4702000000.0,4702000000.0,4550000000.0,152000000.0,41679000000.0,63598000000.0,,7800000000.0,430000000.0,,3448000000.0,41679000000.0,22349000000.0,107000000.0,,14392000000.0,7957000000.0,-107000000.0,7850000000.0,64028000000.0,4945700000.0,4945700000.0,4945700000.0
Exxon Mobil Corp,XOM,J3WHBG0MTS7O8ZVMDC91,34088,2010.0,Q4,2010-10-01,2010-12-31,,3.3,3.3,0.88,8114000000.0,3.29,1051000000.0,11108000000.0,-48469000000.0,17077000000.0,17077000000.0,16600000000.0,477000000.0,184941000000.0,200986000000.0,,18936000000.0,1742000000.0,,7562000000.0,184941000000.0,17787000000.0,164000000.0,-2244000000.0,-12806000000.0,30593000000.0,-2408000000.0,28185000000.0,202728000000.0,4885000000.0,4885000000.0,4885000000.0
Exxon Mobil Corp,XOM,J3WHBG0MTS7O8ZVMDC91,34088,2010.0,FY,2010-01-01,2010-12-31,2013-02-27 16:05:06+00:00,6.24,6.24,1.74,14760000000.0,6.22,2144000000.0,21561000000.0,,31398000000.0,31398000000.0,30460000000.0,938000000.0,262298000000.0,380802000000.0,,36118000000.0,2419000000.0,,14683000000.0,262298000000.0,120923000000.0,259000000.0,,67705000000.0,53218000000.0,-259000000.0,52959000000.0,383221000000.0,4885000000.0,4885000000.0,4885000000.0
Exxon Mobil Corp,XOM,J3WHBG0MTS7O8ZVMDC91,34088,2010.0,Q3YTD,2010-01-01,2010-09-30,,4.38,4.38,1.3,10490000000.0,4.37,1593000000.0,15750000000.0,,21882000000.0,21882000000.0,21210000000.0,672000000.0,190855000000.0,276307000000.0,,26488000000.0,1728000000.0,,10828000000.0,190855000000.0,87180000000.0,149000000.0,,49399000000.0,37781000000.0,-149000000.0,37632000000.0,278035000000.0,5076000000.0,5076000000.0,5076000000.0
Exxon Mobil Corp,XOM,J3WHBG0MTS7O8ZVMDC91,34088,2010.0,Q3TTM,2009-10-01,2010-09-30,,5.65,5.65,1.72,13683000000.0,5.64,2278000000.0,19817000000.0,,28021000000.0,28021000000.0,27260000000.0,761000000.0,253206000000.0,365837000000.0,,35977000000.0,2039000000.0,,14709000000.0,253206000000.0,114670000000.0,185000000.0,,66647000000.0,48023000000.0,-185000000.0,47838000000.0,367876000000.0,5076000000.0,5076000000.0,5076000000.0
Exxon Mobil Corp,XOM,J3WHBG0MTS7O8ZVMDC91,34088,2010.0,Q2,2010-04-01,2010-06-30,2010-08-04 15:04:53+00:00,1.61,1.61,0.44,3366000000.0,1.6,407000000.0,4960000000.0,48469000000.0,7746000000.0,7746000000.0,7560000000.0,186000000.0,15322000000.0,90242000000.0,,8569000000.0,,,3607000000.0,15322000000.0,74920000000.0,40000000.0,2244000000.0,64418000000.0,10502000000.0,2204000000.0,12706000000.0,90242000000.0,4716000000.0,4716000000.0,4716000000.0
Exxon Mobil Corp,XOM,J3WHBG0MTS7O8ZVMDC91,34088,2010.0,Q2YTD,2010-01-01,2010-06-30,,2.94,2.94,0.86,6646000000.0,2.93,1093000000.0,10453000000.0,48469000000.0,14321000000.0,14321000000.0,13860000000.0,461000000.0,77357000000.0,179816000000.0,,17182000000.0,677000000.0,,7121000000.0,77357000000.0,103136000000.0,95000000.0,2244000000.0,80511000000.0,22625000000.0,2149000000.0,24774000000.0,180493000000.0,4716000000.0,4716000000.0,4716000000.0
Exxon Mobil Corp,XOM,J3WHBG0MTS7O8ZVMDC91,34088,2010.0,Q2TTM,2009-07-01,2010-06-30,,5.19,5.19,1.7,12766000000.0,5.18,2273000000.0,18853000000.0,48469000000.0,25331000000.0,25331000000.0,24640000000.0,691000000.0,196299000000.0,351111000000.0,,35765000000.0,1483000000.0,,14889000000.0,196299000000.0,156295000000.0,193000000.0,2244000000.0,114162000000.0,42133000000.0,2051000000.0,44184000000.0,352594000000.0,4716000000.0,4716000000.0,4716000000.0
Exxon Mobil Corp,XOM,J3WHBG0MTS7O8ZVMDC91,34088,2010.0,Q1,2010-01-01,2010-03-31,2010-05-06 13:53:44+00:00,1.33,1.33,0.42,3280000000.0,1.33,686000000.0,5493000000.0,,6575000000.0,6575000000.0,6300000000.0,275000000.0,62035000000.0,89574000000.0,,8613000000.0,677000000.0,,3514000000.0,62035000000.0,28216000000.0,55000000.0,,16093000000.0,12123000000.0,-55000000.0,12068000000.0,90251000000.0,4736800000.0,4736800000.0,4736800000.0
Exxon Mobil Corp,XOM,J3WHBG0MTS7O8ZVMDC91,34088,2010.0,Q1TTM,2009-04-01,2010-03-31,,4.4,4.4,1.68,12404000000.0,4.39,2356000000.0,17464000000.0,,21531000000.0,21531000000.0,21030000000.0,501000000.0,232125000000.0,334619000000.0,,35632000000.0,2190000000.0,,14801000000.0,232125000000.0,104684000000.0,496000000.0,,65193000000.0,39491000000.0,-496000000.0,38995000000.0,336809000000.0,4736800000.0,4736800000.0,4736800000.0
Exxon Mobil Corp,XOM,J3WHBG0MTS7O8ZVMDC91,34088,2011.0,Q4,2011-10-01,2011-12-31,,1.97,1.97,0.47,4075000000.0,1.97,427000000.0,7317000000.0,,9724000000.0,9724000000.0,9400000000.0,324000000.0,86018000000.0,119736000000.0,,10062000000.0,1873000000.0,,3911000000.0,86018000000.0,35591000000.0,75000000.0,,18475000000.0,17116000000.0,-75000000.0,17041000000.0,121609000000.0,4870000000.0,4870000000.0,4870000000.0
Exxon Mobil Corp,XOM,J3WHBG0MTS7O8ZVMDC91,34088,2011.0,FY,2011-01-01,2011-12-31,2014-02-26 16:07:02+00:00,8.43,8.43,1.85,15583000000.0,8.42,2081000000.0,31051000000.0,,42206000000.0,42206000000.0,41060000000.0,1146000000.0,340305000000.0,482318000000.0,,39973000000.0,4111000000.0,,14983000000.0,340305000000.0,146124000000.0,247000000.0,,72620000000.0,73504000000.0,-247000000.0,73257000000.0,486429000000.0,4870000000.0,4870000000.0,4870000000.0
Exxon Mobil Corp,XOM,J3WHBG0MTS7O8ZVMDC91,34088,2011.0,Q3,2011-07-01,2011-09-30,2011-11-03 11:41:58+00:00,2.13,2.13,0.47,3866000000.0,2.13,728000000.0,8009000000.0,,10671000000.0,10671000000.0,10330000000.0,341000000.0,87972000000.0,124390000000.0,,10222000000.0,940000000.0,,3764000000.0,87972000000.0,37358000000.0,98000000.0,,18580000000.0,18778000000.0,-98000000.0,18680000000.0,125330000000.0,4839000000.0,4839000000.0,4839000000.0
Exxon Mobil Corp,XOM,J3WHBG0MTS7O8ZVMDC91,34088,2011.0,Q3YTD,2011-01-01,2011-09-30,,6.46,6.46,1.38,11508000000.0,6.45,1654000000.0,23734000000.0,,32482000000.0,32482000000.0,31660000000.0,822000000.0,254287000000.0,362582000000.0,,29911000000.0,2238000000.0,,11072000000.0,254287000000.0,110533000000.0,172000000.0,,54145000000.0,56388000000.0,-172000000.0,56216000000.0,364820000000.0,4839000000.0,4839000000.0,4839000000.0
Exxon Mobil Corp,XOM,J3WHBG0MTS7O8ZVMDC91,34088,2011.0,Q3TTM,2010-10-01,2011-09-30,,9.76,9.76,2.26,19622000000.0,9.74,2705000000.0,34842000000.0,-48469000000.0,49559000000.0,49559000000.0,48260000000.0,1299000000.0,439228000000.0,563568000000.0,,48847000000.0,3980000000.0,,18634000000.0,439228000000.0,128320000000.0,336000000.0,-2244000000.0,41339000000.0,86981000000.0,-2580000000.0,84401000000.0,567548000000.0,4839000000.0,4839000000.0,4839000000.0
Exxon Mobil Corp,XOM,J3WHBG0MTS7O8ZVMDC91,34088,2011.0,Q2,2011-04-01,2011-06-30,2012-08-02 13:10:52+00:00,2.19,2.19,0.47,3881000000.0,2.18,592000000.0,7721000000.0,,10898000000.0,10898000000.0,10680000000.0,218000000.0,88382000000.0,125114000000.0,,10286000000.0,372000000.0,,3681000000.0,88382000000.0,37104000000.0,45000000.0,,18440000000.0,18664000000.0,-45000000.0,18619000000.0,125486000000.0,4876700000.0,4876700000.0,4899100000.0
Exxon Mobil Corp,XOM,J3WHBG0MTS7O8ZVMDC91,34088,2011.0,Q2YTD,2011-01-01,2011-06-30,,4.33,4.33,0.91,7642000000.0,4.32,926000000.0,15725000000.0,,21811000000.0,21811000000.0,21330000000.0,481000000.0,166315000000.0,238192000000.0,,19689000000.0,1298000000.0,,7308000000.0,166315000000.0,73175000000.0,74000000.0,,35565000000.0,37610000000.0,-74000000.0,37536000000.0,239490000000.0,4876700000.0,4876700000.0,4899100000.0
Exxon Mobil Corp,XOM,J3WHBG0MTS7O8ZVMDC91,34088,2011.0,Q2TTM,2010-07-01,2011-06-30,,7.63,7.63,1.79,15756000000.0,7.61,1977000000.0,26833000000.0,-48469000000.0,38888000000.0,38888000000.0,37930000000.0,958000000.0,351256000000.0,439178000000.0,,38625000000.0,3040000000.0,,14870000000.0,351256000000.0,90962000000.0,238000000.0,-2244000000.0,22759000000.0,68203000000.0,-2482000000.0,65721000000.0,442218000000.0,4876700000.0,4876700000.0,4899100000.0
Exxon Mobil Corp,XOM,J3WHBG0MTS7O8ZVMDC91,34088,2011.0,Q1,2011-01-01,2011-03-31,2011-05-05 12:53:46+00:00,2.14,2.14,0.44,3761000000.0,2.14,334000000.0,8004000000.0,,10913000000.0,10913000000.0,10650000000.0,263000000.0,77933000000.0,113078000000.0,,9403000000.0,926000000.0,,3627000000.0,77933000000.0,36071000000.0,29000000.0,,17125000000.0,18946000000.0,-29000000.0,18917000000.0,114004000000.0,4963000000.0,4963000000.0,4963000000.0
Exxon Mobil Corp,XOM,J3WHBG0MTS7O8ZVMDC91,34088,2011.0,Q1TTM,2010-04-01,2011-03-31,,7.05,7.05,1.76,15241000000.0,7.03,1792000000.0,24072000000.0,,35736000000.0,35736000000.0,34810000000.0,926000000.0,278196000000.0,404306000000.0,,36908000000.0,2668000000.0,,14796000000.0,278196000000.0,128778000000.0,233000000.0,,68737000000.0,60041000000.0,-233000000.0,59808000000.0,406974000000.0,4963000000.0,4963000000.0,4963000000.0
Exxon Mobil Corp,XOM,J3WHBG0MTS7O8ZVMDC91,34088,2012.0,Q4,2012-10-01,2012-12-31,,2.2,2.2,0.57,4110000000.0,2.2,452000000.0,7398000000.0,,10302000000.0,10302000000.0,9950000000.0,352000000.0,79694000000.0,111784000000.0,,8170000000.0,1775000000.0,,3322000000.0,79694000000.0,33865000000.0,111000000.0,,16054000000.0,17811000000.0,-111000000.0,17700000000.0,113559000000.0,4628000000.0,4628000000.0,4628000000.0
Exxon Mobil Corp,XOM,J3WHBG0MTS7O8ZVMDC91,34088,2012.0,FY,2012-01-01,2012-12-31,2015-02-25 16:26:23+00:00,9.7,9.7,2.18,15888000000.0,9.7,1840000000.0,31045000000.0,,47681000000.0,47681000000.0,44880000000.0,2801000000.0,334465000000.0,466519000000.0,,35558000000.0,14162000000.0,,13877000000.0,334465000000.0,146216000000.0,327000000.0,,67163000000.0,79053000000.0,-327000000.0,78726000000.0,480681000000.0,4628000000.0,4628000000.0,4628000000.0
Exxon Mobil Corp,XOM,J3WHBG0MTS7O8ZVMDC91,34088,2012.0,Q3,2012-07-01,2012-09-30,2012-11-06 12:14:21+00:00,2.09,2.09,0.57,4037000000.0,2.09,494000000.0,7394000000.0,,9926000000.0,9926000000.0,9570000000.0,356000000.0,82445000000.0,114940000000.0,,7883000000.0,766000000.0,,3468000000.0,82445000000.0,33261000000.0,59000000.0,,15882000000.0,17379000000.0,-59000000.0,17320000000.0,115706000000.0,4597000000.0,4597000000.0,4597000000.0
Exxon Mobil Corp,XOM,J3WHBG0MTS7O8ZVMDC91,34088,2012.0,Q3YTD,2012-01-01,2012-09-30,,7.5,7.5,1.61,11778000000.0,7.5,1388000000.0,23647000000.0,,37379000000.0,37379000000.0,34930000000.0,2449000000.0,254771000000.0,354735000000.0,,27388000000.0,12387000000.0,,10555000000.0,254771000000.0,112351000000.0,216000000.0,,51109000000.0,61242000000.0,-216000000.0,61026000000.0,367122000000.0,4597000000.0,4597000000.0,4597000000.0
Exxon Mobil Corp,XOM,J3WHBG0MTS7O8ZVMDC91,34088,2012.0,Q3TTM,2011-10-01,2012-09-30,,9.47,9.47,2.08,15853000000.0,9.47,1815000000.0,30964000000.0,,47103000000.0,47103000000.0,44330000000.0,2773000000.0,340789000000.0,474471000000.0,,37450000000.0,14260000000.0,,14466000000.0,340789000000.0,147942000000.0,291000000.0,,69584000000.0,78358000000.0,-291000000.0,78067000000.0,488731000000.0,4597000000.0,4597000000.0,4597000000.0
Exxon Mobil Corp,XOM,J3WHBG0MTS7O8ZVMDC91,34088,2012.0,Q2,2012-04-01,2012-06-30,2012-08-02 13:10:52+00:00,3.41,3.41,0.57,3899000000.0,3.41,372000000.0,8537000000.0,,17654000000.0,17654000000.0,15910000000.0,1744000000.0,84158000000.0,116396000000.0,,9207000000.0,10967000000.0,,3486000000.0,84158000000.0,43205000000.0,50000000.0,,16964000000.0,26241000000.0,-50000000.0,26191000000.0,127363000000.0,4665700000.0,4665700000.0,4665700000.0
Exxon Mobil Corp,XOM,J3WHBG0MTS7O8ZVMDC91,34088,2012.0,Q2YTD,2012-01-01,2012-06-30,,5.41,5.41,1.04,7741000000.0,5.41,894000000.0,16253000000.0,,27453000000.0,27453000000.0,25360000000.0,2093000000.0,172326000000.0,239795000000.0,,19505000000.0,11621000000.0,,7087000000.0,172326000000.0,79090000000.0,157000000.0,,35227000000.0,43863000000.0,-157000000.0,43706000000.0,251416000000.0,4665700000.0,4665700000.0,4665700000.0
Exxon Mobil Corp,XOM,J3WHBG0MTS7O8ZVMDC91,34088,2012.0,Q2TTM,2011-07-01,2012-06-30,,9.51,9.51,1.98,15682000000.0,9.51,2049000000.0,31579000000.0,,47848000000.0,47848000000.0,45090000000.0,2758000000.0,346316000000.0,483921000000.0,,39789000000.0,14434000000.0,,14762000000.0,346316000000.0,152039000000.0,330000000.0,,72282000000.0,79757000000.0,-330000000.0,79427000000.0,498355000000.0,4665700000.0,4665700000.0,4665700000.0
Exxon Mobil Corp,XOM,J3WHBG0MTS7O8ZVMDC91,34088,2012.0,Q1,2012-01-01,2012-03-31,2012-05-03 14:56:03+00:00,2.0,2.0,0.47,3842000000.0,2.0,522000000.0,7716000000.0,,9799000000.0,9799000000.0,9450000000.0,349000000.0,88168000000.0,123399000000.0,,10298000000.0,654000000.0,,3601000000.0,88168000000.0,35885000000.0,107000000.0,,18263000000.0,17622000000.0,-107000000.0,17515000000.0,124053000000.0,4715000000.0,4715000000.0,4715000000.0
Exxon Mobil Corp,XOM,J3WHBG0MTS7O8ZVMDC91,34088,2012.0,Q1TTM,2011-04-01,2012-03-31,,8.29,8.29,1.88,15664000000.0,8.28,2269000000.0,30763000000.0,,41092000000.0,41092000000.0,39860000000.0,1232000000.0,350540000000.0,492639000000.0,,40868000000.0,3839000000.0,,14957000000.0,350540000000.0,145938000000.0,325000000.0,,73758000000.0,72180000000.0,-325000000.0,71855000000.0,496478000000.0,4715000000.0,4715000000.0,4715000000.0
Exxon Mobil Corp,XOM,J3WHBG0MTS7O8ZVMDC91,34088,2013.0,Q4,2013-10-01,2013-12-31,,1.91,1.91,0.63,4380000000.0,1.91,591000000.0,6073000000.0,,8643000000.0,8643000000.0,8350000000.0,293000000.0,79147000000.0,108732000000.0,,8584000000.0,1875000000.0,,3341000000.0,79147000000.0,31460000000.0,-152000000.0,,16896000000.0,14564000000.0,152000000.0,14716000000.0,110607000000.0,4419000000.0,4419000000.0,4419000000.0
Exxon Mobil Corp,XOM,J3WHBG0MTS7O8ZVMDC91,34088,2013.0,FY,2013-01-01,2013-12-31,2015-02-25 16:26:23+00:00,7.37,7.37,2.46,17182000000.0,7.37,1976000000.0,24263000000.0,,33448000000.0,33448000000.0,32580000000.0,868000000.0,315270000000.0,434763000000.0,,33230000000.0,3492000000.0,,12877000000.0,315270000000.0,122985000000.0,9000000.0,,65265000000.0,57720000000.0,-9000000.0,57711000000.0,438255000000.0,4419000000.0,4419000000.0,4419000000.0
Exxon Mobil Corp,XOM,J3WHBG0MTS7O8ZVMDC91,34088,2013.0,Q3,2013-07-01,2013-09-30,2013-11-05 12:08:04+00:00,1.79,1.79,0.63,4287000000.0,1.79,486000000.0,6120000000.0,,8069000000.0,8069000000.0,7870000000.0,199000000.0,81685000000.0,111834000000.0,,8523000000.0,538000000.0,,3150000000.0,81685000000.0,30687000000.0,52000000.0,,16446000000.0,14241000000.0,-52000000.0,14189000000.0,112372000000.0,4395000000.0,4395000000.0,4395000000.0
Exxon Mobil Corp,XOM,J3WHBG0MTS7O8ZVMDC91,34088,2013.0,Q3YTD,2013-01-01,2013-09-30,,5.46,5.46,1.83,12802000000.0,5.46,1385000000.0,18190000000.0,,24805000000.0,24805000000.0,24230000000.0,575000000.0,236123000000.0,326031000000.0,,24646000000.0,1617000000.0,,9536000000.0,236123000000.0,91525000000.0,161000000.0,,48369000000.0,43156000000.0,-161000000.0,42995000000.0,327648000000.0,4395000000.0,4395000000.0,4395000000.0
Exxon Mobil Corp,XOM,J3WHBG0MTS7O8ZVMDC91,34088,2013.0,Q3TTM,2012-10-01,2013-09-30,,7.66,7.66,2.4,16912000000.0,7.66,1837000000.0,25588000000.0,,35107000000.0,35107000000.0,34180000000.0,927000000.0,315817000000.0,437815000000.0,,32816000000.0,3392000000.0,,12858000000.0,315817000000.0,125390000000.0,272000000.0,,64423000000.0,60967000000.0,-272000000.0,60695000000.0,441207000000.0,4395000000.0,4395000000.0,4395000000.0
Exxon Mobil Corp,XOM,J3WHBG0MTS7O8ZVMDC91,34088,2013.0,Q2,2013-04-01,2013-06-30,2013-08-06 11:54:46+00:00,1.55,1.55,0.63,4405000000.0,1.55,454000000.0,5793000000.0,,6975000000.0,6975000000.0,6860000000.0,115000000.0,77311000000.0,105951000000.0,,8178000000.0,518000000.0,,3268000000.0,77311000000.0,29158000000.0,85000000.0,,16305000000.0,12853000000.0,-85000000.0,12768000000.0,106469000000.0,4433000000.0,4433000000.0,4433000000.0
Exxon Mobil Corp,XOM,J3WHBG0MTS7O8ZVMDC91,34088,2013.0,Q2YTD,2013-01-01,2013-06-30,,3.67,3.67,1.2,8515000000.0,3.67,899000000.0,12070000000.0,,16736000000.0,16736000000.0,16360000000.0,376000000.0,154438000000.0,214197000000.0,,16123000000.0,1079000000.0,,6386000000.0,154438000000.0,60838000000.0,109000000.0,,31923000000.0,28915000000.0,-109000000.0,28806000000.0,215276000000.0,4433000000.0,4433000000.0,4433000000.0
Exxon Mobil Corp,XOM,J3WHBG0MTS7O8ZVMDC91,34088,2013.0,Q2TTM,2012-07-01,2013-06-30,,7.96,7.96,2.34,16662000000.0,7.96,1845000000.0,26862000000.0,,36964000000.0,36964000000.0,35880000000.0,1084000000.0,316577000000.0,440921000000.0,,32176000000.0,3620000000.0,,13176000000.0,316577000000.0,127964000000.0,279000000.0,,63859000000.0,64105000000.0,-279000000.0,63826000000.0,444541000000.0,4433000000.0,4433000000.0,4433000000.0
Exxon Mobil Corp,XOM,J3WHBG0MTS7O8ZVMDC91,34088,2013.0,Q1,2013-01-01,2013-03-31,2013-05-02 11:50:47+00:00,2.12,2.12,0.57,4110000000.0,2.12,445000000.0,6277000000.0,,9761000000.0,9761000000.0,9500000000.0,261000000.0,77127000000.0,108246000000.0,,7945000000.0,561000000.0,,3118000000.0,77127000000.0,31680000000.0,24000000.0,,15618000000.0,16062000000.0,-24000000.0,16038000000.0,108807000000.0,4485000000.0,4485000000.0,4485000000.0
Exxon Mobil Corp,XOM,J3WHBG0MTS7O8ZVMDC91,34088,2013.0,Q1TTM,2012-04-01,2013-03-31,,9.82,9.82,2.28,16156000000.0,9.82,1763000000.0,29606000000.0,,47643000000.0,47643000000.0,44930000000.0,2713000000.0,323424000000.0,451366000000.0,,33205000000.0,14069000000.0,,13394000000.0,323424000000.0,142011000000.0,244000000.0,,64518000000.0,77493000000.0,-244000000.0,77249000000.0,465435000000.0,4485000000.0,4485000000.0,4485000000.0
Exxon Mobil Corp,XOM,J3WHBG0MTS7O8ZVMDC91,34088,2014.0,FY,2014-01-01,2014-12-31,2017-02-22 16:47:56+00:00,7.6,7.6,,17297000000.0,7.6,1669000000.0,18015000000.0,,33615000000.0,33615000000.0,32520000000.0,1095000000.0,296173000000.0,407428000000.0,,32286000000.0,4511000000.0,,12598000000.0,296173000000.0,115766000000.0,286000000.0,,63850000000.0,51916000000.0,-286000000.0,51630000000.0,411939000000.0,4278900000.0,4278900000.0,4278900000.0
Exxon Mobil Corp,XOM,J3WHBG0MTS7O8ZVMDC91,34088,2014.0,Q4,2014-10-01,2014-12-31,,1.56,1.56,-2.01,4458000000.0,1.56,537000000.0,2060000000.0,,6782000000.0,6782000000.0,6570000000.0,212000000.0,62258000000.0,85399000000.0,,7537000000.0,1429000000.0,,3128000000.0,62258000000.0,24570000000.0,68000000.0,,15660000000.0,8910000000.0,-68000000.0,8842000000.0,86828000000.0,4278900000.0,4278900000.0,4278900000.0
Exxon Mobil Corp,XOM,J3WHBG0MTS7O8ZVMDC91,34088,2014.0,Q3,2014-07-01,2014-09-30,2015-11-04 11:56:53+00:00,1.89,1.89,0.69,4362000000.0,1.89,319000000.0,5064000000.0,,8346000000.0,8346000000.0,8070000000.0,276000000.0,77538000000.0,107130000000.0,,8244000000.0,,,3169000000.0,77538000000.0,29592000000.0,88000000.0,,16094000000.0,13498000000.0,-88000000.0,13410000000.0,107130000000.0,4269800000.0,4269800000.0,4269800000.0
Exxon Mobil Corp,XOM,J3WHBG0MTS7O8ZVMDC91,34088,2014.0,Q3YTD,2014-01-01,2014-09-30,,6.04,6.04,2.01,12839000000.0,6.04,1132000000.0,15955000000.0,,26833000000.0,26833000000.0,25950000000.0,883000000.0,233915000000.0,322029000000.0,,24749000000.0,3082000000.0,,9470000000.0,233915000000.0,91196000000.0,218000000.0,,48190000000.0,43006000000.0,-218000000.0,42788000000.0,325111000000.0,4269800000.0,4269800000.0,4269800000.0
Exxon Mobil Corp,XOM,J3WHBG0MTS7O8ZVMDC91,34088,2014.0,Q3TTM,2013-10-01,2014-09-30,,7.95,7.95,2.64,17219000000.0,7.95,1723000000.0,22028000000.0,,35476000000.0,35476000000.0,34300000000.0,1176000000.0,313062000000.0,430761000000.0,,33333000000.0,4957000000.0,,12811000000.0,313062000000.0,122656000000.0,66000000.0,,65086000000.0,57570000000.0,-66000000.0,57504000000.0,435718000000.0,4269800000.0,4269800000.0,4269800000.0
Exxon Mobil Corp,XOM,J3WHBG0MTS7O8ZVMDC91,34088,2014.0,Q2YTD,2014-01-01,2014-06-30,,4.15,4.15,1.32,8477000000.0,4.15,813000000.0,10891000000.0,,18487000000.0,18487000000.0,17880000000.0,607000000.0,156377000000.0,214899000000.0,,16505000000.0,3082000000.0,,6301000000.0,156377000000.0,61604000000.0,130000000.0,,32096000000.0,29508000000.0,-130000000.0,29378000000.0,217981000000.0,4282900000.0,4282900000.0,4282900000.0
Exxon Mobil Corp,XOM,J3WHBG0MTS7O8ZVMDC91,34088,2014.0,Q2TTM,2013-07-01,2014-06-30,,7.85,7.85,2.58,17144000000.0,7.85,1890000000.0,23084000000.0,,35199000000.0,35199000000.0,34100000000.0,1099000000.0,317209000000.0,435465000000.0,,33612000000.0,5495000000.0,,12792000000.0,317209000000.0,123751000000.0,30000000.0,,65438000000.0,58313000000.0,-30000000.0,58283000000.0,440960000000.0,4282900000.0,4282900000.0,4282900000.0
Exxon Mobil Corp,XOM,J3WHBG0MTS7O8ZVMDC91,34088,2014.0,Q2,2014-04-01,2014-06-30,2015-08-05 11:45:57+00:00,2.05,2.05,0.69,4285000000.0,2.05,496000000.0,5034000000.0,,9117000000.0,9117000000.0,8780000000.0,337000000.0,80559000000.0,109031000000.0,,8484000000.0,2177000000.0,,3169000000.0,80559000000.0,30649000000.0,64000000.0,,16434000000.0,14215000000.0,-64000000.0,14151000000.0,111208000000.0,4282900000.0,4282900000.0,4282900000.0
Exxon Mobil Corp,XOM,J3WHBG0MTS7O8ZVMDC91,34088,2014.0,Q1,2014-01-01,2014-03-31,2014-05-07 12:02:50+00:00,2.1,2.1,0.63,4192000000.0,2.1,317000000.0,5857000000.0,,9370000000.0,9370000000.0,9100000000.0,270000000.0,75818000000.0,105868000000.0,,8021000000.0,905000000.0,,3132000000.0,75818000000.0,30955000000.0,66000000.0,,15662000000.0,15293000000.0,-66000000.0,15227000000.0,106773000000.0,4328000000.0,4328000000.0,4328000000.0
Exxon Mobil Corp,XOM,J3WHBG0MTS7O8ZVMDC91,34088,2014.0,Q1TTM,2013-04-01,2014-03-31,,7.35,7.35,2.52,17264000000.0,7.35,1848000000.0,23843000000.0,,33057000000.0,33057000000.0,32180000000.0,877000000.0,313961000000.0,432385000000.0,,33306000000.0,3836000000.0,,12891000000.0,313961000000.0,122260000000.0,51000000.0,,65309000000.0,56951000000.0,-51000000.0,56900000000.0,436221000000.0,4328000000.0,4328000000.0,4328000000.0
Exxon Mobil Corp,XOM,J3WHBG0MTS7O8ZVMDC91,34088,2015.0,FY,2015-01-01,2015-12-31,2018-02-28 16:39:51+00:00,3.85,3.85,,18048000000.0,3.85,1523000000.0,5415000000.0,,16551000000.0,16551000000.0,16150000000.0,401000000.0,165590000000.0,247498000000.0,,30309000000.0,1750000000.0,,11501000000.0,165590000000.0,83658000000.0,311000000.0,,61381000000.0,22277000000.0,-311000000.0,21966000000.0,249248000000.0,4194800000.0,4194800000.0,4194800000.0
Exxon Mobil Corp,XOM,J3WHBG0MTS7O8ZVMDC91,34088,2015.0,Q4,2015-10-01,2015-12-31,,0.67,0.67,-2.15,4755000000.0,0.67,518000000.0,-202000000.0,,2830000000.0,2830000000.0,2780000000.0,50000000.0,19417000000.0,38423000000.0,,9805000000.0,1750000000.0,,2990000000.0,19417000000.0,20756000000.0,60000000.0,,18068000000.0,2688000000.0,-60000000.0,2628000000.0,40173000000.0,4194800000.0,4194800000.0,4194800000.0
Exxon Mobil Corp,XOM,J3WHBG0MTS7O8ZVMDC91,34088,2015.0,Q3,2015-07-01,2015-09-30,2016-11-03 11:10:42+00:00,1.01,1.01,0.73,4542000000.0,1.01,324000000.0,1365000000.0,,4384000000.0,4384000000.0,4240000000.0,144000000.0,46703000000.0,67344000000.0,,6981000000.0,,,2967000000.0,46703000000.0,20641000000.0,78000000.0,,14814000000.0,5827000000.0,-78000000.0,5749000000.0,67344000000.0,4198000000.0,4198000000.0,4198000000.0
Exxon Mobil Corp,XOM,J3WHBG0MTS7O8ZVMDC91,34088,2015.0,Q3YTD,2015-01-01,2015-09-30,,3.18,3.18,2.15,13293000000.0,3.18,1005000000.0,5617000000.0,,13721000000.0,13721000000.0,13370000000.0,351000000.0,146173000000.0,209075000000.0,,20504000000.0,,,8511000000.0,146173000000.0,62902000000.0,251000000.0,,43313000000.0,19589000000.0,-251000000.0,19338000000.0,209075000000.0,4198000000.0,4198000000.0,4198000000.0
Exxon Mobil Corp,XOM,J3WHBG0MTS7O8ZVMDC91,34088,2015.0,Q3TTM,2014-10-01,2015-09-30,,4.74,4.74,0.14,17751000000.0,4.74,1542000000.0,7677000000.0,,20503000000.0,20503000000.0,19940000000.0,563000000.0,208431000000.0,294474000000.0,,28041000000.0,1429000000.0,,11639000000.0,208431000000.0,87472000000.0,319000000.0,,58973000000.0,28499000000.0,-319000000.0,28180000000.0,295903000000.0,4198000000.0,4198000000.0,4198000000.0
Exxon Mobil Corp,XOM,J3WHBG0MTS7O8ZVMDC91,34088,2015.0,Q2,2015-04-01,2015-06-30,2016-08-03 12:10:47+00:00,1.0,1.0,0.73,4451000000.0,1.0,370000000.0,2692000000.0,,4262000000.0,4262000000.0,4190000000.0,72000000.0,52512000000.0,74113000000.0,,6910000000.0,,,2831000000.0,52512000000.0,21601000000.0,85000000.0,,14562000000.0,7039000000.0,-85000000.0,6954000000.0,74113000000.0,4190000000.0,4190000000.0,4190000000.0
Exxon Mobil Corp,XOM,J3WHBG0MTS7O8ZVMDC91,34088,2015.0,Q2YTD,2015-01-01,2015-06-30,,2.17,2.17,1.42,8751000000.0,2.17,681000000.0,4252000000.0,,9337000000.0,9337000000.0,9130000000.0,207000000.0,99470000000.0,141731000000.0,,13523000000.0,,,5544000000.0,99470000000.0,42261000000.0,173000000.0,,28499000000.0,13762000000.0,-173000000.0,13589000000.0,141731000000.0,4190000000.0,4190000000.0,4190000000.0
Exxon Mobil Corp,XOM,J3WHBG0MTS7O8ZVMDC91,34088,2015.0,Q2TTM,2014-07-01,2015-06-30,,5.62,5.62,0.1,17571000000.0,5.62,1537000000.0,11376000000.0,,24465000000.0,24465000000.0,23770000000.0,695000000.0,239266000000.0,334260000000.0,,29304000000.0,1429000000.0,,11841000000.0,239266000000.0,96423000000.0,329000000.0,,60253000000.0,36170000000.0,-329000000.0,35841000000.0,335689000000.0,4190000000.0,4190000000.0,4190000000.0
Exxon Mobil Corp,XOM,J3WHBG0MTS7O8ZVMDC91,34088,2015.0,Q1,2015-01-01,2015-03-31,2016-05-04 12:16:40+00:00,1.17,1.17,0.69,4300000000.0,1.17,311000000.0,1560000000.0,,5075000000.0,5075000000.0,4940000000.0,135000000.0,46958000000.0,67618000000.0,,6613000000.0,,,2713000000.0,46958000000.0,20660000000.0,88000000.0,,13937000000.0,6723000000.0,-88000000.0,6635000000.0,67618000000.0,4222200000.0,4222200000.0,4222200000.0
Exxon Mobil Corp,XOM,J3WHBG0MTS7O8ZVMDC91,34088,2015.0,Q1TTM,2014-04-01,2015-03-31,,6.67,6.67,0.06,17405000000.0,6.67,1663000000.0,13718000000.0,,29320000000.0,29320000000.0,28360000000.0,960000000.0,267313000000.0,369178000000.0,,30878000000.0,3606000000.0,,12179000000.0,267313000000.0,105471000000.0,308000000.0,,62125000000.0,43346000000.0,-308000000.0,43038000000.0,372784000000.0,4222200000.0,4222200000.0,4222200000.0
Exxon Mobil Corp,XOM,J3WHBG0MTS7O8ZVMDC91,34088,2016.0,FY,2016-01-01,2016-12-31,2019-02-27 16:19:37+00:00,1.88,1.88,2.98,22308000000.0,1.88,1467000000.0,-406000000.0,,8375000000.0,8375000000.0,7840000000.0,535000000.0,134619000000.0,205434000000.0,,30855000000.0,2680000000.0,,10443000000.0,134619000000.0,73495000000.0,453000000.0,,65073000000.0,8422000000.0,-453000000.0,7969000000.0,208114000000.0,4170200000.0,4170200000.0,4170200000.0
Exxon Mobil Corp,XOM,J3WHBG0MTS7O8ZVMDC91,34088,2016.0,Q4,2016-10-01,2016-12-31,,0.41,0.41,-2.23,8117000000.0,0.41,340000000.0,-1407000000.0,,2024000000.0,2024000000.0,1680000000.0,344000000.0,19714000000.0,40356000000.0,,11585000000.0,2680000000.0,,2468000000.0,19714000000.0,23322000000.0,195000000.0,,22510000000.0,812000000.0,-195000000.0,617000000.0,43036000000.0,4170200000.0,4170200000.0,4170200000.0
Exxon Mobil Corp,XOM,J3WHBG0MTS7O8ZVMDC91,34088,2016.0,Q3,2016-07-01,2016-09-30,2017-11-01 15:51:48+00:00,0.63,0.63,0.75,4605000000.0,0.63,327000000.0,337000000.0,,2889000000.0,2889000000.0,2650000000.0,239000000.0,41181000000.0,58677000000.0,,6496000000.0,,,2736000000.0,41181000000.0,17496000000.0,106000000.0,,14164000000.0,3332000000.0,-106000000.0,3226000000.0,58677000000.0,4206300000.0,4206300000.0,4206300000.0
Exxon Mobil Corp,XOM,J3WHBG0MTS7O8ZVMDC91,34088,2016.0,Q3YTD,2016-01-01,2016-09-30,,1.47,1.47,2.23,14191000000.0,1.47,1127000000.0,1001000000.0,,6351000000.0,6351000000.0,6160000000.0,191000000.0,114905000000.0,165078000000.0,,19270000000.0,,,7975000000.0,114905000000.0,50173000000.0,258000000.0,,42563000000.0,7610000000.0,-258000000.0,7352000000.0,165078000000.0,4206300000.0,4206300000.0,4206300000.0
Exxon Mobil Corp,XOM,J3WHBG0MTS7O8ZVMDC91,34088,2016.0,Q3TTM,2015-10-01,2016-09-30,,2.14,2.14,0.08,18946000000.0,2.14,1645000000.0,799000000.0,,9181000000.0,9181000000.0,8940000000.0,241000000.0,134322000000.0,203501000000.0,,29075000000.0,1750000000.0,,10965000000.0,134322000000.0,70929000000.0,318000000.0,,60631000000.0,10298000000.0,-318000000.0,9980000000.0,205251000000.0,4206300000.0,4206300000.0,4206300000.0
Exxon Mobil Corp,XOM,J3WHBG0MTS7O8ZVMDC91,34088,2016.0,Q2,2016-04-01,2016-06-30,2017-08-02 12:19:33+00:00,0.41,0.41,0.75,4821000000.0,0.41,445000000.0,715000000.0,,1681000000.0,1681000000.0,1700000000.0,-19000000.0,40641000000.0,57694000000.0,,6670000000.0,,,2646000000.0,40641000000.0,17053000000.0,75000000.0,,14582000000.0,2471000000.0,-75000000.0,2396000000.0,57694000000.0,4146300000.0,4146300000.0,4146300000.0
Exxon Mobil Corp,XOM,J3WHBG0MTS7O8ZVMDC91,34088,2016.0,Q2YTD,2016-01-01,2016-06-30,,0.84,0.84,1.48,9586000000.0,0.84,800000000.0,664000000.0,,3462000000.0,3462000000.0,3510000000.0,-48000000.0,73724000000.0,106401000000.0,,12774000000.0,,,5239000000.0,73724000000.0,32677000000.0,152000000.0,,28399000000.0,4278000000.0,-152000000.0,4126000000.0,106401000000.0,4146300000.0,4146300000.0,4146300000.0
Exxon Mobil Corp,XOM,J3WHBG0MTS7O8ZVMDC91,34088,2016.0,Q2TTM,2015-07-01,2016-06-30,,2.52,2.52,0.06,18883000000.0,2.52,1642000000.0,1827000000.0,,10676000000.0,10676000000.0,10530000000.0,146000000.0,139844000000.0,212168000000.0,,29560000000.0,1750000000.0,,11196000000.0,139844000000.0,74074000000.0,290000000.0,,61281000000.0,12793000000.0,-290000000.0,12503000000.0,213918000000.0,4146300000.0,4146300000.0,4146300000.0
Exxon Mobil Corp,XOM,J3WHBG0MTS7O8ZVMDC91,34088,2016.0,Q1,2016-01-01,2016-03-31,2017-05-03 14:32:17+00:00,0.43,0.43,0.73,4765000000.0,0.43,355000000.0,-51000000.0,,1781000000.0,1781000000.0,1810000000.0,-29000000.0,33083000000.0,48707000000.0,,6104000000.0,,,2593000000.0,33083000000.0,15624000000.0,77000000.0,,13817000000.0,1807000000.0,-77000000.0,1730000000.0,48707000000.0,4209300000.0,4209300000.0,4209300000.0
Exxon Mobil Corp,XOM,J3WHBG0MTS7O8ZVMDC91,34088,2016.0,Q1TTM,2015-04-01,2016-03-31,,3.11,3.11,0.04,18513000000.0,3.11,1567000000.0,3804000000.0,,13257000000.0,13257000000.0,13020000000.0,237000000.0,151715000000.0,228587000000.0,,29800000000.0,1750000000.0,,11381000000.0,151715000000.0,78622000000.0,300000000.0,,61261000000.0,17361000000.0,-300000000.0,17061000000.0,230337000000.0,4209300000.0,4209300000.0,4209300000.0
Exxon Mobil Corp,XOM,J3WHBG0MTS7O8ZVMDC91,34088,2017.0,FY,2017-01-01,2017-12-31,2020-02-26 16:15:19+00:00,4.63,4.63,3.06,19893000000.0,4.63,1790000000.0,-1174000000.0,,19848000000.0,19848000000.0,19710000000.0,138000000.0,160907000000.0,242542000000.0,1821000000.0,30104000000.0,,1745000000.0,10649000000.0,160907000000.0,81635000000.0,601000000.0,,64181000000.0,17454000000.0,1220000000.0,18674000000.0,242542000000.0,4257000000.0,4257000000.0,4257000000.0
Exxon Mobil Corp,XOM,J3WHBG0MTS7O8ZVMDC91,34088,2017.0,Q4,2017-10-01,2017-12-31,,1.97,1.97,-1.52,5842000000.0,1.97,703000000.0,-5392000000.0,,8409000000.0,8409000000.0,8380000000.0,29000000.0,45344000000.0,65985000000.0,1821000000.0,6722000000.0,-1291000000.0,1745000000.0,2956000000.0,45344000000.0,19350000000.0,186000000.0,,17968000000.0,1382000000.0,1635000000.0,3017000000.0,64694000000.0,4257000000.0,4257000000.0,4257000000.0
Exxon Mobil Corp,XOM,J3WHBG0MTS7O8ZVMDC91,34088,2017.0,Q3,2017-07-01,2017-09-30,2018-11-07 12:29:54+00:00,0.93,0.93,,4880000000.0,0.93,284000000.0,1498000000.0,,4085000000.0,4085000000.0,3970000000.0,115000000.0,39384000000.0,60822000000.0,,8226000000.0,278000000.0,,2632000000.0,39384000000.0,21716000000.0,111000000.0,,16022000000.0,5694000000.0,-111000000.0,5583000000.0,61100000000.0,4268800000.0,4268800000.0,4268800000.0
Exxon Mobil Corp,XOM,J3WHBG0MTS7O8ZVMDC91,34088,2017.0,Q3YTD,2017-01-01,2017-09-30,,2.66,2.66,1.52,14051000000.0,2.66,1087000000.0,4218000000.0,,11439000000.0,11439000000.0,11330000000.0,109000000.0,115563000000.0,176557000000.0,,23382000000.0,1291000000.0,,7693000000.0,115563000000.0,62285000000.0,415000000.0,,46213000000.0,16072000000.0,-415000000.0,15657000000.0,177848000000.0,4268800000.0,4268800000.0,4268800000.0
Exxon Mobil Corp,XOM,J3WHBG0MTS7O8ZVMDC91,34088,2017.0,Q3TTM,2016-10-01,2017-09-30,,3.07,3.07,-0.71,22168000000.0,3.07,1427000000.0,2811000000.0,,13463000000.0,13463000000.0,13010000000.0,453000000.0,135277000000.0,216913000000.0,,34967000000.0,3971000000.0,,10161000000.0,135277000000.0,85607000000.0,610000000.0,,68723000000.0,16884000000.0,-610000000.0,16274000000.0,220884000000.0,4268800000.0,4268800000.0,4268800000.0
Exxon Mobil Corp,XOM,J3WHBG0MTS7O8ZVMDC91,34088,2017.0,Q2,2017-04-01,2017-06-30,2018-08-02 12:13:22+00:00,0.78,0.78,0.77,4652000000.0,0.78,514000000.0,892000000.0,,3264000000.0,3264000000.0,3350000000.0,-86000000.0,38254000000.0,57551000000.0,,7787000000.0,526000000.0,,2556000000.0,38254000000.0,19823000000.0,158000000.0,,15509000000.0,4314000000.0,-158000000.0,4156000000.0,58077000000.0,4294900000.0,4294900000.0,4294900000.0
Exxon Mobil Corp,XOM,J3WHBG0MTS7O8ZVMDC91,34088,2017.0,Q2YTD,2017-01-01,2017-06-30,,1.73,1.73,1.52,9171000000.0,1.73,803000000.0,2720000000.0,,7354000000.0,7354000000.0,7360000000.0,-6000000.0,76179000000.0,115735000000.0,,15156000000.0,1013000000.0,,5061000000.0,76179000000.0,40569000000.0,304000000.0,,30191000000.0,10378000000.0,-304000000.0,10074000000.0,116748000000.0,4294900000.0,4294900000.0,4294900000.0
Exxon Mobil Corp,XOM,J3WHBG0MTS7O8ZVMDC91,34088,2017.0,Q2TTM,2016-07-01,2017-06-30,,2.77,2.77,0.04,21893000000.0,2.77,1470000000.0,1650000000.0,,12267000000.0,12267000000.0,11690000000.0,577000000.0,137074000000.0,214768000000.0,,33237000000.0,3693000000.0,,10265000000.0,137074000000.0,81387000000.0,605000000.0,,66865000000.0,14522000000.0,-605000000.0,13917000000.0,218461000000.0,4294900000.0,4294900000.0,4294900000.0
Exxon Mobil Corp,XOM,J3WHBG0MTS7O8ZVMDC91,34088,2017.0,Q1,2017-01-01,2017-03-31,2018-05-03 12:16:43+00:00,0.95,0.95,0.75,4519000000.0,0.95,289000000.0,1828000000.0,,4090000000.0,4090000000.0,4010000000.0,80000000.0,37925000000.0,58184000000.0,,7369000000.0,487000000.0,,2505000000.0,37925000000.0,20746000000.0,146000000.0,,14682000000.0,6064000000.0,-146000000.0,5918000000.0,58671000000.0,4221100000.0,4221100000.0,4221100000.0
Exxon Mobil Corp,XOM,J3WHBG0MTS7O8ZVMDC91,34088,2017.0,Q1TTM,2016-04-01,2017-03-31,,2.4,2.4,0.02,22062000000.0,2.4,1401000000.0,1473000000.0,,10684000000.0,10684000000.0,10040000000.0,644000000.0,139461000000.0,214911000000.0,,32120000000.0,3167000000.0,,10355000000.0,139461000000.0,78617000000.0,522000000.0,,65938000000.0,12679000000.0,-522000000.0,12157000000.0,218078000000.0,4221100000.0,4221100000.0,4221100000.0
Exxon Mobil Corp,XOM,J3WHBG0MTS7O8ZVMDC91,34088,2018.0,FY,2018-01-01,2018-12-31,2020-02-26 16:15:19+00:00,4.88,4.88,3.23,18745000000.0,4.88,1466000000.0,9532000000.0,,21421000000.0,21421000000.0,20840000000.0,581000000.0,192854000000.0,286687000000.0,3525000000.0,32663000000.0,,1285000000.0,11480000000.0,192854000000.0,93833000000.0,766000000.0,,65639000000.0,28194000000.0,2759000000.0,30953000000.0,286687000000.0,4270500000.0,4270500000.0,4270500000.0
Exxon Mobil Corp,XOM,J3WHBG0MTS7O8ZVMDC91,34088,2018.0,Q4,2018-10-01,2018-12-31,,1.41,1.41,,5028000000.0,1.41,555000000.0,1915000000.0,,6206000000.0,6206000000.0,6000000000.0,206000000.0,46957000000.0,69693000000.0,3067000000.0,7193000000.0,-865000000.0,978000000.0,2848000000.0,46957000000.0,21871000000.0,215000000.0,,16602000000.0,5269000000.0,2852000000.0,8121000000.0,68828000000.0,4270500000.0,4270500000.0,4270500000.0
Exxon Mobil Corp,XOM,J3WHBG0MTS7O8ZVMDC91,34088,2018.0,Q3,2018-07-01,2018-09-30,2019-11-06 13:34:22+00:00,1.46,1.46,,4658000000.0,1.46,292000000.0,2634000000.0,,6446000000.0,6446000000.0,6240000000.0,206000000.0,50873000000.0,76147000000.0,458000000.0,8303000000.0,,307000000.0,2892000000.0,50873000000.0,25274000000.0,200000000.0,,16452000000.0,8822000000.0,258000000.0,9080000000.0,76147000000.0,4274000000.0,4274000000.0,4274000000.0
Exxon Mobil Corp,XOM,J3WHBG0MTS7O8ZVMDC91,34088,2018.0,Q3YTD,2018-01-01,2018-09-30,,3.47,3.47,,13717000000.0,3.47,911000000.0,7617000000.0,,15215000000.0,15215000000.0,14840000000.0,375000000.0,145897000000.0,216994000000.0,458000000.0,25470000000.0,865000000.0,307000000.0,8632000000.0,145897000000.0,71962000000.0,551000000.0,,49037000000.0,22925000000.0,-93000000.0,22832000000.0,217859000000.0,4274000000.0,4274000000.0,4274000000.0
Exxon Mobil Corp,XOM,J3WHBG0MTS7O8ZVMDC91,34088,2018.0,Q3TTM,2017-10-01,2018-09-30,,5.44,5.44,-1.52,19559000000.0,5.44,1614000000.0,2225000000.0,,23624000000.0,23624000000.0,23220000000.0,404000000.0,191241000000.0,282979000000.0,2279000000.0,32192000000.0,-426000000.0,2052000000.0,11588000000.0,191241000000.0,91312000000.0,737000000.0,,67005000000.0,24307000000.0,1542000000.0,25849000000.0,282553000000.0,4274000000.0,4274000000.0,4274000000.0
Exxon Mobil Corp,XOM,J3WHBG0MTS7O8ZVMDC91,34088,2018.0,Q2,2018-04-01,2018-06-30,2019-08-07 12:55:10+00:00,0.92,0.92,,4589000000.0,0.92,332000000.0,2526000000.0,,3986000000.0,3986000000.0,3950000000.0,36000000.0,50245000000.0,73501000000.0,,8683000000.0,,,2993000000.0,50245000000.0,23256000000.0,147000000.0,,16597000000.0,6659000000.0,-147000000.0,6512000000.0,73501000000.0,4293500000.0,4293500000.0,4293500000.0
Exxon Mobil Corp,XOM,J3WHBG0MTS7O8ZVMDC91,34088,2018.0,Q2YTD,2018-01-01,2018-06-30,,2.01,2.01,,9059000000.0,2.01,619000000.0,4983000000.0,,8769000000.0,8769000000.0,8600000000.0,169000000.0,95024000000.0,140847000000.0,,17167000000.0,865000000.0,,5740000000.0,95024000000.0,46688000000.0,351000000.0,,32585000000.0,14103000000.0,-351000000.0,13752000000.0,141712000000.0,4293500000.0,4293500000.0,4293500000.0
Exxon Mobil Corp,XOM,J3WHBG0MTS7O8ZVMDC91,34088,2018.0,Q2TTM,2017-07-01,2018-06-30,,4.91,4.91,-1.52,19781000000.0,4.91,1606000000.0,1089000000.0,,21263000000.0,21263000000.0,20950000000.0,313000000.0,179752000000.0,267654000000.0,1821000000.0,32115000000.0,-148000000.0,1745000000.0,11328000000.0,179752000000.0,87754000000.0,648000000.0,,66575000000.0,21179000000.0,1173000000.0,22352000000.0,267506000000.0,4293500000.0,4293500000.0,4293500000.0
Exxon Mobil Corp,XOM,J3WHBG0MTS7O8ZVMDC91,34088,2018.0,Q1,2018-01-01,2018-03-31,2019-05-02 13:44:33+00:00,1.09,1.09,0.77,4470000000.0,1.09,287000000.0,2457000000.0,,4783000000.0,4783000000.0,4650000000.0,133000000.0,44779000000.0,67346000000.0,,8484000000.0,865000000.0,,2747000000.0,44779000000.0,23432000000.0,204000000.0,,15988000000.0,7444000000.0,-204000000.0,7240000000.0,68211000000.0,4266100000.0,4266100000.0,4266100000.0
Exxon Mobil Corp,XOM,J3WHBG0MTS7O8ZVMDC91,34088,2018.0,Q1TTM,2017-04-01,2018-03-31,,4.77,4.77,-0.75,19844000000.0,4.77,1788000000.0,-545000000.0,,20541000000.0,20541000000.0,20350000000.0,191000000.0,167761000000.0,251704000000.0,1821000000.0,31219000000.0,378000000.0,1745000000.0,10891000000.0,167761000000.0,84321000000.0,659000000.0,,65487000000.0,18834000000.0,1162000000.0,19996000000.0,252082000000.0,4266100000.0,4266100000.0,4266100000.0
Exxon Mobil Corp,XOM,J3WHBG0MTS7O8ZVMDC91,34088,2019.0,Q4,2019-10-01,2019-12-31,,1.33,1.33,,4923000000.0,1.33,357000000.0,684000000.0,,5730000000.0,5730000000.0,5690000000.0,40000000.0,44254000000.0,63960000000.0,3213000000.0,7456000000.0,,520000000.0,3048000000.0,44254000000.0,19706000000.0,201000000.0,,16304000000.0,3402000000.0,3012000000.0,6414000000.0,63960000000.0,4267900000.0,4267900000.0,4267900000.0
Exxon Mobil Corp,XOM,J3WHBG0MTS7O8ZVMDC91,34088,2019.0,FY,2019-01-01,2019-12-31,2020-02-26 16:15:19+00:00,3.36,3.36,3.43,18998000000.0,3.36,1269000000.0,5282000000.0,,14774000000.0,14774000000.0,14340000000.0,434000000.0,180627000000.0,261024000000.0,3914000000.0,30525000000.0,,1235000000.0,11398000000.0,180627000000.0,80397000000.0,830000000.0,,63425000000.0,16972000000.0,3084000000.0,20056000000.0,261024000000.0,4267900000.0,4267900000.0,4267900000.0
Exxon Mobil Corp,XOM,J3WHBG0MTS7O8ZVMDC91,34088,2019.0,Q3YTD,2019-01-01,2019-09-30,,2.03,2.03,,14075000000.0,2.03,912000000.0,4598000000.0,,9044000000.0,9044000000.0,8650000000.0,394000000.0,136373000000.0,197064000000.0,701000000.0,23069000000.0,,715000000.0,8350000000.0,136373000000.0,60691000000.0,629000000.0,,47121000000.0,13570000000.0,72000000.0,13642000000.0,197064000000.0,4226700000.0,4226700000.0,4226700000.0
Exxon Mobil Corp,XOM,J3WHBG0MTS7O8ZVMDC91,34088,2019.0,Q3TTM,2018-10-01,2019-09-30,,3.44,3.44,,19103000000.0,3.44,1467000000.0,6513000000.0,,15250000000.0,15250000000.0,14650000000.0,600000000.0,183330000000.0,266757000000.0,3768000000.0,30262000000.0,-865000000.0,1693000000.0,11198000000.0,183330000000.0,82562000000.0,844000000.0,,63723000000.0,18839000000.0,2924000000.0,21763000000.0,265892000000.0,4226700000.0,4226700000.0,4226700000.0
Exxon Mobil Corp,XOM,J3WHBG0MTS7O8ZVMDC91,34088,2019.0,Q3,2019-07-01,2019-09-30,2019-11-06 13:34:22+00:00,0.75,0.75,,4873000000.0,0.75,299000000.0,1474000000.0,,3247000000.0,3247000000.0,3170000000.0,77000000.0,44138000000.0,64618000000.0,431000000.0,7676000000.0,,357000000.0,2753000000.0,44138000000.0,20480000000.0,232000000.0,,15958000000.0,4522000000.0,199000000.0,4721000000.0,64618000000.0,4226700000.0,4226700000.0,4226700000.0
Exxon Mobil Corp,XOM,J3WHBG0MTS7O8ZVMDC91,34088,2019.0,Q2YTD,2019-01-01,2019-06-30,,1.28,1.28,,9202000000.0,1.28,613000000.0,3124000000.0,,5797000000.0,5797000000.0,5480000000.0,317000000.0,92235000000.0,132446000000.0,270000000.0,15393000000.0,,358000000.0,5597000000.0,92235000000.0,40211000000.0,397000000.0,,31163000000.0,9048000000.0,-127000000.0,8921000000.0,132446000000.0,4287700000.0,4287700000.0,4287700000.0
Exxon Mobil Corp,XOM,J3WHBG0MTS7O8ZVMDC91,34088,2019.0,Q2TTM,2018-07-01,2019-06-30,,4.15,4.15,,18888000000.0,4.15,1460000000.0,7673000000.0,,18449000000.0,18449000000.0,17720000000.0,729000000.0,190065000000.0,278286000000.0,3795000000.0,30889000000.0,-865000000.0,1643000000.0,11337000000.0,190065000000.0,87356000000.0,812000000.0,,64217000000.0,23139000000.0,2983000000.0,26122000000.0,277421000000.0,4287700000.0,4287700000.0,4287700000.0
Exxon Mobil Corp,XOM,J3WHBG0MTS7O8ZVMDC91,34088,2019.0,Q2,2019-04-01,2019-06-30,2019-08-07 12:55:10+00:00,0.73,0.73,,4631000000.0,0.73,333000000.0,1241000000.0,,3391000000.0,3391000000.0,3130000000.0,261000000.0,48464000000.0,69091000000.0,,7988000000.0,,,2827000000.0,48464000000.0,20627000000.0,216000000.0,,15779000000.0,4848000000.0,-216000000.0,4632000000.0,69091000000.0,4287700000.0,4287700000.0,4287700000.0
Exxon Mobil Corp,XOM,J3WHBG0MTS7O8ZVMDC91,34088,2019.0,Q1,2019-01-01,2019-03-31,2020-05-06 14:06:03+00:00,0.55,0.55,0.82,4571000000.0,0.55,280000000.0,1883000000.0,,2406000000.0,2406000000.0,2350000000.0,56000000.0,43771000000.0,63355000000.0,270000000.0,7405000000.0,,358000000.0,2770000000.0,43771000000.0,19584000000.0,181000000.0,,15384000000.0,4200000000.0,89000000.0,4289000000.0,63355000000.0,4272700000.0,4272700000.0,4272700000.0
Exxon Mobil Corp,XOM,J3WHBG0MTS7O8ZVMDC91,34088,2019.0,Q1TTM,2018-04-01,2019-03-31,,4.34,4.34,,18846000000.0,4.34,1459000000.0,8958000000.0,,19044000000.0,19044000000.0,18540000000.0,504000000.0,191846000000.0,282696000000.0,3795000000.0,31584000000.0,-865000000.0,1643000000.0,11503000000.0,191846000000.0,89985000000.0,743000000.0,,65035000000.0,24950000000.0,3052000000.0,28002000000.0,281831000000.0,4272700000.0,4272700000.0,4272700000.0
Exxon Mobil Corp,XOM,J3WHBG0MTS7O8ZVMDC91,34088,2020.0,Q1TTM,2019-04-01,2020-03-31,,2.67,2.67,,20246000000.0,2.67,1277000000.0,3911000000.0,,11598000000.0,11598000000.0,11380000000.0,218000000.0,177236000000.0,253578000000.0,3893000000.0,29952000000.0,,1146000000.0,11207000000.0,177236000000.0,76342000000.0,898000000.0,,63828000000.0,12514000000.0,2995000000.0,15509000000.0,253578000000.0,4357100000.0,4357100000.0,4357100000.0
Exxon Mobil Corp,XOM,J3WHBG0MTS7O8ZVMDC91,34088,2020.0,Q1,2020-01-01,2020-03-31,2020-05-06 14:06:03+00:00,-0.14,-0.14,0.87,5819000000.0,-0.14,288000000.0,512000000.0,,-770000000.0,-770000000.0,-610000000.0,-160000000.0,40380000000.0,55909000000.0,249000000.0,6832000000.0,,269000000.0,2579000000.0,40380000000.0,15529000000.0,249000000.0,,15787000000.0,-258000000.0,,-258000000.0,55909000000.0,4357100000.0,4357100000.0,4357100000.0
